4074 6176
398 328 415 335 ,,
444 312 1353 333 ...δ-,νκ-νμσ-...ι--ι-»ο-ρ
1384 309 1556 319 Δσ
1590 298 3385 318 *Μ’-’Νη

326 332 333 333 7
654 350 781 357 __._..__
1196 340 1509 351 »ασ--έ-ν--ρ-
1538 336 1777 346 ww
1800 336 1821 339 ﬁ
1846 334 1899 339 -πη
1964 334 2013 341 -ᾼ
2056 334 2099 339 δ’
2126 333 2261 339 *τ’-ντ-
2324 334 2330 337 >
2362 334 2389 335 κέ
2456 332 2491 335 νίν
2994 332 2999 333 γ
3172 330 3253 335 νγ
3324 330 3341 333 ‘
3384 330 3387 331 ν

341 369 354 376 -

1347 593 1892 748 PRJEF
1911 589 2426 744 ΑΤΙΟ.

344 1127 635 1197 Nunquam
659 1140 760 1196 ego
793 1139 882 1180 me
917 1121 985 1177 ad
1013 1119 1280 1178 edendam
1312 1115 1556 1191 aliquam
1586 1125 1798 1188 partem
1831 1111 2064 1184 operum
2095 1105 2433 1166 Theodoreti
2481 1105 3015 1167 accommodassent,
3059 1102 3259 1172 utqui
3299 1101 3534 1158 minime

275 1235 588 1304 ignorarem
619 1237 887 1302 quantum
913 1227 968 1281 in
1005 1225 1223 1281 caeteris
1257 1224 1518 1294 partibus
1554 1219 1824 1281 Schuizii,
1857 1220 1967 1274 viri
2005 1219 2342 1282 doctissimi,
2379 1218 2666 1289 diligentia
2692 1215 3064 1281 elaborasset,
3109 1227 3390 1284 quamque
3417 1225 3531 1266 non

275 1339 432 1393 modo
457 1339 714 1408 iniquum
742 1337 835 1399 sit,
860 1333 953 1390 sed
990 1332 1158 1388 etiam
1193 1331 1412 1387 dillicile
1449 1331 1504 1385 in
1536 1329 1748 1384 alienos
1771 1327 1998 1382 labores
2032 1323 2218 1378 studia
2247 1321 2561 1392 propellere
2591 1335 2729 1387 sua,
2757 1318 2866 1375 nisi
2887 1315 3308 1389 obsequendum
3335 1314 3535 1371 fuisset

273 1441 463 1498 studio
487 1443 728 1508 librarii,
753 1441 846 1497 cui
889 1441 1096 1510 saepius
1125 1440 1272 1495 idem
1299 1437 1567 1508 ﬂagitanti
1591 1451 1794 1505 negare
1818 1429 2188 1488 nihilominus
2222 1426 2428 1479 durum
2458 1424 2753 1479 videbatur
2795 1437 2962 1493 quam
2996 1421 3103 1492 ipsi
3137 1419 3401 1476 Scbulzio
3427 1417 3534 1474 ali-

219 1583 226 1588 .
277 1561 380 1616 qua
409 1548 598 1602 oneris
632 1555 790 1617 parte
838 1545 1010 1602 levari
1041 1544 1312 1616 cupienti.
1353 1542 1452 1596 Illo
1481 1542 1704 1613 quidem
1746 1548 2004 1610 tempore
2049 1534 2295 1587 rationes
2328 1531 2579 1586 libraria
2621 1531 2984 1600 postulabant
3012 1538 3100 1594 ut,
3140 1545 3252 1600 quo
3291 1526 3534 1597 celerius

275 1665 433 1705 omne
455 1650 563 1705 hoc
591 1665 737 1722 opus
767 1649 1164 1714 conﬁceretur,
1196 1648 1328 1702 bina
1359 1646 1647 1700 volumina
1679 1643 2132 1709 excuderentur;
2159 1655 2270 1712 qua
2295 1639 2352 1693 in
2385 1654 2446 1694 re
2464 1639 2571 1694 etsi
2608 1637 2808 1692 multis
2838 1637 3019 1706 iisque
3043 1635 3213 1705 justis
3249 1637 3316 1691 de
3345 1634 3533 1692 causis

275 1753 549 1808 tentabam
581 1754 686 1810 hoc
705 1753 982 1826 quidquid
1007 1761 1134 1808 erat
1174 1749 1364 1806 oneris
1405 1747 1621 1802 amoliri
1649 1748 1704 1801 in
1724 1747 2006 1816 aliumque
2037 1762 2123 1802 me
2150 1747 2265 1802 sive
2289 1747 2597 1802 doctiorem
2628 1745 2748 1801 sive
2779 1731 2968 1798 minus
2995 1743 3325 1814 impeditum
3356 1740 3536 1812 conji-

271 1871 413 1925 cere,
441 1867 626 1914 tatnen
653 1861 730 1914 ita
755 1855 1314 1921 instabatlibrarius,
1357 1834 1732 1909 amicissimus
1764 1852 1902 1906 mihi
1937 1853 2255 1923 optimeque
2289 1853 2356 1908 de
2379 1866 2465 1906 me
2496 1851 2750 1914 meritus,
2782 1859 2842 1905 ut
2866 1850 3170 1920 inciperem
3202 1848 3405 1912 vereri,
3438 1865 3528 1914 ne,

271 1975 393 2014 cum
442 1978 702 2032 negarem
741 1962 893 2031 justa
933 1968 988 2014 et
1036 1959 1303 2030 praeclara
1339 1957 1575 2028 petenti,
1610 1955 1682 2010 ab
1721 1971 1790 2010 eo
1836 1955 1924 2010 vel
1968 1957 2347 2014 benivolentia
2393 1957 2482 2012 vel
2519 1957 2766 2013 studium
2820 1956 3056 2012 honesta
3105 1955 3227 2026 ejus
3275 1955 3533 2011 instituta
3580 2032 3584 2036 η

273 2064 577 2132 adjuvandi
627 2065 1059 2120 desideraretur.
1097 2045 1374 2118 Consensi
1425 2062 1616 2133 igitur,
1662 2069 1738 2123 et,
1774 2077 2098 2132 quanquam
2133 2063 2411 2132 posthaec
2447 2062 2540 2116 illa
2593 2062 2902 2117 necessitas
2951 2060 3138 2131 operis
3184 2059 3532 2116 accelerandi

270 2171 486 2224 sublata
529 2169 654 2235 fuit,
687 2185 981 2241 aggressus
1013 2185 1175 2236 sum;
1208 2169 1363 2240 quod
1395 2185 1510 2239 qua
1543 2169 1632 2222 ria
1668 2178 1766 2221 aut
1795 2170 2010 2224 ratione
2045 2171 2293 2232 fecerim,
2345 2170 2568 2223 animus
2593 2177 2678 2223 est
2713 2169 2880 2237 paulo
2913 2167 3199 2237 copiosius
3223 2165 3529 2222 declarare.

335 2273 578 2329 Primum
626 2273 850 2344 quidem
896 2275 1080 2329 locum
1117 2275 1226 2327 hoc
1256 2275 1316 2326 in
1349 2273 1637 2326 volumine
1686 2279 1840 2326 tenet
1892 2271 2332 2328 commentarius
2378 2271 2710 2327 Theodoreti
2761 2272 2820 2325 in
2853 2286 3048 2326 omnes
3091 2269 3246 2325 Pauli
3291 2270 3532 2342 apostoli

267 2379 566 2449 Epistolas,
590 2377 1106 2432 excellentissimus
1141 2377 1234 2431 ille
1268 2375 1517 2446 quidem,
1557 2389 1668 2446 quo
1700 2376 1778 2430 nil
1811 2376 2008 2431 melius
2027 2383 2142 2430 tota
2174 2377 2484 2448 antiquitas
2519 2376 2684 2432 habet
2707 2383 2837 2446 post
2861 2375 3342 2448 Chrysostomum,
3367 2389 3529 2445 quem

270 2467 352 2539 vel
385 2483 661 2538 brevitate
700 2482 877 2534 vincit
909 2490 963 2535 et
989 2481 1232 2551 quodam
1259 2482 1419 2551 quasi
1445 2481 1692 2547 delectu,
1729 2463 2049 2552 quanquam
2086 2481 2259 2536 multa
2309 2481 2377 2538 de
2410 2496 2514 2538 suo
2544 2479 2726 2548 addit,
2747 2481 2915 2552 digna
2951 2479 3203 2552 profecto
3242 2496 3367 2551 quae
3395 2481 3528 2536 dili—

267 2579 486 2664 gentius
529 2587 907 2642 excutiantur.
941 2584 1127 2656 Neque
1157 2587 1330 2652 enim,
1357 2587 1466 2642 sia
1495 2585 1736 2658 Gagnaeo
1774 2586 1984 2658 (Schol.
2025 2588 2081 2642 in
2109 2604 2291 2642 omnes
2336 2587 2393 2643 ά.
2426 2586 2594 2641 Pauli
2629 2585 2830 2658 Epist.)
2866 2597 2920 2642 et
2964 2585 3314 2642 Bellosobrio
3344 2583 3527 2657 (οδω.

266 2697 386 2750 hist.
421 2695 542 2748 crit.
578 2703 627 2747 et
648 2693 842 2762 philos.
870 2693 924 2747 in
951 2691 1024 2746 N.
1053 2691 1143 2764 Τ.)
1177 2693 1558 2762 discesserim,
1585 2695 1680 2766 qui
1707 2695 1959 2767 quaedam
1982 2693 2050 2748 de
2077 2690 2272 2749 nostro
2301 2702 2562 2764 excerpta
2592 2692 2818 2756 dedere,
2849 2707 3182 2764 quemquam
3208 2700 3528 2748 nostrorum

264 2807 627 2875 interpretum
661 2800 922 2871 cognovi,
952 2800 1046 2870 qui
1090 2799 1214 2870 ejus
1259 2801 1758 2872 interpretationes
1794 2813 2096 2871 usurpasse
2132 2798 2438 2862 videretur,
2470 2804 2534 2851 ut
2578 2797 2664 2852 vel
2707 2797 2793 2852 sic
2841 2795 3075 2851 audeam
3109 2795 3401 2866 spondere,
3433 2795 3530 2866 qui

267 2912 378 2967 hazc
411 2907 742 2964 Theodoreti
775 2906 999 2963 scholia
1029 2905 1330 2977 diligenter
1383 2908 1749 2969 contulerint,
1786 2922 1949 2978 quam
1987 2905 2222 2976 plurima
2274 2911 2625 2974 reperturos,
2665 2917 2792 2972 quae
2827 2913 2894 2957 ne
2933 2903 2994 2955 in
3028 2908 3268 2956 mentem
3305 2902 3529 2971 quidem

265 3016 520 3072 venerint
558 3015 926 3084 interpretum
965 3013 1153 3082 vulgo.
1208 3011 1328 3066 1am
1367 3012 1420 3066 in
1474 3013 1600 3068 istis
1645 3013 1902 3079 scholiis~
1925 3010 2181 3074 edendis,
2218 3025 2341 3080 qua;
2377 3010 2594 3079 primus
2628 3007 2818 3063 Gmce
2866 3007 3178 3090 protulerat
3197 3007 3530 3066 Sirmondus

267 3118 454 3175 nescio
489 3133 602 3188 quo
641 3117 834 3178 codice
863 3132 1000 3173 usus
1028 3116 1198 3186 (solet
1229 3117 1377 3170 enim
1409 3116 1468 3170 in
1501 3118 1583 3170 his
1612 3117 1781 3171 rebus
1812 3114 2117 3170 narrandis
2152 3113 2521 3184 negligentior
2550 3113 2722 3186 esse),
2767 3113 2852 3168 usi
2889 3127 3084 3168 sumus
3119 3112 3340 3170 duobus
3369 3114 3519 3170 codi-

265 3221 442 3284 cibus,
467 3233 581 3274 uno
617 3219 964 3290 Augustano,
1008 3219 1186 3272 altero
1210 3213 1498 3272 Bava’rico.
1537 3217 1630 3271 Ille
1650 3217 1898 3288 quidem,
1932 3233 1963 3272 a
1989 3218 2254 3289 Bengelio
2279 3234 2499 3290 quoque
2520 3219 2577 3274 in
2607 3219 2678 3274 Ν.
2711 3218 2775 3274 Τ.
2811 3220 3065 3276 editione
3087 3220 3402 3287 adhibitus,
3429 3221 3526 3294 qui

263 3339 389 3379 cum
413 3323 798 3395 Augustanum
822 3323 1083 3394 quintum
1119 3322 1443 3394 appellavit,
1471 3333 1531 3378 ut
1555 3321 1904 3379 Wetstenius
1934 3324 2463 3396 quinquagesimum
2483 3333 2740 3395 quartum
2775 3325 2828 3380 in
2851 3322 3007 3380 Pauli
3032 3324 3328 3396 Epistolas,
3355 3342 3529 3383 mem-

262 3428 572 3484 branaceus
607 3439 690 3484 est
721 3427 1146 3483 accuratissime
1173 3428 1443 3500 scriptus,
1479 3438 1868 3484 sexcentorum
1907 3431 2044 3496 fere,
2073 3439 2134 3486 ut
2153 3432 2376 3501 opinor,
2409 3447 2708 3502 annorum,
2749 3433 3001 3504 ejusdem
3033 3435 3326 3506 scriptura:
3360 3450 3524 3508 quam

264 3533 574 3588 Bandinius
604 3547 781 3602 nuper
814 3533 904 3588 teri
940 3531 1305 3589 incidendam
1329 3533 1546 3587 curavit
1568 3533 1682 3588 tab.
1717 3535 1738 3587 l
1774 3534 2022 3608 Catalogi
2053 3538 2210 3594 codd.
2237 3555 2365 3593 mss.
2393 3537 2653 3592 Biblioth.
2689 3513 2942 3595 Medicus
2966 3536 3364 3606 Laurentium,
3391 3555 3530 3596 con-

264 3643 514 3712 tinetque
544 3646 796 3694 catenam
829 3639 884 3694 in
917 3638 1218 3708 Epistolam
1261 3639 1420 3694 Pauli
1447 3641 1513 3695 ad
1537 3639 1824 3696 Romanos
1848 3641 1975 3696 inde
2012 3658 2041 3695 a
2092 3657 2254 3698 versu
2303 3644 2546 3714 septimo
2574 3643 2778 3714 capitis
2829 3643 3073 3714 septimi,
3111 3643 3464 3714 conjunctatu
3495 3659 3530 3702 ο

263 3744 687 3802 commentariis
713 3741 1154 3799 clarissimorum
1187 3744 1577 3814 interpretum,
1603 3747 1769 3800 etiam
1808 3761 2001 3802 eorum
2032 3763 2269 3818 quorum
2296 3746 2610 3820 fragmenta
2651 3747 2904 3804 nondum
2951 3748 3101 3804 edita
3143 3750 3525 3820 reperiuntur,

263 3854 436 3909 veluti
467 3851 722 3923 Origenis
752 3859 808 3908 et
827 3849 1105 3906 Theodori
1139 3849 1542 3921 Mopsuesteni,
1575 3866 1699 3921 quae
1722 3851 2016 3923 diligenter
2039 3852 2278 3910 describi
2313 3854 2662 3920 curavimus,
2695 3853 2914 3912 edenda
2946 3853 3228 3922 fortassis,
3261 3857 3310 3914 si
3331 3871 3525 3913 eorum

258 3956 496 4028 cupidos
524 3957 761 4012 lectores
793 3955 1197 4011 invenerimus.
1232 3956 1296 4010 In
1332 3955 1419 4010 his
1451 3955 1624 4028 igitur
1649 3969 1772 4027 qua:
1801 3953 2133 4014 Theodoreti
2167 3959 2379 4015 scholia
2411 3960 2733 4028 exstabant,
2757 3975 2889 4016 eum
2926 3959 3324 4017 Sirmondiano
3371 3969 3524 4018 textu

260 4073 525 4120 accurate
555 4064 916 4127 contulimus,
958 4064 1127 4118 nullis
1163 4064 1577 4134 praetermissis,
1605 4063 1713 4120 nisi
1751 4079 1874 4135 qua:
1899 4065 1984 4119 vel
2019 4081 2082 4120 ex
2119 4065 2244 4120 aliis
2275 4063 2614 4122 Theodoreti
2647 4066 2805 4123 libris
2835 4065 3006 4123 ducta
3045 4075 3236 4124 essent
3265 4068 3352 4124 vel
3387 4066 3526 4123 nihil

259 4171 604 4229 diversitatis
629 4171 684 4226 in
719 4170 952 4241 legendo
981 4169 1262 4226 oll‘errent.

323 4302 532 4359 Praeter
563 4304 730 4369 hunc,
757 4318 917 4372 quem
941 4303 1270 4373 amplissimi
1303 4312 1528 4359 senatus
1568 4305 1889 4374 reipublicae
1914 4309 2246 4378 Augustanze
2274 4310 2576 4366 liberalitas
2601 4311 2898 4374 concessit,
2927 4309 3093 4364 alium
3131 4309 3512 4377 usurpandum

258 4411 414 4466 misit
448 4411 513 4464 ad
533 4425 632 4464 nos
664 4425 695 4464 e
718 4409 1049 4463 bibliotheca
1089 4410 1434 4466 screnissimi
1469 4412 1730 4469 clectoris
1753 4412 2000 4468 Bavariac
2027 4415 2340 4470 incredibili
2371 4416 2719 4470 humanitate
2755 4415 3260 4482 Iiberalissimoque
3297 4415 3522 4484 ingenio

256 4518 347 4570 vir
381 4516 532 4571 Felix
577 4514 828 4570 Andreas
859 4512 1149 4579 OEllelius,
1195 4516 1289 4568 isti
1317 4517 1668 4575 bibliothecae
1706 4521 2019 4590 praefectus.
2056 4519 2158 4588 Qui
2197 4521 2356 4586 liber,
2385 4521 2490 4577 etsi
2537 4518 2780 4574 novitius
2805 4525 2910 4585 est,
2950 4519 3149 4573 similis
3187 4518 3328 4589 ejus,
3358 4535 3520 4589 quem

258 4626 320 4678 in
348 4624 676 4678 bibliotheca
707 4620 855 4691 regis
887 4619 1139 4674 Franciae
1169 4629 1393 4676 exstare
1426 4621 1562 4676 dicit
1598 4625 1757 4679 Rich.
1807 4626 1997 4684 Simon
2039 4629 2207 4700 (Hist.
2255 4631 2376 4685 crit.
2417 4629 2912 4685 Commentatornm
2941 4631 2995 4684 in
3046 4627 3119 4684 N.
3150 4630 3212 4684 T.
3253 4647 3305 4700 p.
3342 4627 3516 4703 525.),

259 4735 468 4789 sacculo
509 4751 598 4788 svr
642 4734 890 4803 scriptus
935 4732 1002 4785 ab
1049 4731 1272 4786 homine
1312 4729 1586 4796 Gt‘tCClth,
1620 4733 1764 4802 quod
1793 4733 1898 4787 nisi
1940 4735 2056 4804 ipsa
2111 4750 2309 4789 manus
2343 4745 2396 4789 et
2442 4735 2654 4801 charta,
2688 4742 2838 4791 certe
2868 4737 3033 4792 verba
3059 4736 3403 4792 declararent
3438 4738 3521 4792 sic

257 4840 438 4908 posita
484 4838 554 4894 ad
594 4839 800 4893 calcem
843 4834 1143 4892 voluminis
1176 4853 1188 4890 :
1225 4835 1391 4899 Τέλος
1421 4835 1613 4907 εἴληφε
1645 4835 1806 4907 τῆσδε
1845 4838 1866 4890 ξ

1904 4856 1941 4907 ις
1979 4838 2163 4908 βίϐλου
2209 4838 2376 4910 ἄφμξ¹
2406 4841 2464 4895 ἐν
2497 4843 2626 4913 μηνὶ
2657 4843 3004 4914 φευρουαρῑῳ
3045 4842 3153 4896 κε”
3192 4841 3332 4912 αὕτη
3365 4845 3398 4912 ἡ
3428 4840 3513 4911 βξ-

255 4945 386 5008 ὅλος
410 4945 692 5016 ἐγεγρὰφη
729 4943 816 4997 διὰ
837 4944 1017 5015 χειρὸς
1047 4941 1182 5012 ἐμοῦ
1200 4943 1408 5014 Πέτρου
1441 4944 1754 5014 Καρνεάδου
1778 4946 1841 4998 ἐκ
1869 4945 2076 5008 πόλεως
2119 4944 2445 5018 Ἐπιδαύρου
2468 4948 2569 5020 τὴν
2590 4947 2685 5003 νῦν
2713 4948 3195 5019 ἐπονομαζομένην
3228 4945 3519 5016 Μονεμσεο

258 5049 405 5112 dictv,
437 5050 676 5120 itemque
711 5048 900 5102 multis
931 5047 1131 5102 calami
1157 5049 1328 5114 vitiis,
1364 5051 1671 5118 praesertim
1712 5052 1898 5121 quoad
1936 5052 2414 5123 orthographiam,
2449 5053 2522 5107 ita
2552 5053 2897 5124 inquinatus,
2939 5061 2999 5106 ut
3027 5065 3173 5120 saepe
3201 5051 3322 5106 sine
3350 5065 3519 5107 sensu

257 5152 434 5208 verba
467 5155 520 5207 in
561 5137 809 5210 chartam
843 5155 1094 5225 conjecta
1119 5164 1452 5224 appareant;
1493 5165 1677 5211 tamen
1712 5157 2065 5212 vehementer
2104 5157 2330 5227 profuit.
2365 5157 2502 5210 Nam
2537 5167 2593 5212 et
2627 5158 2875 5226 integros
2907 5152 3238 5210 continebat
3262 5151 3520 5209 Theodo~

254 5263 367 5318 reti
392 5263 814 5318 commentarios
843 5277 967 5317 cum
995 5261 1189 5331 paucis
1215 5263 1448 5324 lacunis,
1479 5271 1530 5318 et
1553 5264 1830 5334 elegantes
1859 5264 2126 5320 lectiones
2159 5263 2424 5319 oﬂ‘erebat
2455 5280 2563 5319 non
2595 5263 2759 5318 modo
2799 5263 2851 5317 in
2898 5262 3035 5332 ipsis
3076 5262 3516 5328 commentariis,

254 5367 316 5422 in
350 5368 556 5438 quibus
586 5382 695 5420 non
733 5384 860 5422 raro
889 5382 1015 5422 cum
1049 5364 1270 5448 llervcti
1309 5367 1644 5423 lectionibus
1689 5371 1986 5434 consentit,
2021 5369 2120 5425 sed
2145 5369 2311 5424 etiam
2354 5370 2410 5424 in
2439 5378 2592 5424 textu
2623 5365 2802 5432 Pauli,
2839 5367 2932 5436 qui
2971 5381 3115 5438 smpe
3141 5367 3421 5438 discrepat
3448 5367 3520 5419 ab

256 5484 328 5526 eo
351 5487 513 5543 quem
551 5470 876 5530 Sirmondus
901 5472 1098 5539 edidit,
1131 5473 1304 5527 multo
1333 5473 1502 5528 etiam
1528 5476 1705 5546 magis
1738 5491 1768 5529 a
1803 5486 2027 5548 recepta
2063 5478 2341 5545 lectione;
2372 5490 2430 5533 ut
2462 5476 2638 5532 ICor.
2667 5493 2723 5542 x,
2761 5477 2852 5544 33,
2888 5477 2944 5532 in
2975 5478 3323 5532 παντάπασιν
3345 5473 3516 5548 (quod

255 5579 422 5635 facile
453 5578 897 5650 praetulerim,"
920 5580 1051 5635 Cor.
1087 5579 1258 5646 11,10,
1297 5581 1388 5636 ubi
1416 5581 1506 5635 illa
1545 5575 1589 5650 ᾧ
1615 5582 1864 5653 κεχάρισε

1908 5599 1950 5635 ιιι
1979 5584 2183 5638 absunt
2215 5591 2276 5636 ut
2311 5582 2541 5639 verbum
2569 5583 2884 5656 περισσεύει
2913 5599 2965 5642 c.
2998 5599 3080 5651 Ill,
3105 5583 3160 5648 9,
3192 5593 3246 5638 et
3281 5583 3362 5646 ei;
3391 5585 3517 5633 ante

257 5688 472 5750 πάντας
503 5686 661 5744 Rom.
703 5703 756 5750 v,
795 5686 860 5738 12
901 5707 916 5741 :
957 5704 1121 5759 quam
1156 5688 1587 5762 discrepantiam
1615 5706 1725 5746 non
1769 5688 2089 5760 pmnilucrit
2137 5690 2335 5744 harum
2370 5704 2558 5745 rerum
2607 5690 2980 5766 iutelligentes
3009 5705 3133 5748 cum
3177 5694 3512 5750 ceterarum

580 5783 854 5844 PATROL.
906 5781 1020 5843 Gn.
1072 5783 1371 5847 LXXXII.

3171 5782 3205 5842 1

263 5861 635 6176 r7
