4074 6176
433 242 498 308 ιι
1488 265 1498 272 -
1599 243 1809 307 JOAN.
1852 251 2027 309 aue.
2071 251 2456 315 NOESSELT
2713 323 2727 342 ε
3637 267 3698 332 ιε

431 352 734 405 lectionum
773 351 911 407 silva
942 350 1288 419 contulisse;
1349 367 1571 424 operam
1621 358 1845 428 quidem
1892 357 2147 415 dedimus
2188 378 2254 417 ne
2287 363 2588 434 quidquam
2651 376 2848 439 praeter
2896 371 3190 432 manifesta
3228 376 3508 435 scribendi
3559 384 3688 437 vitia

431 456 971 524 prmtermitteretur.

502 559 690 629 Neque
725 575 856 615 vero
889 561 1258 628 negleximus,
1297 579 1420 633 quae
1449 563 1758 622 Gentiauus
1790 567 2057 624 llervetus
2096 570 2182 626 his
2217 579 2632 635 commentariis
2665 593 2695 632 a
2729 596 2788 636 se
2819 581 3012 639 Latine
3044 589 3329 643 conversis
3357 596 3522 663 atque
3557 590 3685 648 Flo-

427 665 617 718 rentia:
645 681 774 722 ann.
803 666 939 720 l552
972 666 1134 722 editis
1167 666 1519 738 adjunxerat.
1547 670 1683 726 Nam
1716 687 1842 727 cum
1871 674 2177 744 accepisset
2217 692 2246 730 a
2287 678 2546 737 Marcello
2591 683 2853 751 Cervino,
2887 687 3156 744 cardinali
3199 690 3417 748 Sanctae
3463 694 3682 760 Crueis,

424 771 618 822 horum
650 773 1180 828 commentariorum
1219 774 1617 845 apographum,
1653 778 2050 849 statuissetque
2078 780 2132 835 in
2161 790 2314 838 textu
2344 785 2496 840 Pauli
2527 791 2886 860 exprimendo
2907 796 3063 865 sequi
3098 799 3483 854 auctoritatem
3528 812 3678 857 vete-

419 875 496 928 ris
533 873 740 929 Latinre
783 876 1263 946 interpretationis
1297 896 1308 930 :
1348 880 1796 950 quotiescunque
1831 881 2068 938 vidisset
2093 888 2161 942 ab
2193 889 2285 943 illa
2327 890 2620 949 lectionem
2669 895 3007 955 Theodoreti
3046 901 3295 958 Grzeeam
3337 905 3678 976 discrepare,

418 974 483 1027 ad
517 978 842 1047 marginem,
875 994 986 1047 quo
1018 978 1185 1033 modo
1214 980 1516 1047 reperissct
1546 981 1598 1034 in
1630 980 1996 1050 Thcodoreto,
2049 990 2278 1046 notavit.
2315 994 2375 1048 In
2420 995 2507 1049 his
2540 995 2764 1053 Herveti
2813 1009 2944 1056 sunt
2993 1018 3102 1057 non
3158 1020 3330 1074 pauca
3381 1020 3411 1058 a
3455 974 3678 1078 vulgato
3709 1021 3712 1026 '

415 1078 568 1134 Pauli
605 1092 658 1146 et
681 1080 1013 1138 Theodoreti
1041 1091 1194 1138 textu
1223 1082 1634 1148 dissentientia,
1668 1101 1789 1154 qua:
1811 1095 2004 1143 notare
2029 1099 2082 1146 et
2104 1098 2740 1170 examinare-profuerit,
2778 1105 2948 1159 veluti
2977 1106 3068 1159 illa
3099 1124 3114 1161 :
3148 1108 3257 1161 Kal.
3283 1109 3391 1162 τῶν
3418 1109 3676 1165 τοιούτων

411 1188 511 1240 οὐκ
538 1189 651 1241 ἐστὶ
691 1189 850 1256 νόμος
883 1188 1062 1243 Galat.
1099 1207 1149 1252 v,
1186 1190 1275 1255 25,
1308 1206 1430 1260 quae
1463 1191 1625 1246 lectio
1658 1194 1810 1248 nullo
1836 1194 1888 1249 in
1917 1197 2108 1253 codice
2128 1199 2237 1254 alio
2269 1203 2562 1273 reperitur,
2596 1220 2913 1278 quanquam
2946 1210 3252 1280 probabilis
3288 1212 3458 1269 videri
3486 1223 3671 1286 potest

411 1300 465 1348 et
505 1294 659 1348 l‘auli
693 1295 817 1349 loco
849 1294 866 1348 l
908 1294 1049 1348 Tim.
1081 1311 1118 1358 ι,
1151 1295 1183 1350 9
1209 1297 1262 1360 in
1290 1296 1486 1366 primis
1521 1307 1916 1355 consentanea.

481 1415 586 1472 Sed
619 1421 878 1488 quoniam
912 1420 1082 1474 Graeci
1117 1429 1359 1476 veterum
1389 1424 1747 1493 interpretum
1797 1425 2131 1499 Graecorum,
2166 1435 2217 1489 in
2255 1436 2340 1492 his
2367 1436 2722 1505 Theodoreti,
2761 1445 3062 1499 sententias
3089 1445 3358 1516 collegere
3401 1447 3456 1502 in
3499 1449 3657 1505 libris

407 1529 494 1593 iis,
521 1544 660 1599 quos
693 1528 1016 1583 Latinorum
1054 1530 1331 1585 recentior
1362 1534 1706 1587 consuetudo
1738 1533 2065 1590 Catenarum
2089 1543 2315 1598 nomine
2345 1546 2642 1616 appellavit
2672 1565 2685 1603 :
2718 1558 2946 1620 propter
2967 1567 3031 1607 ea
3077 1552 3395 1608 institutum
3421 1571 3451 1611 a
3494 1557 3656 1613 nobis

401 1642 506 1696 est,
534 1641 731 1703 utqua:
763 1634 838 1688 ibi
871 1645 1068 1703 sparsa
1099 1641 1289 1688 essent
1320 1633 1657 1690 Theodoreti
1687 1639 1988 1709 fragmenta
2013 1642 2419 1702 conferremus.
2453 1647 2780 1720 Quanquam
2809 1667 2875 1706 ex
2911 1668 2978 1708 eo
3009 1625 3228 1724 genere,
3263 1666 3462 1726 prmter
3493 1659 3658 1714 codi-

400 1754 540 1804 cem,
584 1753 744 1807 quem
771 1752 939 1807 supra
978 1737 1360 1803 laudavimus,
1396 1740 1803 1809 Augustanum,
1853 1745 1988 1798 nihil
2021 1746 2185 1801 nobis
2217 1758 2419 1815 praasto
2450 1752 2576 1816 fuit,
2609 1769 2772 1822 quam
2799 1767 3054 1829 excerpta
3078 1775 3162 1827 ea,
3196 1745 3318 1832 quae
3339 1763 3443 1818 sub
3469 1763 3651 1820 Theo-

398 1842 538 1902 duli,
581 1843 772 1896 nescio
815 1841 976 1912 cujus
1012 1843 1259 1905 nomine,
1299 1841 1494 1899 Latine
1521 1845 1667 1900 edita
1698 1856 1826 1902 sunt
1869 1847 1920 1901 in
1975 1847 2554 1923 Orthodox0graphis,
2605 1856 2847 1927 itemque
2895 1862 2948 1916 in
3000 1864 3454 1932 Commentariis,
3491 1885 3652 1939 quos,

397 1947 544 2002 haud
579 1948 695 2002 scio
725 1961 792 2001 an
821 1962 925 2002 non
961 1947 1096 2004 satis
1121 1948 1282 2013 bene,
1320 1950 1502 2005 solent
1527 1949 1866 2007 (Ecumenio
1899 1955 2166 2011 tribuere.
2200 1955 2306 2011 Sed
2340 1957 2429 2012 illa
2457 1960 2660 2030 oppido
2689 1978 2865 2032 pauca
2904 1965 3148 2037 fuerunt,
3172 1973 3338 2027 etiam
3374 1973 3441 2028 ad
3487 1991 3650 2030 unam

394 2051 552 2106 Pauli
586 2053 651 2107 ad
689 2051 966 2107 Romanos
997 2051 1296 2122 Epistolam
1350 2054 1723 2124 pertinentia;
1767 2071 1869 2112 nec
1919 2058 2003 2113 adi

2048 2060 2217 2116 odum
2257 2061 2430 2134 adjuti
2465 2063 2674 2123 fuimus
2713 2067 3038 2125 (Ecumenii
3076 2087 3261 2142 Opere,
3295 2077 3348 2131 in
3381 2095 3511 2148 quo,
3547 2082 3651 2135 etsi

394 2167 525 2215 sunt
555 2159 790 2229 plurima
844 2174 874 2212 e
911 2156 1245 2214 Theodoreti
1275 2159 1504 2216 seboliis
1528 2175 1598 2216 ne
1628 2168 1819 2216 notata
1847 2163 2072 2234 quidem
2109 2165 2288 2237 ipsius
2321 2170 2570 2237 nomine,
2603 2174 2786 2231 rarius
2822 2183 3002 2231 tamen
3036 2177 3348 2235 afferuntur
3391 2200 3420 2239 e
3467 2183 3650 2240 Theo-

393 2266 586 2320 doreto
611 2275 888 2336 excerpta,
921 2279 1065 2337 sape
1088 2265 1255 2321 etiam
1296 2266 1438 2320 male
1483 2265 1727 2321 additum
1750 2276 1836 2323 est
1863 2269 1989 2338 ejus
2019 2285 2219 2326 nomen
2262 2273 2331 2330 iis
2363 2289 2487 2344 qua:
2527 2277 2599 2330 ab
2634 2278 2868 2334 aliorum
2923 2280 3284 2351 interpretum
3321 2290 3650 2344 auctoritate

393 2369 850 2439 proliciscuntur.
889 2369 1193 2439 przrsertim
1221 2369 1276 2424 in
1309 2369 1604 2422 ὑποθέσεσι
1628 2370 1992 2439 epistolarum
2027 2372 2381 2430 Paulinarum
2414 2379 2480 2433 ad
2508 2379 2918 2437 Theodoretum
2955 2387 3108 2439 nullo
3130 2390 3294 2442 modo
3321 2389 3647 2459 referendis,

391 2475 446 2530 id
478 2475 622 2545 quod
659 2473 1041 2529 commentarii
1079 2472 1200 2543 ejus
1229 2471 1520 2543 perspicue
1555 2473 1774 2529 docent.
1805 2474 2127 2532 Uberiorem
2157 2489 2393 2550 segetem
2420 2481 2719 2537 lectionum
2755 2485 2956 2539 obtulit
2989 2487 3055 2541 ad
3091 2497 3301 2542 textum
3327 2489 3480 2545 Pauli
3512 2507 3650 2547 con-

389 2584 732 2638 stituendum
776 2591 1100 2637 caaterorum
1135 2579 1467 2637 Theodoreti
1503 2582 1770 2638 librorum
1799 2580 2044 2644 collatio,
2101 2582 2156 2635 in
2188 2581 2392 2652 quibus
2445 2600 2588 2655 smpe
2633 2587 2773 2642 alias
2799 2587 3063 2643 lectiones
3103 2589 3325 2645 exhibet
3375 2609 3539 2662 quam
3588 2597 3644 2650 ln

386 2702 551 2757 opere
583 2686 704 2753 ipso
736 2685 1265 2740 commentariorum
1294 2684 1361 2738 ad
1389 2685 1542 2740 Pauli
1574 2685 1877 2756 Epistolas,
1903 2686 2201 2742 identidem
2234 2691 2411 2760 magis
2439 2705 2566 2744 cum
2591 2692 2728 2760 ipsis
2760 2692 3306 2762 interpretationibus
3338 2697 3455 2753 suis
3475 2714 3642 2770 quam

386 2808 513 2847 cum
552 2791 804 2863 apposito
836 2788 988 2844 Pauli
1022 2797 1170 2846 textu
1204 2791 1638 2848 consentientes.
1673 2792 1739 2845 Et
1771 2808 2062 2863 speramus
2106 2796 2329 2868 quidem
2382 2812 2483 2851 nos
2523 2807 2742 2867 gratum
2783 2797 2983 2855 fecisse
3031 2801 3294 2859 studiosis
3330 2805 3538 2863 eriseos
3579 2807 3644 2861 li-

384 2901 610 2956 brorum
640 2897 774 2952 Novi
809 2896 1180 2964 Testanienti,
1206 2897 1354 2968 quod
1385 2912 1448 2952 ea
1482 2897 1790 2970 colligenda
1811 2901 2039 2968 suisque
2056 2901 2506 2957 locisinserenda
2532 2904 2935 2969 curaverimus,
2965 2907 3268 2974 praesertim
3302 2923 3428 2963 cum
3461 2909 3640 2966 anim-

384 3005 822 3062 advertissemus
855 3004 957 3058 hos
991 3003 1144 3058 locos
1182 3017 1212 3055 a
1262 3000 1436 3057 Millio
1471 3001 1888 3074 Wetstenioque
1925 3020 2034 3058 non
2085 3006 2250 3060 modo
2291 3008 2758 3078 negligentissime
2789 3024 3083 3077 excussos,
3119 3011 3213 3067 sed
3242 3013 3406 3068 etiam
3437 3019 3504 3071 ab
3536 3015 3640 3073 hoc

384 3112 652 3167 lectiones
679 3119 941 3178 tanquam
975 3105 1308 3162 Theodoreti
1345 3109 1578 3178 positas,
1612 3125 1642 3162 a
1670 3111 1874 3178 quibus
1901 3123 2068 3179 quam
2097 3111 2334 3166 maxime
2375 3112 2656 3168 abhorret.
2699 3111 2804 3166 Sed
2833 3128 2957 3168 eum
2991 3114 3171 3170 serius
3192 3115 3352 3172 nobis
3391 3118 3445 3172 in
3486 3133 3642 3176 men-

387 3227 494 3273 tem
526 3215 769 3270 venisset
799 3214 945 3267 illam
981 3211 1235 3268 lectionis
1275 3212 1600 3267 varietatem
1642 3210 1940 3282 diligenter
1968 3191 2292 3283 congerere,
2334 3228 2498 3282 qnain
2549 3215 2938 3269 commentarii
2987 3216 3041 3269 in
3081 3215 3382 3288 Epistolam
3424 3220 3490 3274 ad
3530 3219 3639 3275 flo-

387 3337 583 3377 manos
606 3327 794 3376 essent
817 3317 1149 3390 typographi
1187 3315 1384 3372 formis
1417 3316 1721 3388 cxseripti:
1759 3333 1880 3388 qua:
1913 3317 1980 3371 ad
2014 3317 2163 3370 illam
2213 3316 2502 3385 epistolam
2550 3318 2830 3386 pertinent
2864 3333 2990 3373 cum
3038 3319 3128 3387 iis,
3156 3337 3280 3392 (mre
3331 3322 3470 3378 forte
3505 3325 3635 3380 alibi

382 3429 633 3500 neglecta
660 3425 892 3488 fuerint,
931 3422 999 3478 ad
1031 3424 1238 3479 calcem
1271 3418 1453 3492 quin“
1474 3423 1773 3478 voluminis
1804 3437 1930 3477 cum
1965 3419 2130 3476 simili
2167 3418 2465 3473 lectionum
2509 3428 2695 3489 segete
2717 3419 3063 3490 subjicienda
3087 3424 3426 3481 curabimus.
3457 3427 3631 3483 Caete-

382 3548 504 3588 rum
532 3549 634 3588 nos
667 3547 798 3601 spes
836 3529 1030 3585 fefellit
1072 3543 1100 3581 a
1142 3526 1451 3583 Wetstcnio
1503 3527 1648 3582 facta
1701 3527 2029 3598 (Proirgom.
2060 3524 2128 3577 ad
2164 3521 2238 3576 Ν.
2276 3523 2334 3577 Τ.
2376 3531 2509 3577 tom.
2541 3524 2584 3591 l,
2629 3541 2684 3595 p.
2734 3525 2844 3597 72),
2883 3526 2974 3597 qui
3016 3542 3074 3582 se
3109 3525 3472 3598 profitebatur
3513 3529 3632 3585 Sir-

383 3637 568 3694 mondi
602 3635 1010 3690 Theodoretum
1045 3632 1352 3688 contulisse
1379 3648 1504 3688 cuin
1547 3631 1836 3688 codicibus
1866 3629 2299 3686 Basileensibus.
2334 3627 2522 3699 Neque
2555 3631 2698 3684 enim
2737 3631 2900 3708 hujus
2921 3634 3139 3704 generis
3166 3635 3466 3705 quidquam
3492 3637 3631 3691 vidi-

377 3760 504 3800 mus
531 3745 584 3798 in
623 3741 1014 3796 Wetsteniano
1045 3754 1236 3810 opere,
1269 3754 1370 3794 nec
1422 3739 1477 3792 in
1521 3738 1841 3792 narratione
1873 3737 1940 3791 de
1973 3737 2262 3792 codicibus
2297 3736 2361 3791 Ν.
2405 3736 2470 3793 Τ.
2500 3739 2670 3792 alium
2709 3738 3076 3796 Basileensem
3108 3752 3502 3797 commemorat
3535 3759 3630 3798 or-

378 3861 568 3906 natum
603 3849 826 3904 seboliis
850 3845 1424 3917 Theodoreti,prazter
1465 3860 1590 3899 eum
1646 3860 1807 3914 quem
1853 3845 2150 3913 septimum
2191 3843 2332 3899 inter
2361 3842 2584 3900 codices
2629 3846 2681 3898 in
2737 3842 2894 3899 Pauli
2931 3845 3211 3915 Epistolas
3261 3849 3631 3916 appellaverat

377 3956 534 4026 (tom.
573 3951 639 4017 ll,
666 3968 720 4022 p.
751 3955 832 4020 ιι),
867 3966 896 4005 e
927 3965 1040 4019 quo
1063 3948 1194 4019 quid
1225 3946 1292 4001 ad
1319 3946 1724 4003 Theodoretum
1759 3947 2144 4020 castigandum
2175 3949 2257 4002 vel
2285 3948 2686 4005 restituendum
2713 3949 2930 4006 duxerit
2964 3951 3308 4022 ignoramus,
3344 3954 3474 4007 nihil
3507 3956 3628 4024 qui-

377 4058 498 4112 dem
538 4057 661 4128 ejus
701 4056 778 4110 rei
804 4055 1048 4109 oblatum
1082 4052 1209 4107 fuit.

447 4181 506 4234 In
537 4179 916 4236 ecclesiastica
955 4177 1288 4233 Theodoreti
1315 4177 1581 4244 Historia,
1616 4195 1738 4249 qua:
1790 4188 1915 4250 post
1951 4181 2053 4233 ista
2097 4182 2307 4237 scholia
2343 4185 2396 4236 in
2451 4183 2554 4237 hoc
2590 4183 2867 4238 volumine
2907 4186 3177 4254 sequitur,
3225 4187 3357 4240 nihil
3407 4187 3624 4256 quidem

375 4289 613 4361 prmsidii
649 4288 748 4342 fuit
772 4304 802 4344 e
831 4287 1116 4342 codicibus
1148 4289 1398 4358 scriptis,
1428 4297 1627 4358 pra:ter
1660 4287 2025 4357 fragmentum
2059 4288 2340 4356 pertinens
2394 4286 2458 4340 ad
2501 4287 2624 4340 libri
2671 4304 2744 4354 iv,
2782 4305 2829 4344 c.
2870 4289 2933 4342 10
2959 4307 2987 4344 e
3014 4290 3205 4344 codice
3250 4291 3485 4361 quodam
3515 4294 3625 4344 Au-

373 4407 607 4467 gustano
644 4394 738 4463 qui
779 4393 1099 4448 centinebat
1127 4395 1352 4448 cinnum
1388 4395 1540 4448 illum
1573 4391 1813 4449 Joannis
1851 4392 2176 4446 Damasceni
2209 4391 2277 4446 de
2320 4391 2624 4446 limresibus
2661 4393 2867 4447 editum
2908 4410 2935 4447 a
2971 4395 3243 4449 tiotelerio
3281 4394 3483 4447 Eccles.
3530 4392 3621 4444 Cr.

375 4499 704 4555 Monument.
734 4508 775 4553 t.
802 4498 841 4562 1,
871 4501 1054 4569 Cujus,
1090 4501 1133 4555 si
1162 4502 1366 4570 placet,
1399 4508 1584 4553 notam
1611 4499 1864 4553 conferas
1898 4514 1950 4568 p.
1982 4497 2120 4565 786;
2151 4498 2246 4553 sed
2280 4507 2462 4553 tamen
2489 4514 2682 4555 omnes
2709 4500 2821 4555 fere
2847 4501 3024 4554 editos
3053 4501 3219 4552 libros
3250 4499 3623 4556 tractavimus,

376 4615 434 4660 ut
459 4605 542 4659 vel
571 4605 837 4658 hactenus
870 4619 1159 4674 speremus
1190 4606 1489 4659 editionem
1527 4614 1777 4658 nostram
1820 4616 2081 4674 pra'stare
2117 4607 2354 4672 caeteris,
2411 4605 2559 4675 quod
2603 4606 2890 4673 diligenter
2923 4605 3322 4656 contulerimus
3352 4602 3620 4670 quidquid

376 4710 814 4780 discrepantium
848 4709 1148 4763 lectionum
1179 4709 1230 4761 in
1255 4710 1342 4763 liis
1369 4711 1524 4765 libris
1560 4713 1861 4780 reperitur,
1895 4728 2019 4766 cum
2057 4713 2263 4768 nemini
2295 4728 2512 4774 eorum,
2548 4725 2785 4778 quorum
2819 4710 3004 4762 studio
3036 4708 3361 4760 Theodoreti
3393 4708 3623 4761 historia

374 4816 605 4885 prodiit,
634 4816 689 4869 in
720 4824 958 4869 mentem
987 4815 1233 4869 venisset
1268 4815 1588 4868 universam
1628 4816 1770 4869 hanc
1798 4819 1989 4870 silvam
2037 4832 2356 4885 congerere.
2399 4815 2503 4868 Sed
2535 4815 2795 4882 quoniam
2837 4813 3104 4882 profuerit
3134 4816 3459 4884 cognovisse
3491 4814 3624 4884 quid

373 4923 608 4993 quisque
641 4922 961 4992 praestiterit
991 4921 1044 4976 in
1077 4921 1289 4977 edendo
1310 4923 1413 4976 hoc
1437 4921 1772 4976 Theodoreti
1803 4936 1988 4990 opere,
2018 4937 2238 4991 quoque
2259 4920 2419 4974 modo
2447 4929 2654 4974 textum
2687 4918 3062 4982 constituerit,
3091 4918 3268 4973 visum
3296 4928 3380 4973 est
3408 4935 3624 4973 onmem

373 5031 674 5086 editionum
710 5031 997 5084 historiam
1030 5037 1318 5083 enarrare.

444 5139 581 5194 Cum
607 5155 672 5194 ex
706 5153 872 5207 opere
899 5135 1233 5192 Theodoreti
1267 5137 1400 5191 nihil
1426 5138 1636 5190 editum
1665 5143 1816 5190 esset
1845 5139 2040 5203 prmtcr
2075 5132 2381 5202 fragmenta
2411 5147 2494 5197 ea,
2538 5147 2660 5203 quae
2689 5131 2757 5186 ab
2790 5130 3098 5202 Epiphanio
3129 5129 3476 5184 Scholastieo
3508 5147 3622 5185 sn'c

372 5243 709 5298 Cassiodoro
744 5245 1014 5299 translata
1041 5251 1231 5298 essent
1268 5244 1322 5296 in
1358 5242 1657 5295 Historiam
1691 5239 2048 5306 tripertitam,
2084 5235 2284 5291 Beatus
2317 5237 2617 5292 Rhenanus
2640 5251 2764 5290 cum
2793 5236 3089 5291 editionem
3127 5235 3247 5304 ejus
3281 5250 3475 5286 novam
3500 5247 3618 5286 sus-

372 5352 610 5421 cepisset
650 5350 882 5406 Basilere
921 5349 1082 5415 1525,
1147 5351 1434 5420 repetitam
1467 5365 1598 5403 ann.
1636 5347 1794 5410 1528,
1829 5352 2031 5399 nactus
2062 5341 2312 5396 codicem
2367 5342 2701 5397 Theodoreti
2755 5341 3029 5406 Grzecum,
3059 5339 3154 5411 qui
3204 5355 3234 5394 e
3286 5336 3622 5416 bibliotheca

373 5452 601 5510 Joannis
633 5451 922 5524 Bagusini,
963 5454 1268 5509 eardinalis
1301 5456 1355 5508 in
1417 5452 1809 5508 bibliothecam
1847 5449 2280 5524 Przedicatorum
2308 5449 2702 5504 Basileensium
2761 5447 3084 5513 transierat,
3117 5463 3180 5502 ex
3214 5448 3308 5502 illo
3358 5441 3621 5511 epistolas

379 5560 716 5632 synodorum
765 5567 823 5615 et
857 5561 1256 5630 imperatorum
1289 5559 1514 5614 (ira-cas
1538 5556 1889 5626 interspersit
1919 5555 2089 5610 textui
2125 5553 2378 5610 Historia:
2403 5557 2712 5626 tripartitw.
2743 5553 2783 5607 E
2813 5570 2924 5626 quo
2953 5553 3144 5608 eodem
3175 5554 3322 5606 fonte
3348 5561 3535 5601 nescio
3555 5559 3620 5598 an

371 5664 589 5719 fluxerit
626 5666 803 5737 prima
835 5664 1000 5721 editio
1036 5665 1227 5722 Graeca
1263 5664 1442 5720 onmis
1496 5663 1740 5718 historize
1773 5661 2131 5729 Theodoreti,
2190 5677 2310 5735 quae
2337 5677 2395 5718 se
2447 5677 2711 5718 exeusam
2745 5662 2801 5716 in
2836 5661 2940 5716 line
2985 5659 3275 5733 profitetur
3300 5651 3527 5707 Basilea:
3565 5650 3624 5707 in
