4074 6176
472 193 537 264 13
1638 183 2031 274 missum
2071 197 2170 256 AD
2205 195 2381 256 "ron.
2425 195 2537 255 11-1.
2586 263 2590 268 ,
3680 188 3746 254 tt

469 314 684 372 ofﬁcina
735 310 1075 367 Frobeniana
1119 323 1216 380 per
1270 295 1664 380 Hieronymum
1716 306 2052 362 Frobenium
2088 317 2140 362 et
2175 307 2462 363 Nicolaum
2519 308 2871 380 Episc0pium
2919 323 3046 362 ann.
3091 308 3246 374 I535,
3287 316 3474 364 mense
3519 307 3740 362 Martio.

475 419 638 488 Quod
674 419 838 474 facile
872 418 1158 473 crederem
1194 417 1239 471 si
1267 431 1456 470 verum
1493 425 1640 470 esset
1670 414 1721 469 id
1759 414 1904 484 quod
1937 401 2231 469 Fabricius
2272 423 2464 468 narrat
2502 413 2667 485 (Bibl.
2712 413 2912 479 (ἐι-ατ..
2946 414 3059 470 vol.
3094 411 3186 482 Vl,
3222 430 3274 484 p.
3329 411 3453 485 123)
3500 414 3742 486 primum

482 524 709 578 Beatum
745 521 1074 602 Bhenanum
1109 520 1253 575 hanc
1285 520 1582 575 historiam
1617 519 1808 575 Grzecc
1833 519 2076 574 edidisse
2108 522 2174 572 ad
2201 519 2412 575 calcem
2439 513 2698 576 Historiae
2731 513 3310 576 Eusebio-Rufinian:
3334 530 3389 576 et
3419 521 3736 592 tripartitaz,

489 629 767 698 adiunctis
796 626 1040 683 Victoris
1069 625 1316 682 Vitensis
1343 619 1506 681 libris
1537 623 1718 681 tribus
1750 627 1816 681 de
1847 625 2236 697 persecutione
2269 622 2572 681 Vandalica
2615 627 2671 681 et
2702 627 2961 697 anonymi
3003 626 3285 697 excerptis
3329 641 3395 680 ex
3445 624 3742 698 Nicephori

474 732 690 787 Callisti
711 732 954 786 Historia
977 730 1153 786 Basit.
1188 730 1334 802 apud
1368 727 1708 786 Frobenium
1741 730 1906 786 1555.
1933 731 2041 787 Sed
2063 732 2209 803 quod
2234 733 2468 788 audeam
2495 727 2749 788 dubitare
2777 733 3015 802 primum
3045 733 3099 786 in
3129 746 3297 788 causa
3329 740 3412 788 est
3443 733 3743 787 lectionum

476 836 846 908 discrepantia
881 835 935 891 in
966 843 1199 908 utraqlte
1224 877 1240 902 ,
1289 835 1576 898 ct_Latina
1613 837 2048 909 fragmentorum
2078 816 2445 909 quorumdam
2479 845 2534 893 et
2571 831 2760 894 Graeca
2807 837 3084 893 universae
3128 837 3375 893 historiae
3407 827 3741 894 Theodoreti

463 945 722 1001 editione
751 958 897 1013 quae,
933 943 1036 999 etsi
1068 957 1180 997 non
1212 958 1408 1014 magna
1439 950 1524 999 est
1557 943 1765 1015 (solent
1793 945 1940 1000 enim
1969 945 2299 1016 plerumque
2329 946 2494 1001 etiam
2528 944 2582 998 in
2609 943 2990 1015 singularibus
3019 944 3353 1000 lectionibus
3379 945 3742 1015 consentire),

477 1051 659 1122 aliqua
694 1059 778 1105 est
802 1057 1014 1114 tamen,
1053 1049 1108 1104 id
1147 1049 1296 1120 quod
1326 1059 1804 1130 excerptanostra
1856 1051 2158 1106 docebunt.
2209 1041 2417 1104 Deinde
2461 1036 2567 1105 etsi
2599 1047 2766 1104 nolim
2807 1056 3129 1118 suspectam
3180 1046 3372 1103 dicere
3423 1037 3586 1103 Iidem
3639 1047 3742 1102 Fa—

477 1155 660 1219 bricii,
691 1168 852 1224 quem
886 1153 1123 1208 aliorum
1172 1153 1606 1219 narrationibus,
1641 1155 1806 1210 etiam
1843 1157 2224 1228 catalogorum
2297 1155 2444 1209 mala
2483 1149 2610 1218 fide,
2653 1169 2798 1224 saepe
2833 1153 3082 1208 ablatum
3115 1168 3226 1207 non
3274 1154 3495 1225 ignoro,
3532 1153 3742 1208 nemini

477 1267 660 1314 tamen
705 1265 1192 1314 commemoratam
1224 1258 1563 1329 deprehendi
1593 1259 1844 1316 eamdem
1874 1302 1888 1326 ,
1937 1276 2104 1332 quam
2148 1251 2441 1318 Fabricius
2504 1255 2773 1318 Rhenauo
2827 1261 3062 1325 tribuit,
3125 1260 3452 1326 editionem,
3493 1249 3742 1316 sedeam

479 1380 640 1420 unam
667 1365 1036 1420 Basileensem
1067 1378 1190 1434 qua:
1227 1371 1429 1434 praeter
1459 1368 1672 1419 textum
1699 1364 1949 1421 Graecum
1986 1366 2128 1419 nihil
2176 1366 2449 1427 continet,
2481 1381 2763 1436 quamque
2795 1365 3038 1430 seorsim,
3075 1380 3189 1420 non
3225 1366 3582 1436 coniunctam
3617 1379 3743 1419 cum

487 1473 706 1526 caeteris
737 1469 802 1524 Η.
835 1470 1099 1526 Ecclesiae
1140 1469 1514 1540 scriptoribus
1542 1470 1823 1539 prodiisse
1847 1469 2017 1549 'clare
2057 1467 2352 1549 profitetur
2397 1467 2724 1520 Bibliotheca
2761 1467 3368 1538 Cesnero~Simleriana,
3395 1485 3450 1541 pa.
3496 1486 3553 1524 n.
3594 1469 3742 1530 διες

480 1576 716 1647 itemque
747 1576 905 1632 video
943 1576 1207 1647 epistolas
1233 1591 1264 1630 e
1295 1573 1638 1628 Theodoreti
1671 1575 1906 1630 historia
1950 1573 2206 1643 publicas
2235 1587 2446 1643 easque
2475 1571 2696 1627 Graecas
2723 1586 2849 1626 esse
2879 1573 2934 1626 in
2977 1572 3074 1627 illo
3106 1587 3271 1642 opere
3310 1588 3444 1628 cura
3488 1573 3741 1629 Rhenani

477 1679 646 1742 edito,
677 1681 822 1751 quod
856 1681 1225 1737 Eusebianam
1253 1679 1549 1734 historiam
1581 1679 1883 1749 interprete
1914 1670 2117 1733 Rufino
2142 1675 2424 1747 huiusque
2451 1674 2564 1730 duo
2597 1675 2768 1730 libros
2802 1673 3023 1732 additos
3048 1689 3173 1730 cum
3201 1673 3446 1730 Historia
3473 1675 3746 1746 tripartito

478 1786 892 1856 complectitur.
931 1783 1117 1851 Quare
1156 1783 1365 1853 incipio
1394 1783 1572 1838 vereri
1600 1798 1670 1839 ne
1705 1783 1847 1838 forte
1873 1783 1926 1836 in
1961 1771 2247 1837 volumine
2273 1796 2343 1836 eo
2375 1779 2525 1851 quod
2563 1777 2858 1836 Fabricius
2891 1779 2977 1835 vel
3010 1779 3129 1850 ipse
3165 1779 3356 1834 habuit
3397 1780 3481 1834 vel
3514 1771 3582 1834 ab
3623 1779 3749 1835 aliis

477 1899 971 1944 commemoratum
1036 1887 1206 1958 legit,
1272 1887 1564 1958 bibliopegi
1614 1887 1904 1942 arbitrium
1962 1883 2209 1942 Graecam
2267 1885 2567 1942 editionem
2621 1901 2746 1942 cum
2808 1885 2902 1940 illo
2944 1900 3115 1955 opere
3155 1884 3545 1952 coniunxerit;
3597 1885 3744 1940 unde

485 1989 729 2045 Fabricii
759 1967 921 2058 error
958 1991 1061 2046 hoc
1086 1989 1305 2047 facilius
1335 1991 1515 2062 potuit
1550 1987 1860 2062 proficisci,
1893 1984 2038 2061 quod
2069 1990 2386 2061 exemplum
2433 1987 2652 2059 quidem
2687 1988 2957 2045 editionis
3015 1988 3219 2044 Gra‘cm
3269 2003 3450 2044 meum
3485 1990 3538 2044 in
3581 1987 3743 2044 titulo

487 2095 619 2150 nihil
659 2096 822 2152 habet
861 2105 1058 2168 praeter
1101 2097 1265 2154 verba
1292 2116 1306 2153 :
1332 2097 1438 2152 Τοῦ
1483 2097 1758 2168 μακαρίου
1814 2095 2096 2167 Θεώωρὶυ

2136 2115 2148 2148 ι
2196 2096 2498 2149 ἐπισκόπου
2553 2095 2738 2166 Κύρου.)
2783 2094 3244 2167 ὲκκλησιαστικῆς
3304 2095 3545 2167 ἱστορίας
3590 2096 3745 2167 τόμοι

483 2201 664 2268 πέντε,
689 2203 892 2270 quibus
921 2203 1105 2258 statim
1139 2203 1194 2257 in
1227 2217 1427 2257 averso
1449 2203 1598 2256 tituli
1629 2201 1802 2255 latere
1835 2200 2210 2268 subiiciuntur
2238 2200 2516 2268 κεφάλαια
2543 2199 2669 2254 libri
2695 2198 3404 2271 primi.Quomodocunque
3431 2200 3524 2265 sit,
3553 2203 3745 2270 exqui-

481 2308 617 2362 sitas
645 2308 912 2362 lectiones
945 2305 1106 2360 offert
1142 2306 1236 2360 illa
1268 2304 1606 2361 Basilee’nsis
1641 2303 1852 2370 Graeca,
1884 2311 1944 2359 ut
1976 2304 2245 2360 hactenus
2272 2279 2428 2358 recte
2457 2303 2671 2373 iudicet
2709 2303 3067 2360 doctissimus
3093 2303 3346 2358 Valesius
3372 2318 3490 2359 eam
3523 2319 3649 2360 esse
3680 2313 3745 2360 ex

500 2413 708 2482 optimo
758 2411 948 2466 codice
991 2425 1331 2480 expressam,
1370 2425 1701 2481 quanquam
1731 2411 1868 2465 satis
1915 2411 2086 2465 multa
2139 2407 2402 2464 mendosa
2458 2408 2660 2469 habet,
2695 2407 2747 2464 in
2800 2409 3120 2466 accentibus
3167 2408 3402 2464 maxime
3453 2409 3507 2463 et
3555 2413 3745 2465 ortho-

481 2515 730 2584 graphia.

549 2603 719 2659 Paulo
745 2613 886 2675 post,
913 2621 1036 2660 cum
1072 2594 1400 2662 Franciscus
1429 2605 1673 2662 Francire
1699 2622 1796 2663 rex
1831 2621 2087 2678 magnam
2117 2606 2227 2660 vim
2259 2597 2576 2672 Graecorum
2634 2607 2818 2662 omnis
2869 2607 3090 2678 generis
3155 2597 3422 2663 librorum
3471 2623 3536 2663 ex
3589 2599 3739 2663 Italia

478 2709 799 2780 Graeciaque
825 2710 1008 2766 afferri
1039 2712 1216 2782 iisque
1240 2713 1431 2768 ornari
1467 2713 1862 2769 bibliothecam
1905 2728 2090 2778 suam,
2129 2720 2246 2768 tum
2312 2713 2596 2784 elegantes
2629 2713 2942 2769 litterarum
2993 2713 3200 2769 formas
3226 2713 3460 2770 exarari'
3485 2712 3746 2783 iussisset

481 2814 682 2884 quibus
711 2815 951 2884 Optimus
981 2816 1215 2886 quisque
1241 2817 1382 2872 liber
1415 2816 1846 2881 describeretur,
1874 2818 2116 2890 eiusque
2157 2819 2234 2874 rei
2293 2833 2481 2874 curam
2514 2820 2892 2874 transtulisset
2922 2818 2976 2873 in
3026 2817 3328 2874 Robertum
3368 2815 3732 2888 Stephanum,

483 2921 530 2976 is
551 2935 743 2976 eorum
782 2919 1124 2975 edendorum
1173 2923 1390 2976 initium
1424 2921 1556 2980 fecit
1587 2939 1615 2978 a
1655 2924 2026 2996 scriptoribus
2085 2922 2290 2978 veteris
2349 2896 2598 2976 historia:
2665 2922 3063 2977 ecclesiastica
3112 2921 3431 2991 coniunctis
3473 2923 3527 2977 in
3579 2917 3745 2977 unum

481 3025 710 3080 maximi
738 3023 940 3078 moduli
969 3025 1247 3093 volumen,
1273 3027 1504 3082 Lutetiae
1549 3027 1892 3084 Parisiorum
1931 3043 2062 3083 ann.
2113 3028 2272 3082 15M.
2310 3027 2683 3083 Accesserunt
2730 3027 2784 3082 in
2824 3027 2930 3084 line
2970 3029 3136 3082 varia:
3189 3027 3456 3085 lectiones
3511 3045 3542 3085 e
3590 3025 3748 3086 libris

481 3130 900 3193 vetustissimis,
929 3130 1022 3200 qui
1057 3137 1150 3184 aut
1181 3133 1374 3201 quales
1407 3138 1504 3185 aut
1530 3141 1665 3204 quot
1700 3131 1932 3197 fuerint,
1962 3141 2056 3188 aut
2087 3149 2202 3204 qua
2227 3133 2496 3203 religione
2537 3133 2590 3187 in
2631 3133 2697 3186 iis
2732 3129 3064 3204 ‘colligendis
3104 3149 3240 3189 usus
3279 3134 3350 3188 sit
3393 3134 3707 3204 Stephanus
3730 3179 3745 3198 ,

480 3251 593 3292 non
633 3236 770 3292 satis
794 3242 1052 3302 constat;
1085 3236 1217 3291 nihil
1254 3237 1401 3292 enim
1433 3253 1601 3309 super
1627 3255 1690 3294 ea
1724 3257 1784 3296 re
1819 3241 2082 3295 lectorem
2127 3237 2441 3292 admonuit.
2512 3236 2883 3292 Basilecnscm
2912 3237 3214 3292 editionem
3263 3253 3376 3293 non
3431 3234 3734 3295 adhibitam

483 3341 866 3406 animadverti,
891 3350 965 3409 et,
992 3343 1038 3398 si
1066 3343 1194 3414 quis
1231 3344 1436 3415 cogitet
1491 3347 1720 3401 modum
1760 3362 1887 3402 eum
1919 3360 2085 3417 quem
2127 3343 2449 3413 Stephanus
2482 3349 2567 3397 est
2617 3343 2744 3398 aliis
2777 3342 2833 3397 in
2887 3342 3045 3397 libris
3073 3343 3304 3399 edendis
3349 3354 3598 3410 secutus,
3633 3362 3744 3400 non
3778 3399 3804 3414 ,

483 3459 568 3505 est
604 3451 873 3506 credibile
905 3451 1057 3506 illum
1101 3466 1294 3506 omnes
1327 3468 1466 3522 quas
1495 3461 1711 3524 poterat
1740 3461 1794 3506 et
1825 3452 2062 3508 debebat
2098 3451 2366 3507 lectiones
2409 3449 2722 3522 collegisse,
2748 3447 2845 3506 sed
2885 3465 2980 3506 eas
3013 3465 3136 3522 qua:
3175 3453 3260 3508 vel
3307 3455 3527 3510 codices
3560 3455 3746 3510 subito

485 3556 683 3628 legenti
713 3556 797 3610 vel
829 3555 883 3608 in
911 3554 1316 3611 difﬁcilioribus
1342 3557 1482 3612 locis
1521 3557 1836 3612 consulenti
1873 3557 2275 3612 occurrissent.
2308 3554 2582 3611 Caeterum
2631 3555 2752 3628 ipse
2783 3565 2972 3613 tevtus
3006 3557 3254 3626 Graecus,
3287 3577 3604 3633 quanquam
3635 3579 3742 3619 non

484 3664 558 3716 ita
586 3675 760 3732 purus
787 3671 871 3717 est
905 3669 962 3715 ut
995 3662 1307 3717 vitiis'cum
1340 3661 1646 3734 Scriptum
1682 3674 1798 3717 tum
1833 3677 2132 3734 Operarum
2167 3669 2361 3716 careat
2403 3662 2569 3714 etiam
2603 3661 2672 3717 iis
2712 3668 2834 3730 qua:
2863 3678 3090 3717 sensum
3126 3663 3304 3732 ipsum
3346 3664 3608 3730 alliciant,
3662 3657 3747 3721 ta-

483 3780 606 3820 men
629 3765 1057 3835 elegantissimis
1087 3766 1399 3820 litterarum
1428 3765 1622 3820 formis
1655 3767 1999 3837 omninoque
2037 3755 2100 3822 ira
2145 3781 2280 3821 cura
2337 3783 2642 3843 expressus
2693 3777 2799 3830 est,
2839 3776 2919 3830 ut,
2961 3767 3283 3839 quicunque
3319 3779 3444 3841 post
3503 3771 3742 3843 Stepha-

484 3887 612 3926 num
658 3872 795 3927 istos
842 3871 1144 3937 scriptorcs
1190 3880 1531 3940 repeterent,
1588 3887 1780 3928 omnes
1837 3873 1988 3927 illam
2032 3873 2414 3928 reccnsioncm
2443 3913 2456 3936 ,
2507 3887 2826 3945 quanquam
2882 3890 3006 3929 cum
3067 3872 3258 3945 aliquo
3299 3875 3494 3941 modo,
3544 3894 3745 3950 seque-

483 3988 691 4030 rentur.
3630 3988 3636 3992 .

554 4066 624 4118 Ex
653 4067 738 4120 his
766 4064 914 4120 fuere
946 4065 1004 4130 ii,
1037 4065 1128 4134 qui
1165 4081 1324 4121 omne
1376 4066 1479 4120 hoc
1540 4067 1935 4122 historicorum
1991 4071 2720 4142 veterum‘Christianorum
2789 4089 2996 4144 corpus
3046 4075 3340 4133 ediderunt
3383 4093 3512 4133 cum
3569 4077 3735 4132 Joan.

481 4169 989 4239 Cltristophm'soni,
1032 4169 1280 4239 episcopi
1326 4171 1680 4234 Cestriensis,
1741 4171 2206 4243 interpretatione
2243 4175 2460 4242 Latina,
2506 4179 2751 4234 Colonia:
2783 4180 3139 4251 Allobrogum
3179 4197 3276 4249 per
3307 4171 3529 4234 Petrum
3574 4183 3642 4237 de
3695 4185 3743 4235 la

483 4275 717 4332 Revicrc
743 4293 871 4331 ann.
908 4277 1046 4331 1612
1073 4275 1288 4333 duobus
1321 4279 1488 4333 tomis
1517 4277 1710 4333 fortine
1744 4280 2016 4335 maximae.
2051 4281 2260 4335 Textus
2289 4281 2516 4338 Graecus
2551 4300 2616 4339 ex
2651 4285 2896 4339 editione
2939 4283 3318 4356 Stephaniana
3360 4283 3586 4348 ductus,
3645 4290 3738 4342 sed

484 4397 675 4453 parum
701 4385 980 4452 eleganter
1005 4393 1058 4438 et
1089 4384 1320 4438 infinitis
1343 4399 1638 4454 operarum
1669 4386 1819 4440 vitiis
1848 4387 2200 4456 inquinatus,
2234 4401 2553 4456 quanquam
2581 4388 2712 4442 etin
2749 4390 2992 4456 capitum
3019 4403 3066 4442 s.
3097 4387 3408 4442 sectionum
3442 4391 3742 4460 partitione.

484 4489 716 4543 subinde
746 4489 1018 4543 diversam
1057 4502 1086 4540 a
1121 4486 1496 4556 Stephaniana
1533 4491 1805 4544 rationem
1843 4491 2087 4546 editores
2111 4499 2443 4561 sequuntur.
2479 4490 2654 4544 Habet
2682 4499 2864 4544 tamen
2898 4489 3002 4545 ista
3037 4489 3378 4548 Gcnevensis
3399 4493 3568 4549 editio
3601 4495 3741 4552 hanc

483 4593 664 4648 dotem
699 4604 757 4647 ut
794 4595 909 4648 sive
945 4593 1164 4664 iniectae
1203 4593 1376 4647 textui
1412 4593 1528 4646 sive
1553 4593 1620 4646 ad
1654 4595 1957 4664 marginem
1990 4598 2182 4665 positm
2210 4597 2320 4652 sint
2350 4598 2515 4651 variae
2549 4597 2839 4662 lectiones,
2873 4609 3015 4668 qttze,
3069 4599 3122 4653 in
3149 4597 3479 4656 Theodoreti
3516 4603 3738 4674 quidem

487 4696 750 4761 Historia,
779 4701 862 4755 vel
896 4700 962 4752 ad
1011 4698 1590 4768 Christophorsonum
1627 4697 1709 4752 vel
1741 4699 1805 4750 ad
1830 4695 2136 4768 Josephum
2189 4701 2532 4771 Scaligernm
2591 4701 2927 4758 referentur.
2965 4703 3041 4760 De
3074 4721 3308 4776 quarum
3351 4707 3566 4762 ratione
3602 4709 3738 4763 nihil

483 4808 619 4862 certi
657 4807 829 4860 habeo
859 4804 1003 4876 quod
1031 4805 1233 4866 dicam,
1263 4804 1366 4857 nisi
1400 4805 1544 4874 quod
1579 4819 1680 4874 ego
1721 4803 1935 4875 aliquas
1969 4805 2381 4861 ohscrvaverim
2417 4823 2447 4862 e
2475 4808 2704 4865 Socrate
2735 4809 3166 4880 Sozomenoque
3199 4811 3400 4865 ductas
3438 4811 3490 4864 in
3526 4813 3738 4882 episto-

486 4913 553 4967 lis
581 4929 674 4968 scu
708 4911 1140 4980 professionibus
1173 4910 1407 4980 publicis
1437 4925 1575 4979 quas
1610 4911 1805 4964 horum
1845 4910 2266 4966 triumvirorum
2301 4913 2585 4984 diligentia
2614 4916 2879 4978 servavit,
2902 4915 3164 4984 quodque
3202 4913 3478 4968 llcnricus
3504 4915 3740 4971 Savilius

489 5017 653 5087 (apud
689 5015 987 5079 Valcsium,
1015 5015 1169 5086 prtel‘.
1206 5013 1272 5067 ad
1316 5022 1449 5066 tom.
1484 5013 1550 5068 111
1585 5013 1847 5070 Ilistoric.
1878 5015 2090 5086 eccles.)
2127 5017 2449 5082 profiteatur
2476 5038 2489 5074 :
2521 5018 3066 5088 Christophorsmmm
3107 5031 3174 5070 ea:
3206 5015 3373 5072 tribus
3401 5023 3738 5086 priestmitis—

486 5126 634 5178 siritis
667 5142 794 5181 mss.
825 5123 1238 5192 exemplaribus,
1280 5121 1557 5188 Vaticano,
1600 5122 1796 5178 Veneto
1840 5133 1888 5177 et
1916 5106 2229 5176 Florentino
2274 5124 2543 5194 vulgatum
2573 5141 2603 5176 η
2637 5124 2767 5177 Rob.
2811 5123 3080 5192 Stephano
3132 5121 3366 5177 codicem
3403 5127 3738 5188 emendasse.

481 5245 600 5298 quis
627 5229 786 5283 varia:
841 5227 1089 5282 lectiones
1118 5243 1182 5281 εκ
1213 5227 1444 5282 editione
1485 5229 1957 5298 Christophorsoni
2014 5228 2360 5299 inspiciendo:
2413 5232 2520 5284 sint
2565 5229 2850 5298 adﬁnem
2907 5227 3160 5280 editionis
3211 5225 3440 5295 Latium,
3500 5231 3742 5286 Colonia'

486 5353 613 5388 ann.
649 5336 805 5389 l‘o'Sl.
837 5333 940 5390 Sed
982 5334 1114 5403 quid
1142 5334 1684 5406 Christophorsonus
1717 5351 1783 5388 ex
1820 5335 1941 5390 istis
1973 5334 2263 5390 codicibus
2297 5335 2540 5405 quidque
2579 5350 2609 5388 e
2641 5333 2961 5402 conjectura
3008 5334 3304 5404 posuerit?
3336 5338 3744 5391 accesserintnv

484 5441 599 5510 iam
633 5450 750 5496 tum
783 5441 1196 5498 emendationes
1246 5441 1534 5513 Scaligeri,
1565 5458 1631 5496 an
1662 5451 1852 5512 postea
1897 5441 1952 5495 in
1989 5441 2229 5498 editione
2269 5439 2628 5495 Gcnevensi?
2675 5437 3016 5509 omninoque
3061 5455 3169 5511 qua
3211 5440 3318 5513 fide
3376 5451 3432 5499 et
3486 5437 3747 5510 ἀκριϐείᾳ

488 5551 839 5606 Gencvcnses
875 5550 957 5604 usi
990 5549 1211 5612 fuerint,
1237 5548 1312 5614 id,
1340 5549 1601 5618 quoniam
1637 5547 1900 5602 editionis
1933 5547 2095 5603 istius
2125 5545 2335 5600 Latinio
2365 5559 2494 5598 ann.
2533 5539 2662 5596 138l
2720 5545 3054 5614 usurpanda:
3097 5545 3250 5602 nulla
3298 5546 3462 5602 nobis
3500 5542 3644 5600 data,
3669 5543 3748 5597 fa-

485 5657 658 5712 cultas
689 5655 824 5720 fuit,
861 5671 958 5710 nec
987 5655 1106 5725 eius
1146 5655 1220 5710 rei
1253 5654 1550 5724 quidquam
1581 5651 1934 5710 Genevcnses
1964 5653 2229 5724 produnt,
2263 5654 2418 5708 nullo
2465 5649 2625 5706 modo
2655 5649 2839 5706 dicere
2869 5649 3022 5708 licet.

3563 5769 3656 5800 ,δἐι
