4074 6176
329 256 392 322 15
1487 245 1693 305 JOAN.
1721 243 1895 302 AUU.
1940 239 2317 298 NOESSELT
3501 235 3564 301 16

396 366 641 435 Triginta
673 361 830 414 annis
861 366 980 427 post
1011 374 1134 408 cum
1165 355 1403 409 Jacobus
1436 351 1764 407 Sirmondus
1798 349 2004 417 primus
2038 349 2224 401 omnia
2254 346 2584 400 Theodoreti
2615 361 2777 415 opera
2818 346 3024 410 ederet,
3059 355 3267 401 textum
3314 348 3562 403 historia:

328 469 657 525 Theodoreti
698 465 833 520 satis
866 463 1232 518 emaculatum
1268 461 1440 524 dedit,
1478 460 1530 512 in
1583 473 1692 527 quo
1731 462 1960 532 apparet
1997 451 2260 519 Stephani
2316 465 2378 502 ac
2415 449 2598 518 potius
2653 449 3143 520 ChristOphorsoni
3180 452 3561 506 recensione...

332 591 428 643 pro
459 572 573 624 basi
604 585 728 624 esse
757 566 849 621 sed
881 565 1170 633 aliquoties
1199 578 1225 615 a
1261 561 1558 616 Sirmondo
1589 566 1913 613 correctam.
1953 554 2070 620 Qua
2103 555 2155 606 iu
2183 570 2239 605 re
2265 569 2430 622 quam
2465 553 2635 622 legem
2669 561 2764 606 aut
2791 553 3008 606 modum
3049 551 3274 609 secutus
3301 554 3395 622 sit,
3423 557 3563 609 nilnt

342 679 568 731 omnino
603 675 756 728 dicit.
794 670 1160 725 Existimabat
1190 667 1438 721 Valesius
1471 683 1594 720 cum
1631 664 1931 718 contulisse
1959 658 2255 713 codicesiu
2287 659 2620 712 bibliotheca
2651 660 2796 729 regia
2825 657 3124 714 Parisiensi
3160 667 3216 713 ut
3245 675 3370 714 eum
3403 677 3564 730 quem

337 783 582 836 Valesius
616 779 749 833 dicit
777 776 936 831 Joau.
996 773 1113 827 l’ini
1148 771 1338 835 fuisse,
1374 773 1617 840 itemque
1648 769 1758 822 duo
1818 767 1988 820 libros
2021 764 2158 818 Rob.
2195 763 2482 833 Stephani.
2538 764 2610 820 De
2649 764 2745 820 illo
2776 764 2939 819 facile
2985 765 3296 828 consentio,
3326 775 3477 820 certe
3511 767 3563 820 in

334 887 704 958 singularibus
739 883 1069 937 iCLIitlllibUS
1103 879 1337 934 subinde
1379 894 1503 934 cum
1539 894 1647 930 uno
1690 875 1805 929 Pini
1868 874 2006 927 libro
2058 869 2384 936 concordat,
2421 883 2736 940 quanquam
2787 885 2895 922 non
2927 868 3090 922 nimis
3122 883 3285 938 saepe,
3343 879 3396 952 et
3439 884 3567 924 vero

336 993 497 1045 etiam
529 989 731 1056 smpius
776 985 843 1038 ab
883 999 947 1038 eo
984 983 1259 1038 dissentit.
1290 982 1357 1034 At
1388 996 1514 1034 eum
1543 979 1896 1034 consuluisse
1933 977 2114 1046 ipsum
2146 974 2369 1029 codices
2401 975 2585 1044 regios
2615 988 2644 1026 a
2687 971 2969 1044 Stephano
2996 974 3248 1038 collatos,
3281 973 3414 1028 mihi
3442 978 3566 1045 qui-

338 1094 455 1144 deni
484 1105 590 1143 non
626 1087 956 1158 persuaserit
985 1084 1256 1141 Valesius.
1297 1081 1416 1138 Non
1449 1083 1628 1137 dicam
1663 1083 1713 1136 id
1746 1081 1951 1135 frustra
1998 1078 2166 1140 sumi,
2203 1076 2547 1148 Stephanum
2589 1091 2698 1130 non
2741 1077 2846 1131 nisi
2893 1077 3234 1134 duoslibros
3265 1080 3568 1134 contulisse

346 1209 418 1250 ita
455 1205 509 1249 ut
538 1212 600 1250 ex
641 1211 746 1248 uno
774 1203 982 1247 textum
1022 1192 1309 1256 formaret,
1337 1207 1400 1245 ex
1433 1191 1606 1244 altero
1633 1189 1934 1242 lectionum
1961 1186 2337 1239 diversitatem
2375 1186 2628 1250 adderet;
2662 1201 2787 1238 nam
2815 1186 2938 1238 illas
2960 1185 3224 1241 lectiones
3251 1186 3401 1241 clare
3431 1187 3568 1241 dicit

339 1306 394 1354 ἐν
418 1304 527 1363 τοῖς
558 1297 937 1360 παλαιοτάτοις
964 1298 1340 1368 ἀντιγράφοις,
1385 1294 1636 1365 pluribus
1664 1293 1848 1361 igitur,
1879 1289 1948 1359 εὑη

1952 1288 2192 1359 ρεοείσας
2223 1306 2237 1354 ;
2274 1289 2367 1343 sed
2411 1303 2520 1341 non
2552 1289 2597 1344 is
2624 1299 2743 1344 erat
2771 1287 3102 1343 Sirmondus
3136 1290 3229 1360 qui
3265 1290 3561 1361 diligenter

341 1408 720 1477 discrepantes
750 1407 804 1459 iu
828 1403 1110 1459 codicibus
1137 1403 1401 1456 lectiones
1437 1398 1739 1462 colligeret,
1787 1403 1843 1447 ut
1875 1393 1968 1464 qui
2008 1408 2076 1446 ne
2127 1393 2253 1446 illas
2284 1392 2506 1461 quidem
2535 1392 2706 1446 bonas
2749 1392 3063 1455 adhiberet,
3090 1409 3230 1463 quas
3284 1395 3366 1449 vel
3410 1393 3567 1451 Basi-

344 1510 546 1563 ieettsis
583 1511 751 1562 editio
785 1509 868 1561 vel
901 1507 1013 1576 ipse
1040 1506 1352 1573 Stephanus
1382 1503 1435 1555 in
1468 1500 1650 1554 libello
1679 1499 1952 1552 variarum
1981 1497 2280 1550 lectiOnum
2312 1496 2608 1550 obtulerat.
2642 1494 2879 1552 Omnino
2922 1499 3159 1568 plurium
3216 1499 3374 1568 quasi
3416 1500 3566 1553 ἐκδό-

343 1634 478 1669 σεων
501 1616 724 1669 cinnum
759 1611 908 1667 dedit
945 1609 1273 1664 Sirmondus
1321 1607 1398 1660 ita
1434 1615 1519 1667 ut,
1557 1605 1646 1658 tibi
1685 1619 1714 1656 a
1757 1602 2128 1672 Stephaniana
2161 1610 2310 1656 textu
2343 1601 2610 1666 discedit,
2649 1603 2971 1673 plerumque
2993 1604 3478 1673 Cbristophorsoui
3512 1615 3567 1660 et

345 1721 607 1788 Scaligeri
633 1715 1044 1772 einendationes
1069 1709 1336 1781 receperit
1374 1710 1428 1762 in
1460 1706 1976 1771 textum,interdum
2007 1721 2037 1759 e
2066 1705 2252 1760 codice
2273 1704 2434 1759 Joan.
2458 1705 2598 1772 Pini,
2620 1708 2800 1764 rarius
2821 1723 2851 1762 e
2876 1708 3251 1789 Stephaniana
3282 1710 3562 1762 variarum

345 1825 640 1876 lectionum
697 1818 902 1881 libello,
940 1831 1070 1870 suas
1103 1814 1341 1879 duxerit,
1365 1813 1605 1880 itemque
1633 1812 1713 1865 vel
1743 1826 1808 1865 ex
1844 1810 2061 1879 ingenio
2093 1810 2175 1863 vel
2206 1826 2236 1864 e
2259 1810 2807 1880 codicibttstjumdarri
2836 1813 3130 1870 addiderit.
3157 1820 3215 1866 ut
3240 1813 3332 1868 lib.
3371 1829 3410 1877 ι,
3435 1826 3486 1867 c.
3510 1811 3566 1878 4,

345 1947 393 1996 p.
425 1925 526 1978 Ἱδῦ
562 1925 694 1978 edit.
731 1929 931 1976 nostra:
963 1920 1052 1973 illa
1082 1937 1094 1972 :
1134 1919 1270 1981 Τοὺς
1300 1916 1594 1986 οεηγόρους
1628 1917 1773 1985 φημὶ
1801 1917 1954 1968 deos“

1960 1913 2150 1976 πόλους,
2189 1921 2242 1967 et
2278 1914 2443 1983 paulo
2466 1921 2592 1984 post
2635 1933 2648 1968 :
2695 1915 2770 1967 Οὐ
2806 1914 3038 1985 φυσικὴν
3090 1911 3228 1969 εἶναι
3271 1915 3443 1984 λέγων
3487 1920 3569 1979 εὶς

344 2030 670 2098 κατάληψιν,
704 2027 757 2080 in
802 2026 1100 2093 eademque
1143 2022 1339 2094 pagina
1380 2022 1444 2074 ἐκ
1484 2019 1578 2072 τοῦ
1612 2019 1671 2083 ἐξ
1694 2018 1793 2071 οὐκ
1820 2018 1953 2070 ὅντω

1960 2035 2006 2082 ν,
2049 2034 2086 2079 1,
2122 2018 2184 2070 17
2215 2025 2356 2072 extr.
2399 2018 2772 2070 κατακλίνασα
2814 2034 2910 2088 pro
2952 2019 3168 2082 ἀνικλη
3197 2036 3272 2084 tv,
3303 2021 3356 2084 8,
3389 2021 3569 2076 deleto

345 2133 610 2185 \ocabulo
638 2129 950 2182 ἐπισκόπων
976 2142 1075 2197 pro
1097 2128 1266 2194 ὑγιεῖς
1291 2126 1473 2194 inepte
1499 2123 1716 2195 reponit
1739 2123 1884 2192 ὑγιεῖ
1908 2131 1954 2176 ul

1933 2131 1964 2176 ιι
1994 2120 2264 2176 referatur
2291 2123 2359 2174 ad
2376 2119 2538 2173 τέλει.
2561 2118 2922 2174 Praetermitto
2953 2120 3093 2187 alia;
3126 2136 3302 2192 neque
3333 2137 3390 2176 se
3419 2121 3542 2176 cohi

346 2240 459 2292 bllil
492 2235 787 2306 quominus
817 2242 868 2287 et
907 2233 1148 2303 capitum
1182 2230 1296 2286 sive
1336 2229 1660 2283 divisionem
1705 2230 1820 2281 sive
1857 2227 2045 2280 titulos
2081 2235 2336 2280 mutaret.

409 2364 592 2432 Longe
621 2363 814 2414 horum
852 2358 1098 2413 omnium
1125 2357 1460 2429 diligentiam
1492 2355 1772 2426 superavit
1798 2353 2245 2410 excellentissimi
2270 2355 2474 2424 ingenii
2506 2363 2668 2423 atque
2692 2356 2954 2408 doctrina:
2985 2355 3065 2408 vir
3098 2355 3372 2410 Henricus
3411 2356 3572 2414 Vale-

347 2473 480 2532 sius,
518 2483 640 2520 cum
673 2465 914 2519 historia:
940 2463 1141 2518 veteris
1175 2461 1506 2516 Christiana:
1537 2459 1840 2528 scriptores
1876 2458 2096 2511 Gnaeos
2125 2457 2701 2512 aniniadversiouibus
2735 2460 2853 2513 suis
2884 2460 3191 2513 illustratos
3213 2461 3372 2514 edere
3409 2462 3569 2515 insti-

347 2571 560 2624 tuisset.
600 2568 842 2636 .‘iamque
877 2573 1081 2621 textum
1119 2561 1512 2631 Stephanicum
1554 2575 1583 2614 a
1617 2575 1695 2624 se,
1723 2575 2038 2636 quanquam
2076 2575 2184 2613 non
2211 2559 2376 2615 nimis
2405 2576 2569 2630 saepe,
2602 2563 2948 2630 castigatum,
2991 2576 3099 2614 non
3128 2562 3286 2616 modo
3316 2579 3454 2616 nova
3485 2565 3570 2617 iu-

351 2672 762 2742 terpretatioue,
798 2673 889 2724 sed
923 2669 1085 2722 etiam
1136 2666 1281 2720 notis
1317 2664 1655 2719 doctissimis
1694 2635 1932 2729 ortiavit,
1965 2666 2165 2734 quibus
2201 2665 2281 2719 vel
2328 2665 2490 2719 rebus
2526 2666 2658 2734 ipsis
2711 2666 2932 2720 luminis
2980 2667 3183 2737 aliquid
3215 2668 3455 2733 alferret,
3485 2672 3568 2724 vel

347 2789 552 2830 textum
601 2775 939 2830 emendaret.
993 2773 1121 2828 Erat
1178 2773 1324 2828 enim
1359 2772 1408 2827 is
1459 2771 1694 2826 maxime
1726 2771 1982 2827 omnibus
2016 2773 2215 2841 ingenii
2251 2774 2645 2828 exercitatione
2702 2774 2933 2839 subacti,
2970 2775 3295 2845 linguarum,
3330 2777 3573 2832 historiae

349 2889 547 2937 veteris
577 2879 844 2950 praesidiis
881 2880 1208 2943 instructus,
1251 2878 1474 2946 adjutus
1509 2877 1672 2932 etiam
1708 2877 1865 2932 libris
1899 2876 2059 2931 editis
2089 2886 2141 2931 et
2180 2878 2428 2944 scriptis,
2461 2885 2610 2930 certe
2649 2892 2836 2930 eorum
2869 2879 3158 2948 excerptis,
3188 2895 3307 2948 qua:
3339 2895 3369 2933 a
3397 2880 3573 2934 Leone

349 2989 546 3042 Allatio
572 2996 853 3056 acceperat
885 2984 1211 3054 pertinentia
1246 2983 1314 3037 ad
1348 2984 1583 3052 primum
1615 2991 1669 3038 et
1699 2982 1999 3038 secundum
2043 2979 2372 3034 Theodoreti
2407 2980 2628 3044 librum,
2665 2982 2770 3034 alia
2821 2997 3040 3050 quoque
3070 2982 3138 3035 ab
3167 2981 3391 3038 Usserio
3416 3000 3447 3038 e
3480 2999 3576 3039 co-

351 3095 470 3147 dice
503 3091 721 3144 llenrici
753 3089 939 3142 Savilii
970 3090 1130 3159 cujus
1168 3089 1431 3144 lectiones
1471 3103 1500 3141 a
1535 3086 1798 3158 Stephani
1851 3096 2000 3142 textu
2051 3087 2434 3156 discrepantes
2497 3089 2611 3156 ipse
2644 3087 2885 3143 Savilius
2944 3090 2999 3142 in
3034 3090 3196 3144 istius
3223 3099 3403 3144 textus
3429 3105 3575 3144 mar-

353 3198 473 3265 gine
502 3196 858 3262 ascripserat.
891 3190 988 3246 itis
1022 3208 1218 3262 magno
1251 3208 1377 3246 cum
1413 3192 1628 3247 delectu
1668 3208 1800 3246 usus
1819 3199 1927 3254 est,
1952 3199 2149 3244 czetera
2195 3205 2262 3244 ex
2293 3189 2512 3259 ingenio
2567 3189 2885 3244 felicissime
2913 3190 3203 3244 constituit
3241 3191 3293 3244 in
3341 3189 3578 3245 editione

355 3304 645 3356 l'arisicnsi
676 3300 803 3353 anni
839 3299 996 3364 1675,
1045 3311 1258 3352 recocta
1288 3297 1618 3369 Moguntina:
1650 3305 1744 3351 aut
1781 3296 1967 3366 potius
1995 3292 2343 3348 Francofurti
2375 3292 2529 3348 1679.
2565 3293 2693 3348 Post
2719 3301 2948 3347 mortem
2986 3292 3188 3348 Valesii
3215 3309 3337 3347 cum
3365 3303 3578 3364 reperta

353 3412 538 3458 essent
570 3405 621 3456 in
661 3402 781 3471 ejus
810 3401 1015 3454 chartis
1041 3415 1160 3469 qua:
1192 3399 1258 3453 ad
1289 3399 1412 3469 ejus
1442 3408 1601 3454 notas
1651 3402 1766 3455 sive
1800 3398 2171 3454 emendandas
2216 3399 2331 3454 sive
2369 3398 2648 3468 augendas
2698 3398 2959 3463 facerent,
3004 3415 3066 3452 ea
3097 3399 3281 3453 addita
3331 3403 3580 3471 superio-

358 3507 505 3560 ribus
539 3507 758 3559 l'uerunt
787 3505 840 3557 in
871 3504 1199 3573 repetitione
1238 3502 1494 3556 editionis
1532 3500 1831 3556 Valesiame
1861 3499 2002 3555 facta
2034 3518 2161 3557 ann.
2196 3503 2358 3567 1677,
2383 3520 2544 3573 quam
2581 3503 2830 3573 sequitur
2852 3502 3023 3557 editio
3052 3503 3579 3561 Atttstelodamensis

359 3625 451 3662 seu
483 3607 914 3661 Franeofurtana
937 3621 1064 3693 atin.
1103 3606 1253 3660 1695.
1289 3605 1420 3671 Quae
1445 3608 1548 3661 etsi
1579 3623 1852 3677 perpauca
1881 3617 2032 3672 sunt,
2059 3618 2240 3663 tamen
2273 3625 2373 3664 nos
2408 3609 2702 3678 plurimum
2735 3609 3062 3679 adjuvcruut
3091 3621 3312 3680 propter
3347 3623 3414 3665 ea’
3435 3615 3579 3681 quod

361 3714 622 3766 lectiones
659 3711 916 3765 exhibent
945 3725 1040 3765 eas
1079 3725 1217 3779 quas
1256 3708 1502 3764 Valesius
1536 3727 1566 3764 e
1605 3711 1794 3766 codice
1823 3710 1980 3766 Joan.
2019 3713 2138 3767 Pini
2172 3713 2428 3778 duxerat,
2459 3717 2551 3785 qui
2609 3715 2772 3772 hodie
2821 3727 2904 3772 est
2957 3718 3010 3769 in
3055 3716 3383 3772 bibliotheca
3433 3719 3580 3787 regia

362 3819 675 3872 Parisieusi.
715 3816 867 3871 llunc
893 3833 921 3869 a
955 3815 1231 3886 Stephano
1255 3825 1416 3886 atque
1447 3817 1742 3872 Sirmondo
1764 3818 1879 3888 jam
1915 3821 2200 3886 collatum,
2225 3820 2410 3874 nescio
2432 3835 2594 3889 quam
2625 3835 2743 3873 vere
2774 3821 2994 3888 putabat
3030 3818 3312 3887 Valesius;
3343 3823 3486 3892 quod
3533 3824 3580 3876 si

361 3929 563 3979 factum
595 3927 686 3988 sit,
729 3933 940 3994 oportet
977 3924 1078 3978 hoc
1112 3925 1388 3994 negotium
1448 3925 1782 3995 negligenter
1823 3926 1891 3979 ab
1948 3936 2176 3997 utroque
2231 3928 2670 3980 administratum
2725 3943 2886 3990 esse;
2923 3928 3225 3996 singulares
3275 3930 3416 3981 cuim
3454 3940 3582 3984 sunt

363 4035 478 4084 istae
509 4031 768 4083 lectiones
797 4029 1057 4092 l’iuianw,
1113 4044 1343 4097 quarum
1394 4044 1568 4099 pauca
1614 4030 1907 4084 admodum
1961 4033 2013 4086 in
2051 4033 2438 4087 Sirmondiana
2471 4033 2732 4096 editione,
2771 4033 2920 4084 nttlla
2966 4032 3078 4085 fere
3111 4033 3163 4085 in
3212 4033 3583 4102 Stephaniano

371 4136 646 4189 variarum
681 4134 975 4187 lectionum
998 4133 1199 4196 libello,
1226 4134 1451 4202 vestigia
1479 4135 2171 4204 deprehendi.Quanquam
2200 4134 2422 4186 omnino
2451 4132 2608 4186 doleo
2645 4150 2750 4185 non
2784 4134 3093 4187 universam
3125 4135 3372 4189 lectionis
3408 4134 3584 4188 varie-

364 4251 526 4293 tatem
558 4257 621 4294 ex
651 4241 750 4292 hoc
776 4240 1006 4309 aliisque
1031 4240 1185 4293 libris
1221 4239 1304 4292 vel
1336 4255 1364 4291 a
1398 4238 1610 4293 Valesio
1652 4241 1734 4294 vel
1775 4255 1806 4293 τι
1832 4239 2041 4294 caeteris
2107 4238 2387 4306 repetitam
2421 4252 2584 4301 esse;
2619 4237 2710 4291 sed
2777 4237 2876 4291 hoc
2943 4253 3231 4292 ron‘miune
3279 4239 3467 4292 vitium
3504 4250 3587 4293 est

365 4345 706 4414 superiorum
745 4352 1071 4414 temporum,
1099 4345 1163 4396 de
1196 4359 1304 4413 quo
1350 4342 1474 4396 uolo
1500 4341 1680 4412 justas
1713 4361 2028 4414 magnorum
2059 4343 2299 4394 virorum
2332 4342 2581 4411 querelas
2626 4353 2890 4411 repeiere,
2927 4344 3065 4396 satis
3107 4351 3191 4397 est
3235 4340 3586 4395 admonuisse

365 4453 618 4513 lectores,
659 4465 746 4513 ne,
790 4449 879 4501 ubi
913 4463 1119 4517 paucos
1155 4448 1387 4501 viderint
1424 4448 1582 4500 nobis
1613 4459 2066 4501 counuemoratos
2116 4447 2336 4504 codices
2379 4450 2614 4518 aliquam
2653 4466 2762 4520 pra'
2803 4467 2861 4505 se
2913 4451 3054 4506 ferre
3102 4451 3411 4512 leCtioncm,
3467 4462 3585 4500 eam

365 4558 544 4608 statim
580 4571 874 4624 paucorum
912 4562 1123 4623 putent,
1155 4555 1250 4621 qui
1286 4567 1439 4605 error
1475 4552 1682 4614 multis,
1715 4553 1876 4605 etiam
1905 4553 2083 4607 doctis
2115 4554 2270 4617 viris,
2306 4553 2504 4610 obfuit.

443 4668 635 4722 Omnis
672 4667 784 4720 lucc
817 4665 986 4720 editio
1022 4672 1266 4717 veterum
1298 4662 1693 4716 historicorum
1731 4660 1933 4717 Valesii
1982 4667 2396 4736 elegantissime
2437 4669 2667 4736 repetita
2706 4666 2808 4719 fuit
2842 4681 2870 4717 a
2906 4665 3203 4719 Guilielmo
3244 4662 3545 4732 iieadiugio
3568 4701 3583 4726 ,

393 4775 668 4836 iritanuo,
703 4770 1073 4839 Cantabrigia:
1111 4767 1245 4820 l'i'lt)
1302 4767 1478 4820 tribus
1530 4769 1694 4820 tomis
1747 4769 1967 4822 maximi
2003 4772 2246 4837 moduli,
2291 4782 2530 4824 attamen
2573 4787 2697 4823 cum
2737 4771 2920 4838 aliqua
2963 4785 3102 4822 nova
3138 4770 3283 4822 dote.
3324 4768 3443 4822 Non
3479 4783 3589 4838 quo

369 4895 468 4947 ego
508 4877 687 4946 magni
731 4875 929 4928 faciam
973 4871 1254 4925 variorum
1300 4879 1460 4924 notas
1503 4887 1625 4938 qua:
1668 4873 1739 4924 ibi
1782 4872 1846 4923 ad
1903 4869 2225 4927 V'alesianas
2267 4889 2587 4936 accessere,
2631 4874 2780 4926 leves
2820 4873 2966 4925 enim
3011 4879 3139 4926 sunt
3180 4873 3452 4942 pleneque
3488 4888 3591 4926 nee

377 5000 499 5038 cum
537 4981 948 5037 Valesianarum
979 4976 1427 5030 Observationum
1465 4975 1731 5041 dignitate
1764 4978 2142 5044 comparanda:
2169 4995 2181 5043 ;
2213 4978 2307 5031 sed
2343 4987 2401 5030 ut
2431 4978 2774 5031 commodior
2805 4978 2916 5031 haec
2952 4987 3038 5031 est
3073 4978 3243 5030 editio
3275 4987 3500 5048 prepter
3529 4994 3592 5031 ea

371 5089 513 5158 quod
550 5099 689 5141 notze
723 5083 929 5139 fuerint
965 5080 1228 5149 subjecta:
1260 5078 1473 5145 textui,
1508 5079 1589 5132 sic
1626 5077 1695 5131 ad
1728 5076 2057 5136 Theodoreti
2095 5081 2394 5137 Historiam
2418 5123 2432 5150 ,
2464 5099 2518 5153 p.
2554 5083 2692 5149 623,
2736 5085 2938 5153 adjecit
2971 5083 3316 5154 lieadiugius
3352 5087 3592 5140 tabulam

370 5195 646 5250 variarum
685 5190 981 5245 lectionum
1021 5203 1050 5241 e
1087 5186 1301 5250 codice,
1344 5185 1438 5256 qui
1474 5185 1750 5254 quondam
1793 5183 1980 5240 Merici
2019 5187 2362 5250 Casauboni,
2409 5198 2532 5257 post
2569 5187 2800 5242 Joannis
2837 5185 3047 5243 Joncsii
3087 5188 3212 5243 fuit.
3267 5189 3589 5253 Quanquam

376 5317 560 5372 pauca:
595 5307 723 5353 sunt
754 5297 1044 5350 admodum
1079 5292 1414 5363 omninoque
1435 5275 1462 5358 ,’
1503 5301 1561 5344 ut
1591 5290 1739 5356 vidi,
1778 5291 2185 5347 consentientes
2235 5307 2359 5347 cum
2389 5293 2458 5348 iis
2491 5310 2612 5364 qua:
2661 5293 3170 5363 Chrismphorsono
3219 5303 3273 5347 ct
3317 5295 3594 5362 Scaligero

375 5410 427 5460 in
479 5404 718 5458 editione
749 5400 1056 5456 Genevensi
1109 5401 1455 5454 tribuuntur.
1489 5395 1776 5470 Postremo
1813 5401 1904 5450 vix
1933 5398 2131 5452 attinet
2173 5413 2611 5455 commemorare
2649 5400 2948 5455 editionem
2998 5415 3116 5455 eam
3165 5416 3288 5468 qua:
3333 5401 3592 5466 Augusta:

375 5510 741 5564 Taurinorum
795 5506 930 5561 ms
969 5505 1211 5576 prodiit;
1262 5517 1497 5570 namque
1546 5509 1629 5555 est
1669 5515 1820 5554 ntera
1858 5503 2107 5571 repetitio
2145 5504 2512 5571 Britannicae,
2551 5521 2713 5575 quam
2755 5507 2828 5558 ita
2871 5507 3145 5574 sequitur,
3187 5514 3244 5558 ut
3281 5521 3346 5557 ne
3385 5502 3592 5556 disi-re-

371 5625 564 5684 parites
591 5619 806 5686 quidem
836 5616 1098 5671 lectiones
1119 5657 1131 5680 ,
1165 5629 1302 5682 quas
1329 5611 1665 5681 lteadingius
1693 5610 1761 5665 ad
1794 5609 2000 5665 calcem
2030 5611 2289 5666 editionis
2321 5627 2431 5668 sure
2462 5611 2711 5670 ediderat
2751 5612 2886 5666 locis
2919 5609 3035 5665 suis
3069 5609 3231 5664 illata.-
3261 5611 3340 5664 vel
3389 5606 3590 5660 Μυκη
