4074 6176
471 311 558 400 ιτ
1883 335 2080 395 PRzEI

2138 337 2296 397 .TlO.
2412 311 2428 315 ”
3667 333 3747 424 18

471 455 614 506 notae
653 459 840 502 errore
877 443 1114 516 quodam
1154 444 1208 500 in
1248 445 1358 501 illis
1391 445 1678 502 variorum
1720 447 1911 518 posita:
1945 445 2168 504 Valesio
2215 451 2446 506 redditae
2493 452 2736 517 fuerint,
2784 441 3102 522 quanquam
3145 464 3390 506 errorem
3427 449 3549 522 ipse
3585 449 3729 506 Rea-

473 547 1090 624 d-ingiusprodiderat;
1126 556 1185 604 ut
1211 547 1350 607 nihil
1380 549 1561 606 dicam
1599 549 2000 606 Taurinensem
2027 553 2335 608 litterarum
2371 555 2566 610 formis
2601 565 2654 610 et
2689 555 2840 611 vitiis
2873 569 3170 626 operarum
3205 553 3524 610 Britannica
3560 556 3721 626 longe

471 659 808 714 deteriorem
842 671 988 714 esse.

539 762 618 816 Ex
650 762 741 818 bis
773 762 942 832 igitur
970 760 1129 818 libris
1163 777 1262 832 per
1313 763 1686 834 typographos
1719 764 1885 820 editis
1942 767 2267 822 universam
2321 769 2618 824 varietatis
2675 769 2871 823 silvam
2929 768 3322 831 adhibuimus,
3380 782 3492 822 non
3547 769 3727 837 negli-

472 876 660 939 gentes
695 881 847 934 eam,
884 881 1049 937 qnam
1085 865 1358 924 Eusebius
1381 911 1395 935 ,
1431 867 1776 926 Athanasius
1802 911 1816 936 ,
1853 869 2134 937 Hilarius,
2172 871 2555 944 Epiphanius,
2596 873 2892 938 Socrates,
2931 872 3315 938 Sozomenus,
3349 871 3728 942 Nicephorus,

473 975 712 1043 itemque
745 973 989 1043 scriptor
1024 971 1285 1028 Historia:
1313 973 1607 1044 tripartita:
1635 974 1944 1030 oﬁerehant
1979 976 2035 1030 in
2082 976 2220 1032 locis
2252 978 2361 1040 iis,
2400 978 2490 1032 ubi
2528 977 2612 1031 vel
2649 985 2911 1047 excerpta
2947 992 2976 1030 e
3023 977 3379 1031 'l‘hcodoreto
3430 975 3722 1040 dederant,

472 1078 556 1132 vel
585 1078 794 1149 scripta
829 1078 1051 1148 publica
1087 1094 1116 1134 a
1150 1086 1346 1152 nostro
1375 1093 1594 1150 quoque
1624 1081 1994 1151 promulgata.
2049 1079 2379 1151 Quanquam
2429 1082 2482 1134 in
2517 1080 2600 1133 his
2648 1079 2795 1134 hunc
2838 1079 3115 1134 tenuimus
3150 1079 3410 1142 modum,
3448 1085 3538 1142 ut,
3586 1093 3730 1148 quo-

443 1192 448 1198 '
475 1185 616 1238 niam
648 1183 1057 1242 Theodoretum
1089 1185 1407 1256 exprimere
1440 1186 1765 1243 volebamus
1793 1195 1848 1244 et
1878 1188 2087 1257 scripta
2131 1186 2354 1256 publica
2385 1185 2517 1239 talia
2541 1225 2555 1250 ,
2585 1185 2773 1254 qualia
2807 1184 2854 1238 is
2891 1198 3003 1238 sua:
3035 1182 3284 1237 historia:
3316 1182 3730 1245 immiscuerat,

472 1301 566 1344 eas
597 1286 711 1344 fere
743 1289 1012 1346 lectiones
1043 1291 1596 1358 praetermitteremus
1619 1331 1634 1356 ,
1667 1293 1873 1363 quibus
1904 1291 2239 1348 Theodoreti
2291 1289 2603 1358 exemplum
2655 1289 2950 1344 videbatur
2997 1304 3027 1342 a
3077 1287 3300 1343 caeteris
3349 1286 3723 1357 discrepassc.

475 1388 572 1447 Usi
602 1407 796 1448 sumus
828 1392 994 1448 etiam
1027 1394 1516 1451 emendationibus
1543 1435 1557 1459 ,
1601 1411 1741 1466 quas
1779 1395 1974 1451 Joach.
2023 1394 2381 1449 Camerarius
2424 1401 2738 1448 tentarerat
2783 1391 2849 1446 ad
2897 1391 3203 1466 marginem
3247 1389 3734 1461 interpretationis

474 1497 682 1556 Latina:
726 1497 983 1556 Historiae
1013 1499 1343 1557 Theodoreti
1381 1515 1504 1570 qua:
1538 1501 1766 1556 Basileze
1801 1500 1939 1555 1556
1975 1507 2145 1568 atque
2177 1499 2344 1553 etiam
2379 1497 2512 1550 alibi
2544 1493 2693 1552 edita
2730 1497 2868 1552 fuit.
2911 1497 3014 1552 Sed
3051 1507 3252 1567 praeter
3287 1513 3452 1567 quam
3489 1498 3547 1552 in
3589 1498 3735 1550 notis

475 1605 542 1659 ad
573 1612 782 1662 textum
816 1606 1272 1663 constituendum
1309 1607 1720 1676 pertinentibus
1744 1646 1758 1669 ,
1792 1605 1946 1676 parci
1985 1604 2192 1660 fuimus
2227 1603 2281 1658 in
2316 1603 2534 1660 caeteris
2557 1645 2570 1668 ,
2609 1618 2678 1659 ne
2730 1603 3032 1660 voluminis
3085 1603 3284 1656 molem
3336 1614 3526 1657 nostra
3572 1602 3732 1670 culpa

430 1747 437 1754 .
475 1722 838 1779 augeremus,
874 1710 1216 1780 omninoque
1249 1724 1415 1764 omne
1450 1693 1698 1764 studium
1736 1709 1801 1764 ad
1845 1708 2147 1778 Scriptura:
2182 1709 2559 1780 integritatem
2595 1716 2648 1764 et
2681 1723 2893 1780 paucos
2943 1708 2996 1762 in
3041 1707 3236 1778 primis
3276 1707 3548 1762 obscuros
3587 1706 3738 1760 locos

477 1813 788 1868 retulimus.
821 1811 880 1866 ιη
911 1813 1116 1882 quibus
1147 1813 1250 1866 hoc
1290 1829 1457 1868 unum
1497 1813 1686 1870 licebit
1720 1815 1920 1870 addere
1948 1835 1958 1869 :
1998 1815 2366 1871 subdubitare
2403 1829 2508 1869 nos
2539 1814 2605 1868 ad
2643 1813 2790 1869 Hist.
2826 1813 2977 1868 Eccl.
3023 1812 3124 1868 lib.
3167 1828 3242 1878 tv,
3291 1827 3340 1902 e‘.
3370 1811 3404 1867 9
3427 1852 3441 1876 ,
3475 1818 3593 1865 not.
3627 1809 3696 1863 10
3720 1852 3734 1876 ,

477 1916 622 1971 sitne
667 1917 743 1970 ibi
799 1923 1004 1972 nostra:
1062 1908 1399 1986 praeferenda
1455 1919 1775 1988 conjectura
1831 1919 2088 1976 Cululcrii
2151 1917 2330 1990 (Not.
2367 1921 2436 1974 ad
2470 1918 2621 1975 Eccl.
2655 1917 2828 1973 (ἔναυε.
2861 1916 3102 1972 Monum.
3162 1925 3204 1971 t.
3245 1915 3292 1981 l,
3328 1931 3382 1986 p.
3419 1913 3590 1982 719),
3639 1913 3736 1984 qui

479 2016 847 2075 omnem'loci
898 2021 1137 2077 mendosi
1194 2023 1584 2078 obscuritatem
1645 2034 1829 2080 natam
1893 2033 2046 2094 putat
2106 2041 2174 2081 ex
2234 2025 2540 2096 archetypo
2594 2023 2848 2093 epistolas
2897 2021 3180 2095 synodicae
3227 2019 3463 2084 Latino,
3514 2017 3570 2071 in
3623 2030 3736 2087 quo

479 2123 742 2190 scriptum
784 2125 982 2180 fuerit:
1019 2125 1317 2195 Siquidem
1351 2127 1548 2194 fuerint
1581 2144 1645 2181 ex
1677 2131 1938 2196 episcopis
1981 2131 2070 2198 qui
2111 2129 2163 2182 in
2201 2142 2324 2182 nos
2359 2145 2463 2183 vrsr
2499 2138 2622 2181 sunt
2656 2130 2814 2193 sani,
2867 2144 2966 2198 pro
3018 2143 3130 2199 quo
3183 2125 3412 2182 Graecus
3459 2125 3737 2193 interpres

478 2230 614 2285 male
647 2229 835 2300 legerit
863 2249 875 2285 :
915 2233 966 2283 in
1001 2232 1036 2298 [ἱ
1063 2249 1103 2284 :e
1133 2233 1236 2284 usi.

549 2407 604 2460 ln
636 2407 911 2461 Philol/reo
941 2425 1038 2464 seu
1086 2408 1342 2479 religiosa
1378 2408 1607 2463 historia
1644 2407 1970 2464 Theodoreti
2017 2412 2150 2465 nihil
2199 2411 2506 2480 adiumenti
2543 2414 2842 2468 habuimus
2895 2429 2924 2466 a
2973 2414 3198 2482 scriptis
3247 2412 3483 2468 editisve
3535 2412 3731 2480 libris;

475 2527 600 2566 nam
633 2513 725 2566 illa
763 2514 1000 2569 varietas
1033 2492 1295 2569 editionis
1325 2511 1672 2570 Hervetianee
1700 2529 1822 2582 qua‘.
1854 2515 2017 2570 istam
2055 2516 2344 2571 historiam
2403 2517 2472 2572 de
2537 2517 2730 2573 Graeco
2787 2517 3040 2572 Latinam
3092 2516 3334 2572 reddidit
3380 2515 3561 2571 Paris.
3596 2517 3734 2572 1556

471 2617 788 2687 quaternis,
824 2619 913 2672 vix
942 2617 1109 2688 digna
1140 2625 1224 2673 est
1257 2619 1419 2687 cujus
1449 2619 1788 2704 mentionem
1823 2618 2113 2677 faciamus.
2149 2621 2338 2686 Sed,ei
2377 2623 2740 2692 adiunximus
2769 2638 2896 2678 cum
2939 2621 3178 2676 Herveto
3213 2619 3523 2676 Orationem
3556 2620 3734 2677 Theo-

471 2722 648 2778 doreti
686 2724 749 2778 de
781 2724 1043 2781 charitate
1073 2740 1102 2780 a
1133 2725 1431 2782 Sirmondo
1464 2727 1519 2781 in
1553 2733 1812 2798 quartum
1850 2735 2058 2783 tomum
2089 2729 2297 2799 reiecta
2322 2772 2338 2796 ,
2375 2744 2502 2784 cum
2535 2731 2702 2784 veluti
2736 2730 2989 2800 epilogus
3029 2718 3101 2786 sit
3142 2729 3414 2800 religiosa:
3459 2728 3732 2783 historiae.

475 2826 744 2898 Epistolas
781 2839 962 2884 tamen
985 2871 999 2894 ,
1035 2845 1175 2898 quas
1206 2831 1430 2888 tertium
1465 2831 1742 2885 Sirmondi
1779 2831 2041 2886 volumen
2074 2835 2582 2905 complectebatur,
2623 2835 2808 2890 satius
2857 2833 3121 2888 duximus
3171 2835 3368 2902 quinto
3413 2841 3561 2885 torno
3611 2847 3731 2886 ser-

474 2947 601 2988 vare
631 2940 919 3004 propterea
969 2935 1116 3002 quod
1167 2943 1222 2988 et
1268 2936 1408 2990 alias
1439 2943 1622 2991 tomus
1669 2936 1750 2998 is,
1789 2951 1953 3006 quem
1987 2937 2301 3001 edidimus,
2335 2936 2634 2990 videbatur
2670 2936 3038 3004 amplitudine
3073 2950 3203 3000 sua,
3261 2943 3319 2989 ut
3372 2935 3464 2990 ille
3493 2923 3724 3006 quintus

475 3037 746 3106 parvitate
768 3077 783 3100 ,
815 3037 1036 3092 modum
1066 3037 1362 3102 excedere,
1393 3046 1447 3109 ent
1476 3039 1836 3109 sperabamus
1869 3039 1987 3095 fore
2015 3048 2074 3093 ut
2125 3041 2579 3097 naneisceremur
2619 3040 2831 3106 aliquot
2863 3040 3001 3094 alias
3047 3039 3378 3098 Theodoreti
3409 3041 3674 3111 epistolas
3698 3085 3713 3108 ,

475 3140 677 3210 quibus
709 3141 822 3195 haec
851 3148 1044 3196 nostra
1074 3142 1246 3196 editio
1284 3142 1604 3212 locupletari
1639 3143 1880 3213 quodam
1915 3143 2077 3198 modo
2103 3152 2316 3214 posset.

547 3246 783 3301 Omnino
813 3255 1022 3301 textum
1059 3245 1393 3302 Theodoreti
1425 3263 1455 3302 e
1487 3249 1810 3305 recensione
1840 3248 2230 3304 Sirmondiana
2259 3249 2662 3318 expressimus,
2715 3249 2819 3305 nisi
2853 3249 2908 3303 in
2939 3248 3080 3304 locis
3110 3250 3198 3312 iis,
3229 3265 3353 3318 qua:
3382 3249 3462 3303 vel
3495 3249 3736 3319 ineptam
3807 3273 3826 3290 ι

480 3353 768 3408 lectionem
816 3353 1080 3408 haberent
1123 3353 1207 3408 vel
1249 3331 1408 3408 talem
1433 3394 1448 3417 ,
1499 3370 1664 3424 quam
1708 3354 2150 3410 reclamantibus
2197 3354 2356 3410 libris
2389 3355 2671 3411 universis
2706 3353 3040 3410 Sirmondus
3078 3355 3360 3409 intulerat.
3394 3352 3537 3407 Nihil
3575 3353 3740 3424 quid-

479 3473 644 3528 quam
677 3459 782 3530 ipsi
815 3460 934 3514 sine
963 3459 1121 3514 libris
1149 3459 1448 3514 emendare
1480 3459 1600 3514 ausi
1633 3475 1827 3514 sumus
1866 3469 2066 3529 praeter
2097 3475 2262 3529 quam
2300 3460 2354 3514 in
2387 3463 2582 3530 paucis
2615 3460 2754 3516 locis
2809 3476 2930 3530 quae
2958 3441 3254 3514 manifesto
3296 3460 3434 3514 vitio
3485 3459 3741 3516 laborare

482 3563 830 3620 videbantur.
867 3562 973 3618 Sed
1007 3564 1324 3634 ubicunque
1353 3572 1534 3617 tamen
1557 3603 1570 3626 ,
1605 3562 1750 3631 quod
1787 3579 2008 3633 quaque
2039 3565 2108 3617 de
2141 3580 2313 3619 causa
2345 3565 2789 3622 discesserimus
2829 3581 2859 3620 a
2898 3565 3230 3629 Sirmondo,
3263 3566 3502 3620 lectores
3546 3565 3738 3619 admo-

485 3670 1155 3741 nuimus.Denique,cum
1189 3670 1243 3724 in
1276 3668 1522 3724 Historia
1558 3641 1888 3724 Theodoreti
1924 3668 2308 3724 ecclesiastica
2339 3683 2574 3738 quteque
2609 3666 2724 3724 fere
2753 3669 2932 3723 editio
2968 3669 3133 3722 aliam
3163 3669 3434 3739 partiendi
3469 3669 3736 3723 rationem

483 3788 828 3850 sequeretur,
864 3788 1078 3834 servata
1113 3778 1336 3849 quidem
1371 3776 1759 3833 Sirmondiana
1790 3776 1854 3832 ad
1888 3774 2195 3845 marginem
2227 3772 2554 3827 curavimus
2583 3773 2761 3828 notari
2794 3788 2919 3828 eam
2950 3774 3006 3827 in
3045 3774 3228 3844 capita
3260 3775 3586 3840 divisionem
3619 3791 3739 3844 qua:

483 3886 536 3939 in
570 3885 788 3940 cancris
816 3884 1155 3939 editionibus
1185 3872 1465 3938 obtinebat
1491 3924 1503 3944 ,
1539 3891 1596 3936 ut
1628 3897 1749 3952 quae
1781 3880 2087 3936 secundum
2121 3878 2247 3933 illas
2278 3877 2447 3933 citata
2479 3888 2818 3942 occurrant,
2859 3878 3084 3934 facilius
3115 3881 3280 3934 etiam
3321 3879 3374 3933 in
3429 3889 3629 3936 nostra.
3656 3896 3740 3934 re~

484 3988 790 4058 periantur.

551 4091 822 4146 Caeterum
844 4133 858 4157 ,
891 4102 948 4147 ut
976 4093 1212 4147 maxima
1243 4092 1365 4146 laus
1393 4090 1622 4146 debetur
1647 4088 1998 4144 curatoribus
2026 4087 2334 4160 bibliopolii
2361 4089 2828 4160 orphanoerphei
2865 4092 3070 4155 nostri,
3103 4093 3194 4162 qui
3228 4093 3396 4146 tantis
3429 4091 3743 4160 sumptibus

481 4205 536 4252 et
566 4198 856 4254 incredibli
893 4199 1178 4272 diligentia
1208 4212 1434 4270 operam
1461 4195 1730 4252 dederunt
1759 4202 1820 4250 ut
1847 4209 2011 4265 quam
2041 4193 2499 4250 emendatissime
2533 4195 2985 4266 amplissimeque
3014 4175 3426 4252 excuderentur
3453 4202 3563 4247 tam
3594 4203 3744 4248 vasta

483 4300 815 4358 Theodoreti
842 4300 1018 4372 Opera
1041 4345 1055 4369 ,
1089 4311 1335 4372 tempore
1365 4316 1432 4356 eo
1461 4315 1572 4370 quo
1605 4297 1717 4355 fere
1749 4299 1935 4353 studia
1967 4295 2284 4352 Graecarum
2317 4297 2632 4352 litterarum
2661 4338 2674 4362 ,
2708 4297 2760 4350 in
2795 4299 3101 4368 primisque
3131 4275 3452 4353 sanctorum
3484 4296 3705 4349 Patrum
3730 4337 3742 4354 .

487 4405 719 4476 frigere,
768 4415 918 4464 certe
965 4408 1243 4462 rarissimi
1290 4419 1416 4461 esse
1461 4405 1658 4459 barum
1703 4382 1888 4458 rerum
1934 4410 2215 4471 emptores
2269 4399 2574 4452 videntur:
2627 4399 2702 4450 ita
2742 4414 2905 4466 spero
2944 4399 3064 4454 fore
3102 4408 3160 4452 ut
3195 4399 3394 4452 barum
3435 4399 3742 4454 litterarum

485 4517 734 4566 amantes
761 4519 815 4566 et
845 4509 1082 4565 studiosi
1111 4508 1215 4563 viri
1249 4507 1334 4562 vel
1373 4505 1855 4560 commendatione
1893 4519 1992 4558 sua
2027 4503 2487 4560 honestissimum
2546 4502 2692 4554 istud
2747 4501 3066 4556 institutum
3117 4501 3416 4572 adiuvent,
3467 4503 3748 4574 Deumque

485 4614 550 4670 0.
599 4615 671 4669 Μ.
716 4631 847 4687 rogo
891 4628 951 4672 ut
995 4617 1312 4688 quicunque
1355 4611 1442 4666 bis
1476 4609 1634 4664 libris
1681 4609 2016 4664 Theodoreti
2053 4613 2135 4665 usi
2168 4609 2383 4664 fuerint
2409 4649 2423 4674 ,
2450 4624 2546 4663 eos
2579 4624 2746 4676 quam
2787 4608 3057 4676 plurimos
3088 4625 3278 4666 eorum
3314 4611 3524 4667 fructus
3555 4613 3620 4665 ad
3649 4610 3748 4665 do-

485 4722 720 4774 ctrinam
752 4723 1116 4792 pietatemque
1147 4719 1396 4776 alendam
1427 4726 1592 4785 atque
1625 4713 1927 4783 augendam
1961 4728 2156 4782 capere
2183 4714 2395 4782 iubeat.

561 4846 774 4918 Scripsi
809 4849 962 4906 Halis
993 4849 1078 4904 die
1108 4849 1178 4902 27
1220 4844 1425 4917 Aprilis
1458 4859 1587 4897 ann.
1627 4839 1785 4895 1771.

1848 5205 2417 5267 COROLLARIUM.

564 5353 698 5407 Cum
732 5351 799 5406 ad
831 5365 948 5406 eam
980 5355 1188 5420 partem
1227 5347 1562 5401 scholiornm
1599 5345 1924 5400 Theodoreti
1963 5309 2018 5397 ni
2051 5339 2325 5408 Epistolas
2358 5338 2617 5394 Paulinus
2652 5340 3062 5407 pervenissent,
3098 5339 3184 5391 ubi
3224 5337 3427 5392 mentio
3469 5337 3608 5390 facta
3638 5347 3756 5392 erat

499 5459 604 5510 loci
641 5458 658 5512 1
690 5459 820 5511 Cor.
857 5472 948 5520 tn,
983 5456 1083 5518 i3,
1121 5455 1188 5510 de
1219 5455 1340 5525 igne
1370 5453 1553 5508 omnia
1585 5459 1938 5522 spectaturo,
1976 5446 2315 5516 alteriusque
2350 5445 2526 5498 Galat.
2564 5458 2601 5494 ll
2624 5483 2638 5507 ,
2675 5440 2768 5509 qui
2813 5441 2966 5495 Pauli
3011 5456 3136 5496 cum
3191 5442 3355 5498 Petro
3394 5441 3758 5510 disceptatio-

501 5574 624 5614 nem
675 5559 1083 5629 complectitur,
1132 5565 1295 5628 atque
1343 5555 1726 5611 observassem
1774 5551 2291 5621 interpretationem
2347 5547 2514 5618 hujus
2567 5546 2965 5602 eTbeodoreti
2994 5545 3414 5603 commentariis
3447 5546 3761 5608 excidisse,

503 5672 696 5719 contra
729 5665 784 5718 in
817 5663 910 5720 illo
939 5660 1352 5733 interpretando
1377 5676 1500 5717 esse
1530 5659 1622 5731 qui
1651 5658 1905 5713 dicerent
1929 5654 2343 5714 Theodoretum
2372 5650 2669 5724 quamdam
2701 5654 2863 5720 quasi
2893 5651 3357 5723 significationem
3387 5646 3532 5719 ignis
3555 5687 3570 5711 ,
3600 5660 3764 5711 quem

507 5771 888 5841 purgatorium
923 5770 1232 5842 appellant,
1267 5768 1540 5838 reperisse
1569 5786 1581 5820 :
1615 5764 1908 5836 sperabam
1951 5775 2043 5824 me
2073 5763 2331 5827 interea,
2369 5757 2500 5813 dum
2548 5754 2993 5813 commentarius
3045 5755 3148 5808 iste
3196 5749 3523 5830 typograpbi
3571 5749 3775 5805 formis
