4074 6176
329 450 395 513 l9
1279 456 1284 462 ’
1489 449 1698 511 JOAN.
1735 450 1911 510 AUG.
1940 448 2328 509 NOESSELT
3495 445 3594 509 -20

329 560 765 622 exscriberetur,
798 558 1005 628 aliquid
1037 568 1424 630 reperturum,
1457 562 1602 617 unde
1641 562 1785 616 ratio
1819 569 1873 616 et
1903 576 2086 617 causa:
2118 560 2283 630 hujus
2315 560 2430 614 sive
2455 559 2762 615 additionis
2811 561 2928 616 sive
2965 560 3329 616 detractionis
3371 564 3584 619 certius

341 665 801 736 intelligerentur.
835 661 891 718 In
924 678 1035 734 quo
1065 666 1167 719 etsi
1205 681 1288 720 me
1325 682 1452 736 spes
1503 665 1728 730 felellit,
1761 666 1904 720 dabo
1938 673 2122 717 tamen
2153 678 2276 732 qua:
2307 662 2412 718 nisi
2455 661 2521 716 ad
2555 678 2674 718 eam
2711 678 2824 718 rem
2857 662 3241 718 illttstrandam
3276 663 3580 724 admodum

329 770 530 826 faciant
551 811 564 832 ,
597 779 748 824 certe
779 768 1025 824 excitare
1053 769 1194 824 alios
1225 770 1292 824 ad
1326 771 1556 826 meliora
1586 770 1887 841 quaerenda
1922 768 2160 839 possint.

399 875 569 933 Vetus
624 886 732 943 est,
768 892 1083 948 quanquam
1115 896 1143 932 a
1187 877 1397 936 Latinis
1444 879 1652 938 Graecis
1714 878 1952 943 reddita,
2008 879 2236 949 querela
2288 877 2605 933 Gratcorum
2634 896 2647 932 :
2680 877 3044 932 adulteratam
3067 893 3192 932 esse
3215 892 3312 946 per
3359 875 3593 934 Latinos

326 982 552 1038 Patrunt
591 982 908 1038 Graecorum
933 984 1350 1049 auctoritatem,
1377 987 1712 1056 collegitque
1746 985 1878 1039 talia
1911 985 2266 1053 querelarum
2302 984 2463 1054 plena
2501 983 2620 1038 loca
2656 981 2765 1038 Leo
2790 983 3026 1038 Allatius
3061 983 3134 1036 De
3161 983 3365 1038 lt‘cctes.
3403 983 3605 1038 Occid.‘

325 1096 376 1144 iit
422 1087 684 1145 Oriental.
737 1098 990 1158 perpetua
1049 1091 1410 1154 consensione,
1450 1091 1545 1146 lib.
1601 1107 1682 1156 ιιι,
1715 1089 1892 1160 c.t,§
1952 1087 2007 1143 5.
2047 1086 2115 1144 Ut
2155 1087 2321 1144 unius
2374 1088 2706 1143 Theodoreti
2767 1103 2993 1143 causam
3056 1101 3382 1157 persequar,
3434 1089 3598 1142 nullo

329 1191 492 1247 modo
531 1192 796 1248 credlbile
824 1202 910 1248 est
941 1194 1120 1248 locum
1148 1194 1203 1250 in
1235 1194 1480 1266 Epistola
1521 1194 1589 1250 ad
1637 1195 1861 1250 Galatas
1891 1193 1959 1247 ab
1991 1209 2058 1248 eo
2105 1194 2226 1249 sine
2251 1194 2709 1263 interpretatione
2735 1194 2920 1264 aliqua
2975 1193 3430 1264 praetermissum,
3463 1207 3591 1247 cum

332 1297 476 1352 haud
507 1297 672 1352 dubie
706 1297 957 1352 habuerit
984 1299 1162 1354 locum
1189 1301 1241 1353 in
1271 1301 1426 1355 libris
1457 1301 1575 1357 suis
1599 1309 1652 1356 et
1680 1315 1825 1370 sa'pe
1846 1299 1978 1354 alibi
2003 1297 2165 1354 istius
2195 1297 2362 1352 verba
2383 1298 2696 1368 protulerit,
2721 1313 2897 1368 neque
2920 1297 3003 1352 vel
3037 1298 3084 1352 is
3114 1297 3355 1367 sitquasi
3378 1296 3593 1368 ignobi-

331 1401 400 1456 lis
433 1401 585 1456 locus
605 1402 672 1457 ad
691 1414 849 1473 quem
877 1405 1010 1458 nihil
1043 1406 1329 1460 commode
1357 1405 1462 1460 dici
1491 1409 1691 1475 possit,
1750 1405 1830 1460 vel
1853 1405 1926 1458 ita
1977 1407 2263 1477 negligens
2292 1403 2676 1462 Theodoretus
2699 1413 2755 1460 ut
2782 1407 2902 1476 ipsa
2935 1412 3118 1460 textus
3169 1419 3279 1458 non
3328 1403 3594 1459 illustrati

333 1505 500 1560 verba
535 1507 937 1576 prtetermittat.
989 1505 1125 1562 Tres
1156 1516 1286 1563 sunt
1317 1509 1543 1564 omnino
1569 1510 1789 1565 codices
1820 1509 2344 1566 commentariorum
2394 1511 2730 1566 Theodoreti
2761 1511 2818 1565 in
2856 1510 3010 1565 Pauli
3052 1509 3326 1580 Epistolas
3367 1508 3437 1564 ad
3480 1510 3587 1565 hoc

333 1627 506 1679 usque
524 1621 737 1683 tempus
761 1622 1018 1669 accurate
1039 1614 1246 1670 collati.
1265 1613 1418 1672 Unus
1444 1617 1510 1682 is,
1531 1632 1692 1686 quem
1718 1615 1982 1671 llervetus
2001 1615 2055 1670 in
2095 1616 2550 1687 interpretatione
2571 1631 2670 1671 sua
2693 1625 2920 1672 secutus
2941 1624 3046 1682 est,
3073 1625 3383 1686 acceptum,
3407 1611 3463 1669 iit
3491 1615 3589 1680 ait,

333 1731 362 1768 a
389 1714 646 1774 Marcello
659 1717 895 1771 Corvino
913 1757 927 1780 ,
948 1717 1218 1774 cardinali
1253 1718 1470 1774 Sanctae
1503 1720 1720 1782 Crucis.
1745 1720 1840 1790 qui
1865 1730 2010 1791 post,
2048 1731 2338 1791 assumpto
2358 1701 2604 1778 Marcelli
2628 1724 2863 1778 secundi
2887 1723 3107 1778 nomine
3129 1763 3143 1788 ,
3177 1731 3440 1793 tanquam
3463 1737 3597 1793 pon-

336 1821 460 1874 tifex
485 1820 779 1876 ECL‘lCSiattl
801 1820 1101 1879 Romanam
1121 1824 1281 1876 rexit.
1300 1822 1469 1890 Quem
1491 1840 1611 1879 cum
1630 1825 1767 1880 satis
1788 1836 2001 1882 constet
2019 1842 2086 1881 eo
2104 1837 2348 1897 tempore
2376 1827 2726 1883 bibliotheca:
2751 1827 3031 1884 Vaticanze
3059 1828 3376 1899 praefectum
3399 1827 3590 1893 fuisse,

339 1927 632 1997 multisque
654 1903 772 1982 eam
802 1928 980 1990 libris,
1013 1929 1250 1985 maxime
1275 1928 1506 1998 Graecis,
1540 1931 2109 2001 locupletasse,usutn
2136 1934 2190 1988 in
2222 1933 2413 2003 primis
2448 1947 2616 2002 opera
2651 1913 2941 1988 Guilielmi'
2962 1933 3175 1998 Sirleti,
3204 1949 3366 2003 quem
3386 1941 3442 1988 et
3469 1933 3594 2003 ipse

342 2031 606 2087 llervetus
661 2034 715 2088 iu
775 2032 1104 2090 Praefatione
1152 2043 1416 2104 tanquam
1475 2036 1544 2090 de
1608 2038 1711 2091 loci
1745 2037 1762 2091 Ι
1792 2038 1924 2092 Cor.
1968 2053 2027 2092 ιιι
2099 2039 2368 2094 vasietate
2417 2039 2808 2094 admonentem
2871 2051 3308 2104 commemorat,
3351 2021 3598 2110 cumque

341 2139 614 2196 Hervetus
644 2141 888 2211 (epistol.
942 2141 1184 2197 dedicat.
1232 2141 1712 2213 interpretationis
1761 2153 2124 2200 commentar.
2179 2145 2568 2216 Chrysostomi
2613 2146 2670 2200 in
2705 2143 2978 2216 Psalmos)
3028 2145 3354 2215 profiteatur
3399 2161 3459 2200 se
3501 2160 3598 2214 per

341 2244 410 2299 Μ.
467 2246 765 2301 Corvinum
815 2248 1062 2303 codicem
1109 2247 1495 2319 Chrysostomi
1545 2265 1575 2304 e
1622 2248 1969 2306 Ferrariensi
2016 2248 2506 2305 Dominicanorum
2557 2256 2613 2305 et
2669 2249 3044 2306 Caesenatensi
3093 2247 3594 2304 Franciscanorum

340 2353 690 2410 bibliothecis
719 2354 1059 2426 descriptum
1105 2354 1364 2410 habuisse
1403 2369 1416 2406 :
1453 2355 1756 2426 probabilis
1813 2355 2064 2428 suspicio
2112 2363 2199 2414 est
2245 2353 2582 2411 Theodoreti
2633 2355 3094 2418 commentarios,
3138 2371 3279 2425 quos
3320 2353 3596 2409 Hert-etus

343 2459 600 2520 habebat.
645 2457 817 2515 fuisse
849 2477 880 2515 e
912 2460 1106 2520 codice
1149 2459 1340 2516 Italico
1373 2461 1612 2524 ductos,
1649 2461 1716 2516 de
1759 2459 1920 2530 cujus
1951 2460 2175 2529 generis
2217 2459 2376 2514 libris
2414 2441 2857 2516 deindeidicatn.
2886 2458 3025 2513 Tum
3072 2457 3428 2517 Sirmondus.
3473 2475 3596 2512 (‘ltltt

343 2564 555 2629 primus
578 2563 906 2620 Theodoreti
933 2566 1144 2621 scholia
1174 2566 1362 2622 Graeca
1391 2566 1601 2630 ederet,
1636 2582 1744 2622 non
1777 2565 2003 2637 quidem
2029 2564 2165 2620 dicit
2187 2579 2296 2635 quo
2327 2563 2400 2618 sit
2425 2563 2620 2620 codice
2644 2579 2802 2627 usus,
2837 2562 2930 2618 sed
2964 2577 3113 2630 eum,
3139 2562 3204 2616 de
3234 2560 3584 2634 professione

339 2686 438 2724 sua
467 2670 652 2742 (Pi-mf.
695 2673 762 2728 ad
801 2683 937 2728 tom.
972 2673 991 2728 I
1021 2672 1160 2743 Opp.
1202 2672 1582 2740 Theodoreti),
1621 2674 1675 2728 itt
1716 2672 1908 2744 primis
1951 2669 2176 2724 codices
2213 2669 2563 2724 bibliotheca:
2612 2669 2777 2739 regiae
2829 2666 3169 2721 Parisiensis
3220 2664 3594 2728 consuluerit,

341 2773 432 2828 vix
466 2789 592 2828 eum
623 2774 865 2830 dubitari
911 2785 1092 2846 potest
1147 2777 1674 2848 librum'scriptum
1725 2775 2050 2831 adhibuisse
2095 2773 2188 2842 qui
2235 2788 2380 2828 unus
2412 2778 2667 2842 superest
2703 2772 2758 2826 in
2789 2769 2882 2824 illa
2921 2769 3282 2834 bibliotheca,
3320 2782 3597 2838 quemque

287 2914 292 2920 ς
343 2877 502 2932 Rich.
538 2878 728 2934 Simon
765 2879 931 2951 (Hist.
964 2881 1092 2935 crit.
1122 2888 1480 2937 commentat.
1516 2884 1570 2937 in
1601 2881 1666 2936 N.
1691 2881 1755 2936 Τ.
1791 2881 1918 2949 3‘25)
1963 2879 2232 2934 novitium
2253 2877 2388 2932 dicit
2424 2893 2662 2947 cumque
2712 2877 3105 2942 chartaccnm,
3145 2875 3350 2930 factum
3397 2874 3463 2929 de
3491 2873 3601 2926 alio

341 2981 400 3037 in
427 2979 602 3040 Italia.
623 2984 688 3038 Et
719 3000 849 3040 vero
885 2984 1053 3040 etiam
1089 2984 1284 3043 Petrus
1314 2986 1552 3043 Allixius
1589 2987 1668 3056 (in
1701 2987 1852 3042 notis
1885 2985 1952 3040 ad
1977 2983 2224 3039 Nectarii
2246 2985 2512 3054 confutet.
2535 2985 2744 3052 imperii
2777 2981 2940 3052 Papa:
2975 2984 3029 3036 in
3052 2981 3370 3044 Ecclesium,
3396 2997 3449 3050 p.
3475 2981 3598 3044 419)

346 3102 405 3141 se
427 3087 780 3157 expendisse,
818 3087 1016 3160 inquit,
1053 3089 1206 3144 illum
1243 3091 1488 3146 codicem
1519 3109 1680 3162 quem
1713 3098 1939 3148 secutus
1968 3089 2040 3146 sit
2072 3091 2406 3146 Sirmondus
2442 3093 2496 3146 in
2531 3091 2838 3146 omittendo
2880 3092 3004 3144 loco
3031 3090 3182 3145 Pauli
3222 3090 3290 3144 de
3321 3105 3422 3143 sua
3467 3103 3592 3142 cum

346 3191 510 3246 Petro
563 3195 966 3261 controversia,
1002 3197 1097 3266 qui
1149 3196 1466 3267 descriptus
1515 3198 1608 3262 sit,
1665 3199 1719 3252 ni
1758 3199 1999 3265 fallatur,
2048 3186 2396 3272 cx'antiquo
2454 3202 2650 3256 codice
2699 3200 3023 3258 Florentino
3078 3199 3133 3253 in
3163 3213 3274 3269 quo
3327 3205 3438 3251 tota
3483 3196 3602 3249 haec

345 3297 576 3368 περιοχὴ
623 3314 780 3354 erasa
839 3298 1023 3355 fuerit.
1085 3297 1347 3356 Nostrum
1398 3319 1526 3357 vero
1579 3320 1818 3374 eumque
1876 3301 2203 3360 Bavaricum
2235 3305 2485 3361 codicem
2533 3307 2586 3358 in
2623 3321 2757 3375 qtto,
2797 3305 2919 3358 loco
2973 3319 3040 3358 eo
3095 3301 3239 3364 unde
3269 3301 3601 3359 excidet-ant

348 3406 557 3461 scholia
597 3405 958 3473 Theodoreti,
1001 3425 1240 3466 vacuum
1284 3423 1401 3467 erat
1441 3414 1691 3468 relictum
1730 3415 2008 3484 spatium,
2052 3415 2132 3486 (in
2163 3415 2418 3483 Prae-fat.)
2473 3415 2979 3470 demonstravimus
3030 3413 3300 3469 novitium
3349 3429 3506 3474 esse,
3544 3419 3605 3465 ut

345 3510 484 3568 satis
518 3519 780 3582 appareat
805 3514 962 3568 valde
993 3524 1286 3586 suspectos
1321 3533 1447 3572 esse
1484 3518 1620 3572 istos
1647 3517 1959 3573 codicesde
1990 3518 2113 3574 loco
2139 3536 2167 3574 a
2199 3519 2448 3575 librariis
2480 3521 2888 3576 recentioribus
2915 3520 3171 3576 consulto
3207 3519 3598 3590 prretcrmisso.

414 3639 531 3703 Jan;
569 3639 636 3696 de
659 3641 837 3696 altero
879 3642 974 3696 illo
1004 3641 1263 3698 adlCor.
1306 3659 1386 3708 Ill,
1421 3645 1610 3699 nullus
1653 3645 1838 3700 adhuc
1889 3654 2146 3718 repertus
2195 3655 2278 3703 est
2313 3648 2457 3703 liber
2503 3648 2600 3718 qui
2647 3647 3061 3704 Theodoretutn
3109 3647 3185 3701 ibi
3237 3654 3500 3715 tanquam
3531 3645 3598 3699 de

348 3747 470 3821 igne
499 3744 821 3816 purgatorio
851 3745 1167 3818 loquentem
1207 3748 1528 3813 induceret,
1562 3760 1760 3821 praeter
1807 3754 1973 3808 breve
2023 3753 2172 3808 istud
2207 3753 2484 3808 scholinm
2535 3755 2589 3809 in
2623 3754 2842 3826 Gagnaai
2875 3752 3312 3815 commentariis,
3361 3750 3602 3818 itemque

346 3848 572 3904 Thema:
628 3847 920 3920 Aquinatis
980 3852 1380 3939 testimonium,
1435 3853 1580 3925 qttod
1643 3865 1936 3928 utrumque
1989 3859 2058 3913 ad
2112 3862 2265 3914 illum
2319 3861 2500 3916 locum
2555 3859 3138 3914 commemoravimus.
3196 3855 3300 3910 Sed
3357 3856 3596 3925 primum
3641 3851 3644 3856 ’

350 3965 656 4026 repugnant
691 3955 934 4022 codices,
970 3956 1038 4012 de
1073 3957 1280 4026 quibus
1311 3967 1563 4025 constat,
1609 3977 1836 4025 omnes,
1873 3979 1974 4018 nec
2021 3965 2098 4020 illi
2140 3967 2206 4021 de
2234 3968 2330 4020 tali
2358 3967 2665 4022 emissione
2697 3964 2947 4034 suspecti
2976 4003 2991 4027 ,
3025 3978 3148 4016 cum
3177 3961 3368 4022 locus,
3397 3961 3442 4015 si
3480 3974 3607 4015 vere

345 4059 685 4118 Theodoreti
721 4071 900 4131 esset,
930 4063 1157 4120 favisset
1191 4065 1508 4122 Graecorum
1558 4067 1991 4124 Latinizantium
2025 4072 2332 4137 doctrinae;
2369 4086 2535 4142 porro
2570 4053 2817 4124 Thomas
2869 4068 3028 4137 longe
3076 4065 3240 4118 aliter
3279 4064 3600 4132 loquentem

348 4171 483 4226 facit
523 4172 930 4227 Thcodorctum
977 4190 1144 4245 quam
1190 4173 1447 4229 scholion
1503 4175 1647 4245 quod
1715 4185 1995 4247 repererat
2039 4176 2338 4244 Cognatas,
2380 4173 2621 4243 denique
2670 4171 2974 4234 Thomam,
3021 4169 3124 4223 nisi
3169 4168 3287 4238 ipse
3348 4166 3604 4222 fefellerit

348 4279 488 4333 alios
513 4279 616 4333 ista
659 4279 990 4333 auctoritate
1020 4276 1426 4344 commentitia',
1455 4281 1603 4350 quod
1637 4281 1707 4336 ab
1746 4281 1852 4338 isto
1887 4281 2112 4353 quidem
2169 4280 2574 4336 alienissitmtm
2624 4286 2773 4348 puto,
2812 4286 2991 4328 tamen
3028 4275 3096 4327 ab
3147 4273 3270 4327 aliis
3304 4273 3602 4342 deceptum

347 4380 522 4438 fuisse
555 4381 886 4453 persuadent
921 4383 1026 4441 alia
1060 4385 1377 4442 testimonia
1412 4384 1637 4442 Patrum
1663 4428 1677 4453 ,
1711 4389 1880 4443 veluti
1915 4387 2104 4458 Cyrilli
2127 4426 2140 4449 ,
2175 4402 2298 4455 qua:
2350 4386 2441 4440 ille
2488 4385 2542 4438 in
2600 4381 2964 4438 defendendis
3022 4380 3285 4435 Roman-.1:
3343 4377 3606 4433 Ecclesiae

348 4486 582 4544 decretis
615 4487 746 4542 alibi
781 4487 936 4543 libris
968 4489 1087 4544 suis
1123 4489 1422 4561 inspersit,
1459 4491 1722 4546 falsitatis
1755 4492 1916 4546 docte
1953 4499 2005 4546 ct
2039 4491 2266 4560 copiose
2314 4491 2569 4546 convicta
2622 4506 2719 4560 per
2747 4487 2911 4546 Joan.
2953 4487 3283 4549 Launoinm,
3335 4481 3604 4553 epistol3~

347 4612 470 4650 rum
511 4597 712 4660 librot,
747 4596 907 4666 epist.
949 4597 1060 4651 1-3.
1107 4595 1429 4654 Barlaamus
1486 4597 1730 4667 quidem,
1781 4607 1875 4653 aut
1922 4614 1952 4666 q

2003 4598 2247 4666 icunque
2312 4599 2384 4653 sit
2447 4605 2640 4653 auctor
2688 4597 2815 4650 libri
2871 4597 3010 4661 Περὶ
3067 4592 3169 4645 τοῦ
3204 4587 3604 4657 καθαρτηρίου

347 4701 533 4768 πυρὸς
572 4717 734 4771 quem
783 4700 1090 4759 Salmasius
1145 4702 1320 4758 edidit
1371 4704 1422 4758 in
1474 4700 1780 4782 appettdiee
1803 4702 1871 4757 ad
1910 4704 2083 4759 libros
2141 4703 2215 4758 De
2277 4705 2514 4769 primatu
2550 4702 2754 4769 Papae,
2811 4718 2864 4770 p.
2903 4698 2994 4760 8i,
3027 4697 3094 4751 de
3143 4696 3236 4750 illa
3267 4711 3296 4749 a
3337 4694 3606 4748 Romanis

342 4805 554 4874 jactata
611 4807 940 4862 auctoritate
998 4806 1331 4862 Theodoreti
1382 4808 1530 4862 clare
1586 4807 1719 4862 dicit
1769 4828 1780 4862 :
1828 4810 1951 4862 Ποῖα]

1996 4811 2047 4863 LV
2100 4811 2268 4862 ὄντων
2321 4808 2412 4867 τοῦ
2451 4807 2661 4860 ἐκεῖνον
2703 4805 2829 4876 παρ’
2863 4805 2992 4873 ἡμῖν
3042 4799 3512 4873 πυτίρπμεέᾶτιον,
3549 4797 3605 4848 ὲν

346 4908 523 4962 οὐδενὶ
553 4911 802 4978 φιξνεται
837 4910 1054 4966 πώποτε
1093 4909 1350 4982 εἰρηκώς.

417 5035 788 5106 Quamobrem
820 5054 998 5110 neque
1024 5037 1115 5092 hic
1148 5038 1304 5092 locus
1332 5037 1522 5101 tribui,
1559 5053 1741 5108 neque
1783 5037 1873 5093 ille
1906 5037 1973 5091 ad
2022 5037 2250 5092 Galatas
2297 5035 2512 5090 detrahi
2567 5034 2803 5089 debebat
2855 5031 3210 5088 Theodoreto
3245 5035 3475 5094 nostro;
3515 5027 3610 5082 sed

347 5142 623 5199 difﬁcilius
652 5153 736 5199 est
759 5144 966 5205 dicere.
1020 5143 1163 5196 unde
1214 5141 1341 5196 talis
1373 5141 1661 5211 corruptio
1693 5142 1974 5196 exstiterit
2019 5151 2115 5196 aut
2147 5158 2177 5195 a
2223 5157 2335 5212 quo
2375 5139 2538 5195 fuerit
2588 5147 2869 5208 suscepta.
2933 5136 3042 5192 Nos
3097 5135 3318 5206 quidem
3361 5149 3426 5188 eo
3459 5132 3612 5188 ducit

346 5250 667 5320 conjectura
698 5257 907 5310 nostra,
947 5246 1413 5302 utcxistimemus
1436 5256 1728 5318 utramque
1753 5248 1951 5302 factam
1989 5265 2116 5304 esse
2147 5264 2174 5301 a
2208 5248 2452 5304 librariis
2489 5246 2755 5301 Graeculis
2783 5246 2837 5322 in
2870 5242 3025 5297 ltalia
3060 5241 3324 5296 Romana:
3350 5239 3609 5296 Ecclesia:

350 5353 606 5418 addictis,
647 5353 700 5406 id
733 5351 876 5422 quod
921 5350 1089 5407 etiam
1139 5352 1299 5407 Bich.
1334 5351 1546 5406 Simoni
1595 5353 1881 5408 videbatur
1915 5352 1980 5422 (Ι.
2008 5370 2057 5407 c.
2096 5369 2144 5424 p.
2177 5352 2305 5416 525,
2328 5339 2398 5406 24
2425 5360 2479 5407 et
2509 5351 2562 5406 in
2606 5349 2809 5404 Critica
2847 5347 3178 5402 bibliotheca:
3206 5345 3358 5400 Pinii
3390 5354 3522 5399 tom.
3562 5345 3604 5407 l,

347 5477 402 5530 p.
438 5458 664 5527 t70-7l)
700 5459 816 5528 qui,
854 5473 1139 5527 magnum,
1172 5466 1322 5512 recte
1368 5467 1574 5519 monet.
1613 5459 1918 5514 discrimen
1951 5474 2074 5514 esse
2117 5457 2376 5513 codicum
2417 5457 2512 5527 qui
2564 5456 2632 5510 de
2665 5454 2890 5508 ()riente
2951 5451 3261 5508 afferuntur
3297 5463 3602 5518 eorumque

345 5562 518 5630 quiin
555 5560 906 5618 bibliothecis
949 5559 1156 5617 Graecis
1213 5561 1380 5618 italia:
1429 5572 1672 5629 exstant;
1712 5563 1858 5618 unde
1894 5565 2099 5618 factum
2145 5563 2215 5618 sit
2263 5571 2321 5615 ut
2375 5560 2696 5623 Gretserus,
2724 5558 2818 5629 qui
2854 5558 3043 5628 plures
3101 5555 3276 5610 lihros
3329 5553 3547 5608 Grmcos
3580 5566 3608 5604 a

345 5683 406 5724 se
435 5666 490 5722 in
531 5681 700 5737 regno
735 5665 1100 5738 Neapolitano
1138 5678 1389 5739 repertos
1439 5669 1854 5739 descripserat,
1891 5678 2190 5724 accusatus
2246 5668 2409 5722 fuerit
2460 5676 2721 5734 tauquam
2760 5665 2853 5734 qui
2906 5663 3077 5716 libros
3128 5662 3400 5714 vitiasset.
3436 5655 3610 5723 Cujus

338 5769 556 5835 generis
583 5770 794 5824 scholia
827 5771 999 5826 multa
1037 5777 1096 5828 in
1153 5775 1388 5832 codibus
1422 5775 1776 5846 reperiuntur
1818 5777 2152 5831 Cateuarum
2176 5813 2188 5836 ,
2223 5773 2389 5827 etiam
2427 5770 2493 5832 ad
2531 5771 2842 5826 doctrinam
2897 5767 3161 5823 Ecclesia:
3193 5766 3454 5820 Romana:
3493 5776 3612 5830 pcr-

327 5869 591 5942 ‘3’1911‘5’;
615 5875 794 5950 (ιυίοιυ,
834 5883 896 5930 ιιι
931 5875 1028 5940 ἕλος
1077 5890 1219 5951 utar,
1268 5880 1378 5937 fuit
1416 5879 1549 5938 illud
1582 5878 2004 5953 Tltctiphylactt,
2039 5897 2151 5954 quo
2201 5893 2332 5936 usus
2367 5885 2484 5934 crat
2538 5875 2826 5947 Philippus
2864 5873 3250 5932 Mclanchthou
3295 5869 3347 5924 in
3382 5868 3605 5938 Αροιοει.
