4074 6176
477 286 546 354 21
1653 286 2050 347 ΡΒἎΕΕΑΤΙΟ

2142 288 2190 346 D
2211 288 2389 347 TUM.
2423 289 2539 348 III.
3681 286 3751 349 22

486 388 737 470 Α.οόηῙ.
763 407 870 455 art.
895 417 952 466 ι,
988 399 1137 470 quod
1173 406 1370 470 postea
1415 400 1682 469 expunxit
1735 403 1792 456 in
1822 399 2068 456 editione
2115 401 2394 472 Apologia
2452 400 2677 466 Latina,
2730 398 2878 452 {acta
2919 398 3248 468 Witobergae
3299 398 3538 454 octonis.
3572 397 3749 470 Cujus

486 507 563 561 rei
589 507 672 563 sic
712 507 894 564 reddit
926 507 1198 564 rationem
1239 508 1320 578 (in
1341 505 1514 579 Epist.
1559 507 1626 562 ad
1657 506 1816 563 Joan.
1840 508 2156 572 Cratonem,
2178 505 2548 562 Consiliorum
2587 503 2733 557 Latt.
2769 511 2810 558 t.
2845 499 2910 570 ll,
2948 520 3003 574 p.
3041 502 3168 574 585)
3203 521 3216 556 :
3251 501 3318 556 In
3358 503 3750 574 Theophylarto

485 606 936 678 (Ecolampadius
986 611 1121 665 bona
1151 611 1254 681 ﬁde
1290 610 1526 666 reddidit
1555 611 1711 666 verba
1740 613 1868 684 περὶ
1926 629 2094 689 petas

2136 612 2428 683 οιχώσεως,
2467 627 2584 682 qua:
2612 612 2812 665 invenit
2846 612 2901 665 in
2938 627 3035 664 suo
3067 609 3270 665 codice.
3303 609 3440 665 Tota
3484 610 3582 666 illa
3614 625 3745 665 seu-

484 713 654 768 tentia
686 713 829 769 deest
857 717 913 769 in
959 724 1143 770 nostra
1183 717 1382 770 codice.
1426 715 1514 770 Ita
1559 717 1817 771 veteribus
1865 717 2019 770 libris
2069 718 2283 771 inserta:
2341 725 2466 770 sunt
2504 715 2829 784 corruptela:
2854 715 2874 767 .'
2911 723 2964 772 et
2997 729 3120 785 qua:
3169 714 3245 769 ibi
3289 713 3493 770 similia
3540 713 3746 768 habet:

480 819 673 877 eadem
707 821 822 878 fere
854 823 1054 892 repetit
1087 823 1142 878 in
1185 822 1448 893 Epistolis
1489 823 1557 878 ad
1590 822 2065 894 Hardenbergium
2097 840 2127 878 a
2162 822 2377 880 Pezelio
2407 822 2574 879 editis
2605 823 2751 894 plag.
2782 820 2844 876 Ε.

1482 991 1805 1060 Compendia
1830 991 2124 1059 Scriptura:
2155 992 2346 1061 quibus
2383 993 2435 1044 in
2469 991 2741 1045 codicibus

948 1055 958 1070 “
1044 1062 1276 1117 citandis
1299 1055 1701 1125 usisumus,'de
1724 1063 1910 1130 quibus
1947 1055 2254 1131 cieterisbue
2279 1063 2451 1126 libris,
2485 1061 2623 1115 unde
2657 1061 2886 1115 varietas
2925 1059 3166 1114 lectionis

1434 1132 1596 1186 ducta
1627 1142 1727 1198 est,
1753 1133 2000 1202 pra'fatio
2034 1142 2220 1186 nostra
2244 1133 2510 1201 copiasius
2537 1140 2745 1186 narrat.

659 1267 715 1320 In
761 1266 1020 1336 Epistolis
1045 1266 1297 1322 Pauliuis
1341 1268 1405 1320 Α,
1447 1268 1851 1335 Augustalium,
1879 1266 1939 1320 Β.
1973 1265 2302 1323 Bavaricum
2336 1267 2567 1322 indicat.

655 1353 713 1407 lu
745 1352 986 1409 Historia
1018 1352 1352 1409 Theodoreti
1383 1353 1713 1409 Ecclesiast.

659 1443 826 1495 Allat.
856 1449 942 1497 est
967 1441 1139 1497 codex
1172 1441 1381 1506 Allatii,
1419 1439 1581 1508 cujus
1611 1450 1872 1510 excerpta
1899 1440 1967 1494 ad
1999 1456 2016 1493 ι
2044 1448 2100 1494 et
2135 1456 2172 1493 ιι
2197 1442 2405 1494 librum
2434 1441 2690 1500 Valesius
2723 1445 2982 1500 habebat.

657 1528 780 1583 Bas.
809 1529 906 1584 Gr.
946 1531 1128 1585 Prima
1166 1539 1252 1584 est
1278 1528 1452 1585 editio
1473 1527 1663 1586 Graeca
1694 1528 2034 1583 Basileensis
2060 1541 2109 1578 a.
2140 1527 2303 1581 1556.

651 1615 776 1673 Bas.
803 1615 922 1671 Lat.
959 1616 1142 1672 Editio
1165 1615 1312 1672 Hist.
1339 1616 1638 1685 tripartito:
1665 1616 1892 1670 Basilca:
1943 1614 2108 1682 facta,
2137 1615 2227 1668 cui
2263 1616 2611 1687 iuterspersit
2645 1619 2842 1674 Beatus
2875 1619 3181 1674 Rhenanus
3223 1619 3444 1675 Graecas

756 1705 1026 1776 epistolas
1059 1703 1401 1774 synodorum
1436 1718 1467 1758 e
1489 1700 1824 1757 Theodoreti
1859 1700 1923 1754 H.
1957 1700 2020 1754 Ε.

649 1792 894 1847 Casaub.
940 1791 1125 1845 Codex
1159 1789 1345 1845 Merici
1377 1789 1687 1844 Casauboui
1723 1789 1885 1858 cujus
1919 1789 2072 1844 lectt.
2105 1793 2160 1845 in
2192 1791 2436 1848 editione
2467 1791 2608 1849 Hist.
2641 1794 2788 1850 Eccl.
2820 1794 3170 1850 Britannica.

650 1877 974 1946 Christoph.
1007 1877 1299 1932 Lectiones
1330 1887 1459 1933 sunt
1496 1876 1994 1946 Christophorsoni
2021 1894 2088 1933 ex
2116 1879 2244 1935 edit.
2279 1880 2715 1940 Genevensium.

654 1965 825 2020 Savil.
857 1965 1034 2021 Codex
1070 1967 1262 2022 Savilii
1293 1982 1405 2038 quo
1445 1983 1578 2023 usus
1612 1975 1697 2022 est
1737 1965 2019 2024 Valesius.

648 2054 793 2109 Scal.
825 2053 1113 2110 Lectiones
1135 2054 1253 2111 Jos.
1288 2054 1576 2126 Scaligeri,
1609 2070 1675 2109 ex
1703 2053 1951 2109 editione
1975 2054 2404 2112 Genevensium.

633 2141 820 2212 Steph.
853 2157 950 2199 seu
992 2141 1268 2217 διδωμι.
1316 2142 1525 2196 Textus
1555 2139 1820 2196 editionis
1869 2138 2244 2210 Stephanicaz.

648 2228 842 2300 Steph.
867 2228 930 2284 ll.
958 2228 1254 2284 Lectiones
1294 2229 1351 2284 in
1384 2229 1569 2284 libello
1596 2227 1662 2282 ad
1697 2227 1908 2283 calcem
1929 2227 2065 2284 edit.
2098 2227 2468 2302 Stephanicas.

999 2319 1210 2378 (latera
1240 2319 1403 2374 facile
1435 2317 1844 2388 intelliguntur.
