4074 6176
396 259 458 326 Si
1639 259 1866 342 GENTI
1877 251 2025 322 ΑΝΙῖ
2058 258 2394 321 HERVETI
3593 258 3661 320 32

414 395 3636 444 Μ

1161 587 2923 816 THEODOBETI

1452 934 2603 1052 COMMENTARIUS
3399 1071 3410 1082 _

621 1193 822 1348 IN
936 1184 1587 1345 OMNES
1678 1181 2252 1340 PAULI
2387 1185 3452 1344 EPISTOLAS

3196 1533 3207 1566 I

1413 1642 1990 1732 GENTIANI
2083 1636 2669 1737 HERVE'I‘I,

854 1855 1161 1904 REMENSIS
1201 1853 1518 1912 CANONICI,
1567 1852 1997 1900 COMMENTARII
2046 1852 2111 1900 IN
2158 1847 2345 1894 PAULI
2403 1847 2740 1894 EPISTOLAS
2805 1848 3241 1908 INTEBPRETIS,

1555 2010 1948 2072 PREFATIO
1992 2009 2093 2068 AD
2126 2007 2547 2071 LECTOREM.

429 2321 492 2388 (')
534 2319 664 2375 Cum
705 2327 922 2374 reterem
982 2315 1119 2372 Novi
1172 2319 1495 2374 Testamenti
1546 2321 1835 2376 versionem
1881 2332 1931 2376 et
1982 2322 2285 2394 longissimi
2345 2326 2595 2395 temporis
2638 2309 3040 2393 prazscriptione
3059 2325 3338 2388 munitam,
3371 2334 3419 2378 et
3454 2323 3678 2377 concilii

425 2409 722 2464 'l'ridentini
760 2408 1080 2462 auctoritate
1105 2409 1477 2477 confirmatam
1501 2425 1613 2465 esse
1641 2410 1891 2477 viderem,
1921 2413 1977 2466 in
2012 2410 2338 2465 traducendo
2377 2410 2701 2465 Theodoreto
2734 2426 2850 2464 eam
2880 2412 3026 2478 sequi
3084 2411 3212 2463 mihi
3237 2420 3482 2479 perpetuo
3511 2411 3684 2462 risum

420 2507 516 2552 est.
553 2496 653 2553 Sed
679 2500 925 2569 quoniam
951 2513 1325 2567 nonnunquam
1360 2512 1459 2550 usu
1489 2498 1744 2564 veniebat,
1780 2509 1838 2552 ut
1872 2499 2028 2554 aliter
2059 2499 2248 2569 legeret
2307 2497 2685 2564 Theodoretus,
2717 2498 2874 2551 aliter
2930 2507 3112 2550 nostra
3144 2497 3354 2551 haberet
3387 2497 3572 2557 editio,
3630 2504 3682 2548 et

422 2586 736 2656 quandoque
771 2585 950 2640 Greece
980 2585 1122 2655 plus,
1165 2586 1479 2655 quandoque
1515 2585 1688 2639 minus
1718 2603 1874 2656 quam
1905 2586 2095 2641 Latine
2126 2587 2403 2657 legeretur,
2432 2586 2486 2640 id
2522 2586 2652 2640 mihi
2682 2587 2850 2640 uisum
2877 2595 2956 2639 est
3007 2585 3302 2639 notandum
3331 2586 3385 2637 in
3417 2585 3677 2654 margine.

426 2671 597 2726 Porro
625 2684 801 2728 autem
833 2675 1086 2744 quoniam
1120 2671 1306 2727 Gra'ca
1331 2689 1450 2726 cum
1478 2670 1688 2727 Latinis
1718 2674 2017 2744 conferens,
2047 2674 2307 2729 nonnulla
2344 2691 2460 2745 qua:
2490 2683 2630 2728 recte
2660 2674 2860 2744 alioqui
2887 2691 3034 2728 versa
3076 2683 3249 2738 erant,
3283 2673 3442 2726 aliter
3479 2673 3681 2741 signifi-

426 2761 635 2815 cantius
657 2761 763 2814 dici
783 2761 1019 2829 potuisse
1057 2760 1523 2826 animavertebam,
1557 2761 1669 2830 ejus
1691 2779 1892 2833 quoque
1925 2763 2000 2817 rei
2032 2761 2305 2817 Lectorem
2345 2761 2738 2816 admonendum
2776 2777 2888 2814 esse
2919 2762 3123 2820 censui.
3155 2770 3204 2815 et
3249 2770 3307 2815 ut
3341 2762 3394 2814 in
3425 2776 3486 2814 ea
3521 2775 3576 2812 re
3605 2774 3683 2811 me

426 2848 653 2917 fideliter
680 2858 729 2901 et
757 2848 954 2918 integre
982 2857 1248 2903 versatum
1279 2847 1612 2920 intelligeret,
1638 2857 1688 2901 et
1717 2849 1856 2919 quod
1889 2848 2068 2904 Greece
2121 2850 2365 2914 habetur,
2396 2860 2446 2905 et
2492 2849 2755 2920 quomodo
2801 2850 2930 2903 mihi
2975 2849 3304 2903 commodius
3355 2849 3489 2902 verti
3533 2862 3684 2915 posse

427 2933 687 2998 rideatur,
711 2934 979 3001 adnotavi,
1013 2934 1067 2987 id
1099 2937 1298 2990 interea
1330 2933 1607 2991 doctorum
1635 2938 1865 2991 virorum
1885 2937 2092 3007 judicio
2126 2938 2442 3008 relinquens.
2472 2941 2586 2992 Hoc
2614 2947 2791 2992 autem
2827 2937 2928 3006 fuit
2953 2939 3252 2992 necessario
3276 2935 3599 3006 faciendum,
3625 2949 3687 2985 ne

427 3020 482 3074 id
511 3021 639 3074 mihi
657 3022 902 3082 eveniret,
933 3021 1070 3091 quod
1103 3021 1442 3092 aliquataliis
1463 3023 1677 3078 minime
1700 3022 2093 3078 contemnendis
2143 3026 2342 3096 alioqui
2385 3027 2762 3096 interpretibus
2817 3026 2928 3095 qui,
2969 3024 3094 3078 dum
3148 3035 3366 3078 veterem
3408 3023 3686 3075 editionem

429 3118 676 3178 perpetuo
690 3117 1046 3178 sequerentur,
1069 3125 1160 3162 nec
1188 3109 1234 3162 si
1262 3109 1386 3178 quid
1408 3110 1585 3164 Graece
1607 3111 1929 3176 discreparet
1948 3113 2001 3164 in
2019 3129 2078 3166 eo
2095 3129 2246 3182 quem
2271 3114 2761 3183 interpretabantur
2785 3122 3022 3174 auctore,
3049 3110 3316 3166 Lectorem
3346 3109 3687 3167 admonuere,

431 3198 597 3249 Pauli
634 3213 784 3264 quem
834 3194 1020 3249 Latine
1054 3195 1301 3250 habemus
1331 3198 1599 3251 contextui
1629 3199 1945 3252 dissimilem
1974 3200 2460 3269 interpretationem
2489 3216 2864 3268 nonnunquam
2887 3198 3245 3258 ottulere:ut,
3272 3213 3371 3264 quo
3409 3196 3543 3247 nihil
3578 3210 3692 3246 esse

431 3291 600 3350 potest
636 3281 942 3348 absurdius,
979 3282 1128 3336 aliud
1157 3283 1366 3354 quidem
1396 3284 1588 3340 diceret
1618 3285 1848 3347 Paulus,
1881 3287 1982 3355 ipsi
2015 3303 2132 3341 vero
2167 3287 2318 3341 aliud
2340 3295 2677 3357 exponerent.
2725 3285 2921 3350 Habes,
2953 3283 3158 3346 Lector,
3192 3285 3290 3344 mei
3325 3285 3376 3336 in
3416 3282 3511 3334 hoc
3541 3297 3693 3346 apere

433 3369 644 3424 consilii
684 3369 964 3430 rationem.
999 3389 1156 3440 quam
1197 3389 1344 3442 arquo
1376 3375 1556 3427 animo
1589 3375 1786 3444 accipe,
1815 3383 1862 3427 et
1899 3373 2223 3430 Theodoreto
2262 3386 2465 3441 nostro,
2507 3375 2774 3430 succincte
2807 3372 3037 3442 quidem.
3095 3371 3185 3425 sed
3221 3388 3322 3425 non
3359 3373 3532 3424 minus
3585 3370 3694 3424 ele-

433 3467 618 3526 ganter
645 3475 800 3528 quam
832 3459 934 3525 pie.
965 3457 1122 3511 Pauli
1142 3475 1351 3513 sensum
1385 3461 1701 3528 explicante,
1738 3471 1788 3516 et
1831 3464 2121 3516 sententias
2171 3465 2468 3528 sententiis,
2517 3462 2657 3534 quod
2696 3463 2749 3516 in
2809 3461 2983 3516 Paulo
3036 3462 3243 3516 videtur
3299 3460 3694 3530 difﬁcillimum,

438 3546 573 3598 miro
595 3547 824 3615 arti/icio
843 3555 1177 3601 connectente
1207 3549 1403 3617 fruere.
1438 3547 1572 3603 Cum
1603 3558 1779 3604 autem
1807 3565 1871 3604 ex
1896 3550 2010 3619 ejus
2043 3550 2263 3605 lectione
2299 3569 2402 3605 non
2431 3567 2642 3620 parum,
2694 3559 2750 3603 ut
2783 3566 2957 3618 spero.
3013 3551 3219 3619 fructus
3279 3550 3560 3613 acceperis,
3589 3563 3698 3599 me-~

438 3644 609 3688 mento
634 3644 681 3687 te
698 3635 804 3688 viro
828 3635 877 3686 in
903 3635 1086 3700 primis
1110 3635 1408 3700 reverenda,
1427 3645 1475 3689 et
1491 3635 1558 3688 ad
1577 3638 1797 3706 fovenda
1819 3648 1863 3691 et
1882 3638 2237 3706 promovenda
2262 3639 2537 3692 doctorum
2559 3638 2986 3692 virorumstudia
3007 3647 3153 3698 nato,
3180 3634 3438 3689 Marcello
3456 3633 3696 3690 Corvino.

439 3721 705 3775 cardinali
743 3720 954 3776 Sancta:
985 3720 1196 3783 Crucis,
1225 3738 1344 3776 eum
1374 3733 1647 3792 acceptum
1691 3725 1828 3793 ferre
1861 3725 2065 3790 debere,
2111 3726 2202 3795 qui
2244 3736 2290 3779 et
2334 3742 2451 3779 eum
2515 3723 2696 3779 Gra’ce
2741 3724 3204 3778 transcribendum
3246 3721 3469 3785 curavit,
3538 3735 3713 3789 eoque-

443 3811 571 3863 mihi
629 3809 917 3864 liberaliter
955 3811 1365 3876 communicato,
1395 3822 1449 3865 ut
1476 3828 1592 3866 eum
1634 3811 1816 3868 Latine
1851 3823 2096 3867 verterem
2121 3823 2304 3867 auctor
2334 3815 2458 3884 fuit.
2494 3813 2626 3868 Cum
2663 3813 2759 3866 hoc
2801 3829 2927 3881 opus
2975 3813 3151 3866 vellem
3204 3812 3256 3863 in
3315 3810 3478 3862 lucem
3527 3808 3702 3874 edere,

443 3897 720 3951 admonuit
752 3914 831 3951 me
860 3897 1150 3951 Guilelmus
1177 3896 1426 3960 Sirletus,
1461 3901 1540 3951 rir
1589 3897 1767 3953 (ἔπιτε
1788 3909 1836 3954 et
1867 3899 2052 3954 Latine
2079 3901 2442 3964 doctissimus,
2482 3914 2530 3956 et
2555 3901 2839 3970 multiplici
2875 3917 3050 3955 rerum
3088 3899 3383 3969 cognitione
3419 3897 3702 3967 pra'ditus,

442 3984 731 4039 desiderari
753 3985 804 4038 in
836 3989 930 4038 hoc
960 3986 1334 4039 commentario
1363 3984 1418 4039 id
1445 3985 1582 4055 quod
1608 4002 1671 4038 ex
1723 4003 1781 4040 eo
1812 3988 1940 4040 citat
1968 3988 2120 4042 divus
2158 3989 2388 4044 Thomas
2422 3991 2655 4057 Aquinas
2686 3990 2738 4042 in
2761 4005 2912 4057 opere
2929 3987 3203 4041 Adversus
3236 4000 3452 4040 errores
3482 3983 3708 4038 Graeco-

445 4089 596 4148 rum,
629 4074 697 4126 ad
727 4073 1054 4140 probandum
1090 4073 1260 4145 ignem
1289 4075 1678 4144 purgatorium,
1706 4073 1985 4145 allegando
2012 4093 2124 4144 ejus
2163 4077 2316 4129 verba
2342 4079 2438 4130 hoc
2486 4078 2661 4129 modo.
2710 4095 2727 4126 c
2757 4075 3112 4130 Theodoretus
3143 4060 3416 4141 episcopus
3457 4071 3712 4140 Curensis

443 4175 602 4228 super
629 4160 764 4214 illud
783 4159 810 4214 I
833 4160 954 4215 Cor.
977 4159 1038 4214 Si
1063 4161 1213 4230 cujus
1231 4178 1359 4231 opus
1387 4162 1599 4223 arserit,
1625 4171 1756 4228 etc.,
1777 4163 1851 4215 sic
1878 4161 2005 4215 dicit
2026 4163 2200 4217 :Dicit
2230 4165 2506 4233 Apostolus
2527 4163 2666 4234 quod
2693 4164 2987 4216 salvabitur
3013 4179 3103 4232 per
3123 4161 3498 4230 conﬂatorium
3537 4160 3716 4228 ignem

444 4259 758 4318 purgantem
803 4251 1059 4322 quidquid
1088 4251 1348 4306 interimit
1381 4265 1474 4320 per
1497 4251 1762 4304 cautelam
1800 4253 2085 4320 pra'terita:
2133 4253 2254 4305 rita:
2283 4267 2347 4305 ex
2374 4252 2582 4320 pulvere
2614 4251 2801 4304 saltem
2847 4251 3033 4320 pedum
3075 4251 3264 4303 terreni
3297 4264 3501 4312 sensus,
3532 4248 3586 4300 in
3605 4263 3718 4315 quo

447 4338 634 4391 tandiu
667 4347 843 4394 manet
886 4340 1139 4411 quidquid
1172 4339 1513 4409 comulentiw
1545 4348 1592 4394 et
1623 4341 1816 4394 terreni
1856 4339 2074 4408 affectus
2114 4338 2321 4393 inhaesit
2353 4347 2628 4408 purgetur,
2663 4355 2759 4402 pro
2790 4355 2892 4408 quo
2937 4349 3106 4392 mater
3145 4337 3388 4391 Ecclesia
3419 4336 3624 4388 hostias
3660 4344 3712 4386 et

446 4425 588 4479 dona
621 4429 848 4497 pacifica
891 4429 1069 4484 devote
1096 4429 1271 4499 offert,
1301 4439 1349 4482 et
1383 4431 1462 4484 sic
1491 4445 1581 4496 per
1607 4431 1702 4482 hoc
1733 4430 1957 4482 mundus
1989 4426 2270 4494 indeprius
2294 4427 2495 4490 exiens,
2527 4424 2742 4479 Domini
2769 4425 3004 4481 Sabaoth
3028 4425 3336 4494 purissimis
3385 4421 3551 4475 oculis
3603 4419 3711 4469 im-

449 4515 748 4569 maculatus
778 4518 1003 4573 assistit.
1027 4538 1043 4569 ι
1083 4517 1259 4587 Hujus
1291 4520 1386 4585 rei,
1419 4517 1599 4580 lector.
1623 4527 1668 4572 te
1701 4515 2088 4570 admonemlum
2114 4531 2225 4570 esse
2253 4515 2456 4580 censui,
2488 4523 2544 4566 ut
2568 4515 2620 4567 id
2651 4515 2703 4567 in
2730 4523 2910 4568 nostro
2947 4512 3178 4579 defuisse
3204 4508 3492 4573 exemplari
3513 4505 3710 4556 infelli-

446 4619 562 4671 gas,
610 4619 701 4657 nec
728 4603 885 4672 ﬁdem
909 4620 1097 4664 meam,
1121 4621 1280 4674 quam
1314 4607 1364 4659 in
1398 4605 1788 4673 interpretando
1812 4621 1890 4657 me
1927 4604 2234 4670 praestitisse
2280 4603 2529 4666 arbitror,
2561 4602 2844 4656 desideres.
2883 4599 2948 4651 Ut
2978 4609 3150 4650 autem
3171 4596 3287 4664 quis
3301 4605 3350 4648 et
3377 4602 3604 4663 quantus
3634 4594 3716 4648 rir

453 4690 610 4758 fuerit
644 4691 1024 4754 Tlteodoretus,
1060 4699 1107 4744 et
1140 4693 1352 4762 quantis
1384 4693 1525 4762 falso
1551 4693 1832 4748 calumniis
1862 4695 2120 4761 appetitus
2151 4694 2438 4762 intelligas,
2470 4691 2723 4757 subjunxi
2753 4690 2888 4742 duas
2915 4686 3171 4754 epistolas
3203 4683 3303 4750 (1),
3337 4699 3498 4736 uuam
3538 4683 3715 4748 ipsius

456 4779 770 4836 Theodoreti
814 4782 883 4835 ad
928 4779 1148 4835 Leonem
1202 4780 1496 4834 Romanum
1547 4785 1846 4850 pontificem
1886 4799 1950 4836 es:
1987 4782 2152 4849 ipsius
2202 4777 2513 4832 Theodoreti
2559 4776 2816 4840 epistolis,
2846 4790 2960 4843 qua:
2989 4774 3041 4824 in
3087 4769 3402 4823 bibliotheca
3451 4769 3718 4824 Vaticana

455 4868 712 4922 habentur
733 4880 1022 4940 acceptam,
1055 4870 1278 4923 alteram
1304 4866 1492 4920 Leonis
1521 4867 1589 4918 ad
1616 4869 1854 4920 eumdem
1882 4868 2262 4919 Theodoretum
2299 4865 2387 4929 qui
2420 4862 2561 4929 falso
2585 4864 2840 4916 scribitur
2868 4860 3229 4915 Theodoricus
3261 4858 3375 4922 (9.);
3416 4873 3532 4927 qua:
3556 4858 3719 4926 facile

455 4956 727 5011 declarant
754 4958 1134 5024 Theodorqtum
1155 4958 1319 5027 fuisse
1359 4957 1530 5010 uirum
1561 4963 1608 5008 et
1645 4955 1899 5026 optimum
1922 4963 1970 5004 et
2000 4953 2153 5018 longe
2183 4949 2574 5009 doctissimum,
2630 4959 2678 5000 et
2714 4949 2851 5018 quod
2917 4949 3152 5001 maxime
3202 4945 3388 5013 refert,
3423 4946 3476 4998 in
3524 4948 3726 5014 primis.

459 5045 828 5102 orthodoxam.
877 5048 999 5101 Vale
1031 5055 1080 5100 et
1125 5049 1316 5115 fruere.

535 5223 597 5290 (‘)
632 5219 961 5275 Sirmundns
991 5235 1115 5273 cum
1153 5219 1685 5290 maximanipertem
1718 5212 2057 5290 przel'alionis
2088 5210 2448 5290 ilcrvetiapas
2471 5213 2658 5290 nescio
2699 5228 2806 5290 qua
2852 5213 3113 5290 (le-censa
3146 5212 3616 5290 prmtcrtnisirset.
3647 5212 3725 5262 vi-

461 5281 591 5414 ξιειίί
636 5299 718 5411 ἵει
759 5307 876 5344 eain
931 5291 1020 5412 Ιέἰε
1068 5291 1337 5361 integram
1378 5281 1653 5350 exhiberi,
1687 5281 1990 5356 praesertim
2023 5283 2150 5352 quia
2214 5282 2458 5336 eniitinct
2489 5282 2638 5351 plura
2666 5283 2730 5336 ad
2764 5281 3202 5353 perspiciendam
3235 5284 3501 5339 rationem
3544 5289 3728 5334 textus

515 5363 634 5413 hem
661 5362 794 5414 ureti
841 5377 936 5414 [δι-ο
968 5371 1150 5414 utura.

515 5362 794 5414 hemlm'eli
841 5362 1150 5428 profutura.

535 5430 612 5494 lt)
646 5430 739 5499 ῌςιε
774 5425 873 5485 suo
901 5434 1021 5485 loco
1055 5431 1196 5487 inter
1223 5439 1450 5486 caeteras
1482 5427 1745 5499 epistolas
1779 5425 2142 5499 reperientur.

535 5492 614 5569 (2)
654 5498 884 5557 Videtur
909 5501 1177 5558 llcrvctus
1209 5501 1450 5557 scribere
1481 5492 1722 5555 voluisse
1758 5517 1770 5552 ε
1802 5492 1882 5550 Ad
1903 5495 2140 5549 eumdem
2176 5493 2554 5549 'l'heodorelum
2594 5495 2683 5564 qui
2712 5495 2850 5564 falso
2885 5495 3139 5550 scribitur
3174 5492 3542 5549 Theodoritus.
