4074 6176
405 199 476 265 39
1392 185 1880 252 THEODORETI
1911 185 2254 251 EPISCOPI
2281 191 2649 254 CYRENSIS
2690 199 2700 212 ‘
3604 193 3676 264 ιο

404 312 728 377 cedonibus,
751 320 816 366 cr
832 306 1284 371 Atheniensibus,
1302 313 1356 361 et
1383 303 1711 368 Corinthiis,
1737 310 1795 357 ut
1823 295 1981 358 doCet

2093 303 2226 373 μετὰ
2247 304 2307 358 τὸ
2339 304 2571 376 κηρῦξαι
2603 293 2903 376 Μακεδόσι,
2939 308 3032 363 καὶ
3069 303 3398 381 Ἀθηναίοις,
3437 309 3532 365 καὶ
3563 312 3676 368 Κοδ

407 405 637 458 historia
690 404 935 458 Actuunt
971 399 1372 472 apostolorum.
1413 395 1723 450 Secundam
1763 409 1983 464 quinque

411 495 472 549 ad
499 493 821 566 Corinthios
859 498 983 562 post
1033 505 1152 544 eam
1203 489 1470 558 scriptam
1521 501 1644 541 esse
1697 486 1980 542 existimo.

408 591 542 646 Cum
590 591 757 655 enim,
792 597 851 642 ut
903 569 1022 640 erat
1068 584 1376 656 pollicitus,
1415 581 1480 635 ad
1534 596 1630 635 eos
1665 581 1898 643 veniret,
1930 587 1984 634 et

409 684 746 754 aliquantum
781 677 1044 748 temporis
1081 677 1136 730 in
1178 673 1499 729 Macedonia
1548 671 1794 734 duceret,
1831 671 1984 726 illinc

409 775 652 846 scripsit.
688 772 750 826 Et
803 771 907 825 hoc
952 783 1149 823 rursus
1203 767 1258 820 in
1304 764 1493 820 eadem
1535 763 1770 834 epistola
1804 763 1986 818 decla-

411 868 572 922 ravit.
598 865 733 919 Cum
763 866 908 919 enim
947 877 1086 932 quas
1117 860 1174 913 in
1203 859 1332 913 Asia
1364 868 1420 912 ct
1452 857 1507 911 in
1539 854 1758 911 Troade
1782 855 1986 911 subiis-

409 969 492 1016 set
519 959 839 1014 amictiones
879 962 1188 1016 narrasset,
1228 967 1461 1022 pergens
1495 951 1549 1004 in
1585 948 1768 1004 medio
1795 948 1930 1002 dicit
1967 966 1982 1006 ι

413 1074 430 1105 ι
465 1053 600 1107 Nam
628 1061 680 1106 et
707 1067 832 1106 cum
867 1050 1214 1105 venissemus
1251 1047 1305 1099 in
1342 1042 1745 1107 Macedoniam,
1776 1042 1983 1095 nullam

405 1147 644 1216 quietem
688 1143 879 1197 habuit
911 1157 1041 1195 caro
1081 1150 1271 1195 nostra
1314 1157 1326 1194 :
1362 1136 1457 1192 sed
1488 1150 1710 1191 omnem
1749 1134 1984 1189 tribula-

407 1243 608 1295 tionem
644 1240 790 1310 passi
847 1253 1059 1291 sumus.
1087 1233 1246 1288 Foris
1285 1245 1499 1302 pugnze,
1540 1230 1693 1283 intus
1734 1228 1986 1281 timores:

410 1328 514 1382 Sed
542 1330 633 1398 qui
676 1328 994 1380 consolatur
1028 1323 1286 1383 humiles.
1322 1321 1642 1375 consolatus
1679 1331 1764 1372 est
1793 1331 1895 1371 nos
1929 1317 1982 1369 in

409 1421 643 1476 adventu
671 1418 799 1472 Titi.
822 1417 938 1471 Non
963 1415 1140 1470 solum
1172 1423 1354 1466 autem
1386 1411 1438 1465 in
1468 1408 1758 1479 prmsentia
1788 1408 1983 1478 ipsius,

408 1513 501 1568 sed
535 1511 701 1568 etiam
751 1511 805 1564 in
856 1507 1257 1566 consolatione,
1289 1517 1397 1572 qua
1444 1502 1768 1557 consolatus
1795 1508 1880 1554 est
1929 1498 1984 1552 in

410 1605 563 1661 vobis
597 1605 641 1656 8.
680 1622 697 1654 ι
749 1600 814 1654 Et
844 1615 1038 1655 rursus
1074 1616 1086 1652 :
1131 1616 1147 1647 ι
1185 1595 1382 1654 Notam
1431 1603 1612 1648 autem
1650 1591 1810 1646 vobis
1848 1590 1984 1644 faci-

2092 395 2334 468 ρινθίοις,
2366 397 2614 465 ἀφίκετο,
2647 399 2723 462 ὼς
2760 400 2790 470 ή
2827 399 2936 453 τῶν
2975 401 3238 473 Πράξεων
3285 404 3497 475 ίστορία
3527 401 3675 457 διδα-

2093 505 2231 542 σκει.
2290 491 2399 542 Καὶ
2443 491 2540 560 τὴν
2581 491 2841 563 δευτέραν
2892 493 2946 546 δὲ
3001 494 3139 566 πρὸς
3168 495 3493 566 Κορινθίους
3537 500 3675 568 μετὰ

2090 581 2294 654 ταύτην
2323 584 2564 654 ἡγοῦμαι
2594 585 2923 657 γεγράφθαι.
2963 575 3121 641 Κατᾶ
3160 588 3270 660 γὰρ
3309 589 3375 661 δὴ
3408 594 3507 654 τας
3546 591 3678 646 ὑπο-

2093 675 2325 745 σχέσεις,
2363 678 2498 748 πρὺς
2539 678 2736 740 αὐτοὺς
2771 678 3192 751 ἀφικνούμενος,
3225 683 3324 735 καὶ
3356 686 3588 757 σμικρὸν
3619 687 3678 738 ὲν
3761 699 3766 706 ·

2089 769 2156 837 τῇ
2185 768 2492 840 Μακεδονία
2521 769 2710 843 χρόνον
2742 770 2964 840 διάγων,
2994 772 3203 826 ἐκεῖθεν
3242 773 3542 842 ἐπέστειλε,
3582 781 3676 832 καὶ

2090 857 2248 929 τοῦτο
2278 859 2440 914 πάλιν
2473 861 2530 913 ὲν
2561 860 2696 932 αὐτῇ
2727 864 2791 932 τῇ
2817 861 3073 933 ἐπιστολῇ
3103 861 3398 934 δεδήλωκε.
3431 867 3538 930 Τὰς
3567 869 3677 940 γὰρ

2091 951 2232 1003 κατὰ
2268 951 2368 1022 τὴν
2397 951 2585 1005 Ἀσίαν
2606 951 3004 1023 διηγησάμενος
3029 953 3258 1023 θλίψεις,
3280 956 3373 1008 καὶ
3407 957 3550 1011 κατὰ
3577 959 3677 1030 τὴν

2091 1041 2339 1113 Τρωάδα,
2363 1041 2648 1108 διεξελθὼν
2674 1045 2733 1116 εν
2764 1043 2841 1114 τῷ
2877 1045 3027 1116 μέσῳ
3049 1045 3208 1117 φησί’
3249 1065 3268 1100 ι
3307 1047 3419 1101 Καὶ
3452 1049 3560 1121 γὰρ
3593 1050 3676 1104 ἐλ-

2093 1135 2292 1189 θόντων
2326 1135 2484 1205 ἡμῶν
2513 1138 2592 1197 είς
2621 1135 2984 1201 Μακεδονίαν,
3017 1137 3276 1210 οὐδεμίαν
3299 1141 3484 1195 ἄνεσιν
3516 1142 3676 1213 ἔσχη-

2092 1244 2186 1280 κεν
2218 1229 2250 1297 ἡ
2282 1226 2418 1298 σὰρξ
2443 1227 2620 1298 ἡμῶν,
2646 1225 2760 1282 ἀλλ’
2786 1229 2844 1282 ἐν
2890 1229 3055 1284 παντὶ
3095 1229 3404 1302 ολιϐὁμενοι
3433 1249 3446 1264 ’
3477 1233 3674 1298 ἔξωθεν

2096 1319 2290 1388 μάχαι,
2324 1319 2524 1372 ἔσωθεν
2551 1320 2722 1388 φόϐοιο
2757 1321 2873 1376 ἀλλ’
2903 1324 2932 1375 6
2973 1325 3309 1394 παρακαλῶν
3337 1327 3463 1390 τοὺς
3491 1344 3676 1380 ταπει-

2091 1411 2217 1474 νοὺς
2247 1411 2622 1480 παρεκάλεσεν
2670 1414 2816 1483 ἡμᾶς
2861 1416 2918 1466 ὲν
2950 1419 3016 1486 τῇ
3047 1417 3325 1488 παρουσίᾳ
3373 1418 3535 1470 Τίτου
3569 1435 3582 1448 ·
3612 1419 3672 1471 οὐ

2096 1503 2256 1574 μόνον
2287 1503 2342 1555 δὲ
2376 1504 2432 1555 ἐν
2459 1505 2526 1574 τῇ
2555 1507 2827 1577 παρουσίᾳ
2849 1507 3036 1573 αὑτοῦ,
3072 1507 3209 1562 ἀλλὰ
3251 1509 3346 1562 καὶ
3385 1512 3443 1563 ὲν
3471 1513 3535 1582 τῇ
3569 1529 3672 1563 πα-

2095 1592 2357 1664 ρακλὴσει
2403 1588 2436 1669 ᾖ
2480 1596 2894 1666 παρακέκληται
2951 1599 3035 1668 ἐφ’
3070 1601 3217 1670 ὑμίν.
3262 1620 3280 1653 ι
3323 1601 3433 1654 Ka‘t
3477 1602 3669 1656 πάλιν⁵

409 1713 532 1752 mus
577 1697 776 1751 fratres
816 1694 1048 1765 gratiam
1105 1689 1198 1744 Dei
1253 1689 1436 1741 datam
1495 1683 1762 1741 Ecclesiis
1803 1683 1978 1738 Mace-

2107 1705 2123 1737 ι
2159 1685 2500 1755 Γνωρίςομεν
2522 1686 2543 1716 ⁸
2567 1685 2622 1739 δὲ
2640 1687 2790 1757 ὑμῖν,
2816 1689 3054 1758 ἀδελφοὶ,
3073 1691 3172 1762 τὴν
3195 1692 3356 1762 χάριν
3385 1691 3478 1745 τοῦ
3510 1692 3668 1756 Θεοῦ,

409 1789 604 1843 donize.
646 1807 664 1838 ›
715 1785 778 1840 [ιι
809 1799 1048 1839 rursus:
1104 1800 1121 1832 ‹
1161 1778 1237 1835 Nc
1289 1795 1412 1833 cum
1469 1778 1718 1833 venerint
1771 1791 1984 1830 meeum

411 1877 730 1932 Macedones
757 1875 806 1927 ιι.
853 1893 872 1925 ι
914 1871 1173 1939 Quintam
1243 1870 1508 1938 scriptam
1573 1881 1699 1923 esse
1727 1865 1986 1920 existimo

409 1969 645 2040 priorem
685 1965 752 2020 ad
801 1964 1173 2019 Timotheum.
1221 1960 1352 2015 Post
1386 1959 1436 2030 5
1479 1958 1808 2030 procemium
1837 1957 1983 2012 enim

409 2067 426 2083 ‘
461 2061 598 2116 dicit
628 2078 640 2114 :
669 2077 685 2110 ι
721 2053 1083 2126 Sicutrogavi
1104 2063 1154 2107 te
1189 2061 1246 2105 ut
1279 2064 1597 2106 remaneres
1625 2049 1829 2119 Ephesi
1857 2063 1983 2104 cum

410 2154 546 2208 irem
590 2152 646 2207 in
699 2149 1073 2204 Macedoniam
1104 2144 1147 2200 ι.
1191 2164 1209 2196 ι
1255 2144 1418 2197 Docet
1463 2150 1644 2196 autem
1684 2157 1786 2195 nos
1817 2141 1983 2195 etiam

411 2247 643 2299 Actuum
697 2240 952 2304 historia,
985 2238 1128 2308 quod
1183 2236 1406 2305 quando
1462 2233 1696 2303 primum
1733 2233 1882 2287 venit
1929 2232 1984 2285 in

410 2335 806 2398 Macedoniam,
857 2332 1097 2385 nondum
1153 2328 1374 2400 quidem
1415 2324 1692 2396 Ephesum
1737 2332 1984 2379 venerat.

413 2450 431 2482 ι
472 2427 741 2483 Prohibiti
785 2425 957 2488 enim,
995 2423 1196 2491 inquit,
1229 2421 1448 2476 fuerant
1506 2434 1534 2472 a
1574 2417 1781 2488 Spiritu
1837 2417 1986 2488 loqui

408 2524 636 2578 verbum
683 2521 737 2573 in
787 2517 916 2572 Asia
951 2513 996 2569 i.
1049 2533 1066 2566 ι
1121 2513 1324 2568 Aderat
1366 2521 1548 2565 autem
1600 2525 1707 2564 una
1763 2525 1887 2564 cum
1921 2524 1988 2565 eo

407 2614 572 2670 etiam
630 2609 969 2664 Timotheus.
1038 2605 1197 2672 Quod
1262 2611 1448 2674 aperte
1528 2617 1749 2672 quoque
1828 2599 1988 2655 docet

408 2704 640 2760 Actuum
712 2701 970 2755 historia.
1008 2697 1143 2751 Nam
1203 2711 1328 2750 cum
1387 2691 1560 2748 Iudici
1628 2708 1694 2747 ex
1747 2687 1987 2745 Thessa-

411 2797 586 2854 lonica
635 2793 950 2870 Bcrrhmam
1001 2789 1318 2852 venissent,
1355 2794 1408 2840 et
1446 2781 1857 2838 multitudinem
1919 2782 1985 2835 ad

409 2886 738 2942 seditionem
773 2883 1174 2942 concitassent.
1199 2877 1426 2931 divinus
1445 2875 1667 2946 quidem
1687 2873 1988 2945 Apostolus

407 2979 649 3036 Athenas
700 2974 974 3045 navigavit
1024 2990 1038 3026 :
1097 2989 1116 3022 ‹
1153 2968 1480 3023 Manserunt
1530 2977 1736 3030 autem,
1779 2966 1982 3036 inquit,

411 3067 555 3126 Silas
593 3073 648 3123 et
688 3063 1014 3118 Timotheus
1061 3061 1174 3114 illic
1200 3060 1249 3114 ιι.
1295 3077 1314 3110 ι
1356 3055 1421 3111 Et
1475 3072 1690 3121 rursus,
1723 3072 1850 3110 cum
1898 3072 1982 3121 ea,

409 3176 534 3234 quae
567 3157 816 3214 Corinthi
851 3166 970 3209 acta
1015 3163 1166 3220 sunt,
1211 3149 1452 3220 scriptor
1482 3156 1752 3213 narraret,
1785 3155 1836 3202 et
1887 3148 1988 3201 do-

361 3243 366 3250 ’
410 3259 560 3308 ceret
591 3244 871 3319 quomodo
897 3243 1128 3310 divinus
1173 3240 1476 3312 Apostolus
1526 3239 1578 3294 in
1611 3253 1888 3311 synagoga
1934 3238 1986 3291 in

411 3343 566 3398 omni
601 3339 846 3394 Sabbato
877 3335 1149 3400 docuerit,
1186 3342 1240 3389 et
1269 3331 1420 3402 quod
1450 3329 1656 3386 Iudaeis
1687 3341 1742 3387 et
1782 3330 1989 3386 Graecis

412 3431 776 3505 persuaserit,
823 3425 1118 3496 subiunxit
1153 3443 1166 3479 :
1211 3441 1230 3475 ι
1273 3422 1575 3505 Postquam
1609 3430 1791 3475 autem
1828 3436 1991 3475 vene-

412 3501 544 3584 runt
596 3539 662 3579 ex
695 3519 1016 3577 Macedonia
1060 3515 1207 3571 Silas
1257 3523 1311 3570 et
1359 3501 1708 3579 Timotheus,
1745 3512 1990 3568 instabat

413 3620 584 3677 verbo
643 3615 872 3675 Paulus.
927 3611 1230 3666 testilicans
1287 3605 1530 3674 Judaeis,
1611 3605 1798 3662 Jesum
1867 3619 2000 3660 esse

414 3709 694 3769 Christum
719 3703 766 3758 ι.
807 3724 826 3758 ι
860 3702 1083 3758 Clarum
1136 3708 1223 3756 est
1270 3715 1404 3772 ergo
1442 3699 1614 3771 quod,
1642 3698 1865 3772 quando
1905 3714 1992 3754 se-

414 3800 597 3858 cundo
639 3814 706 3854 ex
732 3794 950 3866 Epheso
993 3781 1140 3849 venit
1177 3792 1372 3848 beatus
1407 3790 1612 3846 Paulus
1649 3791 1704 3846 in
1738 3788 1991 3843 Macedo-

415 3895 562 3949 niam
595 3931 612 3957 ,
650 3899 780 3942 tunc
835 3885 948 3939 illic
994 3871 1261 3953 optimum
1319 3879 1670 3934 Timotheum
1725 3879 1988 3947 reliquit,
2043 3891 2068 3910 κ

415 3971 706 4041 ut'eorum
748 3991 938 4032 curam
987 3984 1219 4048 gereret,
1263 3973 1354 4044 qui
1390 3973 1690 4028 salutarem
1722 3971 1990 4041 praedica-

415 4075 620 4129 tionem
653 4075 1030 4138 susceperant.
1060 4065 1191 4120 Post
1228 4065 1391 4130 hanc,
1419 4079 1538 4119 eam
1576 4078 1699 4118 csse
1729 4061 1990 4130 scriptam

414 4167 694 4226 existimo,
730 4175 851 4232 qua:
897 4159 966 4213 ad
999 4157 1182 4212 Titum
1236 4160 1406 4213 missa
1445 4163 1550 4210 est.
1583 4154 1721 4208 Cum
1753 4153 1900 4206 enim
1936 4151 1992 4204 in

415 4260 529 4314 illis
559 4257 740 4312 adhuc
763 4254 904 4309 locis
926 4251 1130 4306 Paulus
1162 4257 1368 4321 ageret,
1395 4247 1564 4317 jussit
1587 4245 1712 4300 Tito
1744 4252 1802 4297 ut
1835 4243 1902 4297 ad
1935 4259 1993 4298 se

2087 1779 2184 1851 τὴν
2214 1779 2503 1851 δεδομένην
2539 1782 2658 1844 ταῖς
2704 1781 3056 1854 Ἐκκλησῖαις
3089 1784 3190 1853 τῆς
3247 1784 3602 1849 Μακεδονίας.
3646 1804 3663 1837 ι

2090 1872 2198 1925 Καὶ
2223 1867 2379 1933 αὖθις
2411 1888 2424 1901 ο
2467 1890 2484 1922 ι
2531 1873 2744 1941 Μήπως
2777 1874 2872 1927 ἐὰν
2895 1871 3088 1928 ἔλθωσι
3124 1876 3234 1930 σὺν
3262 1877 3382 1946 ἐμοὶ
3420 1876 3669 1930 Μακεδόι

2091 1979 2202 2026 νες.
2233 1980 2250 2013 ι
2289 1961 2557 2032 Πέμπτην
2588 1963 2829 2034 ἠγοῦμαι
2883 1965 3193 2036 γεγράφθαι
3244 1966 3352 2019 τῶν
3391 1967 3525 2037 πρὸς
3573 1965 3672 2019 Tr-

2091 2043 2283 2124 μόοεον
2331 2054 2429 2123 τὴν
2480 2053 2773 2128 προτέραν.
2823 2056 2976 2109 Μετὰ
3011 2055 3120 2127 γὰρ
3154 2056 3217 2128 δὴ
3275 2058 3337 2110 τὸ
3387 2058 3672 2128 προοίμιον

2087 2143 2230 2198 οὕτω
2261 2144 2393 2215 φησί
2429 2160 2443 2174 ο
2475 2163 2494 2197 ι
2536 2145 2738 2210 Καθὼς
2773 2147 3127 2217 παρεκάλεσά
3159 2163 3217 2200 σε
3253 2152 3578 2219 προσμεῖναι
3612 2150 3673 2200 ἐν

2100 2236 2332 2306 Ἐφέσῳ,
2362 2236 2726 2307 πορευόμενος
2753 2239 2830 2301 είς
2859 2238 3224 2294 Μακεδονίαν.
3268 2258 3286 2290 ι
3328 2239 3580 2292 Διδάσκει
3613 2239 3670 2291 δὲ

2086 2330 2235 2400 ἡμᾶς
2272 2327 2368 2382 καὶ
2391 2329 2424 2399 ἡ
2448 2328 2552 2381 τῶν
2578 2329 2838 2400 Πράξεων
2865 2331 3097 2400 ἱστορία,
3124 2330 3199 2392 ὡς
3229 2331 3391 2399 ἡνίκα
3422 2330 3481 2383 τὸ
3526 2328 3676 2400 πρῶ-

2087 2439 2176 2475 τον
2203 2421 2282 2485 εις
2304 2421 2404 2492 τὴν
2436 2421 2773 2476 Μακεδονίαν
2806 2421 3056 2487 ἀφίκετο.
3092 2420 3304 2472 οὐδέπω
3334 2419 3540 2492 μὲννείς
3572 2418 3674 2485 τὴν

2092 2483 2325 2583 Ἔφεσον
2359 2483 2660 2584 ξληλύθειλ
2702 2483 3087 2581 Ἐκωλύθησαν
3119 2509 3228 2580 γὰρ
3252 2483 3356 2561 ὑπδ
3377 2483 3472 2560 τοῧ
3507 2483 3673 2559 [1νεῦ-

2093 2624 2258 2678 ματος
2280 2607 2533 2676 λαλῆσαι,
2566 2606 2720 2674 φησι,
2754 2602 3026 2671 τὸνλόγον
3048 2603 3106 2655 ὲν
3134 2605 3200 2672 τῇ
3238 2601 3410 2673 Ἀσίᾳ,
3445 2620 3464 2652 ι
3498 2600 3673 2672 Συνῆν

2088 2697 2145 2751 δέ
2169 2715 2230 2768 γε
2265 2696 2413 2767 αὐτῷ
2447 2683 2539 2749 καὶ
2565 2697 2593 2748 6
2620 2694 2883 2766 Τιμόθεος
2914 2710 2924 2722 ·
2953 2693 3049 2747 καὶ
3087 2691 3243 2746 τοῦτο
3274 2693 3459 2762 σαφῶς
3510 2693 3604 2745 καὶ
3641 2694 3674 2762 ἠ

2089 2789 2198 2842 τῶν
2233 2789 2488 2860 Πράξεων
2523 2787 2735 2856 ἱστορίᾳ
2765 2785 3026 2840 διδάσκει.
3058 2784 3178 2838 Τῶν
3206 2784 3315 2857 γὰρ
3344 2785 3451 2838 ἀπὸ
3474 2784 3676 2839 Θεσσα-

2089 2877 2308 2948 λονίκης
2345 2875 2614 2929 Ἰουδαίων
2647 2876 2727 2938 είς
2751 2874 2851 2946 τὴν
2884 2874 3147 2947 Βὲῥροιαν
3181 2872 3552 2944 ἀφικομένων,
3580 2873 3675 2926 καὶ

2089 2968 2150 3023 τὸ
2177 2965 2378 3040 πλῆθος
2404 2967 2741 3038 ὲγειράντων
2769 2968 2858 3031 εἰς.
2887 2969 3096 3030 στάσιν,
3133 2969 3160 3021 6
3194 2967 3296 3046 μὲν
3326 2965 3469 3030 θεῖος
3510 2966 3677 3018 Ἀπόο

2091 3059 2276 3124 στολος
2313 3062 2392 3124 είς
2438 3059 2538 3124 τὰς
2579 3059 2811 3130 Ἀθήνας
2839 3059 3180 3128 ἀπέπλευσεν
3212 3074 3228 3089 ο
3274 3076 3292 3109 ι
3350 3057 3674 3126 Ἐπὲμειναθ

2089 3154 2165 3217 δὲ,
2196 3153 2380 3224 φησιν,
2413 3153 2441 3206 ὃ
2458 3170 2514 3204 τε
2547 3152 2706 3215 Σίλας
2739 3151 2829 3204 καλ⁵
2851 3153 2879 3203 6
2901 3150 3162 3221 Τιμόθεος
3184 3150 3354 3202 ἐκεῖ.»
3383 3151 3490 3204 Καὶ
3511 3149 3674 3202 πάλιν

2089 3246 2160 3297 τὰ
2197 3245 2338 3298 κατὰ
2367 3243 2466 3314 τὴν
2497 3241 2758 3313 Κόρινθον
2818 3243 2846 3294 6
2897 3237 3250 3311 συγγραφεὺς
3295 3238 3670 3309 διηγούμενος,

2091 3337 2187 3392 καὶ
2214 3335 2502 3396 διδάσκων.
2520 3333 2667 3396 ὅπως
2711 3336 2740 3386 6
2773 3332 2915 3395 Θείος
2962 3329 3283 3394 Ἀπόστολος
3315 3329 3589 3398 διελέγετο
3616 3331 3674 3384 ὲν

2091 3430 2158 3499 τῇ
2184 3429 2471 3497 συναγωγῇ
2497 3427 2639 3479 κατὰ
2666 3426 2775 3479 πᾶν
2829 3422 3108 3478 Σάὁὸατον
3131 3463 3147 3486 ,
3197 3424 3294 3476 καὶ
3335 3423 3416 3477 ὅτι
3458 3421 3674 3476 «ἔπεισεν

2104 3515 2392 3579 Ἰουδαίους
2421 3532 2479 3568 τε
2509 3515 2604 3566 καὶ
2636 3514 2931 3584 Ἕλληνας,
2971 3514 3251 3584 ἐπήγαγεν
3276 3529 3288 3543 ·
3319 3533 3338 3564 ι
3381 3513 3466 3578 Ὠς
3491 3515 3548 3568 δὲ
3579 3510 3676 3585 ἦλ-

2094 3605 2184 3659 θον
2215 3606 2323 3660 ἀπὸ
2346 3606 2446 3676 τῆς
2489 3603 2848 3668 Μακεδονίας,
2883 3605 2912 3657 ὅ
2938 3621 2996 3657 τε
3025 3604 3186 3668 Σίλας
3219 3605 3311 3658 καὶ
3336 3607 3364 3658 6
3389 3605 3674 3675 Τιμόθεος,

2095 3699 2372 3768 συνείχετο
2403 3673 2483 3767 τῷ
2523 3696 2667 3768 λόγῳ
2693 3696 2722 3748 6
2766 3695 3000 3761 Παῦλος,
3027 3673 3532 3767 διαμαρτυρόμενος
3565 3701 3676 3761 τοῖς
3735 3673 3745 3683 ’

2107 3790 2382 3853 Ἰουδαίοις
2429 3790 2522 3841 τὸν
2562 3789 2796 3860 Χριστὸν
2837 3787 3068 3859 Ἰησοῦν.
3102 3808 3120 3840 ι
3149 3787 3317 3858 Δῆλον
3361 3789 3562 3853 τοίνυν,
3603 3791 3678 3852 ὡς

2091 3883 2257 3952 ἡνίκα
2287 3881 2346 3934 τὸ
2392 3881 2643 3952 δεύτερον
2690 3881 2797 3934 ἀπὸ
2827 3881 2925 3952 τῆς
2977 3880 3202 3950 Ἐφέσου
3226 3883 3553 3950 παρεγίνετο
3599 3886 3679 3944 εἰς

2093 3977 2193 4046 τὴν
2229 3975 2570 4030 Μακεδονίαν
2603 3978 2630 4028 6
2662 3976 2933 4046 μακάριος
2958 3975 3190 4041 Παῦλος,
3232 3977 3354 4029 τότε
3379 3978 3469 4030 τὸν
3504 3980 3679 4031 πάντα

2094 4070 2313 4139 ἄριστον
2341 4063 2605 4137 Τιμόθεον
2636 4068 2754 4119 ἐκεῖ
2807 4067 3216 4132 καταλέλοιπεν,
3249 4070 3328 4131 είς
3363 4069 3680 4138 ἐπιμέλειαν

2095 4161 2201 4213 τῶν
2235 4160 2543 4228 δεξαμένων
2569 4159 2628 4213 τὸ
2659 4161 2924 4230 σωτήριον
2953 4161 3236 4231 κήρυγμα.
3270 4161 3424 4214 Μετὰ
3453 4161 3678 4232 ταύτην,

2097 4245 2469 4322 ὑπολαμϐάνω
2491 4253 2587 4322 τὴν
2616 4252 2752 4321 πρὸς
2788 4254 2943 4305 Τίτον
2975 4253 3303 4324 γεγράφθαι.
3339 4255 3425 4307 Ἐν
3452 4255 3680 4320 ἐκείνοις

414 4351 646 4408 veniret.
681 4347 774 4402 Sic
807 4355 988 4400 autem
1021 4343 1157 4397 dicit
1191 4361 1203 4396 :
1241 4360 1258 4392 ι
1294 4340 1432 4395 Cum
1464 4338 1668 4394 misero
1698 4335 1763 4389 ad
1809 4345 1860 4388 te
1890 4337 1988 4387 Ar-

2098 4344 2204 4415 γὰρ
2238 4344 2318 4397 ἔτι
2341 4344 2540 4413 διάγων
2588 4346 2700 4407 τοῖς
2733 4345 2943 4414 μέρεσι,
2979 4346 3306 4400 καταλαϐεῖν
3348 4347 3510 4399 αὐτὸν
3538 4365 3680 4417 παρ-

415 4453 640 4508 temam,
668 4441 751 4495 vel
783 4438 1108 4510 Tychicum,
1146 4435 1346 4489 festina
1392 4432 1459 4485 ad
1497 4448 1582 4486 me
1615 4429 1802 4483 venire
1834 4427 1993 4481 Nico-

416 4536 610 4606 polim;
649 4533 723 4587 ibi
753 4531 897 4586 enim
927 4529 1096 4584 statui
1132 4527 1376 4580 hiemare
1403 4535 1463 4577 "'.
1510 4541 1530 4574 ι
1572 4523 1772 4574 Dicunt
1808 4528 1991 4574 autem

415 4627 727 4698 Nicopolim
760 4640 885 4680 esse
933 4624 1128 4678 urbem
1161 4617 1430 4680 Thraciae,
1477 4612 1811 4669 Macedonia:
1866 4627 1994 4682 pro-

416 4723 704 4794 pinquam.
745 4717 1046 4788 Septimam
1084 4713 1233 4767 misit
1263 4710 1329 4765 ad
1362 4707 1662 4762 Romanos.
1703 4705 1832 4761 Post
1870 4705 1993 4761 illas

415 4815 563 4872 enim
598 4826 789 4868 omnes
823 4826 882 4866 se
903 4810 1048 4864 hanc
1076 4807 1132 4878 6
1161 4802 1454 4874 scripsisse
1481 4800 1666 4855 docet.
1696 4797 1786 4853 Sic
1811 4806 1993 4853 autem

415 4913 554 4969 dicit
584 4930 599 4967 :
635 4931 654 4963 ι
693 4910 847 4965 Nunc
877 4908 1044 4980 igitur
1089 4902 1412 4974 proﬁciscor
1450 4898 1506 4951 in
1542 4894 1852 4950 Jerusalem
1890 4893 1992 4946 mi-

416 5007 659 5062 nistrare
707 5005 938 5062 sanctis.
969 4999 1350 5054 Probaverunt
1395 4993 1539 5046 enim
1582 4985 1906 5041 Macedonia
1939 4993 1994 5038 ct

413 5099 623 5154 Achaia
676 5096 1024 5154 collationem
1068 5089 1311 5157 aliquam
1367 5084 1548 5137 facere
1605 5081 1660 5132 in
1713 5093 1991 5150 pauperes

413 5200 640 5246 sanctos
663 5190 757 5260 qui
795 5195 928 5242 sunt
965 5185 1018 5237 in
1051 5176 1358 5234 Jerusalem
1392 5182 1441 5226 ’³.
1494 5191 1512 5224 ι
1546 5168 1620 5226 De
1669 5169 1758 5224 bis
1808 5176 1989 5222 autem

491 5371 518 5408 ⁸
559 5372 578 5427 Ι
608 5371 736 5426 Cor.
764 5382 898 5433 νιιι,
933 5368 983 5422 1.
1059 5365 1090 5406 ιι
1129 5365 1174 5422 ll
1213 5365 1338 5421 Cor.
1373 5381 1459 5432 Ix,
1493 5361 1548 5417 ι.

413 5449 454 5486 ⁸η
489 5446 594 5498 Tit.
630 5457 725 5505 III,
761 5437 850 5493 12.
923 5443 955 5476 ι
989 5435 1152 5492 Rom.
1186 5453 1274 5502 xv,
1308 5434 1398 5491 26.

1631 5361 1712 5427 tl
1751 5359 1995 5416 Timoth.
2033 5361 2145 5425 i,5.
2185 5358 2198 5410 i
2247 5361 2371 5416 Act.
2407 5359 2588 5428 va,6.
2633 5362 2657 5401 ιε
2694 5362 2816 5417 Act.
2855 5375 2996 5424 xvn.
3030 5359 3117 5413 M.

2100 4435 2368 4506 ηγγύησε.
2411 4436 2574 4502 Λέγει
2598 4435 2654 4488 δὲ
2687 4435 2880 4498 οὕτως’
2917 4457 2934 4487 ι
2971 4439 3138 4490 Ὀταν
3168 4438 3372 4506 πέμψω
3411 4439 3679 4508 ’Λρτεμᾶν

2099 4525 2237 4596 πρὸς
2271 4526 2350 4590 σὲ,
2399 4525 2434 4598 ἢ
2487 4524 2743 4594 Τυχικὸν,
2775 4523 3077 4577 σπούδασον
3125 4523 3300 4576 ἐλθεῖν
3333 4525 3464 4593 πρὸς
3504 4541 3570 4592 με
3600 4525 3678 4586 είς

2098 4617 2413 4672 Νικόπολινο
2447 4617 2562 4669 ἐκεῖ
2583 4617 2691 4685 γὰρ
2727 4615 2956 4684 κέκρικα
2980 4615 3410 4685 παραχειμάσαι.
3437 4633 3456 4665 ι
3489 4614 3597 4684 Τὴν
3624 4613 3679 4664 δὲ

2099 4711 2410 4773 Νικόπολιν,
2445 4707 2725 4779 Θρᾳκικὴν
2777 4707 2874 4776 μὲν
2908 4707 3062 4758 πάλιν
3112 4705 3250 4759 εἷναί
3307 4724 3459 4775 φατι,
3508 4709 3573 4775 τῇ
3625 4705 3680 4755 δὲ

2266 4804 2287 4818 α
2359 4803 2367 4814 ο
2520 4803 2530 4814 ς
2563 4802 2616 4818 ο..
2759 4801 2772 4817 .
2797 4802 2813 4814 η
2861 4801 2880 4813 κ
3103 4802 3112 4815 .
3375 4801 3387 4816 .
3573 4796 3584 4812 ρ

2100 4806 2408 4873 Μακεοονια
2445 4819 2718 4865 πελαςειν.
2776 4801 3025 4872 ἑβδόμην
3065 4819 3161 4872 την
3206 4801 3338 4870 πρδς
3394 4801 3679 4868 Ρωμαιους

2098 4893 2398 4947 ἐπέστειλε.
2452 4893 2606 4945 Μετὰ
2658 4892 2762 4962 γὰρ
2799 4892 2862 4963 δὴ
2914 4894 3114 4955 ταύτας
3179 4892 3414 4954 ἁπάσας,
3475 4887 3679 4959 ταύτην

2097 4985 2259 5048 αὐτὸς
2284 4983 2615 5054 γεγραφέναι
2650 4984 2910 5040 διδάσκει.
2959 4988 3120 5054 Λέγει
3163 4985 3218 5037 δὲ
3243 4982 3415 5044 οὕτως
3439 4997 3454 5012 ·
3493 5001 3510 5032 ι
3547 4981 3685 5034 Νυνὶ

2094 5078 2152 5131 δὲ
2188 5076 2487 5148 πορεύομαι
2516 5079 2594 5140 είς
2636 5078 2993 5149 Ἰερουσαλὴμ
3039 5075 3300 5131 διακονῶν
3326 5076 3437 5137 τοῖς
3463 5074 3641 5143 ἁγίοις
3670 5090 3682 5102 ·

2095 5169 2362 5240 ηὑδόκησε
2400 5169 2508 5240 γὰρ
2541 5170 2973 5224 Μακεδονίακαί⁸
3013 5169 3202 5239 Ἀχαΐα
3236 5166 3520 5220 κοινωνίαν
3557 5165 3674 5219 τινὰ

3205 5357 3220 5396 ¹
3265 5359 3392 5426 Act.
3421 5367 3581 5416 xvm,
3617 5351 3673 5404 5.

1698 5543 1928 5599 VAlilE
1968 5543 2373 5600 LECTIONES.

481 5644 562 5698 ’Β
603 5640 872 5716 γνωρίζω.
905 5642 993 5700 Sic
1024 5642 1412 5707 Theodoretus
1441 5655 1662 5711 quoque
1705 5638 1845 5694 infra
1879 5637 1944 5694 ad
1979 5636 2022 5691 ll
2044 5637 2173 5695 Cor.
2203 5654 2320 5707 vni,
2356 5638 2407 5694 1.
