4074 6176
325 227 389 296 δῖ
1452 223 1689 286 ΡΒΕΕ.
1717 227 1798 286 IN
1829 227 2066 287 EPIST.
2100 229 2160 288 S.
2192 229 2444 290 PAULI.
3506 222 3580 287 ιε

330 340 660 411 ποιήσασθαι
682 342 763 405 είς
799 341 924 406 τοὺς
957 342 1200 412 πτωχοὺς
1228 343 1334 396 τῶν
1369 343 1537 410 ἁγίων
1574 344 1682 397 τῶν
1711 345 1766 396 ἐν
1803 343 1902 396 Ἱε-

2011 347 2258 417 pecuniis
2293 343 2429 401 dicit
2481 343 2646 399 etiam
2687 343 2743 398 in
2795 343 2970 414 prima
3019 341 3083 397 ad
3111 339 3428 398 Corinthios
3466 342 3581 412 epi-

334 432 634 504 ρουσαλήμ.
673 450 692 484 ι
727 433 862 502 Περὶ
895 433 952 486 δὲ
987 433 1189 490 τούτων
1214 434 1322 489 τῶν
1371 435 1690 505 χρημάτων,
1718 433 1812 488 καὶ
1847 436 1902 489 ἐν

2011 437 2154 492 stola
2183 455 2197 491 :
2231 455 2249 489 ι
2291 436 2367 492 Ne
2412 434 2631 506 quando
2677 450 2902 502 venero,
2945 444 3080 490 tunc
3132 433 3373 490 collectae
3421 433 3578 489 ﬁant.

327 526 396 594 τῇ
441 521 682 594 προτέρᾳ
702 522 724 554 ⁸
753 525 820 592 τῇ
851 524 985 593 πρὸς
1009 522 1330 594 Κορινθίους
1365 527 1531 596 φησὶν
1572 524 1861 594 Ἐπιστολῇ
1886 543 1899 556 ο

335 635 356 668 ί
385 617 504 670 ἰνα
533 615 610 686 μὴ
638 617 766 670 ὅταν
795 615 954 679 ἐλθω,
991 615 1110 669 τότε
1142 615 1316 684 λογίαι
1366 616 1622 685 γίνωνται
1652 632 1666 647 ·
1695 617 1824 670 ὅταν
1851 615 1908 670 δέ

330 707 766 778 παραγένωμαι,
817 705 910 770 οὒς
960 708 1054 760 ἐὰν
1103 705 1435 776 δοκιμάσητε
1488 707 1556 760 δι’
1587 707 1905 772 ἐπιστολῶν,

329 800 552 863 τούτους
597 797 798 868 πέμψω
839 799 1160 868 ἀπενεγκεῖν
1183 799 1282 871 τὴν
1307 801 1468 870 χάριν
1491 799 1644 870 ὑμῶν
1677 801 1758 864 είς
1809 801 1908 853 Ἱε-

336 891 638 964 ρουσαλήμο
673 893 768 946 ἐὰν
793 888 904 964 asa
941 890 1089 956 ἄξιον
1113 887 1207 946 τοῦ
1238 893 1382 963 κάμὲ
1419 891 1768 964 πορεύεσθαι,
1812 892 1909 945 σὺν

334 984 458 1054 ἐμοὶ
483 983 860 1054 πορεύσονται.
902 1002 921 1035 ι
947 983 1104 1037 Μετὰ
1136 981 1342 1037 τούτων
1365 981 1471 1037 τῶν
1501 983 1801 1054 χρημάτων
1828 983 1906 1045 είς

344 1075 695 1147 Ἰερουσαλὴμ
723 1074 992 1146 ἀπαίρων,
1019 1077 1078 1128 ἐν
1117 1075 1342 1146 Μιλήτῳ
1364 1075 1475 1138 τοῖς
1516 1075 1777 1143 Ἐφεσίων
1802 1073 1905 1144 ἔφη

333 1166 743 1238 πρεσϐυτέροις,
775 1167 856 1219 ὅτι
888 1185 905 1218 t
941 1167 1138 1220 Οὐκέτι
1163 1165 1360 1234 ὄψεσθε
1389 1165 1449 1219 τὸ
1481 1165 1771 1237 πρόσωπόν
1804 1183 1906 1237 μου

336 1259 491 1329 ὑμεῖς
539 1258 760 1321 πάντες,
807 1260 865 1312 ἐν
897 1253 979 1321 οἷς
1023 1257 1240 1328 διῆλθον
1288 1257 1578 1330 κηρύσσων
1623 1257 1719 1328 τὴν
1755 1257 1907 1328 βασι-

330 1351 479 1404 λείαν
503 1350 596 1403 τοῦ
627 1348 816 1403 Θεοῦ.»
853 1349 1029 1412 Εὐθὺς
1066 1349 1176 1419 γὰρ
1209 1353 1267 1403 ἐν
1311 1347 1700 1420 Ἰεροσολύμοις
1731 1362 1909 1420 παρα-

333 1442 510 1511 νόμων
539 1441 789 1510 γραφεὶς,
843 1441 937 1493 καὶ
976 1441 1066 1493 τὸν
1123 1440 1378 1510 μέγιστον
1423 1441 1629 1493 ἐκεῖνον
1665 1439 1908 1493 κίνδυνον

334 1531 654 1601 ὑπομείνας,
701 1529 789 1584 διά
839 1530 938 1600 μὲν
985 1529 1078 1582 τοῦ
1127 1530 1408 1601 χιλιάρχου
1449 1530 1556 1582 τῶν
1599 1526 1909 1582 Ἰουδαϊκῶν

328 1623 616 1694 ἀπηλλάγη
652 1621 849 1693 χειρῶν
875 1639 890 1653 ·
931 1621 1115 1690 ἐφέσει
1173 1621 1230 1674 δὲ
1280 1620 1644 1691 χρησάμενος,
1676 1617 1768 1671 ἐπὶ
1816 1614 1908 1670 τοῦ

325 1685 538 1784 ’Φήστου
706 1685 924 1784 Ῥώμην
955 1685 1424 1766 κατέλαϐενίῖοτι
1466 1685 1530 1764 *δὲ
1573 1710 1682 1763 ἀπὸ
1712 1708 1904 1780 Κορίνο
1937 1685 1983 1746 Β

329 1807 422 1861 οου
443 1807 690 1878 γέγραφε
713 1805 809 1876 τὴν
839 1805 974 1874 πρὸς
1006 1803 1310 1874 Ῥωμαίους
1349 1801 1681 1874 Ἐπιστολὴν,
1717 1801 1904 1872 σαφῶς

328 1901 474 1970 ημᾶς
503 1897 637 1952 αὐτὸ
665 1897 906 1949 διδάσκει
948 1893 1207 1958 τὸτέλος.
1241 1893 1461 1964 Πρῶτον
1505 1893 1602 1964 μὲν
1651 1893 1760 1964 γάρ
1804 1893 1903 1963 τὴν

331 1989 534 2059 ψοίδην
561 1987 866 2059 συνίστησι,
890 1985 1137 2040 διάκονον
1165 1986 1333 2056 αὐτὴν
1354 1981 1493 2039 εἶναι
1523 1985 1698 2054 λέγων
1726 1985 1824 2054 τῆς
1846 1985 1904 2037 ἐν

325 2082 636 2154 Κεγχρεαῖς
658 2078 946 2152 ἐκκλησίας
973 2094 986 2109 ο
1019 2073 1320 2150 Κορινθίων
1352 2076 1409 2130 δὲ
1443 2077 1638 2147 χωρίον
1669 2077 1726 2129 αἱ
1761 2077 1906 2143 Κεγ-

325 2174 504 2246 χρεαί.
549 2171 780 2224 Ἔπειτα
817 2170 874 2222 δὲ
925 2170 1020 2222 καὶ
1049 2167 1226 2222 ταῦτά
1258 2184 1424 2238 φησιν
1459 2183 1470 2195 ·
1501 2185 1520 2217 ι
1571 2165 1905 2229 Ἀσπάζεται

328 2262 475 2332 ὑμᾶς
513 2263 671 2322 Γάϊος
697 2263 725 2312 ὁ
754 2259 901 2321 ξένος
939 2274 1064 2325 μου,
1097 2257 1194 2310 καὶ
1220 2257 1318 2326 τῆς
1354 2256 1681 2328 Ἐκκλησίας
1707 2255 1856 2325 ὅλης.
1883 2275 1902 2307 ι

333 2351 496 2403 Ξένον
527 2347 584 2402 δέ
617 2349 708 2401 τὸν
739 2346 1012 2416 ξενοδόχον
1065 2346 1237 2402 καλεῖ.
1272 2347 1396 2401 Ὅτι
1440 2347 1496 2401 δὲ
1528 2346 1811 2418 Κορίνθιος
1839 2343 1907 2419 ἦν

332 2443 361 2494 ὁ
389 2441 566 2504 Γάϊος,
596 2440 659 2490 ἐκ
705 2438 806 2506 τῆς
855 2436 990 2506 πρὸς
1023 2437 1336 2506 Κορινθίους,
1375 2439 1395 2469 ⁶
1427 2438 1694 2509 προτέρας
1741 2453 1908 2492 κατα-

331 2529 522 2600 μαθεῖν
554 2527 802 2590 εὐπετές.
834 2526 1040 2596 Γράφει
1080 2527 1187 2598 γάρ
1215 2526 1387 2590 οὕτως
1417 2529 1596 2593 αὐτοῖς
1621 2545 1633 2558 °
1676 2548 1694 2581 ι
1727 2527 1906 2602 Εὐχα-

329 2620 497 2694 ριστῶ
528 2619 604 2690 τῷ
640 2617 762 2688 Θεῷ
790 2635 915 2688 μου,
963 2617 1046 2672 ὅτι
1097 2619 1287 2673 οὐδένα
1332 2619 1486 2692 ὑμῶν
1535 2621 1827 2692 ἐϐάπτισα,
1853 2626 1904 2678 εί

330 2713 406 2785 μὴ
453 2712 697 2785 Κρίσπον
731 2710 824 2763 καὶ
868 2709 1046 2764 Γάϊον.
1089 2729 1109 2762 ι
1173 2711 1406 2784 Ἐσχάτη
1455 2712 1636 2767 τοίνυν
1669 2715 1778 2769 ἀπὸ
1805 2717 1904 2788 τῆς

341 2803 544 2867 Ἀσίας,
586 2801 683 2855 καὶ
714 2799 1074 2863 Μακεδονίας,
1113 2799 1206 2854 καὶ
1249 2801 1493 2871 Ἀχαΐας,
1522 2804 1556 2872 ἡ
1588 2804 1724 2874 πρὸς
1769 2805 1904 2858 Ῥω-

331 2894 526 2967 μαίους
557 2893 798 2962 ἐγράφη,
829 2891 924 2943 καὶ
968 2889 1120 2954 τάξιν
1165 2891 1277 2962 ἔχει
1327 2893 1426 2963 τὴν
1457 2893 1712 2964 ἑϐδόμην,
1741 2895 1816 2957 ὡς
1842 2895 1906 2948 ἐκ

327 2986 438 3040 τῶν
467 2983 839 3038 ἁποστολικῶν
865 2981 1207 3052 γραμμάτων
1235 2983 1536 3053 ἐδείξαμεν.
1567 2984 1678 3046 Τάς
1708 2983 1816 3053 γὰρ
1845 2984 1909 3054 δὴ

327 3079 496 3139 ἄλλοις
525 3077 636 3129 ἀπὸ
665 3076 766 3145 τῆς
809 3073 1031 3145 Ῥώμης
1061 3073 1361 3126 ἐπέστειλε.
1402 3073 1512 3127 Καὶ
1547 3073 1771 3145 πρώτην
1813 3075 1912 3146 μέν

330 3169 569 3242 ἠγοῦμαι
611 3167 711 3238 τὴν
745 3165 880 3238 πρὸς
931 3165 1179 3228 Γαλάτας
1211 3165 1506 3237 γραφῆναι.
1535 3166 1648 3236 Πρὸ
1672 3165 1779 3238 γάρ
1813 3167 1912 3236 τῆς

331 3265 414 3326 είς
437 3263 534 3333 τὴν
558 3258 900 3313 Μακεδονίαν
924 3257 1258 3328 ἀποδημίας,
1293 3256 1508 3329 διῆλθεν
1540 3259 1620 3320 είς
1645 3257 1744 3329 τὴν
1772 3259 1910 3329 Φρυ-

329 3355 456 3422 γίαν
484 3355 575 3406 καὶ
597 3349 902 3421 Γαλατικὴν
925 3348 1130 3422 χώραν,
1166 3349 1451 3420 κηρύττων
1476 3348 1536 3402 τὸ
1558 3348 1904 3418 Εὑαγγέλιον.

332 3443 470 3502 Εἶτά
496 3463 616 3498 τινα
647 3443 835 3515 χρόνον
870 3444 927 3496 ἐν
958 3444 1024 3512 τῇ
1060 3440 1386 3511 Μακεδονίᾳ,
1437 3440 1532 3494 καὶ
1569 3443 1635 3512 τῇ
1694 3440 1906 3512 Ἀχαΐᾳ,

331 3539 428 3595 καὶ
467 3539 649 3610 μέντοι
696 3538 792 3591 καὶ
823 3537 890 3606 τῇ
930 3535 1086 3606 Ἀσίᾳ
1113 3533 1422 3605 διατρίψας,
1462 3533 1647 3604 ἀπῆρε
1691 3532 1789 3604 μὲν
1829 3534 1912 3596 είς

331 3633 434 3702 τὴν
496 3629 772 3684 Ἰουδαίαν.
811 3627 1052 3681 Ἐκεῖθεν
1101 3626 1156 3680 δέ
1206 3627 1344 3698 μετὰ
1389 3624 1488 3698 τὴν
1540 3626 1774 3694 Ἔφεσον
1807 3625 1909 3694 τὴν

343 3721 563 3792 Ῥώμην
589 3718 877 3774 κατέλαϐε
909 3718 1004 3772 καὶ
1033 3716 1240 3789 μαθὼν,
1268 3717 1344 3779 ῶς
1370 3733 1515 3778 τινες
1536 3717 1604 3770 τά
1626 3716 1725 3787 τῆς
1755 3715 1911 3768 εὐσε-

331 3816 484 3880 ϐείας
540 3813 790 3883 συνέχεον
820 3811 1084 3882 δόγματα,
1140 3810 1238 3880 τὴν
1285 3808 1394 3863 άπὸ
1425 3809 1534 3861 τῶν
1563 3809 1910 3880 γραμμάτων

330 3910 514 3970 αὐτοῖς
579 3905 877 3976 θεραπείαν
932 3903 1296 3974 προσήνεγκε.
1357 3901 1468 3955 Καὶ
1527 3899 1909 3971 Φιλιππησίοις

335 3999 474 4072 μετά
509 3996 731 4059 τούτους
763 3995 870 4048 άπὸ
901 3994 1001 4064 τῆς
1047 3991 1265 4064 Ῥώμης
1299 3990 1602 4055 ἐπέστειλε,
1627 3990 1722 4044 καὶ
1759 3991 1912 4061 δηλοί

332 4091 431 4162 τῆς
480 4085 804 4156 Ἐπιστολῆς
836 4083 895 4137 τὸ
930 4083 1082 4147 τέλος
1103 4100 1148 4134 ⁸(
1172 4082 1529 4149 Ἀσπάζονται
1567 4083 1698 4156 γάρ,
1721 4083 1906 4154 φησὶν,

333 4184 475 4253 ὑμᾶς
509 4181 558 4233 oi.
597 4181 661 4232 ἐκ
697 4181 796 4249 τῆς
833 4176 1110 4246 Καίσαρος
1143 4175 1340 4239 οίκίας.
1375 4195 1393 4227 ι
1439 4174 1550 4230 Καὶ
1591 4175 1774 4246 μέντοι
1813 4173 1910 4228 καὶ

2009 526 2240 594 Quando
2269 537 2454 582 autem
2486 541 2712 590 venero,
2748 541 2886 596 quos
2937 542 3034 597 per
3067 524 3328 596 epistolas
3379 526 3583 596 proba-

2006 622 2222 688 vet-itis,
2244 638 2342 678 eos
2367 621 2580 676 mittam
2611 621 2680 674 ad
2711 619 3064 678 deferendam
3089 619 3322 690 gratiam
3343 629 3583 674 vestram

2009 714 2061 769 in
2096 710 2422 771 Jerusalem.
2455 711 2612 779 Quod
2661 712 2706 767 si
2745 713 2972 782 dignum
3008 709 3175 765 fuerit
3219 719 3409 779 utego
3439 723 3579 774 eam,

2010 821 2218 862 mecum
2248 806 2406 861 ibunt
2435 816 2476 861 °.
2517 823 2534 857 ι
2575 804 2711 858 Cum
2752 803 2838 859 his
2868 803 3118 874 pecuniis
3154 802 3209 857 in
3242 800 3583 855 Hierusalem

2007 900 2295 970 navigans,
2346 898 2516 954 Mileti
2583 897 2724 952 dixit
2782 897 3151 967 Ephesiorum
3206 894 3582 950 senioribus:

2015 1010 2032 1042 ι
2075 989 2191 1048 Νοη
2224 991 2462 1062 amplius
2487 986 2749 1042 videbitis
2798 986 2992 1042 faciem
3026 1001 3203 1041 meam
3237 1000 3336 1040 vos
3367 997 3582 1045 omnes,

2007 1098 2106 1152 per
2174 1097 2318 1154 quos
2373 1080 2568 1136 transii
2627 1079 2935 1149 praedicans
2989 1092 3220 1147 regnum
3269 1080 3288 1098 '
3342 1075 3435 1131 Dei
3470 1085 3516 1131 P.
3562 1093 3580 1125 ι

2007 1175 2214 1247 Nempe
2250 1191 2374 1230 mox
2427 1173 2821 1244 Hierosolymis
2873 1181 3166 1226 accusatus
3210 1169 3355 1240 quod
3391 1173 3585 1223 contra

2009 1268 2157 1336 leges
2228 1268 2454 1330 face-ret,
2487 1273 2543 1321 et
2581 1266 2715 1319 illud
2744 1265 3042 1318 maximum
3099 1261 3404 1333 periculum
3455 1273 3583 1328 per-

2011 1375 2254 1430 pessus,
2305 1374 2403 1428 per
2471 1359 2750 1412 tribunum
2816 1355 3038 1426 quidem
3093 1354 3333 1408 militum
3392 1365 3422 1404 a
3493 1348 3586 1404 Ju-

2013 1448 2188 1504 daicis
2243 1448 2497 1501 manibus
2555 1447 2820 1500 liberatus
2876 1454 2960 1501 est
3009 1463 3022 1500 :
3071 1437 3436 1515 appellatione
3489 1457 3586 1498 au—

2011 1545 2123 1592 tem
2180 1552 2336 1598 usus,
2401 1535 2505 1590 sub
2550 1531 2714 1588 Festo
2752 1531 2981 1588 Romam
3020 1534 3168 1588 venit
3195 1543 3245 1586 ει.
3299 1531 3455 1598 Quod
3487 1547 3583 1586 au—

2016 1639 2125 1686 tem
2178 1625 2428 1682 Corinthi
2481 1624 2770 1695 scripserit
2818 1622 3108 1694 epistolam
3161 1621 3227 1677 ad
3286 1619 3586 1686 Romanos,

2013 1725 2130 1792 ipse
2161 1734 2260 1775 nos
2289 1719 2416 1775 finis
2444 1727 2631 1788 aperte
2665 1717 2844 1772 docet.
2872 1715 3121 1771 Primum
3171 1713 3316 1770 enim
3349 1713 3589 1770 Phazben

2012 1811 2386 1876 commendat,
2415 1810 2610 1864 dicens
2643 1821 2766 1862 eam
2807 1820 2930 1861 esse
2962 1805 3273 1860 ministram
3304 1803 3587 1866 Ecclesiae,

2011 1920 2132 1977 quae
2176 1911 2262 1960 est
2291 1901 2594 1958 Cenchreis
2625 1909 2668 1953 τ.
2705 1898 3002 1954 Cenchreae
3032 1904 3216 1952 autem
3251 1903 3380 1953 sunt
3413 1909 3590 1967 pagus

2011 1996 2447 2054 Corinthiorum.
2471 1992 2747 2050 Praeterea
2781 1990 2897 2046 haec
2914 2003 3138 2060 quoque
3172 1989 3345 2044 dicit:
3381 2006 3400 2039 ι
3428 1987 3590 2042 Salu-

2013 2097 2094 2144 tat
2126 2103 2225 2144 vos
2261 2087 2429 2142 Caius
2458 2085 2660 2155 hospes
2702 2099 2880 2150 meus,
2902 2090 2957 2138 et
2982 2081 3154 2137 totius
3186 2081 3444 2136 Ecclesiae
3476 2091 3522 2134 ι.
3563 2096 3583 2130 ι

2015 2178 2300 2249 Hospitem
2329 2185 2510 2232 autem
2541 2191 2666 2232 eum
2701 2175 2940 2246 appellat
2957 2173 3049 2245 qui
3085 2172 3326 2244 hospitio
3359 2169 3587 2242 excipit.

2016 2271 2172 2336 Quod
2210 2279 2394 2325 autem
2434 2267 2757 2324 Corinthius
2805 2275 2925 2322 erat
2968 2264 3156 2332 Caius,
3197 2280 3263 2320 ex
3304 2264 3491 2334 priore
3519 2262 3586 2316 ad

2014 2361 2332 2418 Corinthios
2387 2360 2620 2432 epistola
2684 2358 2848 2414 facile
2910 2363 2998 2414 est
3063 2355 3388 2428 intelligere.
3449 2354 3589 2426 Ipsis

2013 2452 2160 2506 enim
2221 2452 2302 2506 sic
2355 2449 2592 2506 scribit:
2626 2465 2645 2500 ι
2677 2445 2897 2502 Gratias
2939 2461 3041 2518 ago
3095 2444 3205 2501 Deo
3265 2459 3412 2508 meo,
3441 2443 3588 2514 quod

2013 2542 2288 2599 neminem
2344 2548 2587 2597 vestrum
2671 2536 2966 2609 baptizavi,
3037 2535 3147 2593 nisi
3211 2535 3466 2606 Crispum
3534 2544 3592 2590 et

2011 2636 2204 2692 Caium
2241 2635 2282 2688 ί.
2327 2652 2345 2686 ι
2378 2633 2586 2690 Ultima
2623 2645 2754 2701 ergo
2801 2631 3048 2686 omnium
3097 2644 3164 2686 ex
3204 2627 3358 2695 Asia,
3393 2635 3447 2684 et
3477 2626 3590 2682 Ma-

2013 2726 2273 2792 cedonia,
2295 2723 2599 2787 etAchaia,
2633 2723 2837 2793 scripta
2867 2730 2951 2778 est
2985 2720 3052 2776 ad
3089 2720 3369 2777 Romanos
3400 2720 3451 2792 7
3473 2721 3590 2790 epi—

2014 2817 2175 2881 stola,
2224 2821 2281 2870 et
2330 2814 2510 2870 locum
2560 2811 2726 2866 habet
2774 2809 3092 2880 septimum,
3140 2819 3200 2864 ut
3249 2824 3316 2864 ex
3363 2809 3588 2880 scriptis

2015 2905 2348 2978 apostolicis
2393 2901 2706 2957 docuimus.
2748 2900 2898 2954 Alias
2924 2899 3073 2954 enim
3106 2897 3282 2954 Roma
3312 2899 3481 2955 misit.
3523 2901 3591 2955 Et

2018 2997 2251 3067 primam
2294 2992 2512 3063 quidem
2565 2989 2828 3061 scriptam
2876 3003 2998 3044 esse
3031 2987 3289 3044 existimo
3319 2988 3389 3044 ad
3427 2989 3590 3046 Gala-

2015 3097 2126 3144 tas.
2152 3086 2462 3156 Antequam
2491 3082 2637 3140 enim
2668 3082 2726 3137 in
2752 3080 3076 3137 Macedonia
3115 3081 3584 3152 peregrinaretur,

2013 3175 2571 3250 pervasitPhrygiam
2617 3183 2672 3230 ct
2706 3171 2932 3228 Galatiae
2956 3173 3588 3245 regionem,pra:dicans

2011 3269 2398 3338 Evangelium.
2425 3264 2634 3322 Deinde
2669 3279 2795 3320 cum
2847 3265 3192 3335 aliquantum
3229 3265 3498 3337 temporis
3531 3266 3586 3321 in

2011 3358 2352 3424 Macedonia,
2383 3364 2438 3411 et
2489 3355 2721 3418 Achaia,
2755 3363 2922 3426 atque
2967 3355 3132 3411 etiam
3175 3356 3233 3411 in
3275 3356 3408 3413 Asia
3438 3369 3586 3414 esset

2011 3456 2284 3512 versatus,
2323 3447 2610 3518 profectus
2651 3453 2736 3502 est
2775 3446 2832 3500 in
2881 3445 3148 3502 Judaeam.
3198 3447 3354 3503 Illinc
3403 3457 3583 3505 autem

2011 3551 2135 3614 post
2164 3540 2442 3611 Ephesum
2477 3538 2706 3594 Romam
2731 3538 2881 3594 venit
2907 3555 2922 3593 :
2944 3547 3000 3594 et
3037 3553 3162 3593 cum
3199 3538 3584 3606 intellexisset,

2009 3633 2155 3706 quod
2191 3633 2419 3704 quidam
2477 3631 2702 3702 pietatis
2753 3631 2974 3687 decreta
3020 3629 3449 3699 confunderent,
3478 3633 3588 3688 illis

2011 3739 2042 3778 a
2077 3721 2380 3794 Scripturis
2427 3720 2647 3776 ductam
2682 3720 3011 3777 medicinam
3055 3721 3326 3777 adhibuit.
3356 3721 3422 3778 Et
3459 3722 3587 3778 Phi-

2009 3813 2355 3885 lippensibus
2385 3820 2509 3883 post
2531 3826 2626 3867 eos
2666 3811 2834 3867 Roma
2869 3811 3118 3884 scripsit,
3140 3813 3287 3884 quod
3318 3812 3442 3871 finis
3463 3815 3586 3886 epi-

2013 3905 2166 3962 stolae
2199 3905 2482 3961 declarat:
2521 3922 2539 3955 ι
2582 3901 2835 3959 Salutant
2887 3904 3055 3971 enim,
3105 3904 3304 3975 inquit,
3345 3921 3446 3962 vos
3487 3908 3583 3978 qui

2011 4007 2139 4055 sunt
2173 3998 2240 4056 de
2269 3998 2435 4053 domo
2471 3996 2710 4055 Caesaris
2737 4009 2787 4052 ιι.
2827 4016 2847 4050 ι
2883 3996 3005 4054 1am
3040 4013 3168 4055 vero
3196 3999 3362 4055 etiam
3401 3999 3585 4071 Ephe-

2013 4091 2110 4148 siis
2175 4098 2233 4148 et
2279 4091 2706 4148 Colossensibus
2767 4089 2965 4148 eodem
3019 4091 3244 4162 scripsit
3313 4099 3580 4162 tempore,

2013 4181 2304 4250 utriusque
2338 4181 2587 4252 epistolae
2617 4195 2729 4236 uno
2761 4196 2896 4237 usus
2935 4181 3243 4238 tabellario.
3270 4181 3412 4236 Dicit
3434 4183 3580 4238 enim

345 4273 632 4344 Ἐφεσίοις,
670 4269 766 4324 καὶ
800 4267 1356 4336 Κολασσαεῢσι,κατά
1385 4268 1476 4322 τὸν
1506 4266 1670 4322 αὑτὸν
1701 4267 1908 4339 ἔγραψε

2014 4273 2070 4327 in
2111 4273 2220 4327 line
2256 4273 2547 4344 utriusque
2585 4291 2598 4328 :
2644 4291 2664 4324 ι
2710 4270 2782 4328 Ut
2805 4279 2988 4328 autem
3015 4279 3069 4329 et
3091 4286 3188 4328 vos
3226 4271 3422 4328 sciatis
3462 4288 3584 4345 quae

331 4368 544 4440 χρόνον,
567 4367 648 4420 ἑνὶ
679 4364 788 4417 τῶν
823 4362 1120 4417 ἐπιστολῶν
1153 4363 1476 4434 ἀμφοτέρων
1505 4361 1737 4433 διακόνῳ
1774 4379 1908 4433 χρη-

2012 4365 2163 4418 circa
2191 4378 2277 4417 me
2300 4371 2450 4427 sunt,
2474 4363 2610 4432 quid
2640 4378 2817 4434 agam,
2842 4364 3034 4417 omnia
3069 4362 3225 4418 vobis
3258 4371 3387 4418 nota
3418 4363 3586 4421 faciet

334 4459 586 4528 σάμενος.
641 4455 730 4509 Ἐν
767 4452 844 4524 τῷ
880 4452 1024 4506 τέλει
1057 4452 1166 4521 γὰρ
1198 4451 1465 4521 ἑκατέρας
1503 4452 1685 4522 φησίψ
1723 4469 1742 4502 ι
1789 4450 1906 4504 Ἵνα

2011 4453 2291 4526 Tychicus
2331 4451 2697 4508 charissimus
2728 4451 2897 4506 frater
2922 4461 2976 4506 et
3016 4451 3195 4507 ﬁdelis
3241 4453 3497 4511 minister
3527 4455 3598 4534 in‘

332 4548 388 4602 δὲ
424 4549 602 4619 εἰδῆτε
631 4548 722 4601 καὶ
760 4547 917 4616 ὑμεῖς
949 4544 1017 4597 τὰ
1049 4545 1168 4598 κατ’
1190 4544 1309 4614 ἐμὲ,
1349 4543 1402 4595 τί
1439 4544 1690 4614 πράσσω,
1728 4544 1908 4599 πάντα

2011 4547 2266 4610 Domino,
2312 4560 2474 4617 quem
2521 4543 2644 4600 misi
2681 4541 2750 4598 ad
2775 4557 2875 4598 vos
2920 4543 2976 4599 in
3016 4543 3123 4602 hoc
3151 4544 3355 4617 ipsum,
3392 4555 3452 4603 ut
3485 4561 3584 4604 co-

335 4643 463 4714 ὑμῖν
514 4638 771 4711 γνωρίσει
827 4638 1062 4709 Τυχικὺς
1091 4679 1106 4703 ,
1146 4638 1174 4690 ὁ
1213 4634 1497 4706 ἀγαπητὸς
1545 4635 1774 4704 ἀδελφὸς
1812 4638 1908 4690 καὶ

2011 4638 2296 4710 gnoscatis
2332 4651 2453 4707 quae
2481 4635 2628 4691 circa
2653 4649 2756 4691 nos
2785 4644 2934 4703 sunt,
2973 4643 3030 4693 et
3063 4638 3382 4695 consoletur
3415 4639 3583 4696 corda

334 4734 522 4797 πιστὸς
557 4734 800 4794 διάκονος
849 4733 906 4783 ἐν
947 4729 1173 4802 Κυρίῳ,
1227 4729 1286 4782 δν
1325 4727 1548 4798 ἔπεμψα
1590 4729 1728 4799 πρὸς
1765 4730 1908 4799 ὑμᾶς

2011 4739 2194 4786 vestra
2236 4738 2286 4783 ν.
2351 4747 2371 4781 ι
2429 4727 2491 4782 In
2548 4729 2782 4800 epistola
2841 4736 3024 4785 autem
3095 4731 3165 4785 ad
3223 4732 3584 4787 Colossenscs

336 4830 412 4892 είς
442 4825 572 4880 αὐτὸ
607 4824 801 4887 τοῦτο,
838 4823 926 4877 ἵνα
957 4823 1130 4892 γνῶτε
1166 4821 1235 4874 τὰ
1275 4823 1403 4892 περὶ
1452 4820 1632 4891 ἡμῶν,
1674 4821 1768 4874 καὶ
1804 4837 1908 4874 πα-

2016 4821 2258 4879 Onesimi
2294 4836 2512 4894 quoque
2545 4821 2792 4878 meminit
2827 4838 2841 4874 :
2880 4839 2899 4872 ι
2936 4819 3073 4878 Cum
3107 4821 3368 4878 Onesimo
3414 4821 3582 4887 enim,

339 4919 610 4990 ρακαλέσῃ
647 4916 745 4978 τάς
788 4913 1009 4983 καρδίας
1048 4913 1220 4983 ὑμῶν.
1270 4931 1288 4964 ι
1347 4913 1434 4966 Ἐν
1467 4912 1522 4966 δέ
1557 4930 1621 4982 γε
1658 4916 1724 4986 τῇ
1765 4915 1902 4985 πρὸς

2016 4915 2226 4986 inquit,
2265 4914 2410 4972 ﬁdeli
2444 4921 2500 4969 et
2549 4913 2752 4970 dilecto
2797 4911 3002 4980 fratre,
3045 4911 3141 4983 qui
3189 4921 3367 4968 estex
3409 4911 3582 4976 vobis,

339 5009 673 5071 Κολασσαεῖς
725 5007 818 5060 καὶ
870 5003 964 5058 τοῦ
1025 5003 1314 5073 Ὀνησίμου
1373 5003 1666 5074 μέμνηται.
1729 5025 1747 5056 ι
1796 5007 1902 5060 Σὺν

2015 5012 2200 5068 omnia
2247 5025 2368 5080 quae
2429 5008 2518 5084 hic
2565 5014 2804 5081 aguntur
2852 5015 2983 5063 nota
3030 5005 3236 5060 facient
3280 5003 3438 5060 vobis
3467 5012 3515 5060 ι.
3563 5024 3580 5055 ›

350 5100 621 5172 Ὀνησίμῳ
661 5101 790 5172 γὰρ,
818 5097 972 5168 φησὶ,
1007 5095 1086 5166 τῷ
1128 5093 1299 5165 πιστῷ
1331 5095 1423 5148 καὶ
1449 5097 1718 5168 ἀγαπητῷ
1748 5099 1905 5152 ἁδελ-

2020 5105 2163 5157 Ante
2193 5100 2291 5155 has
2317 5099 2500 5169 itaque
2525 5099 2662 5154 duas
2689 5096 2988 5152 collocetur
3012 5111 3076 5151 ea
3107 5109 3230 5165 quae
3257 5095 3464 5166 scripta
3502 5105 3589 5151 est

409 5244 434 5271 ο
476 5235 491 5289 |
523 5235 650 5290 Cor,
675 5251 784 5297 va,
821 5234 940 5287 2-4.
1018 5242 1044 5281 l‘
1083 5231 1207 5287 Act.
1243 5249 1310 5288 XX
1335 5274 1349 5296 ,
1383 5233 1474 5288 Q5.
1539 5220 1582 5284 ἀ
1623 5235 1741 5289 Act.
1781 5253 1904 5302 IXI,

2039 5254 2147 5292 xxv
2250 5245 2272 5276 τ
2316 5235 2468 5290 Hom.
2518 5251 2644 5299 xvr,
2679 5235 2730 5287 Ι.
2811 5245 2832 5271 ·
2875 5233 3005 5289 ibid.
3037 5232 3126 5289 25.
3212 5236 3228 5268 '
3263 5233 3390 5290 Cor.
3421 5248 3462 5302 l,
3493 5234 3582 5288 ﬂ.

337 5316 365 5345 ιι
405 5304 647 5376 Philipp.
685 5323 757 5369 ιν,
788 5306 877 5358 ‘22.
957 5313 980 5341 ν
1021 5302 1218 5372 Ephes.
1259 5321 1308 5359 vr
1333 5345 1346 5369 ,
1378 5304 1468 5380 21,
1504 5305 1613 5371 92;
1644 5306 1864 5364 Coloss.
1903 5324 1988 5371 IV,
2027 5309 2079 5370 7,
2115 5308 2167 5361 8.
2248 5316 2274 5343 κ
2316 5307 2448 5362 ibid.
2482 5306 2536 5358 9.

1648 5436 1883 5493 nam
1926 5423 2360 5494 LECTIONES.’

413 5535 496 5658 'IH
520 5531 754 5659 esse”,
781 5531 996 5592 vitiose,
1031 5531 1174 5598 quod
1203 5533 1365 5587 etiam
1416 5533 1576 5588 habet
1627 5531 1843 5588 llcrveti
1896 5531 2298 5602 interpretatio.
2403 5533 2422 5562 ‘
2456 5533 2532 5587 Ita
2591 5538 2734 5587 recte
2792 5530 2953 5589 habet
3009 5531 3066 5597 Β,
3102 5531 3382 5586 Strmondt
3419 5529 3588 5588 editio

413 5622 426 5659 ἰ
450 5622 507 5659 e:
609 5619 868 5659 ωμαιους.

343 5619 507 5660 male:
550 5619 868 5672 ἰ’ωμαιους.

662 5697 925 5755 ῺΑτιιθῐ..
978 5693 1091 5752 Gtt.
1144 5695 1244 5753 LX
1259 5697 1447 5757 XXII.

3214 5696 3250 5757 2
