4074 6176
413 213 486 278 ω
1394 197 1881 265 THEODORETI
1915 195 2254 263 EPISCOPI
2286 200 2650 264 CYRENSIS
3606 207 3674 275 ιι

417 320 485 376 ad
547 316 940 372 Philemonem.
992 309 1048 364 In
1099 310 1190 364 illa
1243 309 1391 365 enim
1441 311 1700 365 hortatur
1737 317 1797 365 ut
1844 310 1986 365 reci-

2108 310 2194 381 ρῷ,
2234 312 2292 376 ὃς
2331 313 2478 366 ἐστιν
2516 311 2574 378 ἐξ
2612 311 2788 384 ὑμῶν,
2832 314 3007 368 πάντα
3045 314 3372 386 γνωρίσουσι
3411 317 3480 372 τὰ
3511 317 3670 376 ὦδε..

421 411 602 482 piatur
637 406 954 472 Onesimus,
986 411 1045 459 ut
1087 403 1180 474 qui
1222 403 1277 457 in
1327 417 1552 458 carcere
1601 411 1785 458 ortum
1833 401 1994 473 spiri-

419 501 622 555 tualcm
661 497 890 569 ceperit.
925 494 1027 550 llic
1074 502 1258 549 autem
1287 508 1410 547 eum
1463 493 1628 548 etiam
1659 492 1804 548 inter
1833 492 1995 547 mini-

2096 403 2211 474 Πρὸ
2247 402 2356 457 τῶν
2392 403 2485 458 δύο
2521 404 2702 459 τοίνυν
2753 404 2957 460 τούτων
2995 408 3026 477 ἡ
3069 407 3206 478 πρὸς
3255 407 3535 479 Φιλήμονα
3591 431 3680 466 τε·

2095 494 2298 565 τάχθω.
2363 496 2451 548 Ἐν
2504 496 2691 570 ἐκείνῃ
2745 497 2844 568 μὲν
2893 497 3002 568 γὰρ
3051 496 3309 568 δεχθῆναι
3368 501 3681 571 παρακαλεῖ

421 602 570 649 stros
604 591 859 647 collocat.
886 587 1016 643 Post
1046 587 1148 642 hos
1177 594 1358 641 autem
1391 585 1457 640 ad
1490 584 1750 642 Hebraeos
1775 601 1996 657 quoque

2108 587 2186 640 τὸν
2235 588 2544 659 Ὀνήσιμον,
2585 587 2660 652 ὡς
2699 589 2758 642 ἐν
2804 586 2883 659 τῷ
2936 589 3298 668 δεσμωτηρίῳ
3350 590 3462 644 τῶν
3514 608 3681 644 πνευ-

419 682 670 754 scripsit,
695 681 859 752 idque
884 678 1079 744 Roma,
1107 687 1165 734 ut
1187 678 1244 748 8
1275 676 1402 732 nnis
1431 676 1591 731 docet
1618 692 1631 730 :
1666 695 1684 727 ι
1724 674 1994 740 Salutant,

422 777 622 848 inquit,
659 789 778 836 vos,
816 771 910 843 qui
943 779 1072 827 sunt
1102 784 1168 825 ex
1195 768 1356 822 ltalia
1381 775 1430 820 γ.
1476 787 1492 819 ι
1526 766 1782 822 Omnium
1816 773 1996 822 autem

423 867 674 922 ultimam
709 863 936 934 scripsit
966 859 1264 918 secundam
1310 858 1377 913 ad
1405 857 1778 922 Timotheum,
1800 866 1856 913 et
1892 857 1998 913 hoc

422 976 618 1016 rursus
653 975 719 1014 ex
755 957 877 1028 ejus
926 955 1149 1026 scriptis
1199 952 1360 1008 facile
1401 951 1534 1008 sciri
1576 941 1776 1023 potest.
1821 968 1840 1002 ε
1883 950 2001 1021 Ego

425 1056 593 1119 enim,
632 1050 828 1122 inquit,
864 1049 977 1120 jam
1015 1047 1252 1113 delibor,
1279 1053 1334 1101 et
1361 1052 1577 1114 tempus
1617 1057 1749 1098 mese
1792 1040 2002 1097 disces-

426 1145 602 1204 sionis
645 1143 817 1198 instat
843 1149 889 1194 ⁸.
929 1160 948 1193 ι
997 1136 1135 1194 Hinc
1180 1153 1400 1210 quoque
1433 1135 1565 1192 sciri
1621 1143 1824 1207 potest,
1855 1131 2000 1204 quod

429 1238 495 1292 ad
551 1236 821 1306 Ephesios
865 1243 920 1289 et
963 1231 1329 1288 Colossenses
1382 1228 1644 1300 epistolas
1677 1225 1849 1281 Roma
1901 1225 2004 1279 mi-

430 1326 583 1382 serit.
621 1345 640 1378 ι
678 1323 1004 1397 Tychicum,
1029 1324 1176 1379 enim
1200 1320 1399 1392 inquit,
1427 1319 1551 1373 misi
1574 1317 1850 1388 Ephesum
1888 1327 1937 1370 ο.
1980 1331 1999 1367 ι

432 1415 531 1471 llic
569 1427 652 1472 est
703 1430 833 1487 ergo
867 1414 1003 1469 ordo
1044 1411 1436 1483 Epistolarum,
1477 1407 1622 1479 quod
1664 1407 1734 1462 ad
1781 1413 2003 1476 tempus

435 1526 543 1582 quo
572 1511 796 1582 scriptae
828 1515 954 1563 sunt
985 1506 1202 1561 attinet.
1247 1501 1550 1572 Epistolam
1577 1506 1761 1555 autem
1797 1497 1864 1552 ad
1899 1495 2008 1552 Ro-

2101 680 2346 752 ματικῶν
2403 680 2608 736 ὠδίνων
2645 681 3002 752 τετυχηκότα·
3043 671 3284 735 ἐνταῦθα
3320 681 3378 734 δέ
3420 684 3514 736 καὶ
3571 685 3682 747 τοῖς

2100 772 2392 843 ὑπουργοῖς
2438 772 2739 826 συντάττει.
2806 771 2962 826 Μετὰ
2999 772 3221 835 τούτους
3269 772 3545 844 Ἑϐραίοις
3584 776 3682 828 ἐπ-

2100 857 2327 924 έστειλε,
2367 859 2461 912 καὶ
2498 859 2710 923 τούτοις
2747 861 2766 892 ⁷
2805 860 2861 914 δέ
2900 877 2962 931 γε
3002 861 3110 914 ἀπὸ
3141 860 3359 932 Ῥώμης
3382 901 3397 926 ,
3436 862 3511 925 ὡς
3541 864 3684 917 διδά-

2102 967 2221 1004 σκει
2258 951 2320 1004 τὸ
2356 951 2540 1016 τέλος⁹
2583 970 2602 1004 ε
2652 951 3014 1018 Ἀσπάζονται
3050 955 3181 1023 γὰρ,
3222 954 3410 1024 φησὶν,
3451 955 3595 1024 ὑμᾶς
3633 958 3682 1009 ot

2102 1043 2209 1098 ἀπὸ
2246 1046 2344 1116 τῆς
2395 1043 2674 1109 Ἰταλίας.»
2732 1044 2998 1116 Ἐσχάτην
3033 1045 3089 1098 δὲ
3133 1045 3320 1098 πασῶν
3358 1045 3456 1118 τὴν
3495 1047 3683 1101 δευτέ-

2104 1152 2205 1206 ραν
2252 1135 2388 1207 πρδς
2437 1136 2700 1207 Τιμόθεον
2751 1137 2997 1209 γέγραφε
3024 1152 3037 1166 ·
3098 1137 3193 1190 καὶ
3231 1139 3390 1192 τοῦτο
3425 1139 3480 1193 δέ
3522 1139 3686 1194 πάλιν

2105 1229 2170 1281 ἐκ
2201 1226 2310 1280 τῶν
2349 1227 2515 1282 αὑτοῦ
2555 1229 2898 1300 γραμμάτων
2931 1229 3272 1300 καταμαθεῖν
3311 1231 3512 1302 ῥᾴδιον.
3545 1250 3563 1283 t
3599 1232 3687 1284 Ἐ-

2104 1319 2187 1388 γὼ
2225 1320 2332 1390 γὰρ
2357 1361 2371 1385 ,
2409 1319 2592 1390 φησὶν,
2631 1320 2734 1391 ἥδη
2775 1319 3110 1391 σπένδομαι,
3153 1321 3250 1375 καὶ
3295 1321 3324 1373 ὁ
3361 1321 3551 1392 καιρὸς
3585 1321 3685 1390 τῆς

2108 1412 2249 1482 ἐμῆς
2287 1410 2597 1475 ἀναλύσεως
2635 1412 2958 1483 ἐφέστηκεν.
3005 1431 3024 1466 ι
3081 1411 3365 1467 Ἐντεῦθεν
3423 1412 3539 1466 ἔστι
3586 1431 3684 1466 κα-

2105 1501 2404 1574 ταμαθεῖν,
2455 1502 2530 1567 ὡς
2591 1504 2686 1556 καὶ
2736 1505 2836 1577 τὴν
2888 1503 3024 1576 πρὸς
3069 1501 3350 1574 Ἐφεσίους
3383 1545 3397 1570 ,
3439 1504 3534 1558 καὶ
3586 1502 3688 1574 τὴν

433 1617 626 1659 manos
663 1603 1108 1672 praeposuerunt,
1132 1603 1192 1650 ut
1217 1604 1340 1665 qum
1381 1591 1436 1647 in
1480 1605 1538 1648 se
1571 1589 1753 1646 omnis
1787 1588 2005 1661 generis

2109 1593 2248 1663 πρὸς
2286 1592 2644 1657 Κολασσαεῖς,
2680 1594 2786 1648 ἀπὸ
2819 1595 2919 1666 τῆς
2963 1594 3182 1666 Ῥώμης
3215 1595 3553 1650 ἐπέστειλε.«
3581 1595 3686 1647 Τυ-

431 1665 862 1755 doctrinam—et
895 1693 1210 1742 accuratam
1249 1682 1642 1753 copiosamque
1689 1681 2005 1752 dogmatum

2116 1684 2266 1754 χικὺν
2297 1684 2427 1756 γὰρ,
2465 1685 2649 1755 φησιν,
2687 1665 2976 1740 ἐπέστειλα
3009 1665 3089 1750 είς
3129 1687 3384 1756 Ἔφεσον.
3425 1703 3442 1737 ι
3489 1685 3554 1738 Ἦ
3590 1685 3690 1755 μὲν

432 1778 915 1852 pertractationem
965 1774 1268 1830 contineat.
1299 1773 1536 1839 Quidam
1568 1779 1750 1826 autem
1795 1771 2010 1835 dicunt,

435 1881 497 1927 ut
536 1871 752 1936 urbem,
799 1882 920 1939 quae
953 1866 1216 1922 universo
1264 1863 1384 1920 orbi
1426 1870 1680 1935 praeerat,
1707 1869 1760 1917 et
1799 1861 2012 1932 imperii

439 1971 656 2034 sceptra
703 1961 956 2027 tenebat,
1002 1959 1380 2022 bonorarent,
1420 1969 1540 2011 eam
1588 1969 1710 2026 quae
1760 1953 1828 2008 ad
1889 1954 2014 2010 illos

440 2055 643 2124 scripta
709 2060 793 2109 est
851 2051 1150 2122 Epistulam
1205 2049 1438 2120 primam
1489 2046 1814 2104 collocasse.
1876 2044 2006 2100 Mihi

441 2153 625 2200 autem
655 2142 800 2214 quod
837 2144 990 2216 prius
1022 2142 1229 2197 dictum
1270 2147 1358 2195 est
1390 2138 1608 2195 videtur
1652 2151 1779 2194 esse
1805 2137 2010 2192 verius.

452 2236 559 2292 Sed
596 2237 827 2290 aliarum
859 2234 1079 2306 quidem
1110 2231 1478 2304 Epistolarum
1512 2236 1834 2301 argumenta
1865 2243 2015 2284 eon-

443 2326 711 2393 venienti,
742 2324 790 2381 si
821 2323 931 2380 Deo
960 2323 1140 2378 visum
1185 2321 1372 2384 fuerit,
1403 2329 1646 2391 tempore
1683 2319 2012 2383 scribemus,

446 2426 500 2472 et
558 2417 869 2488 unicuique
926 2406 1328 2487 prteponemus.
1380 2408 1439 2466 In
1488 2410 1778 2482 presentia
1836 2417 2014 2465 autem

443 2507 710 2580 Epistolas
747 2509 814 2563 ad
848 2506 1126 2562 Romanos
1159 2504 1467 2560 institutum
1500 2516 1564 2558 ac
1591 2515 1819 2572 scopum
1864 2515 2019 2556 sum-

445 2602 636 2656 matim
657 2600 928 2656 dicemus.

2113 1775 2220 1829 τῶν
2267 1775 2565 1830 ἐπιστολῶν
2602 1777 2741 1832 κατὰ
2779 1777 2870 1831 τὸν
2908 1778 3097 1850 χρόνον
3129 1777 3281 1843 τάξις
3322 1777 3469 1830 ἐστὶν
3525 1775 3688 1847 αὕτη.

2114 1867 2488 1939 Προτετὰχασι
2527 1867 2583 1921 δὲ
2620 1868 2720 1938 τὴν
2760 1869 2897 1940 πρὸς
2945 1869 3272 1939 Ῥωμαίους,
3311 1868 3386 1932 ὼς
3427 1866 3691 1920 παντοδα-

2117 1958 2224 2029 πὴν
2281 1956 2507 2028 ἔχουσαν
2541 1957 2906 2023 διδασκαλίαν,
2947 1959 3046 2012 καὶ
3087 1958 3184 2030 τὴν
3235 1957 3345 2011 τῶν
3405 1955 3692 2026 δογμάτων

2115 2047 2400 2119 ἀκρίϐειαν
2436 2048 2524 2101 διὰ
2577 2048 2839 2103 πλειόνων
2873 2048 3252 2105 διδάσκουσαν.
3300 2049 3458 2111 Τινὲς
3493 2047 3550 2100 δέ
3589 2064 3685 2115 φα-

2117 2156 2222 2207 σιν,
2257 2142 2338 2194 ὃτι
2361 2141 2452 2193 καὶ
2481 2141 2579 2212 την
2613 2142 2766 2196 πόλιν
2801 2141 3088 2212 τιμῶντες,
3119 2141 3194 2205 ὡς
3230 2140 3331 2210 τῆς
3368 2137 3695 2208 οἰκουμένης

2115 2230 2560 2304 προκαθημένην,
2602 2233 2698 2287 καὶ
2734 2233 2829 2303 τῆς
2849 2232 3128 2303 βασιλείας
3161 2233 3232 2285 τὰ
3270 2231 3527 2303 σκῆπτρα
3564 2245 3695 2282 κατ-

2117 2320 2368 2391 έχουσαν,
2405 2324 2630 2395 πρώτην
2700 2323 2895 2388 ἔταξαν
2940 2323 3039 2396 τὴν
3095 2324 3230 2396 πρὸς
3281 2321 3503 2384 τούτους
3557 2336 3695 2390 γραι-

2122 2414 2317 2482 φεῖσαν
2353 2413 2693 2486 Ἐπιστολὴν.
2738 2416 2891 2485 Ἐμοὶ
2925 2415 2981 2467 δέ
3007 2414 3068 2467 τὸ
3106 2415 3370 2484 πρότερον
3403 2409 3696 2480 ἀληθέστε-

2123 2521 2217 2575 ρον
2251 2501 2390 2558 εἶναι
2426 2505 2594 2558 δοκεῖ.
2649 2504 2807 2558 Ἀλλὰ
2865 2504 2974 2557 τῶν
3017 2503 3126 2574 μὲν·
3171 2502 3345 2555 ἄλλων
3396 2495 3696 2552 ἐπιστολῶν

2120 2595 2220 2658 τὰς
2272 2594 2559 2659 ὑποθέσεις
2610 2594 2749 2648 κατὰ
2802 2593 2896 2648 τὸν
2945 2595 3294 2666 προσήκοντα
3345 2588 3560 2660 καιρὸν,
3599 2585 3698 2638 σὺν

446 2690 566 2762 Θεῷ
616 2691 780 2762 φάναι
812 2729 826 2749 .
879 2689 1162 2762 γράψομεν
1216 2687 1309 2742 καὶ
1362 2686 1597 2756 ἐκάστης
1651 2683 2013 2755 προτάξομεν.
2080 2685 2200 2741 Ἐπὶ
2237 2687 2289 2741 δέ
2329 2705 2391 2757 γε
2445 2688 2538 2742 τοῦ
2581 2688 2843 2757 παρόντος
2901 2687 3000 2758 τῆς
3056 2685 3193 2759 πρὸς
3237 2681 3538 2754 Ῥωμαίους
3607 2676 3699 2731 τδν

453 2782 658 2836 σκοπὸν
694 2777 927 2853 ἐροῦμεν
955 2781 1014 2835 ἐν
1047 2777 1350 2850 κεφαλαίῳ.

517 2942 548 2986 γ
584 2933 750 2992 Hebr.
781 2948 878 2992 xui
896 2975 912 3003 ,
945 2933 1035 2990 24.

1114 2942 1137 2970 ι
1176 2929 1220 2986 ll
1252 2928 1490 2986 Timoth.
1530 2944 1613 2994 tv,
1653 2927 1706 2984 ϐ.
1782 2937 1809 2968 ι
1845 2925 1979 2981 ibid.
2019 2924 2106 2978 12.

1727 3057 1956 3116 VARIIE
1996 3053 2400 3113 LECTIONES.

553 3160 572 3191 ν
606 3161 701 3214 καὶ
728 3158 936 3221 τούτοις
960 3187 1032 3199 -
1073 3155 1291 3228 Ῥώμης
1329 3153 1713 3211 desiderantur
1749 3153 1802 3207 in
1835 3151 2058 3208 Herveti
2095 3151 2364 3207 versione.

1107 3355 1374 3365 -__—‘—_—
1391 3355 1452 3361 _.—
1459 3354 1554 3361 ορ-
1565 3353 1616 3360 —
1625 3354 1674 3360 _-
1683 3350 1892 3359 ...-

671 3357 1106 3372 _____.___.______.

478 3365 662 3377 σ--οο-

1895 3347 2256 3358 ...-.-.---.

810 3513 1156 3649 ΤΟΥ
1228 3506 2109 3647 ΜΑΚΑΡΙΟΥ
2187 3504 3356 3643 ΘΕΟΔΩΡΗΤΟΥ

1731 3735 2131 3794 ΕΠΙΣΚΟΠΟΥ
2156 3735 2392 3790 ΚΥΡΟΥ

689 3901 1252 3998 ΕΡΜΗΝΕΙΑ
1348 3904 1568 3992 ΤΗΣ

1687 3899 1980 3991 ΠΡΟΣ
2064 3896 2632 3985 ΡΩΜΑΙΟΥΣ
2776 3897 3412 3986 ΕΠΙΣΤΟΛΗΣ

1127 4274 1694 4434 ΒΕΑΤΙ
1811 4271 3056 4429 ΤΗΕΟΒΟΒΕΤΙ

1760 4534 2067 4597 EPISCOPI
2107 4535 2446 4594 CYRENSIS

756 4717 1746 4816 lNTERPRETATlO
1819 4712 2453 4810 EPISTOLZE
2553 4711 2706 4797 AD
2813 4701 3424 4796 ROMANOS.

745 4467 778 4476 -υ-

963 5061 1022 5134 9
1040 5055 1541 5118 ancunsn'ruu.

538 5153 756 5212 Variam
791 5153 1013 5227 quidem
1043 5162 1098 5210 et
1127 5152 1309 5209 omnis
1342 5149 1562 5226 generis
1594 5147 1907 5205 doctrinam
1950 5158 2048 5220 per

2770 5046 3126 5104 ΥΠΟΘΕΣΙΣ,

2219 5148 2478 5218 Ποικίλην
2508 5145 2608 5217 μὲν
2642 5143 2737 5199 καὶ
2777 5140 3130 5212 παντοδαπὴν
3157 5140 3187 5193 ὁ
3220 5138 3366 5204 θεῖος
3402 5139 3728 5204 Ἀπόστολος

467 5247 583 5304 btec
634 5248 836 5319 scripta
874 5245 1096 5303 exhibet
1118 5245 1340 5303 divinus
1384 5242 1707 5315 Apostolus.
1740 5239 2048 5301 Universus
2146 5240 2234 5296 διὰ
2262 5237 2427 5294 τῶνδε
2469 5235 2576 5292 τῶν
2607 5234 2956 5309 γραμμάτων
3003 5232 3304 5306 προσφέρει
3351 5231 3717 5319 διδασκαλίαν.

471 5347 651 5396 autem
675 5340 920 5412 epistola:
942 5338 1033 5395 hic
1056 5347 1142 5396 est
1159 5352 1382 5409 scopus.
1406 5335 1617 5392 Divinas
1643 5336 2048 5394 incarnationis

471 5433 789 5503 mysterium
839 5431 907 5487 iis
945 5429 1167 5501 quidem
1205 5431 1300 5502 qui
1351 5445 1485 5502 pure
1523 5444 1589 5485 ac
1625 5428 1842 5486 sincere
1877 5429 2052 5486 credi-

2149 5333 2331 5398 Ἅπας
2362 5331 2419 5385 δὲ
2449 5329 2549 5402 τῆς
2590 5328 2912 5399 Ἐπιστολῆς
2951 5328 2980 5382 6
3007 5326 3207 5391 σκοπός
3237 5327 3385 5379 ἐστιν
3411 5317 3586 5387 οὗτος.
3621 5322 3728 5391 Τῆς

2148 5425 2301 5491 θείας
2349 5422 2815 5495 ἐνανθρωπήσεως
2849 5420 2909 5474 τὸ
2957 5422 3276 5492 μυστήριον,
3323 5419 3435 5481 τοῖς
3465 5416 3563 5488 μὲν
3594 5414 3729 5468 εἰλιο

472 5524 670 5580 derunt
724 5531 808 5580 est
858 5523 1170 5584 venerabile
1213 5524 1482 5596 valdeque
1541 5521 1907 5579 adorandum.
1955 5522 2048 5580 Dei
2149 5518 2348 5592 κρινῶς
2397 5514 2789 5570 πεπιστευκόσι
2834 5512 3028 5568 σεπτὸν
3065 5513 3181 5566 ἐστι
3237 5510 3330 5565 καὶ
3379 5509 3518 5577 ἄγαν
3561 5521 3730 5577 προσ-

472 5611 613 5668 enim
645 5629 772 5686 erga
821 5613 1071 5675 homines
1117 5631 1360 5674 amorem
1396 5630 1498 5673 nos
1547 5617 1830 5673 evidenter
1859 5617 2036 5674 docet.

2155 5610 2404 5682 κυνητόν.
2445 5607 2721 5679 Ἐναργῶς
2764 5606 2874 5677 γὰρ
2903 5607 3049 5677 ἡμᾶς
3081 5604 3181 5676 τὴν
3208 5601 3299 5657 τοῦ
3329 5599 3464 5656 Θεοῦ
3491 5597 3732 5653 διδὰτκει
