4074 6176
363 256 436 324 ιδ
1362 251 1942 320 INTERPRETATll

2044 257 2250 320 iPlST.
2277 257 2378 317 AD
2413 253 2599 318 ROM.
3553 254 3621 326 ιιι

364 362 801 436 φιλανθρωπίαν.
835 362 898 416 υί
949 356 1006 414 δέ
1058 377 1122 430 γε
1169 360 1271 432 τῆς
1319 361 1576 428 ἀπιστίας
1628 361 1726 434 τὴν
1779 361 1942 434 ἀχλὺν

2048 359 2153 430 Qui
2194 369 2379 419 autem
2408 370 2539 420 sunt
2571 361 2913 421 infidelitatis
2928 362 3161 436 caligine
3187 365 3542 438 circumfusi,
3569 383 3623 429 et

368 455 780 528 περικείμενοι,
835 453 932 508 καὶ
980 453 1074 507 τοῦ
1133 453 1322 525 νοεροῦ
1375 454 1553 523 φωτὸς
1607 455 1708 526 τὴν
1745 454 1941 526 αἴγλην

371 550 599 622 μηδέπω
625 547 942 617 δεξάμενοι,
995 545 1227 615 γελῶσιν
1277 545 1313 601 ἃ
1363 546 1499 617 μηδὲ
1544 545 1652 600 τῶν
1696 545 1944 614 ἀγγέλων

363 644 418 695 οί
445 642 602 711 δῆμοι
631 639 767 710 πρὸς
795 637 953 702 ἀξίαν
996 638 1239 708 ὑμνῆσαι
1268 637 1610 710 δεδύνηνται.
1647 637 1758 691 Καὶ
1785 636 1945 693 τοῦτο

370 733 555 803 σαφῶς
585 734 614 786 ὁ
639 730 928 794 θεσπέσιος
973 729 1297 792 Ἀπόστολος
1329 730 1638 801 Κορινθίοις
1689 729 1942 784 ἐπιστέλ-

366 825 472 879 λων
502 822 770 887 ὲδίδαξενο
815 841 833 874 ι
885 821 944 876 Ὀ
986 821 1146 892 λόγος
1177 822 1284 895 γὰρ
1330 823 1359 875 ό
1411 822 1506 876 τοῦ
1552 821 1790 894 σταυροῦ
1831 824 1945 887 τοῖς

370 917 468 987 μὲν
499 913 896 986 ἀπολλυμένοις
933 914 1114 985 μωρία
1162 913 1317 978 ἐστὶ,
1369 916 1481 977 τοῖς
1509 913 1567 966 δὲ
1616 912 1944 985 σωζομένοις

359 1006 592 1077 δύναμις
640 1004 778 1058 θεοῦ
829 1005 965 1058 ἐστι.
1015 1023 1035 1056 ›
1087 1003 1260 1058 Τοῦτο
1328 1003 1506 1058 τοίνυν
1563 1005 1626 1058 τὸ
1677 1004 1943 1077 σωτήριον

361 1098 661 1169 κήρυγμα,
713 1095 1006 1165 Ῥωμαίοις
1042 1095 1292 1166 γράφων,
1337 1095 1634 1164 ἀναγκαῖον
1676 1094 1938 1161 δείκνυσι,

365 1191 461 1246 καὶ
511 1189 677 1243 πᾶσιν
708 1186 1055 1259 ἀνθρώποις,
1103 1186 1381 1251 Ἰουδαίοις
1428 1203 1488 1240 τε
1539 1187 1636 1242 καὶ
1689 1187 1937 1260 Ἕλλησι,

363 1279 640 1344 λυσιτελὲς
671 1278 767 1333 καὶ
797 1277 1097 1348 συμφέρον.
1127 1271 1201 1332 υῦ
1223 1277 1287 1349 δὴ
1315 1279 1474 1350 χάριν
1500 1278 1608 1349 πρὸ
1636 1279 1742 1333 τῶν
1767 1279 1941 1334 ἄλλων

363 1372 620 1427 ἁπάντων
643 1412 658 1436 ,
697 1371 791 1424 καὶ
824 1369 1093 1439 Ἕλληνας
1129 1368 1406 1440 ἐξελέγχει
1427 1407 1443 1432 ,
1497 1369 1596 1439 τὴν
1631 1371 1942 1426 ἐντεθεῖσαν

363 1469 431 1538 τῇ
490 1465 649 1534 φύσει
687 1461 838 1534 παρά
878 1461 972 1516 τοῦ
1033 1462 1398 1532 πεποιηκότος
1443 1461 1550 1515 τῶν
1591 1463 1812 1532 ἀγαθῶν
1847 1463 1943 1516 καὶ

360 1557 471 1612 τῶν
527 1555 783 1610 ἐναντίων
835 1553 1108 1624 διάκρισιν
1173 1552 1437 1623 ἄντικρυς
1492 1551 1941 1624 διαφθείραντας,

362 1650 458 1705 καὶ
501 1651 598 1721 τῆς
644 1646 858 1716 φύσεως
891 1645 1351 1718 παραϐεϐηκότας
1397 1644 1521 1708 τοὺς
1558 1645 1760 1714 νόμους
1788 1660 1800 1672 ·
1850 1644 1944 1696 καὶ

367 1740 552 1810 μέντοι
590 1739 688 1793 καὶ
731 1736 1045 1798 Ἰουδαίους,
1091 1734 1375 1804 ἔγγραφον
1409 1733 1508 1802 μὲν
1551 1731 1715 1786 θείων
1763 1732 1944 1802 νόμων

357 1831 690 1902 δεξαμένους
727 1827 1102 1892 διδασκαλίαν,
1137 1825 1325 1895 ὄνησιν
1357 1825 1412 1879 δὲ
1443 1824 1692 1879 ἐντεῦθεν
1725 1825 1786 1878 ού
1819 1824 1946 1894 βου-

362 1920 624 1992 ληθέντας
669 1918 856 1970 λαϐεῖν
881 1957 896 1982 ,
947 1913 1085 1969 ἀλλὰ
1129 1912 1340 1986 μείζοσι
1369 1913 1663 1986 τιμωρίαις
1702 1912 1940 1967 ὑπευθύ-

360 2029 486 2076 νους
515 2007 936 2079 γεγενημένους.
979 2005 1133 2060 Μετὰ
1166 2004 1338 2060 ταῦτα
1368 2004 1514 2073 λέγει
1552 2005 1652 2076 τὴν
1682 2004 1776 2058 106
1805 2003 1942 2058 Θεοῦ

362 2107 455 2161 καὶ
484 2103 734 2173 Σωτῆρος
782 2099 938 2172 ἡμῶν
965 2101 1285 2170 ἐπιφάνειαν
1308 2141 1324 2167 ,
1368 2099 1470 2154 ούκ
1497 2100 1592 2153 ἐπὶ
1619 2099 1800 2171 κρίσει
1848 2099 1945 2154 καὶ

359 2197 605 2268 τιμωρίᾳ
632 2193 739 2247 τῶν
773 2194 1308 2266 παρανενομηκότων
1351 2193 1756 2265 γεγενημένην,
1807 2192 1945 2246 άλλά

361 2288 471 2343 τῶν
497 2286 909 2358 ἁμαρτημάτων
953 2286 1305 2357 δωρουμένην
1332 2285 1431 2357 τὴν
1456 2286 1674 2354 ἄφεσιν,
1722 2285 1818 2338 καὶ
1849 2282 1942 2338 τοῦ

365 2379 598 2434 θανάτου
641 2379 738 2449 τὴν
770 2377 924 2432 λύσιν
961 2378 1420 2448 ύπισχνουμένην,
1463 2376 1556 2430 καὶ
1597 2377 1696 2449 τὴν
1728 2374 1944 2430 αἰώνιον

365 2470 838 2542 ὲπαγγελλομένην
893 2469 1061 2540 ζωήν.
1116 2469 1333 2541 Ἐπειδὴ
1384 2469 1442 2522 δὲ
1497 2469 1590 2524 καὶ
1657 2468 1945 2534 Ἰουδαίους

357 2562 475 2634 ᾔδει
506 2562 626 2615 λίαν
653 2560 1046 2632 ἀντεχομένους
1071 2562 1166 2616 τοῦ
1197 2561 1386 2632 νόμου,
1416 2563 1510 2615 καὶ
1533 2563 1661 2624 τοὺς
1688 2559 1758 2615 τὰ
1784 2563 1943 2633 Μαρ-

359 2653 557 2716 κίωνος
585 2653 678 2706 καὶ
708 2653 1028 2734 Βαλεντίνου
1077 2651 1409 2717 νοσοῦντας,
1464 2652 1560 2707 καὶ¹
1609 2652 1793 2723 μέντοι
1847 2651 1942 2705 καὶ

355 2745 695 2816 Μανιχαίους
718 2787 734 2808 ,
775 2744 897 2798 λίαν
925 2745 1120 2800 τούτου
1160 2742 1609 2817 κατηγοροῦντας
1631 2784 1645 2807 ,
1688 2742 1941 2813 καθάπερ

356 2837 580 2908 ἄριστός
611 2853 694 2900 τις
731 2835 1036 2908 στρατηγός
1078 2836 1344 2892 πάντοθεν
1382 2837 1488 2891 ὑπὸ
1527 2835 1802 2906 πολεμίων
1846 2851 1944 2888 κυ-

357 2925 655 2996 κλούμενος
680 2964 696 2988 ,
752 2926 847 2978 καὶ
884 2923 1111 2987 τούτους
1145 2923 1330 2994 βάλλει
1367 2921 1651 2986 κάκείνους
1676 2963 1692 2986 ,
1738 2923 1836 2975 καὶ
1877 2920 1942 2975 τδ

357 3019 618 3090 τρόπαιον
642 3017 856 3086 ἵστησιν
883 3031 899 3047 ο
924 3015 1096 3078 οὕτως
1124 3017 1152 3068 ό
1187 3013 1329 3077 θεῖος
1365 3013 1692 3076 Ἀπόστολος
1715 3011 1810 3066 καὶ
1833 3011 1944 3066 τῶν

353 3107 655 3181 αἱρετικῶν
678 3107 739 3160 τὸ
759 3106 969 3174 στίφος,
1002 3106 1099 3160 καὶ
1121 3105 1231 3158 τῶν
1263 3103 1535 3159 Ἰουδαίων
1558 3103 1660 3175 τὴν
1688 3103 1945 3173 φάλαγγα

353 3201 446 3254 διὰ
470 3200 572 3270 τῆς
604 3197 754 3262 θείας
781 3197 1047 3254 κατέλυσε
1079 3197 1321 3268 χάριτος.
1353 3195 1419 3248 Τί
1446 3195 1555 3266 γὰρ
1589 3197 1769 3261 ποιεῖς
1819 3193 1944 3249 οὔτε

358 3291 502 3360 ἄγαν
524 3288 741 3361 ἐπαίρει
780 3288 873 3342 τὸν
901 3287 1066 3360 νόμον
1094 3287 1184 3342 διὰ
1211 3288 1312 3357 τὴν
1338 3286 1610 3341 Ἰουδαίων
1643 3285 1941 3351 ἀναίδειαν,

356 3381 484 3438 οὔτε
531 3382 804 3454 πρόφασιν
845 3380 1180 3453 κατηγορίας
1215 3380 1447 3452 παρέχει
1479 3382 1591 3444 τοῖς
1623 3379 1944 3434 δυσσεϐέσιν

359 3474 678 3542 αἱρετικοίς.
710 3471 876 3526 Ἀλλά
904 3471 1149 3526 δείκνυσι
1197 3470 1297 3542 μὲν
1331 3470 1496 3525 αὐτὸν
1542 3471 1602 3524 τὸ
1653 3469 1772 3525 δέον
1817 3488 1944 3524 παι-

357 3565 664 3629 δεύσαντα,
715 3564 811 3617 καὶ
859 3563 959 3634 τὴν
1015 3563 1114 3634 τῆς
1171 3563 1522 3634 δικαιοσύνης
1590 3562 1942 3618 διδασκαλίαν

363 3658 795 3732 προσενεγκόντα
815 3674 828 3689 ·
873 3656 1214 3729 κατορθῶσαι
1242 3657 1298 3710 δὲ
1323 3657 1528 3728 ταύτην
1557 3657 1619 3711 ού
1643 3656 1945 3728 δυνηθέντα

359 3749 451 3803 διά
486 3748 586 3818 τὴν
630 3746 741 3802 τῶν
785 3747 1258 3818 νομοθετηθέντων
1292 3747 1592 3802 ἀσθένειαν.
1633 3743 1766 3801 Εἶτα
1801 3746 1945 3801 διδά-

362 3856 485 3894 σκει
511 3837 588 3901 ὡς
630 3836 880 3908 ἡπίστις
927 3837 1008 3900 είς
1058 3836 1221 3908 ἔργον
1264 3838 1440 3908 ἤγαγε
1485 3836 1578 3890 τὸν
1629 3835 1724 3890 τοῦ
1777 3836 1942 3906 νόμου

361 3927 583 3984 σκοπόν.
613 3927 794 3999 "Amp
818 3927 929 3998 γάρ
973 3928 1182 3991 ἐκεῖνος
1228 3926 1578 3998 κατορθῶσαι
1621 3926 1721 3998 μὲν
1755 3926 1947 3998 ἠθέλη-

359 4041 456 4081 σεν
485 4067 501 4091 ,
535 4024 638 4079 οὐκ
669 4023 859 4094 ίσχυσε
908 4022 1007 4088 δὲ,
1055 4021 1198 4094 αῦτη
1248 4021 1338 4076 διά
1389 4021 1491 4092 τῆς
1524 4021 1618 4076 τοῦ
1669 4021 1942 4090 παναγίου

361 4117 678 4188 Πνεύματος
705 4114 978 4182 ἐξετέλεσε
1004 4113 1247 4186 χάριτος.
1279 4113 1378 4168 Διὰ
1400 4113 1606 4168 τούτων
1636 4113 1695 4167 δὲ
1724 4113 1943 4167 πάντων

364 4208 730 4281 μανθάνομεν,
780 4207 856 4270 ὠς
885 4207 973 4260 ἀεὶ
1004 4206 1114 4260 τῶν
1138 4204 1444 4278 ἀνθρώπων
1491 4204 1774 4277 προμηθού
1784 4221 1943 4276 μενος

358 4300 659 4356 διετέλεσεν
697 4299 726 4352 ό
755 4297 1172 4369 δημιουργήσας
1205 4298 1355 4368 ἡμᾶς
1389 4295 1543 4359 Θεός.
1587 4295 1810 4368 Πρῶτον
1843 4295 1942 4366 μὲν

2050 455 2191 513 lucis
2213 455 2590 528 intelligentiae
2646 457 2996 530 splendorem
3028 459 3275 518 nondum
3302 477 3616 539 suscepere,

2047 559 2111 602 ea
2132 545 2316 611 rident
2339 563 2462 620 quas
2481 564 2553 604 ne
2578 549 2898 620 angelorum
2921 548 3140 620 quidem
3162 553 3348 623 populi
3373 554 3478 627 ιο
3499 571 3623 627 pos-

2046 647 2175 694 sunt
2196 653 2294 708 pro
2315 639 2581 712 dignitate
2602 640 2844 698 laudare.
2868 641 2936 697 Et
2956 642 3060 698 hoc
3086 643 3307 701 divinus
3323 646 3622 717 Apostolus

2045 731 2113 786 ad
2148 732 2468 788 Corinthios
2517 733 2768 790 scribens
2811 744 2998 806 aperte
3032 736 3220 793 docuit
3273 757 3338 792 τι
3383 739 3620 797 Verbum

2045 823 2188 878 enim
2211 813 2494 881 crucisiis
2523 825 2746 896 quidem
2771 827 2864 896 qui
2899 835 3130 898 pereunt
3154 830 3392 885 stultitia
3415 840 3518 900 est,
3553 833 3620 888 iis

2045 923 2225 971 autem
2259 916 2354 987 qui
2386 917 2525 972 salvi
2559 917 2700 974 ﬁunt
2737 919 2828 976 Dei
2865 921 3040 976 virtus
3071 928 3156 976 est
3191 923 3240 976 δ.
3285 942 3303 976 ι
3338 921 3495 978 lianc
3523 924 3623 978 ita-

2044 1023 2150 1077 que
2181 1007 2480 1063 salutarem
2511 1008 2958 1079 praadicationem
2977 1010 3046 1065 ad
3065 1009 3348 1068 Romanos
3370 1014 3622 1070 scribens

2044 1097 2282 1154 ostendit
2311 1113 2436 1154 esse
2464 1101 2859 1168 necessariam,
2891 1109 2945 1156 et
2992 1103 3251 1159 omnibus
3283 1104 3620 1169 hominibus,

2043 1197 2153 1244 tam
2181 1186 2386 1244 Grtecis
2416 1204 2582 1259 quam
2610 1189 2836 1260 Iudaeis,
2877 1192 3063 1247 utilem
3102 1207 3168 1248 ac
3191 1195 3620 1252 conducibilem.

2043 1278 2408 1346 Quamobrem
2441 1287 2570 1336 ante
2616 1281 2754 1338 alios
2808 1296 2998 1339 omnes
3043 1282 3266 1341 Grzecos
3321 1285 3622 1359 redarguit,

2043 1370 2135 1440 qui
2171 1370 2441 1426 bonorum
2483 1385 2548 1425 ac
2591 1373 2858 1428 malorum
2904 1373 3201 1444 judicium,
3250 1379 3399 1450 quod
3447 1379 3518 1436 ab
3555 1396 3625 1437 eo

2047 1460 2140 1530 qui
2179 1475 2282 1514 nos
2315 1461 2517 1515 creavit
2547 1469 2759 1518 natura:
2788 1464 3014 1520 insitum
3043 1475 3150 1532 est,
3182 1469 3470 1528 manifeste
3494 1486 3624 1528 cor-

2045 1552 2316 1624 ruperint,
2347 1560 2401 1608 et
2429 1560 2641 1608 naturae
2681 1553 2828 1625 leges
2851 1557 3255 1615 transilierint:
3288 1562 3486 1620 deinde
3519 1559 3623 1621 Ju-

2046 1642 2214 1708 deos,
2269 1643 2362 1712 qui
2425 1643 2738 1699 divinarum
2796 1645 3020 1716 quidem
3079 1647 3260 1720 legum
3315 1650 3624 1710 doctrinam

1977 1713 2017 1768 Β
2047 1733 2268 1804 scriptis
2314 1733 2629 1790 mandatam
2663 1713 3015 1806 acceperunt,
3037 1713 3177 1794 nihil
3212 1748 3396 1798 tamen
3441 1759 3505 1800 ex
3558 1759 3625 1803 ea

2046 1824 2297 1879 utilitatis
2351 1826 2602 1897 accipere
2661 1827 2973 1894 voluerunt,
3023 1829 3122 1885 sed
3192 1847 3260 1889 eo
3317 1834 3625 1905 majoribus

2044 1916 2331 1987 suppliciis
2369 1915 2496 1973 facti
2531 1927 2662 1975 sunt
2715 1921 2966 1979 obnoxii.
3003 1920 3206 1980 Postea
3253 1931 3434 1982 autem
3488 1927 3625 1984 dicit

2046 2008 2215 2066 Deum
2249 2017 2306 2065 et
2337 2009 2689 2067 Servatorem
2728 2021 3008 2078 nostrum,
3038 2029 3147 2072 non
3187 2015 3254 2070 ad
3286 2031 3479 2072 eorum
3525 2019 3623 2089 qui

2044 2106 2237 2154 contra
2282 2100 2452 2172 legem
2503 2109 2898 2172 peccaverunt,
2936 2103 3456 2162 condemnationem
3488 2123 3624 2180 sup-

2046 2191 2384 2262 pliciumque
2407 2193 2750 2263 apparuisse,
2787 2195 2882 2252 sed
2921 2193 2988 2250 ad
3029 2195 3341 2253 donandam
3368 2193 3654 2268 peccato?

2047 2298 2168 2337 rum
2199 2283 2609 2348 remissionem,
2641 2285 2948 2357 mortisque
2990 2285 3428 2345 destructionem
3489 2306 3624 2361 pro-

2045 2372 2393 2437 mittendam,
2423 2380 2477 2428 et
2509 2380 2771 2430 aeternam
2799 2375 2965 2430 vitam
2992 2376 3447 2434 annuntiandam.
3483 2382 3622 2448 Quia

2045 2477 2228 2524 autem
2259 2467 2468 2524 sciebat
2515 2465 2735 2526 Iudaeos
2763 2456 2984 2540 quidem
3017 2470 3120 2541 legi
3146 2472 3313 2532 nimis
3346 2474 3621 2541 addictos.

2043 2573 2139 2616 eos
2165 2568 2345 2614 autem
2375 2558 2469 2630 qui
2498 2557 2792 2616 Marcionis
2848 2565 2904 2616 et
2933 2558 3208 2617 Valentini
3246 2562 3437 2621 haeresi
3458 2565 3624 2623 labo-

2045 2655 2191 2714 rant,
2219 2655 2382 2718 atque
2402 2647 2568 2703 etiam
2595 2647 2944 2716 Manichaaos,
2975 2665 3096 2706 eam
3128 2652 3292 2708 nimis
3313 2668 3576 2711 accusare
3604 2669 3621 2711 :

2044 2740 2186 2795 sicut
2214 2739 2705 2810 praestantissimus
2743 2739 2944 2811 aliquis
2967 2743 3079 2797 dux
3115 2743 3242 2798 belli
3271 2744 3342 2801 ab
3371 2747 3623 2803 hostibus

2045 2829 2289 2900 undique
2326 2829 2749 2893 circumsessus,
2787 2839 2842 2885 et
2897 2835 2996 2888 bos
3033 2841 3087 2888 et
3124 2833 3247 2888 illos
3275 2835 3484 2904 dejicit,
3508 2839 3622 2894 eis-

2045 2935 2152 2990 que
2181 2920 2342 2974 victis
2369 2929 2638 2990 tropaeum
2673 2921 2838 2991 erigit
2879 2938 2895 2976 :
2946 2923 3024 2976 ita
3073 2923 3294 2980 divinus
3324 2927 3624 2996 Apostolus

2048 3011 2429 3066 haereticorum
2481 3019 2757 3075 catervas,
2812 3018 2866 3066 et
2949 3009 3265 3068 Judmorum
3325 3015 3625 3089 pbalangrs

2046 3103 2234 3159 divina
2272 3103 2446 3174 gratia
2488 3101 2694 3173 frangit
2740 3116 2805 3157 ac
2854 3101 3056 3160 fundit.
3087 3103 3232 3172 Quid
3271 3106 3416 3164 enim
3445 3107 3624 3167 facit?

2043 3193 2232 3266 Neque
2260 3195 2433 3265 legem
2465 3194 2632 3252 nimis
2661 3195 2877 3250 extollit
2905 3203 3128 3266 prOpter
3153 3195 3470 3255 Judaorum
3513 3203 3622 3257 im-

2044 3286 2382 3359 pudentiam,
2447 3300 2627 3356 neque
2685 3285 2871 3358 impiis
2948 3287 3226 3344 luereticis
3296 3290 3419 3359 ejus
3463 3306 3622 3348 accu-

2043 3379 2229 3434 sandze
2249 3379 2454 3450 praebet
2491 3379 2862 3434 occasionem.
2896 3377 3000 3434 Sed
3029 3395 3150 3434 eam
3181 3381 3406 3453 quidem
3435 3390 3624 3441 osten-

2043 3470 2124 3524 dit
2147 3470 2201 3525 id
2224 3469 2371 3540 quod
2394 3484 2533 3538 opus
2554 3477 2638 3525 est
2660 3468 2940 3538 docuisse,
2965 3469 3064 3540 ιι
3091 3481 3143 3525 et
3164 3473 3396 3541 justitiaa
3415 3475 3622 3532 doctri-

2047 3577 2167 3616 nam
2201 3561 2476 3622 attulisse,
2533 3561 2676 3616 hanc
2714 3568 2896 3617 autem
2919 3564 3182 3632 perlicere
3214 3581 3322 3620 non
3351 3569 3622 3635 potuisse,

2046 3663 2264 3724 propter
2298 3667 2486 3708 eorum
2521 3651 2724 3722 quibus
2763 3653 2890 3708 data
2927 3653 3105 3710 fuerat
3157 3655 3616 3714 imbecillitatem.

2047 3745 2250 3802 Deinde
2281 3745 2440 3800 docet
2496 3745 2642 3816 quod
2679 3745 2816 3802 fides
2844 3746 2983 3816 legis
3018 3762 3094 3804 εει
3117 3761 3242 3817 pum
3271 3746 3326 3802 in
3357 3764 3496 3818 opus
3523 3750 3620 3803 dr-

2045 3839 2223 3895 duxit.
2253 3837 2386 3904 Quae
2431 3839 2576 3894 enim
2630 3838 2723 3893 illa
2761 3839 2940 3894 voluit
2984 3840 3204 3910 quidem
3243 3837 3477 3903 efficere.
3524 3843 3620 3898 sed

2044 3946 2155 3987 non
2204 3931 2402 4001 potuit,
2457 3931 2563 3987 ista
2596 3945 2691 4000 per
2727 3931 2904 3988 sancti
2936 3929 3176 4002 Spiritus
3210 3932 3447 4001 gratiam
3487 3947 3614 4004 per-

2047 4022 2196 4080 fecit.
2219 4022 2323 4078 Per
2346 4022 2462 4079 haec
2485 4029 2669 4080 autem
2700 4023 2888 4078 omnia
2917 4023 3300 4094 intelligimus,
3333 4023 3476 4092 quod
3517 4023 3617 4079 ho-

2045 4115 2254 4170 minum
2307 4123 2573 4186 perpetuo
2631 4129 2822 4169 curam
2871 4116 3107 4186 gesserit
3165 4114 3312 4170 Deus
3361 4114 3456 4184 qui
3520 4129 3625 4170 nos

2045 4205 2272 4262 creavit.
2314 4204 2560 4260 Primum
2612 4203 2759 4259 enim
2810 4204 2866 4259 in
2897 4212 3094 4259 natura
3130 4203 3622 4259 iudiditbonorum

2045 4307 2100 4355 et
2130 4297 2534 4353 contrariorum
2553 4295 2853 4364 judicium.
2883 4295 3089 4351 Deinde
3115 4309 3211 4364 per
3226 4301 3511 4351 creaturas
3527 4309 3624 4351 eos

358 4390 468 4462 γάρ
497 4392 556 4442 ὲν
596 4391 662 4460 τῇ
708 4387 868 4457 φύσει
907 4387 1017 4443 τῶν
1047 4387 1268 4455 ἀγαθῶν
1304 4387 1395 4440 καὶ
1422 4385 1532 4440 τῶν
1561 4386 1822 4441 ἐναντίων
1849 4385 1942 4438 τέ-

2047 4387 2140 4458 qui
2159 4387 2454 4442 voluerunt
2484 4387 2713 4441 deduxit
2759 4387 2824 4442 ad
2855 4385 3134 4454 pietatem.
3175 4383 3290 4438 Etsi
3323 4385 3470 4439 enim
3511 4402 3621 4439 nou

360 4481 509 4536 θεικε
564 4479 663 4552 τὴν
697 4479 992 4552 διάκρισιν.
1046 4474 1179 4531 Εἶτα
1239 4478 1327 4532 διὰ
1381 4480 1482 4549 τῆς
1535 4478 1766 4540 κτίσεως
1814 4477 1942 4542 τοὺς

2042 4492 2238 4534 omnes
2263 4475 2555 4530 voluerunt
2581 4473 2766 4528 videre
2791 4473 3082 4528 veritatem
3115 4489 3129 4526 :
3160 4472 3253 4543 qui
3291 4482 3468 4529 tamen
3505 4489 3621 4529 eam

360 4571 722 4644 βουληθέντας
764 4570 1074 4642 ἐποδήγησε
1103 4568 1240 4642 πρὸς
1269 4569 1574 4623 εὐσέϐειαν.
1607 4570 1669 4622 Ei
1714 4568 1824 4640 γάρ
1851 4569 1942 4623 καὶ

2044 4568 2454 4633 desiderarunt,
2486 4580 2550 4621 ea
2587 4580 2712 4636 quae
2742 4564 3036 4620 voluerunt
3081 4565 3319 4620 assecuti
3352 4573 3501 4620 sunt.
3541 4567 3620 4620 Ad

361 4664 440 4735 μὴ
479 4663 681 4726 πάντες
721 4662 848 4716 ἰδεῖν
874 4661 1150 4733 ἠθέλησαν
1199 4661 1298 4733 τὴν
1353 4660 1615 4733 ἀλήθειαν
1637 4697 1652 4723 ,
1706 4659 1820 4712 ἀλλ’
1851 4655 1946 4712 οὖν

357 4757 408 4810 oi
462 4755 670 4826 ταύτην
724 4755 1062 4828 ποθήσαντες
1115 4755 1439 4828 ἀπήλαυσαν
1511 4747 1589 4808 ὧν
1645 4750 1943 4822 ἐπόθησαν.

360 4848 506 4921 Πρὸς
539 4849 595 4904 δὲ
627 4847 838 4913 τούτοις
871 4847 1094 4902 κάκεῖνο
1121 4847 1269 4918 ἡμᾶς
1319 4846 1636 4901 ὲκπαιδεύει
1661 4887 1677 4912 ,
1727 4843 1804 4910 ὠς
1842 4846 1942 4900 ούκ

361 4942 430 4994 ὲκ
460 4940 821 5011 μεταμελείας
845 4941 873 4994 ό
896 4939 1004 4994 τῶν
1027 4937 1165 4992 ὅλων
1193 4939 1326 5003 Θεὸς
1362 4938 1456 4993 ἐπὶ
1483 4939 1687 5011 ταύτην
1715 4938 1942 5012 ἐλήλυθε

361 5031 464 5102 τῆς
494 5032 770 5104 σωτηρίας
799 5033 896 5106 τὴν
928 5033 1150 5105 μέθοδον
1177 5052 1190 5065 ο
1227 5032 1346 5086 ἀλλ’
1393 5030 1602 5086 ἄνωθεν
1638 5030 1809 5103 αὐτὴν
1852 5030 1941 5085 διά

360 5125 476 5178 τῶν
519 5125 679 5179 θείων
725 5126 1100 5198 προηγόρευσε
1121 5126 1143 5160 ⁸
1197 5123 1514 5198 προφητῶν.
1555 5122 1812 5178 Διδάσκει
1845 5124 1942 5177 καὶ

359 5216 518 5270 τῶν⁹
545 5217 818 5274 Ἰουδαίων
867 5219 1138 5291 ἀποϐολῆς
1183 5217 1282 5289 τὴν
1327 5213 1508 5272 αίτίαν
1533 5255 1549 5280 ,
1601 5217 1697 5271 καί
1731 5219 1843 5280 τοῖς
1882 5217 1942 5280 ἐξ

444 5400 470 5440 δ
514 5397 912 5466 lCor.l,18.

2045 4663 2162 4717 haec
2196 4667 2382 4715 autem
2416 4661 2522 4714 hoc
2569 4673 2786 4729 quoque
2831 4672 2933 4713 nos
2975 4655 3156 4726 docet,
3189 4656 3334 4730 quod
3362 4674 3470 4712 non
3504 4674 3624 4712 mu-

2046 4752 2255 4807 tatione
2302 4750 2538 4820 quadam
2591 4751 2810 4807 consilii
2845 4750 3076 4807 Creator
3115 4751 3363 4806 omnium
3411 4752 3626 4804 venerit

2049 4845 2116 4901 ad
2153 4847 2301 4900 hanc
2329 4843 2527 4901 salutis
2552 4844 2846 4911 rationem,
2881 4843 2979 4899 sed
3018 4857 3142 4900 eam
3173 4842 3347 4897 multo
3371 4851 3497 4895 ante
3529 4855 3624 4910 per

2049 4937 2268 4994 divinos
2315 4935 2618 5008 prophetas
2647 4933 2984 5006 praedixerit.
3018 4932 3188 4987 Docet
3217 4930 3378 4986 etiam
3402 4926 3621 4984 Judmc-
3677 4991 3689 5002 ,

2048 5045 2170 5087 rum
2228 5027 2550 5100 rejectionis
2587 5041 2838 5092 causam,
2874 5033 2930 5082 et
2979 5038 3078 5082 eos
3115 5021 3211 5094 qui
3256 5036 3321 5079 ex
3369 5019 3624 5092 gentibus

2049 5119 2400 5178 crediderunt
2440 5117 2713 5182 hortatur,
2755 5130 2826 5171 ne
2863 5114 3127 5171 adversus
3159 5127 3257 5168 eos
3300 5107 3621 5168 eiferuntur.

2051 5212 2357 5267 admonens
2388 5207 2514 5264 illos
2544 5206 2601 5263 in
2625 5204 3022 5279 praedicatione
3051 5203 3424 5276 praecessisse.
3452 5196 3625 5257 Porro

1623 5545 1886 5637 sanus.
1945 5545 2351 5604 meosss.

462 5652 483 5683 '
519 5653 560 5706 Β
588 5650 948 5723 προηγόρευε.
1024 5653 1043 5684 ⁹
1074 5649 1114 5703 Β
1149 5646 1267 5717 τῆς,
