4074 6176
237 372 306 436 49
1089 369 1702 433 INTERPRETATIO
1743 368 1982 428 EPIST.
2031 371 2132 430 AD
2155 371 2336 431 ROM.
2366 373 2523 433 CAP.
2562 376 2610 433 Ι.
3423 381 3491 445 50

234 490 364 562 χεία
422 488 714 560 προφητῶν
774 487 1236 559 λειτουργούντων
1302 487 1378 558 τῷ
1433 487 1658 558 Κυρίῳ,
1718 486 1812 539 καὶ

1921 487 2188 554 assumpsi
2220 501 2316 540 eos
2347 496 2394 540 ε.
2443 507 2459 538 ι
2487 487 2667 553 Quare
2695 489 2858 544 etiam
2889 490 3178 547 manifesta
3201 501 3284 548 est
3313 493 3493 548 Trini-

235 583 630 654 νηστευόντων,
665 575 786 634 εἶπε
820 579 882 634 τὸ
933 579 1160 651 Πνεῦμα
1191 580 1251 633 τὸ
1295 581 1448 649 ἅγιον
1476 597 1488 609 ·
1528 597 1546 630 t
1596 578 1816 650 ’Λφορί-

191 705 196 710 -
237 692 372 728 σατε
410 675 471 745 δή
513 691 603 746 μοι
642 673 732 728 τὸν
777 672 1065 744 Βαρνάϐαν
1110 673 1204 727 καὶ
1246 673 1338 726 τὸν
1368 671 1606 737 Σαῦλον,
1640 672 1719 736 είς
1756 671 1817 724 τὸ

234 768 398 839 ἔργον
430 766 458 818 ὃ
499 764 915 836 προσκέκλημαι
964 766 1179 830 αὐτούς.
1227 785 1246 817 ι
1292 767 1436 840 Δήλη
1493 767 1671 822 τοίνυν
1723 766 1818 820 καὶ

235 857 486 913 ἐντεῦθεν
517 859 550 928 ἡ
579 857 678 927 τῆς
707 857 936 928 Τριάδος
974 859 1176 930 ἰσότης.
1211 860 1322 914 Καὶ
1364 859 1424 912 τὸ
1480 858 1816 928 Εὐαγγέλιον

233 950 314 1014 δὲ,
341 948 434 1001 τοῦ
461 943 600 1000 Θεοῦ
628 948 724 1018 μὲν
754 947 989 1001 ἐνταῦθα
1019 947 1429 1019 προσηγόρευσε
1451 964 1464 976 ⁸
1511 946 1649 1018 μετὰ
1685 945 1817 1017 βρα-

235 1038 340 1109 χέα.
372 1038 430 1091 δὲ
471 1054 604 1108 φησι
645 1035 736 1089 τοῦ
776 1036 909 1090 Υἱοῦ
949 1036 1104 1090 τοῦτο
1138 1033 1300 1090 εἶναι.
1335 1037 1497 1105 Λέγει
1541 1035 1597 1088 δὲ
1641 1034 1812 1088 οὕτω·

234 1129 484 1199 Μάρτυς
530 1128 641 1198 γάρ
678 1147 780 1198 μοι
809 1129 982 1182 ἐστὶν
1024 1132 1056 1183 ὁ
1080 1128 1246 1194 Θεὸς,
1269 1118 1315 1192 ᾧ
1336 1127 1602 1195 λατρεύω
1639 1126 1710 1180 ἐν
1738 1124 1818 1191 τῷ

236 1221 538 1289 Πνεύματι
547 1238 685 1290 μου,
718 1221 788 1274 ἐν
808 1218 888 1286 τῷ
918 1219 1262 1290 Εὐαγγελίῳ
1292 1218 1396 1272 τοῦ
1448 1217 1584 1270 Υίοῦ
1605 1215 1815 1272 αὑτοῦ.

241 1312 431 1368 Ταῦτα
473 1312 530 1365 δὲ
566 1312 666 1366 οὐκ
719 1313 842 1384 εἰκῆ
898 1312 992 1366 καὶ
1053 1311 1230 1382 μάτην
1288 1309 1813 1381 ὲπεσημηνάμηνω,

239 1404 379 1458 ἀλλά
405 1405 618 1468 δεικνὺς
651 1405 726 1467 ὡς
768 1403 1080 1475 ἀδιαφόρως
1125 1403 1194 1456 τὰ
1228 1401 1367 1456 αὐτά
1391 1441 1404 1464 ,
1441 1401 1570 1454 ποτὲ
1602 1401 1701 1472 μὲν
1725 1401 1818 1454 ἐπὶ

237 1493 335 1547 τοῦ
378 1494 611 1566 Πατρὸς,
651 1495 780 1548 ποτὲ
825 1494 883 1548 δὲ
915 1495 1010 1548 ἐπὶ
1047 1492 1140 1548 τοῦ
1186 1493 1317 1547 Υίοῦ
1354 1492 1595 1546 τιθέασιν
1631 1493 1680 1546 οἱ
1721 1493 1820 1562 τῆς

235 1585 502 1656 ἀληθείας
546 1585 878 1640 διδάσκαλοι.
927 1585 1299 1656 Εὐαγγέλιογ
1345 1582 1401 1636 δὲ
1441 1582 1501 1636 τὸ
1556 1584 1822 1654 κήρυγμα

239 1676 702 1746 προσηγόρευσεν,
744 1677 820 1740 ὠς
866 1676 1079 1730 πολλῶν
1127 1673 1350 1745 ἀγαθῶν
1389 1671 1821 1742 ὑπισχνούμενον

237 1769 526 1839 χορηγίαν.
569 1769 995 1838 Εὐαγγελίζεται
1043 1767 1152 1836 γὰρ
1186 1766 1285 1828 τὰς
1313 1763 1406 1818 τοῦ
1435 1763 1569 1817 Θεοῦ
1613 1762 1816 1817 καταλ-

1919 576 2108 631 nitatis
2139 579 2445 648 mqualitas.
2492 579 2570 633 Ac
2617 580 2711 635 Dei
2763 582 2982 652 quidem
3025 581 3378 654 Evangelium
3406 585 3495 640 hic

1917 669 2247 738 appellavit;
2293 671 2454 738 paulo
2505 681 2628 740 post
2666 681 2849 727 autem
2894 673 3026 728 dicit
3051 674 3155 729 hoc
3188 691 3313 731 esse
3346 675 3491 731 Filii.

1919 760 2012 815 Sic
2055 761 2200 815 enim
2235 759 2391 825 dicit,
2436 761 2603 816 Testis
2636 773 2713 817 est
2761 766 2889 818 mihi
2923 764 3085 831 Deus,
3130 769 3216 820 cui
3243 767 3412 822 servio
3443 769 3494 822 in

1916 853 2106 922 spiritu
2131 870 2266 919 meo,
2302 854 2354 906 in
2389 850 2674 924 Evangelia
2700 853 2833 909 Filii
2856 856 2992 924 ejus.
3024 855 3150 912 Hatc
3174 866 3356 912 autem
3386 873 3495 912 non

1918 944 2121 1023 frustra
2147 955 2201 1001 et
2227 953 2430 1001 temere
2457 946 2743 1014 adnotavi;
2769 947 2864 1004 sed
2891 958 2945 1003 ut
2976 951 3320 1005 ostenderem
3348 949 3494 1021 quod

1917 1037 2055 1092 citra
2095 1038 2264 1092 ullum
2307 1037 2604 1093 discrimen
2653 1041 2844 1095 eadem
2877 1041 3174 1112 aliquando
3197 1041 3367 1106 Patri,
3391 1041 3493 1096 ali-

1917 1129 2137 1199 quando
2167 1127 2307 1183 Filio
2332 1129 2617 1184 ascribunt
2651 1131 2902 1188 veritatis
2924 1131 3200 1186 doctores.
3224 1129 3497 1186 Praedica-

1919 1221 2124 1275 tionem
2173 1228 2355 1275 autem
2385 1219 2730 1291 Evangetium
2769 1222 3087 1291 appellavit,
3123 1229 3180 1276 ut
3203 1239 3324 1293 qua:
3356 1222 3496 1277 mul-

1921 1318 2100 1364 torum
2132 1310 2403 1365 bonorum
2444 1312 2792 1382 largitionem
2831 1313 3198 1384 promitteret.
3236 1313 3497 1370 Feliciter

1918 1399 2067 1456 enim
2103 1399 2400 1454 annuntiat
2433 1401 2528 1456 Dei
2574 1403 3104 1470 reconciliationem,
3138 1405 3342 1462 diaboli
3381 1406 3498 1462 dis-

1921 1491 2274 1557 solutionem,
2308 1500 2662 1561 peccatorum
2688 1495 3098 1562 remissionem,
3135 1499 3328 1553 mortis
3385 1513 3501 1553 ces-

1923 1582 2218 1650 sationem,
2256 1598 2285 1637 a
2318 1586 2550 1641 mortuis
2598 1589 3091 1654 resurrectionem,
3141 1590 3304 1644 vitam
3346 1598 3503 1644 aeter—

1922 1689 2070 1738 nam,
2110 1681 2164 1729 et
2215 1689 2445 1746 regnum
2496 1677 2786 1734 caelorum.
2837 1677 2972 1734 Cum
3025 1689 3206 1735 autem
3271 1679 3502 1736 dixisset

1921 1764 2140 1820 divinus
2175 1765 2497 1836 Apostolus,
2554 1782 2614 1823 se
2673 1767 2778 1840 14
2835 1768 3005 1825 fuisse
3065 1779 3412 1841 segregatum
3443 1770 3500 1824 in

233 1859 414 1926 λαγάς
438 1900 452 1925 ,
497 1859 598 1931 τὴν
634 1859 728 1912 τοῦ
757 1858 1004 1912 διαϐόλου
1035 1855 1362 1918 κατάλυσιν,
1411 1853 1518 1906 τῶν
1553 1851 1808 1923 ἁμαρτη-

1921 1853 2266 1926 Evangelium
2297 1855 2413 1922 Dei,
2443 1858 2563 1927 ejus
2613 1859 2798 1912 statim
2845 1867 2972 1913 ante
3024 1859 3207 1914 omnia
3247 1859 3491 1929 antiqui-

238 1949 428 2020 μάτων
470 1950 568 2022 τὴν
614 1952 840 2019 ἄφεσιν,
886 1946 980 2000 τοῦ
1015 1946 1245 2000 θανάτου
1278 1945 1376 2015 τὴν
1405 1943 1652 2007 παῦλαν,
1702 1941 1812 1995 τῶν

231 2039 452 2111 νεκρῶν
489 2040 589 2109 τὴν
632 2039 962 2102 ἀνάστασιν,
1007 2037 1107 2108 τὴν
1133 2035 1278 2106 ζωὴν
1308 2035 1404 2104 τὴν
1431 2033 1671 2097 αἰώνιον,
1715 2030 1814 2103 τὴν

1921 1953 2087 2001 tatem
2145 1947 2410 2012 ostendit,
2448 1965 2517 2005 ne
2565 1950 2772 2007 stultus
2827 1948 2968 2006 forte
3011 1950 3282 2022 quispiam
3324 1950 3378 2004 id
3413 1965 3492 2006 re-

1921 2039 2138 2093 centius
2167 2047 2430 2110 reputaus
2460 2040 2736 2109 rejiceret,
2795 2048 2851 2096 et
2889 2041 3024 2096 dicit
3053 2060 3066 2095 :
3297 2047 3327 2073 θ

229 2127 523 2198 βασιλείαν
590 2130 698 2182 τῶν
741 2129 1006 2202 οὐρανῶν.
1080 2128 1138 2182 '0
1185 2127 1240 2180 δὲ
1290 2126 1430 2188 θεῖος
1494 2124 1818 2186 ’Λπόστολος
1879 2128 2116 2199 εἰρηκὼς
2167 2130 2242 2194 ὡς
2287 2131 2575 2204 ἀφωρίσθη
2617 2133 2698 2197 είς
2742 2132 3072 2200 Εὐαγγέλιον
3125 2129 3289 2196 Θεοῦ,
3335 2132 3495 2197 εὐθὺς

222 2223 414 2277 αὐτοῦ
453 2221 560 2296 πρὸ
595 2221 811 2276 πάντων
848 2221 946 2295 τὴν
978 2219 1318 2292 ἀρχαιότητα
1360 2216 1630 2270 δείκνυσιν
1657 2256 1672 2282 ,
1725 2215 1814 2269 ἵνα
1856 2217 1929 2289 μή
1957 2235 2040 2284 τις
2063 2221 2169 2273 τῶν
2191 2221 2433 2293 ἀνοήτων
2455 2223 2529 2286 ὡς
2586 2222 2848 2294 νεώτερον
2888 2223 3188 2295 ἀποκρίνας
3237 2221 3496 2298 ἐκϐάλλῃ,

216 2313 338 2366 καί
369 2329 535 2383 φησιν
559 2327 572 2342 '

307 2408 386 2477 β’.
411 2407 481 2459 Ὅ
503 2407 1008 2476 προεπηγγείλατο
1028 2405 1125 2459 διὰ
1152 2403 1268 2458 τῶν
1287 2400 1604 2473 προφητῶν
1629 2399 1815 2457 αὑτοῦ

210 2498 298 2550 ἐν
337 2497 602 2566 Γραφαῗς
633 2498 850 2564 ἀνίαις.
885 2497 1107 2566 Πλήρης
1134 2497 1242 2567 γάρ
1267 2497 1300 2567 ἡ
1333 2496 1545 2550 Παλαιὰ
1569 2495 1815 2565 Διαθήκη

203 2587 351 2642 τῶν
399 2588 528 2657 περὶ
575 2587 668 2640 τοῦ
703 2587 911 2660 Κυρίου
971 2589 1350 2659 προρρήσεων.
1411 2587 1484 2640 Τδ
1526 2587 1582 2640 δὲ
1619 2586 1816 2655 ἁγίαις

204 2682 336 2752 οὐχ
387 2680 573 2744 ἁπλῶς
621 2681 890 2734 τέθεικεν.
957 2681 1117 2734 Ἀλλά
1147 2681 1362 2751 πρῶτον
1407 2682 1505 2752 μὲν
1547 2681 1814 2736 διδάσκων

199 2775 296 2836 ὡς
325 2773 431 2826 καὶ
455 2774 555 2844 τὴν
596 2773 838 2826 Παλαιὰν
868 2772 1019 2826 θείαν
1044 2771 1153 2826 οἶδε
1183 2774 1410 2844 Γραφήν
1429 2791 1443 2804 ο
1477 2768 1595 2826 εἶτα
1629 2774 1813 2826 πᾶσαν

215 2865 551 2934 ἀποκρίνων
587 2864 684 2935 τὴν
713 2864 1020 2934 ἀλλοτρίαν.
1053 2865 1206 2934 Μόνη
1250 2865 1360 2934 γὰρ
1396 2865 1429 2933 ἡ
1461 2863 1817 2926 θεόπνευστος

211 2955 426 3028 Γραφὴ
460 2954 520 3008 τὸ
549 2955 826 3024 ὠφέλιμον
870 2953 1004 3024 ἔχει.
1041 2955 1202 3023 Λέγει
1240 2955 1297 3008 δὲ
1329 2954 1544 3024 καὶτῆς
1576 2955 1816 3023 ἐπαγγε-

214 3047 355 3110 λίας
381 3045 447 3099 τὸ
477 3041 640 3107 εἶδος.

293 3144 376 3208 γ’.
413 3138 554 3206 Περὶ
606 3137 714 3191 τοῦ
763 3135 900 3190 Υἱοῦ
932 3135 1154 3202 αὑτοῦ,
1211 3134 1316 3189 τοῦ
1367 3133 1695 3204 γενομένου
1743 3133 1813 3188 ἐκ

1991 2397 2158 2455 Vens.
2193 2401 2247 2456 Ξ.
2289 2401 2442 2468 Quod
2471 2410 2592 2458 ante
2617 2404 2931 2472 promiserat
2959 2421 3051 2475 per
3069 2409 3348 2476 prophetas
3370 2427 3493 2467 suos

1922 2492 1976 2546 in
2001 2491 2288 2562 Scripturis
2306 2496 2525 2550 sanctis.
2561 2495 2790 2552 Plenum
2827 2506 2913 2553 est
2939 2497 3087 2553 enim
3116 2497 3286 2556 Vetus
3310 2501 3496 2559 Testa-

1921 2592 2167 2639 mentum
2194 2587 2647 2656 praedictionibus
2669 2587 2907 2644 Domini.
2931 2589 3142 2646 Sanctis
3174 2602 3353 2650 autem
3383 2610 3495 2650 non

1922 2681 2129 2730 temere
2163 2677 2439 2747 apposuit.
2473 2678 2580 2732 Sed
2607 2678 2846 2748 primum
2888 2681 3130 2750 quidem,
3173 2691 3232 2738 ut
3270 2684 3494 2741 doceret

1923 2781 1984 2822 se
2023 2767 2186 2822 etiam
2220 2777 2461 2824 veterem
2497 2767 2839 2839 Scripturam
2896 2770 3138 2826 divinam
3172 2789 3490 2844 agnoscere;

1917 2857 2120 2913 deinde
2152 2858 2343 2923 etiam,
2376 2867 2438 2912 ut
2473 2874 2690 2913 omnem
2723 2861 2958 2914 alienam
2998 2863 3334 2921 excluderet.
3368 2865 3491 2922 Sola

1918 2945 2065 3001 enim
2121 2962 2152 3000 a
2204 2947 2315 3003 Deo
2359 2948 2630 3017 inspirata
2659 2947 2946 3019 Scriptura
2991 2951 3286 3008 utilitatem
3337 2957 3393 3009 in
3435 2973 3494 3014 se

1918 3036 2186 3090 continet.
2221 3034 2339 3090 Jam
2387 3051 2518 3091 vero
2556 3036 2692 3094 dicit
2725 3040 2890 3094 etiam
2925 3044 3180 3112 promissi
3229 3047 3488 3116 speciem.

1987 3125 2152 3182 Vens.
2182 3127 2236 3181 5.
2267 3126 2340 3180 De
2367 3126 2510 3182 Filio
2534 3145 2648 3197 suo,
2670 3132 2758 3200 qui
2773 3131 2949 3200 [actus
2975 3143 3053 3188 est
3079 3150 3144 3190 ea:
3166 3138 3361 3192 semine
3381 3137 3493 3192 Da-

213 3228 584 3298 σπέρματος
611 3228 789 3282 Δαϐὶὸ
821 3226 971 3282 κατὰ
1002 3227 1222 3294 σάρκα.
1254 3225 1353 3278 Διά
1387 3226 1625 3290 πάντων,
1659 3224 1815 3295 φησὶ,

1921 3217 2050 3273 vidis
2103 3220 2385 3274 secundum
2436 3238 2665 3278 carnem.
2707 3221 2815 3278 Per
2859 3240 3074 3291 omnes,
3119 3227 3318 3299 inquit,
3364 3246 3492 3301 pro-

211 3322 338 3375 τῶν
381 3319 680 3392 προφητῶν
725 3319 794 3374 τά
823 3321 951 3391 περὶ
989 3319 1084 3372 τοῦ
1115 3317 1248 3371 Υίοῦ
1285 3315 1684 3387 προεθέσπισεν
1709 3335 1723 3348 ·
1758 3314 1817 3378 ὃς

214 3413 282 3479 ἐξ
320 3410 502 3466 αὐτοῦ
533 3411 690 3481 φύσει
737 3409 843 3482 πρὸ
871 3410 978 3464 τῶν
1002 3408 1212 3464 αἰώνων
1251 3406 1647 3478 γεγεννημένος
1671 3445 1686 3470 ,
1723 3405 1816 3459 καί⁹

211 3505 316 3558 τοῦ
346 3502 520 3556 Δαὸὶδ
553 3502 668 3566 υίὸς
697 3501 1086 3572 ἐχρημάτισεν,
1107 3501 1182 3564 ὡς
1214 3503 1278 3554 ὲκ
1307 3499 1626 3569 σπέρματος
1652 3497 1817 3550 Δαϐὶδ

211 3597 324 3671 τὴν
365 3594 718 3665 ἀνθρωπείαν
749 3593 910 3664 φύσιν
937 3592 1242 3650 ἀναλαϐών.
1277 3591 1384 3644 Τοῦ
1421 3592 1607 3661 μέντοι
1651 3588 1818 3643 Δαδὶδ

215 3686 644 3760 μνημονεύσας,
667 3687 803 3757 ἄγαν
824 3684 1139 3754 ἀναγκαίως
1161 3684 1222 3737 τὸ
1247 3683 1399 3740 κατὰ
1427 3681 1626 3750 σάρκα
1647 3697 1817 3752 προσ-

211 3780 484 3835 τέθεικεν
512 3795 526 3808 ’
561 3778 647 3832 ἵνα
683 3778 758 3848 μὴ
787 3776 947 3846 φύσει
978 3776 1076 3848 μὲν
1098 3775 1193 3828 τοῦ
1228 3774 1390 3827 Δαὸὶό
1419 3773 1534 3836 υίὸς
1559 3769 1816 3842 νομισθῇ,

215 3872 376 3926 κατὰ
420 3871 580 3940 χάριν
608 3870 664 3922 δὲ
703 3867 798 3922 τοῦ
823 3867 979 3922 Θεοῦ.
1035 3867 1100 3920 Ἦ
1137 3865 1246 3937 γὰρ
1295 3865 1388 3919 τοῦ
1437 3863 1587 3918 κατὰ
1622 3862 1820 3930 σάρκα

214 3964 552 4035 προσθήκη,
588 3962 888 4016 αἰνίττεται
917 3962 992 4024 ὠς
1034 3960 1128 4014 τοῦ
1155 3958 1292 4012 Θεοῦ
1328 3958 1421 4012 καὶ
1454 3955 1671 4027 Πατρὸς
1705 3956 1820 4018 υίός

214 4059 384 4111 ἐστιν
419 4053 642 4125 ἀληθῶς
683 4054 821 4108 κατά
853 4053 951 4124 τὴν
981 4051 1230 4122 θεότητα.
1267 4049 1402 4104 Οὐδὲ
1435 4049 1544 4120 γάρ
1591 4047 1684 4101 ἐπὶ
1709 4047 1820 4100 τῶν

213 4147 396 4200 τοῦτο
435 4146 594 4216 μόνον
624 4145 792 4202 ὄντων
835 4143 973 4215 ὅπερ
1025 4141 1290 4213 ὁρῶνται,
1339 4141 1485 4194 ἔστιν
1536 4140 1714 4210 εὑρεῖν
1761 4134 1821 4189 τὸ

215 4239 390 4294 κατὰ
442 4236 642 4306 σάρκα
699 4236 1113 4308 προσκείμενον.
1158 4236 1268 4289 Καὶ
1311 4235 1521 4306 μάρτυς
1560 4233 1590 4286 ὁ
1643 4231 1819 4303 μακά·

216 4348 347 4403 ριος
420 4329 701 4392 Ματθαῖος
762 4330 790 4380 ὁ
842 4327 1252 4398 εὐαγγελιστής.
1329 4323 1589 4396 ΕΞρ-ηκὼς
1667 4321 1816 4394 γάρ’

223 4441 244 4476 s
291 4421 568 4492 Ἀϐραὰμ
610 4420 865 4489 ἐγέννησε
906 4420 999 4473 τὸν
1029 4419 1235 4481 Ἰσαὰκ,
1267 4415 1454 4470 Ἰσαὰκ
1484 4416 1539 4468 δὲ
1560 4415 1819 4484 ἐγέννησε

215 4514 316 4572 τὸν
356 4512 585 4576 Ἰακὼϐ,
632 4510 826 4564 Ἰακὼϐ
877 4510 934 4563 δὲ
961 4508 1216 4579 ἐγέννησε
1253 4507 1342 4560 τὸν
1381 4506 1583 4560 Ἰούδαν
1609 4547 1622 4571 ,
1672 4525 1690 4557 ι
1724 4505 1820 4602 καὶ,
1852 4545 1897 4602 D

217 4608 424 4660 πᾶσαν
467 4604 662 4674 ἐφεξῆς
709 4602 807 4674 τὴν
846 4599 1199 4672 γενεαλογίαν
1230 4595 1512 4664 διεξελθὼν
1534 4636 1548 4660 ,
1582 4593 1819 4664 οὐδαμοῦ

215 4699 282 4752 τὸ
325 4696 494 4752 κατὰ
541 4695 740 4763 σάρκα
789 4693 1202 4764 προστέθεικεν.
1256 4690 1367 4759 Οὐχ
1413 4689 1654 4758 ἥρμοττε
1713 4685 1823 4754 γὰρ

218 4791 430 4852 αὐτοῖς
470 4786 774 4859 ἀνθρώποις
820 4781 972 4839 οὖσιν
1011 4785 1044 4854 ἡ
1093 4782 1317 4848 τοιαύτη
1363 4778 1670 4852 προσθήκη.
1708 4776 1826 4828 Ἐν-

214 4881 421 4936 ταῦθα
442 4881 522 4944 δὲ,
569 4879 754 4950 ἐπειδὴ
798 4879 898 4932 οὐκ
932 4876 1218 4948 ἄνθρωπος
1255 4874 1414 4944 μόνον
1466 4871 1636 4933 ἐστὶν,
1689 4866 1826 4922 ἀλλά

217 4975 323 5031 καὶ
362 4971 508 5034 Θεὸς
541 4971 866 5044 προαιὼνιος
893 4973 921 5024 ὁ
959 4967 1387 5038 ἐνανθρωπήσας
1437 4962 1569 5026 Θεὸς
1629 4961 1822 5030 Λόγος,

213 5067 320 5120 τοῦ
357 5063 684 5136 σπέρματος
709 5064 803 5118 τοῦ
833 5062 996 5117 Δαϐὶδ
1023 5059 1405 5133 μνημονεύσας
1442 5059 1468 5109 ὁ
1501 5055 1643 5117 θεῖος
1665 5053 1827 5107 ’Λπό-

220 5161 472 5222 στολος,
520 5157 832 5226 ἀναγκαίως
886 5156 947 5208 τὺ
991 5153 1142 5208 κατὰ
1192 5150 1394 5219 σάρκα
1448 5147 1827 5222 προστέθεικε,

217 5251 440 5323 ααςςῶς
475 5252 623 5321 ἡμᾶς
655 5249 902 5316 διδάξας,
940 5247 1055 5311 πῶς
1088 5245 1186 5317 μὲν
1218 5243 1349 5306 Υἱός
1394 5241 1510 5293 ἐστι
1540 5236 1634 5292 τοῦ
1666 5237 1825 5304 Θεοῦ,

217 5344 349 5406 πῶς
382 5339 451 5394 δὲ
476 5338 570 5392 τοῦ
598 5338 761 5392 Διόὶδ
791 5338 1145 5410 ἐχρημάτισε.

299 5527 331 5566 8
375 5523 507 5576 Act.
557 5536 676 5584 xm,
707 5521 762 5575 2.
837 5521 866 5561 ιι
909 5516 1098 5573 Matth.
1131 5522 1184 5581 i,
1217 5517 1249 5570 2
1282 5531 1434 5587 seqq.

1918 3310 2109 3382 phetas
2158 3309 2302 3367 Deus
2346 3311 2507 3367 Pater
2565 3313 2818 3383 praedixit
2843 3331 2979 3386 quae
3009 3317 3076 3373 de
3114 3317 3254 3375 Filio
3305 3319 3490 3376 futura

1918 3409 2075 3457 erant
2111 3421 2124 3458 :
2181 3403 2275 3473 qui
2309 3404 2376 3458 ab
2403 3419 2469 3458 eo
2503 3412 2700 3458 natura
2749 3407 2968 3475 genitus
3008 3418 3134 3464 ante
3169 3413 3392 3477 saecula,
3431 3413 3493 3466 ti-

1919 3493 2030 3550 lius
2089 3495 2256 3550 etiam
2310 3494 2534 3553 Davidis
2585 3497 2890 3568 appellatus
2937 3507 3045 3566 est,
3082 3510 3141 3556 ut
3183 3505 3276 3572 qui
3307 3519 3372 3558 ex
3403 3519 3492 3560 se-

1918 3592 2067 3646 mine
2113 3591 2335 3646 Davidis
2386 3593 2678 3648 humanam
2729 3602 2979 3650 naturam
3030 3600 3320 3670 acceperit.
3355 3600 3491 3656 Cum

1920 3681 2105 3751 itaque
2171 3682 2432 3737 Davidem
2500 3683 2861 3748 meminisset,
2911 3690 3226 3744 necessario
3284 3692 3494 3747 addidit

1920 3770 2203 3826 secundum
2235 3788 2444 3826 carnem
2469 3787 2489 3827 :
2521 3788 2589 3827 ne
2613 3783 2808 3830 natura
2838 3776 3062 3846 quidem
3096 3777 3241 3834 ﬁlius
3268 3779 3494 3838 Davidis

1921 3864 2353 3929 existimaretur,
2402 3863 2498 3920 Dei
2542 3872 2724 3922 autem
2776 3868 3078 3924 secundum
3115 3872 3369 3941 gratiam.
3394 3874 3495 3929 llla

1921 3955 2066 4010 enim
2102 3955 2337 4025 adjectio
2359 3957 2641 4010 secundum
2662 3973 2916 4016 carnem:
2947 3959 3124 4012 innuit
3146 3961 3291 4029 quod
3319 3959 3415 4017 Dei
3442 3970 3496 4018 et

1920 4041 2100 4099 Patris
2127 4059 2252 4100 vero
2282 4051 2365 4100 est
2387 4043 2560 4101 Filius
2583 4047 2888 4102 secundum
2919 4047 3265 4106 divinitatem
3309 4050 3497 4122 Neque

1921 4135 2066 4190 enim
2112 4135 2168 4190 in
2211 4136 2299 4203 iis,
2331 4137 2428 4208 qui
2467 4137 2520 4193 id
2549 4146 2678 4194 sunt
2709 4141 2886 4195 solum
2919 4141 3066 4212 quod
3106 4143 3380 4208 videntur,
3412 4152 3498 4198 est

1924 4227 2169 4283 invenire
2194 4227 2467 4299 adjectum
2520 4229 2657 4286 illud
2709 4231 2991 4285 secundum
3016 4249 3246 4286 carnem.
3273 4235 3290 4254 ⁶
3317 4231 3497 4290 Testis

1923 4326 2006 4374 est
2039 4319 2236 4374 beatus
2268 4318 2554 4376 Mattbaeus
2588 4321 2958 4392 Evangelista.
2983 4322 3120 4377 Cum
3151 4324 3294 4378 enim
3327 4323 3499 4381 dixis-

1924 4417 2029 4475 set,
2059 4427 2078 4460 ι
2116 4408 2392 4465 Abraham
2438 4413 2628 4480 genuit
2665 4411 2937 4478 Isaacum,
2964 4411 3119 4466 Isaac
3167 4421 3349 4469 autem
3407 4434 3499 4486 ge-

1923 4499 2043 4554 nuit
2090 4497 2381 4566 Jacobum,
2433 4497 2609 4554 Jacob
2673 4508 2853 4552 autem
2907 4500 3096 4571 genuit
3143 4499 3338 4556 Judam
3384 4503 3434 4571 ιι,
3473 4525 3492 4555 ι

1922 4596 1977 4644 et
2002 4603 2219 4643 omnem
2259 4587 2522 4656 deinceps
2553 4586 2929 4659 genealogiam
2973 4597 3122 4646 esset
3151 4601 3495 4662 persecutus,

1922 4693 2196 4750 nusquam
2255 4677 2487 4743 addidit,
2536 4679 2818 4733 secundum
2869 4697 3101 4740 carnem.
3130 4683 3316 4755 Neque
3351 4687 3496 4740 enim

1925 4771 2057 4832 illis,
2084 4771 2177 4841 qui
2209 4781 2368 4826 erant
2397 4771 2500 4844 ipsi
2525 4770 2798 4841 homines,
2830 4772 3101 4845 ejusmodi
3139 4777 3499 4833 conveniebat

1925 4859 2151 4916 additio.
2179 4860 2280 4916 Hic
2317 4877 2467 4929 vero,
2496 4863 2756 4934 quoniam
2807 4880 2916 4920 non
2977 4867 3152 4921 solum
3201 4868 3362 4921 homo
3393 4879 3496 4934 est,

1927 4951 2023 5008 sed
2057 4960 2110 5008 et
2140 4953 2284 5008 Deus
2309 4962 2433 5008 ante
2462 4956 2684 5020 saecula,
2710 4955 2803 5026 qui
2841 4956 2942 5026 15
2979 4957 3141 5013 homo
3184 4957 3358 5015 factus
3397 4969 3498 5025 est,

1929 5043 2167 5100 Verbum
2221 5045 2384 5111 Deus,
2438 5061 2562 5100 cum
2621 5047 2852 5103 seminis
2885 5048 3104 5105 Davidis
3165 5051 3504 5109 meminisset

1931 5137 2148 5192 divinus
2173 5136 2490 5206 Apostolus,
2520 5139 2802 5192 secundum
2829 5154 3037 5193 carnem
3064 5143 3380 5199 necessario
3407 5144 3503 5200 ad-

1930 5230 2090 5296 didit,
2123 5241 2225 5284 nos
2269 5237 2462 5299 aperte
2497 5227 2702 5285 docens
2745 5230 3020 5299 quomodo
3050 5231 3143 5287 Dei
3173 5234 3390 5305 quidem
3430 5238 3504 5295 sit

1934 5319 2132 5386 Filius,
2167 5319 2444 5390 Quomodo
2479 5327 2660 5374 autem
2695 5318 2840 5376 ﬁlius
2860 5319 3086 5379 Davidis
3105 5323 3296 5384 ﬂictus
3322 5327 3416 5386 sit.

1523 5668 1754 5728 ΥΣΠΙΑΞ
1797 5665 2199 5724 LI‘ZCTIUNES.

298 5798 345 5829 ‘-“
390 5796 438 5850 Β
467 5795 560 5849 ἐπε
571 5793 778 5869 τημανά
786 5813 911 5867 μην.
