4074 6176
2 2611 8 2694 ξ

9 3355 20 3420 1

448 249 510 316 31
1464 277 1467 280 ·
1691 249 1918 333 ΟΕΝΤΙ
1928 242 2076 313 ΑΝΙῖ
2108 249 2446 311 HERVETI
3645 249 3712 310 32

1212 577 2975 806 THEODOBETI

1504 924 2654 1042 COMMENTARIUS
3450 1061 3462 1073 _

673 1184 874 1338 IN
987 1174 1638 1334 OMNES
1729 1171 2305 1330 PAULI
2439 1175 3503 1336 EPISTOLAS

466 385 3687 433 Μ

1464 1631 2041 1722 GENTIANI
2133 1627 2721 1728 HERVETI,

904 1845 1212 1894 REMENSIS
1252 1843 1570 1901 CANONICI,
1619 1842 2048 1888 COMMENTARII
2096 1841 2162 1890 IN
2209 1837 2397 1884 PAULI
2455 1837 2791 1884 EPISTOLAS
2856 1839 3290 1899 INTERPRETIS,

1606 2000 2000 2062 PREFATIO
2043 1999 2144 2058 AD
2177 1997 2599 2061 LECTOREM.

479 2310 543 2377 (‘)
585 2309 715 2365 Cum
757 2317 974 2364 reterem
1033 2306 1170 2362 Novi
1223 2309 1547 2364 Testamenti
1598 2312 1887 2366 versionem
1933 2322 1982 2366 et
2033 2312 2337 2384 longissimi
2397 2316 2648 2385 temporis
2689 2299 3092 2382 prwscriptione
3110 2316 3389 2378 munitam,
3421 2323 3470 2368 et
3505 2312 3730 2367 concilii-

476 2400 773 2454 Tridentini
811 2398 1131 2454 auctoritate
1156 2399 1529 2468 conﬁrmatam
1553 2415 1665 2455 esse
1693 2401 1943 2467 viderem,
1973 2402 2029 2456 in
2063 2399 2390 2455 traducendo
2429 2400 2754 2454 Theodoram
2786 2415 2902 2453 eam
2931 2401 3077 2468 sequi
3135 2401 3263 2453 mihi
3289 2410 3534 2469 perpetuo
3562 2401 3738 2452 visum

472 2497 568 2542 est.
604 2486 704 2542 Sed
730 2490 977 2558 quoniam
1002 2503 1378 2556 nonnunquam
1412 2502 1511 2540 usu
1541 2488 1796 2554 veniebat,
1831 2499 1889 2542 ut
1924 2489 2080 2543 aliter
2110 2488 2300 2558 legeret
2359 2487 2736 2554 Theodoretus,
2768 2488 2926 2541 aliter
2981 2497 3164 2540 nostra
3196 2487 3406 2541 haberet
3439 2487 3624 2546 editio,
3681 2493 3733 2537 et

474 2576 788 2645 quandoque
823 2575 1002 2630 (ἔνια-ε
1032 2575 1174 2645 plus,
1217 2576 1531 2645 quandoque
1566 2575 1740 2629 minus
1770 2593 1926 2646 quam
1957 2576 2146 2630 Latine
2178 2576 2456 2646 legeretur,
2483 2575 2538 2629 id
2574 2575 2704 2630 mihi
2733 2577 2902 2630 nisum
2929 2584 3008 2629 est
3058 2574 3353 2628 notandum
3382 2576 3436 2627 in
3469 2575 3728 2643 margine.

478 2661 648 2716 Porro
676 2673 853 2717 autem
885 2665 1138 2734 quoniam
1172 2661 1358 2717 Gra'ca
1383 2679 1502 2716 cum
1530 2660 1741 2716 Latinis
1770 2664 2068 2733 conferens,
2099 2663 2360 2719 nonnulla
2395 2681 2512 2735 qua:
2542 2673 2682 2718 recte
2712 2663 2912 2733 alioqui
2937 2680 3086 2717 rersa
3127 2672 3301 2728 erant,
3335 2663 3494 2716 aliter
3530 2662 3733 2731 signifi-

477 2751 686 2804 cantius
708 2751 815 2804 dici
834 2751 1070 2819 potuisse
1108 2750 1575 2816 animavertebam,
1608 2750 1721 2819 ejus
1744 2768 1944 2823 quoque
1977 2753 2052 2806 rei
2084 2751 2357 2806 Lectorem
2397 2750 2790 2806 admonendum
2827 2767 2940 2804 esse
2970 2751 3174 2810 censui,
3206 2759 3256 2804 et
3301 2759 3359 2804 ut
3393 2751 3445 2803 in
3476 2765 3537 2803 ea
3572 2764 3627 2801 re
3655 2763 3734 2800 me

478 2838 704 2907 fideliter
731 2849 780 2892 et
808 2839 1006 2908 integre
1034 2847 1300 2893 versatum
1332 2836 1664 2909 intelligeret,
1690 2847 1739 2890 et
1769 2838 1908 2908 quod
1942 2837 2121 2894 Greece
2173 2839 2417 2903 habetur,
2448 2850 2498 2894 et
2544 2839 2807 2910 quomodo
2853 2839 2982 2892 mihi
3027 2839 3355 2892 commodius
3406 2838 3540 2891 verti
3584 2852 3735 2904 posse

479 2924 739 2988 rideatur,
763 2924 1031 2990 adnotavi,
1065 2924 1119 2978 id
1151 2927 1351 2979 interea
1383 2923 1660 2980 doctorum
1688 2927 1918 2981 virorum
1937 2927 2144 2997 judicio
2178 2928 2494 2998 relinquens.
2524 2931 2638 2983 Hoc
2665 2937 2842 2981 autem
2878 2927 2979 2996 fuit
3005 2927 3302 2981 necessario
3327 2924 3650 2995 faciendum,
3677 2939 3738 2975 ne

479 3011 534 3064 id
563 3011 690 3064 mihi
709 3013 954 3073 eveniret,
984 3011 1123 3080 quod
1155 3011 1494 3082 aliquotaliis
1515 3013 1728 3068 minime
1751 3012 2145 3069 contemnendis
2195 3016 2394 3087 alioqui
2437 3016 2813 3086 interpretibus
2867 3015 2979 3085 qui,
3019 3014 3145 3067 dum
3199 3023 3416 3068 veterem
3460 3012 3737 3065 editionem

481 3109 728 3168 perpetuo
741 3108 1098 3168 sequerentur,
1121 3115 1212 3151 nec
1239 3099 1286 3152 si
1313 3098 1437 3166 quid
1459 3099 1637 3154 Graece
1659 3101 1981 3166 discreparet
2000 3103 2054 3155 in
2071 3119 2130 3156 eo
2147 3119 2297 3172 quem
2323 3104 2812 3172 interpretabantur
2836 3110 3073 3164 auctore,
3099 3099 3368 3154 Lectorem
3398 3100 3739 3158 admonuere,

484 3188 648 3239 Pauli
685 3202 835 3254 quem
885 3184 1072 3238 Latine
1105 3185 1353 3239 habemus
1382 3187 1652 3240 contextui
1681 3188 1997 3242 dissimilem
2026 3190 2512 3259 interpretationem
2541 3205 2916 3257 nonnunquam
2939 3188 3296 3248 ettulere:ut,
3324 3203 3423 3254 quo
3462 3186 3595 3238 nihil
3631 3201 3742 3237 esse

483 3281 652 3339 potest
687 3271 994 3338 absurdius,
1031 3271 1180 3326 aliud
1209 3272 1418 3343 quidem
1448 3273 1640 3329 diceret
1670 3274 1900 3336 Paulus,
1933 3276 2035 3344 ipsi
2067 3293 2183 3330 vero
2219 3275 2370 3330 aliud
2391 3284 2729 3346 exponerent.
2777 3274 2972 3340 Habes,
3004 3272 3210 3334 Lector,
3244 3275 3342 3334 mei
3376 3275 3428 3326 in
3469 3273 3563 3325 hoc
3593 3288 3743 3338 opere

485 3359 696 3413 consilii
735 3359 1016 3420 rationem.
1051 3378 1208 3430 quam
1249 3379 1396 3432 wquo
1429 3364 1608 3416 animo
1641 3364 1837 3433 accipe,
1867 3373 1915 3416 et
1951 3362 2275 3420 Theodoreto
2315 3374 2518 3430 nostro,
2560 3364 2826 3418 succincte
2859 3361 3089 3432 quidem.
3147 3360 3237 3414 sed
3273 3378 3374 3414 non
3410 3363 3584 3414 minus
3637 3360 3743 3414 ele-

485 3455 670 3515 ganter
697 3465 850 3518 quam
884 3449 986 3516 pie,
1017 3447 1174 3502 Pauli
1194 3465 1404 3502 sensum
1437 3450 1753 3516 explicante,
1790 3460 1840 3505 et
1883 3453 2173 3505 sententias
2223 3453 2520 3516 sententiis,
2569 3451 2709 3523 quod
2748 3453 2802 3505 in
2861 3450 3035 3504 Paulo
3088 3451 3294 3504 videtur
3351 3449 3742 3520 difﬁcillimum,

490 3535 625 3588 miro
648 3537 876 3605 artiﬁcio
894 3545 1230 3590 connectente
1259 3537 1455 3606 fruere.
1490 3536 1624 3592 Cum
1655 3548 1831 3593 autem
1859 3555 1924 3594 ea:
1947 3539 2062 3608 ejus
2095 3539 2315 3594 lectione
2351 3557 2454 3594 non
2483 3556 2694 3609 parum,
2746 3548 2803 3592 ut
2835 3555 3009 3607 spero.
3064 3539 3272 3608 fructus
3330 3539 3611 3602 acceperis,
3640 3553 3745 3589 me~

490 3633 661 3676 mento
686 3633 733 3677 te
750 3625 856 3678 viro
880 3625 929 3677 in
955 3625 1138 3690 primis
1163 3624 1460 3690 reverenda,
1479 3635 1527 3679 et
1543 3625 1610 3678 ad
1629 3627 1849 3695 fovenda
1870 3638 1916 3681 et
1934 3628 2289 3696 promovenda
2314 3628 2589 3682 doctorum
2611 3627 3037 3681 virorumstudia
3059 3635 3204 3685 nato.
3231 3623 3489 3678 Marcello
3508 3622 3743 3678 Cereino.

490 3710 757 3764 rardinali
795 3710 1006 3765 Sancta:
1037 3710 1248 3773 Crucis,
1277 3727 1396 3765 eum
1427 3722 1700 3781 acceptum
1744 3715 1879 3783 ferre
1913 3715 2116 3780 debere,
2163 3715 2253 3784 qui
2296 3725 2342 3768 et
2386 3731 2503 3768 eum
2566 3712 2748 3767 Gra‘ce
2792 3712 3255 3767 transcribendum
3299 3710 3520 3774 curarit,
3590 3725 3758 3778 eoque-

495 3799 624 3852 mihi
681 3799 969 3853 liberaliter
1007 3800 1418 3865 communicato,
1447 3811 1502 3854 ut
1528 3817 1645 3855 eum
1685 3799 1868 3856 Latine
1902 3812 2148 3857 verterem
2173 3812 2356 3856 auctor
2386 3804 2510 3872 fuit.
2546 3802 2677 3857 Cum
2714 3802 2810 3854 hoc
2852 3817 2979 3870 Opus
3026 3801 3204 3854 rellem
3256 3800 3308 3852 in
3367 3799 3529 3851 lucem
3579 3797 3748 3861 edere,

495 3886 772 3940 admonuit
804 3903 883 3940 me
911 3886 1203 3940 Guilelmus
1231 3885 1478 3948 Sirletus.
1513 3889 1592 3939 eir
1641 3886 1820 3942 Grrece
1840 3898 1888 3942 et
1919 3888 2104 3942 Latine
2131 3891 2494 3952 doctissimus,
2534 3902 2581 3944 et
2606 3890 2890 3959 multiplici
2927 3906 3102 3944 rerum
3139 3888 3435 3958 cognitione
3471 3886 3746 3956 pra'ditus,

494 3973 783 4028 desiderari
805 3973 856 4026 in
888 3978 982 4026 hoc
1013 3974 1387 4026 commentario
1415 3972 1470 4027 id
1497 3973 1634 4043 quod
1660 3990 1724 4026 ea:
1775 3991 1834 4029 eo
1864 3978 1992 4029 citat
2020 3977 2172 4030 divus
2210 3978 2440 4032 Thomas
2473 3979 2707 4045 Aquinas
2738 3979 2790 4030 in
2813 3994 2964 4045 opere
2981 3976 3255 4030 Adversus
3289 3989 3504 4029 errores
3534 3972 3752 4027 Graaco-

497 4079 648 4137 rum,
681 4063 749 4115 ad
778 4061 1107 4128 probandum
1143 4061 1313 4132 ignem
1341 4063 1730 4133 purgatorium,
1759 4061 2038 4133 allegando
2064 4081 2177 4133 ejus
2215 4065 2368 4118 verba
2393 4067 2490 4119 hoc
2537 4065 2712 4118 modo.
2762 4084 2779 4115 ι
2809 4063 3164 4118 Theodoretus
3195 4049 3468 4130 episcopus
3509 4059 3757 4130 (Tyrensis

496 4165 653 4217 super
681 4148 816 4202 illud
834 4147 863 4202 I
884 4148 1006 4203 Cor.
1029 4147 1090 4202 Si
1116 4149 1266 4218 cujus
1283 4165 1412 4219 opus
1439 4151 1652 4212 arserit,
1677 4160 1808 4216 elc.,
1830 4152 1904 4203 sic
1931 4150 2057 4204 dicit
2078 4151 2252 4206 :Dicit
2281 4152 2558 4221 Apostolus
2579 4151 2718 4222 quod
2744 4153 3039 4205 salvabitur
3064 4167 3155 4221 per
3175 4150 3550 4219 conflatorium
3588 4149 3756 4217 ignem

496 4247 810 4306 purgantem
854 4239 1111 4310 quidquid
1140 4240 1400 4294 interimit
1434 4255 1526 4309 per
1549 4240 1815 4293 cautelam
1853 4242 2137 4308 pra'terita:
2185 4241 2306 4294 ritas
2334 4255 2398 4293 ea:
2426 4239 2633 4308 pulvere
2666 4240 2853 4294 saltem
2899 4240 3085 4308 pedum
3126 4239 3316 4292 terreni
3348 4254 3552 4300 sensus,
3584 4237 3637 4289 in
3656 4251 3762 4304 quo

498 4326 686 4379 tandiu
719 4335 894 4381 manet
938 4327 1192 4398 quidquid
1225 4328 1565 4396 carpulentia:
1596 4337 1645 4383 et
1675 4329 1867 4382 terreni
1909 4327 2126 4396 affectus
2166 4327 2372 4381 inhresit
2405 4337 2680 4396 purgetur,
2715 4344 2812 4390 pro
2842 4344 2944 4396 quo
2989 4338 3157 4381 mater
3197 4326 3439 4380 Ecclesia
3470 4325 3674 4377 hostias
3707 4330 3758 4374 et

497 4414 639 4468 dona
673 4416 900 4484 paciﬁca
943 4417 1121 4471 devote
1148 4417 1322 4486 offert,
1353 4427 1401 4470 et
1435 4419 1513 4472 sic
1543 4434 1632 4484 per
1658 4420 1755 4471 hoc
1784 4418 2009 4470 mundus
2041 4415 2160 4469 inde
2174 4415 2320 4483 prius
2345 4415 2546 4477 exiens,
2578 4413 2794 4468 Domini
2820 4414 3056 4470 Sabaoth
3079 4414 3386 4482 purissimis
3435 4410 3602 4464 oculis
3653 4409 3753 4459 im-

444 4497 446 4500 ’
500 4503 800 4556 maculatus
830 4505 1055 4560 assistit.
1078 4525 1095 4557 ι
1135 4504 1310 4574 Hujus
1342 4507 1438 4573 rei,
1470 4505 1651 4568 lector,
1674 4515 1720 4560 te
1753 4504 2139 4558 admonendum
2165 4519 2276 4559 esse
2305 4503 2508 4568 censui,
2540 4511 2595 4555 ut
2619 4503 2671 4555 id
2702 4503 2754 4555 in
2781 4511 2962 4556 nostro
2999 4501 3230 4567 defuisse
3255 4497 3544 4561 exemplari
3565 4494 3751 4547 in'elli-

497 4606 614 4657 gas,
661 4606 753 4643 nec
779 4590 937 4658 ﬁdem
959 4607 1148 4650 meam.
1173 4608 1331 4660 quam
1366 4594 1416 4646 in
1450 4593 1840 4661 interpretando
1863 4609 1942 4645 me
1979 4592 2286 4658 prtestitisse
2331 4591 2580 4655 arbitror,
2613 4589 2896 4644 desideres.
2934 4587 3000 4640 Ut
3030 4598 3202 4639 autem
3223 4585 3339 4653 quis
3353 4594 3402 4637 et
3428 4592 3654 4653 quantus
3681 4582 3757 4634 rir

505 4677 662 4744 fuerit
696 4676 1076 4741 Theodoretus,
1111 4687 1159 4730 et
1191 4680 1404 4748 quantis
1436 4680 1576 4749 falso
1602 4680 1884 4734 calumniis
1913 4683 2172 4748 appetitus
2201 4682 2490 4749 intelligas,
2521 4679 2774 4746 subjunxi
2805 4680 2939 4730 duas
2967 4675 3223 4743 epistolas
3255 4673 3355 4740 (1),
3388 4689 3549 4725 unam
3590 4671 3755 4738 ipsius

508 4765 822 4821 Theodoreti
866 4767 934 4820 ad
980 4765 1200 4820 Leonem
1253 4766 1548 4821 Romanum
1599 4771 1897 4838 pontificem
1937 4785 2002 4823 ex
2037 4770 2203 4836 ipsius
2254 4765 2565 4820 Theodoreti
2611 4765 2866 4829 epistolis,
2897 4779 3012 4832 qute
3041 4763 3093 4813 in
3139 4759 3453 4813 bibliotheca
3503 4758 3757 4811 Vaticana

506 4854 763 4908 habentur
785 4865 1074 4925 acceptam,
1106 4855 1330 4908 alterum
1355 4853 1543 4908 Leonis
1573 4855 1640 4907 ad
1667 4857 1905 4908 eumdem
1932 4855 2314 4907 Theodoretum
2351 4854 2438 4918 qui
2472 4852 2612 4918 falso
2637 4852 2891 4904 scribitur
2919 4849 3281 4904 Theodoricus
3312 4847 3427 4914 (‘2);
3468 4863 3584 4916 qua!
3607 4847 3758 4915 facile

507 4943 778 4998 declarant
805 4944 1186 5012 Theodorqtum
1206 4944 1370 5013 fuisse
1411 4944 1582 4997 virum
1613 4951 1659 4996 et
1697 4943 1950 5016 optimum
1973 4951 2021 4993 et
2051 4941 2204 5007 longe
2235 4937 2626 4999 doctissimum,
2682 4947 2730 4989 et
2765 4937 2902 5006 quod
2968 4938 3204 4990 maxime
3254 4934 3440 5002 refert,
3475 4935 3528 4987 in
3576 4935 3764 5004 primis

512 5031 880 5089 orthodorum.
928 5033 1051 5088 Vale
1083 5042 1132 5088 et
1177 5034 1368 5101 fruere.

587 5209 650 5278 (')
684 5207 1012 5264 Sirmuudus
1043 5224 1166 5263 cum
1205 5207 1736 5278 niaximanrpgirtem
1770 5201 2108 5278 [imitationis
2139 5199 2481 5278 I_lervetia_n:e
2523 5201 2709 5278 nescio
2750 5216 2858 5278 qua
2903 5201 3165 5278 depensa
3197 5202 3661 5278 prmtermisisset.
3683 5197 3761 5278 _\'iv

513 5270 642 5401 $.65
689 5287 771 5399 ἵει
811 5295 928 5331 eam
983 5280 1071 5398 |;ic
1119 5279 1388 5348 integram
1429 5270 1704 5339 exhiberi,
1738 5270 2042 5344 praesertim
2075 5271 2201 5340 quia
2265 5271 2509 5324 continet
2540 5270 2690 5339 plura
2717 5271 2781 5324 ad
2816 5271 3253 5342 perspiciendam
3286 5273 3556 5328 rationem
3595 5275 3763 5323 textum

606 5362 688 5400 em
714 5349 847 5401 m-eli
892 5363 987 5401 nro
1019 5359 1201 5401 utura.

606 5357 847 5401 eodureli
892 5357 1201 5414 pratulum.

587 5418 665 5488 li)
699 5419 790 5488 [ire
825 5413 924 5471 sum
951 5419 1071 5488 loco
1105 5418 1246 5473 inter
1272 5426 1501 5474 caeteras
1533 5415 1796 5488 epistolas
1829 5413 2194 5488 reperientur.

587 5483 666 5557 (2)
705 5485 934 5542 Videtur
959 5486 1228 5544 llervelus
1259 5489 1501 5544 scribere
1531 5481 1773 5544 voiuissc
1809 5506 1820 5540 :
1854 5481 2191 5539 Adcumdcm
2228 5482 2606 5538 'I'heodorctum
2645 5483 2735 5552 qui
2763 5482 2902 5552 falso
2937 5483 3189 5540 scribitur
3224 5481 3590 5538 Theodoritus.
