4074 6176
412 216 484 282 39

1399 199 1888 268 THEODORETI
1919 203 2262 268 EPISCOPI
2288 203 2657 270 CYRENSIS
2698 216 2708 228 '

3610 210 3682 282 ιο

411 328 735 394 cedonibus,
760 337 826 382 er
840 322 1291 388 Atheniensibus,
1309 329 1364 378 et
1391 319 1718 385 Corinthiis,
1744 326 1803 374 ut
1830 313 1988 374 docet

2099 320 2234 390 μετὰ
2255 321 2315 375 τὸ
2346 321 2579 394 κηρῦξαι
2611 310 2910 393 Μακεδόσι,
2946 325 3038 380 καὶ
3077 319 3406 399 Ἇθηναιοις,
3445 327 3538 383 καὶ
3569 329 3683 386 Κοδ

415 421 645 474 historia
697 421 943 474 ActunnL
979 415 1380 488 apostolorum.
1421 411 1730 466 Secundam
1769 427 1990 481 quoque

419 511 480 565 ad
507 509 830 580 Corinthios
868 514 991 578 post
1041 521 1160 560 eam
1211 506 1478 575 scriptam
1528 517 1650 558 esse
1703 503 1988 556 existimo.

416 609 550 663 Cum
598 607 766 670 enim,
800 613 859 658 ut
911 585 1030 657 erat
1075 600 1383 672 pollicitus,
1421 597 1488 651 ad
1541 613 1638 652 eos
1672 598 1906 660 veniret,
1937 604 1992 650 et

417 701 754 770 aliquantum
789 695 1052 764 temporis
1089 694 1144 746 in
1186 690 1506 745 Macedonia
1555 688 1801 751 duceret,
1839 688 1992 742 illinc

417 792 660 862 scripsit.
696 789 758 842 Et
811 787 916 842 hoc
960 800 1157 840 rursus
1211 783 1266 837 in
1311 781 1500 838 eadem
1542 779 1777 850 epistola
1811 780 1994 834 decla—

418 885 580 938 ravit.
606 883 741 935 Cum
770 882 916 936 enim
955 893 1094 948 quas
1124 877 1182 930 in
1211 875 1340 929 Asia
1372 884 1427 929 et
1458 874 1515 927 in
1546 871 1765 928 Troade
1789 872 1994 928 subiis-

415 985 500 1033 set
526 976 846 1031 amictiones
886 978 1196 1034 narrasset,
1235 984 1467 1039 pergens
1501 967 1556 1020 in
1592 965 1774 1021 medio
1802 965 1937 1020 dicit
1974 983 1990 1024 :

421 1091 438 1122 ι
473 1069 607 1122 Nam
635 1077 688 1122 et
715 1083 840 1122 eum
874 1067 1222 1121 venissemus
1259 1063 1313 1116 in
1349 1059 1752 1124 Macedoniam,
1783 1059 1990 1112 nullam

413 1164 652 1232 quietem
695 1159 886 1214 habuit
918 1174 1048 1211 caro
1090 1165 1279 1211 nostra
1321 1175 1334 1210 :
1369 1153 1464 1208 sed
1495 1157 1716 1208 omnem
1756 1152 1991 1207 tribula—

414 1258 616 1311 tionem
651 1257 798 1326 passi
855 1269 1067 1308 stnnus.
1095 1250 1254 1305 Foris
1292 1262 1506 1319 pugnae,
1547 1247 1700 1300 intus
1741 1245 1993 1299 timores;

417 1345 522 1399 Sed
549 1347 640 1414 qui
683 1344 1002 1397 consolatur
1036 1340 1294 1399 humiles,
1330 1338 1649 1392 consolatus
1686 1348 1772 1389 εει
1801 1349 1902 1388 nos
1937 1335 1990 1386 in

415 1437 652 1492 adventu
679 1435 806 1489 Titi.
829 1433 947 1487 Non
971 1432 1148 1487 solum
1179 1439 1362 1483 autem
1393 1428 1446 1481 in
1474 1425 1765 1496 praesentia
1795 1426 1990 1495 ipsius,

415 1529 509 1584 sed
543 1528 709 1583 etiam
759 1527 812 1580 in
864 1523 1264 1582 consolatione,
1297 1535 1404 1589 qua
1452 1519 1775 1574 consolatus
1803 1526 1888 1571 est
1936 1515 1992 1570 in

417 1621 570 1677 vobis
604 1621 648 1672 ⁸.
687 1638 705 1670 ›
757 1617 821 1670 Et
851 1631 1046 1671 rursus
1081 1633 1094 1669 :
1138 1633 1155 1664 ι
1191 1611 1389 1670 Notam
1438 1620 1620 1666 autem
1658 1608 1817 1664 vobis
1855 1607 1992 1662 faci-

2099 413 2342 485 ρινθίοις,
2374 414 2622 483 ἀφίκετο,
2655 415 2732 479 ὡς
2766 417 2798 487 ἡ
2834 415 2942 470 τῶν
2982 418 3245 490 Πράξεων
3293 422 3504 493 ἱστορία
3533 416 3682 475 διδά-

2100 522 2238 560 σκει.
2297 508 2407 560 Καὶ
2450 507 2548 578 τὴν
2589 507 2848 580 δευτέραν
2899 509 2954 562 δὲ
3009 511 3146 584 πρὸς
3175 512 3500 583 Κορινθίους
3542 518 3682 584 μετὰ

2097 599 2301 671 ταύτην
2330 601 2572 672 ἡγοῦμαι
2602 602 2930 674 γεγράφθαι.
2970 593 3128 658 Κατᾶ
3167 607 3278 677 γὰρ
3315 606 3382 678 δὴ
3415 611 3514 672 τας
3553 609 3685 663 ὑπο-

2101 693 2332 762 σχέσεις,
2370 695 2506 766 πρὸς
2547 695 2744 757 αὐτοὺς
2777 695 3200 769 ἀφικνούμενος,
3232 700 3331 752 καὶ
3363 703 3595 774 σμικρὸν
3625 704 3684 756 ὲν
3767 717 3774 724 ·

2096 786 2163 854 τῇ
2191 785 2499 857 Μακεδονίᾳ
2529 787 2718 860 χρόνον
2749 787 2971 856 διάγων,
3001 789 3210 843 ἐκεῖθεν
3249 791 3549 858 ἐπέστειλε,
3588 798 3683 848 καὶ

2097 875 2255 946 τοῦτο
2285 876 2447 932 πάλιν
2481 879 2538 930 ἐν
2567 878 2703 949 αὐτῇ
2734 881 2798 949 τῇ
2825 878 3080 950 ἐπιστολῇ
3111 880 3405 951 δεδήλωκε.
3437 884 3545 954 Τὰς
3573 887 3684 958 γάρ
3710 861 3719 874 κ

2099 969 2239 1021 κατὰ
2275 968 2376 1039 τὴν
2405 968 2592 1022 Ἀσίαν
2613 968 3010 1040 διηγησάμενος
3035 970 3264 1040 θλίψεις,
3286 973 3380 1026 καὶ
3413 975 3556 1028 κατὰ
3583 976 3683 1046 τὴν

2099 1059 2346 1131 Τρωάδα,
2371 1059 2655 1126 διεξελθὼν
2681 1061 2740 1132 ἐν
2771 1061 3034 1133 τῷμέσῳ
3055 1059 3215 1135 φησί’
3256 1083 3275 1118 ι
3314 1065 3425 1118 Καὶ
3458 1067 3566 1138 γὰρ
3599 1067 3682 1121 ἐλά

2099 1152 2299 1206 θδντων
2333 1151 2491 1222 ἡμῶν
2520 1155 2599 1214 είς
2628 1153 2991 1218 Μακεδονίαν,
3023 1155 3283 1227 οὐδεμίαν
3306 1157 3490 1212 ἄνεσιν
3521 1158 3683 1230 ἔσχη-

2100 1263 2192 1298 κεν
2225 1247 2257 1315 ὴ
2289 1244 2426 1316 σὰρξ
2450 1243 2628 1316 ήμῶν,
2652 1243 2767 1298 ἀλλ’
2793 1246 2851 1299 ἐν
2896 1246 3062 1300 παντὶ
3102 1246 3410 1319 θλιϐόμενοι
3439 1267 3452 1280 ·
3482 1250 3680 1314 ἔξωθεν

2103 1337 2297 1406 μάχαι,
2331 1336 2530 1390 ἔσωθεν
2557 1336 2729 1406 φόϐοι·
2764 1337 2880 1392 ἀλλ’
2910 1341 2938 1392 6
2979 1341 3316 1411 παρακαλῶν
3344 1343 3469 1406 τοὺς
3497 1361 3682 1396 ταπει-

2099 1429 2224 1492 νοὺς
2254 1429 2629 1499 παρεκάλεσεν
2677 1431 2823 1500 ἡμᾶς
2868 1433 2925 1483 ἐν
2957 1436 3022 1503 τῇ
3053 1434 3331 1504 παρουσίᾳ
3381 1435 3542 1488 Τίτου
3575 1453 3588 1465 ·
3619 1437 3679 1489 οὐ

2103 1521 2262 1591 μόνον
2293 1521 2348 1573 δὲ
2383 1521 2439 1573 ἐν
2467 1523 2532 1592 τῇ
2561 1523 2834 1594 παρουσίᾳ
2855 1523 3042 1590 αὑτοῦ,
3079 1525 3215 1579 ἀλλά
3257 1517 3352 1579 καὶ
3392 1529 3449 1580 ἐν
3477 1530 3542 1599 τῇ
3575 1547 3680 1580 πα-

2103 1610 2365 1682 ρακλήσει
2487 1613 2900 1683 παρακέκληται
2957 1617 3042 1684 sep“
3077 1617 3224 1686 ὑμῖν.
3268 1637 3286 1670 ι
3330 1619 3440 1670 Καὶ
3483 1619 3676 1674 πάλιν·

416 1729 539 1768 nius
583 1713 784 1782 fratres
823 1710 1056 1780 gratiam
1112 1706 1206 1761 Dei
1261 1705 1444 1758 datam
1501 1701 1769 1757 Ecclesiis
1811 1700 1986 1756 Mace-

2114 1722 2131 1754 ι
2166 1703 2508 1772 Γνωρίξομεν
2529 1704 2550 1734 ι
2574 1703 2630 1757 δὲ
2647 1704 2796 1774 ὑμῖν,
2822 1706 3060 1775 ἀδελφοὶ,
3079 1708 3179 1778 τὴν
3201 1709 3362 1779 χάριν
3391 1709 3484 1762 τοῦ
3517 1709 3675 1773 Θεοῦ,

416 1805 612 1858 donize.
653 1823 672 1854 ›
723 1803 785 1856 Et
815 1816 1056 1854 rursus:
1111 1817 1128 1848 ι
1169 1795 1244 1852 Nc
1296 1812 1420 1850 cum
1475 1795 1726 1850 venerint
1778 1808 1992 1848 meeum

418 1893 737 1947 Macedones
763 1891 813 1944 ιι.
860 1908 879 1942 ›
921 1887 1181 1954 Quintam
1250 1887 1516 1955 scriptam
1580 1898 1706 1940 esse
1735 1882 1994 1937 existimo

416 1985 652 2055 priorem
692 1981 758 2036 ad
808 1980 1180 2035 Timotheum.
1229 1977 1360 2032 Post
1393 1976 1443 2046 5
1487 1975 1816 2047 prooemium
1845 1974 1990 2029 enim

416 2083 433 2099 ‘
469 2077 605 2132 dicit
635 2094 647 2131 :
675 2093 692 2126 ι
728 2069 1091 2142 Sicutrogavi
1111 2079 1162 2124 te
1196 2077 1254 2123 ut
1287 2082 1605 2122 remancres
1633 2067 1837 2136 Ephesi
1865 2081 1991 2120 cum

416 2170 553 2224 irem
597 2169 653 2223 in
706 2165 1080 2220 Macedoniam
1111 2160 1155 2216 ί.
1199 2181 1216 2212 ι
1262 2160 1426 2214 Docet
1471 2168 1651 2213 autem
1691 2174 1794 2212 nos
1825 2158 1991 2213 etiam

417 2263 650 2315 Actuum
704 2257 958 2320 historia,
991 2255 1136 2324 qqu
1191 2253 1413 2322 quando
1469 2251 1704 2320 primum
1742 2250 1890 2304 venit
1936 2249 1992 2302 in

417 2351 813 2414 Macedoniam,
864 2348 1106 2402 nondum
1160 2344 1382 2416 quidem
1422 2341 1699 2412 Ephesum
1744 2349 1991 2396 venerat.

420 2466 438 2498 ι
478 2443 748 2499 Prohihiti
791 2441 964 2505 enim,
1001 2440 1203 2508 inquit,
1237 2437 1456 2492 fuerant
1513 2452 1542 2488 a
1581 2433 1789 2504 Spiritu
1845 2434 1994 2504 loqui

415 2540 643 2594 verbum
690 2537 744 2598 in
793 2533 922 2588 Asia
957 2530 1002 2585 ἱ.
1056 2550 1073 2582 ι
1127 2530 1332 2584 Aderat
1373 2537 1556 2581 autem
1607 2543 1716 2581 una
1771 2543 1895 2581 cum
1929 2541 1995 2582 eo

413 2630 578 2686 etiam
636 2625 976 2680 Timotheus.
1045 2621 1204 2690 Quod
1269 2627 1456 2690 aperte
1536 2633 1757 2689 quoque
1835 2617 1995 2672 docet

415 2720 647 2776 Aetuum
719 2717 977 2771 historia.
1015 2713 1150 2768 Nam
1209 2727 1336 2766 cum
1394 2709 1567 2764 Judaei
1635 2724 1701 2764 ex
1753 2705 1994 2762 Thessa-

417 2813 594 2868 lonica
642 2809 956 2886 Berrhmam
1008 2805 1324 2868 venissent,
1362 2810 1415 2857 et
1453 2798 1864 2855 multitudinem
1927 2799 1993 2852 ad

416 2902 744 2958 seditionem
779 2899 1180 2958 concitassent,
1205 2893 1433 2948 divinus
1451 2891 1674 2962 quidem
1693 2890 1994 2961 Apostolus

414 2995 655 3051 Athenas
705 2990 980 3060 navigavit
1031 3007 1044 3042 :
1104 3006 1123 3038 ι
1161 2984 1486 3040 Manserunt
1537 2993 1743 3046 autem,
1786 2983 1988 3052 inquit,

418 3083 561 3140 Silas
599 3089 654 3138 et
694 3079 1020 3133 Timotheus
1068 3077 1181 3130 illic
1207 3077 1256 3129 ιι.
1302 3094 1320 3126 ι
1362 3073 1428 3127 Et
1481 3089 1696 3138 rursus,
1729 3089 1856 3127 cum
1905 3089 1988 3138 ea,

415 3191 541 3248 quae
573 3172 822 3229 Corinthi
857 3181 977 3225 acta
1021 3179 1172 3236 sunt,
1218 3165 1458 3236 scriptor
1487 3172 1758 3230 narraret,
1791 3172 1844 3218 et
1893 3165 1994 3218 do-

367 3257 372 3264 ’
416 3273 566 3322 ceret
596 3259 877 3333 quomodo
903 3258 1134 3325 divinus
1179 3255 1482 3327 ApOstolus
1531 3255 1584 3310 in
1617 3270 1895 3327 synagoga
1939 3255 1993 3308 in

417 3357 571 3412 omni
607 3354 851 3409 Sabbato
882 3350 1156 3415 docuerit,
1192 3357 1246 3404 et
1275 3347 1426 3418 quod
1456 3345 1662 3402 Judzeis
1693 3357 1748 3402 et
1789 3345 1994 3402 Graecis

417 3445 780 3519 persuaserit,
828 3439 1124 3510 subiunxit
1159 3458 1172 3494 :
1218 3457 1236 3490 ι
1279 3437 1581 3519 Postquam
1615 3446 1796 3492 autem
1834 3452 1996 3492 vcne-
2031 3463 2034 3466 ⁴

417 3517 550 3598 runt
601 3553 668 3593 ex
700 3533 1022 3591 Macedonia
1066 3529 1213 3586 Silas
1264 3539 1318 3586 et
1365 3517 1714 3595 Timotheus,
1751 3528 1994 3584 instabat

417 3617 590 3691 verbo
648 3629 877 3690 Paulus.
933 3625 1236 3680 testitlcans
1293 3620 1536 3690 Judasis,
1618 3620 1804 3677 Jesum
1872 3635 2005 3676 esse

419 3723 698 3782 Christum
723 3717 770 3772 ι.
812 3739 832 3773 ι
865 3717 1089 3772 Clarum
1141 3723 1228 3771 est
1276 3730 1409 3787 ergo
1448 3715 1620 3786 quod,
1648 3713 1870 3786 quando
1911 3729 1997 3769 se-

419 3813 601 3871 cundo
643 3827 711 3867 ex
737 3808 955 3880 Epheso
997 3795 1145 3864 venit
1182 3807 1377 3862 beatus
1412 3805 1618 3860 Paulus
1654 3806 1709 3860 in
1743 3803 1996 3858 Macedo—

419 3908 566 3962 niam
598 3944 616 3970 ,
655 3912 785 3956 tunc
839 3899 953 3953 illic
999 3885 1266 3967 optim-um
1323 3894 1675 3949 Timotheum
1729 3894 1992 3961 reliquit,

419 3981 710 4054 ut‘eorum
752 4006 943 4046 curam
991 3998 1224 4062 gereret,
1267 3988 1360 4058 qui
1395 3987 1694 4043 salutarem
1727 3985 1995 4055 przedica—

419 4088 624 4142 tionem
657 4089 1033 4152 susceperant.
1063 4079 1196 4134 Post
1232 4079 1396 4144 hanc,
1423 4093 1543 4132 eam
1580 4091 1704 4131 esse
1733 4075 1995 4144 scriptam

418 4180 698 4240 existimo,
733 4189 855 4246 quae
901 4173 968 4227 ad
1002 4171 1186 4226 Titum
1239 4173 1410 4226 missa
1449 4175 1555 4222 est.
1587 4167 1725 4221 Cum
1757 4168 1906 4220 enim
1941 4166 1997 4220 in

419 4273 533 4328 illis
563 4270 744 4324 adhuc
767 4268 907 4323 locis
930 4266 1133 4320 Paulus
1164 4270 1372 4334 ageret,
1399 4259 1569 4330 jussit
1592 4259 1717 4314 Tito
1748 4267 1806 4312 ut
1840 4259 1907 4313 ad
1940 4275 1999 4314 se

2095 1796 2192 1868 τὴν
2221 1797 2512 1868 δεδομένην
2545 1799 2666 1861 ταῖς
2711 1797 3062 1872 Ἐκκλησίαις
3095 1801 3197 1870 τῆς
3253 1802 3609 1866 Μακεδονίας.
3653 1822 3670 1855 ι

2097 1890 2206 1942 Καὶ
2230 1885 2387 1951 αὖθις
2419 1906 2432 1919 ·
2474 1907 2492 1940 ι
2538 1890 2750 1959 Μήπως
2783 1891 2878 1944 ἐὰν
2902 1889 3096 1964 ἔλθωσι
3131 1893 3242 1962 σὺν
3269 1893 3390 1963 ἐμοὶ
3426 1893 3676 1948 Μακεδόι-

2098 1997 2210 2044 νες.
2241 1998 2258 2031 ι
2296 1980 2565 2050 Πέμπτην
2596 1980 2836 2050 ἠγοῦμαι
2889 1981 3200 2053 γεγράφθαι
3251 1983 3358 2036 τῶν
3396 1984 3531 2054 πρὸς
3580 1982 3679 2036 Τιλ-

2099 2061 2291 2142 μόθεον
2339 2071 2437 2140 τὴν
2488 2071 2780 2144 προτέραν.
2829 2073 2983 2126 Μετὰ
3018 2072 3126 2143 γὰρ
3161 2072 3223 2144 δὴ
3281 2074 3342 2126 τὸ
3392 2075 3679 2145 προοίμιον

2094 2161 2237 2215 οὕτω
2269 2162 2400 2233 φησί
2437 2177 2450 2191 ·
2482 2180 2501 2215 σ
2543 2162 2744 2226 Καθὼς
2779 2164 3133 2234 παρεκάλεσά
3165 2181 3224 2216 σε
3259 2168 3584 2235 προσμεῖναι
3617 2167 3679 2217 ἐν

2108 2253 2339 2324 Ἐφέσῳ,
2369 2253 2732 2325 πορευόμενος
2758 2256 2837 2317 είς
2865 2254 3230 2310 Μακεδονίαν.
3273 2274 3291 2306 ι
3334 2255 3585 2308 Διδάσκει
3619 2255 3676 2308 δὲ

2094 2347 2243 2418 ἡμᾶς
2280 2345 2374 2399 καὶ
2397 2347 2430 2416 ὴ
2455 2345 2559 2398 τῶν
2583 2346 2844 2417 Πράξεων
2871 2348 3104 2416 ἱστορία,
3130 2345 3206 2409 ὡς
3235 2343 3396 2416 ἡνίκα
3427 2345 3486 2398 τὸ
3531 2345 3682 2416 πρῶ-

2094 2456 2184 2492 τον
2210 2439 2289 2502 είς
2311 2438 2410 2510 τὴν
2442 2438 2780 2493 Μακεδονίαν
2813 2438 3064 2505 ἀφίκετο,
3099 2437 3310 2490 οὐδέπω
3341 2435 3546 2510 μὲνιείς
3579 2435 3680 2504 τὴν

2100 2533 2332 2600 Ἔφεσον
2367 2501 2667 2601 ἐληλύθεε(
2709 2501 3094 2599 Ἑκωλύθησαν
3126 2527 3234 2598 γὰρ
3259 2501 3363 2580 ὑπδ
3384 2501 3478 2578 set
3513 2501 3680 2578 Πνεδ-

2100 2641 2266 2695 ματος
2287 2623 2539 2693 λαλῆσαι,
2573 2624 2727 2692 φησι,
2760 2621 3033 2690 τὸνλόγον
3055 2621 3112 2673 ὲν
3141 2624 3208 2691 τῇ
3245 2619 3417 2692 Ἀσίᾳ,
3452 2638 3471 2671 ι
3506 2619 3680 2691 Συνῆν

2095 2715 2152 2768 δέ
2175 2732 2238 2784 γε
2272 2713 2420 2784 αὐτῷ
2454 2701 2546 2767 καὶ
2572 2716 2600 2766 6
2627 2713 2890 2784 Τιμόθεος
2921 2729 2932 2740 °
2960 2711 3056 2766 καὶ
3093 2710 3250 2764 τοῦτο
3281 2711 3466 2782 σαφῶς
3516 2712 3611 2764 καὶ
3647 2713 3679 2780 ἠ

2095 2805 2204 2860 τῶν
2239 2807 2496 2877 Πράξεων
2529 2805 2742 2876 ἱστορία
2771 2803 3033 2859 διδάσκει.
3064 2802 3184 2856 Τῶν
3213 2803 3321 2875 γὰρ
3350 2803 3457 2856 ἀπὸ
3481 2803 3682 2858 Θεσσα-

2096 2894 2314 2966 λονίκης
2352 2894 2620 2947 Ἰουδαίων
2653 2895 2734 2956 είς
2756 2892 2857 2964 τὴν
2889 2893 3153 2965 Βέρῥοιαν
3187 2890 3557 2962 ἀφικομένων,
3585 2891 3680 2944 καὶ

2097 2985 2157 3040 τὸ
2183 2983 2384 3057 πλῆθος
2410 2985 2747 3056 ὲγειράντων
2774 2986 2862 3048 είς.
2892 2987 3101 3048 στάσιν,
3138 2987 3166 3038 6
3199 2985 3301 3057 μὲν
3331 2983 3473 3047 θεῖος
3514 2983 3682 3036 Ἀπό-

2097 3077 2282 3140 στολος
2319 3079 2398 3140 είς
2444 3078 2544 3141 τὰς
2585 3077 2816 3147 Ἀθήνας
2843 3055 3233 3130 ἀπέπλευσενλ
3279 3094 3297 3126 ι
3355 3075 3678 3145 Ἐπέμεινανδ

2095 3171 2171 3234 δὲ,
2202 3171 2386 3241 φησιν,
2419 3169 2447 3222 ὃ
2463 3187 2520 3221 τε
2553 3169 2712 3232 Σίλας
2743 3169 2835 3221 καὶ
2857 3171 2884 3221 6
2905 3168 3166 3238 Τιμόθεος
3189 3168 3326 3220 ἐκεῖ.
3342 3186 3360 3218 ι
3387 3168 3495 3222 Καὶ
3515 3166 3678 3221 ’πάλιν

2095 3263 2165 3314 τὰ
2203 3261 2344 3315 κατὰ
2373 3260 2472 3331 τὴν
2502 3259 2763 3330 Κόρινθον
2823 3261 2851 3312 6
2902 3257 3256 3329 συγγραφεὺς
3300 3257 3675 3328 διηγοῦμενος,

2096 3354 2192 3408 καὶ
2219 3351 2508 3414 διδάσκων.
2525 3349 2672 3414 ὅπως
2717 3353 2745 3404 6
2779 3350 2920 3413 θεῖος
2967 3348 3288 3413 Ἀπὸστολος
3321 3348 3594 3418 διελέγετο
3621 3351 3679 3402 ἐν

2096 3446 2163 3515 τῇ
2189 3445 2476 3514 συναγωγῇ
2503 3445 2644 3497 κατὰ
2671 3444 2780 3498 πᾶν
2834 3440 3113 3497 Σὰϐὅατον
3137 3482 3153 3506 ,
3201 3443 3300 3495 καὶ
3340 3442 3422 3496 δέτι
3463 3441 3680 3494 ἔπεισεν

2109 3531 2398 3597 Ἰουδαίους
2427 3549 2484 3585 τε
2515 3533 2608 3584 καὶ
2641 3532 2936 3603 Ἕλληνας,
2975 3533 3256 3603 ἐπήγαγεν
3281 3549 3294 3562 ·
3325 3551 3343 3584 ι
3386 3533 3472 3597 Ὠς
3495 3534 3553 3587 δὲ
3583 3529 3682 3604 ἦλ-

2099 3621 2190 3675 θον
2220 3623 2328 3676 ἀπὸ
2351 3623 2450 3693 τῆς
2494 3622 2854 3687 Μακεδονίας,
2889 3624 2917 3676 δ
2943 3640 3001 3676 τε
3030 3623 3192 3686 Σίλας
3224 3625 3317 3678 καὶ
3341 3626 3369 3677 6
3395 3618 3678 3694 Τιμόθεος,
3740 3691 3750 3701 1

2100 3715 2376 3785 συνείχετο
2409 3714 2488 3785 τῷ
2527 3714 2672 3787 λόγῳ
2698 3715 2727 3766 6
2771 3714 3006 3780 Παῦλος,
3032 3715 3538 3786 διαμαρτυρόμενος
3570 3720 3680 3780 τοῖς

2112 3807 2387 3870 Ἰουδαίοις
2433 3807 2526 3859 τὸν
2566 3807 2800 3878 Χριστὸν
2842 3805 3073 3878 Ἰησοῦν.
3106 3827 3125 3859 ι
3153 3805 3322 3877 Δῆλον
3365 3808 3566 3873 τοίνυν,
3607 3809 3682 3870 ὡς

2097 3900 2262 3969 ἡνίκα
2291 3898 2351 3951 τὸ
2397 3899 2648 3970 δεύτερον
2693 3899 2802 3952 ἀπὸ
2831 3900 2930 3970 τῆς
2982 3899 3206 3969 Ἑφέσου
3231 3901 3558 3970 παρεγίνετο
3603 3904 3684 3963 εἰς

2098 3993 2198 4062 τὴν
2234 3993 2573 4047 Μακεδονίαν
2607 3996 2634 4046 6
2666 3994 2937 4064 μακάριος
2963 3995 3195 4061 Παῦλος,
3236 3996 3358 4048 τότε
3383 3997 3474 4050 τὸν
3508 3999 3684 4050 πάντα

2099 4087 2318 4156 ἄριστον
2346 4079 2608 4154 Τιμόθεον
2640 4086 2758 4137 ἐκεῖ
2811 4086 3220 4152 καταλέλοιπεν,
3254 4089 3332 4151 είς
3368 4089 3685 4158 ἐπιμέλειαν

2099 4177 2206 4230 τῶν
2239 4177 2547 4246 δεξαμένων
2572 4177 2632 4231 τὸ
2663 4179 2928 4249 σωτήριον
2957 4180 3240 4251 κήρυγμα.
3276 4181 3435 4235 Mat-5t
3458 4181 3682 4253 ταύτην,

2101 4263 2472 4338 ὑπολαμϐάνω
2494 4270 2592 4340 τὴν
2620 4271 2757 4340 πρὸς
2791 4273 2947 4324 Τίτον
2979 4273 3308 4344 γεγράφθαι.
3343 4275 3430 4329 Ἐν
3457 4277 3685 4339 ἐκείνοις

417 4365 650 4421 veniret.
684 4360 777 4416 Sic
811 4370 992 4414 autem
1024 4357 1159 4412 dicit
1194 4374 1206 4410 :
1243 4373 1262 4406 ι
1297 4353 1436 4408 Cum
1467 4351 1672 4408 misero
1703 4351 1768 4405 ad
1815 4363 1867 4405 te
1894 4354 1994 4404 Ar-

2103 4361 2208 4432 γὰρ
2242 4361 2321 4414 ἑτι
2344 4361 2544 4430 διάγων
2591 4365 2704 4426 τοῖς
2737 4363 2948 4434 μέρεσι,
2984 4367 3310 4421 καταλαϐεῖν
3353 4369 3515 4420 αὐτὸν
3544 4385 3685 4436 παρ-

418 4467 642 4522 temam,
670 4455 754 4509 vel
785 4452 1111 4524 Tychicum,
1148 4449 1351 4504 festina
1395 4446 1462 4500 ad
1500 4462 1586 4501 me
1618 4446 1808 4500 venire
1839 4444 1998 4499 Nico-

418 4549 612 4620 polim;
651 4547 726 4600 ibi
755 4545 900 4599 enim
931 4543 1100 4596 statui
1135 4541 1379 4618 hiemare
1407 4551 1467 4594 ¹¹³.
1515 4557 1534 4590 ι
1576 4539 1776 4592 Dicunt
1813 4545 1996 4592 autem

418 4641 730 4712 Nicopolim
763 4652 888 4692 esse
935 4635 1131 4688 urbem
1163 4633 1434 4696 Thraciae,
1481 4630 1816 4687 Macedoniae
1871 4645 1999 4700 pro-

418 4736 706 4806 pinquam.
748 4729 1049 4799 Septimam
1087 4726 1236 4780 misit
1266 4725 1332 4779 ad
1365 4723 1666 4779 Romanos.
1708 4723 1837 4780 Post
1874 4723 1998 4780 illas

418 4828 565 4884 enim
600 4838 792 4881 omnes
826 4838 885 4878 se
906 4821 1052 4876 hanc
1079 4820 1136 4891 6
1163 4817 1457 4888 scripsisse
1485 4815 1670 4869 docet.
1700 4815 1790 4870 Sic
1815 4824 1997 4870 autem

418 4925 556 4981 dicit
587 4943 602 4980 :
639 4944 657 4976 ι
695 4921 851 4977 Nunc
879 4920 1047 4992 igitur
1092 4916 1416 4988 proﬁciscor
1453 4911 1510 4964 in
1545 4908 1857 4964 Jerusalem
1893 4911 1996 4961 mi-

419 5019 661 5075 nistrare
709 5017 940 5074 sanctis.
971 5012 1353 5067 Prohavernnt
1397 5007 1542 5060 enim
1585 4998 1910 5054 Macedonia
1942 5007 1997 5050 ct

415 5111 625 5166 Achaia
677 5109 1028 5165 collationem
1070 5105 1313 5173 aliquam
1368 5098 1550 5151 facere
1607 5094 1664 5146 in
1715 5105 1994 5164 pauperes

415 5212 641 5258 sanctos
665 5201 760 5270 qui
798 5207 930 5255 sunt
967 5199 1020 5252 in
1054 5191 1360 5250 Jerusalem
1394 5195 1444 5240 ³³.
1496 5204 1515 5238 ι
1548 5181 1623 5239 De
1673 5183 1761 5238 his
1811 5189 1992 5235 autem

492 5381 519 5418 ⁸
559 5383 579 5438 1
609 5382 738 5438 Cor.
765 5395 900 5446 vm,
934 5381 984 5436 1.
1061 5379 1092 5419 ιι
1131 5379 1176 5436 ll
1215 5379 1341 5435 Cor.
1375 5395 1462 5446 rx,
1496 5375 1551 5430 4.

414 5461 456 5497 ιη
490 5456 595 5509 Tit.
630 5469 726 5518 ιιι,
763 5451 851 5506 12.
924 5457 956 5488 ιι
991 5448 1154 5504 Rom.
1187 5467 1276 5515 xv,
1310 5448 1401 5504 26.

1633 5375 1716 5441 tl
1755 5373 1998 5429 Timoth.
2036 5376 2148 5440 ι,5.
2188 5373 2201 5424 i
2251 5377 2374 5430 Act.
2410 5375 2591 5443 xvt,6.
2635 5377 2661 5416 Ιι
2696 5376 2818 5432 Act.
2857 5393 2998 5442 xvn,
3033 5376 3120 5430 M.

2104 4452 2372 4523 ηγγύησε.
2415 4453 2658 4521 Λέγειδὲ
2691 4455 2885 4520 οὕτως·
2922 4477 2939 4509 ι
2977 4459 3143 4512 Ὀταν
3173 4458 3376 4524 πέμψω
3415 4457 3683 4525 Ἀρτεμᾶν

2103 4543 2241 4614 πρὸς
2275 4544 2355 4610 σὲ,
2403 4543 2436 4616 ἢ
2492 4544 2747 4614 Τυχικὸν,
2779 4544 3082 4598 σπούδασον
3129 4543 3303 4594 ἐλθεῖν
3336 4541 3467 4609 πρὸς
3507 4556 3573 4608 με
3603 4541 3682 4601 είς

2103 4636 2418 4690 Νικόπολιν·
2452 4638 2567 4688 ἐκεῖ
2587 4636 2695 4704 γὰρ
2730 4635 2960 4702 κέκρικα
2983 4632 3412 4701 παραχειμάσαι.
3440 4648 3458 4680 ι
3491 4629 3600 4699 Τὴν
3626 4628 3681 4680 δὲ

2102 4730 2414 4792 Νικόπολιν,
2450 4725 2728 4795 θρᾳκικὴν
2780 4725 2878 4792 μὲν
2911 4723 3065 4774 πάλιν
3114 4719 3252 4774 εἷναί
3309 4738 3462 4790 φασι,
3510 4724 3576 4792 τῇ
3628 4721 3684 4772 δὲ

2103 4820 2411 4888 Μακεδονίᾳ
2448 4817 2721 4880 πελάζειν.
2763 4815 3028 4886 Ἑϐδόμης]
3067 4816 3164 4886 τὴν
3208 4815 3340 4884 πρὶς
3378 4814 3682 4884 Ῥωμαίους

2101 4909 2400 4962 ἐπέστειλε.
2454 4907 2608 4958 Μετὰ
2661 4905 2765 4975 γὰρ
2803 4906 2865 4978 δὴ
2917 4909 3117 4969 ταύτας
3181 4906 3417 4971 ἁπάσας,
3478 4905 3682 4978 ταύτην

2099 4999 2261 5062 αὐτὸς
2287 4997 2619 5068 γεγραφέναι
2653 4997 2912 5054 διδάσκει.
2962 5002 3123 5068 Λέγει
3165 4999 3221 5053 δὲ
3246 4997 3418 5062 οὕτως
3442 5015 3457 5030 ο
3496 5018 3514 5050 ι
3549 4999 3688 5052 Νυνὶ

2097 5091 2155 5145 δὲ
2190 5090 2490 5162 πορεύομαι
2518 5092 2598 5154 είς
2639 5092 2996 5164 Ἰερουσαλὴμ
3042 5091 3304 5146 διακονῶν
3330 5093 3440 5154 τοῖς
3465 5091 3643 5161 ἁγίοις
3672 5107 3685 5121 ο

2099 5183 2365 5255 ηὑδόκησε
2403 5183 2511 5254 γὰρ
2543 5184 2975 5240 Μακεδονία,καὶ
3015 5185 3204 5255 Ἀχαΐα
3239 5183 3523 5237 κοινωνίαν
3559 5182 3676 5236 τινὰ

3208 5374 3222 5413 ι
3267 5376 3394 5442 Aet.
3423 5384 3581 5432 xvtu,
3618 5367 3673 5420 5.

1700 5558 1931 5614 VARle
1971 5558 2377 5615 LECTIONES.

486 5658 570 5713 ’Β
609 5655 880 5732 γνωρίζω.
911 5655 1002 5714 Sic
1032 5654 1415 5718 Theodoretus
1445 5669 1664 5726 quoque
1709 5653 1850 5709 inl'ra
1883 5653 1948 5709 ad
1983 5651 2026 5707 ll
2047 5652 2176 5710 Cor.
2207 5669 2324 5722 vm,
2359 5654 2410 5710 1.

3709 779 3718 822 ί
