4074 6176
327 185 393 283 ti
1457 208 1692 270 rane.
1719 210 1800 270 IN
1833 211 2069 270 EPIST.
2104 211 2164 271 s.
2196 211 2447 272 PAULI.
3507 200 3580 265 te

331 327 663 398 ποιήσασθαι
686 328 767 391 είς
802 327 928 391 τοὺς
961 327 1204 397 πτωχοὺς
1231 328 1338 381 τῶν
1372 327 1541 395 ἁγίων
1578 327 1686 381 τῶν
1713 329 1770 380 ἐν
1806 326 1905 380 Ἱε-

2020 329 2262 398 pecuniis
2297 326 2433 384 dicit
2484 326 2648 381 etiam
2691 325 2746 380 in
2798 324 2972 396 prima
3022 321 3085 377 ad
3114 319 3430 378 Corinthios
3468 319 3582 390 epi-

335 419 638 492 ρουσαλήμ.
677 436 695 471 ι
731 419 866 489 Περὶ
899 419 955 472 δὲ
990 419 1192 476 τούτων
1218 419 1325 473 τῶν
1375 419 1694 490 χρημάτων,
1721 417 1816 471 καὶ
1851 420 1906 471 ἐν

2020 420 2200 476 stola:
2235 438 2253 471 ι
2296 418 2371 474 Ne
2417 417 2635 488 quando
2681 431 2905 482 venero,
2948 424 3084 470 tunc
3135 413 3375 469 collectae
3423 411 3580 466 ﬁant.

329 514 399 581 τῇ
443 509 686 580 προτέρα
707 509 728 540 ⁸
757 511 823 578 τῇ
855 509 988 578 πρὸς
1013 507 1334 580 Κορινθίους
1369 511 1534 581 φησὶν
1576 508 1865 578 Ἐπιστολῇ
1890 527 1902 539 ε

338 623 358 655 σ
389 605 509 657 Ἵνα
538 603 614 674 μὴ
642 603 770 656 ὅταν
799 600 958 664 ἐλθω,
995 600 1115 654 τότε
1147 600 1320 669 λογίαι
1371 601 1626 670 γίνωνται
1655 615 1670 631 ο
1699 600 1828 653 ὅταν
1855 598 1911 653 δέ

332 694 769 765 παραγένωμαι,
821 691 914 756 οὓς
965 693 1058 745 ἐὰν
1109 691 1440 762 δοκιμάσητε
1492 692 1560 744 δι’
1591 690 1908 754 ἐπιστολῶν,

335 787 556 850 τούτους
601 784 802 855 πέμψω
842 785 1164 853 ἀπενεγκεῖν
1187 784 1286 855 τὴν
1312 785 1472 854 χάριν
1496 784 1649 854 ὑμῶν
1681 785 1762 847 είς
1814 784 1911 835 Ἱε-

339 877 642 951 ρουσαλήμ⁸
677 879 772 932 ἐὰν
796 874 909 950 δὲῇ
945 875 1094 940 ἀξιον
1117 873 1212 930 τοῦ
1242 877 1387 947 κάμὲ
1424 875 1772 948 πορεύεσθαι,
1816 875 1913 928 σὺν

337 972 462 1042 ἐμοὶ
487 969 865 1041 πορεύσονται.
907 988 925 1021 ι
953 969 1110 1022 Μετὰ
1141 967 1347 1022 τούτων
1370 966 1476 1020 τῶν
1505 967 1806 1038 χρημάτων
1833 967 1911 1027 εἰς

347 1062 698 1135 Ἰερουσαλὴμ
727 1061 998 1133 ἀπαίρων,
1025 1062 1083 1113 ἐν
1121 1060 1347 1132 Μιλήτῳ
1369 1058 1481 1122 τοῖς
1521 1057 1782 1127 Ἐφεσίων
1807 1057 1910 1127 ἔφη

337 1153 748 1225 πρεσϐυτέροις,
779 1153 860 1205 ὅτι
893 1170 910 1204 ι
946 1152 1143 1205 Οὐκέτι
1169 1149 1364 1220 ὄψεσθε
1393 1149 1454 1203 τὸ
1487 1149 1776 1221 πρόσωπόν
1809 1165 1911 1219 μου

339 1247 496 1317 ὑμεῖς
544 1245 765 1307 πάντες,
812 1246 870 1297 ἐν
902 1238 984 1307 οἷς
1029 1243 1245 1313 διῆλθον
1293 1241 1584 1314 κηρύσσων
1628 1241 1724 1312 τὴν
1760 1240 1912 1310 βασι-

334 1338 484 1391 λείαν
508 1337 602 1390 τοῦ
632 1335 821 1390 Θεοῦ.»
857 1335 1034 1398 Εὐθὺς
1071 1335 1180 1404 γὰρ
1215 1337 1272 1388 ἐν
1315 1331 1706 1405 Ἱεροσολύμοις
1736 1346 1915 1404 παρα·

337 1429 515 1498 νόμων
543 1427 794 1496 γραφεὶς,
849 1427 942 1479 καὶ
981 1426 1071 1478 τὸν
1128 1425 1384 1495 μέγιστον
1429 1425 1635 1477 ἐκεῖνον
1671 1423 1915 1476 κίνδυνον

339 1518 659 1588 ὑπομείνας,
706 1515 794 1570 διὰ
845 1516 944 1586 μὲν
990 1514 1083 1568 τοῦ
1132 1515 1414 1585 χιλιάρχου
1455 1514 1564 1566 τῶν
1606 1509 1917 1565 Ἰουδαϊκῶν

333 1609 621 1680 ἀπηλλάγη
657 1607 855 1679 χειρῶν
881 1624 895 1638 ·
937 1606 1122 1674 ἐφέσει
1179 1607 1237 1659 δὲ
1286 1605 1652 1676 χρησάμενος,
1683 1601 1776 1654 ἐπὶ
1823 1597 1916 1653 τοῦ

331 1667 688 1772 Φήστου
712 1667 929 1770 ’ῥώμην
961 1667 1432 1751 κατέλαϐεν.’;;οτι
1473 1667 1538 1747 ’δὲ
1581 1693 1689 1746 ἀπὸ
1718 1691 1912 1762 Κορίν·
1944 1667 1990 1728 Β

337 1795 428 1848 θου
450 1794 696 1864 γέγραφε
719 1791 816 1862 τὴν
845 1791 981 1860 πρὸς
1013 1788 1317 1858 Ῥωμαίους
1355 1785 1689 1856 Ἐπιστολὴν,
1723 1783 1912 1853 σαφῶς

335 1887 480 1957 ἡμᾶς
511 1883 643 1938 αὐτὸ
671 1882 912 1935 διδάσκει
955 1879 1016 1932 τὸ
1041 1879 1214 1943 τέλος.
1249 1877 1467 1948 Πρῶτον
1512 1876 1609 1946 μὲν
1659 1875 1767 1946 γὰρ
1812 1875 1910 1945 τῆν

339 1975 542 2045 Φοίδην
567 1973 873 2045 συνίστησι,
897 1970 1144 2026 διάκονον
1171 1970 1340 2040 αὐτὴν
1360 1964 1498 2022 εἶναι
1530 1967 1705 2036 λέγων
1734 1967 1831 2037 τῆς
1854 1967 1911 2019 ἐν

333 2069 642 2140 Κεγχρεαῖς
664 2063 952 2137 ἐκκλησίας
979 2080 992 2094 ·
1026 2055 1326 2134 Κορινθίων
1358 2059 1414 2113 δὲ
1447 2059 1646 2130 χωρίον
1677 2060 1733 2112 αἱ
1769 2059 1912 2126 Κεγ-

333 2161 510 2232 χρεαί.
555 2158 786 2210 Ἔπειτα
823 2155 880 2208 δὲ
931 2155 1027 2208 καὶ
1057 2152 1233 2206 ταῦτά
1265 2167 1429 2222 φησιν
1464 2166 1476 2179 ·
1509 2169 1527 2200 ‹
1579 2148 1913 2212 Ἀσπάζεται

337 2251 484 2318 ὑμᾶς
521 2250 679 2308 Γάϊος
705 2249 732 2298 ὁ
763 2245 908 2307 ξένος
947 2259 1072 2311 μου,
1105 2243 1201 2294 καὶ
1227 2241 1326 2311 τῆς
1361 2239 1690 2311 Ἐκκλησίας
1716 2239 1864 2308 ὅλης.
1891 2257 1910 2290 ι

343 2338 504 2390 Ξένον
535 2334 592 2388 δέ
627 2336 718 2388 τὸν
749 2332 1021 2402 ξενοδόχον
1073 2331 1246 2387 καλεῖ.
1280 2332 1403 2386 Ὅτι
1447 2331 1504 2386 δὲ
1537 2330 1820 2402 Κορίνθιος
1847 2327 1915 2402 ἦν

341 2431 370 2481 ὁ
398 2427 575 2491 Γάϊος,
605 2427 668 2478 ἐκ
715 2422 814 2492 τῆς
864 2422 1000 2493 πρὸς
1033 2422 1344 2492 Κορινθίους
1383 2424 1402 2454 ⁶
1433 2423 1703 2493 προτέρας
1751 2437 1916 2475 κατα-

338 2515 530 2588 μαθεῖν
562 2515 810 2576 εὑπετές.
843 2512 1048 2583 Γράφει
1089 2512 1197 2584 γάρ
1224 2512 1394 2576 οὕτως
1424 2513 1605 2577 αὐτοῖς
1629 2529 1642 2541 ·
1685 2531 1703 2565 t
1737 2511 1916 2585 Εὐχα-

336 2607 504 2682 ριστῶ
536 2606 614 2676 τῷ
649 2603 770 2675 Θεῷ
799 2621 924 2674 μου,
971 2603 1054 2657 ὅτι
1105 2604 1296 2658 οὐδένα
1341 2605 1495 2676 ὑμῶν
1545 2605 1838 2675 ἐϐάπτισα,
1864 2609 1916 2661 εἰ

338 2701 414 2773 μὴ
460 2699 705 2772 Κρίσπον
739 2697 833 2750 καὶ
878 2696 1055 2750 Γάϊον.
1098 2715 1118 2748 ι
1183 2696 1414 2768 Ἐσχάτη
1463 2697 1645 2752 τοίνυν
1678 2698 1789 2752 ἀπὸ
1816 2700 1916 2770 τῆς

351 2791 554 2854 Ἀσίας,
595 2788 692 2841 καὶ
722 2784 1082 2849 Μακεδονίας,
1121 2785 1216 2840 καὶ
1258 2786 1502 2857 Ἀχαΐας,
1531 2788 1565 2857 ἡ
1597 2789 1734 2859 πρὸς
1779 2789 1914 2842 Ῥω-

342 2881 535 2954 μαίους
566 2879 808 2950 ἐγράφη,
839 2878 933 2930 καὶ
976 2875 1128 2941 τάξιν
1174 2877 1286 2949 ἔχει
1335 2878 1434 2949 τὴν
1465 2877 1721 2950 ἑϐδόμην,
1749 2879 1826 2942 ὡς
1852 2879 1915 2932 ἐκ

338 2974 448 3027 τῶν
476 2970 849 3025 ἀποστολικῶν
874 2968 1216 3040 γραμμάτων
1244 2969 1545 3038 ἐδείξαμεν.
1576 2969 1686 3032 Τὰς
1715 2969 1824 3039 γάρ
1853 2969 1917 3040 δὴ

338 3066 506 3127 ἄλλας
535 3065 645 3116 ἀπὸ
675 3063 774 3132 τῆς
817 3061 1040 3132 Ῥώμης
1070 3060 1370 3114 ἐπέστειλε.
1410 3060 1521 3114 Καὶ
1557 3060 1779 3132 πρώτην
1820 3061 1920 3132 μέν

341 3156 579 3229 ἡγοῦμαι
621 3155 721 3225 τὴν
755 3153 890 3225 πρὸς
941 3153 1188 3215 Γαλάτας
1220 3153 1515 3224 γραφῆναι.
1544 3152 1656 3222 Πρὸ
1680 3151 1788 3224 γάρ
1821 3154 1920 3222 τῆς

341 3251 424 3313 εἰς
447 3251 544 3320 τὴν
568 3246 911 3300 Μακεδονίαν
933 3245 1267 3316 ἀποδημίας,
1301 3244 1517 3316 διῆλθεν
1549 3246 1629 3307 είς
1654 3244 1753 3316 τὴν
1781 3245 1920 3316 Φρυ·

341 3342 467 3409 γίαν
495 3342 585 3394 καὶ
607 3336 912 3408 Γαλατικὴν
935 3336 1139 3409 χώραν,
1175 3337 1460 3407 κηρύττων
1485 3335 1545 3389 τὸ
1567 3336 1914 3404 Εὐαγγέλιον.

343 3430 480 3489 Εἶτά
507 3449 626 3486 τινα
657 3431 845 3502 χρόνον
881 3431 938 3482 ἐν
969 3431 1034 3500 τῇ
1070 3427 1395 3498 Μακεδονίᾳ,
1447 3427 1543 3480 καλ⁸
1580 3430 1646 3498 τῇ
1705 3427 1917 3498 Ἀχαΐα,

342 3526 440 3582 καὶ
478 3526 660 3597 μέντοι
706 3525 803 3577 καὶ
834 3525 900 3593 τῇ
941 3522 1096 3592 Ἀσίᾳ
1124 3519 1433 3591 διατρίψας,
1473 3519 1658 3590 ἀπῆρε
1701 3518 1800 3589 μὲν
1841 3520 1922 3581 είς

343 3620 444 3689 τὴν
507 3617 783 3671 Ἰουδαίαν.
821 3613 1062 3668 Ἐκεῖθεν
1111 3613 1168 3665 δὲ
1217 3613 1356 3684 μετὰ
1399 3610 1498 3683 τὴν
1551 3611 1784 3680 Ἔφεσον
1820 3610 1920 3680 τὴν

353 3708 574 3780 Ῥώμην
599 3705 888 3761 κατέλαϐε⁸
920 3704 1015 3758 καὶ
1044 3701 1250 3775 μαθὼν,
1279 3703 1356 3765 ὥς
1381 3719 1527 3764 τινες
1547 3703 1616 3756 τὰ
1638 3701 1737 3772 τῆς
1767 3701 1922 3754 εὐσε-

341 3803 496 3866 ϐείας
551 3800 801 3870 συνέχεον
831 3798 1095 3868 δόγματα,
1151 3795 1250 3866 τὴν
1296 3793 1405 3849 ἀπὸ
1437 3794 1547 3846 τῶν
1575 3795 1921 3866 γραμμάτων

340 3897 525 3958 αὐτοῖς
591 3892 888 3963 θεραπείαν
943 3890 1308 3961 προσήνεγκε.
1368 3887 1479 3941 Καὶ
1539 3885 1921 3958 Φιλιππησίοις

346 3987 486 4059 μετά
520 3983 742 4046 τούτους
775 3983 881 4035 ἀπὸ
913 3981 1012 4052 τῆς
1059 3979 1277 4051 Ῥώμης
1310 3976 1613 4041 ἐπέστειλε,
1638 3976 1734 4030 καὶ
1771 3977 1924 4047 δηλοῖ

343 4079 442 4149 τῆς
491 4073 815 4144 Ἐπιστολῆς
848 4070 906 4125 τὸ
941 4071 1093 4134 τέλος
1113 4087 1158 4121 οι
1183 4068 1540 4136 Ἀσπάζονται
1579 4069 1710 4142 γὰρ,
1733 4069 1918 4140 φησὶν,

2011 1080 2111 1134 per
2180 1079 2324 1135 quos
2377 1061 2573 1117 transii
2632 1059 2939 1130 praedicans
2993 1070 3224 1127 regnum

2013 510 2244 576 Quando
2274 519 2458 564 autem
2491 523 2716 572 venero,
2752 523 2888 578 quos
2939 522 3036 578 per
3070 505 3331 576 epistolas
3382 505 3585 575 proba-

2011 604 2226 670 veritis,
2249 620 2347 660 eos
2371 603 2584 658 mittam
2615 602 2683 656 ad
2715 600 3067 658 deferendam
3093 599 3324 670 gratiam
3346 607 3585 652 vestram

2013 699 2065 752 in
2101 691 2426 752 Jerusalem.
2459 693 2616 761 Quod
2666 693 2710 749 si
2749 694 2976 763 dignum
3013 689 3178 746 fuerit
3223 699 3411 758 utego
3441 701 3581 752 eam,

2013 804 2223 844 mecum
2253 788 2410 843 ibunt
2439 797 2481 842 °.
2522 805 2538 839 ι
2579 785 2716 840 Cum
2757 784 2842 839 his
2872 782 3122 854 pecuniis
3157 781 3212 836 in
3245 778 3586 833 [lierusalem

2012 882 2300 953 navigans,
2352 879 2522 936 Mileti
2587 878 2729 932 dixit
2786 876 3155 947 Ephesiorum
3210 872 3584 929 senioribus:

2019 993 2037 1025 ι
2080 971 2196 1029 Non
2229 972 2467 1043 amplius
2492 967 2754 1024 videbitis
2803 966 2997 1022 faciem
3030 979 3207 1019 meam
3241 977 3340 1018 vos
3371 975 3585 1022 omnes,

3274 1057 3292 1075 '
3347 1053 3439 1108 Dei
3474 1063 3521 1108 P.
3566 1069 3584 1101 ι

2013 1157 2220 1229 Nempe
2255 1172 2381 1212 mox
2432 1153 2825 1224 Hierosolymis
2878 1159 3170 1206 accusatus
3215 1146 3360 1218 quod
3395 1149 3590 1200 contra

2014 1251 2163 1319 leges
2233 1249 2460 1312 faceret,
2491 1254 2548 1302 et
2587 1245 2721 1300 illud
2750 1244 3047 1297 maximum
3105 1238 3409 1311 periculum
3460 1250 3589 1305 per-

2015 1356 2260 1412 pessus,
2312 1355 2409 1409 per
2477 1340 2756 1392 tribunum
2821 1335 3044 1406 quidem
3098 1331 3338 1387 militum
3398 1342 3428 1381 a
3499 1325 3593 1381 Ju-

2019 1431 2195 1486 daicis
2249 1429 2504 1483 manibus
2561 1428 2826 1482 liberatus
2882 1433 2966 1482 est
3015 1443 3032 1488 :
3078 1415 3442 1494 appellatibne
3495 1433 3594 1474 au-

2020 1529 2129 1575 tem
2187 1534 2344 1581 usus,
2409 1517 2512 1571 sub
2557 1514 2721 1570 Festo
2760 1513 2988 1570 Romam
3026 1513 3173 1569 venit
3201 1522 3251 1565 ς.
3305 1509 3462 1577 Quod
3493 1523 3590 1563 au-

2023 1621 2132 1668 tem
2185 1607 2436 1664 Corinthi
2489 1606 2777 1677 scripserit
2825 1603 3113 1676 epistolam
3167 1603 3232 1658 ad
3291 1599 3592 1666 Romanos,

2019 1707 2137 1774 ipse
2167 1715 2268 1757 nos
2295 1701 2424 1756 finis
2451 1709 2638 1770 aperte
2673 1699 2850 1754 docet.
2878 1697 3127 1753 Primum
3177 1695 3321 1751 enim
3354 1693 3594 1750 Phoeben

2019 1793 2394 1858 commendat,
2423 1791 2618 1846 dicens
2652 1803 2772 1846 eam
2813 1802 2936 1844 esse
2968 1787 3278 1842 ministram
3311 1784 3593 1846 Ecclesiae.

2019 1901 2140 1959 quae
2185 1893 2271 1942 est
2300 1883 2601 1940 Cenchreis
2633 1891 2676 1934 ι’.
2712 1881 3009 1936 Cenchreas
3039 1886 3222 1934 autem
3257 1884 3387 1934 sunt
3420 1890 3596 1948 pagus

2019 1977 2455 2035 Corinthiorum.
2479 1974 2754 2032 Praeterea
2788 1973 2904 2028 haec
2921 1985 3145 2042 quoque
3178 1969 3352 2026 dicit:
3388 1987 3407 2020 ι
3435 1967 3596 2023 Salu-

2021 2079 2102 2126 tat
2133 2085 2233 2126 vos
2269 2069 2438 2124 Caius
2466 2067 2668 2138 hospes
2710 2081 2888 2132 meus,
2909 2072 2964 2120 et
2989 2064 3160 2119 totius
3193 2061 3452 2118 Ecclesia
3482 2071 3529 2114 ε.
3570 2077 3590 2110 ι

2023 2160 2308 2232 Hospitem
2336 2167 2518 2214 autem
2548 2173 2674 2214 eum
2706 2155 3055 2228 appellatqui
3091 2153 3333 2226 hospitio
3367 2150 3594 2222 excipit.

2024 2253 2179 2319 Quod
2218 2262 2402 2308 autem
2441 2249 2764 2306 Corinthius
2813 2257 2932 2304 erat
2975 2246 3163 2313 Caius,
3204 2261 3271 2301 ex
3311 2244 3498 2315 priore
3526 2243 3593 2297 ad

2023 2343 2340 2400 Corinthios
2395 2341 2629 2414 epistola
2693 2339 2855 2395 facile
2918 2346 3005 2395 est
3070 2336 3396 2408 intelligere.
3457 2334 3596 2406 Ipsis

2021 2435 2170 2489 enim
2231 2434 2311 2488 sic
2363 2431 2600 2488 scribit:
2635 2447 2653 2482 ι
2685 2425 2904 2484 Gratias
2945 2441 3048 2498 ago
3101 2425 3212 2482 Deo
3272 2439 3419 2489 meo,
3449 2423 3594 2495 quod

2022 2525 2298 2581 neminem
2354 2529 2596 2578 vestrum
2679 2517 2974 2590 baptizavi,
3045 2516 3154 2574 nisi
3219 2515 3474 2586 Crispum
3541 2524 3599 2570 et

2021 2619 2214 2674 Caium
2251 2617 2292 2671 ί.
2337 2633 2355 2668 ι
2389 2613 2595 2671 Ultima
2631 2627 2762 2682 ergo
2809 2611 3056 2668 omnium
3104 2625 3172 2668 ex
3212 2608 3366 2675 Asia,
3400 2614 3455 2664 et
3485 2607 3599 2662 Ma-

2023 2708 2282 2774 cedonia,
2305 2705 2608 2769 etAchaia,
2641 2705 2846 2775 scripta
2875 2711 2960 2759 est
2993 2701 3061 2757 ad
3097 2701 3377 2758 Romanos
3407 2701 3458 2772 7
3482 2700 3599 2770 epi-

2024 2800 2184 2865 stola,
2233 2803 2290 2853 et
2341 2797 2520 2852 locum
2570 2793 2734 2849 habet
2782 2791 3100 2862 septimum,
3148 2800 3208 2845 ut
3257 2805 3324 2846 ex
3371 2790 3596 2860 scriptis

2024 2889 2357 2962 apostolicis
2403 2884 2714 2941 docuimus.
2755 2883 2906 2937 Alias
2933 2881 3080 2937 enim
3113 2879 3289 2936 Roma
3319 2881 3489 2936 misit.
3531 2882 3598 2936 Et

2027 2981 2260 3053 primam
2302 2976 2520 3048 quidem
2573 2973 2836 3045 scriptam
2885 2986 3006 3028 esse
3039 2969 3296 3027 existimo
3327 2971 3397 3026 ad
3434 2971 3598 3028 Gala-

2023 3083 2133 3130 tas.
2159 3072 2471 3141 Antequam
2501 3067 2645 3125 enim
2677 3067 2734 3122 in
2760 3064 3085 3122 Macedonia
3124 3064 3592 3137 peregrinaretur,

2022 3160 2580 3236 pervasitPhrygiam
2627 3169 2681 3215 ct
2716 3156 2941 3214 Galatiae
2965 3157 3597 3228 regionem,praedicans

2021 3255 2409 3326 Evangelium.
2435 3249 2645 3307 Deinde
2679 3265 2806 3305 cum
2858 3250 3202 3320 aliquantum
3239 3249 3507 3320 temporis
3540 3249 3596 3304 in

2022 3343 2364 3410 Macedonia,
2394 3349 2449 3396 et
2499 3340 2732 3403 Achaia,
2765 3349 2932 3410 atque
2978 3340 3142 3395 etiam
3186 3341 3243 3396 in
3285 3340 3417 3397 Asia
3448 3351 3596 3398 esset

2022 3443 2295 3498 versatus,
2333 3432 2620 3504 profectus
2661 3437 2746 3486 est
2787 3430 2842 3485 in
2893 3429 3158 3485 Judzeam.
3207 3431 3364 3486 Illinc
3413 3441 3592 3488 autem

2023 3537 2146 3600 post
2175 3527 2454 3597 Ephesum
2488 3523 2717 3579 Romam
2743 3523 2892 3578 venit
2918 3539 2932 3577 :
2955 3530 3010 3578 et
3047 3536 3172 3577 cum
3209 3523 3594 3589 intellexisset,

2021 3619 2166 3692 quod
2202 3619 2430 3690 quidam
2488 3616 2714 3687 pietatis
2765 3616 2984 3671 decreta
3031 3613 3459 3682 confunderent,
3489 3616 3598 3670 illis

2023 3725 2054 3765 a
2089 3707 2391 3780 Scripturis
2439 3706 2659 3762 ductam
2693 3704 3022 3761 medicinam
3067 3704 3337 3761 adhibuit.
3366 3705 3432 3762 Et
3469 3705 3598 3762 Phi-

2021 3799 2366 3871 lippensibus
2397 3805 2520 3869 post
2543 3811 2638 3853 eos
2677 3795 2846 3851 Roma
2881 3795 3128 3868 scripsit,
3151 3797 3298 3868 quod
3329 3796 3453 3854 linis
3474 3799 3598 3870 epi-

2025 3892 2178 3949 stolae
2210 3891 2493 3947 declarat:
2533 3908 2551 3942 ‹
2593 3887 2847 3944 Salutant
2899 3888 3067 3955 enim,
3116 3889 3315 3960 inquit,
3357 3905 3457 3946 vos
3498 3892 3594 3962 qui

2023 3993 2151 4041 sunt
2185 3985 2252 4042 de
2281 3985 2447 4040 domo
2483 3982 2722 4041 Caesaris
2749 3994 2798 4038 ιι.
2839 4001 2859 4036 ι
2895 3971 3180 4040 Ιαιῐιίὀτο
3207 3983 3372 4040 etiam
3412 3983 3596 4055 Ephe-

2024 4078 2122 4135 siis
2188 4085 2244 4134 et
2292 4076 2718 4134 Colossensibus
2779 4075 2976 4133 eodem
3030 4076 3255 4147 scripsit
3324 4082 3592 4146 tempore,

344 4171 486 4249 ὑμᾶς
520 4168 570 4220 οἱ
609 4168 672 4219 ἐκ
709 4169 807 4235 τῆς
845 4164 1122 4234 Καίσαρος
1155 4163 1351 4226 οἰκίας.
1385 4182 1404 4214 ι
1449 4161 1562 4216 Καὶ
1602 4162 1786 4232 μέντοι
1825 4159 1916 4214 καὶ

2025 4167 2317 4237 utriusque
2350 4167 2599 4238 epistolae
2629 4181 2741 4222 uno
2774 4181 2908 4222 usus
2947 4167 3255 4222 tabellario.
3282 4165 3424 4220 Dicit
3445 4167 3592 4223 enim

355 4261 644 4330 Ἐφεσίοις,
682 4257 778 4311 καί⁸
811 4255 1368 4324 Κολασσαεῦσι,κατά
1397 4255 1488 4309 τὸν
1518 4253 1682 4309 αὐτὸν
1713 4253 1916 4326 ἔγραψε

2026 4259 2082 4313 in
2124 4258 2232 4313 ﬁne
2269 4259 2559 4329 utriusque
2597 4277 2611 4313 ι
2656 4277 2676 4310 ‹
2723 4255 2794 4314 Ut
2818 4264 3000 4313 autem
3027 4264 3082 4313 et
3103 4271 3201 4315 vos
3238 4255 3433 4312 sciatis
3473 4272 3596 4330 quae

343 4355 556 4427 χρόνον,
579 4353 659 4407 ἐν)⁸
690 4351 800 4404 τῶν
835 4349 1132 4402 ἐπιστολῶν
1165 4350 1488 4420 ἀμφοτέρων
1517 4349 1750 4421 διακόνῳ
1786 4366 1916 4420 χρη-

2024 4351 2176 4404 circa
2203 4364 2290 4404 me
2313 4357 2462 4413 sunt,
2487 4349 2623 4418 quid
2653 4363 2830 4420 agam,
2856 4348 3046 4401 omnia
3082 4347 3238 4403 vobis
3271 4355 3400 4403 nota
3429 4348 3598 4405 faciet

345 4446 598 4515 σάμενος.
652 4442 742 4496 Ἐν
779 4438 858 4510 τῷ
893 4438 1036 4492 τέλει
1071 4438 1178 4506 γάρ
1211 4437 1478 4506 ἑκατέρας
1515 4439 1697 4508 φησίν·
1735 4455 1754 4488 ι
1802 4437 1916 4490 Ἵνα

2023 4440 2304 4514 Tychicus
2343 4437 2710 4494 charissimus
2741 4437 2910 4491 frater
2935 4445 2989 4491 et
3029 4435 3208 4492 ﬁdelis
3254 4437 3509 4494 minister
3539 4439 3594 4494 in

344 4536 401 4589 δὲ
423 4513 616 4606 ἐἰδῆτε
643 4535 734 4588 καὶ
772 4533 930 4602 ὑμεῖς
962 4530 1030 4583 τά
1061 4530 1181 4584 κατ’
1202 4529 1322 4600 ἐμὲ,
1361 4529 1416 4580 τί
1452 4530 1703 4599 πράσσω,
1741 4531 1916 4586 πάντα

2023 4513 2278 4596 Domino,
2325 4545 2487 4603 quem
2533 4529 2658 4586 misi
2694 4527 2764 4584 ad
2789 4542 2888 4585 vos
2933 4528 2988 4584 in
3029 4528 3136 4586 hoc
3163 4529 3368 4602 ipsum,
3405 4539 3464 4586 ut
3497 4513 3611 4588 co-l

347 4631 476 4701 ὑμῖν
527 4625 784 4698 γνωρίσει
839 4624 1075 4694 Τυχικδς
1104 4665 1119 4689 ,
1159 4623 1188 4675 ὁ
1227 4619 1510 4691 ἀγαπητὸς
1559 4621 1788 4690 ἀδελφὸς
1825 4623 1916 4676 καὶ

2023 4624 2308 4695 gnoscatis
2345 4636 2466 4692 qua:
2494 4621 2642 4676 circa
2667 4635 2770 4677 nos
2798 4630 2947 4688 sunt,
2986 4628 3043 4678 et
3076 4623 3395 4680 consoletur
3427 4623 3594 4680 corda

345 4721 535 4784 πιστὸς
569 4721 813 4781 διάκονος
862 4719 919 4769 ἐν
959 4715 1148 4787 Κυρίῳ
1171 4755 1186 4780 ,
1241 4714 1300 4767 ὃν
1339 4713 1561 4783 ἔπεμψα
1603 4715 1741 4785 πρὸς
1778 4715 1916 4784 ὑμᾶς

2022 4723 2208 4772 vestra
2249 4723 2300 4768 ν.
2365 4733 2384 4766 ι
2442 4712 2504 4768 In
2562 4714 2795 4786 epistola
2855 4721 3037 4770 autem
3109 4715 3177 4770 ad
3235 4716 3596 4772 Colossenscs

348 4816 425 4879 είς
456 4812 585 4868 αὐτὸ
621 4810 814 4873 τοῦτο,
851 4809 938 4862 ἵνα
969 4808 1142 4877 γνῶτε
1179 4807 1248 4860 τὰ
1288 4808 1416 4878 περὶ
1465 4806 1645 4877 ἡμῶν,
1687 4806 1781 4860 καὶ
1817 4823 1916 4859 πα-

2029 4807 2272 4864 Onesimi
2307 4821 2526 4879 quoque
2560 4807 2806 4864 meminit
2840 4823 2854 4859 :
2893 4824 2912 4857 ι
2949 4804 3086 4862 Cum
3121 4805 3381 4862 Onesimo
3426 4807 3593 4872 enim,

351 4905 622 4978 ρακαλέσῃ
660 4902 758 4965 τάς
801 4899 1022 4970 καρδίας
1060 4899 1233 4968 ὑμῶν.
1283 4917 1302 4950 ι
1360 4898 1446 4951 Ἑν
1479 4897 1536 4952 δέ
1571 4916 1634 4968 γε
1671 4902 1736 4970 τῇ
1778 4900 1916 4970 πρὸς

2029 4899 2239 4972 inquit,
2278 4900 2425 4956 ﬁdeli
2457 4907 2514 4954 et
2563 4898 2766 4955 dilecto
2811 4896 3014 4964 fratre,
3059 4895 3154 4967 qui
3202 4904 3380 4952 estex
3422 4895 3594 4960 vobis,

351 4997 686 5057 Κολασσαεῖς
738 4994 831 5046 καὶ
883 4989 977 5044 τοῦ
1038 4989 1328 5060 Ὀνησίμου
1387 4988 1679 5061 μέμνηται.
1741 5011 1760 5041 ‹
1809 4993 1916 5045 Σὺν

2029 4997 2214 5053 omnia
2261 5010 2382 5065 qua:
2441 4993 2533 5069 hic
2579 4999 2816 5066 aguntur
2865 4999 2996 5048 nota
3045 4989 3250 5044 facient
3294 4987 3450 5043 vobis
3481 4995 3529 5042 κ.
3576 5008 3592 5038 ι

363 5088 634 5158 Ὀνησίμῳ
675 5087 804 5158 γὰρ,
831 5083 985 5154 φησὶ,
1020 5081 1100 5152 τῷ
1142 5080 1314 5151 πιστῷ
1345 5081 1437 5134 καὶ
1463 5083 1730 5154 ἀγαπητῷ
1760 5084 1916 5138 ἀδελ.

2033 5090 2177 5142 Ante
2206 5085 2306 5140 has
2331 5085 2514 5155 itaque
2539 5085 2676 5140 duas
2702 5081 3002 5138 collocetur
3026 5095 3090 5135 ea
3121 5094 3244 5149 qua;
3271 5078 3477 5148 scripta
3515 5087 3602 5133 est

423 5232 448 5259 ο
490 5223 798 5284 ICnr.xvt,
834 5220 954 5274 a4.
1031 5229 1059 5267 ιι
1097 5218 1220 5273 Act.
1257 5235 1363 5281 xx,
1396 5219 1488 5274 es.
1553 5206 1596 5270 ἰι
1637 5221 1754 5275 Act.
1794 5239 1916 5289 XXI,

2053 5241 2160 5279 xxv
2264 5231 2286 5262 ν
2331 5221 2482 5275 Rom.
2531 5237 2658 5285 xvr,
2692 5220 2744 5273 1.
2824 5231 2846 5257 ³
2888 5218 3018 5274 ibid.
3051 5217 3140 5274 25.
3226 5217 3404 5274 'Cor.
3435 5231 3477 5286 1,
3506 5217 3596 5270 ﬂ.

353 5304 380 5333 ιι
418 5292 661 5364 Philipp.
698 5310 771 5356 ιν,
801 5293 891 5344 9.2.
970 5299 995 5327 τ
1036 5289 1232 5358 Ephes.
1273 5306 1322 5345 vr
1347 5330 1360 5354 ,
1391 5290 1482 5355 21,
1518 5290 1588 5343 ‘22
1613 5309 1628 5356 ;
1658 5291 1877 5349 Coloss.

2041 5295 2093 5356 7,
2129 5295 2181 5347 8.
2261 5301 2289 5329 ⁸
2331 5292 2462 5347 ibid.
2496 5292 2550 5344 9.

1662 5421 1897 5477 vani/ta
1939 5407 2374 5480 LECTIONES.’

428 5523 448 5554 '
473 5523 511 5575 Β
535 5517 762 5590 δευτέρα
796 5517 1010 5580 vitiose,
1045 5516 1188 5584 quod
1217 5519 1380 5572 etiam
1431 5518 1589 5574 habet
1641 5515 1856 5573 llerveti
1910 5517 2313 5588 interpretatio.

359 5597 522 5649 male:
564 5590 883 5659 Ῥωμαίους.

676 5685 939 5742 ΡΑτιιοῐ..
993 5679 1105 5738 Gn.
1159 5680 1462 5743 LXXX“.
1751 5683 1754 5686 ’

3228 5679 3262 5740 2

2416 5519 2436 5548 ⁸
2469 5519 2545 5574 Ita
2604 5525 2748 5574 recte
2806 5516 2967 5573 habet
3023 5515 3080 5582 Β,
3117 5515 3395 5571 Strmondl
3432 5512 3602 5570 editio
