4074 6176
40 5251 48 5364 !

437 175 509 240 ω
1417 157 1904 228 THEODORETI
1937 159 2278 226 EPISCOPI
2309 163 2673 227 CYRENSIS
3627 169 3696 238 tt

441 282 508 338 ad
570 278 964 334 Philemonem.
1015 271 1071 327 in
1122 273 1214 327 illa
1267 272 1414 328 enim
1464 273 1723 328 hortatur
1761 281 1821 328 ut
1868 273 2050 342 τεεί-λ

2080 273 2218 344 φῷ,
2257 276 2315 339 ὃς
2354 277 2500 329 ἐστιν
2539 275 2597 340 ἐξ
2635 275 2812 347 ὑμῶν,
2855 277 3030 330 πάντα
3068 277 3394 350 γνωρίσουσι
3433 279 3502 334 τὰ
3533 279 3689 338 (me

443 374 625 444 piatur
660 368 977 434 Onesimus,
1009 373 1068 421 ut
1109 366 1204 436 qui
1245 365 1301 420 in
1350 379 1575 420 carcere
1624 375 1808 420 ortum
1856 365 2018 436 spiri-

2119 367 2234 438 Πρὸ
2270 366 2379 420 τῶν
2415 367 2508 421 δύο
2544 368 2725 422 τοίνυν
2777 367 2980 422 τούτων
3018 371 3050 440 ἠ
3091 369 3229 441 πρὸς
3277 371 3556 442 Φιλήμονα
3612 393 3701 428 τε-

442 463 646 517 tualem
684 459 913 531 ceperit.
948 457 1050 512 Hic
1097 465 1281 512 autem
1310 471 1434 510 eum
1486 456 1651 511 etiam
1682 455 1827 511 inter
1856 455 2019 510 mini-

2118 458 2321 528 τάχθω.
2386 459 2474 512 Ἐν
2527 459 2714 532 ἐκείνῃ
2768 461 2868 530 μὲν
2915 459 3025 531 γὰρ
3074 459 3332 531 δεχθῆναι
3391 464 3702 534 παρακαλεί

445 565 593 611 stros
626 553 882 609 collocat.
909 549 1040 606 Post
1069 549 1170 605 hos
1199 557 1382 604 autem
1413 548 1481 603 ad
1513 547 1774 604 Hebraeos
1799 565 2019 620 quoque

2118 550 2210 604 τὸν
2257 551 2567 622 Ὀνήσιμον,
2607 551 2683 616 ὡς
2721 553 2780 605 ἐν
2826 549 2905 622 τῷ
2959 552 3320 638 δεσμωτηρίῳ
3371 553 3484 607 τῶν
3535 572 3702 607 πνευ-

443 641 693 716 scripsit,
717 642 882 714 idque
907 640 1102 706 Roma,
1130 649 1188 696 ut
1210 641 1267 710 8
1299 639 1425 694 linis
1454 639 1614 694 docet
1641 655 1654 692 :
1689 658 1708 690 ι
1747 637 2017 703 Salutant,

2124 643 2368 715 ματικῶν
2426 643 2631 699 ὠδίνων
2668 645 3025 714 τετυχηκότα⁶
3066 643 3303 698 ἐνταῦθα
3342 644 3400 698 δέ
3442 647 3536 699 καὶ
3592 649 3703 710 τοῖς

445 739 645 810 inquit,
681 750 801 798 vos,
839 733 933 805 qui
966 742 1094 789 sunt
1125 746 1192 788 ex
1218 731 1378 786 italia
1403 738 1453 783 γ.
1498 749 1516 782 ›
1549 729 1805 785 Omnium
1839 737 2020 785 autem

2122 735 2414 807 ὑπουργοῖς
2460 735 2762 789 συντάττει.
2828 734 2985 788 Μετὰ
3021 735 3243 799 τούτους
3292 735 3566 807 Ἑϐραίοις
3605 739 3703 790 ἐπ-

445 830 698 884 ulliuiam
732 825 959 896 scripsit
989 822 1287 880 secundam
1333 821 1400 876 ad
1428 819 1802 885 Timotheum,
1824 829 1879 876 et
1915 820 2021 876 hoc

2123 821 2349 888 ἐστειλε,
2390 822 2484 875 καὶ
2521 822 2732 886 τούτοις
2769 825 2790 856 "
2827 823 2883 877 δέ
2922 841 2984 894 γε
3025 824 3132 878 ἀπὸ
3163 823 3382 896 Ῥώμης
3404 863 3419 889 ,
3459 825 3533 888 ὡς
3563 827 3705 880 διδά-

444 938 641 979 rursus
676 937 742 976 ex
778 919 900 990 ejus
949 917 1172 988 scriptis
1221 914 1383 970 facile
1424 913 1557 971 sciri
1599 904 1799 985 potest.
1844 931 1863 965 ι
1905 913 2024 984 Ego

2125 930 2244 967 σκει
2281 913 2343 967 τὸ
2378 915 2562 980 τέλος-
2605 933 2624 967 ι
2674 914 3036 980 Ἀσπάζονται
3072 918 3203 986 γὰρ,
3245 917 3432 986 φησὶν,
3473 918 3616 987 ὑμᾶς
3655 921 3703 972 οἱ

448 1018 616 1081 enim,
654 1013 852 1084 inquit,
887 1011 1000 1082 jam
1038 1009 1274 1076 delibor,
1301 1016 1356 1063 et
1384 1014 1600 1077 tempus
1639 1019 1772 1061 mete
1815 1003 2026 1060 disces-

2125 1006 2232 1062 ἀπὸ
2268 1009 2366 1079 τῆς
2418 1006 2697 1072 Ἰταλίας.»
2754 1007 3020 1078 Ἐσχάτην
3056 1008 3112 1061 δέ
3155 1008 3342 1062 πασῶν
3380 1008 3478 1081 τὴν
3516 1011 3704 1064 δευτέ-

449 1107 625 1166 sionis
667 1106 839 1160 instat
865 1112 911 1156 ι.
951 1122 970 1156 ›
1019 1099 1158 1156 Hinc
1203 1114 1423 1172 quoque
1456 1098 1588 1154 sciri
1643 1105 1847 1169 potest,
1878 1094 2024 1167 quod

2127 1116 2228 1169 ραν
2274 1099 2411 1170 πρὸς
2459 1099 2722 1171 Τιμόθεον
2773 1100 3020 1172 γέγραφε
3047 1115 3060 1128 ·
3120 1099 3216 1153 καὶ
3253 1101 3412 1155 τοῦτο
3447 1102 3502 1155 δέ
3544 1102 3707 1156 πάλιν

451 1200 518 1254 ad
574 1197 843 1268 Ephesios
888 1205 943 1251 et
985 1193 1352 1250 Colosscnses
1405 1191 1667 1262 epistolas
1700 1188 1872 1244 Roma
1923 1187 2027 1242 mi-

2128 1192 2192 1244 ἐκ
2223 1190 2333 1244 τῶν
2372 1190 2537 1244 αὑτοῦ
2577 1192 2920 1263 γραμμάτων
2954 1192 3294 1263 καταμαθεῖν
3334 1194 3534 1264 ῥᾴδιον.
3567 1213 3585 1246 ι
3621 1195 3708 1247 Ἐ-

452 1289 605 1344 serit.
643 1307 662 1340 ι
700 1285 1026 1359 Tychicum,
1051 1285 1198 1342 enim
1221 1282 1422 1354 inquit,
1449 1281 1574 1336 misi
1597 1279 1873 1351 Ephesum
1911 1290 1968 1358 0.
2003 1293 2021 1330 ι

2127 1283 2210 1352 γὼ
2247 1283 2354 1354 γὰρ
2380 1324 2394 1350 ,
2431 1283 2614 1353 φησιν,
2653 1284 2756 1354 ήδη
2797 1282 3133 1354 σπένδομαι,
3175 1284 3272 1338 καὶ
3317 1283 3346 1336 ὁ
3384 1284 3573 1355 καιρὸς
3606 1283 3706 1352 τῆς

454 1377 554 1433 llic
591 1389 674 1434 est
725 1392 855 1449 ergo
890 1376 1026 1432 ordo
1067 1373 1458 1446 Epistolarum,
1500 1370 1645 1441 quod
1687 1369 1757 1425 ad
1804 1377 2026 1439 tempus

2131 1375 2272 1446 ἐμῆς
2309 1373 2619 1438 ἀναλύσεως
2658 1375 2981 1446 ἐφέστηκεν.
3027 1395 3047 1428 ι
3103 1374 3387 1430 Ἐντεῦθεν
3445 1375 3561 1428 ἔστι
3607 1394 3705 1429 κα-

457 1488 565 1544 quo
594 1473 818 1544 scriptae
850 1477 978 1525 sunt
1008 1468 1225 1523 attinet.
1269 1463 1573 1535 Epistolam
1600 1468 1784 1517 autem
1820 1459 1887 1515 ad
1922 1459 2031 1514 Ro-

2128 1466 2428 1537 ταμαθεῖν,
2477 1467 2553 1531 ὡς
2613 1468 2708 1520 καὶ
2758 1467 2858 1540 τὴν
2910 1466 3047 1539 πρὸς
3091 1465 3373 1537 Ἐφεσίους
3405 1507 3419 1533 ,
3461 1467 3556 1520 καὶ
3608 1465 3710 1537 τὴν

455 1579 648 1620 manos
686 1566 1130 1634 praeposuerunt,
1154 1565 1215 1612 ut
1239 1567 1363 1628 quae
1404 1554 1460 1610 in
1502 1568 1561 1611 se
1593 1552 1776 1608 omnis
1809 1551 2030 1624 generis
2062 1632 2064 1634 ι

2131 1557 2271 1627 πρὸς
2309 1557 2666 1621 Κολασσαείς,
2703 1557 2809 1611 ἀπὺ
2841 1558 2942 1629 τῆς
2985 1557 3204 1630 Ῥώμης
3238 1557 3576 1612 ἐπέστειλε.‹
3603 1557 3708 1610 Τυα-

453 1629 885 1718 ιιοειτίηείω,ὀι
917 1655 1233 1704 accuratam
1271 1645 1665 1715 c0piosamque
1711 1644 2027 1714 dogmatum

2102 1637 2108 1684 ί
2138 1649 2290 1718 χικὸν
2320 1648 2450 1720 γὰρ,
2487 1649 2672 1718 φησιν,
2709 1648 2998 1703 ἐπέστειλα
3031 1629 3112 1712 εἰς
3152 1650 3406 1718 Ἔφεσον.
3446 1666 3464 1699 ι
3511 1648 3577 1700 Ἥ
3612 1647 3711 1718 μὲν

454 1741 937 1814 pertractationem
987 1737 1290 1792 contineat.
1322 1735 1558 1800 Quidam
1591 1742 1773 1788 autem
1817 1733 2033 1798 dicunt,

2136 1739 2243 1792 τῶν
2291 1739 2588 1794 ἐπιστολῶν
2624 1740 2764 1795 κατὰ
2801 1740 2892 1794 τὸν
2930 1741 3120 1812 χρόνον
3151 1740 3304 1806 τάξις
3344 1740 3491 1793 ἐστὶν
3547 1737 3709 1810 αὕτη.

457 1842 520 1890 ut
558 1833 774 1898 urbem,
821 1845 942 1901 qua:
976 1828 1239 1884 universo
1287 1825 1407 1882 orbi
1448 1833 1704 1897 praeerat,
1729 1833 1783 1880 et
1821 1823 2035 1894 imperii

2137 1831 2512 1902 Προτετάχασι
2551 1831 2606 1884 δὲ
2643 1831 2743 1900 τὴν
2783 1831 2919 1903 πρὸς
2969 1832 3295 1902 Ῥωμαίους,
3333 1830 3408 1894 ὡς
3449 1829 3713 1884 παντοδα-

461 1932 679 1996 sceptra
725 1923 978 1989 tenebat,
1023 1921 1402 1984 honorarent,
1443 1931 1563 1974 eam
1611 1931 1732 1988 quae
1783 1916 1851 1970 ad
1912 1917 2037 1972 illos

2140 1921 2248 1992 πὴν
2305 1919 2530 1991 ἔχουσαν
2565 1919 2930 1985 διδασκαλίαν,
2969 1921 3068 1974 καὶ
3109 1921 3206 1992 τὴν
3257 1919 3367 1973 τῶν
3427 1917 3713 1989 δογμάτων

462 2017 665 2085 scripta
731 2023 815 2070 est
874 2013 1173 2084 Epistulam
1227 2011 1460 2082 primam
1512 2008 1838 2066 collocasse.
1899 2007 2029 2062 Mihi

2138 2010 2424 2082 ἀκρίϐειαν
2461 2011 2548 2065 διὰ
2601 2011 2862 2066 πλειόνων
2897 2011 3275 2068 διδάσκουσαν.
3323 2011 3480 2074 Τινὲς
3515 2009 3572 2063 δέ
3611 2027 3706 2078 φα-

463 2115 647 2163 autem
677 2105 823 2176 quod
860 2105 1013 2178 prius
1044 2104 1252 2160 dictum
1293 2109 1381 2157 est
1412 2101 1631 2158 videtur
1675 2113 1803 2156 esse
1827 2099 2034 2154 verius.

2141 2118 2246 2170 σιν,
2281 2105 2362 2157 ὅτι
2385 2105 2477 2156 καὶ
2505 2104 2602 2176 τὴν
2636 2105 2789 2158 πόλιν
2823 2104 3111 2174 τιμῶντες,
3141 2104 3216 2168 ὡς
3253 2103 3354 2172 τῆς
3389 2100 3716 2170 οἰκουμένης

474 2198 582 2254 Sed
619 2199 849 2252 aliarum
881 2196 1102 2268 quidem
1133 2193 1502 2266 Epistolarum
1535 2199 1858 2263 argumenta
1888 2205 2038 2247 con-

2139 2193 2584 2266 προκαθημένην,
2625 2195 2720 2250 καὶ⁵
2757 2196 2852 2266 τῆς
2873 2195 3150 2266 βασιλείας
3183 2195 3254 2248 τὰ
3291 2194 3549 2266 σκῆπτρα
3585 2208 3716 2245 κατ-

465 2288 734 2354 venienti,
765 2286 812 2343 si
843 2286 954 2342 Deo
983 2285 1163 2340 visum
1208 2282 1396 2347 fuerit,
1426 2291 1670 2353 tempore
1707 2281 2036 2346 scribemus,

2139 2283 2390 2354 ἔχουσαν,
2428 2287 2653 2358 πρώτην
2722 2286 2917 2352 ἔταξαν
2962 2286 3062 2358 τὴν
3116 2287 3252 2359 πρὸς
3303 2284 3524 2347 τούτους
3579 2299 3715 2352 γραι-

469 2387 522 2434 et
581 2379 892 2450 unicuique
949 2390 1352 2448 praeponemus.
1403 2371 1463 2428 in
1511 2372 1801 2444 praesentia
1859 2380 2037 2426 autem

2144 2377 2339 2445 φεῖσαν
2375 2376 2716 2448 Ἐπιστολὴν.
2760 2378 2913 2448 Ἐμοὶ
2947 2377 3090 2429 δὲτὸ
3128 2377 3392 2446 πρότερον
3424 2373 3717 2443 ἀληθέστε-

466 2469 733 2541 Epistola:
770 2471 837 2524 ad
871 2468 1149 2524 Romanos
1183 2466 1490 2522 institutum
1523 2479 1588 2520 ac
1614 2477 1842 2534 scopum
1887 2477 2042 2518 sum-

2146 2483 2239 2538 ρον
2274 2464 2412 2521 εἶναι
2447 2467 2616 2520 δοκεῖ.
2671 2466 2829 2520 Ἀλλὰ
2887 2467 2997 2520 τῶν
3039 2466 3148 2536 μὲν
3193 2464 3366 2517 ἄλλων
3417 2457 3717 2515 ἐπιστολῶν

468 2564 658 2617 ιιαιῑηι
679 2561 951 2617 dicemus.

2143 2557 2242 2620 τὰς
2295 2557 2580 2621 ὑποθέσεις
2632 2556 2771 2610 κατὰ
2825 2555 2918 2610 τὸν
2967 2557 3315 2628 προσήκοντα
3367 2550 3582 2622 καιρὸν,
3621 2547 3719 2600 σὺν

468 2651 590 2724 Θεῷ
639 2653 802 2723 φάναι
834 2690 849 2711 .
902 2650 1185 2723 γράψομεν
1239 2648 1332 2704 καὶ
1385 2647 1621 2718 ἑκάστης
1675 2644 2036 2717 προτάεομεν.
2102 2647 2223 2703 Ἐπὶ
2259 2649 2312 2704 δέ
2351 2668 2414 2720 γε
2467 2650 2560 2705 τοῦ
2603 2650 2865 2720 παρόντος
2922 2649 3022 2720 τῆς
3078 2647 3214 2722 πρὸς
3259 2643 3560 2716 Ῥωμαίους
3629 2639 3721 2693 τὸν

475 2743 680 2798 σκοπὸν
716 2738 950 2814 ἐροῦμεν
977 2743 1036 2796 ἐν
1070 2739 1372 2811 κεφαλαίῳ.

538 2903 571 2948 7
605 2895 772 2954 Hebr.
803 2909 935 2965 xm,
968 2895 1058 2951 94.
1137 2903 1160 2932 ι
1199 2891 1242 2947 11
1275 2891 1512 2948 Timoth.
1552 2906 1636 2957 tv,
1676 2889 1729 2946 6.
1805 2900 1832 2930 ι
1867 2888 2003 2944 ibid.
2042 2886 2128 2940 12.

1749 3020 1979 3078 VARMS
2019 3016 2422 3075 LECTIONES.

575 3121 594 3151 '
627 3123 722 3175 καὶ
750 3119 958 3182 τούτοις
983 3149 1054 3160 -
1096 3117 1314 3189 Ῥώμης
1351 3115 1736 3172 desiderantur
1771 3115 1825 3168 in
1857 3114 2081 3170 Herveti
2118 3113 2386 3169 versione.

1583 3311 1916 3321 ".—

1917 3309 2280 3319 ψ

1165 3314 1580 3325 Μ-νζοσ-ε--ρ

833 3473 1179 3610 ΤΟΥ
1251 3467 2131 3608 ΜΑΚΑΡΙΟΥ
2210 3466 3378 3636 ΘΕΟΔΩΡΗΤΟΥ

1753 3697 2153 3755 ΕΠῙΣΚΟΙΙΟΥ
2177 3697 2414 3752 ΚΥΡΟΥ

711 3862 1275 3958 ΕΡΜΗΝΕΙΑ
1371 3864 1590 3952 ΤΗΣ
1709 3860 2002 3952 ΠΡΟΣ
2086 3858 2654 3946 ΡΩΜΑΙΟΥΣ
2797 3860 3434 3950 ΕΠΙΣΤΟΛΗΣ

691 3318 1164 3332 ___,_____.____'.

500 3325 686 3337 σ--οο-οο

1149 4235 1717 4394 ΒΕΑΤΙ
1832 4233 3078 4391 THEODORETI

1780 4496 2088 4558 EPISCOPI
2128 4497 2466 4556 CYRENSIS

778 4678 1767 4774 lNTERPBETATIO
1839 4674 2474 4770 EPISTOLIE
2573 4674 2726 4760 AD
2833 4665 3444 4759 ROMANOS.

766 4427 800 4436 -

983 5016 1562 5094 9ARGUMENTUM.
2093 5028 2136 5088 α
2789 5011 3146 5068 γηυθεΣιΣ,

557 5111 776 5170 Variam
811 5113 1034 5186 quidem
1063 5122 1118 5169 et
1147 5112 1329 5168 omnis
1361 5110 1582 5185 generis
1613 5108 1926 5166 doctrinam
1969 5120 2068 5182 per
2238 5111 2498 5182 Ποικίλην
2527 5109 2627 5181 μὲν
2661 5108 2757 5163 καὶ
2797 5104 3150 5178 παντοδαπὴν
3177 5105 3206 5158 ὁ
3240 5103 3386 5169 θεῖος
3423 5103 3749 5168 ’Δπόστολος

487 5205 604 5262 huc
653 5207 856 5278 scripta
894 5203 1116 5263 exhibet
1139 5204 1360 5261 divinus
1404 5202 1726 5274 Apostolus.
1759 5201 2068 5264 Universus
2165 5203 2253 5259 διὰ
2281 5201 2446 5258 τῶνδε
2489 5199 2596 5256 τῶν
2627 5199 2976 5273 γραμμάτων
3023 5197 3324 5270 προσφέρει
3371 5195 3738 5252 διδασκαλίαν.

490 5305 671 5354 autem
695 5299 940 5371 epistolae
963 5296 1053 5351 hic
1076 5305 1402 5367 estsc0pus.
1425 5295 1636 5352 Divitiae
1661 5297 2067 5356 incarnationis
2169 5296 2350 5362 Ἅπας
2381 5294 2438 5348 δὲ
2467 5294 2568 5365 τῆς
2609 5292 2932 5364 Ἐπιστολῆς
2971 5293 3000 5346 ὁ
3027 5291 3227 5356 σκοπός
3258 5292 3405 5344 ἐστιν
3432 5282 3607 5350 οὗτος.
3641 5286 3749 5354 Τῆς

491 5393 809 5461 mysterium
859 5389 928 5444 iis
965 5387 1186 5457 quidem
1225 5389 1320 5458 qui
1370 5405 1504 5460 pure
1542 5403 1608 5445 ac
1644 5389 1860 5447 sincere
1895 5390 2070 5448 credi-
2167 5388 2319 5454 θείας
2367 5387 2834 5459 ἐνανθρωπήσεως
2867 5385 2928 5438 τὸ
2977 5386 3296 5457 μυστήριον,
3344 5383 3456 5445 τοῖς
3485 5380 3584 5452 μὲν
3615 5378 3750 5431 εἱλισ

493 5481 690 5538 derunt
744 5489 828 5538 est
878 5479 1190 5540 venerabile
1232 5482 1501 5554 valdeque
1559 5482 1925 5541 adorandum.
1974 5484 2067 5542 Dei
2166 5481 2366 5554 κρινῶς
2415 5479 2808 5534 πεπιστευκόσι
2853 5477 3048 5532 σεπτὸν
3084 5478 3200 5531 ἐστι
3257 5475 3350 5530 καὶ
3399 5473 3538 5541 ἄγαν
3582 5484 3751 5540 προσ·

493 5569 634 5624 enim
665 5586 790 5643 erga
839 5569 1090 5633 homines
1137 5589 1378 5632 amorem
1414 5590 1517 5632 nos
1565 5577 1849 5634 evidenter
1877 5579 2054 5635 docet.
2172 5574 2422 5645 κυνητόν.
2462 5571 2740 5643 Ἐναργῶς
2782 5570 2892 5642 γὰρ
2922 5571 3069 5642 ἡμᾶς
3101 5569 3200 5641 τὴν
3228 5567 3319 5622 τοῦ
3349 5563 3484 5620 Θεοῦ
3511 5561 3751 5616 διδάσκει
