4074 6176
357 221 430 290 ιδ
1354 217 1938 286 INTERPRETA’ID

2038 222 2242 284 lPIST.
2269 222 2369 282 AD
2405 219 2590 282 ROM.
3545 218 3614 290 ιτ

358 327 793 402 φιλανθρωπίαν.
828 329 890 382 0t
940 323 997 381 δέ
1049 344 1113 397 γε
1161 327 1262 398 τῆς
1310 327 1568 394 ἀπιστίας
1620 327 1718 400 τὴν
1771 327 1938 400 ἀχλὺν

2040 325 2145 396 Qui
2186 335 2370 384 autem
2401 335 2530 385 sunt
2563 325 2905 386 inlldelitatls
2921 327 3153 400 caligine
3180 326 3534 403 circumfusi,
3561 347 3616 393 et

362 420 772 494 περικείμενοι,
827 420 923 474 καὶ
971 419 1066 474 τοῦ
1124 418 1312 492 νοεροῠ
1366 421 1544 490 φωτὸς
1599 421 1700 492 τὴν
1737 420 1934 492 αἴγλην

365 515 590 587 μηδέπω
618 514 933 584 δεξάμενοι,
987 512 1218 582 γελῶσιν
1269 511 1306 568 ἀ
1355 512 1491 583 μηδὲ
1536 512 1644 566 τῶν
1689 512 1936 581 ἀγγέλων

357 610 412 661 ot
438 608 595 677 δῆμοι
623 605 760 676 πρὸς
788 603 944 669 ἀξίαν
988 604 1230 675 ὑμνῆσαι
1260 603 1602 676 δεδύνηνται.
1639 603 1750 658 Καὶ
1778 602 1937 658 τοῦτο

363 699 548 769 σαφῶς
579 700 608 752 6
633 696 920 760 θεσπέσιος
965 695 1290 758 Ἀπόστολος
1320 696 1630 768 Κορινθίοις
1681 695 1934 750 ἐπιστέλ-

359 791 465 844 λων
495 788 763 854 ἐδίδαξεν·
808 808 826 840 ι
877 787 935 842 ’0
978 787 1139 858 λόγος
1169 789 1276 861 γὰρ
1322 789 1351 841 6
1403 787 1497 841 τοῦ
1544 787 1782 860 σταυροῦ
1823 789 1938 852 τοῖς

363 883 461 952 μὲν
492 880 888 951 ἀπολλυμένοις
925 880 1106 951 μωρία
1154 879 1272 933 ἐστὶ
1294 918 1308 944 ,
1362 881 1473 942 τοῖς
1501 877 1559 932 δὲ
1608 877 1936 950 σωζομένοις

353 971 585 1042 δύναμις
633 970 770 1024 Θεοῦ
821 971 958 1024 ἐστι.
1007 989 1026 1022 ι
1079 968 1252 1024 Τοῦτο
1320 969 1499 1024 τοίνυν
1557 970 1618 1024 τὸ
1670 969 1936 1042 σωτήριον

355 1063 654 1134 κήρυγμα,
705 1061 997 1131 Ῥωμαίοις
1035 1061 1284 1132 γράφων,
1329 1061 1628 1130 ἀναγκαῖον
1669 1059 1930 1125 δείκνυσι,

358 1156 454 1211 καὶ
503 1155 670 1208 πᾶσιν
700 1152 1048 1224 ἀνθρώποις,
1094 1152 1372 1217 Ἰουδαίοις
1421 1169 1480 1206 τε
1533 1153 1628 1207 καὶ
1682 1152 1929 1226 Ἕλλησι,

357 1244 634 1309 λυσιτελὲς
665 1244 759 1299 καὶ
790 1243 1090 1314 συμφέρον.
1119 1237 1193 1298 Ui)
1215 1243 1280 1314 δὴ
1307 1244 1466 1316 χάριν
1493 1244 1600 1315 πρὸ
1629 1245 1734 1299 τῶν
1760 1245 1934 1299 ἀλλων

357 1337 614 1392 ἁπάντων
636 1377 651 1400 ,
689 1337 784 1390 καὶ
817 1334 1086 1405 Ἓλληνας
1123 1333 1398 1406 ἐξελέγχει
1419 1373 1435 1397 ,
1490 1335 1589 1406 τὴν
1623 1336 1934 1390 ὲντεθεῐσαν

357 1434 424 1502 τῇ
483 1429 642 1500 φύσει
680 1427 832 1499 παρά
871 1427 966 1481 τοῦ
1026 1428 1391 1497 πεποιηκότος
1435 1427 1542 1481 τῶν
1585 1427 1805 1497 ἀγαθῶν
1839 1428 1936 1482 καὶ

355 1522 464 1576 τῶν
520 1520 776 1574 ἐναντίων
828 1519 1101 1590 διάκρισιν
1166 1518 1430 1588 ἄντικρυς
1485 1517 1934 1590 διαφθείραντας,

357 1615 451 1670 καὶ
494 1615 592 1685 τῆς
638 1611 852 1680 φύσεως
885 1610 1344 1683 παραϐεϐηκότας
1390 1610 1515 1674 τοὺς
1551 1611 1752 1680 νόμους
1780 1625 1792 1637 ·
1843 1609 1937 1662 καὶ⁸

359 1679 559 1775 μέντοι⁷
584 1679 682 1757 καὶ
725 1679 1038 1764 Ἰουδαίους,
1085 1699 1368 1770 ἔγγραφον
1402 1699 1502 1769 μὲν
1545 1698 1706 1752 θείων
1755 1698 1937 1767 νόμων
1969 1679 2010 1733 Β

351 1795 683 1867 δεξαμένους
720 1793 1096 1857 διδασκαλίαν,
1130 1791 1318 1860 ὄνησιν
1349 1790 1404 1844 δὲ
1435 1789 1684 1844 ἐντεῦθεν
1717 1790 1779 1843 οὐ
1811 1789 1938 1860 βουο

354 1885 618 1956 ληθέντας
663 1883 849 1936 λαϐεῖν
874 1923 888 1948 ,
940 1879 1078 1935 ἀλλά
1122 1877 1332 1951 μείζοσι
1361 1879 1656 1951 τιμωρίαις
1693 1877 1934 1932 ὑπευθύο

353 1993 478 2041 νους
507 1973 928 2045 γεγενημένους.
971 1971 1125 2027 Μετά
1159 1970 1330 2026 ταῦτα
1359 1970 1506 2039 λέγει
1545 1970 1644 2042 τὴν
1675 1970 1768 2024 τοῦ
1797 1968 1934 2024 Θεοῦ

355 2072 446 2125 καὶ
475 2070 726 2140 Σωτῆρος
774 2066 930 2139 ήμῶν
956 2067 1277 2136 ἐπιφάνειαν
1300 2107 1316 2133 ,
1360 2065 1463 2119 οὐκ
1491 2065 1584 2118 ἐπὶ
1611 2063 1793 2136 κρίσει
1842 2064 1938 2120 καὶ

353 2163 596 2233 τιμωρίᾳ
623 2161 730 2214 τῶν
763 2160 1300 2232 παρανενομηκότων
1344 2158 1749 2229 γεγενημένην,
1801 2157 1938 2210 ἀλλὰ

357 2253 464 2306 τῶν
491 2253 902 2322 ἁμαρτημάτων
946 2251 1298 2321 δωρουμένην
1326 2249 1425 2320 τὴν
1451 2250 1667 2318 ἀφεσιν,
1715 2250 1811 2302 καὶ
1842 2245 1936 2302 τοῦ

362 2343 594 2396 θανάτου
637 2343 734 2412 τὴν
765 2341 920 2394 λύσιν
956 2341 1415 2411 ὑπισχνουμένην.
1457 2340 1551 2394 καὶ
1592 2341 1690 2413 τὴν
1722 2339 1938 2395 αἰώνιον

363 2433 835 2505 ὲπαγγελλομένην
889 2433 1056 2504 ζωήν.
1111 2433 1328 2505 Ἐπειδὴ
1379 2433 1436 2486 δὲ
1493 2433 1584 2488 καὶ
1651 2432 1939 2498 Ἰουδαίους

355 2525 471 2598 ᾔδει
502 2526 622 2579 λίαν
649 2525 1041 2596 ἀντεχομένους
1065 2525 1160 2580 τοῦ
1191 2525 1380 2596 νόμου,
1410 2526 1504 2579 καὶ
1527 2527 1654 2590 τοὺς
1682 2524 1752 2579 τὰ
1778 2527 1936 2598 Μαρ-

356 2616 552 2680 κίωνος
580 2617 672 2670 καὶ
703 2616 1022 2698 Βαλεντίνου
1071 2615 1402 2681 νοσοῦντας,
1457 2617 1552 2671 καὶ
1602 2617 1786 2688 μέντοι
1840 2616 1936 2670 καὶ

353 2708 689 2780 Μανιχαίους
712 2751 726 2772 ,
769 2708 890 2762 λίαν
918 2709 1112 2764 τούτου
1153 2707 1602 2782 κατηγοροῦντας
1625 2748 1638 2772 ,
1681 2706 1935 2778 καθάπερ

350 2800 573 2871 ἄριστός
605 2816 688 2863 τις
724 2799 1028 2871 στρατηγὸς
1071 2801 1337 2856 πάντοθεν
1375 2801 1481 2855 ὑπὸ
1521 2800 1795 2871 πολεμίων
1839 2816 1937 2851 κυ-

350 2887 649 2959 κλούμενος
674 2927 689 2950 ,
745 2889 840 2941 καὶ
878 2886 1104 2950 τούτους
1138 2887 1322 2957 βάλλει
1360 2885 1645 2950 κάκείνους
1670 2927 1685 2950 ,
1733 2888 1830 2939 καὶ
1871 2884 1935 2938 τὸ

348 2982 613 3052 τρόπαιον
635 2979 850 3048 ἵστησιν
877 2994 893 3010 ο
918 2978 1090 3041 οὕτως
1117 2981 1145 3031 6
1181 2976 1322 3040 θεῖος
1357 2977 1684 3039 Ἀπόστολος
1709 2975 1803 3030 καὶ
1826 2975 1938 3030 τῶν
1965 3008 2009 3065 c

343 3070 648 3144 αίρετικῶν
671 3070 732 3122 τὸ
753 3069 963 3137 στίφος,
995 3069 1092 3123 καὶ
1115 3068 1224 3122 τῶν
1257 3066 1528 3122 Ἰουδαίων
1553 3066 1653 3139 τὴν
1682 3066 1939 3136 φάλαγγα

342 3163 438 3217 διά
463 3163 565 3233 τῆς
597 3160 748 3224 θείας
774 3160 1041 3215 κατέλυσε
1073 3159 1314 3230 χάριτος.
1345 3158 1412 3212 Τί
1439 3158 1549 3228 γὰρ
1583 3161 1762 3224 notet;
1812 3155 1938 3212 οὔτε

345 3254 495 3322 ἄγαν
518 3251 734 3323 ἐπαίρει
773 3251 866 3304 τὸν
895 3251 1060 3322 νόμον
1087 3249 1176 3304 διά
1203 3251 1305 3320 τὴν
1331 3249 1604 3304 Ἰουδαίων
1635 3249 1934 3314 ἀναίδειαν,

342 3345 477 3401 οὔτε
524 3345 796 3416 πρόφασιν
838 3343 1174 3416 κατηγορίας
1208 3343 1440 3414 παρέχει
1472 3345 1584 3408 τοῖς
1617 3343 1937 3398 δυσσεϐέσιν

343 3437 670 3505 αἱρετικοῖς.
703 3433 869 3489 Ἀλλά
897 3433 1141 3489 δείκνυσι
1190 3433 1290 3506 μὲν
1323 3434 1488 3488 αὐτὸν
1535 3434 1595 3488 τὸ
1646 3433 1765 3488 δέον
1811 3451 1937 3488 παι-

339 3523 656 3592 δεύσαντα,
707 3527 804 3580 καὶ
853 3525 951 3598 τὴν
1007 3526 1106 3596 τῆς
1163 3525 1514 3598 δικαιοσύνης
1582 3525 1935 3580 διδασκαλίαν

345 3621 787 3695 προσενεγκόντα
807 3637 821 3651 ο
865 3619 1207 3692 κατορθῶσαι
1235 3620 1290 3673 δὲ
1315 3619 1520 3691 ταύτην
1550 3620 1612 3674 οὐ
1636 3619 1938 3692 δυνηθέντα

342 3711 444 3765 διὰ
478 3710 578 3780 τὴν
623 3708 733 3764 τῶν
777 3709 1250 3780 νομοθετηθέντων
1284 3711 1584 3764 ἀσθένειαν.
1627 3706 1758 3764 Εἶτα
1793 3710 1938 3764 διδόν-

344 3818 477 3856 σκει
503 3799 580 3863 ῶς
623 3798 871 3871 ήπίστις
918 3799 1000 3862 είς
1051 3799 1213 3870 ἔργον
1256 3801 1433 3871 ἤγαγε
1478 3799 1570 3852 τὸν
1622 3799 1716 3852 τοῦ
1769 3799 1934 3870 νόμου

343 3890 575 3947 σκοπόν.
605 3888 786 3962 Ἀπερ
810 3890 921 3960 γάρ
965 3890 1174 3953 ἐκεῖνος
1221 3888 1571 3961 κατορθῶσαι
1614 3889 1713 3960 μὲν
1747 3889 1939 3961 ἠθέλη-

342 4005 448 4044 σεν
477 4029 494 4054 ,
528 3987 630 4041 οὐκ
661 3985 850 4056 ἴσχυσε
901 3985 959 4040 δὲ
983 4026 998 4051 ,
1047 3983 1190 4058 αὕτη
1239 3985 1330 4039 διὰ
1381 3985 1484 4056 τῆς
1516 3984 1611 4038 τοῦ
1662 3984 1934 4053 παναγίου

344 4080 670 4150 Πνεύματος
697 4077 970 4144 ἐξετέλεσε
995 4077 1239 4148 χάριτος.
1271 4077 1371 4131 Διά
1392 4076 1598 4131 τούτων
1629 4076 1686 4130 δὲ
1717 4076 1936 4130 πάντων

347 4171 722 4244 μανθάνομεν,
771 4169 848 4234 ὼς
877 4169 965 4223 ἀεὶ
996 4169 1105 4223 τῶν
1130 4167 1437 4240 ἀνθρώπων
1483 4167 1936 4240 προμηθούμενος

343 4262 650 4319 διετέλεσεν
688 4261 718 4314 6
747 4260 1163 4332 δημιουργήσας
1197 4261 1347 4331 ημᾶς
1381 4259 1536 4322 Θεός.
1579 4258 1803 4331 Πρῶτον
1835 4258 1936 4329 μὲν

2043 421 2183 478 lucis
2205 421 2582 492 intelligentia:
2638 422 2988 494 splendorem
3020 424 3268 481 nondum
3294 441 3608 503 suscepere,

2039 525 2103 566 ea
2125 511 2308 576 rident
2330 528 2454 584 qua:
2475 529 2544 569 ne
2570 513 2890 584 angelorum
2914 513 3132 586 quidem
3155 517 3340 587 populi
3365 519 3470 592 ιο
3492 535 3616 592 pos-

2039 613 2167 660 sunt
2188 619 2286 673 pro
2307 604 2573 676 dignitate
2595 605 2836 662 laudare.
2861 606 2928 662 Et
2949 606 3053 662 hoc
3078 607 3299 665 divinus
3315 611 3614 680 Apostolus

2037 697 2106 751 ad
2141 697 2460 753 Corinthios
2509 698 2760 754 scribens
2803 708 2991 770 aperte
3024 700 3212 757 docuit
3265 721 3278 756 :
3312 722 3332 756 ι
3375 704 3613 761 Verbum

2037 789 2180 843 enim
2203 788 2390 845 crucis
2406 778 2486 846 iis
2516 789 2738 860 quidem
2764 791 2856 861 qui
2891 799 3122 862 pereunt
3147 794 3384 849 stultitia
3407 804 3511 864 est,
3545 798 3612 853 iis

2038 887 2218 936 autem
2251 880 2347 952 qui
2378 881 2517 937 salvi
2551 881 2692 938 liunt
2730 883 2822 940 Dei
2857 885 3032 940 virtus
3063 893 3148 941 est
3184 887 3232 939 δ.
3277 906 3296 940 ι
3331 886 3488 942 Hanc
3515 888 3616 942 ita-

2037 988 2143 1041 que
2173 972 2472 1028 salutarem
2504 972 2950 1044 praedicationem
2970 974 3038 1029 ad
3057 973 3341 1033 Romanos
3363 979 3615 1035 scribens

2037 1063 2274 1119 ostendit
2303 1077 2428 1119 esse
2457 1065 2851 1131 necessariam,
2883 1073 2938 1120 et
2985 1067 3244 1122 omnibus
3276 1069 3612 1133 hominibus.

2035 1161 2145 1208 tam
2173 1151 2379 1209 Graecis
2409 1169 2574 1224 quam
2603 1152 2828 1224 Iudaeis,
2870 1156 3055 1212 utilem
3094 1171 3161 1212 ac
3184 1159 3612 1216 conducibilem.

2035 1243 2400 1310 Quamobrem
2433 1251 2564 1300 ante
2609 1245 2746 1302 alios
2800 1260 2991 1303 omnes
3035 1247 3258 1306 Graecos
3314 1249 3615 1324 redarguit,

2036 1335 2128 1406 qui
2164 1335 2434 1390 bonorum
2475 1349 2540 1390 ac
2583 1337 2851 1392 malorum
2897 1337 3194 1409 judicium,
3243 1343 3392 1413 quod
3440 1345 3510 1402 ab
3548 1361 3617 1402 eo

2040 1424 2133 1494 qui
2172 1439 2275 1479 nos
2307 1425 2510 1479 creavit
2541 1434 2752 1483 natura:
2780 1428 3007 1484 insitum
3035 1439 3143 1497 est,
3175 1434 3462 1492 manifeste
3487 1451 3617 1492 cor-

2038 1517 2308 1589 ruperint,
2340 1526 2394 1573 et
2421 1525 2634 1572 natura:
2673 1518 2820 1590 leges
2843 1521 3248 1580 transilierint:
3281 1526 3478 1585 deinde
3512 1524 3616 1586 Ju-

2040 1607 2206 1673 dteos,
2263 1607 2354 1678 qui
2418 1607 2730 1664 divinarum
2788 1610 3013 1681 quidem
3073 1612 3253 1684 legum
3307 1615 3617 1674 doctrinam

2040 1697 2262 1768 scriptis
2307 1698 2622 1754 mandatam
2656 1712 3009 1771 acceperunt,
3031 1703 3170 1759 nihil
3205 1712 3388 1763 tamen
3434 1724 3498 1764 ex
3551 1725 3618 1768 ea

2039 1789 2290 1844 utilitatis
2345 1791 2594 1862 accipere
2654 1791 2967 1858 voluerunt,
3016 1794 3115 1850 sed
3185 1811 3254 1854 eo
3311 1799 3618 1870 majoribus

2038 1881 2324 1952 suppliciis
2362 1880 2489 1938 facti
2524 1892 2655 1940 sunt
2709 1886 2960 1944 obnoxii.
2997 1885 3200 1945 Postea
3247 1897 3427 1947 autem
3481 1893 3618 1949 dicit

2040 1973 2208 2030 Deum
2243 1982 2299 2029 et
2331 1974 2682 2032 Servatorem
2721 1985 3002 2042 nostrum,
3032 1993 3140 2036 non
3181 1980 3248 2036 ad
3281 1997 3473 2038 eorum
3519 1984 3616 2054 qui

2039 2071 2230 2119 contra
2275 2065 2446 2136 legem
2497 2075 2892 2136 peccaverunt,
2929 2068 3450 2128 condemnationem
3482 2088 3617 2146 sup-

2040 2156 2377 2227 pliciumque
2400 2158 2742 2228 apparuisse,
2779 2160 2874 2217 sed
2914 2159 2982 2215 ad
3022 2160 3335 2218 donandam
3362 2159 3648 2234 peccato;

2041 2262 2162 2302 rum
2192 2248 2602 2312 remissionem,
2635 2250 2942 2322 mortisque
2983 2250 3422 2311 destructionem
3482 2272 3616 2327 pro-

2039 2336 2386 2402 mittendam,
2417 2345 2470 2394 et
2501 2345 2764 2395 aternam
2792 2339 2958 2395 vitam
2985 2341 3440 2399 annuntiandam.
3476 2347 3615 2414 Quia

2039 2441 2222 2488 autem
2253 2432 2461 2489 sciebat
2508 2431 2728 2490 Iudaeos
2755 2421 2977 2506 quidem
3011 2435 3114 2506 legi
3139 2437 3306 2496 nimis
3339 2440 3614 2506 addictos.

2037 2538 2133 2580 eos
2159 2533 2338 2578 autem
2369 2523 2462 2595 qui
2491 2522 2786 2581 Marcionis
2841 2531 2897 2582 et
2927 2523 3202 2582 Valentini
3240 2527 3430 2586 ltmresi
3451 2530 3617 2588 labo-

2038 2619 2185 2679 rant,
2213 2620 2375 2683 atque
2395 2613 2562 2668 etiam
2589 2612 2938 2682 Manichmos,
2970 2631 3090 2671 eam
3122 2617 3286 2673 nimis
3307 2633 3569 2676 accusare
3596 2635 3613 2675 :

2037 2705 2179 2759 sicut
2208 2705 2698 2774 praestantissimus
2736 2705 2938 2776 aliquis
2961 2708 3072 2762 dux
3109 2708 3235 2763 belli
3264 2709 3334 2766 ab
3364 2711 3616 2768 hostibus

2039 2794 2282 2864 undique
2320 2794 2743 2859 circumsessus,
2781 2804 2836 2850 et
2890 2800 2989 2852 hos
3026 2806 3082 2853 et
3117 2799 3240 2853 illos
3269 2799 3476 2868 dejicit,
3500 2803 3615 2858 eis-

2039 2899 2146 2954 que
2175 2884 2335 2939 victis
2363 2893 2632 2954 tropaeum
2666 2885 2832 2955 erigit
2873 2903 2888 2941 :
2940 2887 3018 2941 ita
3067 2888 3287 2944 divinus
3317 2891 3616 2960 Apostolus

2042 2976 2423 3030 luereticorum
2475 2983 2751 3040 catervas,
2805 2982 2860 3031 et
2943 2974 3258 3032 Judacorum
3318 2979 3617 3052 phalangrs

2040 3067 2228 3123 divina
2266 3067 2440 3138 gratia
2482 3065 2687 3138 frangit
2734 3081 2800 3122 ac
2848 3067 3049 3124 fundit.
3081 3067 3224 3136 Quid
3263 3070 3408 3128 enim
3437 3071 3566 3132 facit
3591 3076 3617 3129 ?

2036 3157 2226 3230 Neque
2254 3160 2427 3230 legem
2459 3158 2626 3216 nimis
2655 3159 2870 3214 extollit
2897 3167 3122 3232 propter
3145 3159 3462 3220 Judaorutn
3505 3167 3614 3222 imo

2037 3250 2376 3322 pudentiatn,
2440 3265 2620 3320 neque
2679 3250 2865 3321 impiis
2941 3251 3218 3308 haereticis
3289 3255 3410 3324 ejus
3454 3271 3614 3313 accu-

2035 3342 2222 3398 sanda:
2242 3343 2448 3413 praebet
2484 3342 2855 3399 occasionem.
2889 3341 2994 3398 Sed
3021 3359 3141 3398 eam
3173 3345 3398 3417 quidem
3427 3354 3617 3406 osten-

2035 3433 2117 3488 dit
2140 3434 2194 3489 id
2217 3433 2365 3504 quod
2387 3448 2526 3503 opus
2547 3441 2630 3489 est
2654 3433 2933 3502 docuisse,
2957 3434 3057 3504 ιι
3083 3445 3135 3490 et
3156 3438 3388 3506 justitis
3407 3441 3614 3497 doctri-

2040 3540 2161 3580 nam
2194 3525 2469 3586 attulisse,
2525 3525 2669 3580 hanc
2707 3532 2888 3581 autem
2913 3527 3174 3597 perlicere
3207 3545 3313 3584 non
3344 3533 3614 3599 potuisse,

2038 3627 2256 3688 propter
2290 3631 2479 3672 eorum
2514 3615 2717 3686 quibus
2757 3618 2883 3672 data
2920 3617 3097 3674 fuerat
3149 3619 3608 3679 imbecillitatem.

2039 3709 2243 3766 Deinde
2274 3710 2433 3764 docet
2489 3710 2635 3780 quod
2672 3709 2808 3766 lides
2837 3711 2976 3780 legis
3011 3726 3086 3768 ες(
3109 3726 3234 3782 pum
3263 3711 3318 3767 in
3348 3729 3488 3782 opus
3515 3714 3613 3768 de-

2038 3802 2216 3859 duxit.
2247 3801 2378 3868 Quae
2424 3803 2570 3858 enim
2623 3802 2716 3857 illa
2754 3803 2932 3859 voluit
2976 3804 3196 3874 quidem
3235 3802 3468 3868 uincere,
3516 3808 3612 3863 sed

2038 3910 2148 3950 non
2197 3895 2394 3966 potuit,
2449 3895 2556 3952 ista
2589 3909 2684 3964 per
2720 3895 2896 3952 sancti
2928 3893 3168 3966 Spiritus
3202 3897 3439 3966 gratiam
3479 3912 3606 3969 per-

2039 3986 2188 4044 fecit.
2211 3986 2315 4042 Per
2339 3986 2454 4042 haec
2477 3993 2661 4044 autem
2693 3987 2880 4042 omnia
2909 3987 3292 4059 intelligimus,
3324 3989 3468 4056 quod
3509 3988 3609 4044 bo-

2037 4079 2245 4134 minum
2299 4086 2565 4150 perpetuo
2623 4093 2814 4133 curam
2863 4081 3099 4150 gesserit
3157 4078 3304 4135 Deus
3353 4079 3447 4148 qui
3512 4094 3616 4136 nos

2037 4169 2264 4226 creavit.
2307 4168 2552 4224 Primum
2605 4167 2752 4224 enim
2802 4169 2858 4223 in
2888 4175 3086 4223 natura
3122 4167 3614 4224 indiditbonorum

2037 4271 2092 4318 et.
2123 4261 2526 4318 contrariorum
2545 4259 2845 4328 judicium.
2874 4259 3081 4316 Deinde
3107 4274 3202 4329 per
3218 4265 3502 4316 creaturas
3518 4274 3616 4316 eos

341 4353 460 4425 γὰρ
490 4354 548 4404 ὲν
588 4353 654 4423 τῇ
699 4350 860 4420 φύσει
899 4351 1008 4405 τῶν
1039 4349 1260 4417 ἀγαθῶν
1296 4350 1387 4404 καί
1414 4349 1525 4404 τῶν
1553 4349 1814 4404 ἐναντίων
1843 4349 1935 4402 τέ-

2039 4351 2133 4422 qui
2153 4351 2446 4405 voluerunt
2477 4351 2705 4405 deduxit
2751 4351 2816 4406 ad
2847 4350 3126 4418 pietatem.
3167 4348 3282 4404 Etsi
3315 4349 3462 4404 enim
3504 4367 3613 4404 non

345 4444 502 4498 θεικε
556 4441 655 4514 τὴν
688 4441 984 4513 διάκρισιν.
1038 4436 1171 4494 Εἶτα
1231 4441 1318 4494 διὰ
1374 4443 1474 4512 τῆς
1528 4441 1758 4504 κτίσεως
1805 4441 1935 4506 τοὺς

348 4533 714 4607 βουληθέντας
756 4532 1064 4604 ὲποδήγησε
1095 4531 1232 4604 πρὸς
1261 4532 1566 4586 εὐσέϐειαν.
1599 4533 1661 4585 Εἰ
1705 4532 1816 4602 γάρ
1843 4533 1938 4586 καὶ

351 4627 430 4697 μὴ
469 4625 672 4688 πάντες
713 4624 840 4678 ίδεῖν
865 4623 1142 4695 ἠθέλησαν
1190 4624 1290 4696 τὴν
1345 4622 1607 4696 ἀλήθειαν
1630 4660 1644 4685 ,
1699 4621 1812 4675 ἀλλ’
1843 4617 1938 4676 οὖν

346 4720 401 4773 οἱ
453 4717 661 4788 ταύτην
715 4717 1054 4790 ποθήσαντες
1106 4717 1431 4790 ἀπήλαυσαν
1503 4709 1581 4770 ὧν
1636 4713 1935 4786 ἐπόθησαν.

350 4810 498 4884 Πρὸς
530 4811 587 4866 δὲ
618 4809 830 4875 τούτοις
862 4809 1086 4864 κάκεῖνο
1113 4809 1261 4880 ἡμᾶς
1311 4809 1628 4864 ὲκπαιδεύει
1653 4849 1668 4875 ,
1719 4806 1795 4873 ὡς
1833 4809 1934 4864 οὐκ

351 4903 419 4956 ὲκ
450 4902 812 4974 μεταμελείας
835 4903 864 4956 6
887 4901 994 4956 τῶν
1018 4899 1156 4954 ὅλων
1184 4901 1317 4966 Θεὸς
1353 4901 1448 4956 ἐπὶ
1474 4901 1679 4974 ταύτην
1706 4901 1933 4974 ἐλήλυθε

352 4993 454 5066 τῆς
486 4994 761 5066 σωτηρίας
791 4994 888 5068 τὴν
919 4995 1142 5067 μέθοδον
1168 5015 1181 5027 ·
1218 4995 1337 5049 ἀλλ’
1384 4993 1594 5050 ἀνωθεν
1629 4993 1801 5066 αὐτὴν
1843 4993 1933 5049 διά

353 5087 466 5140 τῶν
510 5087 670 5142 θείων
716 5088 1091 5160 προηγόρευσε
1111 5087 1134 5122 ⁸
1188 5085 1506 5160 προφητῶν.
1547 5085 1804 5142 Διδάσκει
1836 5088 1933 5140 καὶ

351 5179 467 5232 τῶν
487 5181 509 5212 ³
536 5179 809 5234 Ἰουδαίων
857 5180 1129 5253 ἀποϐολῆς
1174 5179 1274 5251 τὴν
1319 5176 1500 5234 αἰτίαν
1525 5217 1540 5244 ,
1593 5180 1687 5234 καὶ
1722 5182 1834 5244 τοῖς
1874 5180 1933 5244 ἐξ

435 5362 461 5401 ι’
504 5359 902 5428 lCor.t,18.

2035 4455 2230 4498 omnes
2255 4439 2547 4494 voluerunt
2572 4437 2758 4493 videre
2784 4437 3073 4492 veritatem
3106 4453 3121 4490 :
3152 4436 3245 4508 qui
3283 4445 3460 4493 tamen
3497 4454 3614 4494 eam

2033 4532 2446 4597 desiderarunt,
2477 4544 2542 4585 ea
2579 4545 2702 4600 qua:
2734 4529 3028 4586 voluerunt
3073 4529 3311 4585 assecuti
3344 4537 3493 4585 sunt.
3533 4532 3612 4585 Ad

2037 4625 2154 4680 haec
2188 4631 2373 4678 autem
2408 4625 2514 4678 hoc
2560 4637 2778 4693 quoque
2823 4636 2925 4677 nos
2966 4619 3147 4690 docet,
3181 4621 3325 4694 quod
3354 4639 3461 4677 non
3495 4639 3614 4677 mu—

2037 4715 2247 4770 tatione
2293 4714 2530 4784 quadam
2582 4715 2801 4771 consilii
2835 4713 3066 4771 Creator
3105 4715 3354 4771 omnium
3403 4717 3616 4769 venerit

2041 4809 2108 4864 ad
2146 4810 2292 4862 hanc
2321 4806 2519 4864 salutis
2544 4807 2837 4876 rationem,
2874 4807 2970 4864 sed
3009 4822 3133 4864 eam
3164 4807 3338 4861 multo
3361 4815 3488 4860 ante
3520 4820 3614 4874 per

2041 4900 2259 4958 divinos
2307 4899 2610 4970 prophetas
2639 4897 2975 4970 praedixerit.
3011 4897 3179 4952 Docet
3209 4895 3370 4950 etiam
3393 4891 3612 4949 Judmc-
3669 4957 3679 4968 _

2039 5009 2161 5050 rum
2220 4990 2542 5063 rejectionis
2579 5005 2829 5056 causam,
2865 4997 2922 5046 et
2970 5003 3068 5047 eos
3106 4986 3201 5059 qui
3247 5001 3311 5044 ex
3360 4984 3615 5057 gentibus

2040 5082 2392 5140 crediderunt
2431 5080 2704 5145 hortatur.
2747 5094 2817 5136 ne
2854 5079 3118 5136 adversus
3151 5092 3248 5134 eos
3291 5074 3612 5133 alienatur.

2042 5175 2348 5231 admonens
2379 5171 2505 5228 illos
2535 5169 2592 5228 in
2617 5169 3014 5244 praedicatione
3043 5167 3416 5241 praecessisse.
3443 5161 3616 5222 Porro

1615 5509 1877 5600 tante
1936 5510 2342 5568 LECTIONES.

455 5613 476 5644 ⁸
511 5615 552 5668 Β
579 5612 938 5685 προηγόρευε.
1015 5616 1034 5647 ⁸
1065 5612 1104 5666 Β
1140 5609 1258 5682 τῆς,
