4074 6176
494 263 566 330 ιτ
1119 220 1122 221 ί
1479 254 1967 325 THEODORETI
1987 260 2329 324 EPISCOPI
2362 264 2727 330 erasusrs
3687 269 3758 341 ts

494 382 684 439 activae
729 395 946 454 quoque
988 378 1208 437 virtutis
1235 379 1541 436 doctrinam
1576 382 1814 437 orationi
1843 380 2066 453 dogma-

2171 379 2340 435 ἐθνῶν
2406 385 2796 438 πεπιστευκόσι
2867 385 3124 456 παραινεῖ
3194 385 3271 458 μὴ
3323 388 3754 460 κατεπαίρεσθαι

492 473 616 530 tice
647 471 958 537 admiscuit,
983 471 1146 528 simul
1168 479 1221 527 et
1252 472 1534 528 veritatem
1560 470 1786 534 docens,
1806 478 1860 526 et
1885 485 2067 524 mores

492 579 848 638 componens.
873 562 989 619 Hoc
1013 575 1098 620 est
1128 564 1315 634 itaque
1353 573 1736 636 argumentum
1762 563 2022 635 Epistolas
2049 581 2062 616 :

491 656 870 728 interpretatio
900 663 1080 711 autem
1119 657 1362 726 partium
1401 657 1744 728 singularum
1779 654 1976 710 melius
2004 667 2066 708 ac

491 749 790 822 perfectius
828 748 1013 804 omnia
1040 763 1143 804 nos
1182 749 1418 803 docebit.

2173 473 2377 529 τούτων
2408 491 2421 504 ·
2475 477 2804 548 προτρέπων
2853 479 3097 542 ἐκείνους
3147 480 3436 550 προελθεῖν
3465 480 3542 551 τῷ
3580 481 3756 548 κηρύι

2173 580 2363 636 γματι.
2412 567 2522 620 Kal
2565 569 2663 638 τῆς
2694 573 3002 641 πρακτικῆς
3028 571 3084 624 δὲ
3129 571 3331 642 ἀρετῆς
3376 573 3476 642 τὴν
3509 569 3759 624 διδασκα-

2172 655 2295 710 λίαν
2343 661 2456 722 τοῖς
2487 659 2838 730 δογματικοῖς
2868 662 3094 732 ἀνέμιξε
3133 663 3337 732 λόγοις,
3370 666 3506 736 ὁμοῦ
3535 665 3630 718 καὶ
3657 664 3756 735 τὴν

2173 746 2437 818 ἀληθειαν
2483 751 2862 817 ἐκπαιδεύων,
2922 754 3016 805 καὶ
3063 753 3124 805 τδ
3151 750 3285 824 ἦθος
3335 755 3636 825 ῥυθμίζων.
3689 757 3754 808 Ἦ

493 842 592 913 μὲν
619 837 714 896 οὖν
779 841 1035 904 ὑπόθεσις
1079 841 1178 912 τῆς
1229 838 1546 910 Ἐπιστολῆς
1589 840 1736 894 ἐστιν
1803 838 1984 908 α’ύτηο
2056 837 2445 912 ἀκριϐέστερον
2496 842 2552 895 δὲ
2600 845 2777 898 πάντα
2815 847 2962 916 ἡμᾶς
3004 847 3038 916 ὴ
3083 845 3225 899 κατά
3275 846 3441 917 μέρος
3490 848 3755 918 ἑρμηνεία

488 934 709 1004 διδάξει.

1011 1023 1249 1080 CAPUT
1287 1021 1577 1080 PRIMUM.

560 1116 724 1170 Vens.
763 1115 814 1169 1,
845 1114 1052 1170 Paulus
1069 1131 1247 1170 servus
1268 1115 1399 1171 Iesu
1434 1116 1656 1184 Christi,
1685 1124 1898 1171 vocatus
1930 1115 2069 1186 Apo-

489 1208 679 1264 stolus.
705 1208 957 1263 Prmfecti
1001 1209 1224 1278 quidem
1256 1216 1312 1262 et
1368 1207 1620 1279 magistri
1659 1207 1894 1262 militum
1943 1220 2070 1262 sua-

489 1317 611 1356 rum
642 1302 969 1373 dignitatum
999 1303 1223 1357 nomina
1262 1302 1381 1357 suis
1419 1303 1644 1373 scriptis
1667 1308 1684 1322 ‘
1719 1310 2067 1372 praeponunt,

491 1394 854 1463 supercilium
890 1394 992 1463 12
1019 1393 1356 1460 attollentes,
1400 1400 1455 1448 ct
1502 1407 1610 1446 una
1644 1407 1768 1447 cum
1802 1392 2070 1463 dignitate

489 1501 715 1558 magnos
747 1485 978 1556 spiritus
1007 1483 1595 1541 excitantes.'Divinus
1621 1492 1804 1538 autem
1830 1487 2065 1554 Aposto-

487 1579 574 1633 lus
608 1593 666 1634 se
697 1576 1007 1632 abortivum
1038 1575 1308 1642 nominat,
1341 1583 1396 1630 et
1434 1575 1672 1646 primum
1719 1580 2066 1646 peccatorqu

486 1669 745 1740 appellat,
781 1675 835 1724 et
861 1669 1170 1738 apostolatu
1201 1668 1484 1739 indignum
1511 1683 1636 1724 esse
1668 1668 1821 1722 dicit.
1850 1667 2068 1737 Episto-

485 1761 567 1816 las
617 1769 800 1816 tamen
855 1761 1133 1824 scribens,
1169 1775 1199 1814 a
1245 1759 1421 1830 gratia
1457 1758 1562 1813 sibi
1610 1757 1868 1828 imposita
1902 1771 2066 1812 voca-

2607 1026 3002 1080 ΚΕΦΑΛᾹῙΟΝ
3031 1027 3328 1082 ΠΡΩΤΟΝ.

2245 1122 2314 1170 α’.
2350 1116 2594 1184 Παῦλος
2637 1117 2859 1185 δοῦλος
2905 1118 3113 1186 Ἰησοῦ
3177 1119 3440 1187 Χριστοῦ
3468 1161 3482 1184 ,
3530 1122 3754 1190 κλητὸς

2173 1205 2536 1273 ἀπόστολος.
2571 1207 2849 1278 ’Ύπαρχοι
2903 1205 3002 1279 μὲν
3053 1211 3145 1264 καὶ
3188 1212 3483 1279 στρατηγοὶ
3528 1212 3598 1266 τά
3643 1213 3754 1266 τῶν

2174 1295 2501 1368 ἀξιωμάτων
2543 1299 2784 1369 ὀνόματα
2816 1301 2924 1353 τῶν
2973 1303 3189 1357 οἰκείων
3229 1303 3578 1374 γραμμάτων
3612 1321 3750 1375 προ-

2172 1388 2452 1454 τάττουσι,
2483 1387 2580 1460 τὴν
2621 1391 2792 1460 ὀφρὺν
2820 1391 3087 1462 αἴροντες,
3130 1393 3223 1446 καὶ
3256 1393 3335 1462 τῷ
3367 1392 3640 1462 ἀξιώματι
3690 1394 3753 1446 τὸ

2167 1476 2425 1547 φρόνημα
2481 1480 2926 1550 συνεπαίροντες.
2988 1483 3046 1534 '0
3107 1483 3164 1535 δὲ
3225 1482 3368 1544 θεῖος
3417 1483 3748 1546 Ἀπόστολος

2166 1556 2432 1638 ἐκτρωμα
2464 1568 2564 1637 μὲν
2602 1571 2795 1624 ἑαυτὸν
2821 1571 3100 1642 ὀνομάζει,
3139 1574 3368 1628 καὶτῶν
3407 1575 3750 1645 ἁμαρτωλῶν

2166 1652 2385 1723 πρῶτον
2421 1655 2728 1719 ἀποκαλεῖ,
2763 1658 2855 1711 καὶ
2886 1661 2986 1730 τῆς
3025 1661 3332 1733 ἀποστολῆς
3359 1664 3579 1728 ἀνάξιον
3612 1660 3749 1719 εἷναί

2166 1759 2321 1814 φησι.
2360 1745 2656 1817 Προτίθησι
2703 1748 2748 1801 δ’
2788 1750 2939 1820 ὅμως
2985 1752 3316 1807 ἐπιστέλλων
3360 1753 3457 1817 τὰς
3504 1754 3607 1806 ὑπὸ
3649 1755 3751 1824 τῆς

486 1850 636 1915 bula,
673 1851 741 1904 ad
767 1865 956 1906 eorum
984 1850 1076 1918 qui
1110 1825 1545 1919 illas'accipiunt
1578 1825 1892 1913 utilitatem,
1926 1863 2064 1919 pra:-

2169 1834 2392 1905 χάριτος
2463 1839 2812 1905 ἐπιτεθείσας
2864 1845 3280 1916 προσηγορίας,
3335 1848 3416 1909 είς
3481 1846 3750 1915 ὠφέλειαν

485 1941 659 2012 ponit.
695 1940 1066 2010 lntelligentes
1095 1941 1241 1994 enim
1287 1953 1398 2008 qua
1445 1946 1592 2012 esset
1631 1938 1897 2010 dignitate
1928 1953 2066 2010 pra:-

487 2031 639 2092 ditus
659 2030 753 2101 qui
779 2030 1076 2094 scribebat,
1104 2029 1312 2099 majore
1335 2029 1458 2084 illas
1483 2029 1667 2085 studio
1694 2036 1748 2085 et
1775 2029 2064 2086 alacritate

487 2122 855 2194 accipiebant.
898 2121 977 2176 Ac
1027 2120 1263 2191 primum
1296 2120 1517 2191 quidem
1555 2119 1796 2191 seipsum
1833 2121 2064 2175 Paulum

486 2221 669 2281 vocat,
713 2228 822 2268 non
886 2225 916 2265 a
961 2211 1283 2282 parentibus
1345 2210 1762 2281 appellationem
1804 2210 1946 2265 banc
1995 2211 2065 2266 ab

445 2357 450 2361 .
488 2305 647 2360 initio
697 2303 954 2374 adeptus,
993 2302 1087 2358 sed
1143 2309 1268 2372 post
1311 2301 1660 2356 vocationem
1689 2315 1753 2355 ea
1782 2300 2060 2369 dignatus,

487 2396 635 2452 sicut
658 2393 844 2449 Simon
875 2392 1074 2448 Petrus
1097 2399 1330 2448 vocatus
1354 2400 1462 2458 est,
1488 2399 1543 2446 et
1562 2390 1660 2445 filii
1693 2389 1941 2445 Zebedaei
1969 2389 2066 2443 filii

487 2487 719 2553 tonitru,
743 2491 797 2540 et
823 2482 996 2538 Jacob
1024 2481 1217 2547 Israel,
1253 2489 1308 2538 et
1331 2481 1536 2537 Abram
1565 2481 1825 2536 Abraam.
1857 2479 2066 2536 Deinde

487 2593 696 2633 servum
744 2573 876 2628 Iesu
934 2572 1154 2639 Christi,
1192 2589 1352 2644 quem
1388 2587 1583 2628 omnes
1619 2572 1889 2628 increduli
1919 2587 2062 2627 mor-

487 2676 664 2729 tuum,
707 2671 763 2720 et
804 2663 1163 2730 cruciﬁxum,
1207 2672 1260 2720 et
1305 2663 1447 2719 fabri
1490 2663 1662 2718 filium
1695 2664 2062 2736 appellabant,

487 2757 606 2825 ipse
643 2768 776 2809 vero
827 2753 944 2822 ejus
983 2755 1305 2810 servitutem
1341 2753 1516 2809 cuivis
1553 2769 1726 2825 regno
1758 2762 2063 2826 antepone-

485 2849 601 2904 bat.
628 2845 760 2902 Post
787 2846 898 2900 haac
923 2855 1163 2900 vocatum
1198 2860 1258 2901 se
1280 2845 1541 2916 appellat,
1569 2861 1866 2916 supernam
1900 2865 2062 2905 voca-

484 2939 690 2992 tionem
722 2937 981 2992 innuens.
1014 2935 1076 2990 Et
1102 2936 1344 3006 Apostoli
1366 2951 1584 3007 quoque
1616 2953 1816 2994 nomen
1852 2940 2063 3011 adjicit,

484 3045 544 3085 se
592 3029 696 3085 hoc
739 3029 907 3085 etiam
946 3043 977 3081 a
1015 3025 1126 3084 Deo
1159 3035 1475 3083 assecutum
1509 3044 1633 3085 esse
1659 3030 1888 3086 docens.
1917 3031 2065 3098 Quo-

483 3119 632 3173 niam
665 3117 811 3173 enim
847 3115 1112 3172 Dominus
1141 3115 1434 3172 duodecim
1485 3117 1594 3174 illis
1632 3119 1775 3174 hanc
1829 3123 2068 3194 appella-

484 3210 689 3264 tionem
740 3207 1026 3278 imposuit,
1085 3207 1227 3264 hanc
1270 3208 1435 3263 etiam
1478 3210 1632 3280 ponit
1660 3211 1881 3270 divinus
1915 3215 2062 3286 Apo-

485 3301 698 3358 stolus:
729 3315 891 3371 quam
923 3313 1032 3354 non
1062 3299 1180 3369 ipse
1209 3301 1540 3372 arripuerat,
1570 3303 1664 3358 sed
1704 3304 1774 3360 ab
1810 3305 1930 3376 ipso
1961 3307 2068 3362 Do-

486 3394 636 3448 mino
659 3400 966 3463 acceperat.
998 3409 1016 3443 ι
1045 3391 1196 3447 Vade
1215 3392 1382 3460 enim,
1408 3393 1588 3464 inquit
1609 3394 1675 3449 ad
1702 3396 1903 3465 ipsum,
1937 3397 2065 3468 quia

486 3485 554 3540 ad
607 3491 798 3556 gentes
827 3483 1021 3554 procul
1053 3483 1268 3538 mittam
1313 3494 1363 3540 te
1393 3495 1439 3538 ο.
1486 3504 1504 3538 ι
1538 3484 1604 3540 Ει
1654 3486 1763 3542 hoc
1817 3487 2066 3543 declarat

485 3592 585 3648 per
625 3591 689 3631 ea
743 3591 864 3647 qua:
900 3582 1209 3646 sequuntur
1238 3591 1251 3628 :
1296 3575 1608 3649 Segregatus
1638 3579 1692 3634 in
1718 3579 2065 3652 Evangelium

486 3668 599 3723 Dei.
634 3666 753 3722 Non
800 3681 831 3720 a
888 3682 974 3722 me
1001 3668 1143 3737 ipso,
1187 3667 1388 3738 inquit,
1443 3684 1562 3724 sum
1600 3670 1834 3736 electus,
1863 3672 1960 3727 sed
1999 3673 2067 3728 ab

485 3761 604 3833 ipso
638 3759 747 3814 Deo
791 3757 1199 3829 praedicationis
1249 3759 1622 3816 ministerium
1671 3763 1912 3833 suscepi.
1965 3762 2066 3819 Se-

486 3851 728 3924 gregavit
761 3858 942 3907 autem
977 3851 1158 3922 ipsum
1216 3861 1270 3907 et
1321 3851 1505 3917 Pater,
1538 3860 1592 3907 et
1643 3852 1840 3920 Filius,
1866 3861 1922 3910 et
1953 3854 2070 3926 Spi-

486 3948 624 4002 ritus
647 3953 893 4001 sanctns.
925 3944 988 3999 Et
1023 3945 1170 4017 quod
1199 3944 1362 4000 Pater
1416 3947 1637 4016 quidem
1671 3947 1848 4017 ipsum
1883 3963 2068 4019 segre-

483 4037 714 4109 gaverit,
757 4040 876 4108 ipse
899 4037 1060 4092 docet
1103 4029 1162 4092 in
1191 4037 1434 4110 Epistola
1459 4039 1526 4093 ad
1558 4038 1780 4094 Galatas
1813 4059 1824 4095 :
1870 4059 1889 4094 ι
1927 4040 2065 4096 Cum

485 4139 664 4186 autern
698 4129 906 4200 placuit
939 4129 1010 4197 ei,
1043 4128 1136 4200 qui
1170 4145 1255 4186 me
1289 4131 1603 4202 segregavit
1639 4147 1707 4186 ex
1755 4141 1913 4189 utero
1951 4148 2068 4188 ma-

483 4224 589 4278 tris
649 4223 750 4294 13
805 4238 960 4289 meae,
1016 4231 1072 4278 et
1120 4223 1338 4280 vocavit
1386 4238 1482 4294 per
1525 4223 1760 4294 gratiam
1797 4240 1974 4292 suam,
2008 4232 2068 4280 ut

485 4312 752 4370 revelaret
797 4311 997 4367 Filium
1051 4328 1211 4368 suum
1267 4313 1326 4368 in
1381 4327 1490 4378 me,
1527 4322 1588 4368 ut
1635 4316 2067 4388 evangelizarem

484 4406 661 4476 ipsum
693 4404 749 4459 in
778 4405 1037 4474 gentibus
1059 4403 1108 4461 ἀ.
1147 4425 1166 4459 ι
1211 4405 1368 4473 Quod
1411 4413 1596 4462 autem
1619 4409 1783 4463 etiam
1819 4408 2068 4480 unigeni-

483 4505 572 4554 tus
600 4495 776 4552 Filius
801 4497 904 4552 hoc
931 4497 1112 4568 ipsum
1143 4497 1358 4566 fecerit,
1383 4514 1580 4556 rursus
1606 4500 1740 4554 dicit
1767 4500 2066 4570 Apostolus
2096 4511 2141 4567 1)

486 4591 542 4645 in
575 4588 823 4656 Actibus,
874 4589 980 4645 sibi
1015 4590 1192 4645 visum
1248 4608 1371 4650 esse
1425 4593 1720 4648 Dominum
1752 4593 1805 4647 in
1841 4593 2062 4664 templo,

484 4681 832 4752 jussisseque
883 4689 945 4736 ut
998 4681 1306 4750 festinaret,
1359 4692 1414 4741 et
1473 4685 1665 4753 exiret,
1709 4685 1854 4756 quod
1893 4685 2065 4741 Judaei

488 4771 933 4841 praedicationem
1007 4784 1116 4824 non
1188 4771 1560 4839 admitterent,
1613 4784 1667 4829 ct
1720 4774 1989 4845 adjecisse
2049 4795 2064 4832 :

493 4881 510 4914 ι
548 4860 720 4926 Vade,
748 4860 877 4932 quia
921 4860 991 4915 ad
1033 4870 1222 4932 gentes
1253 4863 1444 4933 procul
1474 4865 1686 4918 mittam
1715 4877 1766 4921 te
1789 4879 1834 4922 θ,
1877 4887 1896 4920 ›
1951 4868 2067 4923 Hoc

488 4955 666 5025 ipsum
704 4964 884 5007 autem
904 4952 1040 5006 dixit
1065 4954 1228 5008 etiam
1255 4954 1481 5011 Anania:
1499 4957 1774 5011 recusanti
1803 4975 1816 5010 :
1846 4975 1864 5008 ι
1895 4956 2061 5024 Vade,

486 5046 746 5116 quoniam
778 5059 876 5099 vas
903 5044 1190 5101 electionis
1228 5055 1312 5100 est
1359 5046 1491 5101 mihi
1521 5047 1642 5112 iste,
1675 5057 1733 5100 ut
1761 5055 1940 5116 portet
1962 5061 2065 5101 no-

487 5151 606 5192 men
651 5152 831 5192 meum
903 5150 1089 5190 coram
1151 5138 1424 5207 gentibus,
1455 5146 1509 5194 et
1560 5131 1802 5209 regibus,
1843 5147 1898 5193 et
1940 5138 2064 5194 filiis

485 5222 652 5280 lsrael
690 5225 733 5276 ί.
768 5243 786 5275 ι
821 5224 890 5278 At
943 5224 1138 5280 beatus
1186 5240 1406 5296 quoque
1474 5224 1650 5281 Lucas
1697 5229 1842 5281 ‘nos
1904 5226 2063 5280 docet

484 5315 654 5388 quod,
685 5331 807 5370 cum
843 5313 1120 5384 prophetat
1169 5317 1472 5372 Antiochiae
1511 5317 1741 5372 Domino
1783 5317 2062 5372 ministra-

485 5415 627 5466 rent,
664 5412 716 5456 et
747 5404 1084 5471 jejunarcnt,
1128 5403 1264 5457 dixit
1309 5403 1550 5475 Spiritus
1588 5417 1854 5462 sanctus:
1897 5427 1915 5459 ι
1959 5404 2062 5460 Se-

485 5501 692 5565 gretate
721 5491 850 5545 mihi
879 5489 1179 5545 Barnabam
1207 5502 1260 5546 et
1285 5493 1511 5548 Saulum
1556 5495 1623 5550 ad
1653 5512 1788 5566 opus
1818 5496 1884 5551 ad
1915 5496 2060 5567 quod

552 5684 573 5711 ε
604 5679 724 5729 Act.
765 5694 908 5740 xm,
943 5679 1028 5741 21.
1117 5679 1140 5719 δ
1183 5680 1355 5739 Calai.
1393 5700 1441 5750 ι,
1485 5685 1569 5738 iii.

1654 5696 1674 5723 ο
1714 5685 1832 5739 Act.
1869 5701 2018 5750 xx”,
2056 5684 2146 5740 “2!.

2147 1926 2276 1981 τῶν
2323 1928 2632 2000 δεχομένων
2687 1933 2756 1987 τά
2821 1935 3149 2006 γράμματα.
3205 1937 3585 2002 Μανθάνοντες
3639 1939 3749 2010 γὰρ

2167 2017 2330 2073 τίνων
2359 2020 2388 2072 6
2419 2021 2646 2090 γράφων
2688 2022 3017 2094 ἀξιωμάτων
3055 2026 3292 2097 μετέχει,
3331 2029 3471 2097 μετά
3501 2027 3751 2090 πλείονος

2167 2111 2307 2164 αύτά
2335 2113 2575 2183 σπουδῆς
2602 2133 2662 2168 τε
2687 2116 2781 2169 καὶ
2809 2117 3122 2188 προθυμίας
3150 2119 3421 2190 ἐδέχοντο.
3455 2121 3565 2174 Kal.
3598 2120 3750 2192 πρῶ-

2165 2221 2257 2257 τον
2288 2205 2387 2273 μὲν
2433 2206 2629 2260 ἑαυτὸν
2677 2209 2920 2264 Παῦλον
2954 2211 3139 2278 καλεῖ,
3175 2214 3238 2266 οὐ
3284 2213 3490 2285 ταύτην
3539 2214 3748 2268 ἀνωθεν

2167 2295 2317 2364 παρά
2355 2295 2462 2348 τῶν
2519 2299 2774 2371 πατέρων
2827 2301 2928 2373 τὴν
3002 2305 3376 2376 προσηγορίαν
3428 2306 3746 2376 δεξάμενος,

2166 2383 2303 2437 ἀλλά
2335 2387 2474 2455 μετά
2510 2387 2610 2459 τὴν
2651 2389 2846 2459 κλῆσιν
2883 2393 3090 2464 ταύτης
3123 2395 3412 2463 ἀξιωθεὶς,
3458 2397 3534 2462 ὡς
3562 2399 3747 2468 Σίμων

2168 2475 2372 2548 Πέτρος
2397 2518 2411 2541 ,
2459 2478 2555 2530 καὶ
2599 2481 2705 2532 υἱοὶ
2742 2480 2975 2552 βροντῆς
3003 2485 3054 2536 οί
3082 2485 3370 2539 Ζεϐεδαίου
3409 2487 3546 2553 υίοὶ,
3586 2491 3681 2540 καὶ
3717 2491 3747 2541 6

2181 2563 2376 2618 Ἰακὼϐ
2439 2567 2658 2638 Ἰσραὴλ
2699 2610 2713 2635 ,
2771 2571 2866 2622 καὶ
2935 2572 3188 2643 Ἀϐραάμ
3229 2575 3258 2626 6
3316 2575 3557 2646 Ἀϐραμ.
3609 2572 3748 2632 Εἶτα.

2165 2654 2392 2710 δοῦλον
2419 2658 2626 2725 Ἰησοῦ
2653 2663 2933 2728 Χριστοῦ,
2957 2663 3015 2717 ὃν
3038 2664 3229 2736 νεκρὸν
3252 2665 3479 2721 ἐκάλουν
3507 2669 3747 2734 ἅπαντες

2165 2749 2214 2800 οί
2242 2749 2624 2814 ἀπιστοῦντες,
2651 2752 2746 2805 καὶ
2777 2753 3220 2827 ἐσταυρωμένον,
3252 2757 3347 2812 καὶ
3373 2758 3466 2812 τοῦ
3495 2759 3747 2824 τέκτονος

2167 2837 2298 2892 υίόν.
2354 2838 2496 2893 Ἀλλ’
2535 2842 2685 2912 ὅμως
2727 2843 2829 2914 τὴν
2851 2845 3043 2899 τούτου
3080 2845 3326 2902 δουλείαν
3374 2849 3515 2920 ὺπέρ
3564 2852 3746 2905 πᾶσαν

2169 2927 2448 2999 βασιλείαν
2483 2932 2780 3002 ἠσπάζετο.
2837 2936 3071 2991 Ἔπειτα
3118 2939 3349 3002 κλητὸιν
3389 2941 3580 2994 ἑαυτὸν
3628 2942 3748 2996 όνο-

2170 3018 2355 3090 μάζει,
2383 3021 2482 3091 τὴν
2517 3021 2726 3076 ἀνωθεν
2761 3025 3134 3097 αἰνιττόμενος
3166 3028 3380 3099 κλῆσιν.
3417 3032 3528 3084 Kal.
3562 3032 3621 3085 τὸ
3648 3031 3743 3086 τοῦ

2168 3111 2520 3170 ἀποστόλου
2567 3115 2625 3168 δὲ
2681 3117 3039 3188 προστίθησιν
3084 3119 3290 3190 ὄνομα,
3347 3121 3612 3177 διδάσκων
3671 3125 3750 3187 ὡς

2169 3204 2264 3256 καὶ¹
2313 3205 2504 3258 τούτου
2565 3207 2889 3279 τετύχηκεν.
2960 3211 3176 3283 Ἐπειδὴ
3220 3213 3328 3283 γὰρ
3377 3217 3491 3277 τοῖς
3537 3215 3752 3272 δώδεκα

2167 3294 2367 3366 ταύτην
2393 3298 2420 3350 ό
2456 3296 2662 3368 Κύριος
2691 3299 2792 3370 τὴν
2839 3302 3211 3374 προσηγορίαν
3249 3303 3488 3376 ἐπέθηκε
3512 3345 3526 3368 ,
3563 3308 3750 3379 τίθησι

2168 3389 2260 3440 καὶ
2288 3387 2492 3458 ταύτην
2518 3391 2546 3441 6
2577 3389 2716 3453 θεῖος
2751 3391 3075 3457 Ἀπόστολος
3098 3409 3112 3424 ·
3143 3395 3242 3465 οὐχ
3266 3396 3521 3466 ἀρπάσας
3550 3401 3748 3470 αὐτὴν,

2167 3476 2301 3530 ἀλλὰ
2337 3479 2466 3549 παρ’
2514 3479 2680 3532 αὐτοῦ
2727 3480 2823 3535 τοῦ
2877 3483 3153 3537 Δεσπότου
3201 3485 3516 3557 δεξάμενος,
3578 3509 3595 3541 ι
3641 3492 3754 3544 Πο-

2171 3567 2333 3639 ρεύου
2373 3571 2515 3641 γὰρ,
2550 3571 2654 3643 ἔφη
2698 3574 2837 3644 πρὸς
2869 3575 3068 3642 αὑτὸν,
3104 3577 3186 3630 ὅτι
3235 3580 3317 3642 εἰς
3360 3567 3488 3651 ἔθνη
3527 3583 3751 3653 μακρὰν

2169 3660 2513 3726 ἐξαποστελῶ
2557 3681 2635 3720 σε.
2673 3684 2692 3716 ι
2728 3666 2840 3719 Kal.
2885 3665 3044 3721 τοῦτο
3093 3668 3244 3738 δηλοῖ
3297 3669 3382 3724 διὰ
3419 3672 3530 3725 τῶν
3583 3674 3746 3743 έςῆς·

2182 3751 2619 3822 Ἀφωρισμένος
2668 3757 2754 3822 είς
2782 3758 3156 3827 Εὐαγγέλιω·
3209 3761 3380 3814 Θεοῦ.
3426 3763 3538 3815 Οὐκ
3581 3764 3754 3816 αὐτοι

2169 3844 2544 3915 χειροτόνητός
2573 3848 2710 3917 εἰμι,
2743 3848 2908 3919 φησίν
2930 3865 2944 3880 ·
2968 3851 3106 3905 ἀλλά
3130 3854 3260 3924 παρ’
3293 3854 3458 3907 αὑτοῦ
3488 3856 3581 3909 τοῦ
3609 3857 3752 3911 Θεοῦ

2168 3933 2266 4003 τὴν
2296 3935 2391 3988 τοῦ
2440 3937 2794 4009 κηρύγματος
2837 3940 3104 4014 ἐδεξάμην
3133 3945 3428 4002 διακονίαν.
3476 3948 3754 4019 ’Δφιῦρισε

2168 4023 2225 4076 δὲ
2268 4025 2428 4079 αὑτὸν
2476 4029 2573 4082 καὶ
2602 4030 2630 4081 6
2662 4031 2869 4104 Πατὴρ,
2919 4035 3075 4087 καὶὸ
3131 4035 3278 4101 Υἱὸς,
3335 4038 3428 4090 καὶ
3478 4039 3540 4091 τὸ
3590 4039 3754 4108 ἅγιον

2170 4113 2416 4185 Πνεῦμα.
2473 4117 2583 4170 Kal
2613 4119 2696 4172 ὃτι
2749 4120 2849 4189 μὲν
2907 4122 3071 4176 αὐτὸν
3116 4124 3146 4176 6
3196 4124 3386 4197 Πατὴρ
3443 4127 3752 4200 ἀφώρισεν,

2169 4207 2332 4272 αὐτὸς
2371 4210 2429 4263 ἐν
2461 4213 2527 4282 τῇ
2559 4211 2698 4282 πρὸς
2743 4213 2991 4280 Γαλάτας
3021 4215 3297 4272 διδάσκει·
3339 4238 3358 4272 ι
3402 4220 3531 4276 Ὅτε
3562 4223 3618 4276 δὲ
3658 4231 3757 4279 εὑ-

2169 4297 2452 4370 δόκησενό
2480 4301 2634 4366 Θεὸς,
2669 4306 2698 4358 6
2743 4305 3012 4378 ἀφορίσας
3059 4326 3128 4380 με
3173 4310 3239 4364 ἐκ
3285 4313 3494 4377 κοιλίας
3540 4319 3756 4387 μητρός

2173 4407 2298 4461 μου,
2318 4393 2414 4445 καὶ
2438 4393 2670 4459 καλέσας
2694 4395 2783 4450 διὰ
2810 4399 2911 4470 τῆς
2933 4400 3156 4472 χάριτος
3178 4403 3366 4467 αὑτοῦ,
3393 4406 3756 4473 ἀποκαλύψαι

2168 4483 2261 4538 τὸν
2287 4484 2416 4538 Υίὸν
2463 4487 2629 4540 αὑτοῦ
2677 4491 2735 4544 ἐν
2783 4492 3073 4563 ἐμοὶ,,ἴνα
3113 4496 3548 4564 εὐαγγελίζωμαι
3583 4494 3759 4552 αὐτὸν

2170 4575 2229 4630 ἐν
2272 4579 2384 4643 τοῖς
2441 4579 2671 4636 ἔθνεσιν.
2717 4602 2734 4635 ι
2780 4584 2904 4637 Ὅτι
2955 4586 3012 4638 δέ
3065 4585 3162 4638 καὶ
3208 4587 3236 4636 ό
3279 4585 3572 4655 μονογενὴς
3616 4584 3758 4653 Υἱὸς

2169 4670 2334 4724 ταυτδ
2377 4672 2537 4726 τοῦτο
2561 4675 2851 4744 πεποίηκε,
2897 4676 3057 4728 πάλιν
3091 4677 3119 4728 6
3169 4676 3489 4740 Ἀπόστολος
3533 4677 3592 4731 ἐν
3626 4685 3760 4747 ταῖς

2173 4762 2414 4833 Πράξεσι
2458 4763 2626 4831 λέγει,
2673 4765 2748 4827 ὼς
2797 4765 2951 4835 ὤφθη
2992 4766 3091 4835 μὲν
3139 4766 3288 4837 αὐτῷ
3337 4769 3394 4821 ἐν
3441 4768 3519 4838 τῷ
3559 4771 3697 4842 ἱερῷ
3731 4779 3762 4828 ὁ

2173 4851 2396 4922 Κύριος,
2431 4854 2873 4923 παρεκελεύσατο
2902 4856 2957 4908 δὲ
2989 4857 3244 4922 σπεῦσαι,
3275 4861 3370 4912 καὶ
3396 4859 3657 4927 ἐξελθεῖν,
3680 4865 3765 4932 ὡς

2185 4941 2452 4995 Ἰουδαίων
2489 4944 2564 5012 μὴ
2613 4943 2918 5016 δεχομένων
2953 4947 3014 5000 τδ
3046 4949 3339 5020 κήρυγμα,
3382 4952 3473 5005 καὶ
3509 4959 3763 5024 προστέ-

2173 5029 2306 5101 θηκε
2334 5051 2346 5064 ·
2383 5051 2402 5084 ι
2438 5034 2697 5106 Πορεύου,
2726 5039 2809 5091 ὅτι
2846 5040 2928 5103 είς
2966 5041 3095 5111 ἐθνη
3148 5043 3366 5114 μακρὰν
3401 5044 3768 5110 ἐξαποστελῶ

2173 5143 2253 5178 σε.
2309 5145 2327 5178 ι
2365 5127 2542 5182 Ταυτδ
2578 5129 2634 5182 δὲ
2686 5130 2842 5186 τοῦτο
2886 5134 2979 5187 καλ⁵
3021 5134 3158 5204 πρὸς
3209 5135 3300 5190 τὸν
3351 5136 3601 5190 Ἀνανίαν
3651 5141 3763 5216 ἔφη

2171 5218 2560 5290 ἀναδυόμενον·
2603 5241 2622 5274 ι
2657 5223 2937 5296 Πορεύου,
2999 5227 3082 5280 ὅτι
3130 5227 3325 5293 σκεῦος
3380 5229 3617 5300 ἐκλογῆς
3666 5253 3764 5304 μοι

2171 5308 2322 5363 ἐστὶν
2359 5306 2548 5376 οὗτος,
2599 5314 2692 5388 τοῦ
2737 5315 3003 5383 βαστάσαι
3047 5320 3110 5374 τὸ
3141 5321 3314 5393 ὄνομά
3365 5339 3466 5392 μου
3513 5323 3762 5381 ἐνώπιον

2168 5403 2372 5470 ἐθνῶν,
2410 5406 2502 5458 καὶ
2535 5406 2802 5476 βασιλέων
2825 5450 2838 5474 ,
2882 5411 3014 5467 υίῶν
3056 5432 3116 5468 τε
3147 5417 3388 5489 Ἰσραήλ.
3437 5435 3456 5468 ι
3507 5416 3565 5469 '0
3605 5417 3666 5472 δέ
3696 5438 3765 5490 γε

2174 5495 2438 5566 μακάριος
2479 5499 2690 5565 Λουκᾶς
2719 5502 2961 5560 διδάσκει
2997 5509 3166 5580 ἡμᾶς,
3203 5511 3278 5574 ὡς
3303 5510 3412 5564 τῶν
3455 5510 3513 5563 ἐν
3542 5508 3763 5569 Ἀντιοο

2233 5686 2250 5724 τ
2297 5686 2418 5741 Act.
2459 5684 2668 5750 tx,15.
