4074 6176
252 364 320 428 49
1103 361 1716 426 INTERPRETATIO
1758 360 1996 420 EPIST.
2045 362 2146 421 AD
2170 363 2350 423 ROM.
2381 365 2537 424 CAP.
2576 367 2624 424 Ι.
3436 372 3505 436 50

249 481 379 554 χείᾳ
437 480 728 552 προφητῶν
788 479 1250 551 λειτουργούντων
1315 480 1392 549 τῷ
1447 479 1672 550 Κυρίῳ,
1732 477 1826 530 καὶ

1935 477 2202 546 assumpsi
2234 493 2330 532 eos
2362 487 2409 531 ε.
2457 499 2473 530 ι
2501 478 2682 544 Quare
2709 481 2872 535 etiam
2903 481 3192 538 manifesta
3215 492 3298 539 est
3326 484 3506 540 Trini-

250 575 644 646 νηστευόντων,
679 567 800 626 εἷπε
834 571 896 626 τὺ
948 570 1174 643 Πνεῦμα
1205 572 1266 625 τὺ
1309 573 1462 640 ἅγιον
1490 589 1502 600 ·
1543 589 1560 621 ι
1609 570 1830 642 ’Λφορί-

201 696 206 698 -
253 684 386 720 σατε
425 667 486 737 δή
528 683 618 737 μοι
656 665 747 719 τὸν
792 664 1079 737 Βαρνάϐαν
1123 665 1218 719 καὶ
1259 664 1352 718 τὸν
1382 663 1620 730 Σαῦλον,
1654 664 1733 727 εἰς
1769 663 1831 716 τὸ

249 761 414 831 ἔργον
445 758 473 810 ὃ
514 756 929 828 προσκέκλημαι
978 758 1193 822 αὐτούς.
1241 777 1260 809 ι
1307 758 1450 831 Δήλη
1507 757 1685 813 τοίνυν
1736 758 1832 812 καὶ

251 850 501 905 ἐντεῦθεν
531 851 564 920 ή
593 849 692 920 τῆς
721 849 950 920 Τριάδος
988 851 1190 922 ἰσότης.
1224 851 1337 904 Καὶ
1378 851 1438 904 τὸ
1493 850 1830 920 Εὐαγγέλιον

247 942 329 1006 δὲ,
355 941 450 994 τοῦ
477 939 614 992 Θεοῦ
643 940 739 1010 μὲν
768 939 1003 992 ἐνταῦθα
1033 939 1444 1011 προσηγόρευσε
1466 955 1479 967 ·
1525 938 1663 1009 μετά
1699 937 1831 1009 βρα-

250 1030 355 1102 χέα
387 1031 444 1083 δέ
485 1046 618 1100 φησι
659 1027 750 1082 τοῦ
790 1027 922 1082 Υίοῦ
963 1029 1119 1081 τοῦτο
1153 1024 1315 1082 εἶναι.
1350 1028 1511 1098 Λέγει
1555 1027 1610 1080 δὲ
1655 1025 1826 1080 οὕτω·

249 1121 498 1191 Μάρτυς
544 1120 655 1190 γάρ
692 1138 794 1190 μοι
822 1121 996 1174 ἐστὶν
1038 1124 1070 1174 ὀ
1094 1119 1260 1186 Θεὸς,
1283 1109 1329 1184 ᾧ
1350 1118 1617 1187 λατρεύω
1653 1118 1724 1171 ἐν
1752 1117 1832 1183 τῷ

250 1213 552 1281 Πνεύματι
562 1230 699 1281 μου,
732 1212 802 1265 ἐν
823 1209 902 1277 τῷ
933 1211 1275 1282 Εὐαγγελίῳ
1306 1209 1410 1264 τοῦ
1462 1208 1598 1262 Υίοῦ
1619 1207 1828 1264 αὐτοῦ.

255 1304 446 1360 Ταῦτα
487 1303 544 1357 δὲ
580 1304 680 1358 οὐκ
733 1305 856 1375 είκῆ
912 1304 1006 1357 καὶ
1067 1303 1244 1374 μάτην
1301 1301 1827 1372 ὲπεσημηνάμην¹⁰,

253 1396 394 1450 ἀλλά
419 1397 633 1459 δεικνὺς
665 1396 741 1459 ὡς
782 1395 1094 1466 ἀδιαφόρως
1140 1394 1209 1447 τὰ
1241 1393 1380 1448 αὐτὰ
1405 1433 1419 1457 ,
1456 1393 1584 1446 ποτὲ
1616 1393 1716 1463 μὲν
1740 1392 1831 1446 ἐπὶ

251 1485 349 1539 τοῦ
392 1485 625 1558 Πατρδς,
664 1486 794 1540 ποτὲ
840 1486 897 1540 δὲ
930 1488 1023 1540 ἐπὶ
1061 1485 1154 1540 τοῦ
1201 1485 1332 1539 Υίοῦ
1369 1483 1609 1537 τιθέασιν
1645 1485 1695 1538 οἱ
1735 1484 1834 1554 τῆς

250 1577 516 1648 ἀληθείας
561 1577 892 1633 διδάσκαλοι.
941 1577 1313 1648 Εὐαγγέλιον
1359 1575 1415 1628 δὲ
1455 1574 1515 1628 τὸ
1571 1576 1837 1645 κήρυγμα

253 1668 716 1738 προσηγόρευσεν,
758 1669 834 1732 ὡς
880 1668 1093 1722 πολλῶν
1141 1665 1364 1736 ἀγαθῶν
1403 1663 1836 1734 ὑπισχνούμενον

251 1761 541 1831 χορηγίαν.
583 1761 1009 1830 Εὐαγγελίζεται
1057 1760 1166 1828 γὰρ
1200 1758 1299 1820 τὰς
1326 1755 1420 1810 τοῦ
1449 1755 1584 1809 Θεοῦ
1627 1754 1830 1809 καταλ-

1933 568 2122 623 nitatis
2153 571 2459 639 aequalitas.
2507 570 2586 625 Ac
2631 571 2725 626 Dei
2777 573 2996 643 quidem
3040 573 3392 645 Evangelium
3419 577 3509 632 hic

1931 661 2261 730 appellavit;
2306 662 2468 730 paulo
2519 673 2643 732 post
2680 673 2864 718 autem
2908 664 3040 719 dicit
3065 665 3169 720 hoc
3202 683 3328 723 esse
3360 667 3506 722 Filii.

1933 752 2026 807 Sic
2069 752 2215 807 enim
2249 751 2405 817 dicit,
2450 753 2618 808 Testis
2650 765 2727 808 est
2776 757 2902 809 mihi
2936 756 3099 821 Deus,
3144 759 3231 812 cui
3258 759 3426 813 servio
3457 760 3508 813 in

1931 844 2119 914 spiritu
2145 861 2280 911 meo,
2315 845 2368 898 in
2402 842 2688 916 Evangelia
2713 844 2847 900 Filii
2870 847 3006 916 ejus.
3039 847 3164 903 Haec
3188 857 3370 905 autem
3400 864 3509 904 non

1932 936 2135 992 frustra
2160 945 2214 992 et
2241 945 2444 992 temere
2471 938 2757 1005 adnotavi;
2783 939 2879 995 sed
2906 950 2960 994 ut
2991 942 3335 997 ostenderem
3363 941 3508 1012 quod

1931 1029 2068 1084 citra
2109 1029 2279 1083 ullum
2321 1029 2618 1085 discrimen
2667 1033 2858 1087 eadem
2892 1032 3189 1103 aliquando
3210 1033 3507 1097 Patri,ali-

1931 1121 2151 1190 quando
2181 1119 2321 1175 Filio
2346 1121 2632 1176 ascribunt
2664 1123 2916 1180 veritatis
2938 1123 3214 1177 doctores.
3238 1121 3511 1178 Praedica-

1933 1212 2138 1267 tionem
2187 1219 2369 1266 autem
2397 1210 2745 1283 Evangelium
2783 1214 3101 1283 appellavit,
3137 1221 3194 1268 ut
3217 1229 3338 1285 quae
3370 1213 3510 1269 mul-

1934 1310 2115 1356 torum
2146 1302 2417 1356 bonorum
2458 1304 2806 1374 largitionem
2846 1305 3213 1376 promitteret.
3249 1305 3511 1361 Feliciter

1932 1391 2081 1447 enim
2117 1391 2414 1446 annuntiat
2447 1392 2543 1447 Dei
2588 1395 3356 1462 reconciliationem,diaboli
3395 1397 3512 1453 dis-

1935 1483 2288 1549 solutionem,
2322 1491 2676 1552 peccatorum
2703 1487 3112 1554 remissionem,
3149 1490 3342 1545 mortis
3399 1505 3515 1544 ces-

1937 1574 2232 1640 sationem,
2270 1590 2300 1628 a
2331 1577 2564 1632 mortuis
2612 1581 3105 1645 resurrectionem,
3156 1581 3318 1635 vitam
3360 1589 3517 1636 aeter-

1936 1681 2084 1730 nam,
2124 1673 2178 1721 et
2228 1681 2458 1737 regnum
2510 1669 2800 1726 caelorum.
2852 1669 2986 1726 Cum
3040 1682 3220 1727 autem
3285 1671 3516 1728 dixisset

1934 1756 2154 1812 divinus
2189 1757 2512 1828 Apostolus,
2568 1774 2628 1815 se
2688 1759 2792 1832 14
2850 1759 3020 1817 fuisse
3079 1770 3426 1833 segregatum
3457 1761 3514 1815 in

248 1851 429 1918 λαγάς
452 1891 467 1916 ,
511 1851 612 1922 τὴν
648 1851 742 1904 τοῦ
770 1849 1018 1904 διαόόλου
1048 1847 1376 1911 κατάλυσιν,
1425 1845 1532 1898 τῶν
1566 1843 1822 1915 ἁμαρτη-

1935 1845 2280 1917 Evangelium
2311 1846 2428 1914 Dei,
2457 1849 2577 1918 ejus
2627 1850 2813 1904 statim
2859 1857 2986 1906 ante
3039 1851 3222 1906 omnia
3262 1850 3504 1921 antiqui-

254 1941 442 2012 μάτων
485 1942 582 2013 τὴν
628 1944 854 2011 ἄφεσιν,
901 1938 993 1992 τοῦ
1029 1938 1258 1992 θανάτου
1291 1937 1390 2008 τὴν
1420 1935 1665 2000 παῦλαν,
1716 1933 1826 1988 τῶν

248 2031 466 2102 νεκρῶν
503 2032 604 2101 τὴν
646 2031 976 2094 ἀνάστασιν,
1021 2029 1120 2101 τὴν
1149 2027 1291 2098 ζωὴν
1321 2027 1418 2096 τὴν
1445 2025 1684 2090 αἰώνιον,
1728 2023 1827 2095 τὴν

1935 1945 2101 1992 tatem
2159 1939 2424 2004 ostendit,
2463 1957 2532 1997 ne
2579 1942 2786 1999 stultus
2841 1940 2983 1998 forte
3025 1941 3297 2014 quispiam
3339 1942 3393 1996 id
3428 1957 3505 1998 re-

1935 2030 2152 2085 centius
2181 2040 2445 2102 reputans
2475 2031 2750 2101 rejiceret,
2809 2040 2864 2088 et
2903 2031 3039 2088 dicit
3067 2052 3081 2087 :
3312 2039 3342 2064 ’”

249 2119 538 2190 βασιλείαν
604 2122 712 2174 τῶν
755 2121 1020 2194 οὐρανῶν.
1093 2120 1152 2174 Ὃ
1199 2119 1254 2172 δὲ
1304 2117 1444 2180 θεῖος
1508 2116 1831 2178 Ἀπόστολος
1893 2119 2130 2190 εἰρηκὼς
2183 2121 2257 2186 ὡς
2301 2123 2590 2195 ἀφωρίσθη
2631 2125 2712 2189 είς
2756 2123 3087 2192 Εὐαγγέλιον
3140 2121 3304 2188 Θεοῦ,
3349 2124 3509 2188 εὐθὺς

244 2215 428 2268 αὐτοῦ
467 2213 574 2287 πρὸ
609 2213 825 2268 πάντων
862 2213 960 2283 τὴν
993 2211 1332 2284 ἀρχαιότητα
1374 2207 1644 2262 δείκνυσιν
1671 2248 1686 2274 ,
1739 2207 1828 2261 ἵνα
1870 2210 1944 2281 μή
1971 2227 2054 2276 τις
2077 2212 2184 2264 τῶν
2206 2213 2448 2285 ἀνοήτων
2470 2215 2543 2278 ὼς
2600 2214 2862 2286 νεώτερον
2903 2215 3203 2287 ἀποκρίνας
3251 2213 3510 2290 ἐκϐάλλῃ,

241 2305 353 2358 καί
383 2322 550 2374 φησιν
573 2319 587 2333 ο

335 2399 400 2469 β’.
425 2399 496 2451 Ὃ
517 2398 1022 2467 προεπηγγείλατο
1041 2397 1139 2450 διὰ
1167 2395 1282 2450 τῶν
1301 2392 1619 2465 προφητῶν
1643 2391 1830 2448 αὐτοῦ

227 2489 328 2542 ἐν·
349 2488 617 2558 Γραφαῖς
647 2490 864 2556 ἁγίαις.
899 2489 1010 2558 Πλή
1021 2505 1122 2558 ρης
1148 2489 1257 2558 γάρ
1282 2489 1314 2558 ἡ
1347 2488 1559 2542 Παλαιὰ
1583 2486 1830 2556 Διαθήκη

221 2578 364 2633 τῶν
413 2580 542 2649 περὶ
589 2579 683 2632 τοῦ
717 2579 925 2651 Κυρίου
986 2580 1364 2650 προρρήσεων.
1425 2579 1498 2632 Τδ
1541 2578 1596 2632 δὲ
1633 2578 1831 2646 ἁγίαις

225 2673 352 2743 οὐχ
401 2671 587 2736 ἁπλῶς
635 2672 904 2726 τέθεικεν.
971 2673 1132 2726 Ἀλλὰ
1161 2673 1376 2743 πρῶτον
1421 2674 1519 2744 μὲν
1561 2672 1828 2727 διδάσκων

220 2766 327 2828 ὡς
351 2765 445 2818 καὶ
470 2765 570 2836 τὴν
609 2765 852 2817 Παλαιὰν
882 2764 1033 2818 θείαν
1058 2763 1168 2818 οἶδε
1197 2765 1424 2836 Γραφήν
1444 2783 1457 2796 ο
1491 2761 1610 2818 εἶτα
1643 2766 1828 2818 πᾶσαν

234 2857 566 2926 ἀποκρίνων
602 2856 698 2926 τὴν
727 2856 1034 2926 ἀλλοτρίαν.
1067 2857 1221 2926 Μόνη
1265 2857 1375 2926 γὰρ
1410 2857 1444 2925 ἡ
1475 2855 1832 2918 θεόπνευστος

229 2947 441 3019 Γραφὴ
475 2946 535 3000 τὸ
564 2946 840 3016 ὠφέλιμον
885 2945 1018 3016 ἔχει.
1055 2947 1218 3015 Λέγει
1255 2947 1312 2999 δὲ
1344 2946 1438 3000 καὶ
1463 2947 1559 3016 τῆς
1591 2947 1830 3015 ἐπαγγε-

231 3037 366 3102 λίας
395 3037 462 3090 τὸ
492 3033 654 3099 εἶδος.

312 3136 390 3200 γ’.
430 3130 568 3198 Περὶ
621 3128 728 3182 τοῦ
777 3127 914 3182 Υίοῦ
947 3127 1168 3193 αὑτοῦ,
1226 3127 1331 3181 τοῦ
1382 3125 1710 3196 γενομένου
1759 3125 1828 3180 ἐκ

2007 2389 2173 2446 Vens.
2208 2393 2262 2448 2.
2303 2393 2456 2460 Quod
2485 2402 2607 2450 ante
2633 2395 2946 2464 promiserat
2975 2413 3066 2467 per
3084 2400 3362 2468 prophetas
3384 2418 3508 2459 suos

1937 2484 1990 2538 in
2015 2483 2303 2554 Scripturis
2321 2488 2540 2542 sanctis.
2575 2487 2805 2544 Plenum
2843 2498 2927 2545 est
2954 2489 3101 2545 enim
3131 2489 3300 2548 Vetus
3325 2492 3510 2550 Testa-

1935 2584 2182 2631 mentum
2209 2579 2661 2649 prardictionibus
2684 2579 2922 2636 Domini.
2946 2581 3156 2638 Sanctis
3188 2594 3368 2642 autem
3396 2602 3508 2642 non

1936 2674 2144 2723 temere
2178 2669 2453 2739 apposuit.
2488 2670 2595 2725 Sed
2623 2670 2861 2740 primum
2903 2673 3145 2742 quidem,
3188 2683 3246 2729 ut
3285 2676 3508 2732 doceret

1937 2773 1998 2814 se
2039 2759 2200 2814 etiam
2234 2769 2476 2816 veterem
2511 2759 2854 2831 Scripturam
2911 2762 3153 2818 divinam
3187 2781 3505 2836 agnoscere;

1932 2849 2135 2905 deinde
2166 2849 2358 2916 etiam,
2391 2859 2454 2904 ut
2488 2866 2705 2905 omnem
2738 2853 2973 2906 alienam
3013 2855 3348 2912 excluderet.
3382 2857 3506 2914 Sola

1933 2937 2079 2993 enim
2135 2954 2167 2992 a
2219 2939 2330 2994 Deo
2373 2940 2645 3009 inspirata
2675 2939 2960 3012 Scriptura
3006 2943 3300 2999 utilitatem
3351 2948 3408 3001 in
3449 2964 3509 3005 se

1932 3027 2200 3082 continet.
2236 3026 2354 3081 Jam
2403 3043 2534 3084 vero
2571 3029 2708 3086 dicit
2741 3032 2905 3087 etiam
2939 3035 3195 3104 promissi
3243 3039 3503 3107 speciem.

2002 3117 2168 3174 Vens.
2197 3119 2250 3172 5.
2281 3118 2355 3172 De
2381 3119 2526 3175 Filio
2550 3138 2664 3189 suo,
2685 3124 2774 3192 qui
2789 3123 2964 3192 factus
2989 3135 3066 3180 est
3093 3141 3158 3181 ea:
3180 3130 3375 3183 semine
3396 3129 3507 3184 Da-

229 3220 598 3290 σπέρματος
626 3219 804 3274 Δαϐίὸ
835 3218 985 3273 κατὰ
1017 3219 1237 3286 σάρκα.
1269 3217 1368 3271 Διὰ
1403 3218 1640 3281 πάντων,
1673 3216 1830 3286 φησὶ,

1935 3209 2065 3265 vidis
2118 3212 2400 3266 secundum
2451 3230 2680 3270 carnem.
2723 3213 2830 3270 Per
2874 3232 3089 3282 omnes,
3134 3219 3333 3290 inquit,
3378 3237 3506 3292 pro-

227 3313 356 3366 τῶν
397 3311 695 3383 προφητῶν
739 3310 808 3365 τὰ
837 3313 965 3383 περὶ
1003 3310 1099 3363 τοῦ
1130 3309 1262 3363 Υίοῦ
1300 3307 1698 3379 προεθέσπισεν
1724 3327 1737 3340 ·
1772 3306 1832 3370 ὃς

230 3405 300 3471 ἐξ
340 3401 516 3458 αὐτοῦ
547 3403 705 3473 φύσει
751 3400 857 3473 πρὸ
885 3401 992 3455 τῶν
1017 3399 1226 3455 αἰώνων
1265 3398 1662 3469 γεγεννημένος
1685 3437 1700 3462 ,
1738 3396 1830 3451 καὶ

227 3497 336 3550 τοῦ
364 3494 535 3548 Δαὸὶδ
567 3494 682 3558 υίὸς
711 3493 1101 3564 ἐχρημάτισεν,
1122 3492 1196 3556 ὡς
1229 3494 1292 3546 ἐκ
1322 3491 1640 3560 σπέρματος
1667 3488 1832 3542 Δαδὶδ

227 3589 344 3663 τὴν
382 3585 732 3657 ἀνθρωπείαν
763 3585 924 3655 φύσιν
951 3583 1256 3642 ἀναλαϐών.
1291 3583 1398 3636 Τοῦ
1435 3584 1622 3653 μέντοι
1665 3580 1832 3634 Δαϐὶδ

231 3678 658 3752 μνημονεύσας,
681 3678 818 3748 ἄγαν
839 3676 1153 3746 ἀναγκαίως
1176 3675 1236 3728 τὸ
1262 3675 1414 3732 κατὰ
1442 3673 1640 3742 σάρκα
1661 3688 1832 3744 προσ-

227 3772 499 3827 τέθεικεν
527 3787 540 3799 ·
574 3769 662 3824 ἵνα
697 3769 772 3840 μὴ
802 3768 962 3838 φύσει
993 3767 1091 3840 μὲν
1112 3766 1208 3820 τοῦ
1243 3765 1406 3819 Δαϐἱδ
1434 3765 1549 3828 υίὸς
1573 3761 1830 3833 νομισθῇ,

231 3863 394 3918 κατά
438 3863 594 3932 χάριν
622 3862 678 3914 δὲ
718 3859 812 3914 τοῦ
838 3859 993 3913 Θεοῦ.
1049 3859 1116 3912 Ἦ
1151 3858 1260 3928 γὰρ
1310 3855 1403 3910 τοῦ
1453 3855 1602 3909 κατὰ
1637 3853 1834 3922 σάρκα

230 3955 566 4027 προσθήκη,
603 3954 902 4008 αἰνίττεται
931 3953 1006 4016 ὡς
1048 3953 1142 4006 τοῦ
1170 3950 1307 4004 Θεοῦ
1343 3949 1436 4004 καὶ
1469 3947 1686 4018 Πατρὸς
1720 3947 1835 4010 υἱός

230 4051 402 4103 ἐστιν
437 4045 655 4117 ἀληθῶς
697 4045 836 4099 κατὰ
868 4044 966 4116 τὴν
995 4043 1246 4114 θεότητα.
1282 4041 1417 4096 Οὐδὲ
1450 4040 1559 4112 γάρ
1605 4039 1699 4093 ἐπὶ
1725 4038 1835 4092 τῶν

229 4139 414 4192 τοῦτο
451 4137 608 4207 μόνον
638 4137 806 4194 ὄντων
850 4135 988 4207 ὅπερ
1039 4134 1304 4205 ὁρῶνται,
1355 4133 1500 4185 ἐστιν
1551 4131 1729 4201 εὑρεῖν
1775 4126 1836 4180 τὸ

231 4231 408 4286 κατὰ
459 4227 656 4298 σάρκα
713 4228 1128 4299 προσκείμενον.
1173 4228 1282 4281 Καὶ
1326 4226 1536 4298 μάρτυς
1575 4225 1604 4276 6
1657 4221 1833 4294 μακά·

231 4340 369 4395 ριος
440 4321 715 4384 Ματθαῖος
777 4321 805 4372 6
857 4319 1267 4390 εὐαγγελιστής.
1344 4314 1604 4388 Εἰρηκὼς
1681 4313 1831 4385 γάρ’

237 4433 261 4468 ι
310 4413 582 4482 Ἀϐραὰμ
624 4411 880 4480 ἐγέννησε
921 4411 1014 4464 τὸν
1044 4411 1250 4473 Ἰσαὰκ,
1282 4407 1469 4462 Ἰσαὰκ
1499 4407 1554 4460 δὲ
1575 4406 1833 4476 ἐγέννησε

229 4506 336 4564 τὸν
379 4503 600 4568 Ἰακὼϐ,
647 4501 842 4556 Ἰακὼϐ
893 4502 950 4555 δὲ
976 4500 1232 4572 ἐγέννησε
1268 4499 1357 4552 τὸν
1395 4498 1598 4552 Ἰούδαν
1624 4539 1638 4563 ,
1686 4516 1704 4548 ι
1739 4496 1834 4550 καὶ

231 4600 443 4652 πᾶσαν
482 4596 678 4666 ἐφεξῆς
724 4594 822 4666 τὴν
861 4591 1214 4664 γενεαλογίαν
1245 4587 1527 4656 διεξελθὼν
1549 4628 1562 4652 ,
1597 4585 1834 4656 οὐδαμοῦ

228 4691 300 4744 τὸ
346 4688 509 4743 κατὰ
557 4687 756 4755 σάρκα
804 4685 1216 4756 προστέθεικεν.
1271 4682 1381 4752 Οὐχ
1428 4681 1668 4750 ἥρμοττε
1727 4677 1838 4746 γὰρ

231 4783 448 4842 αὐτοῖς
484 4778 790 4851 ἀνθρώποις
835 4774 987 4831 οῦσιν
1026 4777 1059 4847 ἡ
1108 4774 1332 4840 τοιαύτη
1378 4770 1685 4844 προσθήκη.
1722 4768 1840 4820 Ἐν-

227 4873 440 4928 ταῦθα
457 4873 538 4936 δὲ,
584 4871 770 4942 ἐπειδὴ
813 4871 913 4923 οὐκ
948 4868 1232 4939 ἄνθρωπος
1269 4866 1428 4936 μόνον
1480 4863 1650 4925 ἐστὶν,
1703 4858 1842 4914 ἀλλά

229 4967 343 5024 καὶ
385 4963 522 5026 Θεὸς
555 4963 880 5036 προαιὼνιος
909 4965 936 5015 6
975 4959 1402 5030 ὲνανθρωπήσας
1451 4955 1584 5018 Θεὸς
1644 4953 1837 5022 Λόγος,

225 5059 340 5112 τοῦ
378 5055 700 5128 σπέρματος
725 5056 818 5110 τοῦ
848 5054 1011 5109 Δαϐὶδ
1038 5051 1420 5125 μνημονεύσας
1456 5051 1483 5102 6
1515 5048 1658 5110 θεῖος
1680 5046 1842 5100 ’Λπό-

232 5153 487 5214 στολος,
536 5149 847 5218 ἀναγκαίως
901 5147 962 5200 τὸ
1006 5145 1156 5200 κατὰ
1206 5142 1409 5211 σάρκα
1462 5139 1841 5214 προστέθεικε,

229 5243 455 5315 σαφῶς
490 5245 638 5313 ἡμᾶς
670 5243 918 5308 διδάξας,
955 5239 1070 5303 πῶς
1103 5237 1200 5308 μὲν
1232 5235 1363 5298 Υἱός
1409 5233 1524 5285 ἐστι
1555 5229 1649 5285 τοῦ
1681 5230 1840 5297 Θεοῦ,

229 5337 370 5398 πῶς
405 5331 465 5385 δὲ
491 5331 584 5385 τοῦ
613 5330 776 5384 Δαϐὶδ
805 5330 1160 5401 ἐχρημάτισε.

317 5518 351 5558 8
399 5515 521 5567 Act.
570 5528 690 5577 xm,
721 5513 776 5567 2.
851 5514 880 5553 h
923 5509 1112 5565 Matth.
1145 5515 1199 5574 ί,
1230 5509 1264 5563 2
1295 5524 1449 5579 seqq.

1932 3301 2124 3374 phetas
2174 3301 2317 3359 Deus
2362 3303 2522 3359 Pater
2581 3305 2832 3374 praedixit
2859 3323 2993 3377 qua:
3024 3308 3092 3364 de
3129 3309 3267 3366 Filio
3319 3311 3505 3367 futura

1933 3401 2090 3449 erant
2126 3413 2138 3449 :
2196 3395 2290 3465 qui
2324 3396 2390 3450 ab
2418 3411 2484 3450 eo
2519 3403 2715 3450 natura
2764 3398 2982 3467 genitus
3023 3410 3149 3455 ante
3184 3404 3406 3468 saecula,
3445 3404 3508 3457 ti-

1933 3485 2044 3542 lius
2104 3487 2272 3542 etiam
2325 3486 2548 3544 Davidis
2601 3489 2905 3559 appellatus
2951 3499 3060 3557 est,
3096 3501 3155 3547 ut
3198 3496 3290 3564 qui
3321 3510 3386 3550 ex
3418 3511 3507 3550 se-

1933 3584 2082 3638 mine
2129 3582 2350 3638 Davidis
2401 3584 2693 3639 humanam
2745 3594 2994 3642 naturam
3045 3591 3334 3661 acceperit.
3369 3592 3506 3647 Cum

1934 3673 2120 3742 itaque
2187 3673 2446 3728 Davidem
2515 3674 2876 3740 meminisset,
2926 3682 3240 3736 necessario
3299 3683 3508 3738 addidit

1935 3762 2218 3818 secundum
2251 3779 2504 3819 carnem:
2537 3779 2604 3818 ne
2629 3774 2823 3820 natura
2853 3767 3078 3838 quidem
3111 3768 3256 3825 ﬁlius
3283 3771 3508 3828 Davidis

1935 3855 2368 3921 existimaretur,
2418 3855 2512 3911 Dei
2557 3864 2740 3913 autem
2791 3859 3092 3915 secundum
3130 3863 3384 3931 gratiam.
3409 3865 3510 3920 llla

1935 3947 2081 4001 enim
2117 3946 2352 4016 adjectio
2375 3948 2656 4000 secundum
2677 3964 2930 4007 carnem:
2962 3950 3139 4004 innuit
3161 3952 3306 4020 quod
3335 3951 3430 4008 Dei
3457 3962 3511 4009 et

1935 4033 2114 4091 Patris
2141 4050 2268 4090 vere
2297 4043 2380 4090 est
2403 4034 2576 4092 Filius
2598 4039 2902 4094 secundum
2934 4038 3280 4096 divinitatem
3324 4041 3512 4113 Neque

1936 4126 2081 4182 enim
2127 4126 2183 4182 in
2226 4127 2314 4194 iis,
2347 4128 2443 4199 qui
2483 4129 2534 4184 id
2564 4138 2692 4186 sunt
2723 4132 2901 4186 solum
2933 4132 3081 4203 quod
3121 4135 3395 4198 videntur,
3427 4143 3513 4189 est

1939 4218 2184 4275 invenire
2209 4219 2482 4290 adjectum
2535 4221 2672 4276 illud
2724 4223 3006 4276 seczmdum
3031 4240 3261 4278 carnem.
3289 4227 3305 4246 ⁶
3332 4222 3512 4282 Testis

1937 4317 2021 4366 est
2053 4311 2251 4365 beatus
2283 4309 2570 4367 Mattbaeus
2603 4312 2973 4384 Evangelista.
2998 4314 3135 4369 Cum
3166 4315 3310 4369 enim
3343 4315 3515 4372 dixis-

1939 4409 2044 4467 set,
2074 4419 2093 4452 ι
2132 4399 2408 4456 Abraham
2453 4405 2643 4472 genuit
2680 4403 2952 4470 lsaacum,
2979 4401 3134 4458 Isaac
3182 4413 3364 4461 autem
3424 4425 3515 4478 ge-

1937 4491 2058 4546 nuit
2105 4489 2396 4558 Jacobum,
2448 4489 2624 4546 Jacob
2689 4499 2869 4544 autem
2922 4493 3111 4562 genuit
3159 4491 3354 4548 Judam
3400 4495 3450 4563 ιι,
3489 4516 3507 4547 ι

1937 4588 1992 4635 et
2017 4595 2234 4635 omnem
2275 4579 2538 4648 deinceps
2569 4578 2944 4651 genealogiam
2989 4589 3137 4638 esset
3166 4592 3510 4654 persecutus,

1937 4686 2210 4742 nusquam
2270 4669 2502 4735 addidit,
2551 4670 2834 4724 secundum
2884 4689 3116 4730 carnem.
3146 4674 3332 4747 Neque
3367 4679 3511 4732 enim

1939 4763 2072 4824 illis,
2099 4763 2192 4833 qui
2223 4773 2383 4818 erant
2412 4763 2516 4837 ipsi
2540 4761 2814 4832 homines,
2845 4763 3117 4836 ejusmodi
3154 4769 3515 4824 conveniebat

1940 4851 2166 4909 additio.
2194 4852 2295 4908 Hic
2332 4868 2482 4921 vero,
2511 4855 2772 4926 quoniam
2823 4871 2931 4911 non
2991 4859 3168 4913 solum
3217 4860 3378 4913 homo
3409 4871 3512 4925 est,

1941 4943 2038 5001 sed
2071 4952 2125 5000 et
2155 4945 2300 5001 Deus
2323 4954 2448 5000 ante
2477 4948 2699 5013 szecula,
2726 4948 2819 5018 qui
2856 4948 2957 5018 15
2995 4949 3156 5006 homo
3199 4949 3374 5007 factus
3413 4960 3514 5016 est,

1943 5036 2182 5093 Verbum
2235 5037 2398 5104 Deus,
2453 5053 2577 5093 cum
2636 5040 2867 5096 seminis
2900 5041 3119 5097 Davidis
3181 5043 3520 5100 meminisset

1945 5130 2164 5185 divinus
2188 5129 2505 5200 Apostolus,
2535 5131 2818 5186 secundum
2843 5147 3053 5186 carnem
3081 5134 3396 5190 necessario
3423 5135 3520 5191 ad-

1945 5223 2106 5288 didit,
2139 5235 2240 5277 nos
2284 5230 2477 5292 aperte
2512 5221 2716 5278 ducens
2761 5223 3035 5292 quomodo
3065 5224 3159 5279 Dei
3189 5225 3406 5297 quidem
3446 5229 3519 5286 sit

1949 5312 2147 5378 Filius,
2181 5311 2460 5382 quomodo
2494 5319 2675 5366 autem
2709 5311 2854 5368 ﬁlius
2874 5311 3101 5372 Davidis
3120 5315 3312 5376 dictus
3337 5319 3432 5377 sit.

1538 5666 1622 5721 ι’,ι
1632 5661 1770 5719 ΙὶΙιΕ
1811 5657 2214 5717 LECTIUNES.

317 5790 367 5820 ³⁵³
416 5787 457 5840 3
480 5785 925 5860 ἒπετημανέιμην.

4017 2441 4026 2534 l

4018 2537 4026 2638 l

4049 2565 4058 2578 1
