4074 6176
461 395 528 461 ει
1427 396 1916 459 THEODORETI
1946 400 2040 460 ΕΡ

2144 400 2284 461 101³1
2317 399 2682 460 CYRENSIS
3637 398 3714 464 52

533 503 698 562 Vns.
734 503 790 559 ι.
819 501 923 568 Qui
951 500 1358 564 pra-destinatus
1384 506 1487 575 fuit
1508 505 1683 563 Filius
1714 509 1810 563 Dei
1834 510 1888 564 in
1920 510 2027 564 vir-

2206 510 2272 564 δ’.
2305 509 2413 564 Τοῦ
2437 509 2785 578 ὁρισθέντος
2819 505 2954 562 Υιοῦ
2985 506 3132 560 Θεοῦ
3157 506 3224 560 ἐν
3243 503 3516 577 δυνάμει,
3554 510 3714 566 κατὰ

461 607 572 654 tute
596 596 881 653 secundum
901 593 1160 665 Spiritum
1200 599 1673 668 sanctiﬁcationis,
1695 617 1760 655 ea:
1783 617 2036 656 resurrec-

463 691 602 743 tione
632 697 962 743 mortuorum
1013 686 1142 744 Iesu
1169 689 1374 745 Christi
1413 691 1625 747 Domini
1677 695 1863 750 nostri.
1900 698 2038 751 Ante

460 796 683 837 crucem
715 780 934 852 quidem
976 789 1030 836 et
1069 782 1408 851 passionem,
1445 781 1714 842 Dominus
1758 784 2036 854 Christus,

464 887 575 927 non
601 871 779 927 solum
813 871 938 928 aliis
958 870 1186 936 Iudaeis,
1225 873 1321 929 sed
1360 874 1499 945 ipsis
1541 875 1708 931 etiam
1743 878 2034 948 apostolis,

461 979 574 1018 non
628 962 919 1020 videbatur
947 980 1071 1022 esse
1095 964 1261 1022 Deus.
1296 963 1730 1024 Oﬂ‘endebautur
1773 969 1918 1024 enim
1949 986 2036 1026 re-

461 1054 567 1112 bus
596 1054 876 1123 humanis,
907 1071 1033 1111 cum
1062 1071 1188 1112 eum
1220 1056 1620 1123 comedentem,
1652 1065 1706 1114 et
1738 1058 2036 1124 bibentem,

459 1155 518 1200 et
553 1143 940 1214 dormientem,
966 1163 1031 1203 ac
1053 1147 1333 1204 defessum
1370 1147 1622 1205 viderent
1667 1169 1681 1204 :
1729 1160 1782 1205 et
1818 1166 1888 1206 ne
1919 1151 2037 1222 ipsa

461 1236 684 1308 quidem
725 1238 996 1294 miracula
1027 1255 1124 1296 eos
1168 1239 1234 1295 ad
1271 1240 1412 1296 hanc
1456 1240 1767 1312 opinionem
1801 1242 2040 1297 adduce-

461 1329 619 1384 bant.
658 1326 849 1400 Itaque
877 1345 1004 1386 cum
1055 1330 1191 1386 illud
1222 1330 1368 1401 quod
1423 1331 1478 1386 in
1536 1332 1672 1385 mari
1719 1330 1924 1387 factum
1955 1343 2039 1388 εει

460 1421 787 1477 miraculum
826 1421 1116 1490 vidissent,
1159 1421 1416 1479 dicebant
1450 1441 1465 1476 :
1507 1440 1526 1474 ι
1571 1422 1765 1488 Qualis
1807 1430 1894 1479 est
1949 1422 2040 1478 hic

461 1511 668 1568 homo?
695 1514 825 1585 quia
863 1522 919 1570 et
970 1530 1121 1571 mare
1164 1524 1218 1572 et
1258 1516 1403 1570 venti
1449 1514 1718 1571 obediunt
1746 1515 1794 1571 ei
1834 1516 1880 1572 ί.
1915 1534 1934 1569 ι
1973 1513 2040 1571 Et

458 1611 757 1676 propterea
775 1605 1036 1663 Dominus
1052 1607 1134 1664 eis
1153 1608 1320 1664 etiam
1338 1607 1558 1663 dicebat
1579 1625 1594 1662 :
1624 1625 1642 1658 ι
1668 1603 1852 1663 Habeo
1871 1607 2040 1662 multa

459 1696 619 1754 vobis
679 1695 887 1763 dicere,
946 1699 1045 1756 sed
1109 1715 1219 1756 non
1286 1701 1516 1770 potestis
1571 1708 1791 1770 portare
1853 1699 2038 1754 modo.

463 1786 696 1853 Quando
725 1795 909 1845 autem
961 1791 1178 1846 venerit
1209 1791 1326 1857 ille,
1363 1789 1607 1861 Spiritus
1639 1791 1906 1852 veritatis,
1948 1791 2040 1847 ille

2138 599 2380 669 Πνεῦμα
2447 600 2810 668 ἁγιωσύνης,
2887 595 2956 662 ἐξ
3025 596 3421 664 ἀναστάσεως
3482 597 3716 668 νεκρῶν

2150 691 2360 761 Ἰησοῦ
2418 691 2676 760 Χριστοῦ
2733 691 2956 760 Κυρίου
3027 688 3219 760 ἡμῶν.
3282 688 3395 760 Πρὸ
3457 691 3556 762 μὲν
3620 690 3718 744 τοῦ

2140 783 2377 859 σταυροῦ
2409 784 2504 839 καὶ
2558 783 2652 838 τοῦ
2708 783 2926 848 πάθους,
2977 785 3007 838 ό
3052 783 3332 854 Δεσπότης
3373 783 3606 854 Χριστὸς
3654 781 3716 836 ού

2142 878 2303 950 μόνον
2331 879 2447 941 τοῖς
2489 875 2671 940 ἄλλοις
2717 875 3015 942 Ἰουδαίοις,
3057 873 3193 929 ἀλλά
3231 875 3324 928 καὶ
3379 875 3560 939 αὐτοῖς
3604 876 3719 938 τοῖς

2139 968 2464 1033 ἀποστόλοις
2485 968 2586 1021 οὐκ
2614 966 2788 1021 ἐδόκει
2839 960 2979 1021 εἶναι
3009 965 3163 1030 Θεός.
3208 964 3578 1038 Προσέπταιον
3607 963 3721 1037 γὰρ

2137 1062 2252 1125 τοῖς
2275 1059 2658 1131 ἀνθρωπίνοις,
2686 1056 2935 1112 ἐσθίοντά
2961 1075 3020 1111 τε
3052 1057 3148 1112 καὶ
3177 1057 3420 1123 πίνοντα,
3447 1057 3541 1110 καὶ
3585 1057 3716 1110 καθ-

2140 1152 2384 1217 εύδοντα,
2403 1149 2499 1203 καὶ
2521 1149 2801 1203 κοπιῶντα
2821 1147 3108 1218 θεώμενοι,
3123 1147 3217 1201 καὶ
3237 1147 3356 1201 οὐδὲ
3375 1147 3444 1200 τά
3463 1145 3717 1217 θαύματα

2138 1243 2336 1304 αὐτοὺς
2374 1241 2511 1313 πρὸς
2553 1241 2757 1311 ταύτην
2813 1239 3067 1309 ἐποδήγει
3121 1240 3222 1313 τὴν
3273 1237 3452 1304 δόξαν.
3509 1237 3718 1292 Λύτίκα

2139 1333 2322 1387 τοίνυν
2370 1333 2433 1386 τὸ
2491 1331 2637 1386 κατά
2692 1331 2792 1402 τὴν
2831 1331 3101 1386 θάλατταν
3152 1331 3478 1402 θεασάμενοι
3532 1329 3718 1402 θαῦμα

2140 1425 2327 1494 ελεγον
2355 1443 2370 1459 ο
2411 1444 2428 1476 ι
2456 1423 2707 1488 Ποταπός
2733 1425 2880 1478 ἐστιν
2907 1417 3064 1488 οὗτος
3100 1426 3128 1478 ό
3151 1423 3460 1495 ἄνθρωπος,
3507 1423 3590 1477 ὃτι
3625 1424 3720 1477 καὶ

2141 1519 2174 1588 ὴ
2221 1515 2465 1572 Θάλασσα
2494 1517 2589 1570 καὶ
2615 1516 2668 1569 oi
2699 1516 2890 1587 ἄνεμοι
2926 1515 3293 1570 ὑπακούουσιν
3320 1514 3502 1594 abst);
3536 1534 3554 1567 ι
3620 1516 3721 1568 Διά

2139 1626 2224 1662 τοι
2252 1608 2412 1662 τοῦτο
2443 1609 2541 1662 καὶ
2577 1609 2606 1661 ὁ
2636 1606 2841 1681 Κύριος
2864 1607 3019 1677 ἔλεγε
3049 1607 3186 1680 πρὸς
3217 1606 3416 1671 αὐτούς
3441 1622 3455 1637 ο
3491 1627 3508 1659 ι
3540 1607 3717 1660 Πολλά

2140 1702 2251 1772 ἔχω
2276 1699 2456 1768 λέγειν
2485 1701 2636 1770 ὑμῖν,
2667 1699 2784 1754 ἀλλ’
2830 1701 2890 1753 ού
2937 1698 3168 1753 δύνασθε
3216 1698 3508 1769 βαστάζειν
3550 1698 3673 1768 ἄρτι
3702 1712 3715 1725 ·

2140 1793 2268 1847 ὅταν
2321 1791 2377 1846 δὲ
2431 1790 2560 1862 ἔλθῃ
2616 1793 2844 1856 ἐκεῖνος,
2893 1791 2954 1845 τὸ
3005 1788 3232 1860 Πνεῦμα
3279 1790 3378 1860 τῆς
3437 1789 3716 1860 ἀληθείας,

463 1894 563 1936 vos
599 1879 836 1937 deducet
879 1881 936 1937 in
985 1895 1204 1937 omnem
1239 1884 1523 1940 veritatem
1560 1884 1604 1938 l.
1643 1904 1662 1937 ι
1697 1882 1762 1938 Ει
1794 1899 1991 1939 rursus
2025 1899 2039 1936 :

2144 1886 2350 1947 ἐκεῖνος
2400 1883 2546 1953 ὑμᾶς
2575 1882 2831 1954 ὁδηγήσει
2884 1883 2966 1946 είς
3024 1883 3208 1935 πᾶσαν
3233 1881 3333 1951 τὴν
3362 1879 3642 1950 ἀλήθειαν.
3691 1897 3711 1930 ›

469 1990 489 2023 ι
533 1969 728 2029 Sedete
767 1972 861 2028 hic
891 1976 948 2030 lu
979 1972 1082 2030 hac
1112 1973 1357 2044 civitate,
1380 1973 1555 2031 donec
1599 1975 1778 2031 induti
1821 1973 2041 2031 fueritis

463 2064 766 2134 potentiam
796 2079 863 2121 ex
887 2065 1020 2131 alto,
1061 2080 1189 2121 cum
1219 2066 1434 2122 venerit
1458 2066 1698 2138 Spiritus
1726 2073 1956 2123 sanctus
1984 2064 2040 2120 in

461 2171 564 2212 vos
597 2154 646 2209 Ιι.
683 2173 705 2209 s
749 2153 891 2212 Ante
924 2156 1238 2228 passionem
1275 2173 1409 2230 ergo
1439 2157 1719 2214 habebant
1765 2156 2040 2230 ejusmodi

463 2247 534 2303 de
555 2259 625 2303 eo
653 2246 963 2318 opiniones.
990 2246 1289 2320 Postquam
1317 2256 1501 2304 autem
1529 2250 1858 2314 resurrexit,
1881 2257 1937 2306 et
1971 2247 2041 2305 ad

463 2339 638 2396 cmlos
667 2339 944 2406 ascendit,
973 2348 1028 2396 et
1069 2347 1295 2396 sanctus
1331 2337 1573 2410 Spiritus
1622 2340 1790 2403 venit,
1819 2347 1876 2396 et
1918 2347 2044 2410 post

463 2433 646 2490 omnis
687 2433 904 2505 generis
947 2435 1234 2500 miracula,
1269 2449 1392 2504 quae
1444 2433 1744 2490 venerabili
1775 2433 1894 2504 ejus
1941 2448 2041 2489 no-

462 2524 612 2579 mine
649 2523 908 2580 invocato
950 2523 1310 2596 peragebant,
1343 2533 1688 2596 agnoverunt
1723 2538 1915 2580 omnes
1947 2525 2039 2595 qui

461 2611 832 2680 crediderant,
870 2629 993 2670 eum
1030 2629 1156 2671 esse
1215 2611 1409 2681 Deum,
1453 2625 1509 2671 et
1541 2613 1639 2670 Dei
1694 2614 2042 2686 unigenitum

461 2704 689 2762 Filium.
720 2701 836 2762 Hoc
882 2719 1016 2779 ergo
1043 2705 1135 2761 hic
1161 2721 1387 2779 quoque
1440 2705 1630 2763 docuit
1662 2707 1882 2763 divinus
1906 2707 2046 2778 Apo-

463 2797 666 2863 stolus,
696 2797 843 2869 quod
875 2799 967 2870 qui
1001 2798 1146 2856 illius
1198 2798 1423 2854 Davidis
1475 2800 1776 2856 secundum
1819 2816 2040 2856 carnem

463 2889 646 2945 dictus
670 2896 775 2954 est,
805 2887 1069 2946 deﬁnitus
1091 2901 1148 2946 et
1175 2890 1591 2947 demonstratus
1634 2900 1720 2946 est
1752 2892 1844 2948 Dei
1871 2891 2043 2948 Filius

463 2996 563 3051 per
621 2981 948 3052 potentiam,
985 2997 1108 3054 quae
1153 2983 1259 3054 ιθ
1289 2997 1316 3037 a
1351 2994 1546 3039 sancto
1581 2983 1785 3055 Spiritu
1821 3001 2043 3043 exerce-

462 3075 648 3142 batur,
679 3082 805 3146 post
850 3075 1069 3130 Domini
1122 3075 1297 3132 nostri
1333 3074 1468 3132 Jesu
1508 3075 1715 3134 Christi
1764 3091 2042 3136 resurrec-

462 3167 672 3223 tionem
709 3180 740 3221 a
777 3165 1033 3224 mortuis.

536 3343 702 3401 Vsus.
733 3343 787 3401 5.
826 3343 933 3402 Per
959 3363 1110 3417 quem
1164 3350 1457 3420 accepimus
1505 3349 1735 3422 gratiam
1763 3359 1813 3406 et
1839 3361 2046 3421 aposto-

467 3437 638 3492 latum
675 3436 744 3492 ad
775 3436 1118 3493 obedicndum
1143 3438 1290 3509 ﬁdei,
1325 3441 1379 3495 in
1411 3442 1654 3498 omnibus
1685 3440 1925 3513 gentibus
1949 3457 2044 3512 pro

466 3528 676 3586 nomine
701 3527 838 3597 eius.
870 3528 990 3600 Ipse
1010 3529 1156 3585 enim
1184 3546 1288 3588 nos
1319 3532 1706 3608 praedicatores
1733 3534 2044 3602 constituit,

467 3621 714 3676 omnium
743 3621 990 3694 gentium
1033 3620 1196 3679 nobis
1227 3623 1500 3680 mandans
1544 3626 1802 3695 salutem,
1830 3638 1886 3682 et
1921 3641 2046 3699 gra-

469 3715 604 3769 tiam
633 3713 873 3778 douaus,
907 3728 1029 3784 qua:
1060 3713 1437 3785 praedicationi
1476 3718 1818 3781 conveniret,
1849 3724 1910 3772 ut
1942 3731 2044 3772 no-

470 3801 558 3858 bis
589 3799 898 3868 obedirent,
921 3817 986 3859 ac
1017 3803 1189 3860 verbo
1223 3805 1540 3872 crederent,
1573 3807 1668 3878 qui
1701 3806 2043 3878 praedicatio-

470 3906 596 3947 nem
627 3891 965 3963 reciperent.

543 3974 714 4034 Vnus.
736 3977 792 4034 6.
819 3976 884 4035 In
909 3981 1095 4051 quibus
1118 3982 1245 4037 estis
1265 3992 1312 4038 et
1343 4000 1453 4048 vos,
1472 3986 1644 4039 vocati
1664 3983 1796 4041 Iesu
1824 3985 2045 4044 Christi.

469 4068 551 4125 Es
587 4069 680 4135 iis,
712 4071 914 4143 inquit,
949 4089 1047 4129 vos
1079 4088 1300 4145 quoque
1328 4073 1587 4146 gentibus
1617 4079 1773 4145 estis,
1809 4094 2043 4149 quarum

469 4161 691 4218 cultura
720 4163 855 4218 mihi
887 4165 1187 4221 commissa
1233 4173 1341 4221 est.
1391 4163 1473 4222 Ne
1521 4167 1669 4223 enim
1718 4171 2047 4229 existimetis

470 4268 560 4310 me
587 4253 765 4310 aliena
793 4270 1080 4328 usurpare,
1111 4262 1166 4313 et
1198 4271 1363 4327 agros
1395 4258 1524 4314 aliis
1557 4260 1868 4333 assignatos
1895 4264 2049 4320 inva-

468 4348 618 4404 dere.
642 4345 911 4406 Dominus
942 4349 1090 4406 enim
1125 4365 1212 4407 me
1236 4351 1483 4409 omnium
1514 4357 1756 4426 gentium
1780 4360 2044 4430 praedica-

466 4443 645 4492 torem
669 4437 989 4494 constituit.

2143 1975 2256 2029 Καὶ
2305 1973 2496 2028 πάλινο
2528 1991 2547 2024 ι
2575 1973 2811 2027 Μείνατε
2840 1969 3003 2026 αὑτοῦ
3031 1972 3088 2023 ἐν
3117 1973 3183 2041 τῇ
3217 1969 3370 2023 πόλει
3399 1967 3592 2040 ταύτῃ,
3614 1968 3720 2032 ἕως

2142 2063 2208 2119 ἂν
2266 2062 2558 2135 ἐνδύσησθε
2613 2063 2842 2134 δύναμιν
2902 2061 2963 2128 ἐξ
3026 2062 3214 2133 ὕψους,
3270 2061 3585 2126 ἐπελθόντος
3625 2060 3720 2115 τοῦ

2143 2157 2298 2226 ἀγίου
2330 2156 2648 2226 Πνεύματος
2671 2154 2756 2226 ἐφ’
2781 2156 2944 2227 ὑμᾶς.
2972 2173 2992 2205 s
3021 2155 3134 2227 Πρὸ
3157 2153 3255 2226 μὲν
3277 2149 3370 2208 οὖν
3396 2153 3490 2206 τοῦ
3516 2151 3720 2216 πάθους

2141 2249 2395 2312 τοιαύτας
2422 2244 2567 2320 εἶχον
2596 2248 2754 2316 δόξας
2791 2247 2918 2321 περὶ
2951 2245 3136 2302 αὑτοῦ.
3177 2244 3333 2300 Μετὰ
3371 2244 3425 2298 δὲ
3466 2243 3564 2315 τὴν
3589 2243 3720 2296 ἀνά-

2144 2359 2355 2407 στασιν,
2408 2343 2504 2397 καὶ
2558 2341 2656 2412 τὴν
2700 2343 2780 2407 είς
2815 2340 3080 2413 οὐρανοὺς
3139 2338 3424 2401 ἀνάϐασιν,
3476 2336 3572 2390 καὶ
3626 2333 3723 2388 τοῦ

2143 2435 2410 2504 παναγίου
2467 2433 2786 2503 Πνεύματος
2830 2431 3201 2501 ἐπιφοίτησιν,
3257 2430 3351 2482 καὶ
3391 2430 3489 2490 τὰς
3520 2443 3721 2480 παντο-

2141 2527 2322 2591 δαπὰς
2385 2525 2830 2598 θαυματουργίας
2891 2523 2956 2586 ἃς
3015 2520 3346 2585 ἐπετέλουν,
3426 2517 3721 2579 καλοῦντες

2141 2617 2310 2672 αὑτοῦ
2369 2616 2431 2670 τὸ
2483 2615 2780 2685 σεϐάσμιον
2830 2615 3023 2684 ὄνομα,
3076 2612 3320 2680 ἔγνωσαν
3382 2610 3619 2671 ἀπαντες
3671 2608 3720 2660 οἱ

2145 2708 2489 2770 πιστεύοντες
2539 2706 2603 2772 “,
2652 2705 2736 2759 ὅτι
2770 2705 2863 2758 καὶ
2891 2703 3025 2768 Θεός
3072 2703 3214 2768 ἐστι,
3281 2701 3379 2757 καὶ
3435 2699 3529 2755 τοῦ
3583 2697 3720 2752 Θεοῦ

2146 2800 2440 2873 μονογενὴς
2475 2798 2622 2862 Υἱός.
2657 2797 2829 2851 Τοῦτο
2863 2795 3046 2850 τοίνυν
3091 2793 3373 2850 κάνταῦθα
3425 2790 3665 2858 ἐδίδαξεν
3694 2791 3723 2842 ό

2144 2893 2286 2954 θεῖος
2327 2887 2670 2951 Ἀπόστολος,
2695 2887 2778 2941 ἃιι
2811 2885 2954 2940 κατά
2984 2884 3162 2958 σάρκα
3189 2882 3283 2938 τοῦ
3314 2882 3479 2937 Δαϐὶδ
3499 2897 3722 2952 χρημα-

2141 2982 2296 3045 τίσας
2330 2979 2476 3046 Υίδς,
2512 2977 2723 3050 ὡρίσθη
2751 2978 2845 3032 καὶ
2869 2977 3166 3048 ἀπεδείχθη
3190 2974 3284 3029 τοῦ
3308 2972 3444 3028 Θεοῦ
3465 2973 3610 3035 Υἱὸς,
3637 2969 3726 3024 διὰ

2142 3076 2243 3146 τῆς
2301 3075 2409 3129 ὑπὸ
2468 3073 2562 3128 τοῦ
2623 3071 2894 3139 παναγίου
2963 3068 3278 3140 Πνεύματος
3331 3062 3726 3138 ἐνεργουμένης

2145 3168 2426 3238 δυνάμεως
2455 3166 2596 3239 μετά
2622 3165 2719 3237 τὴν
2745 3165 2809 3215 ἐκ
2836 3160 3047 3233 νεκρῶν
3093 3159 3390 3214 ἀνάστασιν
3434 3155 3598 3211 αὑτοῦ
3631 3152 3727 3207 τοῦ

2068 3226 2110 3286 C
2148 3226 2353 3332 Κυρίου
2385 3226 2544 3329 ημῶν
2586 3226 2762 3326 Ἰησοῦ
2794 3226 3051 3324 Χριστοῦ.

2216 3358 2276 3407 ε’.
2311 3351 2391 3404 Δι’
2436 3343 2508 3405 οὗ
2539 3346 2834 3416 ἐλάϐομεν
2868 3341 3046 3414 χάριν
3093 3341 3192 3395 καὶ
3237 3339 3592 3405 ἀποστολὴν
3639 3340 3729 3404 εις

2144 3441 2426 3509 ὑπακοὴν
2479 3439 2760 3504 πίστεως,
2824 3436 2894 3490 ἐν
2941 3432 3090 3489 πᾶσι
3141 3432 3266 3499 τοῖς
3306 3431 3548 3486 ἔθνεσιν
3575 3429 3728 3496 ὑπὲρ

2116 3556 2120 3560 π
2145 3534 2252 3588 τοῦ
2288 3533 2580 3602 ὀνόματος
2612 3527 2819 3583 αὑτοῦ.
2843 3525 3016 3590 Αὐτὸς
3046 3525 3155 3596 γὰρ
3199 3525 3346 3596 ἡμᾶς
3377 3520 3721 3593 προύϐάλετο

2146 3622 2416 3692 κήρυκας.
2447 3617 2556 3672 τῶν
2589 3615 2758 3670 ἐθνῶν
2788 3615 3045 3670 ἁπάντων
3075 3612 3390 3684 ἐγχειρίσας
3415 3611 3512 3682 τὴν
3546 3624 3726 3677 σωτη-

2149 3713 2294 3785 ρίαν,
2326 3711 2421 3765 κα“ι
2449 3707 2821 3778 ἀναλογοῦσαν
2864 3705 2942 3778 τῷ
2990 3706 3308 3778 κηρύγματι
3341 3703 3725 3776 δωρησάμενος

2147 3806 2328 3875 χάριν,
2351 3802 2489 3856 ὥστε
2551 3801 2702 3872 ἡμῖν,
2733 3800 2828 3855 καὶ
2851 3798 3172 3863 ὑπακούειν,
3215 3798 3310 3852 καὶ
3342 3792 3617 3850 πιστεύειν
3651 3789 3729 3862 τῷ

2146 3895 2312 3964 λόγῳ,
2347 3893 2472 3955 τοὺς
2506 3891 2828 3961 δεχομένους
2861 3890 2922 3944 τὸ
2960 3891 3241 3962 κήρυγμα.

2218 3994 2291 4052 ς’.
2355 3986 2451 4038 Ἐν
2505 3977 2596 4050 οἷς
2640 3984 2782 4037 ἐστε
2844 3983 2941 4037 καὶ
3009 3981 3200 4052 ὑμεῖς,
3261 3983 3471 4048 κλητοὶ
3535 3981 3727 4052 Ἰησοῦ

2146 4077 2424 4149 Χριστοῦ.
2463 4078 2560 4131 Ἐκ
2582 4076 2792 4131 τούτων
2818 4076 2943 4131 ἐστέ
2974 4077 3068 4130 καὶ
3094 4074 3256 4147 ὑμεῖς
3285 4075 3395 4130 τῶν
3423 4076 3617 4141 ἐθνῶν,
3649 4069 3726 4131 ὧν

2146 4174 2247 4245 τὴν
2272 4170 2547 4243 γεωργίαν
2569 4167 2962 4240 ἐνεχειρίσθην.
2997 4167 3090 4239 Μὴ
3129 4169 3239 4240 γὰρ
3267 4167 3330 4240 δὴ
3371 4167 3629 4241 νομίσητε
3659 4169 3729 4224 τὰ

2147 4265 2405 4338 ἀλλότρια
2437 4259 2876 4333 σφετερίζεσθαι,
2929 4259 3024 4314 καὶ
3081 4259 3178 4325 τὰς
3224 4261 3404 4326 ἄλλοις
3455 4263 3726 4332 ἀπονεμη-

2149 4358 2333 4422 θείσας
2390 4355 2657 4427 ἁρπάζειν
2715 4351 2974 4424 ἀρούρας.
3036 4353 3260 4408 Πάντων
3315 4356 3422 4424 γάρ
3486 4371 3553 4425 με
3619 4353 3730 4406 τῶν

2149 4449 2318 4504 ἐθνῶν
2348 4450 2376 4502 ὁ
2403 4447 2678 4518 Δεσπότης
2719 4445 3133 4517 κεχειροτόνηκε
3171 4448 3407 4516 κήρυκα.

539 4523 709 4623 Vens.
751 4528 804 4586 7.
867 4529 1126 4623 omnibus
1172 4533 1262 4603 qui
1304 4545 1427 4590 sunt
1459 4536 1640 4594 Roma:
1688 4540 1903 4602 dilectis,
1929 4540 2043 4605 Dei,

2223 4541 2291 4606 ζ’.
2325 4539 2484 4596 Πᾶσι
2512 4539 2636 4606 τοῖς
2657 4534 2838 4593 οὖσιν
2868 4539 2938 4592 ἐν
2970 4538 3152 4606 Ῥώμῃ
3177 4537 3505 4605 ἀγαπητοῖς
3556 4535 3725 4601 Θεοῦ,

467 4621 668 4675 vocatis
709 4622 932 4678 sanctis.
965 4621 1031 4677 Et
1083 4622 1290 4682 divinis
1321 4643 1417 4684 eos
1451 4632 1912 4707 appellationibus
1944 4633 2045 4690 bo-

467 4712 707 4777 noravit,
760 4721 816 4768 et
871 4717 1246 4788 arrogantiam
1291 4723 1574 4791 repressit.
1613 4722 1851 4779 Primum
1895 4727 2042 4782 enim

465 4817 586 4871 eos,
613 4821 723 4861 non
757 4815 815 4862 ut
845 4809 1016 4864 totius
1049 4810 1202 4867 orbis
1237 4818 1512 4868 terrarum
1562 4813 1868 4873 dominium
1902 4819 2045 4874 obti-
2069 4825 2090 4836 ’

467 4906 666 4980 nentes
696 4898 767 4955 ab
795 4899 922 4956 aliis
949 4901 1206 4971 gentibus
1237 4905 1493 4970 secrevit,
1519 4907 1614 4963 sed
1637 4909 1763 4966 aliis
1788 4912 2047 4967 commis-

469 4992 604 5048 cuit.
639 4989 844 5048 Deinde
869 4992 1126 5051 omnibus
1151 4995 1318 5050 simul
1347 4997 1560 5064 scribit,
1586 5015 1778 5056 servos
1810 5002 2047 5058 miscens

466 5089 525 5137 et
570 5081 877 5149 mendicos,
927 5091 983 5137 et
1017 5098 1114 5139 eos
1160 5087 1255 5156 qui
1299 5086 1405 5142 sibi
1429 5088 1686 5143 manibus
1716 5091 1919 5145 victum
1952 5105 2046 5161 pa-

469 5179 617 5236 rant,
638 5186 846 5242 eosque
871 5172 966 5243 qui
1001 5176 1198 5246 opibus
1242 5177 1572 5245 efferuntur,
1608 5187 1664 5236 et
1691 5193 1787 5235 eos
1821 5182 1913 5252 qui
1955 5195 2048 5252 po-

468 5267 668 5319 testate
724 5273 855 5319 snnt
905 5269 1140 5339 praediti.
1195 5269 1356 5338 Quod
1393 5273 1537 5327 enim
1585 5287 1650 5327 ex
1693 5271 1780 5327 bis
1829 5288 2050 5342 quoque

471 5357 640 5427 aliqui
671 5357 1066 5426 credidissent,
1112 5365 1273 5420 docet
1327 5366 1381 5420 in
1438 5365 1684 5436 Epistola
1721 5364 1787 5419 ad
1839 5363 2046 5436 Philip-

468 5465 669 5520 penscs
697 5489 709 5503 .
743 5469 763 5504 ι
803 5450 1057 5510 Salutant
1081 5457 1253 5524 enim,
1284 5457 1483 5530 inquit,
1535 5472 1634 5514 vos
1685 5456 1779 5529 qui
1808 5464 1936 5514 sunt
1979 5472 2046 5514 ex

2151 4630 2396 4700 κλητοῖς
2433 4629 2642 4700 ἁγίοις.
2679 4627 2799 4680 Καὶ
2838 4629 2959 4688 ταῖς
3003 4624 3175 4688 θείαις
3222 4625 3417 4686 αὐτοὺς
3457 4641 3729 4694 προσηγο-

2153 4725 2299 4795 ρίαις
2349 4720 2638 4790 τετίμηκε,
2695 4717 2792 4771 καὶ¹
2837 4715 2936 4786 τὴν
3005 4715 3324 4779 ἀλαζονείαν
3393 4714 3726 4772 κατέστειλε.

2151 4815 2374 4887 Πρῶτον
2406 4811 2505 4883 μὲν
2559 4808 2665 4878 γὰρ
2699 4805 2917 4869 αὐτοὺς,
2970 4806 3068 4876 οὐχ
3123 4806 3198 4869 ὼς
3245 4807 3580 4877 κρατοῦντας
3627 4803 3730 4877 τῆς

2151 4903 2478 4975 οἰκουμένης
2528 4899 2791 4970 ἀπέκρινε
2843 4896 2950 4951 τῶν
2987 4897 3160 4952 ἄλλων
3194 4897 3386 4962 ἐθνῶν,
3431 4897 3566 4952 ἀλλὰ
3618 4899 3730 4962 τοῖς

2154 4997 2334 5058 ἄλλοις
2363 4992 2651 5063 ἀνέμιγεν’
2697 4989 2888 5043 ἔπειτα
2921 4987 2977 5042 δέ
3023 4990 3188 5043 πᾶσιν
3213 4989 3347 5058 ὁμοῦ
3383 4987 3604 5059 γράφει,
3636 4989 3730 5043 καὶ

2151 5090 2366 5148 οἰκέτας
2414 5083 2740 5154 ἀναμιγνὺς,
2799 5083 2895 5136 καὶ
2945 5082 3264 5154 προσαίταις,
3315 5084 3407 5136 καὶ
3441 5083 3732 5154 ἀποχειρο-

2153 5177 2401 5240 ϐιώτους,
2436 5173 2678 5236 καὶτοὺς
2709 5171 2924 5244 πλούτῳ
2956 5172 3262 5242 κομῶντας,
3294 5174 3389 5228 καὶ
3415 5174 3539 5236 τοὺς
3569 5172 3729 5226 δυνα-

2155 5270 2336 5326 στείαν
2400 5264 2838 5337 περικειμένους.
2903 5264 3026 5319 Ὅτι
3089 5265 3199 5337 γὰρ
3267 5264 3362 5319 καὶ
3417 5266 3480 5318 ἐκ
3525 5262 3733 5317 τούτων

2151 5358 2292 5434 ἦσαν
2318 5356 2747 5420 πεπιστευκότες
2781 5355 2946 5423 τινές,
2973 5356 3030 5412 ἐν
3059 5360 3123 5430 τῇ
3151 5359 3286 5430 πρὸς
3335 5354 3732 5426 Φιλιππησίους

2153 5452 2418 5508 διδάσκει·
2452 5469 2470 5501 ⁸
2522 5448 2880 5514 Ἀσπάζονται
2914 5449 3041 5524 γὰρ,
3075 5453 3259 5522 φησὶν,
3299 5451 3443 5523 ὑμᾶς
3468 5448 3517 5502 οἱ
3545 5447 3610 5501 ἐκ
3635 5448 3732 5518 τῆς

525 5615 560 5654 ἰ
602 5613 792 5670 Matth.
825 5632 958 5681 vm,
990 5619 1081 5676 27.
1163 5634 1177 5672 ι
1219 5622 1378 5679 Joan.
1412 5638 1557 5691 xxvi,
1598 5625 1686 5680 ιε.
1763 5625 1789 5666 ιι
1827 5623 1960 5680 Luc.
1998 5638 2146 5685 ssiv,
2178 5620 2266 5676 49.

1783 5762 2017 5820 VARUS
2060 5761 2466 5820 LECTIONES.

527 5820 563 5851 "
593 5817 640 5875 Β
673 5822 1082 5894 πιστεύσαντες.
