4074 6176
3499 317 3525 359 Ι

270 401 342 467 53
1116 411 1728 474 INTERPRETATIO
1761 411 1998 474 EPIST.
2035 417 2136 475 AD
2162 416 2344 476 ROM.
2374 417 2532 478 CAP.
2570 418 2619 477 ῐ.
3449 413 3522 484 δι

276 515 558 588 Καίσαρος
583 516 779 583 οίκίας.
813 539 832 570 ι
881 521 1114 589 Ἐδίδαξε
1145 524 1348 596 μέντοι,
1379 527 1454 589 ὡς
1473 526 1574 580 οὐκ
1598 527 1844 589 ἀπίστοις

1970 527 2180 584 Iaesaris
2199 527 2360 586 domo
2390 526 2430 584 ι.
2463 547 2481 581 ›
2513 526 2708 584 Docuit
2751 528 2956 598 itaque,
2997 527 3142 598 quod
3175 543 3284 582 non
3315 530 3520 584 scribat

277 609 506 681 γράφει,
535 609 672 664 ἀλλὰ
699 614 813 676 τοῖς
842 612 941 684 ἥδη
976 617 1417 672 πεπιστευκόσιν.
1447 616 1612 673 Ὅθεν
1648 617 1850 682 αὐτοὺς

279 699 378 752 καὶ
407 700 670 769 κλητοὺς
693 703 788 757 καὶ
817 703 1028 774 ἁγίους
1071 709 1487 780 προσαγορεύει,
1527 710 1649 774 ταῖς
1687 726 1850 763 πνευ-

284 794 546 860 ματικαῖς
602 795 904 866 εὐφημίαις
953 799 1214 871 ἐπαίρων,
1288 803 1382 855 καί¹
1444 801 1536 856 τὸν
1597 801 1726 874 περὶ
1761 800 1853 856 τὸν

281 883 580 956 εὐεργέτην
613 886 778 941 πόθον
803 891 1108 962 πυρσεύων.
1138 894 1319 964 Χάρις
1347 893 1492 964 ὑμῖν
1525 894 1622 950 καί
1643 893 1852 964 εἰρήνη

279 974 402 1030 ἀπὸ
433 977 581 1032 Θεοῦ
610 979 840 1050 Πατρός
863 981 1032 1052 ἡμῶν
1071 984 1170 1038 καὶ
1221 986 1441 1054 Κυρίου
1487 986 1684 1054 Ἰησοῦ
1720 988 1853 1055 Χρι-

280 1065 458 1123 στοῦ.
497 1066 760 1124 Ἐνταῦθα
800 1072 1247 1145 συμπεπλήριυοιε
1271 1076 1369 1146 τὴν
1395 1075 1494 1146 τῆς
1533 1075 1856 1148 Ἐπιστολῆς

285 1159 637 1228 προγραφήνο
693 1161 934 1230 Παῦλος
991 1163 1122 1237 γὰρ,
1167 1166 1322 1238 φησὶ,
1383 1165 1604 1233 δοῦλος
1660 1167 1855 1236 Ἰησοῦ

282 1247 550 1314 Χριστοῦ
609 1249 761 1306 πᾶσι
806 1251 932 1320 τοῖς
975 1249 1156 1310 οὖσιν
1192 1257 1263 1310 ἐν
1293 1256 1485 1326 Ῥώμῃ
1527 1258 1856 1328 ἀγαπητοῖς

285 1339 461 1408 Θεοῦ,
493 1343 740 1410 κλητοῖς
767 1345 979 1414 ἁγίοις,
1010 1347 1184 1417 χάρις
1210 1348 1354 1420 ὑμῖν
1375 1351 1472 1404 καί
1504 1350 1712 1419 εἰρήνη
1740 1351 1858 1406 ἀπὸ

288 1429 442 1484 Θεοῦ
481 1433 711 1502 Πατρὸς
752 1433 923 1504 ήμῶν
963 1437 1062 1492 καί
1096 1439 1317 1508 Κυρίου
1352 1438 1547 1506 Ἰησοῦ
1576 1440 1856 1510 Χριστοῦ.

287 1522 470 1578 Τάλλα
495 1522 553 1577 δὲ
581 1525 797 1581 ἅπαντα
823 1527 1026 1597 μεταξὺ
1049 1530 1693 1602 παρενέθηκε,διδάσκων
1718 1532 1863 1593 τίνος

287 1631 351 1669 τε
381 1615 558 1688 κῆρυξ
589 1617 976 1690 προϐέϐληται,
1010 1622 1104 1675 καὶ
1149 1623 1310 1676 ὁποῖα
1346 1621 1638 1693 κηρύττειν
1694 1638 1866 1691 προσ-

288 1705 571 1774 τέτακται,
623 1709 718 1763 ita).
770 1710 881 1766 τίσι
937 1712 1110 1766 ταῦτα
1149 1713 1487 1784 προσφέρειν
1535 1712 1861 1784 ἀφώρισται.

307 1799 624 1874 Ἐπεύχεται
674 1802 730 1856 δέ
776 1803 982 1867 αὐτοῖς,
1017 1802 1238 1872 πρῶτον
1286 1804 1384 1875 μὲν
1429 1805 1521 1858 τοῦ
1572 1805 1706 1859 Θεοῦ
1761 1804 1860 1876 τὴν

291 1888 453 1958 χάριν
473 1858 505 1921 ς
531 1887 622 1943 διὰ
647 1889 853 1959 ταύτης
1029 1858 1266 1954 ἅπαντες
1286 1858 1573 1965 ισωτηρίας
1614 1858 1861 1966 ἁπήλαύ-
1893 1858 1937 1912 Β

294 1996 392 2034 σαν
426 1981 476 2033 oi
498 1979 909 2045 πιστεύσαντες.
942 1977 1076 2036 Εἶτα
1099 1982 1195 2055 τὴν
1223 1985 1468 2056 εἰρήνην,
1487 1987 1556 2041 δι’
1583 1982 1651 2060 ἦς
1683 1991 1863 2044 πᾶσαν

291 2071 589 2126 αἰνίττεται
636 2072 736 2142 τῆς
781 2072 984 2146 ἀρετῆς
1018 2073 1116 2146 τὴν
1163 2076 1519 2147 κατόρθωσιν.
1576 2081 1864 2152 Εἰρηνεύει

288 2161 402 2234 γὰρ
429 2162 566 2234 πρὸς
589 2162 722 2217 Θεὸν
748 2165 776 2218 6
802 2165 900 2236 τὴν
924 2166 1287 2240 εὐαγγελικὴν
1316 2169 1695 2242 ἀσπαζόμενος
1716 2173 1867 2227 πολι-

287 2255 468 2314 τείαν,
536 2255 565 2306 6
614 2254 942 2327 θεραπεύειν
998 2262 1161 2316 αὑτὸν
1198 2265 1279 2328 είς
1309 2264 1530 2318 ἅπαντα
1554 2264 1867 2336 προθυμού-

292 2363 481 2412 μενος.
548 2348 769 2404 Τούτων
803 2351 861 2406 δὲ
905 2353 1016 2408 τῶν
1071 2355 1310 2428 δωρεῶν,
1377 2359 1439 2412 οὐ
1493 2340 1584 2413 τὸν
1650 2359 1868 2430 Πατέρα

295 2438 486 2504 μόνον,
514 2441 649 2494 ἀλλά
699 2445 791 2496 καὶ
841 2445 936 2498 τὸν
987 2447 1116 2500 Υίδν
1150 2447 1390 2502 δείκνυσι
1426 2449 1684 2520 χορηγόνο
1726 2449 1868 2506 Ἀπὸ

285 2528 449 2582 Θεοῦ
479 2530 604 2601 γὰρ,
642 2532 793 2600 φησὶ,
818 2534 1048 2604 Πατρὸς
1069 2535 1260 2605 ἡμῶν,
1291 2537 1390 2592 καί
1407 2539 1630 2606 Κυρίου
1675 2539 1868 2607 Ἰησοῦ

286 2618 568 2685 Χριστοῦ.
599 2622 679 2674 Δι’
704 2616 780 2676 ὧν
809 2625 958 2696 ἡμᾶς
983 2625 1224 2693 ἐδίδαξεν
1249 2629 1508 2702 ἄντικρυς
1535 2631 1748 2704 Πατρδς
1771 2632 1868 2686 καὶ

288 2708 422 2763 Υίοῦ
444 2710 539 2779 τὴν
572 2712 814 2785 ίσὸτητα.

363 2809 431 2873 η’.
487 2803 731 2872 Πρῶτον
765 2808 882 2877 μὲν
924 2810 1261 2879 εὐχαριστῶ
1317 2810 1396 2878 τῷ
1448 2813 1569 2880 Θεῷ
1615 2813 1735 2884 μου
1775 2815 1871 2871 διὰ

299 2891 513 2963 ’.Ιησοῦ
542 2898 804 2964 Χριστοῦ
826 2899 980 2968 ὑπὲρ
1006 2895 1456 2972 πάντωνύμῶν,
1488 2907 1577 2958 ὅτι
1603 2907 1641 2974 ἠ
1667 2907 1872 2973 πίστις

281 2985 460 3057 ὑμῶν
484 2991 952 3059 καταγγέλλεται
975 2991 1046 3045 ἐν
1075 2991 1195 3060 ὅλῳ
1228 2991 1308 3058 τῷ
1353 2997 1577 3064 κόσμῳ.
1610 2995 1783 3050 Τοῦτο
1815 2997 1872 3051 δέ

1951 618 2285 684 inﬁdelibus,
2324 620 2417 677 sed
2449 620 2518 677 iis
2552 619 2648 692 qui
2682 617 2796 690 jam
2829 617 3200 675 crediderunt.
3237 615 3390 673 Unde
3427 633 3522 674 eos

1951 711 2119 768 etiam
2149 722 2205 767 et
2221 721 2431 766 vocatos
2455 722 2510 768 et
2534 720 2746 766 sanctos
2773 711 3031 782 appellat,
3066 710 3404 781 spiritalibus
3429 727 3522 764 eos

1953 803 2212 860 laudibus
2250 803 2540 868 extollens,
2567 813 2620 859 et
2643 817 2833 857 eorum
2869 801 2925 856 in
2959 816 3082 856 eum
3116 801 3210 872 qui
3251 801 3400 872 ipsos
3432 799 3525 853 illo

1953 895 2222 952 beneﬁcio
2252 894 2536 959 affecerat,
2565 893 2899 950 desiderium
2931 891 3296 948 inﬂammans.
3335 889 3524 945 Crazia

1957 989 2098 1044 vobis
2114 998 2162 1043 et
2183 1003 2290 1058 pax
2316 1004 2347 1041 a
2370 986 2478 1042 Deo
2499 985 2664 1041 Patre
2685 996 2865 1041 nostra
2887 997 2934 1040 et
2966 985 3192 1040 Domino
3221 983 3346 1039 Iesu
3367 984 3524 1038 Chri-

1957 1090 2058 1134 sto.
2082 1077 2185 1133 Hic
2219 1077 2473 1149 Epistolas
2497 1077 2918 1149 inscriptionem
2948 1075 3214 1146 perfecit:
3245 1075 3346 1146 17
3379 1075 3526 1128 Pau-

1957 1170 2062 1236 lus,
2089 1169 2292 1240 inquit,
2323 1185 2502 1223 servus
2534 1166 2666 1223 Iesu
2705 1167 2926 1233 Christi,
2969 1167 3209 1222 omnibus
3265 1168 3355 1238 qui
3405 1175 3528 1220 sunt

1960 1259 2140 1314 Romae
2173 1259 2382 1339 dilectis
2417 1258 2534 1324 Dei,
2565 1262 2762 1314 vocatis
2807 1261 3029 1322 sanctis,
3075 1259 3252 1330 gratia
3297 1258 3438 1313 vobis
3480 1267 3528 1310 et

1959 1363 2065 1416 pax
2089 1365 2122 1401 a
2144 1347 2253 1402 Deo
2280 1348 2442 1402 Patre
2468 1357 2646 1401 nostra
2669 1355 2718 1401 et
2749 1347 2977 1402 Domino
3005 1345 3135 1400 Iesu
3162 1343 3528 1400 Christo.Alia

1965 1453 2094 1493 vero
2122 1439 2303 1492 omnia
2335 1437 2628 1506 interiecit,
2653 1438 2865 1492 docens
2889 1453 2917 1491 a
2943 1452 3181 1507 quonam
3208 1435 3532 1506 praedicator

1965 1530 2040 1584 sit
2079 1529 2438 1595 constitutus,
2464 1535 2519 1583 et
2548 1543 2794 1597 quasnam
2820 1529 3122 1598 praedicare
3147 1528 3338 1596 jussus
3363 1529 3456 1591 sit,
3481 1537 3532 1580 et

1967 1618 2295 1692 quibusnam
2325 1618 2441 1672 haec
2467 1617 2666 1673 offerre
2693 1617 3072 1688 praescriptum
3103 1616 3198 1671 sit.
3225 1613 3317 1670 Eis
3351 1625 3535 1668 autem

1967 1718 2246 1784 precatur,
2274 1710 2512 1780 primum
2542 1708 2760 1780 quidem
2797 1710 2890 1764 Dci
2922 1709 3153 1780 gratiam
3189 1725 3201 1758 :
3246 1722 3340 1778 per
3398 1706 3537 1758 hanc

1967 1805 2141 1869 enim,
2173 1804 2491 1873 quicunque
2519 1802 2893 1866 crediderunt,
2920 1801 3151 1856 salutem
3184 1808 3311 1854 sunt
3344 1812 3538 1854 conse-

1964 1896 2099 1952 cuti.
2136 1895 2341 1950 Deinde
2370 1907 2585 1965 pacem,
2615 1909 2712 1964 per
2737 1907 2902 1964 quam
2934 1905 3153 1948 omnem
3189 1899 3405 1947 rectam
3423 1891 3540 1944 vir-

1966 1989 2100 2043 tutis
2151 1986 2427 2044 actionem
2465 1985 2759 2057 signiﬁcat.
2793 1983 2930 2039 Cum
2991 1982 3104 2038 Deo
3151 1984 3299 2038 enim
3346 1996 3536 2053 pacem

1968 2077 2152 2142 habet,
2180 2077 2274 2147 qui
2300 2075 2676 2146 evangelicam
2709 2074 2834 2130 vita;
2864 2073 3270 2128 institutionem
3305 2071 3540 2140 amplec.

1969 2170 2126 2235 titur,
2149 2168 2356 2242 quique
2393 2181 2518 2223 eum
2553 2166 2745 2222 sedulo
2776 2165 2831 2233 in
2858 2164 3116 2220 onmibus
3147 2165 3281 2219 colit
3307 2172 3361 2219 et
3391 2163 3538 2234 τοι)-

1969 2270 2171 2318 servat.
2196 2259 2400 2315 Horum
2435 2268 2614 2315 autem
2659 2257 2928 2314 donorum
2957 2272 3065 2312 non
3087 2257 3268 2312 solum
3297 2253 3537 2319 Patrem,

1970 2353 2064 2410 sed
2091 2353 2258 2408 etiam
2288 2349 2486 2406 Filium
2519 2349 2834 2420 largitorem
2881 2363 3006 2404 esse
3049 2348 3311 2404 ostendit.
3348 2346 3394 2401 Α
3437 2346 3541 2401 Deo

1968 2446 2138 2512 enim,
2173 2445 2372 2516 inquit,
2406 2442 2569 2498 Patre
2593 2451 2796 2509 nostra,
2819 2451 2869 2496 et
2901 2439 3126 2494 Domino
3151 2438 3284 2494 Iesu
3307 2438 3538 2494 Christo.

1969 2537 2074 2595 Per
2114 2554 2237 2608 qua:
2273 2552 2376 2594 nos
2419 2545 2609 2608 aperte
2663 2533 2851 2591 docuit
2878 2532 3058 2589 Patris
3083 2538 3138 2589 et
3168 2531 3288 2587 Filii
3321 2530 3544 2602 aequali-

1969 2638 2158 2686 tatem.

2032 2812 2202 2868 Vens.
2235 2811 2289 2868 8.
2325 2811 2564 2866 Primum
2593 2811 2802 2881 quiaem
2821 2810 3025 2880 gratias
3054 2825 3153 2879 ago
3177 2807 3285 2862 Deo
3319 2822 3431 2861 meo
3456 2822 3546 2876 per

1972 2905 2159 2961 Iesum
2192 2903 2461 2960 Christum
2497 2919 2594 2973 pro
2621 2901 2764 2956 vobis
2790 2900 3054 2966 omnibus,
3111 2898 3249 2969 quod
3296 2897 3426 2968 ﬁdes
3475 2914 3550 2953 te-

1975 3008 2089 3053 stra
2111 2997 2461 3052 annuntiatur
2481 2995 2536 3049 iu
2557 2996 2798 3048 universo
2827 2991 3045 3049 mundo.
3080 2992 3196 3047 Hoc
3223 2998 3405 3046 autem
3437 3005 3544 3045 non

281 3080 349 3134 οὐ
388 3079 713 3152 θεραπεύων
743 3083 962 3147 αὐτοὺς,
1002 3084 1117 3140 ἀλλ’
1141 3085 1424 3156 ἀληθεύων
1468 3090 1496 3142 ὁ
1544 3089 1868 3155 Ἀπόστολος

1975 3089 2056 3144 eis
2084 3087 2401 3152 blandiens,
2455 3085 2549 3142 sed
2579 3100 2707 3139 vera
2756 3084 2947 3140 dicens
2990 3083 3176 3155 posuit
3224 3082 3543 3154 Apostolus.

279 3172 556 3230 τέθεικεν.
587 3173 726 3228 Οὔτε
753 3175 858 3247 γὰρ
903 3171 1013 3229 οἷόν
1037 3195 1097 3230 τε
1127 3173 1194 3249 ἧν
1227 3178 1409 3234 λαθεῖν
1438 3181 1565 3244 τοὺς
1596 3180 1736 3236 κατά
1773 3182 1868 3254 τὴν

1975 3178 2159 3249 Neque
2214 3176 2358 3233 enim
2395 3175 2510 3230 ﬁeri
2564 3182 2799 3245 poterat,
2835 3183 2894 3229 ut
2933 3189 3054 3245 qua:
3089 3172 3277 3229 Roma:
3331 3172 3546 3228 evenie-

279 3266 620 3337 οἰκουμένην
641 3268 709 3322 τὰ
733 3269 788 3321 ἐν
821 3272 887 3339 τῇ
937 3268 1120 3341 Ῥώμῃ
1145 3270 1530 3340 συμϐαίνοντα.
1569 3274 1656 3328 Ἐν
1687 3274 1872 3348 ἐκείνῃ

282 3357 402 3430 τάρ
435 3354 579 3428 εῐχον
605 3359 771 3414 πάλαι
818 3361 1102 3426 Ῥωμαίων
1148 3363 1198 3415 oi
1233 3361 1470 3434 βασιλεῖς
1499 3364 1567 3418 τά
1603 3365 1869 3436 βασίλεια,

283 3447 554 3501 κάκεῖθεν
601 3449 656 3502 οἵ
700 3466 760 3502 τε
802 3449 910 3503 τῶν
948 3451 1118 3505 ἐθνῶν
1171 3453 1430 3524 ἄρχοντες
1475 3453 1870 3527 ἐξεπέμποντο,

283 3539 390 3592 καὶ
454 3539 502 3590 oi
553 3539 643 3593 τὸν
686 3538 892 3610 δασμὸν
923 3541 1021 3604 τὰς
1050 3541 1234 3606 πόλεις
1263 3544 1706 3616 είσπράττοντες.
1764 3548 1873 3602 Καὶ

287 3633 488 3702 μέντοι
523 3633 614 3686 καὶ
647 3635 728 3696 είς
761 3634 977 3702 ἐκείνην
1005 3636 1324 3707 συνέτρεχον
1358 3637 1596 3702 ἅπαντες
1637 3639 1686 3692 oi
1716 3637 1870 3710 βασι-

281 3724 458 3788 λικάς
532 3725 964 3794 ἐπαγγέλλοντες
1025 3727 1277 3799 χάριτας.
1345 3731 1455 3784 Καὶ
1518 3731 1606 3784 διά
1664 3731 1873 3792 τούτων

283 3818 554 3870 ἁπάντων
581 3833 711 3871 κατε
721 3817 956 3888 μηνύετο
985 3820 1285 3891 πανταχοῦ,
1308 3821 1383 3885 ὼς
1403 3822 1497 3875 καὶ
1519 3823 1551 3882 ἡ
1585 3822 1873 3893 Ῥωμαίων

283 3907 458 3969 πόλις
498 3908 599 3976 τὴν
633 3908 777 3961 κατὰ
826 3909 921 3962 τὸν
972 3910 1208 3982 Χριστὸν
1247 3911 1598 3966 διδασκαλίαν
1633 3913 1870 3978 ἐδέξατο.

283 3997 575 4068 Μεγίστην
590 3999 646 4052 δὲ
668 3999 823 4052 τοῦτο
843 4001 955 4064 τοῖς
975 4000 1264 4056 ἀκούουσιν
1279 4002 1549 4071 ὠφέλειαν
1567 4003 1871 4076 προύξένει.

285 4091 464 4145 Ὅθεν
495 4095 523 4146 6
567 4091 709 4153 θεῖος
744 4093 1068 4156 Ἀπόστολος
1095 4095 1188 4148 ἐπὶ
1215 4095 1426 4161 τούτοις
1454 4097 1550 4153 τὸν
1595 4100 1873 4170 Δεσπότην

285 4185 629 4253 ἀνύμνησεν.
669 4185 887 4259 Ἐπειδὴ
920 4187 976 4240 δὲ
1005 4189 1478 4261 κεχειροτονῆσθαι
1509 4191 1607 4262 μὲν
1633 4191 1736 4264 ἔφη
1766 4192 1874 4246 τῶν

279 4277 346 4332 ἐθ
355 4277 466 4331 νῶν
478 4278 730 4332 ἀπάντων
748 4278 1152 4344 διδάσκαλος,συ
1159 4281 1282 4351 χνοῦ
1294 4281 1348 4334 δὲ
1358 4301 1389 4352 χ
1398 4284 1549 4352 ρόνου
1566 4283 1873 4354 διεληλυθό-

281 4387 383 4435 τος
399 4368 525 4424 οὔτε
543 4370 705 4434 αὐτὸς
727 4371 863 4444 πρὸς
877 4372 1074 4435 αὐτοὺς
1090 4373 1447 4444 ἀπελήλυθεν,
1463 4372 1585 4428 οὔτε
1597 4375 1685 4429 διὰ
1703 4393 1806 4448 γρα
1816 4394 1876 4447 με

285 4457 487 4532 μάτων
512 4463 710 4526 αὐτοὺς
737 4463 875 4535 πρὸς
893 4462 991 4536 τὴν
1015 4460 1273 4535 ἀλήθειαν
1310 4464 1670 4536 ὲποδήγησεν,
1701 4469 1871 4538 ἀναγ-

279 4555 472 4617 καίως
500 4556 593 4607 καὶ
623 4555 721 4625 τὴν
739 4555 1034 4624 ἀπολογίαν
1047 4555 1366 4626 προσφέρει,
1383 4556 1584 4611 καὶτὸν
1599 4561 1876 4634 Δεσπότην

279 4645 432 4701 Θεὸν
454 4647 536 4710 είς
563 4646 869 4718 μαρτυρίαν
890 4647 988 4718 τῆς
1005 4665 1068 4702 πε
1077 4647 1132 4718 pi.
1162 4648 1360 4711 αὐτοὺς
1379 4647 1536 4702 καλεῖ
1560 4649 1874 4717 διαθέσεως.

362 4735 436 4802 θ’,
473 4736 780 4806 thimipr
803 4737 914 4808 γάρ
938 4757 1058 4808 μου
1082 4738 1254 4794 ἐστίν
1283 4743 1316 4794 ό
1348 4741 1509 4807 Θεὸς,
1534 4735 1582 4810 ᾧ
1607 4746 1876 4814 λατρεύω

277 4837 360 4890 ἐν
392 4832 476 4900 τῷ
499 4833 795 4902 πνεύματί
819 4850 961 4904 μου,
993 4833 1063 4888 ἐν
1087 4832 1168 4899 τῷ
1205 4836 1550 4905 Εὐαγγελίῳ
1582 4837 1688 4893 τοῦ
1734 4839 1872 4895 Υίοῦ

278 4926 507 4992 αὐτοῦ,
555 4926 635 4992 ὡς
683 4924 1081 4991 ἀδιαλείπτως
1115 4927 1334 4996 μνείαν
1368 4927 1538 4997 ὑμῶν
1569 4930 1870 5001 ποιοῦμαι.

279 5019 569 5073 Πάντοτε
614 5017 713 5073 ἐπὶ
757 5017 878 5072 τῶν
917 5017 1273 5088 προσευχῶν
1311 5037 1432 5090 μου
1475 5020 1778 5092 δεόμενος,
1821 5025 1877 5078 εί

277 5126 424 5176 πως
451 5109 570 5178 ἤδη
595 5109 740 5165 ποτὲ
760 5109 1208 5181 εὐοδωθήσομαι
1243 5112 1314 5165 ἐν
1344 5111 1423 5178 τῷ
1448 5115 1736 5184 θελήματι
1769 5117 1876 5172 τοῦ

281 5204 452 5259 Θεοῦ
484 5203 686 5259 ἐλθεῖν
710 5205 862 5273 πρὸς
886 5205 1062 5275 ὑμᾶς.
1103 5204 1231 5276 Είδη
1259 5205 1513 5278 λατρείας
1548 5210 1740 5264 πολλά.
1766 5202 1877 5265 Καὶ

279 5296 409 5367 γὰρ
447 5299 476 5350 6
508 5298 943 5370 προσευχόμενος
981 5296 1100 5368 Θεῷ
1135 5297 1408 5369 λατρεύει,
1444 5301 1537 5354 καὶ
1577 5302 1606 5354 6
1651 5305 1877 5375 νηστείᾳ

279 5388 607 5462 χρώμενος,
641 5388 735 5443 καὶ
757 5389 785 5440 ὁ
806 5391 917 5452 τοῖς
945 5388 1109 5453 θείοις
1141 5391 1421 5462 προσέχων
1441 5391 1644 5460 λογίοις
1678 5395 1743 5459 ¹¹,
1782 5396 1875 5448 καὶ

283 5479 489 5550 μέντοι
535 5479 632 5533 καὶ
673 5482 702 5534 6
735 5481 834 5551 τῆς
882 5479 990 5533 τῶν
1041 5477 1207 5544 ξένων
1249 5478 1543 5551 θεραπείας
1578 5481 1872 5553 ἐπιμελού-

369 5612 390 5656 ι
439 5613 677 5688 Philipp.
708 5634 781 5685 Iv,
810 5618 902 5673 22.

1977 3274 2126 3336 bant,
2167 3283 2232 3326 ea
2269 3268 2393 3324 illos
2431 3267 2525 3339 qui
2555 3267 2610 3322 in
2641 3274 2757 3322 toto
2792 3273 2950 3322 erant
2979 3275 3250 3322 terrarum
3279 3266 3413 3321 orbe
3464 3266 3544 3319 la-

1972 3369 2170 3419 terent.
2236 3359 2296 3415 In
2353 3359 2446 3414 illa
2515 3358 2662 3414 enim
2748 3357 3120 3412 Romanorum
3191 3358 3567 3428 imperatores,

1974 3455 2176 3528 regiam
2208 3468 2366 3511 suam
2397 3450 2698 3515 habebant,
2739 3457 2794 3506 et
2825 3450 2978 3505 illinc
3012 3450 3390 3514 mittebantur,
3433 3457 3545 3503 tum

1972 3549 2065 3620 qui
2101 3546 2357 3619 gentibus
2391 3551 2714 3616 praeessent,
2752 3553 2866 3599 tum
2895 3543 3042 3614 quia
3081 3541 3399 3598 civitatibus
3428 3557 3551 3597 vec-

1975 3637 2105 3708 ligal
2130 3637 2428 3708 exigerent.
2461 3631 2583 3688 Jam
2613 3648 2743 3691 vero
2767 3633 2824 3688 in
2846 3631 2997 3687 illam
3017 3647 3236 3702 quoque
3254 3645 3551 3688 concurre-

1974 3732 2106 3788 bant
2134 3745 2326 3786 omnes
2357 3729 2454 3800 qui
2482 3727 2685 3800 regalia
2713 3725 2970 3798 petebant
3005 3723 3271 3781 beneficia
3310 3740 3324 3778 :
3358 3731 3412 3780 et
3456 3737 3550 3794 per

1973 3824 2074 3880 hos
2107 3837 2301 3878 omnes
2332 3820 2535 3892 ubique
2585 3817 3018 3891 signiﬁcabatur,
3043 3817 3188 3889 quod
3215 3815 3410 3872 civitas
3443 3817 3552 3870 [tot

1979 3930 2268 3970 manorum
2301 3912 2512 3969 Christi
2537 3911 2842 3967 doctrinam
2865 3915 3204 3982 perceperat.
3228 3906 3342 3966 Hoc
3367 3919 3550 3964 autem

1975 4013 2042 4068 iis
2079 4010 2174 4083 qui
2231 4008 2526 4066 audiebant
2574 4007 2868 4062 maximam
2914 4003 3206 4060 utilitatem
3272 4003 3547 4060 aﬂ'erebat.

1976 4103 2131 4160 Unde
2161 4112 2214 4159 et
2257 4102 2477 4158 divinus
2533 4097 2835 4172 Apostolus
2867 4105 3090 4170 prapter
3113 4098 3229 4152 haec
3263 4095 3549 4152 Dominum

1981 4198 2086 4268 18
2120 4195 2397 4251 laudabat.
2441 4192 2712 4260 Quoniam
2775 4197 2959 4247 autem
3003 4189 3246 4245 omnium
3309 4187 3550 4258 gentium

1977 4307 2036 4348 se
2066 4290 2141 4345 ait
2163 4289 2334 4344 fuisse
2355 4287 2716 4342 constitutum
2742 4285 3078 4355 apostolum,
3106 4281 3339 4336 multum
3367 4289 3550 4335 autem

1977 4380 2244 4452 temporis
2270 4377 2627 4450 praeterierat,
2657 4388 2766 4444 quo
2795 4389 2893 4428 nec
2925 4373 3044 4442 ipse
3077 4371 3144 4424 ad
3180 4364 3275 4426 eOs
3303 4378 3548 4434 venerat,

1979 4490 2081 4532 nec
2109 4475 2258 4544 ipsos
2289 4469 2484 4526 litteris
2512 4468 2578 4523 ad
2613 4465 2896 4522 veritatem
2947 4461 3264 4528 deduxerat,
3300 4478 3555 4518 necessa-

1982 4567 2064 4622 rio
2096 4564 2255 4620 affert
2279 4560 2724 4622 excusationem,
2754 4563 2809 4611 et
2832 4553 3121 4610 Dominum
3148 4554 3315 4612 Deum
3341 4554 3410 4612 ad
3443 4571 3556 4614 sua:

1981 4659 2037 4713 in
2069 4672 2163 4711 eos
2195 4648 2590 4710 benevolentia:
2619 4647 2992 4704 testimonium
3027 4657 3211 4702 vocat.

2059 4747 2223 4802 Vens.
2257 4745 2314 4810 9,
2345 4743 2430 4798 10.
2465 4741 2636 4798 Testis
2665 4740 2801 4795 enim
2825 4756 2969 4795 meus
2997 4749 3073 4795 est
3110 4739 3250 4795 Deus
3273 4741 3360 4794 cui
3389 4741 3556 4794 servio

1983 4843 2037 4896 in
2071 4839 2260 4908 spiritu
2283 4852 2418 4902 meo,
2453 4835 2505 4888 in
2541 4832 2827 4904 Evangelia
2851 4828 2982 4884 Filii
3005 4830 3141 4900 ejus,
3167 4828 3305 4900 quod
3336 4829 3448 4882 sine
3477 4830 3558 4882 in-

1985 4933 2315 4994 termissione
2348 4928 2656 4984 memoriam
2683 4925 2843 4981 vestri
2876 4923 3036 4995 facio.
3090 4921 3302 4990 Semper
3329 4921 3383 4974 in
3430 4937 3554 4975 ora-

1979 5025 2209 5083 tionibus
2235 5024 2362 5078 meis
2383 5021 2734 5086 obsecrans,si
2748 5034 2848 5090 quo
2873 5015 3025 5069 modo
3051 5012 3260 5066 tandem
3275 5011 3557 5084 aliquando

1975 5134 2284 5190 prosperum
2320 5116 2420 5170 iter
2446 5113 2666 5168 habeam
2713 5112 2767 5165 in
2799 5108 3067 5164 voluntate
3095 5105 3191 5160 Dei
3223 5105 3458 5160 veniendi
3488 5103 3557 5159 ad

1980 5232 2088 5269 vos.
2124 5211 2291 5265 Multa
2323 5206 2491 5261 divini
2519 5205 2702 5260 cultus
2735 5210 2863 5258 sunt
2886 5214 3107 5271 genera.
3138 5197 3272 5252 Nam
3309 5209 3362 5254 et
3385 5198 3554 5254 Deum

1980 5306 2115 5361 colit
2143 5303 2236 5373 qui
2269 5300 2438 5356 Deum
2471 5304 2748 5369 precatur,
2786 5301 2840 5350 et
2879 5291 2971 5364 qui
3015 5290 3228 5362 jejunio
3267 5292 3458 5356 tuitur,
3504 5298 3558 5343 rt

1983 5399 2075 5468 qui
2113 5401 2272 5450 vacat
2311 5389 2510 5447 divinis
2533 5386 2770 5458 eloquiis
2797 5404 2810 5441 :
2839 5393 2893 5440 et
2951 5384 2996 5439 is
3025 5385 3186 5439 etiam
3223 5385 3314 5454 qui
3361 5397 3560 5438 curau-

1984 5489 2180 5544 dorum
2239 5481 2517 5551 hospitum
2593 5490 2782 5534 curam
2849 5473 3008 5546 gerit.
3088 5473 3315 5532 Diviuus
3381 5481 3564 5525 autem

1613 5693 1648 5746 ι’
1660 5691 1845 5748 ΑΜΕ
1884 5685 2288 5746 LELTlONES.

369 5801 421 5834 “
459 5800 824 5857 UEcutnenius
855 5822 867 5856 :
904 5805 1096 5867 λόςοις.
1131 5803 1447 5857 'l‘hcmlulus
1481 5819 1494 5854 :
1528 5802 1698 5855 sacris
1730 5800 1970 5857 Litteris.

4007 1333 4010 1388 Ι

4005 1397 4012 1426 ς

4007 1435 4012 1478 ι

4051 2559 4057 2674 1

4055 2733 4057 2800 ι
