4074 6176
77 0 112 866 ῑ

484 357 580 442 55,.
1164 371 1196 401 α

1503 348 1990 412 THEODORETI
2021 348 2360 412 EPISCOPI
2393 354 2760 416 CYRENSIS

3676 349 3750 412 56

486 466 782 538 Apostolus
843 466 956 523 Deo
1008 461 1213 522 servire
1266 477 1324 518 se
1372 463 1525 528 dicit,
1578 464 1708 519 dum
1759 463 1884 520 Filii
1941 463 2054 534 ejus

2169 485 2349 539 μενος.
2408 470 2466 524 Ὀ
2494 470 2550 524 δέ
2581 487 2643 539 γε
2677 470 2820 534 θεῖος
2872 465 3186 532 ’Δπόστολος
3224 465 3506 538 λατρεύειν
3544 464 3652 534 ἔφη
3698 463 3742 495 ⁸⁸

483 557 835 630 Evangelium
882 555 1135 628 gentibus
1186 553 1392 626 profert
1433 572 1447 608 :
1499 562 1554 610 et
1593 555 1800 611 servire
1847 555 2066 626 Spiritu,

485 650 586 705 hoc
615 655 722 712 est,
776 647 904 703 data
940 647 1134 719 gratia.
1187 645 1267 701 lta
1316 646 1420 702 scit
1479 643 1749 716 Unigeniti
1803 645 2067 700 honorem

485 740 602 797 Deo-
633 739 871 811 placere.
927 738 1198 795 Accurate
1239 745 1420 794 autem
1474 739 1726 808 loquens,
1783 753 1892 792 non
1931 737 2068 791 dixit

484 832 807 904 simpliciter
839 847 899 889 se
947 831 1050 888 iter
1101 831 1169 887 ad
1225 846 1322 888 eos
1363 831 1676 902 expetiisse,
1732 828 1827 886 sed
1858 830 1912 884 in
1972 845 2066 883 vo-

484 925 696 980 luntate
744 922 862 979 Dei.
921 921 979 978 Si
1041 923 1164 988 hoc,
1211 922 1408 993 inquit,
1482 922 1660 993 placet
1725 936 1906 977 rerum
1948 935 2067 976 om-

483 1016 638 1070 nium
686 1014 1074 1071 Gubernatori.
1109 1013 1264 1080 Quod
1298 1014 1362 1078 si,
1396 1013 1486 1069 ubi
1540 1014 1608 1069 de
1668 1021 1746 1070 tot
1779 1013 2063 1068 hominum

484 1106 793 1179 myriadum
823 1107 843 1127 '
886 1106 1063 1162 salute
1117 1106 1316 1176 agitur,
1350 1105 1484 1160 nilnil
1544 1104 1862 1160 indistincte
1909 1103 2064 1174 petiit

485 1195 708 1252 divinus
755 1196 1075 1267 Apostolus,
1112 1194 1207 1252 sed
1243 1194 1496 1266 petitioni
1524 1192 1767 1248 divinam
1801 1192 2058 1247 volunta-

486 1299 592 1344 tem
623 1287 932 1360 conjunxit,
963 1302 1202 1359 quanam
1232 1287 1387 1343 venia
1421 1284 1573 1356 digni
1608 1299 1820 1350 sumus,
1855 1283 1950 1354 qui
1994 1283 2061 1338 de

484 1381 649 1438 rebus
669 1380 1020 1438 sensibilibus
1039 1387 1094 1436 et
1111 1379 1436 1436 disserimus
1459 1386 1512 1433 et
1535 1392 1630 1434 eas
1651 1385 1925 1446 optamus,
1958 1389 2060 1430 nec

483 1481 671 1529 nostra
691 1473 875 1528 omnia
897 1472 1096 1528 divinae
1112 1468 1374 1527 voluntati
1394 1460 1782 1539 permittimus,
1804 1465 1872 1523 ab
1885 1480 2060 1536 eaque

481 1563 782 1634 pendemus
809 1563 834 1618 2

552 1741 721 1800 Vens.
761 1743 847 1798 Η.
881 1743 1045 1812 Cupio
1071 1743 1210 1798 enim
1241 1743 1411 1798 videre
1437 1757 1545 1807 vos,
1573 1748 1628 1793 ut
1656 1739 1926 1808 impertiar
1948 1738 2054 1792 ali-

479 1832 606 1902 quid
637 1835 833 1905 gratia:
864 1835 1184 1902 spirituatis.
1207 1832 1347 1889 Sunt
1379 1837 1491 1888 liazc
1525 1833 1631 1903 19
1652 1846 1772 1904 quae
1797 1832 2057 1886 dicuntur

479 1924 638 1992 plena
659 1923 1003 1981 humilitatis.
1051 1924 1172 1981 Non
1203 1927 1348 1981 enim
1381 1925 1540 1987 dixit,
1585 1932 1643 1979 ut
1683 1923 1828 1988 dem,
1875 1922 1969 1977 sed
2001 1932 2058 1975 ut

479 2012 774 2082 impertiar.
825 2013 1184 2071 Communico
1233 2015 1377 2070 enim
1421 2030 1486 2071 ex
1505 2013 1571 2073 iis
1595 2028 1716 2084 qua:
1753 2012 1957 2084 accepi.
1992 2010 2058 2066 Et

479 2104 607 2174 quia
633 2105 842 2175 primus
871 2106 952 2162 eis
970 2121 1200 2179 magnus
1232 2105 1429 2162 Petrus
1477 2105 1786 2160 doctrinam
1823 2117 2056 2174 evange-

481 2193 640 2250 licam
671 2196 924 2267 praebuit,
960 2197 1274 2254 necessario
1325 2196 1644 2252 intulit:Ad
1665 2192 2056 2264 conﬁrmandos

477 2303 586 2343 vos.
605 2287 723 2344 Non
745 2291 888 2345 enim
913 2291 1096 2356 aliam,
1119 2291 1316 2363 inquit,
1341 2290 1648 2346 doctrinam
1670 2287 1825 2345 vobis
1842 2287 2054 2353 atl‘erre,

477 2379 573 2435 sed
608 2395 728 2436 eam
759 2397 882 2452 quae
906 2381 1017 2452 jam
1043 2382 1227 2438 oblata
1255 2388 1340 2436 est
1370 2379 1722 2446 confirmare,
1751 2387 1804 2435 et
1829 2378 2055 2432 arbores

472 2472 586 2540 jam
614 2473 892 2544 plantatas
927 2474 1159 2546 irrigare
1186 2475 1330 2531 volo.
1361 2472 1568 2530 Deinde
1623 2486 1818 2529 rursus
1856 2469 2055 2525 oratio-

477 2581 600 2621 nem
629 2564 801 2620 multa
833 2566 1004 2636 replet
1034 2566 1425 2622 moderatione.

545 2826 710 2884 Vens.
747 2827 830 2883 12.
881 2828 994 2886 Hoc
1016 2838 1190 2886 autem
1219 2838 1298 2885 est
1342 2830 1501 2884 simul
1537 2828 1798 2884 consolari
1831 2831 1886 2885 in
1913 2830 2053 2886 vobis

473 2934 566 2989 per
608 2936 725 2975 eam
775 2937 891 2992 qua:
951 2922 1170 2977 invicem
1207 2930 1283 2977 est
1316 2921 1474 2992 ﬁdem
1519 2929 1746 2976 vestram
1775 2931 1823 2977 et
1859 2939 2050 2978 meam.

475 3010 592 3066 Non
624 3014 804 3069 solum
831 3013 978 3070 enim
997 3014 1124 3070 volo
1147 3013 1298 3080 dare,
1341 3015 1437 3070 sed
1464 3015 1626 3070 etiam
1655 3029 1683 3068 a
1709 3015 1865 3071 vobis
1913 3015 2055 3071 acci-

2171 562 2249 632 τῷ
2275 561 2414 634 Θεῷ,
2450 563 2616 617 τὸτοῦ
2645 561 2774 616 Υίοῦ
2793 562 2958 616 αὑτοῦ
2986 563 3030 592 ¹¹⁵
3057 560 3380 632 προσφέρων
3400 561 3512 621 τοῖς
3537 555 3745 610 ἔθνεσιν

2171 654 2502 722 Εὑαγγέλιον
2530 670 2540 684 ⁸
2569 654 2660 707 καὶ
2679 653 2957 725 λατρεύειν
2973 655 3030 706 ὲν
3048 651 3126 722 τῷ
3153 650 3444 720 πνεύματι,
3468 645 3744 701 τουτέστιν

2170 746 2228 797 ὲν
2253 744 2332 814 τῷ
2360 744 2621 816 διδομένῳ
2646 744 2974 816 χαρίσματι·
3016 740 3189 804 οὕτως
3217 735 3356 794 οἶδεν
3403 737 3742 809 ὰρέσκουσαν

2167 833 2245 904 τῷ
2272 831 2390 904 Θεῷ
2422 834 2518 895 τοῦ
2570 831 2909 900 Μονογενοῦς
2961 829 3060 899 τὴν
3114 829 3303 899 τιμήν.
3363 823 3642 896 Ἀκριόείᾳ
3687 820 3743 874 δὲ

2169 920 2486 994 χρώμενος,⁵
2530 924 2626 993 οὐχ
2675 922 2863 986 ἁπλῶς
2918 916 3070 975 εἶπεν
3131 918 3394 991 ῂτηκέναι
3449 917 3548 986 τὴν
3606 918 3740 986 πρὸς

2165 1015 2365 1078 αὐτοὺς
2408 1013 2659 1085 πορείαν,
2702 1013 2819 1068 ἀλλ’
2852 1013 2909 1066 ὲν
2933 1011 3012 1083 τῷ
3046 1011 3316 1081 θελήματι
3347 1007 3440 1062 τοῦ
3469 1007 3628 1061 Θεοῦ.
3677 1009 3739 1062 Et

2165 1109 2318 1163 τοῦτο
2339 1152 2354 1173 ,
2387 1109 2571 1178 φησιν,
2606 1107 2828 1178 ἀρέσκει
2876 1105 2954 1176 τῷ
2988 1104 3314 1174 Κυϐερνήτῃ
3342 1099 3450 1153 τῶν
3481 1099 3617 1152 ὅλων
3647 1113 3661 1128 υ
3691 1100 3740 1151 εί

2162 1201 2219 1254 δὲ
2246 1201 2379 1256 ὅπου
2413 1199 2654 1270 σωτηρία
2683 1197 2958 1269 μυριάδων
2980 1194 3272 1260 τοσούτων,
3294 1192 3448 1245 οὐδὲν
3473 1189 3740 1260 ἀορίστως

2163 1292 2367 1364 ᾔτησεν
2426 1293 2454 1344 ό
2506 1289 2648 1352 θεῖος
2696 1287 3037 1351 Ἀπόστολος,
3097 1283 3231 1338 ἀλλὰ
3283 1285 3350 1354 τῇ
3411 1281 3625 1351 αἰτήσει
3675 1277 3738 1332 τὸ

2161 1382 2302 1437 θεῖον
2326 1381 2579 1448 συνέταξε
2600 1380 2832 1450 θέλημα,
2858 1378 3016 1440 ποίας
3041 1377 3200 1448 ἡμεῖς
3218 1372 3357 1439 ἄξιοι
3380 1369 3733 1441 συγγνώμης,

2161 1475 2292 1545 περὶ
2321 1473 2597 1546 αἰσθητῶν
2639 1472 3005 1546 πραγμάτων,
3049 1469 3145 1522 καὶ
3193 1465 3586 1536 διαλεγόμενοι,
3641 1463 3740 1515 καὶ

2159 1566 2466 1636 εὐχόμενοι,
2527 1567 2621 1620 καὶ
2671 1567 2772 1635 τῆς
2815 1562 2965 1626 θείας
3020 1559 3214 1631 βουλῆς
3269 1560 3369 1612 οὐκ
3403 1554 3736 1627 ἐξαρτῶντες

2158 1656 2226 1710 τὰ
2255 1657 2376 1711 καθ’
2409 1659 2558 1727 ἡμᾶς
2577 1675 2592 1720 ;

2229 1755 2320 1806 ια’.
2382 1747 2674 1802 Ἐπιποθῶ
2726 1746 2836 1816 γὰρ
2869 1743 3017 1823 ἰδεῖν
3051 1740 3230 1812 ὑμᾶς,
3273 1741 3373 1794 ἵνα
3412 1757 3464 1792 τι
3504 1733 3736 1808 μεταδῶ

2161 1837 2425 1908 χάρισμα
2447 1837 2590 1908 ὑμῖν
2617 1837 3046 1906 πνευματικόν.
3076 1829 3346 1886 Ταπεινοῦ
3389 1829 3735 1900 φρονήματος

2160 1931 2228 1986 τὰ
2262 1931 2527 2003 εἰρημένα
2578 1929 2771 2002 μεστά.
2831 1929 2906 1982 Οὐ
2963 1926 3072 1998 γὰρ
3102 1919 3278 1990 εἷπεν,
3317 1922 3438 1974 Ἵνα
3471 1919 3565 1984 δῶ,
3598 1917 3733 1982 ἀλλ’,

2161 2023 2295 2078 Ἵνα
2323 2021 2570 2090 μεταδῶ·
2592 2021 2684 2091 ἀφ’
2708 2013 2784 2074 ὧν
2813 2019 2921 2088 γὰρ
2947 2017 3156 2081 ἔλαϐον,
3180 2016 3392 2085 δίδωμι.
3420 2013 3529 2065 Καὶ
3549 2010 3736 2081 ἐπειδὴ

2160 2112 2376 2184 πρῶτος
2431 2112 2616 2176 αὐτοῖς
2663 2113 2692 2164 ό
2754 2109 2928 2182 μέγας
2977 2109 3182 2178 Πέτρος
3229 2108 3328 2176 τὴν
3375 2103 3735 2173 εὑαγγελικὴν

2156 2204 2508 2260 διδασκαλίαν
2568 2203 2966 2276 προσήνεγκεν,
3045 2197 3361 2266 ἀναγκαίως
3429 2195 3734 2266 ἐπήγαγεν·

2153 2297 2258 2360 Εἰς
2300 2296 2366 2350 τὸ
2413 2295 2813 2366 στηριχθῆναι
2839 2295 3010 2367 ὑμᾶς.
3071 2296 3146 2349 Οὐ
3187 2293 3297 2366 γὰρ
3352 2292 3543 2365 ἑτέραν
3583 2293 3734 2363 ὑμῖν,

2158 2385 2312 2456 φησὶ,
2373 2385 2725 2440 διδασκαλίαν
2780 2387 3115 2458 προσφέρειν
3163 2383 3230 2448 ίδ,
3291 2381 3430 2435 ἀλλά
3486 2381 3586 2454 τὴν
3632 2381 3731 2452 ήδη

2158 2475 2617 2548 προσενεχθεῖσαν
2669 2475 3077 2546 βεϐαιώσασθαι
3140 2474 3422 2545 βούλομαι,
3483 2474 3574 2526 καὶ
3621 2475 3733 2534 τοῖς

2157 2571 2257 2642 ήδη
2294 2568 2604 2638 φυτευθεῖσι
2659 2570 2843 2639 φυτοῖς
2898 2566 2994 2638 τὴν
3049 2565 3274 2638 ἁρδείαν
3321 2564 3729 2636 προσενεγκεῖν.

2155 2657 2289 2716 Εἶτα
2347 2660 2510 2714 πάλιν
2571 2659 2924 2731 μετριότητος
2973 2655 3174 2728 πολλῆς
3219 2655 3307 2709 τὸν
3356 2655 3512 2724 λόγον
3564 2652 3732 2724 ἐμπί-

2155 2755 2342 2827 πλησι.

2227 2846 2315 2920 ιβ’.
2355 2846 2535 2902 Τοῦτο
2573 2845 2640 2900 δέ
2697 2846 2827 2900 ἐστι
2861 2841 3444 2913 συμπαρακληθῆναι
3487 2840 3557 2895 ἐν
3589 2839 3733 2909 ὑμῖν

2153 2937 2251 2994 διὰ
2278 2937 2389 3008 τῆς
2425 2938 2494 2992 ἐν
2523 2936 2819 3003 ἀλλήλοις
2853 2936 3113 3002 πίστεως
3146 2933 3314 3002 ὑμῶν
3343 2949 3406 2986 τε
3433 2931 3528 2986 καὶ
3561 2932 3728 3001 ἐμοῦ.

2153 3031 2228 3085 Οὐ
2261 3029 2370 3101 γὰρ
2397 3029 2557 3100 μόνον
2581 3026 2763 3082 δοῦναι
2802 3025 3079 3097 βούλομαι,
3110 3023 3244 3076 ἀλλά
3273 3023 3367 3076 καὶ
3393 3021 3574 3075 λαϐεῖν
3603 3020 3732 3089 παρ’

477 3119 625 3172 pere.
679 3103 892 3159 Excitat
916 3113 1097 3163 autem
1182 3113 1236 3159 et
1284 3104 1602 3176 magistrum
1658 3105 2049 3176 discipulorum

2157 3120 2330 3192 ὑμῶν.
2393 3119 2714 3191 Παρακαλεῖ
2757 3117 2813 3171 δὲ
2865 3116 2959 3170 καὶ
3005 3114 3325 3170 διδάσκαλον
3374 3115 3407 3184 ἡ
3454 3111 3733 3184 προθυμία

475 3195 755 3252 alacritas.

544 3286 711 3344 Vens.
751 3288 838 3345 15.
883 3287 1025 3346 Nolo
1054 3297 1230 3344 autem
1264 3306 1350 3344 vos
1382 3289 1646 3360 ignorare,
1669 3290 1890 3361 fratres,
1911 3291 2050 3362 quod

474 3397 611 3450 sa'pe
634 3381 882 3452 proposui
910 3378 981 3436 ad
1010 3397 1097 3437 vos
1129 3382 1318 3447 venire,
1351 3391 1401 3436 et
1437 3382 1733 3452 prohibitus
1776 3399 1895 3438 sum
1953 3400 2045 3437 us-

473 3487 572 3540 que
602 3472 790 3528 adhuc.
816 3472 881 3528 Et
910 3473 1250 3544 propositum
1288 3474 1550 3539 ostendit,
1576 3482 1630 3531 et
1656 3474 2051 3546 providentiam

474 3565 792 3621 declaravit.
818 3565 1009 3621 Divina
1031 3566 1200 3632 enim,
1225 3565 1428 3636 inquit,
1447 3567 1617 3638 gratia
1640 3582 1724 3623 me
1756 3573 1815 3623 ut
1836 3569 1949 3623 vult
1966 3583 2053 3624 re-

475 3658 576 3729 git.
611 3656 748 3714 Cum
775 3668 956 3714 autem
979 3658 1400 3730 interposuisset
1423 3658 1578 3726 illud,
1611 3658 1917 3715 Prohibitus
1935 3676 2048 3715 sum

473 3752 758 3822 hucusque,
799 3751 958 3808 docet
977 3753 1218 3823 apertius
1242 3752 1596 3823 quamobrem
1627 3753 1693 3808 ad
1734 3752 1882 3823 ipsos
1901 3754 2052 3808 veni-

473 3858 534 3898 re
577 3843 828 3900 voluerit.
863 3842 932 3898 Ut
965 3844 1194 3916 aliquem
1239 3844 1472 3915 fructum
1522 3845 1577 3899 in
1621 3845 1762 3899 vobis
1807 3844 2048 3910 habeam,

474 3936 607 3990 sicut
636 3945 684 3990 et
711 3937 765 3990 in
793 3936 998 3992 caeteris
1030 3937 1293 4007 gentibus.

547 4122 712 4180 Vens.
748 4121 836 4190 14,
877 4122 962 4178 £5.
1004 4121 1202 4178 ercis
1240 4123 1592 4189 etBarbaris,
1623 4124 1948 4194 sapientibus
2003 4133 2052 4178 et

471 4215 840 4285 insipientibus
872 4214 1076 4270 debitor
1109 4231 1246 4271 sum.
1283 4216 1372 4270 Ita
1397 4215 1535 4285 quod
1557 4215 1610 4268 in
1648 4231 1730 4271 me
1756 4222 2052 4284 promptum

472 4312 624 4360 estet
664 4304 808 4361 vobis
867 4307 958 4377 qui
1020 4304 1200 4362 Roma:
1257 4307 1384 4362 estis
1421 4305 1805 4377 euangelizare.
1854 4304 2052 4361 Doctor

474 4395 720 4452 omnium
777 4398 1018 4469 gentium
1080 4399 1418 4455 constitutus
1479 4411 1624 4453 sum.
1680 4395 2049 4464 Quamobrem

2151 3213 2261 3266 τῶν
2293 3211 2574 3283 μαθητῶν.
3089 3249 3095 3256 .

2228 3311 2313 3374 ιγ’.
2352 3303 2434 3357 οὐ
2481 3301 2632 3357 θέλω
2680 3301 2749 3354 δὲ
2804 3298 2961 3370 ὑμᾶς
3005 3296 3246 3368 ἀγνοεῖν
3273 3338 3286 3360 ,
3322 3294 3572 3366 ἀδελφοὶ
3597 3338 3610 3361 ,
3645 3295 3732 3348 ὅτι

2153 3394 2450 3461 πολλάκις
2477 3392 2812 3464 προεθέμην
2850 3390 3051 3446 ἐλθεῖν
3081 3387 3230 3458 πρὸς
3256 3387 3430 3457 ὑμᾶς,
3455 3387 3552 3440 καὶ
3587 3388 3730 3440 ἐκω-

2151 3490 2348 3558 λύθην
2399 3487 2538 3556 ἄχρι
2576 3485 2681 3539 τοῦ
2721 3483 2914 3552 δεῦρο.
2951 3483 3061 3536 Καὶ
3093 3481 3191 3551 τὴν
3250 3479 3504 3550 πρόθεσιν
3542 3478 3726 3544 ἔδειξε,

2154 3580 2248 3635 καὶ
2275 3578 2373 3650 τὴν
2406 3576 2718 3647 οἰκονομίαν
2748 3574 3032 3644 ἐδήλωσεν.
3071 3573 3136 3625 'H
3167 3571 3286 3624 θεία
3312 3571 3421 3642 γάρ
3443 3587 3509 3641 με
3546 3570 3724 3640 χάρις,

2154 3667 2338 3742 φησὶν,
2379 3669 2456 3731 ώς
2492 3666 2741 3737 βούλεται
2785 3664 3044 3736 κυϐερνᾷ.
3076 3660 3346 3724 Τεθεικὼς
3389 3660 3446 3714 δὲ
3480 3661 3538 3713 ὲν
3577 3658 3728 3730 μέσῳ

2151 3761 2212 3816 τὸ
2241 3761 2553 3828 ἐκωλύθην
2582 3759 2718 3828 ἄχρι
2745 3756 2852 3810 τοῦ
2880 3754 3055 3823 δεῦρο
3077 3793 3091 3818 ,
3121 3753 3362 3807 διδάσκει
3395 3751 3728 3822 σαφέστερον

2152 3851 2296 3916 τίνος
2321 3852 2505 3908 ἕνεκεν
2549 3851 2684 3924 πρὸς
2724 3848 2918 3913 αὐτοὺς
2964 3845 3217 3901 ἀπελθεῖν
3247 3843 3517 3915 ἠϐουλήθη
3543 3860 3556 3873 ’
3594 3842 3728 3896 Ἵνα

2153 3944 2286 3998 τινὰ
2309 3943 2543 4012 καρπόν
2565 3941 2695 4010 σχῶ
2725 3941 2821 3994 καὶ
2849 3940 2918 3994 ἐν
2946 3937 3108 4007 ὑμῖν,
3146 3936 3342 4004 καθὼς
3387 3934 3484 3990 καὶ
3507 3935 3576 3990 ἐν
3606 3932 3728 4000 τοῖς

2152 4034 2390 4102 λοιποῖς
2421 4035 2682 4088 ἔθνεσιν.

2226 4128 2307 4193 ιδ’,
2356 4133 2437 4180 ιε’.
2475 4124 2742 4193 Ἕλλησί
2780 4141 2842 4177 τε
2889 4122 2984 4175 καὶ
3026 4109 3371 4190 βαρϐάροις,
3414 4118 3628 4188 σοφοῖς
3667 4132 3730 4169 τε

2153 4220 2251 4273 καὶ
2293 4217 2568 4284 ἀνοήτοις
2619 4214 2937 4286 ὀφειλέτης
2975 4215 3112 4284 εἰμι.
3151 4214 3312 4267 Οὕτω
3349 4213 3416 4266 τὸ
3464 4209 3592 4264 κατ’
3625 4207 3730 4276 ἐμὲ

2153 4311 2458 4379 πρόθυμον
2474 4307 2570 4361 καὶ
2593 4307 2736 4377 ὑμῖν
2750 4305 2874 4373 τοῖς
2895 4306 2962 4361 ἐν
2990 4307 3179 4377 Ῥώμῃ
3202 4305 3724 4374 εὐαγγελίσασθαι.

2153 4402 2274 4458 Τῶν
2305 4400 2471 4455 ἐθνῶν
2521 4399 2775 4454 ἁπάντων
2823 4398 3236 4472 ἐχειροτονήθην
3278 4395 3615 4456 διδάσκαλος.
3652 4385 3744 4453 Οὔ,

475 4486 649 4543 debeo
677 4488 936 4544 omnibus
962 4479 1228 4546 doctrinae
1245 4491 1513 4555 debitum,
1555 4503 1667 4544 non
1691 4489 1868 4543 solum
1897 4486 2048 4542 Grae-

2157 4494 2215 4565 δὴ
2243 4495 2400 4564 χάριν
2427 4493 2589 4546 πᾶσιν
2628 4491 2829 4561 ὀφείλω
2852 4491 2950 4561 τῆς
2975 4487 3318 4548 διδασκαλίας
3351 4484 3410 4536 τὸ
3434 4483 3610 4553 χρέος,
3636 4481 3727 4534 καὶ

474 4577 577 4643 cis,
604 4575 702 4632 sed
733 4577 896 4632 etiam
918 4577 1194 4634 Barbaris.
1226 4580 1520 4653 Propterea
1552 4581 1696 4636 enim
1722 4587 1775 4634 et
1805 4579 2051 4635 diversas

477 4664 636 4722 nobis
665 4663 818 4720 dedit
860 4664 1076 4738 linguas
1111 4666 1354 4738 Spiritus
1387 4671 1564 4727 sancti
1603 4673 1800 4744 gratia,
1831 4681 1886 4728 et
1919 4687 2052 4727 con-

475 4759 626 4814 venit
655 4767 768 4814 tum
803 4756 870 4814 iis
901 4759 995 4830 qui
1036 4758 1104 4814 de
1153 4759 1402 4816 doctrina
1440 4777 1498 4816 se
1528 4763 1784 4829 ell'erunt,
1837 4771 1952 4819 tum
1984 4765 2051 4820 iis

475 4853 568 4922 qui
599 4857 854 4922 expertes
883 4861 1012 4907 sunt
1044 4851 1306 4921 scientiae,
1331 4853 1578 4909 debitum
1602 4857 1905 4912 exsolvere.
1941 4856 2045 4912 Sa-

471 4946 667 5014 pientes
695 4945 840 5000 enim
873 4960 970 5002 eos
999 4945 1257 5016 appellat,
1299 4945 1389 5016 qui
1417 4946 1526 5017 20
1561 4953 1784 5016 propter
1832 4946 2050 5001 dicendi

477 5038 797 5096 facultatem
841 5037 1148 5094 efferuntur
1184 5038 1532 5106 :insipieutes
1567 5046 1749 5092 autem
1803 5052 1918 5102 eos,
1959 5039 2051 5109 qui

473 5132 543 5186 ab
575 5132 642 5187 iis
684 5131 776 5202 qui
810 5128 1068 5187 dicuntur
1116 5129 1392 5202 sapientes
1436 5137 1662 5200 propter
1717 5131 2048 5200 imperitiam

475 5225 548 5278 ita
579 5231 868 5276 vocantur.
913 5221 982 5276 Et
1031 5221 1289 5292 quoniam
1340 5236 1449 5276 non
1480 5235 1670 5276 omnes
1727 5220 2005 5290 Evangelii
2033 5223 2048 5243 '

473 5312 917 5385 praedicationem
950 5312 1346 5384 suscipiebant,
1375 5312 1573 5369 merito
1617 5311 1817 5381 adjecit
1848 5331 1860 5367 :
1895 5311 2049 5378 Quod

472 5409 526 5460 in
571 5420 650 5457 me
684 5413 982 5472 promptum
1007 5413 1110 5457 est.
1147 5402 1324 5457 Meum
1382 5410 1466 5459 est
1504 5395 1648 5458 enim
1707 5403 2047 5472 praedicare;

477 5495 813 5552 audientium
838 5503 1019 5548 autem
1049 5494 1290 5550 crcdcre.
1333 5492 1598 5560 Quoniam
1629 5503 1809 5551 autem
1851 5497 2046 5565 prmdi-

2146 4587 2246 4659 οὐχ
2279 4585 2504 4656 Ἕλλησι
2539 4584 2719 4655 μόνον,
2743 4580 2878 4636 ἀλλὰ
2908 4581 3001 4634 καὶ
3036 4577 3352 4649 βαρὸἀροις.
3382 4573 3478 4625 Διὰ
3511 4571 3616 4640 γάρ
3645 4587 3726 4622 τοι

2149 4678 2307 4733 τοῦτο
2361 4676 2582 4737 καὶτὰς
2630 4672 2921 4742 διαφόρους
2955 4668 3199 4737 γλώττας
3255 4665 3482 4718 δέδωκεν
3512 4665 3641 4733 ἡμῖν
3691 4665 3724 4732 ή

2147 4769 2242 4823 τοῦ
2291 4765 2606 4834 Πνεύματος
2637 4755 2818 4833 χ’ἀρις,
2863 4761 2958 4814 καὶ
3016 4758 3284 4830 προσήκει
3333 4756 3432 4828 μὲν
3473 4758 3565 4810 καὶ
3613 4758 3726 4832 τοῖς

2152 4859 2244 4910 ἐπὶ
2268 4855 2486 4924 παιδείᾳ
2522 4853 2665 4922 μέγα
2704 4850 2980 4921 φρονοῦσι,
3003 4851 3097 4904 καὶ¹
3122 4851 3234 4912 τοῖς
3261 4849 3434 4918 λόγων
3465 4849 3728 4919 ἀμυήτοις

2152 4951 2364 5002 ἐκτῖσαι
2414 4946 2474 4998 τὸ
2507 4943 2748 5014 ὄφλημα.
2775 4941 2946 4997 Καλεῖ
2977 4942 3084 5014 γὰρ
3115 4940 3347 5010 σοφοὺς
3370 4940 3466 5010 μὲν
3491 4941 3618 5002 τοὺς
3642 4940 3728 4992 ἐπ’

2153 5038 2454 5108 εὐγλωττὶα
2508 5034 2956 5107 βρενθυομένους,
2987 5033 3286 5101 ἀνοήτους
3340 5032 3397 5086 δὲ
3453 5033 3576 5095 τοὺς
3623 5031 3728 5085 ὑπὸ

2152 5133 2260 5186 τῶν
2290 5129 2638 5201 καλουμένων
2668 5128 2848 5197 σοφῶν
2891 5127 2958 5181 δι’
2991 5126 3350 5181 ἀπαιδευσίαν
3379 5125 3523 5179 οὕτω
3560 5141 3726 5197 προσ-

2154 5221 2604 5294 αγορευομένους.
2645 5218 2756 5273 Καὶ
2806 5217 2994 5289 ἐπειδὴ
3021 5217 3081 5270 οὐ
3127 5217 3327 5281 πάντες
3359 5217 3602 5288 ἐδέχοντο
3631 5213 3724 5266 τοῦ

2157 5311 2490 5380 Εὑαγγελίου
2537 5311 2598 5364 τὸ
2647 5311 2931 5382 κήρυγμα,
2963 5309 3190 5373 εἰκότως
3239 5308 3611 5380 προστέθεικε’
3655 5307 3724 5359 Τὸ

2157 5405 2284 5458 κατ’
2305 5403 2407 5473 ἐμὲ
2434 5405 2760 5472 πρόθυμον.
2777 5401 2939 5470 Ἐμὸν
2964 5401 3071 5472 γὰρ
3087 5401 3148 5454 τὸ
3163 5401 3473 5472 κηρύττειν,
3497 5398 3558 5450 τὸ
3583 5397 3639 5452 δέ
3661 5413 3723 5466 γε

2157 5495 2435 5549 πιστεύειν
2465 5496 2570 5548 τῶν
2623 5494 2946 5548 ἀκουόντων.
2993 5493 3105 5546 Καὶ
3135 5493 3320 5563 ἐπειδὴ
3357 5493 3417 5545 τὺ
3463 5492 3723 5561 κήρυγμα

1785 5670 2018 5728 VARUE
2056 5672 2461 5728 LECTIONES.

416 5800 423 5826 ι
528 5779 570 5810 ¹³
593 5778 964 5844 CEt‘umem'us
999 5803 1016 5842 :
1047 5783 1244 5854 ἔφησε.
1362 5787 1401 5819 ¹¹⁶
1425 5787 1587 5842 αὐτοῦ
1623 5788 1768 5844 deest
1808 5788 1858 5844 in
1894 5788 2249 5846 OEcnmenio.
2358 5793 2397 5821 "‘
2424 5789 2461 5842 Β
2491 5789 2801 5859 προσφέρω.
2843 5790 3002 5844 llerv.
3038 5789 3226 5845 aﬂ‘ero.
