4074 6176
413 295 485 362 57
1269 291 1293 348 Ι
1301 291 1548 350 NTERP
1557 288 1801 347 ΗΕΤᾹΤ
1815 287 1883 344 i0
1917 286 1998 343 ΙΞΪ

2101 285 2153 343 i‘.
2189 286 2284 343 AD
2315 285 2494 346 ROB].
2521 287 2679 348 CAP.
2711 288 2762 347 Ι.
3609 285 3678 344 59

426 404 682 469 πολλάκις
713 401 1046 472 Εὐαγγέλιον
1071 401 1500 473 προσηγόρευσε,
1538 401 1744 462 πάθους
1769 399 1823 450 δὲ
1847 396 1998 450 τοῦτο

2105 396 2373 450 cntionem
2408 413 2549 466 saepe
2583 395 2935 466 Evangelium
3000 393 3309 464 appellavit,
3351 394 3454 450 hoc
3499 407 3676 450 autem

425 497 645 568 μνήμην
697 489 833 563 εἶχε,
867 492 962 546 καὶ
1025 489 1288 563 σταυροῦ,
1340 491 1435 544 καὶ
1487 487 1745 551 θανάτου,
1785 490 1896 550 τοῖς
1945 487 2000 540 δὲ

424 591 590 660 μήπω
653 585 1078 641 πεπιστευκόσιν
1125 585 1350 656 ἀτιμίας
1399 578 1538 636 εἶναι
1597 582 1774 635 ἐδόκει
1828 579 2003 633 ταῦτα

422 677 612 750 μεστὰ,
655 679 734 740 εἰς
759 675 948 748 καιρὸν
996 675 1297 744 ἐπήγαγεν·

444 785 446 788 ·
489 774 584 832 ις’.
624 770 707 822 Οὐ
752 767 862 838 γὰρ
894 767 1338 834 ἐπαισχύνομαι
1367 765 1433 817 τὸ
1491 763 1863 833 Εὑαγγέλιον
1893 760 2000 817 τοῦ

415 859 696 925 Χριστοῦ.
735 861 992 928 Δύναμις
1027 857 1136 928 γὰρ
1171 857 1317 912 Θεοῦ
1353 858 1524 910 ἐστιν
1571 859 1657 922 είς
1697 857 2000 924 σωτηρίαν

417 952 597 1007 παντὶ
636 952 717 1018 τῷ
767 953 1113 1006 πιστεύοντι
1140 992 1154 1014 ,
1203 951 1470 1016 Ἰουδαίῳ
1516 967 1580 1003 τε
1628 947 1867 1017 πρῶτον
1899 948 1999 1002 καὶ

423 1047 703 1112 Ἕλληνι.
730 1045 805 1098 Ού
835 1044 1039 1114 βλέπω,
1068 1044 1222 1114 φησι,
1259 1041 1355 1112 τὴν
1389 1041 1723 1112 φαινομένην
1748 1041 1994 1110 ἀτιμίαν,

419 1139 556 1192 ἀλλὰ
595 1137 696 1208 τὴν
720 1138 784 1190 ἐκ
815 1136 1020 1207 ταύτης
1046 1134 1320 1205 φυομένην
1354 1134 1696 1204 εὐεργεσίαν.
1742 1135 1837 1186 Ἐκ
1869 1133 2000 1186 ταύ-

418 1248 518 1299 της
549 1229 658 1300 γὰρ
690 1230 740 1282 οἱ
789 1227 1179 1291 πιστεύσα·.τες
1229 1227 1328 1298 τὴν
1373 1226 1648 1296 σωτηρίαν
1702 1226 1995 1295 τρυγῶσιν.

422 1321 577 1376 Οὕτω
623 1321 719 1376 καὶ
770 1321 877 1375 τῶν
911 1319 1184 1390 αἰσθητῶν
1231 1319 1397 1374 πολλὰ
1447 1319 1838 1390 κεκρυμμένην
1888 1319 2000 1388 ἔχει

420 1415 520 1485 τὴν
564 1413 769 1468 οἰκείαν
799 1411 1101 1485 ἐνέργειαν.
1139 1412 1248 1466 Καὶ
1298 1411 1409 1482 γὰρ
1460 1409 1520 1462 τό
1555 1411 1754 1481 πέπερι
1785 1409 2000 1480 ψυχρὰν

425 1507 524 1577 μὲν
559 1505 670 1577 ἔχει
706 1507 804 1576 τὴν
837 1504 1288 1578 περιφάνειαν¹⁶,
1317 1502 1412 1556 καὶ
1461 1504 1574 1565 τοῖς
1600 1502 1888 1569 ἀγνοοῦσιν
1912 1500 2002 1551 ού-

418 1599 612 1670 δεμίαν
668 1600 907 1654 δείκνυσι
958 1598 1290 1669 θερμότητος
1354 1595 1612 1664 ἔμφασιν.
1674 1595 1734 1647 '0
1785 1593 1840 1646 δὲ
1890 1595 2002 1655 τοῖς

418 1690 626 1744 ὀδοῦσιν
656 1690 945 1756 λεπτύνας,
983 1689 1085 1758 τῆς
1137 1685 1455 1758 πυροειδοῦς
1491 1685 1822 1757 θερμότητος
1844 1684 1996 1753 δέχε-
2033 1731 2074 1785 Β

416 1801 506 1838 ται
533 1783 632 1855 τὴν
658 1782 930 1853 αἴσθησιν.
963 1779 1065 1833 Διά
1091 1796 1172 1832 τοι
1203 1777 1359 1831 τοῦτο
1395 1777 1596 1848 ἰατρῶν
1621 1777 1808 1838 παῖδες
1835 1776 1994 1828 δυνά-

421 1892 510 1945 μει
553 1873 712 1928 τοῦτο
751 1872 952 1943 θερμὸν
1009 1869 1382 1941 ὀνομάζουσιν,
1441 1869 1516 1933 ὡς
1567 1867 1628 1921 οὐ
1675 1868 1996 1938 φαινόμενον

420 1967 520 2036 μὲν
549 1956 758 2018 τοιοῦτο
778 2003 793 2028 ,
825 1962 1118 2033 δυνάμενον
1153 1961 1209 2014 δὲ
1238 1960 1512 2030 δειχθῆναι
1542 1958 1802 2012 τοιοῦτον.
1839 1957 1997 2012 Οὕτω

416 2059 512 2112 καὶ
534 2059 561 2110 ὁ
593 2059 739 2120 σῖτος
790 2057 1010 2109 δύναται
1039 2054 1137 2126 μὲν
1168 2049 1306 2106 εἶναι
1331 2055 1425 2106 καὶ¹
1451 2052 1595 2123 ῥίζα,
1622 2053 1716 2106 καὶ
1750 2051 1993 2122 καλάμη,

417 2153 513 2204 καὶ
551 2149 818 2219 ἄσταχυς·
842 2149 903 2202 οὐ
937 2148 1186 2216 φαίνεται
1230 2146 1287 2198 δὲ
1341 2145 1607 2210 τοιοῦτος,
1633 2145 1762 2216 πρὶν
1793 2145 1871 2208 εἰς
1899 2145 1998 2208 τὰς

418 2242 662 2306 αὔλακας
693 2243 1110 2312 κατασπαρῆναι
1139 2239 1238 2308 τῆς
1272 2240 1397 2308 γῆς.
1431 2239 1670 2302 Εἰκότως
1701 2240 1880 2292 τοίνυν
1906 2241 1999 2291 καὶ

419 2333 448 2386 6
471 2334 612 2398 θεῖος
657 2334 975 2397 Ἀπόστολος
1003 2334 1231 2402 δύναμιν
1265 2332 1400 2386 Θεοῦ
1432 2331 1490 2384 τὸ
1531 2332 1792 2402 σωτήριον
1828 2347 1999 2402 προσο

419 2424 686 2493 ηγόρευσε
714 2425 996 2494 κήρυγμα,
1019 2423 1096 2487 ὡς
1135 2426 1246 2486 τοῖς
1299 2423 1615 2478 πιστεύουσι
1657 2423 1839 2492 μόνοις
1864 2423 1997 2474 ἀπο-

415 2515 690 2570 καλύπτον
721 2515 819 2587 τήν
867 2516 1117 2587 δύναμιν,
1145 2517 1238 2570 καὶ
1269 2515 1368 2587 τὴν
1399 2515 1673 2586 σωτηρίαν
1719 2514 1997 2586 δωρούμε-

413 2625 524 2663 νον.
554 2608 722 2662 Τοῦτο
758 2610 814 2663 δὲ
841 2611 1006 2664 πᾶσιν
1041 2609 1146 2680 ἔφη
1176 2611 1554 2680 προσκεῖσθαι,
1587 2610 1682 2663 καὶ
1721 2610 1998 2674 Ἰουδαίοις

412 2701 508 2755 καὶ
547 2701 794 2772 Ἕλλησι.
823 2702 1152 2772 Προτέθεικε
1183 2702 1238 2755 δὲ
1271 2702 1380 2755 τῶν
1425 2703 1694 2774 Ἑλλήνων
1717 2704 1841 2765 τοὺς
1864 2703 1996 2756 Ἰου-

411 2791 618 2856 δαίους,
652 2793 837 2864 ἐπειδὴ
863 2793 956 2846 καὶ
990 2796 1016 2846 ὁ
1042 2794 1320 2865 Δεσπότης
1344 2794 1579 2864 Χριστὸς
1603 2793 1814 2857 τούτοις
1846 2792 1997 2864 πρώ-

411 2899 527 2946 τοις
579 2881 710 2944 τους
765 2881 945 2950 ἱερεὺς
996 2881 1328 2944 ἀποστόλους
1383 2882 1670 2936 ἀπέστειλε
1727 2883 1997 2952 κήρυκας.

414 2973 574 3026 Οὕτω
595 2973 688 3026 καὶ
719 2973 748 3024 ό
773 2971 905 3033 Θεὸς
936 2971 1026 3025 διά
1049 2971 1142 3024 τοῦ
1176 2973 1461 3042 Προφήτου
1493 2972 1625 3042 φησί
1647 2988 1660 3003 ·
1710 2991 1728 3023 ι
1769 2971 2000 3026 Τέθεικά

2106 488 2379 558 passionis
2413 491 2746 544 mentionem
2775 486 3109 550 continebat,
3149 496 3202 540 et
3230 487 3411 542 crucis
3457 496 3511 542 et
3532 501 3679 540 mor—

2104 581 2196 646 tis,
2233 597 2354 652 qute
2391 581 2456 638 iis
2486 582 2577 651 qui
2644 579 2890 635 nondum
2939 578 3286 634 crediderunt
3353 577 3680 632 videbantur

2103 688 2224 729 esse
2252 674 2407 744 plena
2432 673 2763 746 ignominiae,
2797 682 3100 742 opportune
3133 670 3418 740 subjunxit
3448 689 3463 726 :

2174 764 2337 822 Vnus.
2365 765 2456 822 16,
2489 765 2610 820 Non
2639 767 2775 820 enim
2807 767 3051 819 erubesco
3083 763 3430 831 Evangelium
3455 761 3672 816 Christi.

2111 857 2290 913 Virtus
2321 859 2458 912 enim
2493 857 2590 912 Dei
2614 867 2690 911 est
2725 859 2778 911 in
2809 858 3035 910 salutem
3087 858 3230 909 omni
3275 856 3526 918 credenti,
3573 852 3676 907 Ju-

2101 953 2215 1007 da'o
2245 953 2476 1022 primum
2505 961 2552 1005 ct
2586 949 2788 1005 Gratco.
2832 949 2952 1003 Non
3009 949 3266 1019 respicio,
3318 947 3513 1017 inquit,
3556 964 3678 1016 qua:

2101 1061 2222 1101 esse
2259 1045 2490 1109 videtur,
2542 1043 2935 1115 ignominiam;
3000 1042 3094 1095 sed
3133 1041 3276 1110 quod
3313 1057 3376 1096 ex
3411 1056 3473 1094 ea
3511 1041 3678 1110 proii-

2102 1138 2330 1193 ciscitur
2377 1136 2722 1190 beneﬁcium.
2762 1133 2866 1200 Qui
2897 1135 3041 1188 enim
3095 1133 3468 1197 crediderunt,
3516 1147 3581 1185 ex
3614 1147 3677 1185 ea

2103 1230 2331 1285 salutem
2365 1229 2644 1297 colligunt.
2698 1229 2774 1281 ita
2802 1227 2966 1281 etiam
3001 1241 3066 1280 ex
3099 1225 3452 1282 scnsibilibus
3509 1223 3678 1276 multa

2103 1319 2374 1372 occultam
2411 1317 2612 1371 habent
2637 1316 3011 1386 operationem
3054 1332 3230 1371 suam.
3269 1313 3479 1368 Etenim
3526 1313 3680 1383 piper

2104 1405 2452 1459 extrinsecus
2484 1404 2700 1471 quidem
2751 1404 3005 1474 frigidum
3054 1419 3176 1458 esse
3239 1403 3474 1464 videtur,
3506 1409 3559 1457 et
3611 1403 3680 1457 iis

2106 1497 2198 1566 qui
2227 1496 2482 1550 nesciunt
2513 1495 2651 1549 nihil
2685 1497 2902 1564 penitus
2958 1497 3154 1550 caloris
3202 1512 3312 1566 pra:
3342 1513 3399 1551 se
3434 1497 3536 1550 fert
3582 1514 3597 1550 :
3625 1504 3682 1548 at

2105 1585 2200 1654 qui
2225 1587 2402 1655 ipsum
2435 1585 2695 1639 dentibus
2727 1583 3070 1646 comminuit,
3100 1585 3312 1654 igneam
3341 1585 3538 1638 caloris
3567 1584 3680 1638 vim

2105 1693 2269 1732 sensu
2297 1677 2548 1746 percipit.
2573 1675 2636 1728 Et
2668 1675 2790 1728 ideo
2821 1674 3017 1729 medici
3053 1673 3156 1728 hoc
3178 1674 3414 1727 calidum
3441 1675 3681 1742 potentia

2101 1769 2410 1831 nominant,
2439 1775 2626 1838 utpote
2654 1766 2799 1837 quod
2825 1781 2933 1819 non
2953 1765 3170 1819 videtur
3198 1765 3414 1834 quidem
3441 1764 3566 1827 tale,
3586 1765 3682 1820 sed

2101 1859 2206 1913 tale
2242 1865 2423 1928 potest
2459 1857 2633 1912 reddi.
2691 1857 2770 1908 lta
2802 1863 2856 1910 et
2887 1854 3222 1907 frumentum
3250 1862 3428 1923 potest
3461 1854 3679 1923 quidem

2098 1967 2222 2006 esse
2251 1958 2304 2004 et
2327 1950 2503 2015 radix,
2531 1960 2583 2002 et
2609 1948 2846 2015 culmus,
2866 1955 2917 2001 et
2936 1945 3110 2016 spica,
3132 1959 3240 1999 non
3263 1953 3442 2000 tamen
3466 1945 3682 1999 videtur

2099 2059 2222 2099 esse
2253 2042 2378 2109 tale,
2423 2041 2744 2112 priusquam
2773 2040 2828 2095 in
2855 2049 3015 2094 terra:
3048 2038 3218 2094 sulcis
3251 2035 3414 2091 fuerit
3439 2037 3683 2092 semina-

2101 2145 2240 2192 tum.
2269 2135 2399 2190 Jure
2442 2150 2574 2205 ergo
2597 2134 2817 2188 divinus
2844 2132 3141 2203 Apostolus
3192 2131 3490 2186 salutarem
3545 2144 3683 2200 prae-

2100 2229 2432 2283 dicationem
2493 2225 2587 2279 Dei
2621 2225 2875 2280 virtutem
2904 2222 3220 2293 appellavit,
3279 2231 3337 2276 ut
3369 2235 3490 2291 quae
3546 2219 3680 2276 solis

2099 2321 2453 2378 credentibus
2480 2318 2779 2390 potentiam
2805 2317 3033 2386 aperiat,
3063 2323 3116 2369 et
3139 2315 3367 2370 salutem
3395 2314 3678 2383 largiatur.

2099 2415 2239 2468 Dicit
2269 2422 2449 2467 autem
2497 2411 2600 2465 hoc
2636 2425 2759 2465 esse
2790 2407 3046 2463 omnibus
3077 2405 3445 2480 propositum,
3499 2411 3552 2458 et
3583 2401 3681 2456 Ju-

2099 2507 2230 2562 dmis
2256 2513 2308 2560 et
2339 2505 2564 2560 Grzecis.
2611 2501 2819 2558 Graecis
2869 2509 3050 2553 autem
3101 2495 3320 2551 Judazos
3359 2495 3678 2565 praeposuit,

2098 2598 2355 2669 quoniam
2387 2599 2489 2667 21
2527 2595 2790 2650 Dominus
2819 2593 3074 2649 Christus
3098 2591 3166 2646 ad
3197 2593 3296 2645 hos
3327 2590 3534 2659 primos
3579 2587 3682 2641 mi-

2099 2691 2170 2744 sit
2215 2689 2604 2760 praedicatores
2635 2701 2824 2742 sacros
2883 2686 3189 2755 apostolos.
3223 2682 3298 2735 ita
3345 2681 3510 2737 etiam
3547 2680 3681 2734 dicit

2098 2783 2242 2838 Deus
2269 2798 2364 2852 per
2417 2781 2782 2851 prophetam:
2820 2795 2839 2828 ι
2901 2776 3066 2830 Posui
3114 2785 3164 2829 te
3210 2775 3262 2827 in
3291 2778 3679 2827 testamentum

2101 2875 2340 2944 generis,
2391 2873 2446 2925 in
2483 2873 2658 2924 lucem
2714 2867 2958 2936 gentium
2988 2873 3049 2918 ω.
3086 2883 3104 2915 ι
3175 2861 3347 2916 Genus
3397 2861 3680 2929 appellans

2100 2965 2342 3026 Judmos,
2395 2961 2655 3034 quoniam
2720 2957 3025 3014 secundum
3057 2970 3280 3011 carnem
3322 2969 3388 3010 ex
3423 2954 3502 3008 eis
3558 2967 3680 3023 ger-

415 3083 477 3118 σε
498 3067 579 3129 είς
601 3064 869 3134 διαθήκην
904 3063 1112 3132 γένους,
1146 3066 1226 3128 είς
1253 3064 1368 3134 φῶς
1402 3064 1593 3118 ἐθνῶν.
1633 3083 1648 3116 ι
1681 3067 1870 3131 Γένος
1906 3072 2074 3130 κα-ὀ
2107 3058 2356 3114 minavit.

413 3156 522 3209 λῶν
550 3156 677 3219 τοὺς
709 3155 1017 3219 Ἰουδαίους,
1053 3153 1242 3226 ἐπειδὴ
1285 3154 1424 3208 κατὰ
1471 3155 1650 3224 σάρκα
1694 3155 1759 3208 ἐκ
1789 3154 1996 3208 τούτων

412 3248 758 3319 tactatacta.-

488 3342 571 3405 ιζ’.
603 3341 964 3409 Δικαιοσύνη
991 3339 1101 3408 γὰρ
1124 3339 1271 3394 Θεοῦ
1297 3340 1367 3393 ἐν
1391 3339 1553 3405 αὐτῷ
1587 3341 1997 3394 ἀποκαλύπτει

414 3447 527 3496 ται,
551 3431 619 3485 ἐκ
651 3431 910 3496 πίστεως
931 3432 1018 3497 εἰς
1038 3431 1262 3486 πίστιν.
1296 3432 1369 3484 Οὐ
1413 3434 1578 3486 πᾶσιν
1615 3432 1996 3488 ἀποκαλύπτε-

410 3540 522 3588 ται,
553 3521 688 3576 ἀλλὰ
735 3525 851 3586 τοῖς
897 3522 1078 3593 ἔχουσι
1102 3525 1226 3586 τοὺς
1267 3523 1368 3593 τῆς
1397 3523 1632 3586 πίστεως
1661 3525 1991 3595 ὀφθαλμούς.

412 3615 666 3668 Διδάσκει
696 3615 753 3669 δὲ
788 3616 936 3686 ήμᾶς
963 3615 991 3668 6
1035 3614 1179 3678 θεῖος
1231 3615 1554 3680 Ἀπόστολος
1577 3658 1588 3677 .
1626 3618 1701 3681 ὡς
1734 3618 1940 3672 ἄνωθεν
1968 3620 1996 3673 6

411 3708 545 3773 Θεὸς
566 3708 709 3763 οὕτω
729 3710 853 3763 καθ’
873 3710 1022 3780 ἡμᾶς
1054 3708 1374 3779 ᾠκονόμησε
1395 3749 1409 3774 ,
1433 3710 1532 3762 καὶ
1558 3710 1733 3764 ταῦτα
1761 3711 1848 3765 διὰ
1886 3699 1996 3766 τῶν

411 3801 707 3872 προφητῶν
733 3801 1117 3872 προεθέσπισε,
1163 3803 1257 3855 καὶ
1287 3802 1394 3872 πρὸ
1417 3801 1525 3854 τῶν
1559 3803 1877 3874 προφητῶν,
1897 3805 1996 3875 τὴν

411 3891 762 3962 περὶτούτων
783 3888 894 3964 εἶχε
923 3892 1119 3963 βουλὴν
1136 3893 1194 3946 ὲν
1219 3891 1365 3962 αὐτῷ
1387 3894 1802 3964 κεκρυμμένην.
1826 3894 1996 3950 Τοῦτο

410 3988 520 4055 γὲρ
574 3984 668 4038 καὶ
716 3983 952 4056 ἀλλαχοῦ
1002 4001 1176 4055 φησι·
1221 4002 1238 4036 ι
1275 3985 1347 4038 Τὸ
1403 3987 1702 4056 μυστήριον
1756 3987 1815 4040 τὸ
1862 3987 1996 4040 ἁπο-

411 4077 794 4149 κεκρυμμένον
824 4078 884 4132 ὲν
933 4078 1012 4149 τῷ
1043 4077 1162 4150 Θεῷ
1208 4079 1286 4148 τῷ
1323 4077 1390 4131 τά
1433 4079 1610 4133 πάντα
1658 4079 1926 4134 κτίσαντι.
1970 4098 1988 4130 ι

410 4173 520 4224 Καὶ
551 4171 712 4225 πάλιν
742 4187 757 4202 ·
797 4189 816 4223 ι
853 4171 1135 4242 Λαλοῦμεν
1182 4172 1372 4240 σοφίαν
1414 4173 1471 4224 ὲν
1521 4171 1806 4241 μυστηρίῳ
1858 4173 1996 4225 ἀπο·

409 4264 823 4335 κεκρυμμένην,
847 4265 912 4335 ἢν
945 4263 1248 4337 προώρισεν
1286 4266 1314 4318 ὁ
1343 4261 1474 4327 Θεὸς
1505 4264 1609 4336 πρὸ
1642 4264 1749 4316 τῶν
1781 4262 1994 4316 αἰώνων

408 4357 487 4417 είς
509 4353 863 4424 δόξανήμῶν.
909 4373 928 4403 ›
968 4354 1078 4407 Καὶ
1125 4352 1358 4406 ἐνταῦθα
1400 4353 1576 4406 τοίνυν
1609 4352 1709 4405 οὐκ
1743 4349 1864 4404 εἶπε
1901 4351 1990 4405 δί-

407 4446 575 4498 δοται
596 4421 932 4515 δικαιοσύνη,
957 4443 1068 4497 ἀλλ’
1096 4444 1600 4498 ἀποκαλύπτεται.
1643 4445 1707 4496 Ἠ
1746 4444 1855 4515 γὰρ
1887 4444 1988 4497 πά·
2024 4421 2066 4476 D

407 4537 494 4588 λαι
517 4535 881 4607 κεκρυμμένη
918 4534 1054 4606 δήλη
1080 4534 1291 4604 γίνεται
1317 4536 1428 4596 τοῖς
1477 4533 1844 4588 πιστεύουσιν.
1894 4536 1990 4589 Ἐκ

407 4629 666 4694 πίστεως
702 4629 790 4694 εἰς
833 4628 1061 4691 πίστιν,
1095 4625 1248 4697 φησί.
1283 4627 1376 4678 Δεῖ
1422 4625 1530 4695 γὰρ
1566 4625 1853 4679 πιστεῦσαι
1878 4630 1991 4692 τοῖς

408 4719 734 4790 προφήταις,
748 4718 841 4772 καὶ
854 4719 920 4772 δι’
937 4720 1161 4773 ἐκείνων
1184 4719 1264 4781 εἰς
1282 4718 1381 4789 τήν
1395 4718 1490 4770 τοῦ
1516 4716 1844 4786 Εὐαγγελίου
1873 4718 1992 4771 πίσο

401 4830 484 4864 τιν
515 4813 909 4884 ποδηγηθῆναι.
933 4813 1086 4882 Ἔχει
1105 4811 1162 4865 δὲ
1197 4813 1290 4865 καί⁵
1325 4811 1517 4881 ἑτέραν
1535 4810 1691 4865 τοῦτο
1724 4810 1984 4866 διάνοιαν.

415 4907 476 4957 Ὀ
505 4905 615 4976 γὰρ
640 4904 718 4976 τῷ
746 4905 990 4976 Δεσπότῃ
1030 4903 1300 4960 πιστεύων
1320 4903 1562 4974 Χριστῷ,
1591 4904 1687 4958 καὶ
1718 4904 1814 4958 τοῦ
1845 4922 1984 4960 παν-

404 4997 562 5064 αγίου
589 4997 630 5029 ¹⁷
654 4995 1028 5068 βαπτίσματος
1054 4995 1154 5067 τὴν
1181 4996 1342 5069 χάριν
1381 4995 1778 5068 ὑποδεχόμενος
1797 4996 1860 5063 ¹⁸,
1890 4998 1984 5052 καὶ

409 5090 463 5140 ιδ
509 5088 606 5159 τῆς
629 5087 905 5151 υἱοθεσίας
948 5087 1310 5158 κομιζόμενος
1351 5087 1634 5158 χάρισμα,
1666 5089 1982 5158 ποδηγεὶπαι

408 5177 496 5229 διδ.
516 5177 718 5233 τούτων
743 5180 825 5244 εἰς
844 5178 907 5232 τὸ
937 5177 1225 5232 πιστεῦσαι
1252 5181 1366 5242 τοῖς
1398 5178 1681 5248 μέλλουσιν
1707 5180 1928 5249 ἀγαθοῖς
1965 5197 1980 5212 ·

2158 3333 2322 3387 Vens.
2366 3331 2452 3383 l7.
2486 3327 2712 3381 Iustitia
2745 3325 2884 3380 enim
2936 3323 3033 3377 Dei
3069 3322 3122 3375 in
3167 3321 3280 3388 ipso
3328 3317 3591 3374 reveletur
3613 3329 3681 3370 ετ

2095 3425 2198 3495 ﬁde
2233 3427 2286 3478 in
2321 3422 2498 3492 ﬁdem.
2549 3417 2670 3473 Non
2718 3417 2992 3470 reveletur
3024 3415 3301 3474 omnibus,
3335 3410 3427 3464 sed
3477 3409 3546 3462 iis
3585 3409 3677 3476 qui

2091 3519 2304 3572 habent
2337 3515 2528 3570 oculos
2566 3511 2714 3566 ﬁdei.
2749 3509 2918 3562 Docet
2947 3515 3128 3561 autem
3161 3521 3261 3559 nos
3291 3502 3510 3556 divinus
3536 3503 3679 3568 Apo-

2098 3609 2295 3672 stolus,
2346 3605 2491 3677 quod
2515 3603 2659 3658 Deus
2695 3601 2763 3655 ab
2796 3600 2954 3654 initio
3006 3596 3168 3652 nobis
3211 3595 3284 3648 ita
3342 3590 3598 3662 providit,
3625 3597 3678 3641 et

2097 3717 2192 3774 per
2246 3701 2544 3771 prophetas
2601 3697 2702 3751 ista
2755 3693 3025 3766 przedixu,
3076 3699 3131 3744 et
3187 3694 3313 3742 ante
3359 3684 3676 3755 prophetas.

2096 3795 2290 3850 habuit
2324 3796 2378 3846 in
2440 3806 2500 3846 se
2553 3789 2884 3843 absconsum
2943 3783 3137 3838 dehis
3187 3779 3502 3834 consilium.
3563 3774 3677 3828 lloc

2095 3888 2239 3943 enim
2273 3885 2435 3941 etiam
2473 3881 2599 3936 alibi
2630 3879 2765 3934 dicit
2795 3897 2807 3933 :
2851 3896 2868 3929 ι
2903 3875 3218 3948 Mysterium
3252 3872 3590 3926 absconsum
3619 3867 3675 3920 in

2096 3981 2208 4038 Deo
2239 3980 2334 4052 qui
2361 3977 2543 4032 omnia
2583 3973 2859 4030 creavit“.
2902 3989 2920 4022 ι
2963 3967 3030 4020 Ει
3068 3979 3260 4021 rursus
3290 3980 3305 4017 :
3335 3980 3355 4015 ι
3379 3960 3678 4030 Loquimur

2097 4047 2423 4142 sapientiam
2477 4067 2533 4121 in
2590 4063 2702 4120 Deo
2756 4059 3161 4120 absconditam,
3215 4068 3376 4124 quam
3425 4047 3677 4120 praeﬁniit

2097 4139 2239 4218 Deus
2269 4168 2396 4214 ante
2443 4157 2644 4214 saecula
2678 4156 2732 4208 in
2775 4153 3004 4224 gloriam
3058 4155 3300 4203 nostram
3325 4153 3368 4195 °.
3398 4160 3417 4193 ι
3444 4146 3460 4162 '
3487 4139 3552 4193 Et
3588 4139 3677 4192 hic

2094 4254 2278 4322 itaque
2307 4266 2416 4305 non
2448 4249 2588 4303 dixit
2621 4246 2783 4300 datur
2815 4242 3052 4312 justitia,
3091 4237 3184 4292 sed
3218 4234 3499 4288 revelatur.
3545 4232 3678 4297 Qum

2095 4346 2241 4400 enim
2269 4343 2422 4414 prius
2463 4342 2737 4394 absconsa
2767 4335 2966 4395 fuerat,
3015 4328 3400 4383 manifestatur
3445 4324 3677 4378 creden-

2098 4439 2269 4495 tibus.
2295 4435 2381 4488 Ex
2412 4434 2514 4503 ﬁde
2547 4433 2601 4484 in
2627 4428 2807 4498 ﬁdem,
2848 4423 3046 4493 inquit.
3079 4421 3309 4490 Oportet
3357 4417 3503 4471 enim
3557 4430 3677 4469 cre-

2097 4533 2227 4588 dere
2260 4524 2566 4599 prophetis,
2599 4528 2652 4577 et
2687 4533 2783 4588 per
2811 4516 2938 4570 illos
2972 4513 3167 4569 deduci
3193 4509 3259 4565 ad
3315 4506 3474 4564 ﬁdem
3501 4505 3677 4560 Evan-

2098 4625 2242 4695 gelii.
2268 4620 2441 4674 Habet
2472 4624 2650 4671 autem
2679 4612 2782 4666 hoc
2809 4611 2966 4664 aliam
2991 4619 3208 4678 quoque
3232 4599 3671 4670 intelligentiam.

2099 4690 2202 4782 Qui
2242 4713 2386 4770 enim
2449 4708 2681 4765 Domino
2727 4704 2946 4760 Christo
2978 4699 3172 4764 credit,
3233 4706 3286 4751 et
3341 4690 3674 4749 sanctissimi

2097 4806 2445 4878 baptismatis
2491 4802 2720 4874 gratiam
2756 4796 3008 4865 suscipit,
3039 4790 3381 4878 gratiamque
3423 4781 3674 4878 ado-ptio-

2096 4870 2185 4954 nis
2208 4896 2443 4952 ﬁliorum
2482 4870 2866 4960 consequitur,
2899 4899 2995 4956 per
3016 4897 3080 4936 ea
3114 4876 3404 4934 deducitur
3432 4879 3493 4926 ut
3515 4870 3668 4924 futu-

2091 4996 2170 5052 ris
2197 4993 2360 5049 bonis
2398 4989 2589 5046 credat
2620 5005 2633 5040 :
2666 4991 3031 5044 mortuorum,
3076 4977 3328 5046 inquam,
3387 4983 3673 5024 resurrec-

2091 5087 2251 5150 tioni,
2272 5093 2325 5139 et
2348 5084 2469 5138 vitae
2489 5088 2726 5142 aeternae,
2756 5083 2808 5130 et
2828 5086 2994 5144 regno
3017 5067 3305 5124 caelorum.
3330 5061 3470 5116 Dicit
3489 5067 3672 5114 autem

2093 5179 2187 5235 Dei
2223 5176 2494 5247 justitiam
2529 5169 2754 5227 revelari
2786 5180 2882 5234 per
2939 5157 3314 5229 Evangelium,
3383 5167 3491 5207 non
3550 5164 3671 5206 eam

468 5372 503 5392 η
543 5358 646 5416 ῐςα.
680 5376 812 5424 χιιι,
842 5359 897 5424 6,
925 5357 1016 5414 ubi
1049 5357 1123 5412 ita
1155 5356 1425 5415 habetur:
1466 5358 1700 5414 «Ponant
1733 5370 1783 5416 te
1815 5361 1868 5416 in
1902 5361 1998 5418 iter

2114 5360 2333 5432 populi,
2365 5366 2531 5427 atque
2559 5355 2610 5408 in
2641 5352 2815 5405 lucem
2845 5344 3147 5418 gentium.»
3191 5350 3218 5380 η
3252 5338 3447 5411 Eplies.
3493 5349 3578 5398 ιιι,
3608 5332 3666 5387 9.

467 5437 485 5484 Ι
525 5434 651 5484 Uor.
685 5447 722 5484 ll
748 5472 762 5496 ,
791 5433 844 5484 7.

1714 5525 1946 5580 ΗΜΛ]
1981 5523 2386 5582 LECTlONES.

423 5667 442 5698 ⁸
474 5668 509 5719 Β
545 5668 881 5735 ἕπε’ἓάνείαν-
921 5670 962 5698 ’⁷
998 5685 1194 5735 παναγ.
1234 5667 1385 5722 (Ῑθθόῑ
1422 5667 1472 5722 in
1501 5667 1859 5727 Oﬁcumenio.
1937 5669 1977 5700 "'
2012 5665 2406 5725 OEcumenius:
2445 5662 2861 5733 ὑποδεξάμενος.
2901 5657 3131 5714 Caetera:
3168 5657 3272 5712 xeo.
3304 5640 3704 5710 τδμχάριτινι.

419 5737 470 5792 bi
499 5739 901 5802 desidermtur;
940 5741 1030 5794 sed
1061 5740 1217 5795 habet
1247 5737 1411 5792 llerv.
