4074 6176
34 5291 42 5328 ι

34 5331 42 5424 1

34 5431 42 5456 ‘-

34 5457 46 5582 ἑ

277 360 354 429 ω
1271 360 1756 422 THEODORETI
1795 361 2134 422 EPISCOPI
2174 362 2539 425 CYRENSIS
3468 368 3538 435 60

285 470 460 528 solum
494 485 614 542 quze
650 470 808 526 nobis
845 469 1157 536 exhibetur,
1194 470 1300 540 22
1331 470 1423 526 sed
1461 477 1515 526 et
1557 471 1703 526 illam
1737 486 1858 542 qua:

1969 473 2024 543 τῇ
2054 475 2115 525 ἐκ
2145 471 2354 543 νεκρῶν
2393 472 2706 538 ἀναστάσει,
2730 473 2894 543 φημὶ,
2921 471 3014 524 καί
3045 475 3106 540 τῇ
3163 474 3366 545 αίωνίῳ
3397 473 3530 548 ζωῇ.

286 563 340 617 1η
371 563 492 632 ipso
521 561 947 634 dispensationis
993 564 1253 634 mysterio
1308 573 1495 633 aperte
1525 564 1854 619 ostenditur.

283 652 401 707 Non
442 653 590 708 enim
621 653 672 708 vi
704 661 946 709 nostram
995 654 1227 708 salutem
1282 653 1708 716 administravit,
1757 669 1859 708 nec

285 745 518 814 imperio
545 759 608 798 ac
631 745 796 799 verbo
823 744 1014 798 mortis
1044 745 1336 812 potentiam
1361 745 1590 811 evertit;
1625 745 1718 799 sed
1773 744 1860 814 ju-

281 836 490 891 stitiam
522 835 894 890 misericordia
925 836 1265 906 temperavit.
1301 835 1364 890 Et
1402 835 1580 907 ipsum
1613 836 1859 907 unigeni-

286 939 400 980 tum
439 927 530 981 Dei
564 927 824 991 Verbum,
873 928 1066 982 Adami
1109 935 1358 982 naturam
1405 928 1675 993 indutum,
1731 944 1855 982 cum

287 1017 354 1070 al)
388 1015 535 1070 omni
570 1025 794 1086 peccato
849 1019 1142 1071 immunem
1185 1016 1334 1071 illam
1393 1025 1686 1082 servasset,
1736 1032 1856 1071 eam

281 1123 386 1176 pro
447 1107 609 1163 nobis
661 1109 882 1172 obtulit,
940 1117 993 1162 et
1052 1117 1258 1162 natura:
1311 1109 1494 1164 debito
1551 1110 1854 1180 persoluto,

286 1213 576 1254 commune
602 1202 848 1254 omnium
877 1201 1156 1254 hominum
1183 1200 1423 1255 debitum
1449 1200 1720 1255 dissolvit.
1752 1198 1858 1254 Sed

280 1290 511 1346 divinus
536 1292 831 1360 Apostolus
854 1291 969 1346 haec
996 1307 1098 1346 nos
1125 1291 1284 1345 docet
1306 1293 1548 1361 apertius
1575 1290 1626 1343 in
1646 1291 1714 1344 iis
1742 1305 1861 1359 qua:

283 1393 616 1452 sequuntur.
651 1380 764 1437 Nos
808 1392 988 1436 autem
1038 1383 1541 1451 interpretationem
1579 1382 1856 1451 sigillatim

284 1485 702 1539 persequamur.
738 1470 873 1525 Cum
905 1471 1089 1540 itaque
1123 1470 1352 1524 dixisset
1402 1468 1606 1524 Juda‘is
1629 1478 1683 1524 et
1712 1469 1854 1524 Graec

291 1562 371 1615 eis
406 1560 717 1614 volentibus
745 1559 938 1615 adesse
989 1560 1241 1622 salutem,
1274 1558 1480 1612 dictum
1523 1573 1682 1613 suum
1713 1557 1862 1612 Scri-

285 1659 460 1722 pturae
537 1652 848 1706 testimonio
910 1651 1276 1716 confirmavit,
1329 1657 1382 1705 et
1447 1651 1582 1704 dixit
1648 1669 1661 1704 :
1713 1647 1860 1705 Sicut

280 1745 537 1812 scriptum
569 1752 645 1797 est
684 1758 702 1797 :
740 1741 929 1798 Justus
969 1753 1142 1798 autem
1182 1758 1246 1796 ea:
1299 1742 1403 1812 ﬁde
1446 1743 1588 1798 vivit.
1624 1742 1735 1798 Hoc
1765 1760 1862 1797 au-

287 1844 394 1889 tem
426 1834 736 1890 Iudaeorum
777 1838 952 1905 gratia
985 1835 1186 1904 posuit,
1219 1836 1421 1890 docens
1465 1850 1562 1892 eos
1615 1851 1723 1889 non
1779 1836 1857 1891 Ιεο
1895 1815 1933 1872 Β

283 1928 460 1997 galcm
499 1927 736 1982 retinere
782 1927 1210 1988 institutionem,
1264 1927 1360 1982 sed
1386 1943 1518 1982 suos
1565 1928 1860 1997 prophetas

283 2019 462 2088 sequi.
495 2016 561 2071 lli
612 2018 756 2071 enim
804 2018 993 2074 multis
1042 2026 1188 2074 retro
1219 2020 1433 2074 saeculis
1467 2019 1706 2074 futuram
1765 2036 1861 2090 per

288 2110 446 2164 ﬁdem
477 2110 704 2164 salutem
745 2109 1133 2178 praedicarunt.
1196 2109 1333 2165 Hinc
1372 2112 1555 2178 itaque
1590 2111 1860 2166 desistens

281 2201 502 2256 Judaeos
533 2199 767 2270 prinunn
835 2215 1124 2266 accusare,
1183 2215 1373 2256 omnes
1419 2201 1560 2256 alios
1611 2203 1860 2258 homines

285 2302 532 2356 accusat,
557 2301 616 2348 ut
642 2293 735 2364 qui
768 2294 937 2364 legem
963 2295 1018 2347 in
1057 2303 1252 2347 natura
1284 2294 1352 2348 ab
1390 2291 1598 2366 Opifice
1627 2293 1858 2364 positam

285 2388 493 2456 absque
527 2386 637 2440 ullo
666 2393 808 2440 metu
835 2383 1210 2440 transilierint.
1241 2383 1446 2441 Horum
1487 2394 1669 2442 autem
1701 2401 1861 2441 accu-

289 2477 431 2532 satio
484 2477 646 2532 habet
704 2477 866 2533 etiam
921 2477 1294 2532 defensionem
1375 2476 1675 2532 Creatoris.
1724 2475 1862 2532 Cum

286 2569 430 2622 enim
461 2584 556 2624 eos
595 2569 854 2631 condidit,
884 2583 988 2621 non
1033 2568 1282 2637 permisit
1313 2574 1373 2622 ut
1435 2567 1720 2624 brutorum
1774 2567 1864 2622 in-

293 2667 414 2713 Star
461 2657 744 2724 viverent‘;
778 2656 872 2712 sed
909 2656 1120 2711 ratione
1154 2657 1462 2721 honoravit,
1493 2664 1546 2710 et
1597 2656 1864 2727 judicium

287 2747 458 2812 dedit,
508 2748 887 2817 bonorumque
913 2763 977 2802 ac
1020 2748 1424 2802 contrariorum
1478 2745 1743 2818 judicium
1776 2749 1862 2802 in-

289 2840 443 2895 didit.
505 2840 723 2914 Ethoc
781 2841 983 2894 dictum
1015 2855 1117 2896 suo
1172 2840 1485 2894 testimonio
1536 2839 1868 2895 confirmant

289 2932 382 2999 qui
403 2939 528 2985 ante
552 2930 726 3002 legem
752 2928 1049 2986 Mosaieam
1070 2929 1274 2984 virtute
1295 2937 1349 2985 et
1372 2930 1573 3000 pietate
1593 2931 1868 2988 excellue-

291 3031 438 3090 runt,
472 3031 523 3076 et
549 3023 640 3092 qui
677 3037 874 3078 rursus
927 3019 1031 3076 iter
1057 3021 1399 3076 contrarium
1430 3020 1668 3091 ingressi
1716 3033 1864 3076 sunt.

1963 564 2058 616 καὶ
2081 567 2144 635 τῇ
2176 565 2427 636 βασιλείᾳ
2455 565 2564 619 τῶν
2615 565 2882 636 οὐρανῶν.
2910 565 3267 636 Δικαιοσύνην
3295 567 3350 620 δέ
3399 568 3536 622 Θεοῦ

1958 654 2049 707 διὰ
2099 657 2193 708 τοῦ
2243 657 2578 725 Εὐαγγελίου
2609 655 3093 710 ἀποκαλύπτεσθαι
3133 657 3258 726 ἔφη,
3291 661 3348 711 οὐ
3375 661 3538 728 μόνον

1959 746 2058 814 τὴν
2081 747 2214 816 ἡμῖν
2248 747 2682 818 χορηγουμένην,
2719 747 2857 800 ἀλλὰ
2910 748 3004 801 καὶ
3049 747 3148 817 τὴν
3189 751 3246 800 ἐν
3285 749 3432 819 αὺτῷ
3457 751 3536 820 τῷ

1959 838 2059 906 τῆς
2102 837 2410 908 οἰκονομίας
2466 837 2748 908 μυστηρίῳ
2805 839 3099 907 προφανῶς
3159 840 3532 911 δεικνυμένην.

1961 928 2034 980 Οὐ
2063 927 2172 999 γὰρ
2201 930 2418 1001 ἐξουσίᾳ
2444 930 2541 1000 τὴν
2582 931 2857 1000 ἡμετέραν
2886 929 3203 1000 ᾠκονόμησε
3236 931 3532 1001 σωτηρίαν,

1961 1018 2081 1071 οὐδὲ
2139 1021 2521 1090 προστάγματι
2574 1021 2832 1091 καὶλύγῳ
2862 1021 3126 1074 κατέλυσε
3161 1021 3253 1075 τοῦ
3303 1021 3533 1076 θανάτου

1960 1109 2020 1163 τό
2050 1110 2269 1180 κράτος,
2301 1111 2416 1164 ἀλλ’
2455 1111 2684 1183 ἐκέρασε
2719 1113 2796 1184 τῷ
2847 1113 3040 1182 δικαίῳ
3087 1113 3178 1166 τὸν
3216 1114 3382 1168 ἔλεον.
3427 1117 3535 1168 Καὶ

1961 1200 2122 1264 αὐτὸς
2146 1203 2174 1254 ὁ
2213 1201 2503 1272 μονογενὴς
2558 1202 2652 1256 τοῦ
2685 1203 2820 1257 Θεοῦ
2870 1204 3064 1272 Λόγος,
3109 1206 3208 1274 τὴν
3240 1205 3330 1257 τοῦ
3362 1207 3535 1276 Ἀδὰμ

1961 1291 2322 1361 ἐνδυσάμενος
2367 1291 2557 1360 φύσιν,
2592 1293 2686 1346 καὶ
2743 1297 2922 1366 πάσης
2964 1297 3240 1367 ἁμαρτίας
3293 1297 3533 1364 φυλάξας

1959 1382 2228 1453 ἀμύητον.
2259 1384 2462 1454 ταύτην
2515 1385 2655 1456 ὑπὲρ
2705 1388 2863 1456 ἡμῶν
2904 1389 3299 1459 προσενήνοχε,
3347 1389 3440 1441 καὶ
3472 1389 3532 1442 τδ

1961 1471 2119 1541 χρέος
2159 1471 2258 1541 τῆς
2289 1472 2502 1540 φύσεως
2525 1473 2774 1538 ἀποδοὺς,
2809 1475 2868 1528 τὸ
2887 1475 3061 1528 κοινὸν
3083 1475 3300 1529 πάντων
3321 1475 3533 1548 ἀνθρὼ-

1961 1576 2080 1612 πων
2113 1560 2355 1613 διέλυσεν
2385 1561 2630 1632 ϐφλημα.
2671 1565 2831 1618 ’Λλλά
2882 1565 3041 1619 τοῦτο
3085 1566 3324 1620 διδάσκει
3364 1567 3532 1634 σαφέο

1963 1665 2152 1720 στερον
2182 1650 2332 1718 ἡμᾶς
2355 1652 2411 1703 ἐν
2448 1652 2562 1714 τοῖς
2599 1651 2724 1721 ἑξῆς
2751 1654 2779 1705 ό
2810 1653 2951 1715 θεῖος
2978 1652 3314 1714 Ἀπόστολος.
3343 1652 3533 1721 Ἡμεῖς

1961 1741 2019 1794 δὲ
2064 1740 2167 1810 τῆς
2215 1740 2356 1794 κατὰ
2413 1742 2583 1813 μέρος
2629 1743 2924 1814 ἑρμηνείας
2973 1741 3244 1812 ἐχώμεθα.
3281 1738 3533 1812 Είρηκὼς

1963 1833 2139 1886 τοίνυν
2168 1833 2244 1897 ὠς
2266 1833 2360 1886 καὶ
2401 1834 2680 1896 Ἰουδαίοις
2718 1834 2812 1887 καὶ
2841 1833 3065 1904 Ἕλλησι
3119 1832 3458 1903 βουλομένοις
3499 1833 3532 1900 ὴ

1965 1924 2206 1995 σωτηρία
2253 1926 2628 1994 προσγίνεται,
2668 1926 2912 1995 Γραφικῇ
2952 1924 3226 1996 μαρτυρίᾳ
3257 1924 3349 1976 τὸν
3376 1923 3534 1991 λόγον

1961 2014 2242 2086 ὠχύρωσε,
2274 2016 2368 2070 καί
2390 2033 2554 2087 φησι·
2580 2015 2782 2081 Καθὼς
2809 2015 3128 2085 γέγραπται
3153 2033 3165 2046 ο
3211 2017 3272 2068 '0
3327 2013 3395 2068 δὲ
3444 2013 3533 2066 δί-

1962 2127 2132 2176 καιος
2183 2108 2252 2162 ἐκ
2321 2108 2579 2173 πίστεως
2640 2106 2895 2172 ζήσεται.
2947 2105 3118 2159 Τοῦτο
3160 2106 3218 2159 δέ
3269 2103 3535 2158 Ἰουδαίων

1960 2204 2125 2257 ἕνεκα
2147 2200 2376 2255 τέθεικε·
2415 2200 2682 2254 διδάσκων
2708 2200 2905 2262 αὐτοὺς
2925 2197 3000 2270 μὴ
3035 2201 3133 2268 τῆς
3151 2197 3382 2268 νομικῆς
3405 2197 3526 2249 άντ-

1962 2293 2184 2364 έχεσθαι
2248 2292 2548 2355 πολιτείας,
2600 2289 2738 2344 ἀλλὰ
2787 2292 2902 2354 τοῖς
2953 2291 3172 2354 οἰκείοις
3229 2289 3536 2361 προφήταις

1963 2382 2297 2438 ἀκολουθεῖν.
2328 2376 2486 2436 Οὗτοι
2521 2382 2629 2453 γὰρ
2651 2383 2856 2437 ἀνωθεν
2888 2382 2986 2452 τὴν
3008 2381 3097 2434 διὰ
3136 2382 3369 2443 πίστεως
3407 2396 3539 2449 προ-

1964 2474 2235 2547 εκήρυξαν
2267 2474 2559 2545 σωτηρίαν.
2599 2474 2878 2527 Ἐντεῦθεν
2906 2472 3084 2525 τοίνυν
3113 2472 3222 2526 τῶν
3267 2470 3538 2524 Ἰουδαίων

1967 2569 2124 2636 ἀφεὶς
2185 2566 2398 2638 πρῶτον
2456 2567 2778 2636 κατηγορεῖν
2807 2606 2820 2630 ,
2857 2564 3155 2633 κατηγορεῖ
3200 2560 3308 2615 τῶν
3362 2560 3538 2614 ἄλλων

1965 2661 2220 2714 ἁπάντων
2263 2651 2581 2728 ἀνθρὼπων,
2605 2656 2680 2720 ὼς
2728 2656 2820 2708 τὸν
2863 2656 2921 2707 ἐν
2949 2656 3012 2724 τῇ
3049 2652 3208 2722 φύσει
3253 2650 3405 2723 παρά
3441 2649 3538 2704 τοῦ

1967 2755 2308 2830 Δημιουργοῦ
2332 2755 2553 2808 τεθέντα
2579 2753 2741 2823 νόμον
2772 2751 2945 2814 ἀδεῶς
2975 2749 3357 2820 παραϐάντων.
3401 2746 3466 2799 ’11
3482 2744 3540 2799 δέ

1966 2867 2032 2918 γε
2054 2848 2256 2902 τούτων
2279 2845 2580 2917 κατηγορία
2606 2845 2695 2898 καὶ
2721 2840 3013 2909 ἀπολογίαν
3031 2838 3142 2909 ἔχει
3171 2837 3263 2891 τοῦ
3285 2833 3533 2906 ΙΙοιητοῦ.

1969 2937 2387 3010 Δημιουργήσας
2417 2936 2526 3006 γὰρ
2555 2935 2771 2996 αὐτοὺς,
2797 2933 2897 2984 οὐκ
2931 2930 3139 2997 ἀλόγων
3182 2929 3338 2998 δίκην
3390 2926 3541 2979 εἴασε

1973 3028 2254 3101 βιοτεύειν,
2282 3027 2421 3082 ἀλλὰ
2470 3026 2548 3097 τῷ
2608 3025 2752 3095 λόγῳ
2803 3023 3104 3092 τετίμηκε,
3131 3021 3226 3073 καὶ
3270 3018 3542 3088 διάκρισιν

291 3115 500 3170 Etenim
518 3114 686 3167 Adam
711 3124 758 3179 P,
780 3128 902 3168 cum
919 3113 1106 3167 statim
1144 3121 1470 3183 praeceptum
1489 3121 1868 3182 transgressus

1971 3123 2192 3189 δέδωκε,
2223 3120 2320 3176 καὶ
2345 3119 2456 3174 τῶν
2476 3117 2699 3188 ἀγαθῶν
2733 3116 2825 3170 καὶ
2855 3115 2962 3168 τῶν
2989 3111 3245 3166 ἐναντίων
3272 3108 3540 3163 ἐντέθεικε

289 3213 464 3272 esset,
485 3213 536 3260 et
559 3206 626 3260 de
648 3203 828 3258 fructu
851 3203 956 3258 sibi
971 3203 1245 3275 prohibito
1261 3203 1365 3273 23
1388 3211 1680 3273 gustasset,
1704 3204 1872 3259 latere

290 3295 508 3364 quidem
523 3303 992 3360 eonatusest,eum
1013 3295 1308 3348 ulciscente
1322 3292 1699 3348 conscientia‘.
1710 3291 1872 3349 Dein-

293 3391 361 3441 de
390 3388 443 3441 in
461 3386 725 3456 judicium
743 3396 993 3452 vocatus,
1016 3402 1116 3440 nec
1137 3385 1336 3441 factum
1356 3384 1627 3442 inﬁciatus
1645 3394 1751 3449 est,
1769 3401 1873 3443 nec

295 3485 361 3532 ad
399 3481 482 3535 sui
511 3478 880 3534 defensionem
914 3478 1272 3549 ignorantiam
1295 3477 1731 3548 praetenditzsed
1751 3477 1872 3547 ejus

289 3569 362 3623 de
390 3584 498 3640 quo
527 3571 895 3625 accusabatur
927 3569 1141 3638 culpam
1167 3569 1222 3623 in
1248 3569 1532 3624 mulierem
1565 3569 1868 3626 transtulit.

297 3664 493 3730 Aperte
519 3663 702 3732 itaque
757 3661 861 3716 hoc
895 3661 1071 3724 docet,
1129 3659 1272 3730 quod
1309 3667 1506 3716 natura
1547 3661 1735 3718 habuit
1789 3677 1875 3718 re-

290 3768 419 3810 :rum
465 3752 955 3808 discernendarum
1010 3760 1354 3821 potestatem.
1389 3750 1482 3808 Sic
1538 3753 1708 3809 etiam
1737 3752 1872 3808 Cain

292 3844 524 3898 fratrem
555 3842 774 3912 quidem
810 3841 1120 3896 clanculum
1154 3840 1431 3897 interfecit
1463 3861 1478 3897 :
1504 3843 1874 3916 interrogatus

299 3944 502 4000 autem,
541 3931 684 3988 «Ubi
714 3941 800 3988 est
854 3933 989 3989 Abel
1022 3931 1192 3988 frater
1248 3933 1427 3988 tuus?
1454 3951 1473 3987 ι
1528 3936 1767 4006 negavit,
1819 3943 1874 3990 et

299 4025 502 4080 factum
535 4026 716 4080 celare
746 4035 977 4080 conatus
1002 4031 1111 4080 est.
1145 4023 1448 4081 Convictus
1476 4039 1630 4093 vero,
1662 4026 1872 4098 justum

301 4132 424 4172 esse
447 4116 782 4186 supplicium
813 4113 1106 4170 confessus
1137 4123 1243 4181 est,
1275 4123 1330 4171 et
1356 4115 1560 4186 judicia
1587 4116 1875 4174 sententiae

301 4225 562 4264 assensus
587 4216 693 4273 est,
725 4218 779 4264 et
810 4209 1057 4280 gravius,
1096 4225 1259 4280 quam
1293 4219 1352 4265 ut
1379 4209 1536 4265 venia
1556 4209 1756 4284 dignus
1782 4225 1872 4267 es-

301 4307 406 4365 set,
443 4316 503 4356 se
525 4315 783 4372 peccasse
805 4300 941 4356 dixit
961 4311 1012 4357 ιι.
1052 4300 1480 4359 Innumerabilia
1509 4309 1691 4359 autem
1720 4300 1874 4374 ejusw

303 4391 450 4446 modi
475 4393 601 4447 licet
625 4392 678 4446 in
713 4407 870 4446 saera
914 4393 1495 4464 Scriptura‘invenire.
1520 4394 1582 4449 Et
1598 4393 1718 4450 ideo
1736 4395 1874 4450 dixit

303 4486 528 4545 divinus
558 4484 857 4556 Apostolus
895 4501 909 4539 :

1975 3215 2072 3285 τὴν
2101 3214 2412 3283 διάγνωσιν.
2441 3212 2554 3266 Καὶ
2571 3209 2706 3281 τῷδε
2733 3203 3170 3278 μαρτυροῦσιτῷ
3193 3203 3335 3270 λόγῳ
3371 3203 3417 3254 οί
3441 3199 3543 3271 πρὸ

1972 3305 2066 3359 τοῦ
2096 3305 2390 3360 Μωσαῖκου
2419 3301 2588 3372 νόμου
2635 3298 3037 3370 διαπρέψαντες
3071 3296 3128 3348 ἐν
3155 3291 3403 3362 εὐσεϐείᾳ
3448 3291 3542 3342 καὶ

1972 3399 2167 3467 ἀρετῇ,
2201 3395 2294 3448 καὶ
2321 3388 2388 3447 αὖ
2423 3391 2584 3446 πάλιν
2608 3391 2657 3444 οἱ
2683 3389 2780 3460 τὴν
2809 3387 3054 3442 ἐναντίαν
3078 3384 3415 3444 ὁδεύσαντες.
3432 3380 3541 3432 Καὶ

1972 3491 2080 3560 γὰρ
2104 3490 2132 3542 ὁ
2159 3485 2348 3555 Ἀδὰμ,
2381 3484 2543 3547 εὐθὺς
2589 3482 2688 3553 τὴν
2751 3478 2968 3549 ἐντολὴν
3015 3476 3271 3548 παραϐὰς
3321 3476 3416 3526 καὶ
3448 3469 3540 3523 τοῦ

1973 3575 2189 3650 καρποῦ
2241 3574 2611 3644 γευσάμενος,
2641 3570 2701 3624 δν
2747 3568 3090 3640 ἀπηγόρευεν
3142 3563 3310 3632 αὐτῷ,
3361 3560 3544 3614 λαθεῖν

1978 3665 2390 3746 μὲνβπειράθη,
2423 3663 2517 3718 τοῦ
2549 3661 2849 3724 συνειδότος
2875 3659 3226 3746 ἀμείψαντος.
3257 3649 3391 3746 Είτα
3416 3653 3544 3746 κλη-

1973 3740 2092 3824 θεὶς
2113 3761 2192 3822 εἰς
2227 3757 2287 3810 τὸ
2319 3755 2622 3826 κριτήριον,
2655 3749 2778 3804 οῦτε
2807 3747 3019 3821 ἠρνήθη
3049 3745 3109 3798 τὸ
3133 3743 3354 3812 γεγονὸς
3378 3783 3391 3804 ,
3422 3740 3544 3793 οὔτε

1975 3851 2085 3923 μὴν
2112 3849 2211 3921 τὴν
2241 3847 2464 3916 ἄγνοιαν
2492 3845 2570 3907 εἰς
2595 3840 2888 3910 ἀπολογίαν
2923 3835 3282 3908 προύϐάλετο,
3314 3831 3426 3886 ἀλλ’
3455 3831 3546 3884 ἐπὶ

1971 3940 2069 4012 τὴν
2093 3939 2324 4008 γυναῖκα
2344 3932 2695 4006 μετατέθεικε
2717 3932 2815 4001 τῆς
2845 3927 3176 4000 κατηγορίας
3192 3925 3251 3979 τὸ
3273 3923 3438 3993 ἕγκλη
3449 3939 3543 3992 μα.

1973 4028 2167 4102 Σαφῶς
2191 4028 2248 4081 δὲ
2279 4026 2435 4080 τοῦτο
2467 4023 2730 4086 διδάσκει,
2761 4021 2836 4086 ὡς
2857 4014 3002 4090 εἶχεν
3035 4020 3066 4089 ὴ
3121 4017 3281 4087 φύσις
3317 4013 3413 4086 τὴν
3441 4012 3546 4065 τῶν

1975 4119 2316 4193 πραγμάτων
2342 4117 2653 4185 διάγνωσιν.
2678 4112 2835 4166 Οὕτω
2859 4114 2954 4166 καὶ
2982 4113 3011 4164 ό
3053 4110 3211 4170 Κάῖν,
3244 4107 3420 4179 λάθρα
3450 4104 3546 4174 μὲν

1972 4212 2150 4267 ἀνεῖλε
2204 4209 2310 4264 τὸνι
2347 4201 2614 4277 ἀδελφόν·
2648 4203 2946 4276 ἐρωτηθεὶς
2987 4202 3064 4269 δὲ,
3104 4219 3123 4253 ι
3173 4199 3282 4253 Ποῦ
3330 4196 3488 4250 ’Ἅϐελ
3520 4195 3548 4246 ὀ

1974 4301 2203 4372 ἀδελφός
2242 4317 2336 4355 σου
2364 4318 2379 4364 ;
2421 4319 2440 4352 ›
2470 4295 2704 4368 ἠρνήθη,
2742 4295 2837 4348 καὶ
2871 4293 2934 4346 τδ
2959 4292 3179 4362 γεγονὸς
3227 4288 3549 4358 ἐπεχείρησε

1976 4393 2180 4466 κρύψαι
2205 4409 2218 4424 ’
2256 4389 2532 4460 ἐλεγχθεὶς
2582 4386 2637 4440 δέ
2671 4403 2757 4455 γε,
2787 4384 3106 4456 ὡμολόγησε
3145 4381 3358 4435 δικαίαν
3413 4373 3549 4428 εἶναι

1907 4482 1951 4537 D
1982 4485 2078 4557 τὴν
2103 4481 2397 4555 τιμωρίαν,
2421 4480 2518 4534 καὶ
2542 4478 2946 4549 συνεψηφίσατο
2979 4475 3056 4546 τῷ
3083 4475 3267 4546 κριτῇ,
3294 4469 3388 4523 καὶ
3410 4467 3549 4532 πέρα

306 4574 638 4647 συγγνώμης
671 4570 822 4627 εἶπεν
855 4577 1259 4646 ἡμαρτηκέναι.
1292 4577 1404 4631 Καὶ
1447 4575 1614 4650 ἕτερα
1645 4575 1703 4631 δὲ
1739 4575 1909 4648 μυρία
1955 4575 2181 4631 τοιαῦτα
2213 4575 2361 4628 ἐστιν
2409 4571 2586 4643 εὑρεῖν
2634 4570 2785 4641 παρά
2830 4574 2896 4640 τῇ
2954 4567 3074 4636 θείᾳ
3113 4565 3321 4635 Γραφῇ.
3351 4561 3550 4612 Τούτου

305 4671 466 4742 χάριν
495 4668 522 4720 ὁ
554 4667 696 4729 θεῖος
737 4664 1054 4729 Ἀπόστολος
1090 4666 1192 4736 ἔφη
1214 4682 1227 4695 ⁸

385 4762 546 4818 Vens.
587 4756 669 4812 l8.
702 4754 981 4811 ltevetatur
1013 4756 1153 4810 enim
1191 4757 1276 4810 ira
1314 4757 1411 4813 Dei
1439 4757 1505 4812 de
1546 4756 1682 4816 οωίο
1722 4774 1882 4828 super

307 4869 513 4910 onmem
542 4851 868 4921 impietatem
901 4857 948 4903 et
997 4849 1324 4914 iniustitiam
1373 4849 1648 4904 hominum
1675 4868 1880 4916 eorum,

308 4945 399 5016 qui
438 4943 714 4998 veritatem
761 4941 817 4996 in
856 4940 1123 5007 injustitia
1170 4939 1421 4996 detinent.
1481 4938 1690 4996 Natura
1735 4941 1882 4996 enim

309 5051 407 5091 eos
430 5044 725 5103 utrumque
761 5030 974 5098 docuit,
1011 5039 1064 5083 et
1099 5029 1264 5085 Deum
1287 5046 1410 5086 esse
1432 5029 1680 5085 omnium
1705 5028 1874 5100 Opifi-

309 5144 454 5192 eem,
483 5135 539 5182 et
575 5128 766 5196 fugere
801 5123 1024 5195 quidem
1056 5123 1410 5193 injustitiam.
1435 5122 1710 5192 justitiam
1752 5137 1884 5179 vero

317 5217 594 5290 amplecti.
628 5213 732 5269 Sed
773 5215 922 5270 datis
944 5214 1053 5271 sibi
1081 5215 1514 5284 praeceptoribus
1551 5229 1665 5271 non
1691 5222 1752 5268 ut
1793 5228 1892 5284 par

313 5312 418 5368 fuit
445 5310 528 5365 usi
564 5315 715 5365 sunt.
755 5305 909 5361 Unde
936 5306 1103 5362 etiam
1135 5307 1217 5362 eis
1259 5304 1504 5360 futurum
1551 5305 1891 5376 supplicium

317 5407 558 5456 mutatus
583 5403 691 5453 est.
723 5395 1134 5451 Convenienler
1167 5405 1349 5451 autem
1403 5397 1492 5451 hic
1537 5410 1758 5467 quoque
1805 5411 1897 5466 po-

315 5497 447 5558 suit,
476 5489 764 5551 revelatur,
807 5487 954 5558 quod
990 5485 1089 5556 qui
1132 5489 1436 5543 intentatas
1490 5487 1892 5558 suppliciorum

314 5585 495 5644 niinas
522 5597 634 5637 non
671 5579 932 5646 credunt,
972 5593 1068 5634 eas
1109 5580 1223 5638 sint
1252 5587 1443 5650 postea
1474 5594 1638 5638 veras
1671 5594 1730 5635 re
1778 5579 1897 5648 ipsa

393 5763 420 5802 τ’
452 5765 588 5820 Gen.
616 5779 710 5821 ιιι.
742 5744 797 5818 δ.
880 5773 906 5815 ς
945 5761 1079 5818 Gen.
1118 5779 1194 5828 iv,
1230 5762 1383 5814 8-15.

2063 4761 2153 4825 ιη’.
2186 4750 2700 4806 Ἀποκανῑύπτεται
2738 4743 2848 4813 γὰρ
2883 4739 3028 4808 ὀργὴ
3070 4737 3216 4792 Θεοῦ
3263 4737 3362 4791 ἀπ’
3385 4739 3558 4804 cupa“

1987 4847 2097 4902 νοῦ
2129 4845 2226 4898 ἐπὶ
2255 4843 2462 4898 πᾶσαν
2487 4837 2769 4892 ἀσέϐειαν
2796 4832 2890 4886 καὶ
2944 4829 3182 4884 ἀδικίαν
3210 4828 3555 4897 ἀνθρώπων,

1987 4937 2106 4991 τῶν
2139 4935 2254 5003 τὴν
2275 4932 2565 4998 ἀλήθειαν
2594 4929 2663 4982 ἐν
2700 4925 2900 4992 ἀδικίᾳ
2920 4925 3312 4994 κατεχόντων.
3355 4920 3558 4992 ’Δμφό-

1987 5045 2119 5098 τερα
2135 5025 2242 5097 γὰρ
2255 5023 2454 5085 αὐτοὺς
2468 5023 2500 5092 ἡ
2515 5021 2674 5088 φύσις
2694 5017 2918 5084 ἐδίδαξε,
2937 5017 3032 5069 καὶ
3049 5015 3138 5068 τὸν
3150 5013 3284 5067 Θεὸν
3302 5009 3560 5068 εἶναιτῶν

1992 5117 2246 5171 ἁπάντων
2269 5111 2629 5184 Δημιουργὸν,
2654 5110 2751 5162 καὶ
2772 5108 2831 5161 τὸ
2855 5107 3075 5178 φεύγειν
3101 5106 3196 5176 μὲν
3215 5104 3310 5169 τὴν
3326 5105 3560 5168 ἀδικίαν,

1986 5209 2084 5280 τὴν
2117 5207 2172 5262 δέ
2205 5223 2268 5275 γε
2299 5202 2646 5271 δικαιοσύνην
2680 5199 3046 5263 ἀσπάζεσθαι·
3071 5197 3306 5251 ἀλλὀὐκ
3339 5198 3415 5258 είς
3436 5188 3565 5248 ’δέον

1989 5303 2100 5363 τοῖς
2127 5297 2354 5352 δοθεῖσιν
2378 5295 2682 5368 ἐχρήσαντο
2718 5289 3060 5351 διδασκάλοις
3081 5305 3094 5319 ο
3117 5287 3239 5341 ὄθεν
3271 5286 3450 5348 αὐτοῖς
3474 5286 3566 5337 καὶ

1990 5394 2089 5463 τὴν
2118 5389 2384 5461 ἐσομένην
2415 5385 2677 5457 ἠπείλησε
2699 5383 2939 5437 κόλασιν.
2956 5380 3192 5443 Εἰκότως
3209 5379 3266 5432 δὲ
3289 5376 3567 5432 κάνταῦθα

1992 5484 2051 5537 τὸ
2079 5481 2559 5536 ἀποκαλύπτεται
2581 5476 2842 5536 τέθεικεν,
2873 5473 2948 5534 ὼς
2979 5472 3089 5525 τῶν
3118 5467 3489 5525 ἀπιστούντων
3504 5467 3566 5520 ού

1995 5573 2298 5645 δεχομένων
2324 5571 2421 5634 τὰς
2453 5567 2701 5632 ἀπειλάς,
2723 5564 2832 5619 τῶν
2852 5563 2908 5617 δέ
2935 5580 2996 5632 γε
3023 5562 3303 5634 ὀψομένων
3331 5559 3430 5630 τὴν
3461 5560 3568 5612 τῶν
