4074 6176
453 363 519 430 61
1298 359 1918 421 INTERPRETATIO
1967 360 2205 421 EPIST.
2242 362 2346 422 AD
2383 361 2564 422 R031.
2593 363 2749 423 CAP.
2771 364 2820 424 Ῑ.

3637 362 3714 429 62

454 475 628 541 λόγων
685 467 959 540 ἀλήθειαν.
1005 469 1203 540 Ὀργήν
1237 470 1372 525 Θεοῦ
1409 473 1510 543 τὴν
1551 474 1822 546 τιμωρίαν
1849 474 2021 540 καλεῖ,

2131 472 2614 544 expcrturi.lram
2651 483 2835 528 autem
2889 471 2988 528 Dei
3043 472 3377 544 supplicium
3421 475 3690 545 appellat,

454 568 557 619 οὐκ
609 563 796 635 ἐπειδὴ
845 560 1008 617 πάθει
1040 562 1253 628 κολάζει
1285 565 1314 617 ὁ
1343 565 1503 631 Θεός·
1535 567 1652 621 ἀλλ’
1688 568 1774 622 ἴνα
1806 568 1885 659 ἰῷ
1915 569 2034 622 ὀνό-

457 672 585 726 ματι
633 653 848 726 φοϐήσῃ
898 654 1026 719 τοὺς
1081 654 1480 724 ἀντιλέγοντας.
1543 657 1662 711 Ἀπ’
1695 653 1926 730 οὺραῖιοῦ
1977 659 2035 713 δὲ

453 747 623 816 αὐτὴν
654 746 1140 801 ἀποκαλύπτεσθαι
1173 746 1299 820 ἔφη,
1333 748 1407 813 ῶς
1423 748 1522 802 τοῦ
1560 749 1695 804 Θεοῦ
1726 753 1821 804 καὶ
1850 751 2034 821 Σιωτῆ-

455 853 546 908 ρος
575 836 735 908 ἡμῶν
782 836 994 893 ἐκεῖθεν
1047 839 1541 911 ἐπιφανησομένου.
1582 841 1752 895 Τοῦτο
1803 843 1910 914 γὰρ
1939 843 2033 897 καὶ

451 928 614 992 αὐτὸς
666 929 695 982 δ
743 928 949 1001 Κύριος
977 929 1112 1003 ἔφη·
1167 950 1185 984 ι
1224 933 1358 985 Τότε
1385 931 1584 1003 ὄψεσθε
1623 934 1715 987 τὸν
1761 935 1887 988 Υίδν
1935 936 2030 990 τοῦ

451 1018 743 1092 ἀνθρώπου
773 1023 1069 1094 ἐρχόμενον
1096 1023 1190 1076 ἐπὶ
1236 1023 1344 1078 τῶν
1377 1025 1616 1096 νεφελῶν
1663 1026 1759 1080 τοῦ
1796 1028 2030 1100 οὐρανοῦ

456 1109 595 1179 μετὰ
613 1109 899 1180 δυνάμεως
924 1112 1018 1166 καὶ
1043 1111 1247 1183 πολλῆς
1277 1114 1458 1184 δόξης.
1476 1134 1495 1168 ι

525 1197 610 1251 ιθ’.
639 1199 796 1253 Διότι
815 1199 879 1254 τὸ
903 1202 1179 1272 γνωστὸν
1212 1202 1323 1256 τοῦ
1358 1205 1527 1270 Θεοῦ,
1554 1207 1817 1276 φανερόν
1857 1207 2030 1262 ἐστιν

433 1286 522 1342 ,ἐν
569 1287 794 1354 αὐτοῖς.
852 1289 1008 1354 Τίνος
1070 1291 1274 1362 ταύτην
1333 1295 1515 1359 αὐτοῖς
1579 1294 1870 1362 δεδωκότος
1928 1297 2029 1369 τὴν

451 1377 689 1446 γνῶσιν;
730 1379 791 1432 'O
820 1382 966 1449 Θεὸς
997 1383 1105 1453 γὰρ
1136 1385 1341 1452 αὐτοῖς
1371 1385 1733 1456 ἐφανέρωσε.
1779 1389 1907 1452 Πῶς
1933 1390 2029 1442 καὶ

449 1469 555 1522 τίνι
576 1470 765 1542 τρόπῳ
788 1487 804 1537 ;

520 1560 584 1615 κ’.
626 1561 701 1619 Τὰ
739 1565 850 1632 τὰρ
877 1565 1098 1632 ἀόρατα
1137 1567 1322 1622 αὐτοῦ
1349 1567 1468 1622 ἀπὸ
1501 1569 1752 1635 κτίσεως
1795 1567 2029 1636 κόσμου

450 1653 574 1720 τοῖς
602 1655 891 1725 ποιήμασι
927 1659 1228 1727 νοούμενα
1266 1658 1604 1727 καθορᾶται,
1655 1661 1693 1727 ἢ
1725 1677 1788 1714 τε
1838 1659 2028 1724 ἀΐδιος

453 1746 639 1800 αὐτοῦ
665 1747 922 1816 δύναμις
945 1750 1039 1801 καὶ
1079 1751 1331 1815 θειότης.
1350 1750 1412 1802 Ἡ
1440 1750 1637 1814 κτίσις,
1664 1753 1818 1820 φησί,
1843 1753 1936 1806 καὶ
1957 1753 2025 1806 τὰ

2138 579 2245 617 non
2277 565 2424 634 quod
2459 563 2604 620 Deus
2641 566 2750 618 ulla
2788 564 2957 618 animi
3016 565 3433 635 perturbatione
3469 567 3707 620 concitae

2136 663 2222 710 tus
2252 654 2466 723 puniat,
2495 655 2589 709 sed
2621 662 2680 708 ut
2703 669 2801 709 eos
2834 654 2929 723 qui
2987 652 3376 708 contradicunt
3423 653 3544 721 ipso
3605 667 3705 705 no-

2135 744 2284 800 mine
2309 744 2608 801 deterreat.
2639 745 2785 800 Dicit
2812 754 2994 800 autem
3028 760 3147 800 eam
3169 745 3238 800 de
3269 745 3410 800 caelo
3451 745 3706 806 revelari,

2132 837 2280 907 quod
2313 837 2454 894 Deus
2487 845 2543 894 et
2571 838 2826 893 Salvator
2868 846 3058 892 noster
3091 837 3246 892 illinc
3299 837 3372 891 sit
3420 837 3706 907 apparitu-

2132 943 2248 983 rus.
2286 926 2401 983 Hoc
2430 929 2582 983 enim
2628 929 2765 984 dicit
2796 930 2964 983 etiam
3003 929 3120 998 ipse
3155 925 3461 981 Dominus:
3498 944 3517 978 t
3553 924 3708 980 Tunc

2132 1020 2390 1076 videbitis
2441 1020 2641 1075 Filium
2701 1019 2942 1074 hominis
2985 1018 3294 1072 venientem
3354 1017 3407 1070 in
3463 1017 3706 1072 nubibus

2131 1111 2251 1165 coeli
2284 1127 2406 1166 cum
2442 1118 2712 1182 potestate
2743 1123 2939 1179 magna
2971 1118 3025 1163 et
3050 1107 3400 1178 majestate'.
3439 1126 3458 1157 ι

2200 1203 2309 1274 24
2343 1202 2508 1258 Vens.
2541 1204 2625 1258 l9.
2664 1203 2805 1267 Quia
2826 1202 2966 1270 quod
2994 1201 3058 1254 de
3099 1199 3206 1253 Deo
3239 1199 3483 1270 cognosci
3511 1206 3701 1267 potest,

2132 1295 2483 1363 manifestum
2513 1304 2592 1348 esl
2652 1295 2708 1346 in
2738 1293 2871 1347 illis.
2925 1292 3032 1348 Sed
3080 1294 3205 1364 quis
3255 1292 3399 1348 hanc
3438 1291 3520 1347 eis
3553 1289 3706 1345 dedit

2129 1385 2543 1455 cognitionem?
2585 1385 2721 1438 Deus
2771 1387 2913 1439 enim
2971 1386 3080 1440 illis
3139 1385 3526 1454 manifestavit.
3587 1382 3705 1451 Qua

2129 1476 2344 1529 ratione
2381 1483 2436 1529 et
2459 1491 2696 1543 quonam
2727 1476 2885 1529 modo
2908 1476 2931 1528 ‘l

2201 1563 2368 1618 Vens.
2400 1563 2491 1620 ΞΟ.
2528 1562 2834 1618 Invisibilia
2849 1566 2990 1618 enim
3009 1565 3175 1629 ipsius
3203 1582 3235 1618 a
3255 1567 3522 1620 creatione
3552 1580 3706 1618 mun-

2129 1654 2204 1720 di,
2238 1671 2332 1724 per
2354 1671 2417 1709 ea
2452 1672 2570 1726 qua:
2605 1657 2755 1726 facta
2784 1665 2930 1721 sunt,
2958 1656 3231 1710 intellecta
3279 1659 3699 1725 conspiciuntur,

2127 1755 2175 1800 et
2224 1747 2546 1815 sempiterna
2591 1746 2708 1814 ejus
2762 1749 3002 1815 potentia
3032 1756 3084 1801 et
3135 1747 3410 1801 divinitas.
3460 1748 3702 1812 Creatio,

449 1840 508 1889 ἐν
536 1841 601 1910 τῇ
628 1812 1126 1910 κτίσει-γινόμενα,
1151 1812 1310 1910 ὡρῶν
1339 1812 1650 1910 ἐναλλαγαί,
1675 1812 1780 1896 ’καὶ
1807 1812 2021 1913 μεταλ-

2126 1841 2328 1910 inquit,
2361 1851 2416 1894 et
2444 1854 2566 1910 qua:
2597 1841 2730 1894 tiunt
2760 1841 2812 1894 in
2863 1840 3168 1908 creatione,
3223 1839 3487 1894 horarum
3529 1851 3706 1896 muta-

446 1929 610 1997 λαγαὶ
634 1931 863 2001 καιρῶν,
899 1931 994 1982 καὶ
1025 1931 1215 1993 νυκτὸς
1249 1933 1340 1984 καὶ
1373 1932 1584 2004 ἡμέρας
1633 1934 1895 2004 διαδοχαὶ,
1933 1952 2021 1988 νε-

447 2021 562 2089 φῶν
589 2022 778 2084 ὠδῖνες
800 2062 816 2085 ,
849 2022 1061 2093 ἀνέμων
1094 2021 1278 2095 αὖραι,
1323 2025 1660 2095 καρπογονία
1710 2027 1893 2096 φυτῶν
1928 2029 2022 2082 καὶ

448 2114 802 2184 σπερμάτων,
837 2116 930 2169 καὶ
957 2116 1123 2170 τᾶλλα
1157 2119 1258 2171 ὅσα
1293 2117 1520 2172 τοιαῦτα
1554 2119 1743 2188 σαφῶς
1765 2121 1917 2190 ἡμᾶς
1945 2121 2024 2173 δι-

444 2206 660 2268 δάσκει,
690 2208 784 2260 καὶ
834 2209 1062 2280 ποιητὴν
1105 2203 1246 2262 εἶναι
1282 2209 1392 2263 τῶν
1439 2211 1692 2264 ἁπάντων
1729 2211 1822 2264 τὸν
1864 2211 2018 2277 Θεὸν,

448 2299 541 2350 ναὶ
567 2298 743 2365 σοφῶς
765 2299 1015 2370 κατέχειν
1035 2302 1158 2364 τοὺς
1187 2302 1284 2372 τῆς
1318 2302 1547 2366 κτίσεως
1579 2304 1787 2366 οἴακας.
1822 2303 1881 2356 ’0
1913 2303 2023 2376 γὰρ

448 2389 624 2442 πάντα
650 2390 692 2421 ⁸³
730 2389 817 2443 διὰ
854 2391 1025 2460 μόνην
1082 2392 1496 2463 φιλανθρωπίαν
1551 2395 1888 2466 πεποιηκὼς,
1922 2398 2022 2451 οὐκ

441 2481 506 2533 ἂν
534 2497 664 2533 ποτε
699 2480 735 2534 ἃ
764 2483 1060 2554 πεποίηκεν
1085 2485 1404 2556 ἀτημέλητα
1445 2487 1779 2543 καταλείποι.
1813 2489 1910 2542 Διά
1937 2507 2018 2544 τοι

439 2568 614 2633 τοῦτο,
649 2571 748 2624 οὐκ
796 2567 946 2626 εἶπεν
1000 2574 1029 2626 ὁ
1068 2573 1211 2638 θεῖος
1251 2576 1590 2643 Ἀπόστοὶος,
1633 2578 1701 2632 τὸ
1763 2579 2022 2650 ἀόρατον

437 2659 643 2723 αὑτοῦ,
681 2661 818 2716 ἀλλά
879 2661 953 2716 τὰ
1015 2664 1238 2732 ἀόρατα
1287 2669 1497 2733 αὑτοῦ,
1532 2669 1815 2724 τουτέστιν
1864 2671 2020 2743 ήδη·

441 2753 698 2823 μιουργία
741 2753 931 2820 αὑτοῦ,
965 2757 1059 2809 καὶ
1102 2759 1136 2829 ἡ
1172 2757 1432 2829 πρόνοια,
1481 2760 1576 2814 καὶ
1618 2763 1651 2831 ἡ
1694 2762 1879 2816 δικαία
1932 2763 2020 2832 ἐφ’

437 2841 651 2912 ἑκάστῳ
673 2843 987 2913 ψῆφος,καὶ
1025 2849 1080 2900 αἰ
1119 2849 1462 2904 παντοδαπαὶ
1498 2852 1820 2922 οἰκονομίαι.
1859 2849 1932 2908 Ob
1955 2854 2019 2926 δὴ

435 2933 597 3005 χάριν
643 2935 975 3007 συγγνώμης
1024 2939 1230 3004 ἀνάξιοι
1265 2941 1314 2994 oi
1343 2942 1612 2995 τοσούτων
1651 2943 1750 3014 μὲν
1782 2944 2021 2999 ἀπολαύ-

2121 1933 2320 1996 tiones,
2363 1941 2416 1987 et
2465 1942 2772 2002 temporum
2845 1931 3283 1996 vicissitudines,
3333 1933 3624 2002 noctisque
3650 1939 3706 1988 et

2121 2021 2226 2077 diei
2259 2023 2657 2089 successiones,
2686 2025 2912 2078 nubium
2947 2024 3370 2094 parturitiones,
3392 2039 3543 2080 aura:
3571 2041 3705 2080 ven-

2123 2122 2331 2177 torum,
2371 2113 2762 2185 fructuumque
2785 2125 2840 2170 et
2885 2115 3158 2170 seminum
3208 2115 3623 2186 productiones,
3647 2126 3703 2174 et

2129 2209 2509 2276 quaecunque'
2540 2215 2669 2260 sunt
2699 2205 2994 2276 ejusmodi,
3026 2222 3128 2262 nos
3165 2216 3352 2276 aperte
3388 2209 3606 2273 docent,
3650 2219 3704 2264 et

2129 2300 2296 2353 Deum
2333 2314 2459 2355 esse
2487 2299 2734 2354 omnium
2778 2297 3089 2354 effectorem
3112 2339 3126 2365 ,
3180 2309 3234 2355 et
3273 2309 3539 2356 creaturae
3586 2296 3702 2352 cla-

2124 2404 2251 2443 vmn
2281 2389 2559 2459 sapienter
2580 2397 2788 2444 tenere.
2831 2388 2934 2453 Οιιὶ
2969 2389 3116 2444 enim
3145 2390 3262 2444 sola
3307 2405 3409 2446 sua
3452 2389 3703 2459 benigni-

2123 2486 2234 2534 tate
2282 2479 2555 2534 adductus
2584 2478 2769 2533 omnia
2819 2477 2972 2544 fecit,
3025 2494 3309 2548 nunquam
3360 2494 3549 2534 eorum
3579 2492 3706 2548 qua:

2123 2571 2252 2626 fecit
2273 2585 2463 2624 curam
2499 2585 2721 2625 omnem
2776 2568 3064 2639 abjecerit.
3121 2568 3186 2624 Et
3230 2569 3356 2624 ideo
3411 2584 3523 2624 non
3563 2568 3704 2623 dixit

2136 2662 2358 2717 divinus
2397 2661 2719 2732 Apostolus,
2754 2659 3012 2716 invisibile
3061 2661 3250 2730 ipsius,
3282 2660 3377 2717 sed
3409 2659 3702 2714 invisibilia

2122 2756 2312 2824 ipsius,
2376 2755 2482 2810 hoc
2527 2762 2636 2819 est,
2687 2755 2900 2808 creatio
2954 2753 3096 2824 ejus,
3125 2762 3181 2809 et
3230 2753 3603 2824 providentia,
3647 2759 3702 2807 et

2117 2847 2269 2916 justa
2303 2847 2359 2901 in
2397 2861 2732 2916 unoquoque
2777 2847 3086 2909 sententia,
3125 2861 3423 2916 rerumque
3465 2843 3704 2900 admini-

2132 2940 2488 2995 strandarum
2532 2939 2866 3008 multiplices
2895 2954 2959 2993 ac
2999 2940 3163 2994 variae
3207 2943 3470 2996 rationes.
3500 2941 3704 3006 Quam-

439 3043 634 3090 σαντες
655 3026 1016 3094 διδασκάλων,
1046 3029 1302 3102 οὐδεμίαν
1329 3032 1386 3086 δὲ
1441 3033 1628 3104 ὄνησιν
1659 3037 1724 3088 ἐκ
1751 3036 2021 3089 τοσούτων

2125 3031 2312 3084 obrem
2354 3029 2568 3085 veniam
2618 3044 2729 3084 non
2778 3037 3059 3085 merentur
3131 3032 3249 3101 qui,
3294 3047 3420 3086 cum
3456 3040 3538 3086 tot
3583 3048 3702 3087 ma-

439 3117 781 3216 μ-αθημάτων
806 3119 1108 3193 δεξάμενοι.
1133 3123 1304 3187 Τοῦτο
1332 3126 1440 3196 γὰρ
1470 3127 1749 3198 ἐπήγαγεν
1771 3143 1786 3160 ο
1825 3128 1925 3195 Εἰς
1947 3129 2015 3182 τὸ

2125 3122 2329 3193 gistros
2368 3121 2688 3187 habuerint,
2734 3137 2800 3176 ex
2835 3130 2912 3178 tot
2944 3123 3254 3192 disciplinis
3293 3125 3495 3179 nullam
3549 3125 3700 3180 utili-

432 3207 588 3265 εἶναι
621 3212 842 3280 αὐτοὺς
879 3215 1397 3286 ἀναπολογήτους.
1419 3219 1569 3272 Αὐτὰ
1599 3220 1706 3291 γὰρ
1737 3221 2018 3293 μονονουχὶ

2125 3222 2287 3269 tatem
2321 3229 2630 3284 percepere.
2669 3213 2783 3269 Hoc
2816 3215 2963 3270 enim
2999 3214 3292 3284 subjunxit
3326 3232 3339 3268 :
3381 3215 3470 3271 Ita
3499 3226 3556 3270 ut
3592 3218 3702 3272 sint

437 3302 536 3372 βοᾷ
566 3302 632 3357 τὰ
676 3305 1011 3376 πράγματα,
1038 3307 1114 3372 ὡς
1165 3309 1422 3380 οὐδεμίαν
1467 3311 1648 3381 έχουσι
1687 3315 2018 3386 παραίτησιν

434 3395 516 3458 εἰς
545 3395 865 3470 ἀπαλλαγὴν
894 3397 1001 3452 τῶν
1027 3401 1412 3474 ὴπειλημένων
1460 3406 1671 3463 κακῶν.

507 3659 610 3707 κα’.
630 3656 784 3708 Διότι
810 3657 1058 3724 γνόντες
1087 3658 1194 3712 τὸν
1218 3662 1386 3724 Θεὸν,
1406 3667 1518 3734 οὐχ
1535 3666 1616 3732 ὡς
1643 3669 1792 3724 Θεὸν
1811 3671 2018 3738 ἐδόξα-

436 3759 577 3809 σαν,
621 3742 660 3811 ἦ
694 3746 1150 3816 εὐχαρίστησαν
1183 3750 1249 3804 ιο.
1288 3751 1410 3806 Ὀτι
1454 3754 1564 3828 γάρ
1593 3757 1838 3824 ἔγνωσαν
1878 3760 2017 3818 εἶναι

435 3835 589 3902 θεὸν,
636 3836 730 3889 καὶ
768 3837 921 3890 αὐτοὶ
973 3841 1312 3910 μαρτυροῦσι
1351 3860 1364 3876 ·
1408 3849 1761 3920 περιφέρουσι
1805 3853 1913 3924 γὰρ
1957 3855 2016 3908 τὸ

437 3925 635 3978 σεπτὸν
663 3926 834 3996 ὄνομα
873 3928 1031 3982 τοῦτο
1051 3947 1064 3961 ·
1093 3929 1251 3996 ἀξίας
1289 3934 1346 3988 δὲ
1376 3937 1505 4008 περί
1539 3939 1706 3993 αὐτοῦ
1729 3941 1884 4007 δόξας
1917 3946 2018 3998 οὐκ

437 4019 710 4074 ἐθέλουσιν
736 4021 901 4091 ἔχειν.
941 4024 1104 4079 Ἀλλ’
1137 4026 1588 4098 ἐματαιώθησαν
1617 4035 1688 4088 ὲν
1717 4036 1843 4103 τοῖς
1890 4037 2017 4092 δια-

431 4113 746 4180 λογισμοῖς
801 4113 1022 4179 αὐτῶν,
1085 4118 1184 4171 καί
1242 4119 1572 4192 ἐσκοτίσθη
1613 4125 1651 4192 ἡ
1716 4127 2018 4197 ἀσύνετος

433 4198 633 4253 αὐτῶν
660 4201 895 4270 καρδία.
939 4204 1065 4270 Τοῖς
1099 4205 1208 4278 γὰρ
1243 4208 1494 4280 ἀνοήτοις
1532 4213 1907 4286 ἠκολούθησαν
1928 4218 2016 4273 λο-

433 4295 673 4362 γισμοῖς,
707 4294 800 4348 καὶ
839 4295 1058 4362 ἑκόντες
1094 4299 1188 4352 τὸν
1231 4300 1332 4368 τῆς
1372 4304 1630 4370 ἀπιστίας
1679 4309 2017 4374 εἰσεδέξαντο

435 4381 616 4450 ζόφον.

2122 3306 2224 3374 ipsi
2279 3305 2686 3361 inexcusabiles.
2741 3306 2850 3362 lies
2896 3307 3042 3361 enim
3102 3307 3232 3376 ipsae
3298 3308 3690 3379 propemodum

2119 3398 2382 3461 clamant,
2416 3414 2528 3453 non
2561 3414 2728 3469 posse
2767 3399 2878 3453 ullo
2914 3399 3078 3454 modo
3100 3415 3197 3456 eos
3232 3400 3541 3470 deprecari,
3573 3411 3631 3455 ut
3665 3416 3697 3455 a

2120 3487 2321 3555 malis,
2363 3480 2604 3560 quorum
2660 3491 2824 3545 minae
2864 3491 2975 3545 illis
3017 3491 3303 3546 intentata:
3355 3500 3504 3559 sunt,
3564 3491 3699 3548 libe-

2120 3588 2332 3634 rentur.

2189 3669 2356 3727 Vens.
2385 3669 2478 3726 21.
2505 3670 2648 3738 Quia
2674 3687 2794 3728 cum
2810 3673 3172 3744 cognovissent
3204 3671 3394 3738 Deum,
3429 3689 3533 3728 non
3560 3675 3699 3728 sicut

2120 3761 2288 3818 Deum
2352 3762 2808 3833 gloriﬁcaverunt,
2850 3763 2928 3818 vel
2995 3764 3200 3834 gratias
3255 3774 3491 3835 egerunt.
3541 3764 3698 3831 Quod

2118 3854 2264 3909 enim
2292 3853 2464 3917 Deum
2496 3868 2621 3909 esse
2651 3853 3035 3926 cognoverint,
3076 3854 3178 3925 ipsi
3245 3869 3466 3925 quoque
3509 3853 3700 3910 testiﬁo

2119 3955 2334 4002 cantur.
2357 3944 2689 4002 Venerabile
2713 3946 2858 4002 enim
2883 3946 2988 4002 huc
3021 3962 3221 4002 nomen
3245 3945 3648 4002 circumferunt
3680 3965 3694 4002 :

2119 4047 2526 4096 consentaneas
2590 4048 2772 4095 autem
2830 4041 3124 4111 opiniones
3186 4040 3256 4095 de
3325 4040 3444 4110 ipso
3499 4039 3700 4094 habere

2118 4135 2342 4188 nolunt.
2377 4131 2481 4189 Sed
2511 4143 2845 4188 evanuerunt
2903 4135 2959 4186 in
3011 4131 3424 4203 cogitationibus
3452 4131 3562 4184 suis
3594 4147 3613 4184 :
3649 4139 3698 4183 et

2118 4226 2456 4280 obscuratum
2505 4233 2588 4279 est
2650 4223 2755 4294 25
2792 4225 3050 4293 insipiens
3080 4240 3170 4278 cor
3197 4225 3454 4291 ipsorum.
3486 4220 3698 4275 Stultas

2115 4318 2264 4374 enim
2294 4318 2658 4389 cogitationes
2710 4317 2887 4372 secuti
2938 4323 3090 4378 sunt,
3123 4323 3177 4370 et
3241 4312 3581 4368 inﬁdelitatis
3621 4321 3700 4367 tc-

2117 4410 2318 4466 nebras
2359 4425 2458 4466 sua
2493 4419 2691 4481 sponte
2724 4415 3111 4477 susceperunt.

505 4473 982 4545 κβ¹.Φὰσκοντες
1045 4475 1202 4535 εἶναι
1272 4484 1473 4552 σοφοί,
1555 4487 2009 4559 ἐμωράνθησαν.

2192 4501 2362 4557 Vens.
2409 4473 2800 4557 22.'Dicentes
2851 4473 2968 4553 esse
3021 4499 3306 4566 sapientes,
3364 4497 3516 4552 stulti
3567 4497 3700 4566 {acti

435 4564 652 4636 ιιΰξησε
689 4571 754 4639 τῇ
785 4571 1131 4643 προσηγορίᾳ
1152 4571 1250 4643 τὴν
1280 4577 1634 4646 κατηγορίαν.
1669 4580 1875 4649 Σοφοὺς
1906 4584 2014 4655 γὰρ

437 4658 663 4720 ἑαυτοὺς
727 4660 1110 4732 ὀνομάζοντας,
1172 4666 1436 4737 ἀνοήτους
1493 4670 1632 4738 σφᾶς
1672 4671 1870 4737 αὐτοὺς
1907 4676 2014 4729 ἀπὸ

432 4748 542 4801 τῶν
571 4748 748 4820 ἔργων
785 4751 1096 4823 ἀπέφηναν.

505 4847 610 4908 κγ’.
639 4841 750 4894 Καὶ
770 4844 1119 4910 ἠλλάξαντο
1172 4846 1288 4915 τὴν
1331 4847 1520 4913 δόξαν
1564 4851 1672 4906 τοῦ
1707 4851 2012 4924 ἀφθάρτου

436 4933 604 4996 Θεοῦ,
625 4935 694 4986 ἐν
718 4936 1036 5006 ὁμοιώματι
1087 4940 1320 5006 εἰκόνος
1368 4943 1632 5009 φθαρτοῦ
1670 4945 2006 5014 ἀνθρώπου.

434 5025 670 5079 Συνιδεῖν
706 5028 813 5098 γὰρ
865 5031 964 5082 οὐκ
1017 5030 1392 5102 ἐθελήσαντες,
1441 5034 1518 5098 ὡς
1547 5037 1574 5088 ὁ
1606 5037 1715 5090 τῶν
1757 5036 2011 5096 ἁπάντων

435 5119 775 5190 Δημιουργὸς
839 5120 1042 5191 φθορᾶς
1105 5123 1363 5192 ἀμείνων,
1427 5130 1522 5182 καὶ
1573 5130 1681 5185 τῶν
1719 5133 2012 5205 ὁρωμένων

434 5207 756 5282 ὑπέρτερος,
793 5214 890 5276 τὰς
919 5215 1024 5266 τῶν
1054 5216 1270 5270 οἰκείων
1294 5220 1562 5290 σωμάτων
1584 5225 1818 5292 εἰκόνας,
1857 5228 2013 5294 θεοὺς

433 5303 904 5375 προσηγόρευσαν.
947 5306 1080 5360 Οὐδὲ
1124 5307 1231 5379 γὰρ
1273 5311 1382 5364 τῶν
1411 5314 1659 5385 ἀοράτων
1707 5318 1894 5389 ψυχῶν
1919 5324 2013 5376 ἀν-

513 5482 534 5509 τ
571 5473 733 5527 .‘lnt'c.
774 5493 908 5538 xm,
940 5475 1030 5531 26.

2115 4603 2260 4648 sunt.
2309 4594 2690 4664 Appellatione
2724 4591 2878 4646 auxit
2909 4590 3418 4661 reprehensionem.
3459 4590 3688 4661 Seipsos

2115 4683 2259 4736 enim
2288 4683 2417 4737 dum
2448 4683 2730 4752 sapientes
2761 4681 3073 4746 nominant,
3107 4681 3431 4754 insipientes
3484 4697 3542 4737 se
3573 4695 3698 4736 esse

2118 4771 2284 4825 factis
2313 4772 2703 4828 ostenderunt.

2187 4861 2356 4918 Vens.
2391 4863 2482 4918 25.
2523 4864 2588 4918 Et
2625 4876 2962 4921 mutaverunt
3015 4864 3242 4935 gloriam
3277 4861 3697 4930 incorruptibilis

2123 4954 2215 5010 Dei
2245 4957 2298 5009 in
2332 4957 2687 5012 similitudine
2736 4959 2986 5029 imaginis
3035 4954 3396 5020 corruptibilis
3445 4953 3696 5010 hominis.

2117 5049 2252 5104 Cum
2289 5051 2436 5103 enim
2499 5050 2812 5104 noluissent
2863 5049 3166 5118 intelligere
3223 5046 3465 5098 omnium
3511 5059 3694 5100 rerum

2118 5141 2378 5211 Opiﬁcem
2432 5142 2502 5196 ab
2546 5140 3034 5196 interitu'liberum
3062 5152 3206 5202 esse,
3253 5146 3306 5192 et
3343 5137 3412 5190 iis
3452 5153 3573 5208 qutc
3610 5137 3694 5192 vi-

2118 5230 2320 5284 dentur
2375 5233 2756 5300 superiorem,
2802 5242 3096 5297 corporum
3152 5242 3378 5282 suorum
3433 5227 3699 5298 imagines

2123 5322 2258 5378 deos
2295 5323 2734 5393 appellaverunt.
2770 5317 2956 5388 Neque
3004 5318 3150 5374 enim
3209 5320 3540 5385 animarum,
3574 5334 3696 5389 qua:

1703 5574 1938 5630 VARUE
1993 5575 2401 5638 LEL'TIOLVES.

537 5696 581 5730 ιο
621 5698 778 5779 πέντε
829 5700 981 5779 deest
1025 5705 1080 5760 in
1112 5705 1156 5760 Β
1184 5715 1237 5762 et
1280 5709 1421 5779 apud
1470 5708 1632 5764 llerv.

438 5762 608 5825 frctus
635 5767 954 5839 Basileensi,
989 5789 1055 5830 an
1081 5792 1177 5848 per
1215 5762 1456 5836 errorem
1483 5762 1732 5844 incscio.

1677 5978 1680 5982 η
1715 5961 1785 5995 κλει

1737 5713 1782 5746 ’⁸
1813 5714 2014 5785 ηὑχαρ.

2126 5715 2270 5786 gisse
2312 5716 2718 5777 Theodorctum
2754 5723 2831 5777 ait
2864 5717 3201 5780 Wetstcnius
3235 5719 3302 5776 ad
3336 5719 3392 5776 b.
3427 5721 3464 5778 l.
3508 5712 3704 5768 οοάῖιύ

3998 4618 4005 4712 ι

3998 4723 4003 4916 j
