4074 6176
293 317 364 381 63
1284 312 1772 372 THEODDRETI
1795 313 2137 376 EPISCOPI
2172 318 2537 380 CYRENSIS
3480 317 3548 381 G-i

295 435 400 488 sub
454 439 736 502 aspectum
792 442 900 482 non
951 427 1188 491 cadunt,
1249 427 1518 498 imagines
1579 427 1867 482 imitantur

1974 429 2358 500 δριαντοποιοὶ,
2421 433 2516 486 καὶ
2567 433 3069 503 ἀγαλματογλύφοι,
3135 433 3227 488 καὶ
3271 433 3552 505 ζωγράφοι

293 525 569 588 statuarii,
625 523 931 591 sculptores
981 527 1034 575 et
1087 520 1350 589 pictores,
1399 521 1497 574 sed
1544 535 1861 590 corporum,

291 631 414 686 quas
467 623 896 682 corrumpuntur
924 620 979 667 et
1021 611 1322 666 intereunt.
1357 610 1468 666 Nec
1514 611 1621 665 hoc
1671 612 1752 666 eis
1797 610 1863 665 ad

292 709 630 778 impietatem
689 706 793 760 fuit
839 704 977 759 satis
1022 723 1034 756 :
1076 703 1172 758 sed
1229 704 1516 758 volucrum
1566 705 1752 768 etiam,
1811 712 1866 758 et

289 797 732 866 quadrupedum,
774 802 830 849 et
862 794 1130 850 vermium
1165 795 1435 873 imagines
1474 794 1862 850 adoraverunt.

289 890 593 958 Oportebat
650 897 833 942 autem
885 903 982 942 eos
1027 887 1248 951 videre,
1278 888 1425 958 quod
1478 889 1712 943 istorum
1759 887 1866 941 alia

290 981 512 1047 quidem
555 980 660 1049 ipsi
696 979 1024 1041 comedunt,
1063 987 1124 1032 ut
1170 982 1482 1047 esculenta;
1534 981 1640 1034 alia
1683 987 1863 1034 autem

291 1073 612 1135 abhorrent,
669 1081 727 1124 ut
783 1072 1098 1136 immunda;
1139 1073 1244 1124 alia
1281 1082 1463 1127 autem
1515 1072 1754 1142 fugiunt,
1807 1081 1867 1124 ut

293 1163 457 1216 noxia
486 1170 538 1214 et
559 1163 640 1216 eis
687 1161 1028 1215 insidiantia.
1069 1160 1174 1216 Sed
1213 1177 1309 1231 per
1346 1173 1646 1216 extremam
1679 1162 1866 1216 stulti-

293 1256 460 1306 tiam‘
487 1261 543 1307 et
571 1261 876 1322 stuporem,
910 1254 1078 1308 etiam
1117 1268 1305 1307 eorum
1333 1269 1456 1322 quae
1485 1253 1864 1317 comedebant,

293 1356 346 1396 et
382 1362 503 1416 quae
559 1346 959 1410 abhorrebant,
995 1355 1048 1400 ct
1094 1361 1215 1414 qua:
1265 1346 1554 1408 necabam,
1603 1345 1869 1416 imagines

297 1437 348 1488 in
386 1438 519 1489 deos
549 1436 882 1491 retulerunt.

364 1526 530 1582 Vens.
569 1528 658 1580 2i.
697 1525 920 1595 Propter
980 1526 1118 1592 quod
1170 1524 1392 1578 tradidit
1445 1525 1566 1579 illos
1623 1523 1764 1579 Deus
1813 1525 1868 1578 in

293 1610 568 1671 desideriis
604 1616 778 1670 cordis
811 1633 993 1670 eorum
1023 1617 1075 1669 in
1110 1616 1533 1680 immunditiam,
1575 1626 1631 1669 ut
1685 1629 1869 1670 contu-

295 1708 464 1762 meliis
524 1708 752 1777 aﬂiciant
810 1723 1037 1776 corpora
1087 1724 1187 1761 sua
1245 1708 1298 1760 in
1351 1708 1563 1775 seipsis.
1615 1705 1867 1758 Tradidit

1972 525 2068 588 τὰς
2093 525 2306 618 είκένας
2327 525 2636 596 μιμοῦνται,
2665 527 2796 580 ἀλλὰ
2825 526 2932 581 τῶν
2957 527 3331 597 φθειρομένων
3359 527 3552 596 σωμά-

1972 634 2102 672 των.
2141 617 2254 672 Οὖκ
2280 619 2480 688 ἤρκεσε
2507 619 2562 671 δὲ
2588 619 2770 681 αὐτοῖς
2790 621 2870 680 εἰς
2911 619 3168 672 ἀσέϐειαν
3194 617 3353 670 τοῦτο
3373 635 3384 646 ·
3415 618 3552 670 ἀλλὰ

1974 711 2067 764 καὶ
2096 709 2205 763 τῶν
2252 709 2534 770 πετεινῶν,
2572 711 2663 762 ταὶ
2709 709 2818 762 τῶν
2875 709 3241 779 τετραπόδων,
3291 709 3385 762 καὶ
3441 707 3551 762 τῶν

1973 801 2217 874 ἑρπετῶν
2272 801 2685 872 προσεκύνησαν
2718 802 2788 854 τά
2842 801 3158 870 ἰνδάλματα.
3191 801 3340 853 Ἔδει
3367 800 3423 852 δὲ
3456 801 3552 852 αὖ·

1974 891 2101 953 τοὺς
2141 891 2392 955 συνιδεῖν,
2447 890 2524 952 ὼς
2545 889 2752 943 τούτων
2787 890 2856 942 τὰ
2895 890 2992 960 μὲν
3020 889 3292 942 ἐσθίουσιν
3321 889 3395 950 ὡς
3422 888 3550 942 ὲδώ-

1972 981 2123 1050 διμα,
2153 981 2219 1034 τὰ
2272 981 2329 1034 δὲ
2389 980 2751 1050 μυσάττονται
2790 980 2864 1042 ὠς
2889 979 3197 1050 ἀκάθαρτα,
3227 979 3296 1032 τὰ
3329 979 3385 1032 δὲ
3418 978 3551 1049 φεύ-

1974 1089 2160 1141 γουσιν
2193 1074 2268 1136 ὼς
2292 1072 2570 1125 ἐπίϐουλα.
2619 1071 2757 1123 Ἀλλ’
2787 1069 2848 1134 ἐξ
2880 1070 3332 1141 ἀϐελτερίας,καὶ
3374 1089 3554 1142 παρα-

1975 1165 2204 1236 πληξίας
2233 1165 2488 1235 ἐσχάτης,
2539 1164 2634 1218 καὶ
2689 1157 2764 1217 ὧν
2814 1164 3020 1234 ἢσθιον,
3075 1165 3169 1217 καὶ
3217 1159 3290 1217 ὧν
3317 1166 3552 1235 ἐμυσάτ-

1973 1275 2143 1323 τοντο,
2179 1255 2273 1310 καὶ
2299 1249 2374 1310 ὧν
2403 1255 2662 1327 ἀνῄρουν,
2692 1254 2790 1318 τὰς
2814 1254 3027 1318 εἰκόνας
3054 1254 3427 1324 ὲθεοποίησαν.

2047 1513 2144 1567 κδ’.
2175 1514 2270 1567 Διὸ
2313 1511 2408 1566 καὶ
2457 1478 2806 1581 παρέδωκεντ
2839 1509 3060 1575 αὐτοὺς
3088 1511 3120 1562 δ
3157 1508 3300 1573 Θεὸς
3327 1507 3398 1560 ἐν
3425 1507 3554 1573 ταῖς

1973 1605 2314 1675 ἐπιθυμίαις
2353 1605 2470 1658 τῶν
2511 1603 2770 1671 καρδιῶν
2801 1600 3001 1657 αὐτῶν
3027 1604 3116 1667 εἰς
3155 1601 3549 1668 ἀκαθαρσίαν,

1975 1697 2080 1750 τοῦ
2119 1695 2496 1766 ἀτιμάζεσθαι
2544 1699 2616 1751 τὰ
2647 1693 2892 1766 σώματα
2932 1694 3130 1749 αὐτῶν
3169 1695 3238 1748 ἐν
3295 1692 3549 1758 ἑαυτοῖς.

294 1801 478 1866 posuit
511 1814 610 1867 pro
638 1799 900 1865 permisit.
961 1798 1103 1852 Dicit
1127 1805 1304 1851 autem
1337 1797 1506 1867 quod,
1538 1812 1660 1851 cum
1691 1797 1863 1852 vidis-

1974 1787 2044 1840 Τὸ
2071 1787 2414 1855 παρέδωκεν
2437 1788 2561 1840 ἀντὶ
2591 1787 2685 1840 τοῦ
2705 1787 3099 1856 συνεχώρησε
3120 1786 3354 1840 τέθεικε.
3387 1786 3552 1853 Λέγει

294 1898 374 1942 set
401 1904 498 1942 eos
538 1904 636 1942 nec
659 1889 796 1942 velle
815 1903 910 1957 per
928 1887 1207 1958 Opiﬁcium
1229 1890 1291 1941 ad
1312 1887 1638 1942 Eﬂ‘ectorem
1655 1886 1872 1951 deduci,

293 1995 471 2048 neque
509 1979 560 2032 vi
599 1979 832 2033 rationis
883 1980 1054 2034 indita
1106 1980 1336 2034 meliora
1370 1979 1423 2032 in
1455 1979 1622 2033 rebus
1646 1977 1874 2046 agendis

295 2073 519 2141 eligere,
555 2086 620 2125 ac
649 2071 921 2125 deteriora
970 2073 1178 2141 ingere,
1224 2071 1350 2124 illos
1381 2083 1482 2124 sua
1525 2069 1872 2139 providentia

294 2162 562 2230 privavit.
629 2167 683 2216 et
739 2168 998 2230 tanquam
1065 2160 1316 2230 cymbam
1379 2159 1587 2228 absque
1642 2158 1874 2213 saburra

294 2254 425 2308 ferri
489 2255 597 2324 26
652 2254 904 2324 permisit
956 2273 968 2306 :
1010 2252 1328 2307 detrectans
1380 2267 1477 2306 eos
1530 2250 1867 2320 gubernare,

292 2345 388 2414 qui
422 2345 486 2399 ad
512 2353 814 2400 extremam
846 2344 1182 2413 impietatem
1213 2343 1450 2412 prolapsi
1479 2341 1719 2404 fuerant,
1751 2357 1874 2412 quae

293 2434 552 2504 injustam
585 2442 638 2488 et
675 2433 888 2504 legibus
916 2433 1257 2486 contrariam
1297 2432 1458 2485 vitam
1500 2431 1730 2500 peperit.

359 2606 527 2662 Vsus.
570 2608 660 2662 25.
693 2608 798 2673 Qui
847 2615 1300 2660 commutarerunt
1351 2607 1623 2661 veritatem
1681 2605 1773 2660 Dei
1816 2606 1872 2660 in

291 2701 645 2762 mendacium,
697 2709 745 2753 et
806 2699 1118 2762 coluerunt,
1179 2708 1227 2753 el
1278 2700 1571 2753 servierunt
1614 2709 1872 2753 creatura:

292 2791 471 2860 potius
507 2807 662 2860 quam
692 2789 960 2854 Creatori,
994 2791 1084 2861 qui
1109 2798 1187 2844 est
1227 2789 1528 2845 benedictus
1559 2792 1612 2844 in
1647 2790 1868 2845 stecula.

289 2884 475 2937 Amen.
513 2881 846 2950 Iniquitatis,
888 2882 1109 2951 inquit,
1153 2881 1574 2938 fundamentum
1622 2881 1727 2936 fuit
1763 2882 1868 2936 im-

293 2975 493 3043 pietas.
552 2975 786 3043 Propter
844 2983 1139 3041 utrumque
1202 2980 1384 3026 autem
1444 2971 1630 3026 divina
1691 2973 1869 3043 gratia

291 3065 491 3132 privati
547 3072 697 3117 sunt.
757 3064 850 3116 Dei
905 3071 1088 3118 autem
1129 3064 1400 3118 veritatem
1449 3071 1610 3119 vocat
1667 3079 1866 3120 nomen

292 3155 844 3210 Deuszmendacium
891 3163 1096 3218 autem,
1143 3170 1308 3208 manu
1371 3155 1579 3208 factum
1636 3155 1866 3209 idolum.
1898 3133 1942 3192 ο

287 3248 428 3302 Cum
485 3248 632 3302 enim
683 3255 962 3316 oporteret
1003 3262 1100 3303 eos
1155 3263 1344 3302 verum
1403 3246 1570 3302 Deum
1615 3247 1871 3316 adorare,

291 3348 559 3394 creatura:
583 3339 832 3392 divinum
874 3339 1138 3394 honorem
1181 3339 1516 3394 tribuerunt.
1561 3339 1620 3392 In
1650 3339 1872 3394 easdem

291 3431 758 3502 reprehensiones
795 3431 1047 3492 incidunt
1080 3431 1245 3486 etiam
1296 3431 1353 3495 ii,
1385 3431 1476 3501 qui
1523 3430 1871 3501 unigenitum

293 3521 387 3574 Dei
415 3519 609 3574 Filium
647 3528 958 3578 creaturam
996 3531 1229 3589 vocant,
1275 3529 1331 3576 et
1385 3529 1647 3590 tanquam
1705 3519 1872 3575 Deum

296 3620 480 3664 tamen
518 3609 772 3664 adorant.
805 3607 1036 3679 Oportet
1061 3610 1231 3674 enim,
1257 3611 1342 3665 vel
1389 3610 1435 3665 si
1471 3610 1640 3664 Deum
1684 3610 1876 3665 existi-

297 3710 472 3767 mant,
504 3718 627 3755 cum
667 3711 932 3755 creatura
953 3717 1061 3754 non
1087 3701 1442 3770 conjungere,
1474 3700 1569 3756 sed
1600 3717 1724 3754 cum
1763 3699 1874 3756 Deo

294 3793 389 3863 qni
442 3793 630 3862 Benuit
660 3792 780 3846 :vel
814 3792 858 3844 si
901 3799 1211 3846 creaturam
1247 3791 1550 3860 appellant,
1583 3792 1663 3845 illi
1695 3792 1874 3846 hono—

296 3901 412 3940 rem
445 3893 708 3953 tanquam
771 3883 986 3937 numini
1047 3898 1158 3937 non
1205 3883 1488 3938 exhibere.
1529 3883 1638 3938 Sed
1674 3885 1742 3938 ad
1779 3899 1874 3940 eo—

297 3994 419 4032 rum
465 3992 587 4044 qum
615 3983 924 4044 sequuntur
984 3974 1500 4044 interpretationem
1557 3981 1871 4046 pergamus.

371 4064 541 4122 Vens.
597 4063 684 4128 ‘26,
717 4065 806 4119 27.
873 4063 1161 4132 Propterea
1215 4063 1441 4117 tradidit
1503 4080 1589 4118 eos
1639 4064 1780 4120 Deus
1819 4067 1874 4120 in

296 4157 561 4224 passiones
590 4156 910 4226 ignominiw.
959 4153 1110 4222 Nam
1139 4165 1187 4209 et
1238 4155 1448 4224 femina:
1483 4171 1665 4210 eorum
1700 4165 1875 4210 muta-

296 4255 478 4301 verunt
528 4245 831 4300 naturalem
860 4261 1039 4308 usum,
1077 4245 1132 4298 in
1188 4262 1307 4298 eum
1338 4245 1428 4314 qui
1458 4253 1536 4298 est
1564 4253 1750 4298 contra
1777 4263 1875 4301 na-

297 4347 494 4392 turam.
531 4337 791 4391 Similiter
833 4345 1009 4391 autem
1040 4345 1088 4390 et
1121 4336 1368 4401 masculi,
1422 4337 1605 4390 relicto
1637 4339 1875 4392 naturali

1973 1878 2051 1943 δὲ,
2101 1879 2182 1931 ὃτι
2239 1878 2573 1949 θεασάμενος
2637 1879 2856 1942 αὐτοὺς,
2900 1876 3022 1931 οὕτε
3069 1878 3155 1930 διὰ
3193 1878 3292 1947 τῆς
3325 1877 3553 1940 κτίσεως

1975 1967 2114 2036 πρὸς
2139 1967 2230 2020 τὸν
2264 1967 2500 2038 Ποιητὴν
2529 1967 2897 2037 ποδηγηθῆναι
2929 1967 3284 2038 θελήσαντας,
3315 1966 3438 2020 οὔτε
3467 1966 3556 2020 διὰ

1973 2061 2072 2130 τῆς
2124 2059 2231 2114 τῶν
2287 2059 2561 2130 λογισμῶν
2625 2059 2968 2130 διακρίσεως,
3027 2060 3243 2114 ἑλέσθαι
3300 2060 3400 2131 μὲν
3444 2059 3554 2114 τῶν

1975 2151 2266 2221 πρακτέων
2311 2153 2378 2204 τὰ
2424 2152 2674 2222 κρείττω,
2713 2155 2903 2222 φυγεῖν
2943 2150 3092 2206 δὲτὰ
3129 2152 3318 2222 χείρω,
3350 2151 3452 2223 τῆς
3478 2152 3556 2205 oi-

1975 2243 2128 2306 κείας
2185 2243 2527 2314 προμηθείας
2587 2243 2896 2316 ἐγύμνωσε,
2935 2244 3029 2298 καὶ
3059 2244 3311 2316 καθάπερ
3348 2246 3554 2313 σκάφος

1974 2334 2376 2404 ἀτερμάτιστον
2398 2336 2442 2366 ²¹
2471 2335 2732 2406 φέρεσθαι
2773 2337 2954 2389 εἴασεν
2977 2355 2990 2369 ·
3023 2335 3122 2389 οὐκ
3187 2335 3553 2406 ἀνασχόμενος

1974 2425 2243 2496 κυϐερνᾷν
2271 2426 2396 2488 τοὺς
2421 2427 2750 2496 εἰςὲσχάτην
2777 2428 3109 2491 ἐκπεσόντας
3135 2427 3552 2496 ἀσέϐειαν,ἦτις

1975 2517 2068 2570 καὶ
2098 2517 2188 2570 τὸν
2213 2517 2530 2588 παράνομον
2561 2517 2845 2588 ἀπεκύησε
2876 2518 3010 2589 βίον.

2045 2606 2393 2671 κε⁰.Οἵτινες
2447 2605 2911 2674 μετ-ηλλάξαντο
2968 2607 3083 2675 τὴν
3120 2606 3410 2674 ἀλήθειαν
3445 2603 3550 2661 τοῦ

1977 2697 2124 2750 Θεοῦ
2147 2696 2218 2750 ἐν
2257 2697 2338 2761 τῷ
2375 2696 2610 2765 ψεύδει,
2667 2695 2768 2749 καὶ
2799 2695 3247 2766 ἐσεϐάσθησαν,
3285 2699 3381 2753 καὶ
3413 2697 3554 2754 ἐλά-

1973 2801 2238 2855 τρευσαν
2274 2783 2351 2853 τῇ
2383 2787 2576 2839 κτίσει
2614 2786 2776 2854 παρὰ
2811 2787 2917 2841 τὸν
2946 2789 3258 2854 κτίσαντα,
3296 2789 3363 2856 ὅς
3379 2790 3555 2846 ἐστιν

1973 2879 2304 2950 εὐλογητὸς
2337 2882 2426 2946 εις
2482 2879 2626 2946 τοὺς
2684 2879 2922 2946 αἰῶνας.
2966 2881 3172 2950 Ἀμήν.
3218 2882 3552 2955 ’Υποϐἀθρα,

1975 2973 2130 3043 φησι,
2153 2971 2254 3041 τῆς
2277 2972 2621 3043 παρανομίας
2652 2973 2946 3043 γεγένηται
2983 2974 3017 3042 ἡ
3057 2973 3285 3027 ἀσέϐεια
3304 2991 3316 3004 ο
3351 2974 3416 3027 δι’
3445 2975 3554 3044 άμ-

1976 3063 2179 3132 φότερα
2200 3061 2254 3115 δὲ
2278 3061 2378 3131 τῆς
2405 3060 2556 3124 Θείας
2570 3062 2966 3133 ἐγυμνώθησάν
2989 3063 3232 3134 χάριτος.
3253 3063 3558 3129 Ἀλήθειαν

1973 3154 2028 3207 δὲ
2058 3154 2152 3206 τοῦ
2207 3153 2354 3208 Θεοῦ
2416 3154 2570 3206 καλεῖ
2605 3154 2664 3206 τὸ
2720 3153 2852 3216 Θεὸς
2896 3153 3097 3224 ὄνομα·
3149 3154 3376 3222 ψεῦδος
3404 3155 3459 3206 δὲ
3496 3154 3557 3207 τὸ

1975 3243 2352 3315 χειροποίητον
2416 3243 2651 3296 εἴδωλον.
2690 3242 2818 3294 Δέον
2867 3242 2977 3314 γὰρ
3015 3244 3208 3306 αὐτοὺς
3253 3242 3342 3296 τὸν
3379 3243 3554 3314 ἀληθῆ

1975 3337 2351 3408 προσκυνῆσαι
2383 3336 2536 3403 Θεὸν,
2591 3339 2658 3408 τῇ
2716 3336 2889 3390 κτίσει
2927 3337 2986 3390 τὸ
3022 3337 3163 3391 θεῖον
3195 3338 3358 3401 σέϐας
3388 3355 3558 3410 προσ-

1974 3429 2233 3501 ήνεγκαν.
2273 3427 2511 3491 Ταύταις
2539 3429 2858 3482 ὑπόκεινται
2899 3431 3019 3493 ταῖς
3051 3430 3428 3500 κατηγορίαις,
3462 3429 3558 3484 καὶ

1974 3521 2134 3574 οίτὺν
2164 3521 2426 3592 μονογενῆ
2461 3519 2552 3573 τοῦ
2603 3518 2738 3572 Θεοῦ
2795 3521 2920 3574 Υίὺν
2971 3521 3178 3592 κτίσμα
3217 3521 3312 3591 μὲν
3347 3523 3560 3576 ἀποκα-

1973 3610 2212 3677 λοῦντες,
2246 3612 2322 3676 ὡς
2345 3613 2402 3666 δὲ
2423 3612 2555 3664 Θεὸν
2609 3611 3061 3683 προσκυνοῦντες.
3103 3615 3192 3666 Δεῖ
3209 3613 3339 3684 γάρ,
3365 3614 3399 3684 ἢ
3436 3613 3556 3667 θεο-

1975 3703 2270 3773 λογοῦντας
2309 3704 2383 3774 μὴ
2408 3707 2475 3776 τῇ
2509 3704 2687 3758 κτίσει
2734 3705 3071 3771 συντάττειν,
3098 3706 3234 3760 ἀλλὰ
3259 3706 3336 3776 τῷ
3368 3723 3558 3775 γεγεν-

1975 3796 2335 3868 νηκότιΘεῴ’
2376 3797 2640 3869 ἢκτίσμα
2702 3799 3232 3870 προσαγορεύοντας,
3286 3800 3346 3852 τὸ
3396 3799 3558 3864 σέϐας

1974 3890 2122 3960 αὐτῷ
2156 3889 2230 3960 μὴ
2260 3889 2591 3960 προσφέρειν
2620 3889 2697 3961 τῷ
2717 3891 2845 3962 θείῳ
2867 3893 2934 3946 ’³.
2967 3891 3126 3944 Ἀλλὰ
3147 3892 3239 3945 ἐπὶ
3261 3892 3328 3946 τὰ
3356 3892 3556 3964 συνεχῆ

1974 3983 2073 4054 τῆς
2105 3983 2400 4054 ἑρμηνείας
2433 3982 2762 4054 βαδίσωμεν.

2045 4081 2160 4140 κς¹,
2188 4072 2291 4138 κζ’.
2321 4074 2425 4126 Διὰ
2451 4075 2624 4129 τοῦτο
2681 4073 3024 4144 παρέδωκεν
3075 4079 3297 4146 αὐτοὺς
3331 4083 3364 4135 ὁ
3414 4081 3558 4147 Θεὸς

1973 4167 2059 4232 είς
2085 4163 2244 4234 πάθη
2275 4165 2532 4233 ἀτιμίας.
2555 4166 2628 4219 Αἵ
2644 4181 2705 4219 τε
2728 4165 2837 4234 γὰρ
2853 4168 3086 4233 θήλειαι
3114 4170 3314 4225 αὐτῶν
3335 4173 3558 4241 μετήλ-

1973 4259 2172 4323 λαξαν
2211 4257 2326 4324 τὴν
2351 4257 2622 4327 φυσικὴν
2644 4259 2869 4328 χρῆσιν
2897 4262 2986 4328 είς
3010 4261 3126 4329 τὴν
3163 4264 3321 4332 παρὰ
3345 4267 3554 4335 φύσιν.

1987 4350 2230 4418 Ὁμοίως
2263 4349 2326 4402 δὲ
2363 4350 2460 4404 καὶ
2485 4352 2538 4404 οί
2567 4349 2839 4419 ἄρρενες,
2867 4353 3123 4422 ἀφέντες
3146 4355 3259 4423 τὴν
3285 4357 3559 4424 φυσικὴν

296 4446 395 4484 usu
422 4430 652 4498 femiua’,
685 4439 996 4484 exarserunt
1031 4431 1084 4482 in
1115 4430 1375 4485 desiderio
1407 4431 1491 4484 sui
1521 4431 1576 4484 in
1625 4432 1866 4496 invicem,

1975 4439 2202 4511 χρῆσιν
2231 4439 2338 4509 τῆς
2380 4441 2646 4508 θηλείας,
2703 4444 3124 4516 ἐξεκαύθησαν
3163 4449 3234 4502 ἐν
3259 4448 3335 4515 τῇ
3367 4449 3558 4515 ὀρέξει

299 4524 524 4578 masculi
554 4526 606 4578 in
640 4523 904 4578 masculos
942 4525 1326 4593 turpitudinem
1373 4534 1670 4595 operantes.
1725 4524 1869 4578 Con-

297 4616 631 4671 venientiam
680 4615 845 4668 habet
878 4616 1141 4684 iniquitas
1191 4634 1314 4672 cum
1362 4619 1665 4687 impietate.
1718 4615 1878 4672 Sicut

296 4710 443 4762 enim
502 4713 856 4760 mutaverunt
911 4703 1006 4758 Dei
1053 4706 1344 4760 veritatem
1377 4707 1432 4759 in
1480 4707 1827 4762 mendacium
1859 4746 1874 4773 ,

296 4802 374 4856 ita
403 4799 566 4855 etiam
600 4797 911 4868 legitimum
951 4795 1278 4865 cupiditatis
1303 4812 1463 4852 usum
1499 4798 1554 4852 in
1606 4799 1872 4869 iniustum

297 4903 349 4947 et
379 4893 675 4948 nefarium.
715 4888 784 4943 Et
816 4897 1183 4959 congruentem
1215 4890 1506 4942 mercedem
1556 4893 1755 4944 erroris
1787 4892 1875 4946 sui

297 4984 351 5037 in
383 4999 436 5036 se
467 4981 799 5051 recipientes.
857 4978 1034 5050 Hujus
1067 4979 1211 5034 enim
1244 4981 1360 5034 vitii
1397 4988 1704 5037 extremum
1753 4998 1876 5052 sup-

299 5075 523 5142 plicium
559 5083 645 5130 est
687 5074 796 5146 27
831 5073 1156 5145 ignominia.
1189 5074 1322 5139 Qua:
1365 5075 1514 5130 enim
1556 5076 1742 5132 nullus
1771 5092 1878 5132 un-

297 5179 460 5237 quam
498 5165 672 5220 hostis
707 5167 760 5220 in
797 5181 892 5221 eos
925 5165 1355 5236 perpetraverit'
1387 5181 1450 5222 ea
1496 5167 1878 5225 lubentissime

297 5257 706 5328 amplectuntur
740 5265 833 5310 :et
864 5255 1014 5326 quod
1063 5258 1248 5312 nullus
1299 5274 1545 5328 unquam
1595 5261 1766 5329 judex
1820 5263 1876 5316 in

1973 4531 2170 4586 αὐτῶν
2231 4534 2318 4598 είς
2367 4532 2701 4602 ἀλλήλους,
2762 4535 3006 4603 ἄρρενες
3063 4538 3133 4589 ἐν
3183 4537 3387 4604 ι’ίρῤεσι
3443 4538 3562 4606 τὴν

3093 4628 3445 4698 Κατάλληλος
3520 4633 3554 4702 ἡ

1975 4717 2298 4788 παρανομία
2341 4721 2404 4786 τῇ
2479 4717 2790 4787 δυσσεϐείᾳ.
2826 4718 3039 4788 Ὠσπερ
3072 4719 3181 4790 γὰρ
3222 4721 3557 4792 μετήλλαξαν

1971 4811 2072 4880 τὴν
2101 4810 2364 4880 ἀλήθειαν
2387 4807 2477 4861 τοῦ
2506 4806 2642 4859 Θεοῦ
2671 4809 2728 4859 ὲν
2752 4807 2831 4879 τῷ
2857 4807 3042 4878 ψεύδει
3063 4825 3076 4838 ⁸
3105 4811 3246 4864 οὕτω
3290 4813 3388 4885 τὴν
3414 4813 3558 4868 ἔννο-

1980 4918 2078 4972 μον
2109 4902 2207 4969 τῆς
2238 4899 2537 4968 ἐπιθυμίας
2562 4899 2863 4954 ἀπόλαυσιν
2901 4901 3289 4972 μετέδαλονείς
3317 4907 3556 4977 παράνο-

1984 5008 2104 5061 μον.
2131 4989 2238 5044 Καὶ
2282 4989 2398 5056 τὴν
2447 4990 2851 5058 ἀντιμισθίαν,
2878 4991 2959 5061 ἣν
2985 4993 3128 5062 ἔδει,
3154 4997 3264 5062 τῆς
3318 4978 3560 5066 πλάνης

1978 5080 2176 5136 αὐτῶν
2199 5082 2268 5135 ἐν
2299 5080 2532 5147 ἑαυτοῖς
2567 5081 3114 5153 ἀπολαμϐάνοντες.
3166 5089 3418 5160 Τιμωρία
3450 5091 3558 5164 γὰρ

1977 5171 2179 5244 ἐσχάτη
2231 5170 2382 5225 τοῦδε
2431 5173 2526 5226 τοῦ
2579 5173 2843 5248 πάθουςή
2880 5177 3096 5248 ἀτιμία.
3147 5183 3215 5233 "A
3241 5183 3350 5254 γὰρ
3379 5184 3558 5246 οὐδεὶς

1979 5263 2176 5327 αὐτοὺς
2197 5264 2305 5316 τῶν
2330 5264 2602 5334 πολεμίων
2629 5267 2895 5341 ἐπειράθη
2922 5269 3185 5326 διαθεῖναί
3217 5293 3364 5336 ποτε,
3385 5275 3556 5330 ταῦτα

1971 4625 2418 4694 ἀσχημοσύνην
2491 4625 3001 4695 κατεργαζόμενοι.

1607 5380 1838 5436 VARI/IS
1873 5381 2270 5438 LECTIONES.

401 5465 884 5557 "adtigeptfg'tttgtejt
899 5463 1198 5557 legi-using
1222 5484 1387 5557 sensu
1423 5472 1664 5557 Br.“qt10d
1693 5485 1746 5557 et
1773 5475 2012 5557 habebat
2037 5475 2088 5528 in
2122 5475 2314 5557 codice
2344 5476 2768 5557 suo_Herve_tu_s,
2801 5480 2898 5550 qui
2925 5480 3223 5557 legijAubct
3255 5484 3555 5557 ᾁκυόἐρνη-

474 5504 777 5548 νδιυῠγι-κτδυιυ
795 5504 870 5519 ru
900 5504 1027 5535 ινδ-ι
1073 5504 1192 5549 cun.»
1222 5504 1387 5525 οωιδυ
1423 5504 1664 5556 υ,μιμιυιι
1693 5504 1746 5528 cr.
1773 5504 2006 5529 "tum:th
2037 5504 2088 5528 tu
2122 5504 2314 5530 (nuru:
2344 5504 2444 5532 δυυ
2483 5504 2768 5540 Ilcrvutus.
2801 5504 2898 5550 qur
2925 5504 3034 5553 leg!
3065 5504 3223 5548 jllUCl
3255 5504 3422 5537 ακυοε
3463 5504 3555 5557 νη-

295 5536 1208 5624 τον.-δρ-θᾲξιιιιε.-ίιυιιξὶΙοξιΗΙριςμο
1240 5541 1738 5624 textus-Sulmond.
1785 5546 2201 5624 ᾊτερμάτιστος
2232 5545 2509 5624 llesychio
2541 5557 2597 5604 et
2632 5548 2816 5624 Su_id_aa
2843 5553 3230 5624 εειγάὁέόαιος,
3262 5504 3558 5624 saepeiam

290 5606 1383 5693 vi}“tilla-nquant‘fidclgt‘ﬁirmondo
1414 5613 1538 5693 _h_oc
1585 5606 1918 5693 vocabulum
1944 5606 2428 5693 interpretanti'in
2464 5620 2867 5693 meut_e_fuisse
2891 5606 2961 5674 τὸ
2995 5606 3408 5693 ἀνερμάτιστον,
3459 5606 3559 5684 ἠδη

289 5673 861 5753 saliurratum,_quod_
892 5677 948 5730 in
983 5673 1156 5732 δυξας]
1194 5680 1295 5753 legi
1341 5683 1556 5738 volebat
1609 5684 1892 5741 liustcrus.

273 5743 549 5800 habt/bat:
582 5746 812 5800 divinum
838 5745 1104 5804 honorem.

1973 5689 2016 5718 η
2049 5687 2213 5741 Forte
2249 5687 2537 5758 legendum
2567 5688 2627 5742 τὸ
2659 5690 2818 5747 Θεῖον.
2860 5687 3346 5764 ﬂerrcti'qhidem
3384 5687 3563 5756 ινρεοεῑτγ
