4074 6176
370 231 448 304 65
1223 220 1838 289 INTEBPRETATIO
1861 217 2102 279 EPIST.
2139 218 2237 278 AD
2266 219 2447 280 ROM.
2479 219 2639 281 CAP.
2673 222 2724 280 Ῑ.
3559 219 3632 284 66

377 342 518 412 μετά
554 338 734 410 πάσης
767 335 1100 401 ἀσπάζονται
1153 333 1464 404 προθυμίας
1491 348 1504 362 °
1531 333 1625 386 mi.
1669 331 1739 402 ἠν
1784 327 1942 386 οὐδεὶς

2065 339 2162 379 eos
2189 326 2521 395 supplicium
2564 325 2838 388 statuerit,
2875 330 2978 381 hoc
3013 327 3091 380 illi
3129 326 3181 381 in
3216 326 3428 398 seipsos
3460 335 3631 384 attra-

376 435 442 488 διν
477 433 652 488 αὐτῶν
680 430 936 500 δικαστὴς
963 425 1370 496 κατεψηφίσατο
1422 423 1714 494 τιμωρίαν,
1745 417 1951 487 ταύτην

377 523 534 578 αὐτοὶ
559 522 676 576 καθ’
705 521 910 576 ἑαυτῶν
963 518 1321 572 ἐπισπῶνται.
1361 517 1424 570 Τί
1456 517 1512 569 δὲ
1543 515 1603 568 τὸ
1639 513 1813 568 αἴτιον
1841 511 1951 564 τῶν

377 610 564 666 κακῶν
585 629 599 676 ;

444 702 550 772 κη’.
572 699 679 754 Καὶ
713 699 906 765 καθὼς
934 700 1044 754 οὐκ
1071 698 1441 768 ἐδοκίμασαν
1472 695 1581 749 τὸν
1609 694 1756 748 Θεὸν
1788 694 1952 762 ἔχειν

373 795 443 849 ἐν
470 792 810 863 ἐπιγνώσει,
847 791 1189 860 παρέδωκεν
1214 789 1436 855 αὐτοὺς
1470 791 1502 842 ό
1531 789 1673 853 Θεὸς
1697 789 1784 852 είς
1814 786 1950 840 ἀδό-

374 901 553 954 κιμον
602 883 754 938 νοῦν
799 882 992 936 ποιεῖν
1045 883 1117 936 τὰ
1159 882 1245 952 μὴ
1271 881 1629 946 καθήκοντα.
1657 880 1717 931 Ei
1743 877 1853 947 γὰρ
1886 877 1950 948 δὴ

373 973 576 1043 γνῶναι
611 972 776 1026 αὐτὸν
828 971 1221 1043 ἐϐουλήθησαν,
1275 972 1388 1032 τοῖς
1433 968 1596 1031 θείοις
1629 967 1694 1022 ἂν
1721 965 1947 1036 ⁴ἠκολού-

377 1066 547 1138 θησαν
575 1064 781 1135 νόμοις.
830 1062 1045 1134 Ἐπειδὴ
1103 1063 1158 1115 δὲ
1201 1062 1295 1114 τὸν
1328 1060 1563 1130 Ποιητὴν
1609 1058 1943 1130 ἠρνήθησαν,

376 1159 475 1227 τῆς
523 1155 732 1208 ἐκείνου
784 1155 1039 1224 προνοίας
1100 1151 1374 1214 παντελῶς
1426 1147 1838 1220 ἐγυμνώθησαν.
1875 1144 1948 1203 Οὔ

375 1246 437 1316 δὴ
461 1245 620 1315 χάριν
651 1246 758 1297 πᾶν
795 1240 933 1306 εἶδος
959 1242 1162 1306 κακίας
1181 1243 1274 1295 σὺν
1302 1239 1456 1310 ἀδείᾳ
1487 1239 1748 1310 τολμῶσι.

445 1335 550 1388 κθ’.
583 1333 1100 1402 Πεπληρωμένους
1137 1331 1301 1400 πάσῃ
1339 1331 1555 1397 ἀδικία.
1578 1361 1648 1370 -
1686 1328 1951 1384 Ἀδικίαν

376 1427 531 1482 καλεῖ
549 1427 645 1497 τὴν
672 1426 915 1480 ἐναντίαν
953 1429 1016 1480 ἐκ
1061 1427 1356 1496 διαμέτρου
1407 1425 1472 1493 τῇ
1503 1421 1818 1490 δικαιοσύνῃ
1845 1435 1952 1471 κει·

379 1517 565 1588 μένην.
604 1517 696 1569 Ἐκ
728 1516 835 1586 γὰρ
864 1517 1067 1586 ταύτης
1107 1516 1181 1579 ὡς
1237 1513 1441 1566 ἐπίπαν
1479 1508 1616 1575 εἶδος
1663 1510 1950 1580 βλαστάνει

375 1606 866 1678 κατηγορούμενον.
931 1605 1164 1671 Διέξεισι
1213 1604 1272 1657 δὲ
1327 1601 1427 1655 καὶ
1452 1602 1588 1654 αύτά
1612 1603 1680 1653 τὰ
1716 1599 1950 1670 βλαστή-

376 1713 542 1768 ματα.

441 1789 716 1857 Πορνεία,
746 1787 1024 1855 πονηρίᾳ,
1086 1783 1428 1849 πλεονεξίᾳ,
1450 1783 1624 1850 κακίᾳ
1651 1799 1663 1811 ’
1686 1781 1952 1852 μεστοὺς

371 1882 616 1948 φθόνου,
659 1881 872 1948 φόνου,
927 1877 1143 1945 ἔριδος,
1194 1876 1399 1939 δόλου,
1431 1876 1949 1943 κακοηθείας-’ψι-

371 1973 680 2040 θυριστὰς.
729 1971 816 2036 (λ’,
843 1970 968 2040 λα’).
1024 1967 1442 2035 Καταλιίλους,
1503 1967 1844 2037 θεοστυγεῖς
1883 1965 1948 2031 ³³,

369 2061 676 2132 ὑϐριστὰς,
697 2059 1142 2130 ὑπερηφάνους,
1166 2060 1478 2126 ἀλαζόνας,
1503 2060 1826 2129 ἐφευρετὰς
1849 2075 1952 2112 κα-

369 2153 512 2219 κῶν,
537 2151 822 2221 γονεῦσιν
840 2152 1123 2218 ἀπειθεῖς,
1151 2153 1512 2216 ἀσυνέτους,
1535 2149 1912 2214 ἀσυνθέτους
1931 2189 1946 2213 ,

367 2245 727 2312 ἀστόργους,
759 2243 1132 2308 ἀσπόνδους,
1170 2242 1602 2310 ἀνελεήμονας.
1643 2241 1756 2293 Καὶ
1795 2240 1951 2294 καλεῖ

373 2335 662 2403 πορνείαν
689 2334 786 2404 μὲν
805 2335 902 2404 τὴν
933 2335 992 2386 οὐ
1041 2333 1182 2386 κατά
1214 2334 1391 2402 γάμον
1438 2331 1728 2402 γινομένην
1755 2347 1949 2385 συνου-

377 2425 518 2479 σίαν.
565 2425 872 2492 Πονηρίαν
911 2425 997 2488 δὲ,
1039 2425 1139 2494 τὴν
1182 2423 1418 2495 θηριώδη
1453 2421 1676 2495 γνώμην
1701 2441 1715 2454 ·
1767 2428 1947 2478 πλεο-

369 2515 578 2580 νεξίαν
620 2515 707 2580 δὲ,
743 2514 842 2586 τὴν
896 2515 991 2567 τοῦ
1024 2514 1267 2578 πλείονος
1327 2515 1544 2582 ἔφεσιν,
1601 2517 1696 2568 καὶ
1733 2515 1840 2568 τῶν
1885 2515 1945 2568 ού

368 2605 753 2676 προσηκόντων
775 2605 874 2676 τὴν
915 2606 1198 2677 ἁρπαγήν.
1230 2607 1484 2671 Κακίαν,
1520 2606 1619 2676 τῆς
1641 2607 1819 2678 ψυχῆς
1847 2608 1946 2677 τὴν

366 2696 458 2748 ἐπὶ
505 2695 573 2748 τὰ
623 2698 794 2768 χείρω
845 2698 1040 2768 ῥοπὴν,
1071 2698 1164 2750 καὶ
1214 2699 1306 2752 τὸν
1336 2699 1429 2751 ἐπὶ
1472 2698 1644 2772 βλάϐῃ
1665 2699 1757 2752 τοῦ
1777 2700 1946 2763 πέλας

363 2785 648 2858 γινόμενον
693 2786 986 2857 λογισμόν.
1027 2787 1303 2853 Μεστοὺς
1357 2790 1584 2857 φθόνου
1617 2789 1852 2860 χαλεπὸν
1884 2789 1946 2842 τὸ

366 2877 561 2942 πάθος,
599 2879 695 2931 καὶ
745 2879 932 2948 φέρειν
979 2879 1078 2931 οὐκ
1130 2880 1456 2949 ἀνεχόμενον
1507 2880 1599 2934 τοῦ
1635 2881 1803 2944 πέλας
1846 2881 1946 2949 τὴν

2056 417 2210 471 bunt.
2245 416 2308 472 Et
2334 432 2582 489 quaenam
2616 420 2888 473 malorum
2933 433 3100 473 causa
3127 419 3246 474 est?

2117 681 2292 736 Vens.
2334 680 2426 736 ‘28.
2461 678 2532 734 Et
2553 683 2690 736 sicut
2722 700 2824 737 non
2855 683 3211 751 probaverunt
3244 679 3414 736 Deum
3443 682 3632 738 habere

2052 775 2106 828 in
2129 773 2345 838 notitia,
2371 772 2594 828 tradidit
2614 774 2734 828 illos
2763 775 2898 828 Deus
2927 777 2978 828 in
3003 774 3283 843 reprobum
3312 791 3542 840 sensum,
3575 785 3633 828 ut

2052 863 2256 934 faciunt
2283 881 2346 920 ea
2371 883 2488 936 qua:
2523 883 2622 920 non
2673 867 3002 920 conveniunt.
3047 867 3104 921 Si
3159 884 3283 923 eum
3337 868 3482 921 enim
3539 885 3634 922 vo-

2052 955 2289 1012 luissent
2343 972 2698 1028 cognoscere,
2750 958 2967 1014 divinas
3007 959 3155 1026 leges
3202 961 3377 1014 secuti
3424 969 3628 1014 essent.

2052 1046 2192 1114 Quia
2221 1056 2401 1103 autem
2448 1050 2767 1106 Creatorem
2830 1059 3190 1121 negaverunt,
3243 1053 3392 1107 illius
3445 1054 3629 1123 provi-

2052 1140 2236 1194 dentia
2269 1142 2497 1196 omnino
2522 1143 2719 1212 privati
2751 1153 2898 1197 sunt.
2927 1143 3298 1209 Quamobrem
3323 1159 3483 1198 omne
3509 1143 3626 1196 vitii

2053 1249 2226 1303 genus
2255 1234 2308 1286 in
2339 1249 2397 1288 se
2437 1235 2699 1288 audacter
2738 1235 3072 1304 suscipiunt.

2124 1321 2291 1378 Vens.
2323 1323 2411 1377 Q9.
2461 1323 2698 1392 Repletos
2751 1327 2893 1379 omni
2935 1326 3234 1393 iniquitate.
3285 1323 3632 1394 lniquitatem

2055 1427 2154 1466 seu
2206 1412 2537 1478 injustitiam
2573 1423 2756 1477 vocat,
2793 1431 2914 1483 quae
2963 1431 3027 1469 cx
3081 1416 3349 1469 diametro
3401 1417 3634 1482 iustitiae

2055 1512 2142 1558 est
2176 1504 2452 1574 opposita.
2502 1503 2576 1557 Ex
2603 1520 2666 1558 ea
2700 1506 2846 1558 enim
2885 1521 3113 1573 prorsus
3144 1507 3410 1574 quidquid
3445 1523 3634 1575 repre-

2055 1595 2405 1651 hendendum
2465 1607 2548 1651 est
2605 1596 2898 1667 germinat.
2944 1595 3067 1666 Ipsa
3113 1612 3331 1665 quoque
3387 1599 3631 1667 germina

2053 1687 2424 1758 prosequitur.

2125 1776 2528 1841 Fornicatione,
2588 1777 2824 1843 malitia,
2865 1777 3120 1838 auaritia,
3157 1779 3410 1848 nequitia,
3454 1778 3633 1845 plenos

2059 1871 2284 1935 invidia,
2333 1869 2649 1932 homicidio,
2706 1871 3055 1933 contentione,
3091 1870 3236 1936 dolo,
3281 1871 3631 1940 malignitate,

2054 1977 2386 2024 susurrones,
2433 1960 2622 2024 (Vens.
2680 1961 2771 2024 30,
2817 1960 2932 2032 3i.)
2983 1962 3328 2027 detractores,
3373 1962 3481 2015 Deo
3516 1961 3635 2015 odi-

2053 2051 2201 2116 biles,
2228 2055 2658 2115 contumeliosos,
2690 2056 2962 2122 superbos,
3011 2065 3346 2125 arrogantes,
3391 2057 3623 2109 invento-

2052 2161 2134 2199 res
2160 2145 2443 2210 malorum,
2469 2147 2776 2212 parentibus
2813 2163 2915 2199 non
2949 2145 3266 2209 obedientes,
3305 2149 3630 2214 insipientes,

2051 2234 2448 2301 incompositos,
2499 2236 2610 2288 sine
2664 2235 2962 2304 aﬂcctione,
2998 2235 3193 2304 absque
3255 2237 3470 2306 (cedere,
3521 2239 3634 2292 sine

2053 2327 2443 2382 misericordia.
2477 2326 2541 2381 Et
2573 2328 2980 2396 fornicationem
3030 2333 3250 2399 quidem
3296 2342 3456 2386 vocat
3498 2349 3632 2388 con-

2051 2419 2412 2487 gressionem,
2457 2435 2578 2488 qua:
2611 2420 2670 2473 ﬁt
2702 2429 2852 2474 extra
2885 2422 3320 2478 matrimonium.
3357 2423 3631 2478 Hatitiam

2048 2517 2253 2571 autem,
2287 2517 2522 2564 mentem
2548 2511 2849 2565 bclluinam
2879 2528 2892 2563 :
2936 2514 3218 2566 avaritiam
3250 2525 3451 2578 autem,
3473 2517 3628 2584 plura

2049 2601 2288 2655 habendi
2347 2603 2748 2674 cupiditatem,
2789 2611 3064 2660 eteorum
3123 2622 3245 2676 quae
3289 2607 3355 2660 ad
3408 2623 3467 2661 se
3522 2624 3629 2662 non

2046 2693 2325 2760 pertinent
2352 2695 2624 2763 rapinam.
2656 2693 2988 2764 Nequitiam,
3025 2698 3222 2752 anima:
3251 2699 3317 2752 ad
3353 2699 3628 2752 deteriora

2049 2783 2484 2850 inclinationem,
2540 2795 2614 2849 et,
2659 2803 2778 2854 quae
2828 2789 2894 2841 ad
2942 2789 3176 2856 proximi
3230 2790 3624 2843 detrimentum

2050 2873 2385 2940 suscipitur,
2431 2875 2852 2943 cogitationem.
2913 2876 3117 2930 Plenas
3191 2878 3412 2930 invidia.
3479 2881 3631 2932 Sana

358 2967 666 3039 εὐπραξίαν
689 2983 703 2998 ·
735 2961 890 3032 οὗτος
946 2968 1042 3021 καὶ
1091 2968 1180 3023 τὸν
1237 2969 1398 3036 φόνον
1435 2970 1713 3040 ἐγέννησε,
1738 2971 1942 3025 καὶτὸν

2051 2963 2218 3015 animi
2250 2965 2607 3032 perturbatio,
2637 2973 2687 3019 el
2715 2982 2835 3035 qua:
2867 2965 3186 3022 felicitatem
3218 2969 3454 3037 proximi
3489 2969 3629 3024 ferre

357 3060 512 3114 δόλον
549 3058 752 3130 ἐκύησε
778 3075 792 3088 ·
822 3058 1002 3130 φθόνῳ
1031 3059 1184 3129 γάρό
1217 3060 1358 3114 Κάῖν
1405 3062 1655 3131 τρωθεὶς,
1691 3063 1786 3114 καὶ
1811 3062 1948 3132 δόλῳ

355 3150 710 3223 χρησάμενος
739 3151 1006 3221 συνεργῷ,
1042 3151 1277 3221 ἐξήγαγε
1311 3151 1410 3220 μὲν
1451 3152 1530 3216 είς
1563 3151 1623 3206 τὸ
1649 3152 1826 3206 πεδίον
1857 3153 1948 3206 τὸν

352 3241 610 3312 ἀδελφὸν,
638 3241 730 3296 τὸν
747 3241 803 3295 δὲ
828 3242 985 3311 φόνον
1017 3242 1304 3313 ἐτόλμησε.
1337 3237 1663 3309 Κακοήθέις
1689 3243 1745 3296 δὲ
1773 3242 1942 3309 καλεῖ,

351 3333 488 3396 τοὺς
516 3336 594 3397 είς
617 3334 912 3404 ἐπιϐουλὴν
965 3334 1343 3404 κεχρημένους
1374 3337 1486 3398 τοῖς
1523 3335 1822 3406 λογισμοτς,
1847 3336 1944 3388 καὶ

349 3421 460 3491 τὴν
495 3420 700 3491 βλάϐην
731 3420 808 3491 τῷ
836 3419 1006 3483 πέλας
1064 3421 1529 3492 τεκταινομένους.
1581 3423 1942 3490 Ψιθυριστὰς

350 3510 448 3573 δὲ,
485 3512 610 3573 τοὺς
635 3511 772 3577 πρὸς
819 3511 878 3564 τὸ
924 3505 1015 3574 οὖς
1060 3511 1492 3582 διαλεγομένους,
1532 3512 1626 3565 καὶ
1667 3497 1942 3584 παρόντας

355 3602 510 3668 τινὰς
549 3604 736 3666 κακῶς
773 3603 1156 3675 ἀγορεύοντας.
1215 3603 1628 3670 Καταλάλους,
1681 3607 1805 3669 τοὺς
1834 3607 1940 3660 δια-

349 3691 544 3756 ϐολαῖς
565 3693 708 3748 κατά
731 3692 837 3748 τῶν
867 3695 1117 3748 ἀπόντων
1145 3693 1315 3758 ἀδεῶς
1346 3697 1745 3766 κεχρημένους.
1801 3699 1939 3752 Θεο-

347 3783 622 3852 στυγεῖς,
647 3784 772 3847 τοὺς
795 3783 1048 3855 ἀπεχθῶς
1079 3785 1208 3854 περὶ
1245 3785 1335 3838 τὸν
1367 3785 1497 3840 Θεὸν
1541 3786 1936 3858 διακειμένους.

357 3871 706 3954 ’Υϐριστάς,
756 3875 883 3938 τοὺς
933 3875 1061 3946 περὶ
1101 3875 1202 3946 τὴν
1254 3875 1538 3947 παροινίαν
1591 3878 1938 3948 προχείρους.

359 3964 849 4034 ’Υπερηφάνους,
887 3968 1014 4028 τοὺς
1043 3966 1127 4034 ἐφ’
1157 3963 1238 4030 οἷς
1292 3966 1474 4038 ἔχουσι
1500 3968 1940 4040 πλεονεκτήμασι

350 4058 574 4131 μεγάλα
603 4057 951 4130 φρονοῦντας.
993 4056 1338 4125 Ἀλαζόνας,
1393 4059 1526 4122 τοὺς
1547 4058 1806 4129 οὐδεμίαν
1840 4059 1938 4130 μὲν

344 4151 582 4222 ἔχοντας
623 4150 894 4220 πρόφασιν
918 4150 996 4212 είς
1039 4151 1386 4221 φρονήματος
1443 4151 1626 4218 δγκον,
1663 4149 1840 4220 μάτην
1879 4149 1937 4202 δὲ

345 4241 755 4311 φυσιωμένους.
791 4241 1144 4308 Ἔφευρετὰς
1177 4239 1395 4304 κακῶν,
1432 4241 1559 4303 τοὺς
1585 4240 1646 4292 οὐ
1679 4241 1836 4310 μόνον
1868 4239 1936 4293 τὰ

2051 3053 2263 3122 nequit.
2319 3054 2392 3108 Ea
2454 3067 2635 3110 autem
2697 3066 2753 3111 et
2811 3059 3018 3112 caedem
3068 3061 3279 3129 genuit,
3338 3072 3393 3114 et
3440 3061 3625 3117 dolum

2049 3143 2323 3211 concepit.
2359 3145 2494 3198 Cain
2531 3145 2677 3198 enim
2715 3147 2921 3202 invidia
2951 3149 3270 3213 sauciatus,
3304 3157 3357 3204 et
3384 3150 3490 3205 doli
3526 3167 3628 3220 ope

2048 3247 2206 3298 usus,
2233 3233 2457 3288 fratrem
2491 3235 2545 3288 in
2577 3236 2689 3304 28
2725 3252 2975 3305 campum
3045 3239 3266 3294 seduxit
3313 3242 3626 3313 aedemque

2047 3327 2403 3395 perpetravit.
2435 3327 2702 3398 Malignos
2742 3345 2872 3384 vero
2917 3339 3096 3396 vocat,
3134 3333 3229 3402 qui
3287 3335 3516 3390 rationis
3546 3334 3626 3387 fa-

2045 3419 2249 3473 cultate
2281 3420 2348 3473 ad
2403 3419 2637 3475 insidias
2668 3423 3069 3492 comparandas
3101 3433 3358 3492 utuntur,
3391 3433 3446 3479 et
3495 3443 3622 3496 pro-

2045 3509 2193 3563 ximo
2222 3509 2525 3579 perniciem
2558 3511 3015 3570 architectautur.
3048 3512 3377 3568 Susurrones
3413 3524 3620 3576 autem,

2043 3601 2138 3670 qui
2185 3602 2240 3655 in
2272 3617 2461 3656 aurem
2519 3603 2846 3672 loquuntur,
2894 3613 2949 3658 et
2992 3604 3058 3659 de
3108 3607 3475 3674 praesentibus
3519 3607 3622 3660 ali-

2041 3695 2243 3765 quibus
2273 3694 2630 3750 maledicunt.
2690 3695 3060 3762 Detractores,
3099 3699 3192 3767 qui
3225 3699 3484 3755 absentes
3525 3715 3624 3753 au-

2042 3788 2232 3842 dacter
2265 3788 2694 3844 calumniantur.
2747 3788 2845 3842 Dei
2892 3806 3096 3857 osores,
3135 3791 3228 3860 qui
3263 3792 3461 3847 infesto
3494 3803 3620 3847 sunt

2043 3878 2097 3932 in
2144 3877 2313 3932 Deum
2375 3879 2584 3934 animo.
2640 3879 3091 3946 Contumeliosos,
3149 3882 3241 3952 qui
3305 3883 3371 3936 ad
3419 3885 3619 3952 probra

2041 3970 2338 4041 ingerenda
2374 3973 2530 4040 proni
2588 3984 2738 4028 sunt.
2783 3973 3072 4044 Superbos,
3126 3975 3218 4044 qui
3255 3975 3324 4030 ob
3354 3991 3437 4039 ea,
3492 3975 3616 4044 qui-

2039 4058 2142 4113 bus
2172 4061 2530 4115 suntcaeteris
2558 4062 2892 4130 superiores,
2908 4062 3235 4120 eiferuutur.
3270 4065 3614 4130 Arrogantes,

2038 4153 2152 4222 qui,
2188 4168 2312 4208 cum
2371 4155 2577 4207 nullam
2631 4155 2978 4210 occasionem
3038 4155 3296 4220 habeant,
3351 4161 3409 4208 ut
3455 4154 3520 4207 de
3556 4171 3616 4210 se

2038 4243 2329 4314 magniﬁce
2389 4247 2685 4309 sentiam,“
2741 4247 2862 4301 sine
2914 4260 3081 4300 causa
3143 4255 3327 4298 tamen
3379 4245 3615 4300 intume-

346 4332 752 4402 πολιτευόμενα
771 4331 1085 4400 τολμῶντας
1102 4331 1268 4398 κακὰ,
1308 4331 1443 4384 ἀλλά
1493 4333 1588 4386 καὶ
1615 4331 1776 4403 ἓτερα
1805 4349 1938 4396 προ-

2045 4342 2224 4389 scunt.
2271 4333 2535 4387 Malorum
2587 4337 2901 4398 inventores,
2963 4337 3056 4404 qui
3102 4352 3209 4389 non
3245 4336 3417 4390 solum
3472 4339 3611 4391 maia

349 4423 738 4486 επινοοῦντας.
778 4423 1080 4476 Γονεῦσιν
1108 4422 1392 4488 ἀπειθεῖς,
1439 4423 1636 4476 ἀτοπία
1669 4423 1765 4475 καὶ
1794 4422 1934 4493 αὕτη

349 4517 614 4587 μεγίστη,
635 4515 732 4588 τὴν
756 4515 915 4586 φύσιν
941 4517 1242 4587 κατήγορον
1287 4515 1504 4584 ἔχουσα.
1549 4515 1931 4581 Ἀσυνέτουςο

343 4611 400 4663 oi
437 4609 548 4679 γὰρ
576 4613 655 4672 είς
686 4611 776 4662 τὸν
799 4610 1113 4680 παράνομον
1137 4607 1507 4670 ἐξοκείλαντες
1553 4606 1686 4675 βίον,
1720 4607 1814 4659 τοῦ
1848 4607 1935 4660 λο-

342 4701 514 4774 γικοῦ
553 4704 678 4766 τοὺς
729 4702 1088 4772 χαρακτῆρας
1159 4701 1452 4755 ἀπέϐαλον.
1520 4698 1933 4767 Ἀσυνθέτους,

343 4797 482 4858 τοὺς
509 4794 872 4866 ἀκοινώνητον
922 4796 1016 4847 καὶ
1067 4793 1307 4864 πονηρὸν
1339 4793 1454 4864 βίον
1484 4791 1929 4863 ἀσπαζομένους.

357 4889 868 4958 Ἀστόργους,τοὺς
887 4888 1063 4956 φιλίας
1079 4887 1277 4956 νόμους
1303 4886 1492 4956 μαθεῖν
1511 4885 1609 4938 οὐκ
1627 4885 1930 4949 ἐθέλοντας.

357 4980 762 5045 Ἀσπόνδους,
781 4982 905 5043 τοὺς
934 4979 1104 5042 ἀδεῶς
1121 4979 1188 5031 τὰ
1224 4978 1554 5048 συγκείμενα
1580 4977 1934 5048 παραϐαίνον-

341 5089 474 5134 τας.
509 5073 962 5141 Ἀνελεήμονας.
995 5073 1120 5129 τοὺς
1154 5070 1261 5122 τῶν
1304 5069 1510 5140 θηρίων
1537 5069 1632 5140 τὴν
1671 5069 1930 5140 ὡμότητα

346 5165 748 5236 μιμουμένους.

2037 4437 2160 4491 qua:
2212 4421 2267 4474 in
2305 4420 2584 4474 communi
2636 4437 2738 4474 usu
2790 4430 3106 4484 versantur,
3163 4422 3256 4477 sed
3302 4423 3465 4476 etiam
3507 4425 3610 4478 alia

2035 4511 2372 4580 excogitant.
2407 4509 2727 4563 Parentibus
2765 4526 2867 4562 non
2895 4509 3226 4576 obedientes,
3254 4511 3360 4566 hoc
3389 4528 3611 4584 quoque

2037 4603 2336 4656 maximum
2385 4610 2440 4656 et
2503 4601 2905 4657 alienissimum
2978 4613 3064 4658 est
3091 4604 3304 4671 vitium,
3359 4605 3504 4675 quod
3555 4615 3610 4659 et

2035 4693 2151 4762 ipsa
2184 4703 2378 4747 natura
2410 4705 2655 4748 accusat.
2701 4693 3036 4762 Insipientes,
3097 4697 3192 4766 qui
3239 4698 3384 4752 enim
3448 4699 3504 4750 in
3529 4697 3610 4750 vi-

2039 4793 2144 4838 tam
2183 4785 2485 4854 improbam
2522 4787 2764 4858 prolapsi
2798 4797 2958 4853 sunt,
2989 4787 3024 4842 ii
3061 4787 3292 4842 rationis
3322 4787 3607 4842 characte—

2036 4891 2126 4931 res
2155 4877 2485 4932 amiseruut.
2524 4879 2938 4948 Incompositos,
2988 4879 3082 4948 qui
3115 4878 3281 4931 vitam
3339 4876 3605 4932 nefariam

2035 4974 2090 5022 et
2149 4982 2179 5021 a
2233 4971 2510 5024 connmuni
2567 4971 2830 5025 societate
2895 4970 3131 5024 alienam
3180 4969 3604 5043 atuplectuntur.

2035 5056 2304 5112 Amicitia:
2339 5071 2595 5129 expertes,
2629 5061 2722 5130 qui
2764 5059 3020 5114 amicitiae
3076 5061 3223 5128 leges
3277 5061 3473 5114 nolunt
3521 5061 3606 5115 di—

2037 5161 2210 5202 scere.
2247 5146 2370 5201 Sine
2401 5148 2731 5217 {crdere,qui
2758 5157 2914 5218 pacta
2952 5155 3224 5203 conventa
3261 5149 3608 5220 impudenter

2037 5241 2539 5309 transgrediuntur.
2585 5237 3063 5305 lmmisericordes,
3087 5239 3180 5309 qui
3211 5238 3453 5296 ferarum
3480 5257 3608 5296 cru-

2037 5330 2314 5384 delitatem
2355 5331 2656 5384 imitantur.

1653 5438 1886 5493 VARUS
1931 5442 2333 5497 LECTIONES.

427 5533 479 5562 "
511 5531 830 5596 eam-3m
872 5529 1490 5607 legendumsecundum
1529 5525 1858 5585 Theodoreti
1926 5531 2470 5602 interpretationem.
2502 5532 2766 5604 Equidem
2795 5542 3072 5607 receptam
3117 5535 3414 5600 lectionem
3441 5530 3615 5586 δοὶὶνο

339 5615 522 5660 sensu
551 5619 840 5658 occurrere.
876 5603 1027 5659 valde
1059 5600 1267 5654 dubito.

4041 2967 4045 3104 γ

4043 3631 4045 3756 l
