4074 6176
422 217 493 279 ΐτ
1417 199 1906 264 THEODORETI
1929 196 2271 257 EPISCOPI
2291 195 2657 256 CYRENSIS
3611 192 3681 258 68

501 328 668 408 Vens.
716 324 808 381 3‘2.
855 323 960 390 Qui
1001 337 1120 375 cum
1161 317 1430 389 iustitiam
1480 316 1575 370 Det
1617 313 1999 385 cognovissent,

2174 308 2272 379 λβν.
2303 309 2530 374 Οίτινες
2559 307 2625 362 τὸ
2649 306 2942 376 δικαίωμα
2983 304 3087 360 τοῦ
3125 304 3272 361 Θεοῦ
3308 303 3678 378 ἐπιγνόντες,

423 402 680 489 quodqui
711 418 840 470 talia
877 423 1036 485 agunt
1090 411 1237 480 digni
1281 419 1404 464 sunt
1451 415 1639 472 morte,
1679 422 1784 460 non
1829 402 2000 457 solum

425 531 489 567 ea
528 512 752 582 faciunt,
780 509 868 562 sed
899 507 1062 560 etiam
1099 505 1164 557 iis
1187 504 1275 572 qui
1297 519 1358 555 ea
1384 501 1592 570 faciunt
1613 497 2000 555 assentiuntur,

425 614 478 658 et
529 620 590 657 ea
639 598 1006 667 comprobant.
1062 594 1422 649 Ostendimus
1473 589 1750 659 quomodo
1803 596 2004 642 natura

429 695 591 747 docet
627 701 742 744 tum
775 691 1044 743 bonorum
1081 685 1430 744 electionem,
1465 690 1586 736 tum
1624 679 1808 750 fugam
1869 691 2003 730 con—

430 787 744 840 trariorum.
783 780 889 835 Sed
923 789 1105 832 tamen
1131 778 1209 838 bi,
1248 776 1447 846 inquit,
1483 789 1591 828 non
1623 772 1759 827 satis
1797 769 2006 824 ducunt

430 878 546 932 haec
585 876 789 936 facere,
821 871 914 926 sed
960 870 1124 924 etiam
1153 867 1222 922 iis
1258 866 1351 936 qui
1393 863 1596 919 similia
1648 861 1856 916 iaciunt
1887 859 2005 912 lau-

428 970 526 1023 des
552 971 872 1021 contexunt.
909 960 1010 1014 llic
1043 967 1224 1014 autem
1277 965 1591 1026 postremus
1651 963 1735 1009 est
1792 947 2000 1020 iniqui-

431 1059 560 1111 tatis
589 1055 810 1123 gradus.
841 1050 1140 1120 Oportebat
1177 1047 1323 1100 enim
1375 1060 1486 1098 non
1543 1042 1722 1098 solum
1770 1039 2003 1094 aliorum

431 1148 774 1217 iniquitatem
815 1143 1021 1202 odisse,
1049 1140 1144 1194 sed
1178 1139 1340 1193 etiam
1377 1151 1535 1192 suam
1570 1133 1895 1188 abhorrere.

1032 1317 1142 1387 29
1173 1313 1326 1370 CAP.
1376 1312 1441 1370 ιι.

469 1411 472 1414 ί
506 1413 704 1470 Deinde
746 1426 940 1466 rursus
988 1410 1146 1462 aliter
1179 1404 1426 1460 ostendit
1461 1416 1562 1456 nos
1613 1399 1818 1454 habere
1861 1398 2005 1452 bona

431 1521 482 1562 et
524 1507 667 1559 mala
721 1499 1071 1558 discernendi
1122 1496 1468 1550 facultatem.

505 1599 667 1652 Vens.
709 1599 756 1650 1.
806 1594 1037 1662 Propter
1065 1592 1203 1661 quod
1255 1587 1634 1642 inexcusabitts
1658 1600 1736 1647 es,
1765 1599 1794 1635 ο
1851 1580 2006 1634 homo

2105 401 2193 454 ὅτι
2210 404 2263 454 οἱ
2279 400 2352 454 τὰ
2369 400 2612 454 τοιαῦτα
2640 399 3022 468 πράσσοντες
3045 398 3201 462 ἄξιοι
3224 397 3485 453 θανάτου
3499 399 3680 462 εἰσίν,

2102 493 2174 545 οὐ
2192 494 2386 560 μόνον
2422 493 2572 546 αὐτὰ
2590 490 2893 554 ποιοῦσιν,
2929 490 3086 544 ἀλλὰ
3106 489 3204 543 καὶ
3237 488 3684 544 συνευδοκοῦσι

2103 579 2230 646 τοῖς
2257 581 2648 648 πράττουσιν.
2693 579 3006 647 Ἐδείξαμεν
3064 580 3212 642 ὅπως
3252 581 3285 649 ἡ
3337 579 3499 648 φύσις
3541 577 3685 632 διδά-

2105 687 2224 724 σκει
2245 671 2341 724 καὶ
2367 670 2474 724 τῶν
2503 669 2722 738 ἀγαθῶν
2753 671 2850 739 τὴν
2870 669 3109 740 αἵρεσιν,
3139 670 3233 722 καὶ
3263 671 3362 739 τὴν
3388 668 3496 722 τῶν
3524 670 3682 722 ὲναν-

2103 763 2231 817 τίων
2258 765 2454 835 φυγήν.
2488 763 2627 816 Ἀλλ’
2665 764 2812 834 ὅμως
2849 757 3016 822 οὗτοι,
3071 760 3259 830 φησὶν,
3300 761 3402 813 οὐκ
3434 760 3683 832 ἀποχρῆν

2104 855 2364 925 ἡγοῦνται
2388 855 2450 908 τὸ
2497 853 2672 909 ταῦτα
2709 857 2884 907 ποιεῖν
2910 871 2922 884 ·
2969 852 3106 906 ἀλλὰ
3139 853 3234 905 καὶ
3277 851 3532 914 ἐπαίνους
3571 853 3683 915 τοῖς

2103 945 2175 998 τὰ
2203 947 2364 1015 ὃμοια
2402 944 2602 1016 δρῶσιν
2627 946 2962 1013 ὑφαίνουσιν.
2993 945 3261 1014 Ἕσχατος
3290 943 3345 997 δὲ
3373 936 3526 1008 οὗτος
3558 944 3684 1015 ὄρος

2105 1037 2203 1106 τῆς
2233 1039 2598 1108 παρανομίας.
2639 1039 2785 1090 Ἔδει
2809 1037 2916 1108 γὰρ
2942 1035 3015 1108 μὴ
3047 1036 3206 1105 μόνον
3242 1035 3342 1106 τὴν
3375 1034 3482 1088 τῶν
3507 1034 3683 1090 ἄλλων

2107 1128 2447 1199 παρανομίαν
2501 1131 2702 1198 μισεῖν,
2754 1127 2888 1180 ἀλλὰ
2930 1126 3024 1179 καὶ
3068 1125 3167 1196 τὴν
3205 1125 3412 1179 οίκείαν
3464 1123 3683 1195 βδελύτ-

2105 1218 2318 1272 τεσθαι.

2743 1310 2995 1364 ΚΕΦΑΛ.
3045 1310 3118 1362 B’.

2179 1399 2309 1456 Εἶτα
2330 1404 2489 1457 πάλιν
2520 1402 2722 1474 ἑτέρως
2753 1402 3024 1456 δείκνυσιν
3047 1399 3270 1470 ἔχοντας
3299 1400 3442 1470 ἡμᾶς
3459 1398 3557 1470 τὴν
3577 1399 3684 1453 τῶν

2110 1495 2329 1562 ἀγαθῶν
2361 1496 2454 1549 καὶ
2479 1495 2586 1548 τῶν
2606 1493 2862 1547 ἐναντίων
2892 1493 3186 1564 διάκρισιν.

2184 1590 2253 1638 α’.
2306 1584 2399 1637 Διὸ
2452 1585 2908 1652 ἀναπολόγητος
2961 1579 3036 1646 εἷ,
3073 1578 3120 1636 ὦ
3165 1582 3459 1650 ἄνθρωπε,
3503 1580 3620 1648 πᾶς
3652 1585 3685 1637 ό

431 1690 601 1742 omnis
649 1687 736 1756 qui
783 1647 1016 1751 iudic'as.
1073 1647 1137 1734 in
1163 1695 1264 1748 quo
1318 1679 1456 1730 enim
1499 1674 1714 1744 judicas
1751 1672 2000 1733 alterum,

2112 1675 2348 1743 κρίνων.
2381 1675 2478 1726 Ἐν
2510 1667 2558 1740 ᾧ
2588 1673 2697 1744 γὰρ
2737 1647 2980 1742 ’κρίκεις
3006 1672 3112 1726 τὸν
3148 1647 3375 1742 ἕτερον,
3424 1647 3687 1727 σεαυτὸν

433 1775 655 1841 teipsum
685 1768 1006 1824 condemnas
1042 1782 1059 1820 :
1095 1765 1278 1819 eadem
1315 1765 1452 1818 enim
1485 1764 1598 1832 agis
1633 1761 1723 1830 qui
1763 1759 2000 1828 judicas.

434 1865 539 1916 Sed
571 1863 820 1932 quamvis
849 1863 920 1914 ita
953 1858 1133 1912 affecti
1167 1857 1312 1922 sitis,
1347 1857 1392 1910 si
1433 1853 1717 1924 judiCandi
1765 1858 2005 1921 potesta-

434 1965 542 2007 tem
568 1955 635 2006 ab
670 1952 855 2020 aliquo
891 1947 1242 2018 acceperitis,
1277 1961 1373 2000 eos
1399 1946 1490 2014 qui
1528 1945 1673 2013 leges
1722 1952 2005 2012 transgre-

430 2046 657 2098 diuntur
685 2053 942 2112 tanquam
991 2054 1116 2094 reos
1152 2038 1380 2109 punitis.
1415 2035 1650 2090 Tantum
1686 2033 1901 2089 habetis
1939 2031 2007 2086 de

432 2138 598 2190 rebus
631 2136 792 2190 bo:iis
826 2141 881 2188 et
921 2132 1216 2186 contrariis
1252 2128 1553 2197 judicium.
1589 2125 1888 2180 Sciendum
1922 2131 2007 2178 est

432 2238 633 2289 autem,
670 2225 815 2295 quod
848 2239 943 2293 per
982 2237 1102 2293 qtue
1143 2221 1281 2274 alios
1302 2219 1394 2290 qui
1429 2227 1659 2288 peccant
1708 2213 1997 2286 judicatis,

431 2336 532 2374 vos
583 2334 799 2389 quoque
857 2317 1007 2382 ipsos
1073 2313 1282 2370 eisdem
1340 2309 1630 2367 sententiis
1713 2307 2002 2377 subjicitis.

430 2411 687 2465 Eamdem
709 2411 856 2463 enim
884 2409 938 2462 in
975 2423 1072 2462 vos
1097 2406 1440 2474 iniquitatem
1465 2403 1748 2471 suscipere
1769 2399 2003 2455 audetis.

505 2503 666 2556 Vens.
701 2502 755 2557 2.
813 2499 1021 2554 Scimus
1071 2499 1210 2551 enim
1267 2495 1405 2566 quod
1451 2493 1720 2563 judicium
1774 2490 1873 2544 Dei
1929 2497 2008 2544 est

432 2595 716 2650 secundum
753 2593 1026 2646 veritatem
1065 2591 1118 2642 iu
1148 2605 1234 2642 eos
1276 2588 1365 2657 qui
1408 2587 1542 2638 talia
1575 2591 1757 2653 agunt.
1783 2581 1879 2637 Est
1908 2594 2008 2635 au-

435 2699 540 2745 tem
574 2685 924 2739 manifestum
952 2682 1022 2736 iis
1061 2681 1156 2750 qui
1192 2682 1436 2748 sapiunt,
1475 2675 1622 2746 quod
1673 2674 1768 2744 qui
1815 2672 2007 2727 inioua

433 2789 621 2849 agunt,
646 2779 829 2831 divina
857 2776 1127 2830 sententia
1147 2773 1485 2841 puniuntur.

509 2873 673 2925 Vens.
709 2873 762 2933 '5.
803 2872 855 2923 4.
895 2867 1190 2922 Existimas
1246 2873 1421 2916 autent
1457 2861 1576 2924 Itoc,
1619 2877 1648 2915 ο
1687 2860 1865 2920 homo,
1921 2857 2009 2926 qui

2104 1765 2482 1833 κατακρίνεις
2508 1782 2522 1798 ’
2591 1765 2662 1819 τὰ
2714 1766 2824 1836 γὰρ
2880 1765 3033 1819 αὐτὰ
3058 1764 3355 1834 πράσσεις
3381 1767 3414 1820 ό
3443 1765 3681 1832 κρίνων.

2117 1859 2278 1912 Ἀλλὰ
2307 1857 2396 1912 καὶ
2428 1857 2571 1912 οὑτω
2609 1857 2970 1928 διακείμενοι,
3009 1859 3058 1910 εί
3099 1857 3190 1910 τοῦ
3243 1857 3448 1928 κρίνειν
3477 1856 3574 1927 τὴν
3601 1856 3686 1922 ἐξ·

2105 1949 2295 2004 ουσίαν
2334 1949 2486 2020 παρά
2528 1961 2673 2013 τινος
2738 1949 2973 2011 λάϐοιτε,
3013 1949 3134 2010 τοὺς
3161 1946 3266 1999 τῶν
3293 1947 3474 2016 νόμων
3506 1963 3686 2017 παρα-

2105 2043 2274 2106 ϐάτας
2305 2043 2379 2107 ὡς
2408 2042 2743 2106 ὑπευθύνους
2785 2043 3044 2107 κολάζετε
3067 2055 3078 2068 ·
3109 2039 3372 2111 τοσαύτην
3408 2040 3559 2111 ἔχετε
3579 2039 3685 2092 τῶν

2107 2134 2328 2204 ἀγαθῶν
2355 2134 2450 2188 καὶ
2501 2135 2608 2188 τῶν
2673 2133 2934 2189 ἐναντίων
2977 2133 3290 2201 διάγνωσιν.
3338 2133 3455 2204 Χρὴ
3503 2131 3685 2204 μέντοι

2107 2228 2328 2293 ειδέναι,
2351 2228 2433 2282 ὅτι
2459 2228 2524 2281 δι’
2550 2221 2624 2282 ὧν
2649 2227 2774 2290 τοὺς
2804 2227 2998 2290 ἄλλους
3023 2226 3436 2298 ἁμαρτάνοντας
3449 2224 3684 2294 κρίνετε,

2108 2320 2201 2372 καὶ
2218 2319 2362 2389 ὑμᾶς
2389 2319 2587 2383 αὐτοὺς
2640 2321 2761 2382 ταῖς
2813 2319 3004 2383 αὑταῖς
3029 2319 3229 2391 ψήφοις
3263 2319 3504 2386 ὑπάγετε
3536 2333 3548 2347 ·
3587 2318 3686 2388 τὴν

2108 2409 2280 2482 αὐτὴν
2307 2409 2414 2481 γὰρ
2437 2411 2670 2481 τολμᾶτε
2706 2410 3070 2480 παρανομίαν.

2181 2502 2248 2570 β’.
2280 2503 2536 2572 Οἴδαμεν
2549 2501 2638 2568 δὲ,
2661 2500 2750 2555 ὅτι
2769 2502 2832 2555 τὸ
2857 2501 3033 2570 κρῖμα
3057 2501 3164 2556 τοῦ
3200 2501 3346 2556 Θεοῦ
3376 2501 3506 2555 ἐστι
3535 2499 3687 2554 κατὰ

2109 2591 2401 2659 ἀλήθειαν
2427 2589 2525 2643 ἐπὶ
2547 2589 2688 2656 τοὺς
2743 2591 2816 2643 τὰ
2860 2589 3106 2645 τοιαῦτα
3139 2589 3546 2659 πράσσοντας.
3583 2588 3684 2658 Ai;-

2109 2681 2200 2734 λον
2232 2681 2289 2735 δὲ
2321 2683 2432 2745 τοῖς
2456 2677 2516 2734 εὖ
2582 2681 2894 2752 φρονοῦσιν,
2929 2682 3012 2734 ὅτι
3064 2680 3206 2735 κατὰ
3243 2680 3394 2735 θείαν
3430 2681 3610 2750 ψῆφον
3636 2682 3687 2734 ot

2112 2772 2209 2837 τὰς
2247 2774 2594 2845 παρανομίας
2625 2773 2934 2844 τολμῶντες
2976 2773 3318 2838 κολάζονται.

2183 2869 2253 2932 γ’,
2275 2865 2336 2918 δ’.
2370 2863 2581 2934 Λογίζῃ
2635 2864 2704 2918 δὲ
2730 2865 2929 2929 τοῦτο,
2975 2856 3023 2920 ὦ
3054 2865 3344 2935 ἄνθρωπε,
3387 2868 3420 2920 ό
3468 2867 3690 2936 κρίνων

425 2965 641 3037 judicas
670 2979 756 3015 eos
802 2960 890 3030 qui
949 2957 1086 3011 talia
1129 2963 1320 3026 agunt,
1379 2961 1427 3006 et
1482 2952 1617 3020 facis
1647 2967 1731 3014 ea,
1776 2952 1911 3019 quod
1953 2956 2005 2998 tu

2115 2957 2254 3023 τοὺς
2281 2957 2354 3012 τὰ
2407 2957 2652 3012 τοιαῦτα
2690 2957 3100 3027 πράσσοντας,
3152 2957 3250 3011 καί
3299 2957 3486 3012 ποιῶν
3512 2956 3685 3020 αὐτὰ,

433 3057 650 3128 r/Iugies
672 3053 938 3122 judicium
987 3048 1127 3102 Dei?
1179 3046 1261 3098 An
1306 3043 1522 3098 divitias
1559 3041 1816 3096 bonitatis
1865 3038 2001 3108 ejus,

435 3159 482 3203 et
513 3147 807 3216 patientur,
831 3151 880 3194 et
919 3137 1340 3209 longanimitatis
1375 3135 1711 3190 contemnis?
1740 3131 1852 3188 Nos
1880 3131 2005 3202 qui-

436 3241 558 3296 dem
587 3239 792 3294 scimus
851 3232 997 3304 quod
1032 3228 1329 3297 unicuique
1375 3226 1562 3295 inique
1592 3223 1776 3294 agenti
1819 3222 2006 3292 justus

433 3333 602 3402 judex
653 3343 754 3383 suo
804 3336 1047 3394 tempore
1093 3319 1424 3391 supplicium
1475 3317 1738 3386 imponet.
1773 3311 1882 3367 Vos
1907 3327 2006 3366 au-

439 3435 568 3483 tem,
630 3417 829 3488 inquit,
889 3415 982 3484 qui
1048 3413 1188 3467 alios
1247 3409 1477 3479 punitis,
1532 3413 1770 3462 vestram
1823 3412 2004 3458 autem

439 3512 786 3582 iniquitatem
826 3506 1015 3562 videre
1077 3518 1185 3557 non
1242 3501 1440 3562 vultis,
1504 3496 1838 3554 existimatis
1892 3495 2009 3551 fore

437 3614 498 3659 ιιι
529 3604 772 3656 divinum
800 3598 1070 3669 judicium
1100 3592 1394 3663 eil'ugiatis.
1429 3589 1535 3645 Sed
1568 3591 1680 3646 haec
1703 3606 1809 3644 non
1848 3590 1922 3644 ita
1951 3604 2009 3642 se

437 3693 660 3748 habent.
691 3692 938 3744 Sustinet
968 3690 1136 3749 enim,
1173 3694 1226 3739 et
1264 3681 1526 3736 diuturna
1560 3682 1786 3736 lenitate
1814 3680 2007 3744 utitur,

440 3794 591 3836 tuam
629 3789 960 3850 exspectans
983 3774 1382 3848 paenitentiam.
1424 3770 1540 3826 Hoc
1571 3771 1715 3826 enim
1751 3767 2010 3840 estquod

441 3874 628 3930 intulit
655 3893 666 3926 :
694 3871 952 3942 Ignorans
984 3870 1121 3938 quod
1174 3864 1469 3934 benignitas
1517 3861 1616 3915 Dei
1653 3871 1702 3916 te
1734 3861 1802 3914 ad
1837 3862 2010 3930 potni-

441 3967 664 4020 tentiam
695 3962 933 4016 adducit.

515 4057 677 4111 Vens.
710 4053 780 4120 5,
823 4053 876 4108 6.
931 4051 1232 4108 Secundum
1295 4059 1471 4106 autem
1520 4049 1776 4104 duritiam
1829 4057 2004 4111 tuam,

437 4156 486 4199 et
512 4143 836 4212 impaznitens
871 4158 982 4207 cor,
1015 4141 1344 4195 tltesaurizas
1380 4141 1477 4194 tibi
1517 4141 1652 4194 imm
1690 4132 1745 4193 in
1775 4137 1860 4192 die
1889 4137 2008 4200 ἅνω,

439 4244 487 4287 et
520 4232 875 4296 reuelationis,
912 4242 962 4286 et
988 4231 1127 4300 justi
1166 4231 1361 4301 judicii
1401 4231 1521 4297 Dei,
1553 4232 1662 4303 3o
1693 4234 1782 4302 qui
1830 4231 2011 4286 reddet

2113 3051 2204 3105 ὅτι
2233 3051 2316 3106 σὺ
2343 3051 2609 3121 ἐκφεύξῃ
2627 3051 2694 3104 τὸ
2727 3049 2904 3120 κρῖμα
2921 3050 3028 3104 τοῦ
3055 3049 3241 3114 Θεοῦ;
3275 3051 3343 3104 "H
3369 3049 3474 3104 τοῦ
3502 3050 3689 3102 πλού-

2114 3160 2219 3197 του
2259 3142 2369 3212 τῆς
2423 3144 2828 3212 χρηστότητος
2875 3141 3082 3203 αὑτοῦ,
3127 3141 3225 3194 καί
3279 3138 3386 3207 τῆς
3425 3137 3685 3210 ἀνοχῆς.

2114 3235 2212 3288 καὶ
2264 3223 2374 3302 τῆς
2421 3234 2828 3303 μακροθυμίας
2885 3231 3314 3302 καταφρονεῖς
3359 3231 3549 3302 Ἡμεῖς
3590 3230 3688 3302 μὲν

2115 3323 2294 3392 ἴσμεν,
2325 3321 2402 3385 ὡς
2429 3323 2509 3384 εἰς
2544 3323 2736 3392 καιρὸν
2787 3321 3002 3392 ἑκάστῳ
3056 3320 3463 3393 παρανομοῦντι
3485 3320 3583 3392 τὴν
3611 3337 3692 3373 τί-

2119 3411 2328 3483 μωρίαν
2353 3414 2380 3464 6
2409 3411 2616 3475 δίκαιος
2670 3412 2860 3477 ἐπάξει
2914 3409 3129 3485 κριτῆς.
3165 3413 3350 3484 Ὑμεῖς
3384 3412 3462 3475 δὲ,
3502 3413 3685 3483 φησὶν,

2115 3502 2552 3574 ὑπολαμϐάνετε,
2597 3505 2646 3557 οἱ
2700 3505 2826 3566 τοὺς
2863 3504 2959 3574 μὲν
2992 3504 3185 3569 ἄλλους
3215 3504 3557 3570 κολάζοντες,
3588 3505 3689 3574 τὴν

2114 3595 2171 3648 δὲ
2203 3596 2412 3648 οἰκείαν
2465 3596 2808 3666 παρανομίαν
2868 3596 2994 3649 ἰδεῖν
3021 3608 3024 3611 ·
3050 3597 3152 3650 οὑκ
3200 3597 3495 3661 ἐθέλοντες,
3524 3597 3606 3650 ὅτι
3629 3595 3691 3649 τὸ

2116 3682 2256 3735 θεῖον
2282 3682 2631 3752 διαφεύξεσθε
2659 3684 3029 3755 δικαστήριον.
3062 3684 3202 3737 Ἀλλ’
3224 3685 3323 3754 οὑχ
3345 3684 3487 3738 οὕτω
3517 3683 3692 3738 ταῦτα

2117 3773 2250 3844 ἔχει.
2299 3773 2573 3846 Ἀνέχεται
2611 3775 2721 3847 γὰρ
2757 3775 2852 3829 καὶ
2905 3774 3267 3846 μακροθυμεῖ,
3293 3776 3394 3847 τὴν
3435 3776 3534 3848 σὴν
3562 3779 3692 3830 ἁνα-

2120 3866 2296 3937 μένων
2322 3868 2632 3937 μετάνοιαν.
2692 3866 2862 3922 Τοῦτο
2916 3867 3026 3940 γὰρ
3077 3870 3389 3940 ἐπήγαγεν·
3435 3866 3694 3938 Ἀγ-νοὼν

2117 3957 2210 4011 ὅτι
2257 3959 2322 4011 τὸ
2355 3959 2622 4027 χρηστὸν
2652 3958 2754 4012 τοῦ
2789 3958 2938 4012 Θεοῦ
2967 3961 3053 4024 είς
3081 3959 3403 4028 μετάνοιάν
3430 3977 3504 4014 σε
3541 3961 3690 4030 ἄγει.

2189 4055 2251 4103 ε’.
2272 4052 2427 4104 Κατὰ
2449 4050 2516 4104 δὲ
2539 4051 2653 4117 τὴν
2667 4051 3053 4118 σκληρότητα
3086 4067 3224 4114 σου,
3249 4053 3348 4105 καὶ
3365 4053 3694 4122 ἀμετανόη-

2117 4158 2224 4196 τον
2241 4141 2513 4210 καρδίαν,
2539 4143 2912 4210 θησαυρίζεις
2931 4141 3168 4208 σεαυτῷ
3192 4142 3380 4212 ὀργὴν
3407 4145 3464 4198 ἐν
3503 4143 3694 4214 ἡμέρα

2119 4233 2304 4303 ὀργῆς
2341 4234 2437 4287 καὶ
2466 4235 2929 4303 ἀποκαλύψεως,
2970 4234 3069 4289 καί
3110 4235 3550 4304 δικαιοκρισίας
3583 4236 3694 4290 τοῦ

439 4325 718 4395 unicuique
776 4323 1062 4378 secundum
1129 4341 1287 4395 opera
1319 4326 1452 4396 ejus.
1513 4327 1783 4396 Quoniam
1863 4327 2005 4382 enim

2121 4326 2269 4380 Θεοῦ
2293 4367 2307 4389 ,
2350 4325 2417 4391 ὃς
2466 4325 2766 4381 ἀποδώσει
2817 4326 3052 4393 ἑκάστῳ
3104 4328 3256 4383 κατὰ
3285 4329 3357 4381 τὰ
3400 4329 3544 4397 ἔργα
3585 4329 3694 4382 αὺ-

439 4417 575 4471 dura
605 4433 666 4472 es
693 4424 748 4472 et
777 4416 1044 4472 indomita
1075 4425 1278 4482 mente,
1312 4427 1366 4474 et
1399 4419 1454 4474 in
1496 4420 1849 4491 improbitate
1883 4434 2010 4489 per-

440 4525 680 4574 severas,
721 4508 865 4562 ieres
917 4510 1184 4566 adversus
1213 4511 1447 4581 teipsum
1500 4511 1830 4567 sententiam
1879 4525 2010 4580 sup-

439 4602 589 4673 plicii
624 4619 637 4656 :
674 4617 837 4670 quam
893 4617 1040 4655 nunc
1087 4603 1313 4671 quidem
1365 4603 1510 4660 Deus
1548 4603 1729 4659 dill‘ert
1789 4612 2012 4674 propter

440 4709 595 4749 suam
662 4693 1128 4761 misericordiam,
1171 4695 1269 4752 sed
1295 4712 1414 4753 eam
1463 4697 1731 4752 revelabit
1761 4704 2012 4753 extremo

439 4787 548 4851 die,
598 4786 964 4858 operibusque
1013 4789 1400 4842 convenientes
1445 4789 1728 4844 mercedes
1793 4787 2008 4844 reddet.

437 4877 578 4932 lllud
611 4886 794 4933 autem
830 4878 1160 4934 thesaurizas
1215 4877 1312 4931 tibi
1353 4885 1499 4933 recte
1561 4879 1770 4948 posuit,
1815 4887 2008 4934 osten-

439 4969 576 5026 dens
631 4969 776 5040 quod
831 4970 1042 5023 nullum
1097 4976 1347 5024 nostrum
1404 4967 1615 5022 dictum
1671 4967 1759 5023 vel
1803 4967 2007 5022 factum

438 5062 700 5118 oblivioni
751 5063 1075 5124 mandatur;
1113 5059 1206 5115 sed
1239 5067 1295 5114 et
1331 5059 1557 5115 virtutis
1602 5066 1877 5113 amatores
1913 5058 2012 5113 bo-

439 5171 636 5211 norum
669 5155 989 5209 thesaurum
1013 5152 1114 5208 sibi
1143 5159 1452 5223 congerunt
1487 5169 1499 5204 :
1525 5161 1580 5206 et
1609 5150 1703 5220 qui
1738 5149 2006 5220 iniquita-

438 5253 549 5302 tem
583 5251 900 5314 operantur,
947 5240 1202 5297 similiter
1244 5241 1510 5296 tnalorum
1554 5241 1875 5297 thesaurum
1915 5254 2010 5294 ac-

437 5335 736 5390 cumulant.

511 5423 676 5480 Vnns.
727 5424 778 5476 7.
822 5423 903 5480 Iis
961 5424 1172 5494 quidem
1215 5426 1306 5496 qui
1357 5440 1447 5496 per
1507 5425 1822 5495 patientiam
1889 5425 2009 5479 boni

436 5517 610 5581 operis
634 5515 863 5586 gloriam
892 5524 942 5571 et
969 5518 1221 5573 honorem
1271 5526 1324 5571 et
1369 5517 1818 5584 incorruptionem
1866 5530 2012 5584 qutt-

433 5613 573 5672 runt,
605 5607 768 5660 vitam
817 5617 1086 5664 (eternam.
1129 5607 1191 5662 Et
1242 5608 1459 5664 virtutis
1512 5609 1726 5663 labores
1791 5606 1996 5671 docuit,

2120 4417 2246 4471 τοῦ.
2285 4417 2499 4489 Ἐπειδὴ
2538 4419 2647 4491 γὰρ
2671 4419 2982 4491 ἀτεράμονα
3030 4419 3257 4490 γνώμην
3295 4418 3461 4488 ἔχεις.
3509 4421 3604 4472 καὶ
3625 4421 3696 4490 τῇ

2120 4510 2356 4582 πονηρία
2422 4512 2774 4583 προσμένεις,
2832 4510 2976 4564 κατὰ
3061 4509 3262 4564 σαυτοῦ
3326 4511 3532 4578 κρινεῖς
3591 4509 3696 4578 τῆς

2118 4602 2390 4684 τιμωρίας
2443 4602 2541 4673 τὴν
2581 4604 2783 4674 ψῆφον·
2830 4605 2896 4673 ἢν
2933 4601 3027 4655 νῦν
3077 4603 3175 4670 μὲν
3220 4601 3248 4652 ὁ
3281 4598 3412 4661 Θεὸς
3452 4597 3519 4652 δι’
3548 4599 3694 4652 ἔλεον

2120 4695 2499 4757 ἀναϐάλλεται,
2516 4694 2855 4762 ἀποκαλῷει
2886 4694 2942 4746 δὲ
2970 4693 3112 4748 κατὰ
3138 4692 3238 4763 τὴν
3269 4690 3369 4760 τῆς
3387 4690 3695 4756 συντελείας

2120 4787 2356 4858 ἡμέραν,
2403 4785 2498 4838 καὶ
2549 4785 2917 4854 καταλλήλους
2967 4788 3080 4848 τοῖς
3130 4783 3311 4855 ἔργοις
3353 4782 3452 4846 τὰς
3489 4783 3697 4838 ἀντιδό-

2121 4895 2234 4941 σεις
2263 4875 2504 4948 παρέξει.
2533 4876 2727 4940 Καλῶς
2763 4876 2820 4930 δὲ
2856 4877 2952 4930 xat
2974 4877 3035 4931 τὸ
3059 4877 3435 4946 θησαυρίζεις
3459 4877 3697 4944 σεαυτῷ

2117 4968 2347 5035 τέθεικε,
2380 4967 2593 5032 δεικνὺς
2644 4967 2719 5031 ὡς
2744 4969 2897 5022 οὐδὲν
2922 4969 3032 5023 τῶν
3074 4969 3359 5041 ἡμετέρων
3395 4970 3427 5042 ἢ
3461 4969 3692 5042 λόγωνῆ

2119 5059 2294 5130 ἔργων
2325 5057 2685 5131 παραδέδοται
2725 5059 2864 5131 λήθῃ
2893 5076 2907 5091 ·
2957 5059 3096 5115 ἀλλὰ
3148 5062 3244 5114 καὶ
3275 5061 3324 5115 οἱ
3368 5063 3467 5132 τῆς
3493 5060 3696 5132 ἀρετῆς

2119 5151 2348 5224 ἐρασταὶ
2376 5150 2559 5220 σφίσιν
2587 5152 2799 5215 ἑαυτοῖς
2837 5151 2907 5205 τὰ
2940 5151 3119 5222 ἀγαθὰ
3162 5152 3573 5224 θησαυρίζουσι,
3604 5154 3697 5204 καὶ

2117 5243 2168 5296 oi
2198 5243 2295 5315 τῆς
2322 5241 2586 5315 πονηρίας
2609 5232 2838 5315 ἐργάται
2859 5243 3024 5298 ταυτδ
3051 5245 3209 5300 τοῦτο
3229 5245 3466 5302 ποιοῦσι.

2191 5422 2254 5487 ζ’.
2277 5421 2404 5488 Τοῖς
2431 5419 2545 5491 μὲν
2567 5422 2695 5475 καθ’
2718 5421 3034 5491 ὑπομονὴν
3049 5422 3227 5492 ἔργου
3245 5421 3468 5489 ἀγαθοῦ
3484 5419 3692 5485 δόξαν,

2121 5514 2216 5568 καί
2248 5512 2448 5582 τιμὴν,
2475 5513 2572 5566 καὶ
2600 5514 2941 5582 ἀφθαρσίαν
2959 5514 3220 5582 ζητοῦσι,
3256 5513 3408 5581 ζωὴν
3435 5510 3694 5565 αἰώνιον.

2111 5606 2222 5659 Καὶ
2245 5606 2369 5670 τοὺς
2405 5606 2595 5668 πόνους
2632 5605 2836 5672 ἐδίδαξε
2888 5607 2986 5678 τῆς
3031 5608 3252 5678 ἀρετῆς,
3288 5605 3380 5658 καὶ
3419 5603 3542 5667 τοὺς
3576 5619 3694 5656 στε-
