4074 6176
353 219 422 282 09
1183 209 1798 276 INTERPRETATIO
1823 211 2064 274 EPIST.
2093 214 2192 274 AD
2221 214 2402 274 ΗΘΜ.
2433 217 2590 276 CAP.
2626 219 2705 278 II.
3527 222 3601 288 7O

353 328 560 401 φάνους
603 320 873 388 ὑπέδειξε.
911 321 984 375 Τὸ
1033 321 1162 393 γὰρ,
1207 325 1337 376 καθ’
1387 323 1705 394 ὑπομονὴν
1754 322 1931 393 ἔργου

2043 331 2090 378 et
2113 340 2351 381 coronas
2383 328 2637 382 ostendit.
2671 327 2805 382 Illud
2837 329 3006 394 enim,
3027 347 3116 401 per
3139 331 3448 398 patientiam
3483 331 3604 386 boni

351 417 598 491 ἀγαθοῦ,
621 416 728 469 τῶν
776 415 954 468 πόνων
1001 413 1315 488 δηλωτικόν.
1351 416 1442 468 Δεῖ
1489 415 1597 485 γὰρ
1639 415 1928 483 ὑπομεῖναι

354 511 448 566 καὶ
475 506 822 578 κατορθῶσαι
857 507 954 577 τὴν
990 505 1212 577 ἀρετὴν,
1248 506 1340 560 καὶ
1378 504 1521 560 οὕτω
1563 506 1688 568 τοὺς
1727 504 1932 576 ταύτης

353 602 649 671 ἀναμεῖναι
682 598 999 666 στεφάνους.
1020 596 1181 650 Ἀλλὰ
1210 597 1545 668 πρόσκαιρος
1578 597 1673 667 μὲν
1698 597 1725 648 ὁ
1751 596 1927 658 πόνος,

356 692 572 749 αἰώνιον
591 690 650 745 δὲ
673 691 736 742 τὸ
755 689 968 759 κέρδος.
995 689 1070 742 Οὐ
1106 688 1264 760 μόνον
1301 688 1357 741 δὲ
1391 691 1458 759 τῇ
1489 687 1601 758 ζωῇ
1625 686 1686 739 τὸ
1715 685 1931 738 αἰώνιον

356 781 764 856 πρόσκειται²⁸,
796 781 931 832 ἀλλὰ
969 782 1062 832 καὶ
1103 783 1168 852 τῇ
1214 780 1360 851 δόξῃ,
1406 779 1500 832 καὶ
1541 780 1604 848 τῇ
1652 778 1805 846 τιμῇ,
1840 776 1932 828 καὶ

355 879 420 947 τῇ
452 873 746 943 ἀφθαρσίᾳ.
771 872 870 924 Διὰ
893 871 1155 924 πλειόνων
1186 870 1295 942 γὰρ
1326 868 1593 940 ἐϐουλήθη
1638 865 1931 930 δεῖξαι-σῶν

356 953 574 1037 ἀγαθῶν
598 966 698 1038 τὴν
731 965 1018 1020 ἀντίδοσιν.

428 1067 498 1131 η’,
523 1057 587 1113 θ’.
617 1057 744 1123 Τοῖς
787 1056 854 1110 δὲ
891 1057 961 1120 ἐξ
1013 1055 1284 1122 ἐριθείας,
1324 1055 1420 1108 καὶ
1477 1053 1788 1109 ἀπειθοῦσι
1815 1053 1933 1123 μὲν

355 1148 434 1219 τῇ
465 1147 734 1216 ἀληθείᾳ.
766 1145 1136 1215 πειθομένοις
1166 1145 1232 1198 δὲ
1255 1145 1328 1213 τῇ
1352 1145 1572 1213 ἀδικίᾳ,
1599 1146 1784 1215 θυμὸς
1835 1147 1929 1199 καὶ

359 1240 526 1310 ὀργὴ.
561 1240 768 1307 θλίψις
791 1237 886 1290 καὶ
923 1236 1308 1304 στενοχωρία,
1349 1237 1444 1290 ἐπὶ
1486 1234 1693 1291 πᾶσαν
1721 1237 1934 1306 ψυχὴν

358 1329 693 1398 ἀνθρώπου,
751 1326 855 1380 τοῦ
893 1323 1392 1394 κατεργαζομένου
1439 1325 1502 1378 τὸ
1537 1325 1744 1390 κακὸν,
1787 1327 1932 1379 Ἰου-

359 1423 530 1478 δαίου
595 1438 658 1475 τε
690 1418 926 1488 πρῶτον
964 1418 1063 1471 καὶ
1096 1419 1422 1486 Ἕλληνος.
1469 1416 1680 1488 ’Ὠσπερ
1725 1419 1816 1470 ἐπὶ
1838 1417 1934 1484 τῆς

361 1511 552 1582 ἐτέρας
583 1509 914 1580 συμμορίας,
957 1508 1056 1578 οὐχ
1108 1505 1293 1569 ἁπλῶς
1327 1508 1436 1567 τοῖς
1469 1504 1723 1576 τυχοῦσιν
1753 1507 1934 1557 ἐκεῖνα

361 1604 624 1674 ὑπέσχετο
648 1602 715 1655 τὰ
755 1601 955 1670 ἀγαθὰ,
993 1599 1112 1653 οὐδὲ
1167 1601 1282 1661 τοῖς
1325 1596 1463 1668 μετὰ
1493 1595 1776 1668 ῥᾳστώνης
1809 1611 1933 1665 μετ-

364 1696 500 1751 ιοῦσι
539 1696 637 1767 τὴν
667 1695 889 1767 ἀρετὴν,
924 1693 1062 1747 ἀλλά
1095 1695 1205 1753 τοῖς
1229 1689 1525 1760 ὑπομένειν
1554 1688 1732 1758 αὐτῆς
1761 1689 1937 1757 ἀνεχο-

365 1789 544 1861 μένοις
570 1788 696 1850 τοὺς
737 1787 966 1848 πόνους·
1017 1784 1159 1836 οὕτω
1193 1782 1287 1835 καὶ
1333 1781 1424 1833 ἐπὶ
1462 1779 1562 1850 τῆς
1601 1780 1800 1841 κακίας
1840 1779 1936 1840 τὰς

361 1878 603 1951 χαλεπὲς
631 1877 928 1947 ἠπείλησεν
962 1873 1210 1940 ἀπειλὰς,
1244 1873 1303 1926 ού
1337 1875 1447 1934 τοῖς
1480 1874 1544 1924 ἐκ
1568 1868 1936 1943 περιστάσεὼς

361 1985 504 2032 τινος
542 1965 939 2019 ὀλισθαίνουσιν
961 1964 1038 2026 είς
1074 1963 1263 2033 αὐτὴν,
1288 1961 1419 2015 ἀλλὰ
1445 1963 1555 2023 τοῖς
1574 1960 1711 2030 μετά
1739 1958 1937 2029 πολλῆς

363 2059 531 2130 αὐτὴν
558 2054 802 2127 μετιοῦσι
828 2054 1080 2124 σπουδῆς⁸
1108 2053 1266 2107 τοῦτο
1294 2053 1401 2124 γὰρ
1423 2052 1573 2124 δηλοῖ
1599 2053 1679 2117 τὸ,
1699 2050 1793 2115 Ἐξ
1817 2051 1936 2118 ἐρι-

365 2153 549 2214 θείας,
592 2147 688 2199 καὶ
719 2146 1055 2201 Ἀπειθοῦσι
1081 2145 1157 2214 τῇ
1175 2145 1445 2212 ἀληθείᾳ,
1468 2147 1560 2198 καὶ
1582 2142 1938 2212 Κατεργαζο-

359 2241 568 2311 μένοις
593 2237 658 2290 τὸ
689 2238 894 2292 κακόν.
939 2236 1171 2307 Ὁμοίως
1211 2236 1290 2296 δὲ,
1340 2235 1495 2303 φησι,
1522 2235 1616 2287 καὶ
1654 2232 1939 2293 Ἰουδαίους

368 2331 464 2383 καὶ
489 2328 776 2398 Ἕλληνας,
810 2329 906 2380 καὶ
925 2325 1370 2398 παρανομοῦντας
1396 2325 1633 2388 κολάσει,
1664 2325 1755 2376 καὶ
1787 2325 1937 2376 εύσεο

372 2417 522 2482 σείας
542 2419 634 2471 καὶ
650 2417 990 2486 δικαιοσύνης
1017 2416 1476 2484 ἐπιμελουμένους
1499 2411 1718 2478 ἀξιώσει
1743 2414 1939 2483 στεφά-

369 2523 490 2561 νων.
546 2507 813 2576 Ἕλληνας
843 2505 898 2558 δὲ
946 2505 1040 2558 νύν
1077 2504 1250 2566 καλεῖ,
1289 2505 1347 2556 ού
1389 2505 1515 2567 τοὺς
1557 2503 1631 2574 τῷ
1670 2504 1800 2574 θείῳ
1837 2522 1940 2575 κη·-

367 2596 606 2668 ρύγματι
631 2595 1119 2667 προσεληλυθότας,
1175 2593 1312 2648 ἀλλὰ
1361 2597 1486 2658 τοὺς
1526 2596 1630 2666 πρὸ
1659 2595 1759 2665 τῆς
1791 2595 1939 2658 θείας

365 2688 826 2760 ὲνανθρωπήσεως
858 2687 1172 2756 γεγονότας.
1229 2689 1304 2741 Ού
1358 2687 1462 2758 μὴν
1497 2691 1610 2750 τοῖς
1647 2688 1718 2742 τὰ
1742 2688 1938 2740 εἴδωλα

367 2782 775 2853 προσκυνήσασι
833 2781 932 2850 τὴν
980 2780 1123 2850 ζωὴν
1154 2780 1254 2851 τὴν
1282 2780 1499 2833 αἰώνιον
1549 2779 1936 2848 ἐπηγγείλατο,

368 2872 503 2928 ἀλλὰ
527 2875 642 2936 τοῖς
691 2870 797 2935 ἔξω
843 2871 941 2941 μὲν
977 2872 1072 2923 τοῦ
1119 2870 1416 2924 Μωσαῖκοῦ
1460 2870 1941 2938 πολιτευσαμένοις

2035 415 2233 482 operis,
2273 415 2493 471 labores
2533 417 2832 487 significat.
2857 418 3086 490 Oportet
3132 425 3276 476 enim
3306 421 3600 485 sustinere,

2033 515 2086 560 et
2121 516 2268 562 recte
2299 522 2362 562 ac
2401 507 2614 563 fortiter
2671 511 2928 566 virtutem
2963 529 3241 575 exercere,
3286 525 3340 568 et
3382 515 3458 568 ita
3483 514 3606 582 ejus

2033 609 2267 652 coronas
2316 589 2670 668 exspectare.
2711 600 2814 653 Sed
2864 601 3021 656 labor
3054 603 3278 672 quidem
3302 603 3367 657 ad
3395 613 3606 673 tempus

2031 689 2354 758 suscipitur,
2387 691 2600 744 lucrum
2637 707 2764 745 vero
2798 703 2882 747 est
2908 703 3198 748 aeternum.
3241 694 3376 748 lllud
3425 705 3604 748 autem

2033 788 2313 842 alternum,
2344 795 2453 835 non
2505 781 2681 835 solum
2725 783 2846 835 vitae
2889 783 3149 847 adimeret,
3182 783 3275 838 sed
3312 791 3365 837 et
3399 783 3604 852 glorize,

2032 877 2086 923 et
2117 869 2336 936 bonori,
2363 881 2414 926 et
2448 873 2867 943 incorruptioni.
2929 873 3113 927 \‘oluit
3169 877 3310 932 enim
3358 875 3608 944 pluribus

2033 964 2323 1020 ostendere
2357 965 2626 1020 bonorum
2668 970 3191 1022 remunerationem.

2107 1054 2273 1110 Vens.
2312 1056 2429 1120 8,9.
2454 1055 2532 1110 Iis
2566 1075 2684 1112 tero
2717 1060 2806 1128 qui
2831 1069 3037 1112 suntex
3073 1058 3421 1123 contentione,
3444 1067 3493 1112 et
3519 1061 3610 1128 qui

2036 1164 2139 1200 non
2175 1150 2526 1216 acquiescant
2562 1151 2793 1212 veritati,
2845 1151 3062 1204 credunt
3098 1162 3272 1205 autem
3306 1151 3608 1220 injustitia’,

2034 1237 2119 1288 ira
2149 1246 2196 1290 et
2237 1239 2556 1307 indignatio,
2595 1239 2868 1293 tribulatio
2898 1249 2949 1292 et
2989 1240 3238 1309 angustia
3295 1241 3350 1293 in
3403 1256 3608 1293 onmem

2037 1329 2274 1379 animam
2309 1328 2539 1381 hominis
2589 1333 2852 1392 operantis
2887 1331 3108 1394 malum,
3156 1328 3336 1383 Judtei
3379 1330 3610 1398 primum

2036 1427 2084 1469 et
2140 1416 2370 1470 erci.‘
2431 1418 2900 1484 Quemadmodum
2952 1421 3004 1473 in
3049 1422 3220 1474 altera
3272 1429 3424 1490 parte
3500 1436 3610 1475 non

2040 1508 2368 1578 simpliciter
2429 1509 2765 1577 quibuslibet
2815 1509 2909 1562 illa
2960 1510 3103 1563 bona
3168 1512 3456 1580 promisit,
3511 1527 3614 1566 nec

2040 1599 2109 1654 iis
2146 1601 2239 1669 qui
2288 1599 2548 1654 virtutem
2617 1600 2856 1670 segniter
2914 1609 3343 1670 persequuntur,
3401 1602 3496 1656 sed
3545 1601 3615 1655 iis

2039 1688 2132 1758 qui
2181 1698 2414 1758 possunt
2461 1687 2583 1757 ejus
2645 1689 2861 1744 labores
2907 1690 3204 1754 sustinere,
3267 1691 3342 1744 ita
3381 1700 3434 1746 et
3482 1692 3617 1744 vitio

2039 1793 2234 1849 graves
2263 1779 2441 1832 minas
2472 1779 2723 1846 intentat,
2764 1795 2872 1834 non
2916 1779 2984 1834 iis
3017 1781 3109 1850 qui
3145 1796 3278 1835 casn
3333 1782 3518 1850 aliquo
3559 1783 3612 1835 in

2038 1870 2091 1924 id
2125 1871 2508 1941 prolabuntur,
2538 1870 2640 1940 31
2685 1871 2776 1926 sed
2810 1872 2878 1925 iis
2906 1872 2997 1942 qui
3044 1871 3177 1925 illud
3213 1888 3408 1943 magno
3429 1873 3615 1927 studio

2040 1962 2452 2032 aggrediuntur.
2490 1961 2604 2015 Hoc
2656 1963 2800 2016 enim
2864 1962 3138 2033 significat
3171 1964 3327 2025 illud,
3356 1963 3439 2017 Ex
3489 1981 3617 2018 con-

2042 2050 2290 2112 tentione,
2323 2059 2376 2104 ct
2406 2048 2510 2114 Qui
2553 2066 2656 2102 non
2685 2061 2870 2118 parent
2912 2053 3142 2115 ueritati,
3177 2061 3232 2106 et
3261 2051 3614 2124 Operantibus

2041 2139 2266 2193 malum.
2321 2139 2590 2194 Similiter
2671 2150 2877 2204 autem,
2937 2143 3141 2212 inquit,
3197 2154 3251 2198 et
3296 2142 3517 2200 Judteos
3561 2155 3617 2198 et

2042 2228 2282 2294 Graecos,
2325 2240 2378 2284 et
2409 2231 2597 2300 inique
2648 2241 2870 2300 agentes
2925 2234 3135 2301 puniet,
3177 2241 3233 2287 et
3285 2235 3508 2303 pietatis
3552 2251 3616 2288 ac

2036 2320 2270 2390 justitiaa
2301 2337 2490 2374 curam
2538 2330 2791 2391 gerentes
2828 2323 3053 2376 coronis
3096 2321 3433 2390 dignabitur.
3467 2324 3615 2379 Cra:-

2042 2427 2139 2467 cos
2172 2424 2351 2466 autem
2382 2429 2528 2468 nunc
2583 2422 2759 2477 vocat,
2816 2428 2926 2468 non
2971 2428 3066 2468 cos
3107 2415 3200 2483 qui
3254 2415 3318 2467 ad
3376 2416 3616 2468 divinam

2043 2507 2484 2577 praedicationem
2521 2513 2893 2569 accesserant,
2939 2505 3033 2559 sed
3062 2521 3158 2560 eos
3193 2507 3287 2577 qui
3320 2516 3446 2562 ante
3478 2507 3616 2561 divi—

2042 2616 2168 2653 nam
2203 2599 2640 2654 incarnationem
2692 2597 2932 2653 fuerant.
2980 2595 3099 2652 Non
3130 2607 3312 2653 tamen
3349 2599 3418 2653 iis
3447 2600 3616 2652 vitam
3707 2659 3711 2662 Α

2042 2703 2303 2747 mternam
2335 2693 2614 2762 pollicitus
2636 2699 2721 2747 est
2753 2693 2846 2762 qui
2877 2692 3023 2745 idola
3055 2691 3379 2754 adorarunt,
3418 2694 3514 2746 sed
3549 2691 3619 2745 iis

2044 2788 2136 2854 qui
2173 2793 2328 2838 extra
2372 2785 2543 2855 legem
2585 2783 2806 2856 quidem
2841 2784 3137 2838 Mosaicam
3173 2787 3338 2837 vitam
3365 2794 3618 2855 egerunt,

2046 2877 2300 2943 pietatem
2360 2884 2540 2931 tamen
2607 2875 2814 2944 Deique
2873 2876 3082 2929 cultum
3118 2877 3356 2945 amplexi
3389 2885 3518 2930 sunt
3567 2887 3622 2930 et

366 2965 555 3036 νόμου,
579 2961 892 3016 θεοσέϐειαν
920 2961 973 3015 δὲ
1001 2963 1436 3032 ἀσπασαμένοις,
1472 2962 1567 3014 καὶ
1594 2961 1940 3032 δικαιοσύνης

2045 2965 2276 3035 justitia'.
2299 2979 2488 3018 curam
2514 2973 2826 3036 gesserunt.

365 3053 780 3126 πεφροντικόσι.

441 3153 493 3202 ι’.
523 3144 681 3210 Δόξα
703 3145 796 3209 δὲ,
824 3142 925 3197 καὶ
956 3141 1113 3213 τιμὴ,
1152 3143 1250 3196 καί
1280 3144 1511 3212 εῙρ-ήνη,
1539 3143 1715 3196 παντί
1741 3141 1821 3209 τῷ
1849 3143 1944 3212 ἐρ-

368 3234 668 3305 γαζομένῳ
704 3233 771 3286 τὸ
819 3229 1078 3301 ἀγαθὸν,
1127 3230 1383 3296 Ἰουδαίῳ
1428 3248 1492 3285 τε
1547 3230 1802 3300 πρῶτον,
1847 3231 1946 3284 καὶ

371 3327 648 3394 Ἕλληνι.
674 3325 790 3396 Οὐχ
811 3324 993 3386 ἁπλῶς
1015 3322 1173 3375 τοῦτο
1197 3322 1462 3389 τέθεικεν,
1487 3323 1602 3376 ἀλλ’
1627 3323 1710 3375 ἵνα
1737 3322 1946 3384 τούτοις

369 3421 462 3472 τὸν
491 3416 619 3488 ἑξῆς
650 3417 932 3488 συνυφήνῃ
970 3415 1149 3485 λόγον.
1181 3414 1380 3469 Μέλλει
1411 3417 1520 3487 γὰρ
1543 3414 1640 3487 τὴν
1676 3414 1946 3469 Ἰουδαίων

369 3507 556 3562 λοιπὸν
589 3507 863 3578 εἰσφέρειν
889 3504 1241 3578 κατηγορίαν.

447 3629 536 3686 ια’,
585 3621 674 3691 ιβ’.
731 3622 814 3675 Οὐ
841 3618 953 3690 γάρ
992 3619 1122 3674 ἐστι
1165 3621 1646 3688 προσωποληψία
1687 3619 1846 3687 ,παρὰ
1869 3617 1950 3684 τῷ

376 3713 517 3779 Θεῷ.
569 3714 744 3766 Ὅσοι
798 3712 909 3784 γὰρ
960 3711 1193 3780 ἀνόμως
1260 3709 1544 3781 ἥμαρτον,
1589 3711 1820 3780 ἀνόμως
1851 3711 1948 3764 καί

2121 3140 2288 3196 Vens.
2332 3140 2418 3195 l0.
2457 3138 2640 3194 Gloria
2695 3150 2892 3206 autem,
2929 3151 2978 3196 et
3025 3142 3212 3208 honor,
3245 3153 3293 3196 et
3324 3159 3432 3213 pax
3479 3142 3622 3196 omni

2049 3234 2290 3302 aperanti
2324 3231 2532 3298 bonum,
2559 3232 2750 3286 Judazo
2777 3234 3030 3300 primum,
3051 3247 3099 3288 et
3135 3233 3336 3288 Greece.
3371 3233 3484 3289 Hoc
3513 3251 3620 3290 non

2048 3323 2252 3378 frustra
2300 3324 2506 3392 posuit,
2544 3323 2638 3378 sed
2698 3331 2756 3376 ut
2819 3340 2941 3376 cum
2998 3324 3082 3379 bis
3136 3328 3418 3394 sequentia
3473 3327 3618 3380 dicta

2050 3421 2422 3469 connecteret.
2457 3413 2554 3468 Est
2606 3413 2751 3467 enim
2803 3411 3117 3467 Judteorum
3167 3415 3424 3485 deinceps
3456 3431 3622 3470 accu-

2048 3506 2313 3561 sationem
2350 3505 2783 3560 introducturns.

2123 3613 2289 3669 Vens.
2333 3615 2422 3682 ll,
2456 3614 2542 3668 12.
2578 3613 2701 3669 Non
2741 3623 2818 3668 est
2850 3630 2972 3686 ergo
3015 3631 3358 3685 personarum
3387 3617 3623 3685 acceptio

2053 3708 2192 3777 apud
2223 3708 2410 3764 Deum.
2445 3707 2757 3778 Quicunque
2799 3709 2937 3763 enim
2971 3709 3084 3764 sine
3115 3709 3224 3780 lege
3259 3720 3621 3779 peccaverunt,

373 3805 743 3862 ἀπολοῦνται
764 3820 778 3835 ο
819 3804 916 3856 καὶ
959 3801 1092 3856 ὅσοι
1129 3802 1199 3855 ἐν
1225 3803 1386 3870 νόμῳ
1420 3801 1704 3870 ἥμαρτον,
1731 3799 1828 3854 διὰ
1853 3801 1940 3854 νό-

2052 3801 2169 3856 sine
2195 3801 2302 3872 lege
2315 3813 2359 3855 et
2375 3803 2616 3870 peribunt
2636 3842 2650 3865 ,
2673 3811 2722 3855 et
2741 3803 3032 3874 quicunque
3060 3804 3114 3856 in
3141 3803 3248 3873 lege
3259 3814 3620 3873 peccaverunt,

367 3913 490 3967 μου
537 3895 942 3964 κριθήσονται.
984 3895 1207 3949 Πάντων
1257 3894 1386 3964 γὰρ,
1445 3893 1599 3963 φησὶ,
1651 3893 1880 3963 ποιητὴς
1923 3893 1940 3945 ἐ

2051 3907 2143 3961 ρει·
2194 3891 2354 3962 legem
2407 3890 2815 3961 judicabantur.
2869 3891 3126 3948 Omnium
3177 3895 3360 3958 enim,
3424 3897 3625 3966 inquit,

374 3986 524 4050 Θεὸς.
571 3987 787 4040 πάντων
815 3981 908 4038 οὖν
949 3986 1101 4040 ἔσται
1140 3984 1354 4057 κριτὴς,
1391 3985 1485 4036 καὶ
1516 3985 1640 4048 τοὺς
1684 3983 1782 4054 μὲν
1826 3985 1940 4036 Ἰουι

2054 3992 2273 4040 creator
2303 3982 2447 4038 Deus
2479 3983 2724 4037 onmium
2756 3999 2975 4054 quoque
3011 3983 3184 4052 judex
3219 3986 3340 4040 erit.
3376 3987 3438 4040 Et
3464 4001 3494 4040 a
3527 3985 3626 4039 Ju-

373 4077 554 4141 δαίους
583 4077 724 4130 κατά
753 4078 845 4131 τὸν
874 4075 1166 4131 Μωσαῖκὸν
1196 4075 1356 4145 νόμον
1390 4074 1620 4138 εὐθύνας
1661 4074 1940 4146 εἰσπράξει

2054 4075 2188 4132 daeis
2238 4076 2458 4148 quidem
2508 4091 2575 4131 ex
2633 4077 2750 4146 lege
2798 4075 3033 4132 Mosaica
3072 4077 3342 4132 rationem
3389 4079 3572 4147 exiget
3611 4096 3624 4132 ι

374 4185 466 4222 ται
486 4209 500 4233 ,
533 4169 658 4233 τοὺς
692 4168 750 4222 δέ
796 4185 860 4237 γε
901 4167 1091 4222 τοῦτον
1129 4168 1190 4222 ού
1221 4167 1546 4239 δεξαμένους
1571 4165 1814 4238 (τούτους
1845 4167 1940 4238 γὰρ

2054 4181 2152 4222 eos
2201 4177 2384 4222 autem
2447 4167 2539 4236 qui
2592 4183 2710 4221 eam
2762 4183 2871 4230 non
2931 4159 3284 4237 acceperunt,
3325 4169 3428 4224 bos
3481 4171 3626 4222 enim

377 4261 613 4330 ἀνόμους
646 4261 855 4330 καλεῖ),
881 4255 1000 4313 εἶτα
1029 4260 1422 4332 ἡμαρτηκότας
1446 4299 1460 4322 ,
1504 4260 1648 4313 κατὰ
1678 4257 1776 4331 τὴν
1808 4260 1940 4312 ἐντεε

2058 4266 2218 4313 vocat
2253 4260 2373 4314 sine
2408 4260 2542 4329 lege,
2568 4268 2623 4314 et
2655 4259 2855 4314 deinde
2889 4267 3282 4328 peccaverunt,
3316 4275 3383 4314 ex
3421 4269 3635 4316 natura:

377 4353 563 4406 θεῖσαν
589 4355 655 4422 τῇ
686 4352 846 4421 φύσει
873 4351 1164 4420 διάγνωσιν
1190 4351 1412 4414 ἐνδίκως
1439 4351 1679 4406 κολάσει.

2058 4349 2222 4404 insita
2249 4327 2562 4413 cognitione
2589 4349 2738 4414 juste
2771 4327 2983 4418 puniet.

454 4449 541 4510 ιγ’.
578 4446 658 4497 Οὐ
680 4444 790 4512 γὰρ
812 4443 865 4496 οἱ
892 4440 1174 4509 ἀκροαταὶ
1204 4440 1310 4494 τοῦ
1336 4442 1522 4509 νόμου
1549 4440 1767 4494 δίκαιοι
1795 4441 1956 4508 παρὰ

375 4533 459 4599 τῷ
489 4533 629 4599 Θεῷ,
656 4535 793 4588 ἀλλ’
823 4536 875 4586 ol
903 4531 1138 4598 ποιηταὶ
1174 4529 1280 4584 τοῦ
1303 4531 1493 4600 νόμου
1523 4529 1956 4599 δικαιωθήσον-

377 4640 493 4678 ται.
531 4625 606 4677 Οὐ
636 4623 743 4695 γὰρ
771 4623 837 4695 δὴ
864 4623 1053 4676 τούτου
1089 4621 1250 4694 χάριν
1291 4623 1422 4693 ἡμῖν
1455 4619 1617 4689 ἐτέθη
1651 4620 1836 4690 νόμος,
1868 4621 1958 4673 ἵνα.

377 4711 479 4775 τὰς
515 4713 788 4784 ἡμετέρας
825 4711 994 4775 ἀκοὰς
1034 4711 1364 4782 καταθέλγῃ,
1406 4709 1519 4763 ἀλλ’
1556 4708 1641 4761 ἵνα
1672 4709 1956 4781 ποδηγήσῃ

381 4803 517 4874 πρὸς
549 4802 648 4874 τὴν
674 4801 872 4874 πρᾶξιν
902 4802 1011 4856 τῶν
1041 4801 1282 4872 ἀγαθῶν.
1613 4851 1616 4854 .

455 4892 534 4948 ιδ’.
561 4895 749 4948 Ὅταν
773 4896 882 4964 γὰρ
917 4895 1083 4960 ἔθνη,
1130 4892 1203 4946 τὰ
1233 4889 1319 4961 μὴ
1352 4892 1540 4960 νόμον
1581 4889 1818 4960 ἔχοντα,
1837 4891 1953 4960 φύ-

379 5001 478 5041 σει
505 4985 577 5040 τὰ
601 4985 707 5040 τοῦ
736 4987 923 5056 νόμου
965 4983 1132 5054 ποιῇ,
1167 4980 1334 5040 οὗτοι
1369 4983 1558 5052 νόμον
1588 4981 1675 5050 μὴ
1710 4981 1956 5050 ἔχοντες

375 5079 618 5146 ἑαυτοῖς
666 5083 786 5134 εἱσι
827 5079 1030 5148 νόμος.
1066 5078 1190 5132 ’Ότι
1236 5077 1342 5149 γὰρ
1387 5075 1485 5147 τὴν
1519 5075 1718 5148 πρᾶξιν
1750 5078 1778 5130 ὁ
1817 5076 1958 5142 θεῖος

374 5172 606 5224 ἀπαιτεῖ
657 5171 838 5241 νόμος,
884 5169 1257 5242 μαρτυροῦσιν
1305 5169 1354 5222 οἱ
1395 5166 1498 5240 πρὸ
1530 5165 1624 5221 τοῦ
1659 5168 1957 5222 Μωσαῖκοῠ

378 5261 573 5334 νόμου,
614 5261 862 5316 εὐσεϐέσι
886 5262 986 5332 μὲν
1018 5261 1357 5332 χρησάμενοι
1390 5257 1692 5330 λογισμοῖς,
1726 5260 1959 5331 πράξεσι

2133 4439 2298 4493 Vens.
2330 4439 2564 4494 £5.1Von
2605 4441 2743 4492 enim
2799 4439 3070 4494 auditores
3124 4440 3251 4509 legis
3301 4441 3440 4511 justi
3492 4442 3633 4511 apud

2059 4527 2250 4595 Deum,
2287 4527 2376 4582 sed
2418 4527 2646 4593 [actores
2675 4528 2802 4598 legis
2823 4527 3287 4600 justificabuntur.
3318 4532 3434 4589 Non
3483 4535 3631 4590 enim

2060 4619 2147 4675 lex
2182 4619 2307 4674 ideo
2347 4618 2508 4673 nobis
2555 4617 2685 4672 data
2720 4627 2822 4684 est,
2852 4629 2912 4674 ut
2948 4628 3170 4677 nostras
3205 4635 3368 4677 aures
3417 4622 3632 4679 demul-

2059 4722 2203 4778 ceat,
2234 4711 2330 4768 sed
2361 4718 2419 4765 ut
2453 4710 2520 4766 ad
2548 4712 2816 4767 bonorum
2857 4714 3134 4770 actionem
3163 4713 3420 4770 deducat.

2134 4886 2302 4942 Vens.
2340 4887 2427 4942 M.
2466 4886 2600 4944 Cum
2635 4889 2770 4942 enim
2810 4899 3008 4958 gentes,
3040 4904 3156 4958 qua:
3203 4889 3365 4958 legem
3395 4905 3499 4942 non
3542 4889 3636 4944 Ita-

2063 4982 2204 5048 bent,
2265 4985 2588 5038 naturaliter
2623 4999 2683 5037 ea
2730 4997 2847 5053 qua:
2895 4983 3002 5052 32
3053 4982 3178 5054 legis
3230 4991 3353 5036 sunt
3409 4982 3636 5051 faciunt,

2063 5075 2322 5145 ejusmodi
2372 5075 2530 5145 legem
2581 5091 2685 5129 non
2740 5072 2989 5127 [tabentes
3047 5074 3147 5142 ipsi
3201 5072 3304 5127 sibi
3353 5083 3476 5128 sunt
3533 5075 3637 5129 lex.

2065 5167 2222 5234 Quod
2259 5167 2408 5223 enim
2460 5168 2544 5222 lex
2593 5166 2779 5222 divina
2825 5166 3099 5221 actionem
3135 5166 3343 5238 exigat,
3366 5175 3641 5225 testantur

2067 5259 2164 5330 qui
2193 5267 2318 5315 ante
2357 5259 2533 5330 legem
2583 5257 2882 5314 Mosaicam
2914 5255 3024 5330 piis
3073 5255 3162 5314 usi
3191 5264 3322 5315 sunt
3348 5258 3645 5331 cogitatio-

1688 5433 1923 5492 VARIIE
1962 5433 2372 5494 LECTIONES.

457 5595 505 5628 ⁸⁸
533 5595 898 5668 Βπρόκειται,
928 5613 1037 5654 non
1068 5597 1227 5653 bene.
