4074 6176
469 235 535 306 ιιι
1505 211 1997 294 THEODORETI
2036 227 2373 290 EPISCOPI
2414 231 2780 294 CYRENSIS
3657 233 3719 305 γε

477 354 664 418 nibus,
694 355 709 374 ‘
741 351 1010 421 bonisque
1045 346 1356 403 actionibus
1391 346 1557 401 vitam
1612 359 1970 409 exornarere,
1999 350 2052 397 et

2159 346 2210 400 δὲ
2235 349 2467 417 ἀγαθαῖς
2495 348 2583 402 τδν
2615 349 2729 419 βίον
2757 343 3300 417 κατακοσμήσαντες,
3334 346 3425 400 καὶ
3455 345 3604 415 σφῶν
3632 350 3718 402 αὺ-

476 445 580 501 sibi
608 445 740 514 ipsis
777 445 948 512 legem
983 441 1182 496 tulere.

545 533 713 587 Vnus.
751 533 842 597 15,
878 532 962 588 16.
997 531 1102 597 Qui
1143 528 1422 584 ostendunt
1456 544 1584 595 opus
1625 527 1752 597 legis
1799 527 2054 593 scriptum

473 624 529 676 in
584 622 832 676 cordibus
893 623 1036 686 suis,
1080 622 1436 675 testimonium
1490 619 1736 673 reddente
1778 619 1886 672 illis
1929 635 2054 671 con-

475 715 720 778 scientia,
745 722 793 767 et
817 714 955 768 inter
995 730 1047 766 se
1077 713 1302 766 invicem
1347 710 1758 781 cogitationibus
1798 726 2056 763 accusan-

477 805 637 869 tibus,
667 814 760 857 aut
829 807 990 858 etiam
1038 802 1456 871 defendentibus.
1500 799 1566 854 In
1597 799 1681 854 die
1729 783 1865 852 cum.
1901 799 2054 867 judi—

476 897 614 949 cabit
645 895 786 949 Deus
836 893 1044 947 occulta
1072 894 1342 947 hominum
1377 891 1665 946 secundum
1712 889 2056 961 Erangetium

477 1004 647 1040 meum
680 1003 770 1054 per
798 983 983 1038 Jesum
1012 983 1304 1040 Christum.
1341 983 1594 1038 Ostendit
1643 984 1816 1054 legem
1847 992 2058 1036 natura:

476 1077 736 1132 cordibus
774 1076 1120 1144 inscriptam,
1154 1085 1208 1128 et
1259 1075 1613 1129 conscientia:
1661 1084 1774 1128 tum
1825 1089 2056 1128 accusa-

476 1168 679 1221 tionem
738 1175 852 1220 tum
909 1165 1286 1220 defensionem
1345 1165 1580 1219 veritate
1627 1172 1898 1218 ornatam.
1944 1163 2056 1234 Ego

475 1265 658 1310 autem
709 1271 793 1310 me
837 1270 1014 1324 operae
1059 1256 1294 1324 pretium
1349 1254 1624 1308 facturum
1675 1254 1954 1318 existimo,
2009 1254 2054 1309 si

481 1360 593 1420 rem
639 1345 823 1413 aliquo
859 1347 1110 1413 exemplo
1145 1345 1494 1398 manifestam
1532 1343 1788 1398 effecero.
1826 1337 2056 1409 Qdando

475 1439 618 1492 enim
653 1438 803 1490 illum
840 1437 894 1490 in
926 1436 1212 1504 Benjamin
1242 1443 1425 1488 actum
1457 1435 1776 1489 ordiebatur
1814 1436 2056 1490 admira-

473 1530 599 1584 bilis
642 1528 866 1596 Josepb,
917 1537 970 1582 et
1029 1529 1188 1597 quasi
1245 1529 1475 1581 calicem
1537 1526 1839 1582 suffuratus
1885 1535 2052 1593 esset,

473 1637 692 1676 servum
756 1619 1030 1674 abducere
1079 1620 1424 1683 conabatur,
1484 1617 1720 1672 fratrum
1775 1618 1938 1673 veluti
1999 1619 2053 1672 in

474 1716 598 1784 igne
630 1725 866 1766 mentem
905 1712 1170 1780 probans,
1209 1719 1396 1780 aperte
1431 1719 1653 1765 ostensa
1683 1717 1766 1766 est
1787 1711 1869 1765 vis
1900 1711 2054 1764 testi-

473 1807 641 1858 monii
669 1804 1043 1858 conscientiae.
1070 1801 1224 1857 Tunc
1253 1804 1419 1866 enim,
1453 1810 1586 1857 tunc
1611 1803 1685 1856 illi
1729 1803 2051 1873 tragoediam

473 1897 691 1966 quidem
753 1896 893 1949 banc
975 1895 1262 1949 attendere
1324 1897 1554 1950 minime
1607 1896 1899 1960 volebant,
1959 1896 2054 1952 sed

473 1987 700 2042 admissi
735 1995 862 2041 ante
903 1987 1042 2042 duos
1077 1994 1132 2041 et
1164 1987 1357 2056 viginti
1395 2002 1571 2042 annos
1600 1988 1828 2043 sceleris
1861 2004 2053 2043 recor-

473 2079 749 2132 dabantur
785 2085 882 2132 :et
944 2077 1036 2131 alii
1089 2077 1310 2148 quidem
1356 2077 1636 2142 dicebant,
1681 2095 1698 2128 ι
1730 2076 1940 2133 Fratris
1968 2078 2052 2134 sui

469 2166 710 2234 junioris
763 2167 1087 2237 sanguinem
1140 2181 1204 2221 ex
1243 2167 1499 2222 manibus
1534 2181 1720 2222 eorum
1757 2168 1984 2237 requiri,
2029 2187 2048 2220 ι

475 2254 667 2312 Ruben
721 2266 902 2312 autem
963 2258 1135 2313 factas
1207 2258 1316 2314 illis
1381 2258 1787 2314 admonitiones
1833 2259 1885 2313 in
1937 2275 2053 2315 me-

474 2350 706 2404 moriam
751 2349 1061 2403 revocabat.
1093 2347 1499 2404 Convenienter
1547 2350 1675 2404 huic
1707 2350 2053 2404 similitudini

473 2440 855 2496 describamus
918 2440 1166 2494 futurum
1219 2439 1532 2509 judicium,
1594 2449 1649 2494 et
1705 2454 1896 2494 eorum
1961 2441 2054 2509 qui

474 2540 625 2584 extra
676 2531 846 2600 legem
914 2530 1168 2583 vixerunt
1227 2528 1656 2592 conscientiam,
1717 2546 1841 2599 qua:
1908 2543 2056 2585 nunc

474 2623 694 2693 quidem
729 2638 784 2676 se
819 2621 1084 2684 defendit,
1115 2629 1170 2674 et
1206 2621 1574 2690 ignorantiam
1605 2621 1878 2687 obtendit,
1908 2636 2055 2676 nunc

475 2721 659 2769 autem
717 2714 933 2784 culpam
999 2713 1284 2782 agnoscit,
1335 2719 1389 2766 et
1445 2713 1568 2767 lata:
1606 2711 1712 2783 33
1771 2712 2056 2768 sententia:

475 2806 791 2875 azqiiitatem
836 2803 1100 2873 praedicat
1140 2813 1186 2855 ³.
1222 2802 1297 2855 Ita
1343 2812 1395 2857 et
1425 2802 1764 2867 Abimelecb,
1793 2819 1916 2858 cum
1952 2805 2054 2860 b-a-

475 2899 630 2953 beret
654 2897 1004 2951 conscientiae
1033 2895 1429 2958 testimonium,
1459 2894 1571 2950 Deo
1595 2896 1812 2950 diccbat
1843 2916 1854 2952 :
1890 2915 1908 2948 ‹
1950 2896 2055 2952 Do-

2158 439 2266 493 τῶν
2299 441 2586 511 νομοθέται
2615 439 2918 510 γενόμενοι.

2231 539 2314 596 ιε’,
2352 539 2448 597 ις’.
2484 533 2713 597 Οἵτινες
2741 529 3151 584 ἐνδείκνυνται
3195 527 3262 581 τὸ
3290 528 3466 595 ἔργον
3494 526 3599 581 τοῦ
3631 529 3721 580 νόν

2153 643 2272 694 μου
2302 625 2564 695 γραπτὸν
2601 625 2669 678 ἐν
2701 623 2830 690 ταῖς
2857 621 3126 691 καρδίαις
3155 617 3372 684 αὐτῶν,
3390 633 3722 689 συμμαρτυ-

2151 716 2386 784 ρούσης
2445 713 2643 770 αὐτῶν
2699 713 2811 782 τῆς
2873 712 3308 780 συνειδήσεως,
3361 710 3458 764 καί
3505 711 3720 780 μεταξὺ

2158 805 2448 874 ἀλλήλων
2481 803 2598 858 τῶν
2629 802 2936 872 λογισμῶν
2983 800 3504 871 κατηγορούντων,
3555 799 3592 869 ἢ
3635 801 3720 854 καὶ

2159 896 2680 966 ἀπολογουμένων.
2725 895 2828 949 Ἐν
2879 893 3098 962 ἡμέρᾳ,
3139 892 3237 945 ὅτε
3285 891 3473 959 κρινεῖ
3510 893 3546 944 ό
3591 892 3720 957 Θεὸς

2157 987 2230 1040 τὰ
2282 989 2514 1054 κρυπτὰ
2559 986 2679 1039 τῶν
2709 983 3034 1052 ἀνθρώπων
3077 983 3226 1037 κατὰ
3259 982 3325 1035 τὸ
3367 981 3722 1052 Εὺατγέλιόν

2154 1096 2272 1149 μου
2306 1077 2404 1132 διὰ
2452 1077 2653 1145 Ἰησοῦ
2694 1075 2975 1146 Χριστοῦ,
3009 1075 3216 1141 Ἐδειξε
3253 1073 3340 1128 τὸν
3385 1073 3486 1145 τῆς
3521 1073 3722 1142 φύσεως

2158 1171 2322 1239 νόμον
2349 1171 2469 1232 ταῖς
2511 1168 2762 1239 καρδίαις
2791 1165 3260 1238 ἐγγεγραμμένον,
3303 1164 3398 1218 καὶ¹
3427 1163 3521 1218 τοῦ
3554 1181 3722 1217 συνει-

2157 1261 2304 1322 δότος
2335 1259 2430 1312 καὶ
2458 1260 2556 1329 τὴν
2587 1257 2920 1328 κατηγορίαν
2951 1258 3045 1311 καὶ
3069 1257 3167 1326 τὴν
3189 1255 3486 1324 ἀπολογίαν
3506 1255 3724 1327 ἀληθείᾳ

2158 1349 2604 1419 κεκοσμημένην.
2655 1346 2796 1414 Ἐγὼ
2834 1347 2895 1407 δὲ,
2933 1345 3206 1417 προῦργου
3236 1343 3439 1416 νομίζω
3471 1345 3560 1400 διά.
3587 1363 3723 1404 τινος

2159 1441 2598 1513 παραδείγματος
2655 1439 2800 1510 σαφῆ
2857 1441 3080 1510 ποιῆσαι
3130 1439 3222 1492 τὸν
3274 1437 3458 1504 λόγον.
3497 1437 3627 1490 Ὅτε
3667 1436 3724 1489 τδ

2159 1533 2302 1586 κατὰ
2331 1533 2419 1586 τὸν
2450 1532 2708 1601 Βενιαμὶν
2741 1531 2973 1601 ἐξύφηνε
3002 1530 3187 1600 δρᾶμα
3211 1529 3239 1582 ὁ
3269 1523 3576 1598 θαυμάσιος
3613 1529 3722 1580 Ἰω-

2161 1624 2292 1692 σὴφ,
2327 1623 2421 1676 καὶ
2460 1623 2534 1686 ὡς
2561 1621 2863 1692 κεκλοφότα
2908 1622 2998 1675 τὸν
3033 1619 3211 1683 κόνδυ,
3255 1617 3442 1672 δοῦλον
3478 1619 3724 1689 ἐπειρᾶτο

2156 1715 2372 1778 λαϐεῖν,
2417 1715 2524 1768 τῶν
2579 1713 2823 1783 ἀδελφῶν
2860 1712 2934 1776 ὡς
2981 1714 3036 1767 ὲν
3092 1711 3228 1781 πυρὶ
3277 1707 3586 1779 δοκιμάζων
3635 1707 3723 1780 τὴν

2155 1805 2400 1876 γνώμην,
2428 1805 2688 1875 ἄντικρυς
2715 1803 2929 1874 ἐδείχθη
2959 1799 3058 1872 τῆς
3078 1801 3172 1855 τοῦ
3199 1799 3498 1865 συνειδότος
3526 1818 3724 1871 μαρτυ-

2159 1897 2282 1968 ρίας
2315 1895 2349 1966 ὴ
2373 1893 2618 1965 δύναμις.
2651 1895 2786 1948 Τότε
2814 1895 2922 1965 γὰρ
2950 1893 3034 1964 δὴ,
3060 1893 3182 1946 τότε
3212 1892 3385 1964 ταύτῃ
3415 1891 3512 1961 μὲν
3533 1892 3724 1962 ἥκιστα

2153 1989 2220 2057 τῇ
2255 1987 2534 2058 τραγῳδίᾳ
2579 1984 2868 2057 προσέχειν
2915 1983 3218 2051 ἐϐούλοντο,
3265 1983 3368 2054 τῆς
3401 1982 3457 2036 δὲ
3490 1983 3595 2054 πρὸ
3637 1982 3723 2036 δύο

2156 2078 2249 2130 καὶ
2292 2079 2465 2131 εἴκοσι
2513 2075 2650 2132 ὲτῶν
2684 2075 2981 2147 γενομένης
3029 2075 3373 2146 παρανομίας
3430 2071 3723 2145 ἀνεμιμνή-

2157 2179 2369 2222 σκοντο.
2407 2169 2517 2220 Kal
2557 2169 2605 2220 οἱ
2640 2167 2738 2237 μὲν
2768 2166 2974 2233 ἔλεγον,
3006 2167 3087 2220 ὅτι
3123 2185 3140 2216 ι
3179 2166 3251 2218 Τὸ
3284 2160 3424 2236 αἷμα
3465 2165 3547 2218 τοῦ
3579 2165 3724 2219 ἀδελ-

2157 2257 2259 2327 φοῦ
2309 2258 2467 2328 ἡμῶν
2504 2256 2597 2310 τοῦ
2644 2259 2910 2328 νεωτέρου
2955 2257 3266 2327 ἐκζητεῖται
3309 2258 3388 2320 είς
3419 2256 3517 2321 τὰς
3545 2260 3725 2328 χεῖρας

2155 2349 2345 2422 ἡμῶνσ
2384 2368 2402 2401 ι
2441 2350 2549 2403 τῶν
2575 2347 2632 2402 δὲ
2658 2347 3040 2420 γεγενημένων
3065 2347 3202 2420 πρὸς
3224 2348 3422 2412 αὐτοὺς
3447 2350 3724 2420 παρακλή-

2159 2457 2298 2494 σεων
2347 2443 2375 2494 ὁ
2413 2441 2670 2510 Ῥουϐεὶμ
2705 2440 3102 2511 ἀνεμίμνησκε.
3127 2440 3283 2494 Κατά
3307 2439 3509 2511 ταύτην
3534 2442 3631 2510 τὴν
3656 2443 3728 2493 εί-

2156 2533 2289 2586 κόνα
2315 2531 2704 2604 διαγράφωμεν
2733 2531 2794 2585 τὸ
2824 2531 3015 2602 μέλλον
3051 2533 3345 2604 κριτήριον,
3380 2531 3602 2584 καὶτῶν
3624 2530 3726 2594 ἔξω

2156 2626 2322 2694 νόμου
2347 2625 2823 2695 πολιτευσαμένων
2854 2624 2915 2677 τὸ
2947 2624 3206 2689 συνειδὸς,
3250 2623 3343 2678 νῦν
3389 2623 3487 2694 μὲν
3531 2623 3725 2677 ἀπολο-

2156 2719 2253 2788 γού
2263 2734 2442 2789 μενον,
2479 2717 2572 2770 καὶ
2602 2715 2697 2788 τὴν
2722 2715 2944 2784 ἄγνοιαν
2971 2714 3430 2787 προϐαλλόμενον,
3465 2713 3560 2769 νῦν
3586 2713 3643 2769 δέ
3666 2731 3726 2782 γε

2155 2811 2253 2882 τὴν
2307 2809 2642 2882 κατηγορίαν
2695 2808 3014 2880 δεχόμενον,
3071 2808 3166 2862 καὶ
3211 2806 3582 2879 ἀνακηρύττον
3631 2805 3728 2878 τῆς

2158 2901 2539 2972 ἐπενεχθείσης
2562 2900 2742 2970 ψήφου
2769 2898 2830 2952 τὸ
2859 2900 3084 2954 δίκαιον.
3117 2896 3272 2952 Οὕτω
3296 2897 3392 2952 καὶ
3422 2897 3726 2968 Ἀϐιμέλεχ,

475 2991 645 3051 mine,
694 2997 908 3059 gentem
967 2988 1309 3057 ignorantem
1354 2995 1408 3042 et
1457 2979 1664 3056 justam
1717 2987 2054 3045 interticies?

2159 2990 2253 3044 τοῦ
2305 2989 2603 3054 συνειδότος
2639 2988 2775 3060 ἔχων
2806 2989 2906 3060 τὴν
2943 2987 3269 3063 μαρτυρίαν,
3305 2989 3442 3058 πρὸς
3474 2987 3564 3042 τδν
3601 2988 3730 3042 Θεὸν

475 3081 667 3134 Nonne
696 3081 813 3148 ipse
844 3079 975 3132 mihi
1003 3079 1160 3140 dixit,
1193 3078 1365 3131 Soror
1400 3094 1517 3132 mea
1565 3090 1668 3144 est,
1699 3090 1752 3134 et
1781 3081 1898 3150 ipsa
1925 3081 2056 3134 mibi

477 3173 653 3238 dixit,
694 3170 885 3224 Frater
921 3184 1076 3223 meus
1117 3168 1238 3222 est?
1268 3167 1412 3221 Pura
1454 3177 1636 3222 mente
1681 3169 1786 3221 hoc
1830 3171 1911 3239 egi
1948 3170 1991 3222 ί.
2034 3189 2053 3219 ι

475 3262 612 3315 Cum
676 3268 858 3314 autem
927 3258 1044 3312 haec
1098 3257 1381 3312 docuisset
1433 3255 1656 3311 divinus
1723 3258 2056 3327 Apostolus,

478 3353 747 3408 convertit
778 3365 1084 3407 sermonem
1120 3349 1185 3403 ad
1219 3347 1489 3414 Judzcum,
1517 3357 1568 3404 et
1600 3348 1732 3403 dicit
1761 3368 1773 3404 :

493 3645 496 3648 '
555 3629 718 3685 Vens.
778 3631 862 3683 l7.
912 3629 1044 3683 Ecce
1103 3636 1158 3681 tu
1217 3626 1439 3682 Judtrus
1495 3625 1908 3698 cognominaris.
1943 3625 2058 3682 Hoc

479 3722 624 3775 enim
659 3736 856 3774 nomen
886 3734 1181 3773 commune
1213 3720 1342 3772 olim
1377 3729 1496 3770 erat
1530 3728 1584 3773 et
1618 3716 1928 3772 venerabile
1959 3736 1972 3771 :
2005 3725 2059 3772 et

481 3812 604 3866 ideo
638 3827 745 3864 non
782 3811 919 3863 dixit
969 3809 1288 3874 nominaris,
1323 3808 1416 3863 sed
1462 3810 1958 3878 cognominaris.—
1991 3809 2058 3862 Et

481 3904 766 3970 requiescis
805 3903 862 3954 in
899 3901 1024 3971 lege.
1056 3899 1172 3954 Non
1205 3901 1350 3955 enim
1385 3901 1632 3966 laboras,
1672 3911 1731 3956 ut
1763 3902 1859 3971 qui
1906 3911 2058 3957 extra

482 4006 652 4067 legem
699 4002 974 4060 versatur,
1011 4007 1262 4062 quarens
1308 3991 1439 4060 quid
1491 3991 1564 4046 sit
1599 3992 1870 4062 agendum
1909 4008 1924 4047 :
1963 3993 2058 4048 sed

481 4089 652 4143 babes
707 4086 920 4155 legem,
975 4099 1095 4154 qua:
1151 4091 1202 4136 te
1265 4083 1449 4136 omnia
1510 4093 1697 4152 aperte
1760 4084 1938 4138 docet.
1989 4083 2059 4137 Et

483 4179 735 4250 gloriaris
786 4179 841 4229 in
889 4175 1019 4230 Deo.
1073 4175 1144 4228 Ut
1195 4174 1289 4244 qui
1349 4182 1401 4228 te
1437 4174 1742 4242 praetulerit
1799 4175 2060 4231 omnibus

483 4273 758 4342 gentibus,
784 4284 904 4338 qua!
951 4275 1110 4322 erant
1149 4267 1203 4321 in
1231 4275 1344 4319 toto
1378 4265 1511 4320 orbe
1553 4273 1849 4332 terrarum,
1876 4275 1934 4320 ut
1965 4267 2059 4337 qui

2160 3085 2312 3153 ἔλεγε
2334 3099 2347 3112 ’
2392 3103 2412 3136 ι
2452 3083 2644 3155 Κύριε,
2683 3081 2835 3145 ἔθνος
2862 3081 3090 3152 ἀγνοοῦν
3131 3081 3226 3134 καὶ
3263 3081 3470 3135 δίκαιον
3500 3080 3731 3134 ἀποκτε-

2160 3179 2304 3242 νεῖς;
2337 3175 2452 3230 Οὐκ
2474 3175 2633 3237 αὑτός
2662 3191 2752 3244 μοι
2772 3169 2944 3237 εἶπεν,
2967 3173 3048 3226 ὅτι
3083 3173 3308 3244 Ἀδελφή
3337 3189 3438 3244 μου
3471 3173 3609 3236 ἐστὶ,
3641 3172 3733 3224 καὶ¹

2161 3266 2298 3336 αὐτή
2342 3283 2431 3335 μοι
2475 3261 2669 3327 εἶπεν,
2717 3267 2799 3318 ὅτι
2842 3264 3092 3334 Ἀδελφός
3125 3281 3224 3335 μου
3266 3264 3448 3328 surtu;
3508 3264 3595 3315 Ἐν
3636 3280 3734 3317 κα·

2162 3358 2306 3428 θαρᾷ
2351 3356 2549 3428 καρδίᾳ
2597 3355 2830 3425 ἐποίησα
2877 3355 2940 3410 τὸ
2990 3355 3140 3427 ῥῆμα
3177 3354 3354 3408 τοῦτο.
3398 3372 3415 3406 ι
3457 3354 3514 3408 '0
3549 3353 3733 3424 μέντοι

2162 3446 2304 3510 θεῖος
2349 3443 2669 3506 ’ἀπόστολος
2697 3443 2838 3497 οὕτω
2864 3443 3038 3497 ταῦτα
3081 3443 3318 3508 διδάξας,
3347 3442 3441 3497 ἐπὶ
3471 3442 3562 3496 τὸν
3603 3444 3734 3496 Ἰου-

2159 3538 2308 3590 δαῖον
2337 3536 2632 3608 μεταφέρει
2667 3535 2757 3589 τὸν
2792 3535 2971 3604 λόγον,
3002 3533 3096 3588 καί
3124 3552 3288 3605 φησιν
3310 3551 3324 3565 ·

2233 3630 2316 3692 ιζ’.
2353 3629 2476 3684 Ἴδε
2499 3628 2579 3682 σὺ
2603 3630 2648 3660 ³⁸
2690 3627 2966 3692 Ἰουδαῖος
2993 3624 3352 3695 ἐπονομάζῃ.
3398 3624 3592 3679 Κοινδν
3624 3623 3736 3694 γὰρ

2159 3721 2320 3775 τοῦτο
2344 3721 2404 3774 τὸ
2437 3721 2627 3791 ὄνομα,
2659 3721 2753 3773 καὶ
2777 3721 2960 3791 τίμιον
2991 3714 3058 3790 ἦν
3090 3717 3258 3772 πάλαι
3280 3734 3292 3747 ·
3329 3717 3410 3771 διὸ
3441 3718 3540 3770 οὐκ
3560 3711 3736 3779 εἶπεν.

2159 3811 2422 3886 ὀνομάζῃ.
2464 3813 2578 3866 ἀλλ’
2608 3811 2967 3883 ἐπονομάζῃ.
2997 3844 3066 3856 -—
3097 3813 3204 3866 Kal
3249 3793 3611 3881 ἐπαναπαὺλῃ
3655 3811 3740 3877 τῷ

2161 3908 2344 3977 νόμῳ.
2388 3907 2462 3960 Οὐ
2492 3907 2602 3978 γὰρ
2635 3907 2887 3977 κάμνεις,
2937 3906 3012 3970 ὡς
3047 3905 3151 3971 ἔξω
3187 3906 3354 3976 νόμου
3386 3903 3743 3975 πολιτευόμε-

2162 4015 2272 4061 νος,
2323 3998 2387 4051 τὸ
2438 3999 2708 4068 πρακτέον
2742 3998 3048 4068 ἐπιζητῶνο
3102 3997 3216 4051 ἀλλ’
3259 3996 3404 4067 ἔχεις
3437 3995 3528 4049 τὸν
3573 3996 3743 4064 νόμον

2165 4086 2353 4155 σαφῶς
2407 4086 2624 4140 ἅπαντά
2668 4103 2727 4140 σε
2775 4087 3115 4140 διδάσκοντα.
3168 4086 3275 4141 Καί
3335 4084 3636 4154 καυχᾶσαι
3671 4084 3745 4138 ἐν

2165 4179 2307 4246 Θεῷ.
2365 4179 2452 4243 Ὠς
2492 4178 2706 4232 πάντων
2749 4195 2807 4230 σε
2852 4177 3267 4248 προτετιμηκότι
3307 4176 3414 4230 τῶν
3463 4176 3604 4230 κατά
3641 4174 3744 4245 τὴν

2164 4271 2490 4342 οἰκουμένην
2531 4269 2722 4334 ἐθνῶν,
2767 4269 2841 4333 ὡς
2870 4266 3070 4340 πολλῆς
3108 4286 3166 4322 σε
3206 4268 3532 4339 κηδεμονίας
3577 4267 3747 4337 ἠξιω-

487 4375 734 4429 magaam
765 4359 846 4411 tui
883 4371 1072 4411 curam
1114 4371 1306 4424 gerere
1336 4355 1592 4423 dignatus
1624 4359 1640 4378 θ
1671 4357 1764 4422 sit,
1803 4365 1857 4412 et
1883 4358 2054 4427 legem

2164 4363 2302 4426 κότι,
2327 4361 2421 4416 καὶ
2449 4361 2613 4432 νόμον
2632 4361 2909 4427 δεδωκότι,
2930 4361 3023 4414 καὶ
3044 4360 3131 4414 διὰ
3154 4360 3262 4414 τῶν
3289 4357 3582 4431 προφητῶν
3603 4356 3709 4411 ποδ
3723 4385 3746 4395 -

482 4447 718 4511 dederit,
747 4455 799 4501 et
828 4461 924 4514 per
959 4446 1250 4514 prophetas
1289 4444 1609 4498 instituerit.

557 4535 721 4588 Vens.
758 4535 844 4588 18.
879 4535 947 4587 Et
985 4537 1123 4586 nosti
1154 4535 1474 4588 voluntatem
1509 4534 1646 4602 ejus,
1678 4533 1770 4589 Dei
1818 4533 2052 4593 scilicet.

484 4628 551 4685 Et
573 4626 764 4696 probas
796 4625 1037 4700 utiliora.
1066 4624 1179 4679 lloc
1206 4634 1310 4689 est,
1342 4627 1620 4696 dignoscis
1653 4643 1716 4680 ea
1762 4643 1884 4697 qum
1919 4627 2059 4682 inter

2157 4454 2443 4525 ηγήσαντι.

2238 4547 2330 4614 ιη’.
2391 4541 2502 4596 Kal
2550 4535 2861 4612 γινώσκεις
2917 4540 2984 4594 τὸ
3030 4539 3279 4608 θέλημα,
3344 4536 3590 4592 τουτέστι
3641 4535 3746 4589 τοῦ

2165 4631 2320 4687 Θεοῦ.
2363 4632 2468 4687 Καὶ
2506 4629 2836 4701 δοκιμάζεις
2878 4628 2951 4682 τὰ
2995 4630 3370 4698 διαφέροντα.
3429 4627 3574 4680 Ἀντί
3619 4625 3743 4690 τοῦ,

484 4737 543 4777 se
584 4727 712 4774 sunt
758 4716 1059 4777 contraria,
1111 4716 1383 4784 justitiam
1433 4724 1488 4771 et
1537 4717 2058 4785 injustitiam,tem-

485 4813 785 4882 perautiam
839 4817 892 4862 et
943 4808 1444 4878 intemperantiam,
1516 4809 1772 4876 pietatem
1837 4819 1892 4864 et
1953 4812 2058 4864 im-

482 4907 758 4976 pie-tatem.
812 4901 1112 4954 Instructus
1163 4915 1254 4968 per
1308 4897 1610 4968 legem.llla
1667 4901 1812 4953 enim
1851 4901 1965 4955 lucc
2005 4909 2059 4955 te

482 4999 690 5053 decuit.

555 5086 722 5140 Vens.
777 5085 859 5150 19,
904 5083 995 5137 ‘20.
1043 5082 1109 5136 Et
1163 5080 1388 5148 confidis
1439 5081 1658 5147 teipsum
1721 5097 1832 5135 esse
1875 5082 2057 5137 ducem

2166 4726 2384 4780 ἐναντία
2423 4724 2690 4794 ἀλλήλοις,
2725 4721 3070 4790 δικαιοσύνην
3118 4722 3211 4774 καὶ
3249 4722 3484 4784 ἀδικίαν,
3525 4735 3749 4788 σωφρο-

2171 4817 2337 4886 σύνην
2357 4815 2451 4867 καὶ
2479 4813 2795 4875 ἀκολασίαν,
2819 4811 3098 4864 εὐσέϐειαν
3130 4812 3220 4862 καὶ
3259 4811 3532 4863 ἀσέϐειαν.
3590 4811 3752 4860 Κατ-

2169 4905 2510 4973 ηχούμενος
2532 4902 2602 4956 ἐκ
2636 4902 2744 4956 τοῦ
2791 4903 2999 4971 νόμου.
3034 4901 3250 4954 Τούτων
3281 4899 3389 4971 γάρ
3422 4915 3503 4952 σοι
3533 4898 3753 4961 ἐκεῖνος

2167 4993 2480 5056 διδάσκαλος
2509 4993 2818 5061 γεγένηται.

2241 5083 2324 5147 ιϐ’,
2359 5090 2428 5137 κ’.
2487 5081 2779 5150 Πέποιθὰς
2817 5099 2881 5136 τε
2911 5079 3171 5135 σεαυτὸν
3212 5079 3435 5150 ὁδηγὸν
3466 5075 3620 5135 εἶναι
3650 5094 3757 5132 τυ-

1274 5219 1470 5275 ‘Gcn.
1505 5236 1605 5282 xx,
1647 5220 1792 5283 5,5.

1755 5336 1988 5392 VARl/E
2033 5336 2433 5394 LECTIONES.
3528 5341 3556 5358 ’⁸

549 5464 594 5495 ³⁸
630 5461 825 5514 Totum
858 5456 989 5510 illud
1026 5475 1037 5508 :
1075 5457 1177 5508 Ἴδε
1219 5456 1304 5518 σὺ,
1347 5475 1399 5508 κ.
1431 5475 1478 5509 τ.
1504 5455 1578 5514 λ..
1609 5456 1673 5508 ad
1712 5470 1852 5508 vers.
1888 5455 1979 5518 ‘M,
2009 5470 2056 5523 ρ(

2159 5455 2609 5524 nterrogationem
2647 5454 2774 5508 olim
2812 5453 3030 5508 codices
3078 5449 3264 5524 aliqui,
3306 5455 3457 5524 teste_
3489 5443 3766 5524 Theodo-

479 5544 595 5584 rem
646 5535 698 5583 in
733 5531 934 5584 Ca'cna
972 5545 1107 5583 lllSC.
1145 5527 1196 5579 in
1238 5514 1406 5590 Epist.
1447 5528 1511 5578 ad
1567 5527 1723 5579 Rom.
1773 5526 1827 5576 in
1863 5514 2367 5585 Bthlfliodleiana‘;
2403 5526 2491 5590 qui
2537 5533 2718 5577 tamen
2758 5526 2870 5592 ipse
2916 5514 3206 5593 lectionem
3242 5514 3764 5593 istamimprobat.

476 5601 550 5654 Ita
586 5603 744 5654 Joan.
786 5599 986 5654 Minius
1029 5599 1093 5648 ad
1145 5599 1203 5650 Ν.
1248 5584 1310 5648 Τ.
1354 5599 1406 5648 in
1459 5599 1604 5650 hunc
1654 5595 1803 5646 Paulli
1859 5598 2059 5648 locum.
2094 5594 2200 5647 Sed
2257 5584 2448 5649 vereor
2496 5609 2564 5648 ne
2609 5584 2922 5649 obseriratio
2967 5593 3086 5648 cod.
3148 5589 3427 5645 Bodleiani
3469 5584 3766 5643 Theodori

471 5670 772 5740 Maps-aest.
806 5669 891 5735 sit,
925 5678 1024 5725 ant
1075 5667 1218 5725 alius
1253 5668 1448 5721 similis
1481 5665 1816 5722 Theodoreti
1854 5665 2113 5718 nominis.

557 5235 578 5264 ³
620 5225 756 5280 Gen.
791 5239 920 5278 XLIII
957 5233 1004 5277 et
1049 5237 1190 5276 κων.
