4074 6176
288 321 361 387 73
1141 318 1756 379 INTERPRETATIO
1795 316 2033 376 EPIST.
2075 318 2174 376 AD
2214 317 2394 377 nou.
2437 303 2593 377 CAP.
2638 318 2718 377 II.
3490 311 3562 380 τι

291 427 483 500 φλῶν.
513 425 640 495 φῶς
673 424 790 478 τῶν
829 426 898 479 ὲν
929 426 1152 492 σκότει,
1202 427 1535 495 παιδευτὴν
1578 426 1874 495 ἀφρόνων,

1985 442 2266 491 ca‘corum,
2300 426 2474 479 lumen
2506 441 2689 480 eorum
2735 425 2826 496 qui
2884 425 2937 478 in
2971 425 3197 480 tenebris
3261 432 3407 490 sunt,
3437 439 3563 478 eru—

292 519 669 575 διδάσκαλον
707 519 959 580 νηπίων.
1009 517 1273 572 Ἐνταῦθα
1325 519 1386 572 τὸ
1432 519 1634 589 ὑψηλὸν
1695 517 1875 572 αὐτῶν

294 611 536 676 ἐπέδειξε
587 609 860 680 φρόνημα,
911 611 1006 661 καὶ
1055 609 1374 680 ἐγύμνωσεν
1425 611 1490 682 ἣν
1539 608 1683 680 εἶχον
1735 609 1877 662 κατὰ

294 698 403 754 τῶν
456 696 812 771 προσηλύτων
850 698 1043 768 ὀφρύν.
1099 701 1354 768 Ἕχοντα
1407 699 1523 768 τὴν
1561 701 1878 769 μόρφωσιν

293 792 405 860 τῆς
429 789 726 862 γνώσεως,
753 789 851 842 καὶ
885 787 992 858 τῆς
1013 789 1304 862 ἀληθείας
1324 793 1394 846 ἐν
1420 792 1497 858 τῷ
1528 792 1708 861 νόμῳ.
1742 791 1876 845 Τού-

293 901 403 937 των
431 883 539 954 γάρ
567 899 648 934 σοι
675 880 895 934 πάντων
932 883 1060 946 τοὺς
1092 884 1449 954 χαρακτῆρας
1477 886 1505 936 ὁ
1535 884 1677 946 θεῖος
1708 900 1876 954 προσ·-

295 977 459 1045 ἐφερε
490 975 673 1044 νόμος.

364 1065 585 1136 κα’-κγ’.
639 1067 700 1120 '0
733 1063 846 1122 οὖν
881 1065 1189 1120 διδάσκων
1223 1066 1448 1134 ἕτερον,
1483 1066 1746 1122 σεαυτὸν
1803 1071 1876 1122 οὐ

295 1158 604 1224 διδάσκεις
622 1176 642 1224 ;
673 1162 706 1213 ό
731 1161 1060 1227 κηρύσσων
1096 1158 1184 1228 μὴ
1226 1160 1528 1226 κλέπτειν,
1562 1161 1875 1227 κλέπτεις;

294 1253 330 1305 ὀ
364 1250 559 1320 λέγων
603 1251 690 1320 μὴ
735 1253 1062 1320 μοιχεύειν,
1111 1253 1412 1321 μοιχεύεις
1426 1254 1874 1318 ;όβδε.λυσσό-

294 1358 479 1410 μενος
507 1340 578 1393 τὰ
602 1340 821 1394 εἴδωλα
865 1341 1236 1410 ἱεροσυλεῖς;
1273 1341 1342 1409 ὃς
1401 1343 1472 1395 ἐν
1519 1344 1680 1413 νόμῳ
1728 1363 1877 1398 καυ-

300 1428 510 1498 χᾶσαι,
554 1431 652 1484 διὰ
690 1431 800 1500 τῆς
828 1431 1216 1500 παραϐάσεως
1250 1433 1358 1486 τοῦ
1383 1433 1571 1501 νόμου
1593 1434 1699 1487 τὸν
1729 1433 1880 1487 Θεὸν

203 1543 214 1552 π
297 1521 622 1592 ἀτιμάζεις
653 1522 892 1588 Ἔδειξεν
913 1523 1075 1576 αὐτὸν
1103 1524 1358 1593 οὐδεμίαν
1386 1525 1450 1576 ὲκ
1477 1523 1577 1592 τῆς
1599 1523 1689 1576 τοῦ
1713 1523 1879 1592 νόμου

300 1612 499 1676 θέσεως
531 1613 798 1681 ὠφέλειαν
851 1613 1184 1684 δεξάμενον,
1240 1612 1377 1665 ἀλλὰ
1431 1615 1544 1675 τοῖς
1590 1613 1880 1683 γράμμασι

301 1705 482 1775 μὸνοις
525 1703 986 1776 ἐναϐρυνόμενον
1029 1704 1128 1756 καὶ
1178 1702 1453 1756 διδάσκειν
1505 1703 1606 1774 μὲν
1658 1704 1880 1774 ἑτέρους

297 1796 658 1867 πειρώμενον,
692 1794 1192 1863 ἁντιφθεγγόμενον
1229 1795 1285 1849 δὲ
1308 1795 1396 1848 διὰ
1417 1793 1526 1848 τῶν
1561 1794 1738 1866 ἔργων
1766 1796 1880 1858 τοῖς

295 1887 510 1958 λόγοις,
543 1889 638 1941 καὶ
679 1887 861 1958 μάτην
907 1886 999 1939 ἐπὶ
1036 1887 1114 1957 τῷ
1143 1886 1294 1958 νόμῳ
1333 1887 1874 1959 μεγαλαυχούμενον.

295 1980 492 2053 Τίθησι
535 1981 594 2034 δὲ
647 1979 742 2033 κοιλ⁸
785 1979 1092 2052 μαρτυρίαν
1137 1982 1218 2045 εἰς
1257 1981 1355 2053 τὴν
1539 1981 1878 2053 κατηγορίας

297 2068 613 2139 βεϐαίωσιν.

369 2160 468 2214 κδ’.
513 2158 584 2212 Τὸ
616 2158 725 2228 γὰρ
755 2159 945 2230 ὄνομα
976 2162 1082 2217 τοῦ
1123 2163 1270 2218 Θεοῦ
1299 2164 1376 2217 δι’
1413 2163 1569 2235 ὑμᾶς
1590 2166 1878 2236 βλασφη-

291 2251 492 2322 μεῖται
532 2251 603 2304 ἐν
633 2251 752 2318 τοῖς
788 2253 1013 2320 ἔθνεσι,
1046 2254 1242 2320 καθὼς
1273 2255 1614 2326 γέγραπται.
1654 2259 1728 2312 Οὐ
1768 2257 1877 2328 γὰρ

301 2342 464 2412 μόνον
521 2343 822 2411 δοξολογίας
878 2344 1051 2410 αἴτιος
1073 2347 1120 2377 ’⁸
1171 2348 1233 2400 οὐ
1282 2349 1577 2420 γεγένησαι,
1607 2351 1685 2422 τῷ
1733 2351 1873 2424 Θεῷ,

295 2432 434 2486 ἀλλὰ
466 2433 560 2485 καὶ
591 2434 672 2497 εἰς
705 2433 1058 2506 βλασφημίαν
1091 2436 1292 2500 πολλὰς
1325 2439 1586 2510 ὲκίνησας
1604 2440 1872 2509 γλώττας.

303 2520 573 2594 Ὀρῶντες
598 2525 705 2596 γάρ
738 2542 832 2578 σου
866 2526 955 2579 τὸν
979 2527 1298 2599 παράνομον
1332 2529 1447 2599 βίον
1467 2570 1482 2595 ,
1534 2531 1625 2586 τὸν
1651 2532 1875 2600 ἐκλεξά-

294 2614 456 2684 μενόν
493 2631 552 2668 σε
591 2617 882 2686 προφανῶς
915 2618 1302 2691 ἐϐλασφήμουν
1331 2621 1484 2676 Θεόν.
1518 2623 1673 2678 Οὕτω
1694 2625 1873 2692 δείξας

289 2703 480 2773 ὄνησιν
512 2707 710 2770 αὐτοὺς
739 2709 804 2760 ἐκ
839 2705 936 2780 τῆς
961 2712 1266 2782 Μωσαῖκῆς
1294 2714 1619 2782 νομοθεσίας
1640 2719 1702 2772 οὐ
1730 2719 1875 2782 δεξαο

293 2794 510 2865 μένους,
539 2799 617 2861 εἰς
641 2797 735 2869 τὴν
763 2801 1066 2872 περιτομὴν
1099 2805 1398 2874 μεταφέρει
1427 2806 1518 2860 τὸν
1546 2808 1705 2878 λόγον
1727 2826 1742 2841 ο
1778 2811 1874 2864 καὶ

291 2884 532 2940 δείκνυσι
577 2888 671 2940 καὶ
718 2888 924 2960 ταύτην
973 2891 1230 2963 ἀνόνητον
1252 2897 1320 2964 ⁸⁷,
1356 2897 1486 2953 ὅταν
1537 2900 1646 2953 τῶν
1697 2900 1874 2955 ἄλλων

291 2976 474 3053 ἔργων
501 2980 728 3050 ἄμοιρος
756 2975 813 3054 ᾗ.

362 3165 464 3213 κε’.
523 3159 816 3230 Περιτομνὴ
867 3163 988 3231 μὲν
1046 3165 1158 3234 γὰρ
1217 3167 1458 3238 ὠφελεῖ,
1523 3173 1633 3227 ἐὰν
1691 3176 1878 3245 νόμον

291 3249 612 3319 πράσσῃς·
642 3252 750 3307 ἐὰν
776 3251 846 3306 δὲ
882 3257 1230 3327 παραϐάτης
1271 3263 1462 3332 νόμου
1505 3259 1601 3336 ᾖς,
1644 3268 1682 3335 ἡ
1715 3284 1876 3337 περι-

289 3337 441 3408 τομή
471 3353 590 3395 σου
629 3341 998 3410 ἀκροϐυστιά
1037 3347 1267 3416 γέγονε.
1305 3352 1431 3416 Τοῖς
1465 3361 1824 3427 προφητικοῖς
1847 3359 1876 3410 ὁ

295 3429 436 3494 θεῖος
500 3433 824 3497 Ἀπόστολος
876 3437 1215 3510 ἠκολούθησε
1271 3443 1470 3512 λόγοις.
1527 3447 1584 3499 '0
1619 3449 1728 3520 γὰρ
1765 3449 1876 3504 τῶν

294 3523 431 3577 ὅλων
476 3523 606 3588 Θεὸς
653 3526 740 3580 διὰ
786 3528 1054 3600 Ἱερεμίου
1107 3533 1201 3586 τοῦ
1232 3537 1514 3606 προφήτου
1560 3541 1744 3609 φησὶν,
1793 3543 1876 3595 ὅτι

302 3633 322 3667 ι
356 3615 539 3669 Πάντα
564 3615 629 3668 τὰ
653 3617 778 3690 ἔθνη
795 3621 1144 3692 ἀπερίτμητα
1169 3627 1348 3696 σαρκί’
1373 3627 1401 3679 ὁ
1420 3627 1474 3680 δὲ
1498 3623 1644 3693 οἶκος
1660 3631 1876 3704 Ἰσραὴλ

292 3707 659 3796 ἀπερίτμητοι
681 3710 928 3781 καρδίαις
949 3715 1147 3769 αὐτῶν.
1169 3734 1188 3766 ι
1224 3718 1332 3770 Καὶ
1355 3719 1534 3773 πάλιν·
1557 3741 1574 3773 ι
1595 3723 1875 3796 Περιτμή-

291 3795 421 3868 θητε
453 3797 531 3868 τῷ
562 3797 698 3869 Θεῷ,
729 3818 748 3851 ι
797 3802 907 3856 Καὶ
935 3803 1151 3870 δεικνὺς
1193 3807 1354 3861 ποίαν
1389 3809 1538 3880 λέγει
1569 3795 1874 3887 περιτομήν

290 3886 635 3958 ἁρέσκουσαν
665 3889 742 3960 τῷ
773 3891 911 3962 Θεῷ,
953 3895 1231 3967 ἐπήγαγε·
1271 3919 1290 3952 ι
1337 3901 1446 3954 Καὶ
1479 3886 1874 3975 περιτέμνεσθε

288 3979 392 4068 την
424 3981 788 4051 ἀκροϐυστίαν
823 3985 922 4056 τῆς
961 3989 1189 4057 καρδίας
1221 3991 1374 4061 ὑμῶν
1405 3993 1504 4065 τὴν
1549 3995 1812 4068 σκληρὰν.
1848 4016 1868 4050 t

303 4067 585 4159 Ἐντεῦθεν
614 4073 938 4144 ὁρμώμενος
965 4079 1000 4130 ὁ
1027 4077 1169 4144 θεῖος
1212 4080 1568 4149 Ἀπόστολος,
1612 4067 1873 4159 περιττὴν

289 4158 459 4225 ἔδειξε
481 4161 579 4232 τὴν
607 4166 932 4238 περιτομὴν,
969 4169 1066 4240 τῆς
1096 4171 1238 4225 κατὰ
1260 4173 1436 4246 ψυχὴν
1467 4177 1566 4247 οὐχ
1598 4158 1876 4250 ὑπαρχού-

290 4255 734 4344 σηςπεριτομῆς.
757 4260 834 4310 Δι’
852 4260 1067 4331 ἐκείνην
1096 4265 1204 4342 γὰρ
1221 4267 1354 4339 αὕτη
1373 4268 1601 4325 δέδοται.
1619 4272 1743 4326 Ἐὰν
1765 4271 1874 4344 γὰρ

290 4343 477 4433 ἐκείνη
501 4345 800 4433 -μὴ-προσῇ,
818 4350 968 4404 οὐδὲν
993 4353 1101 4405 ἀπὸ
1115 4355 1320 4428 ταύτης
1332 4359 1544 4427 ὄφελος·
1573 4361 1746 4432 μόνης
1765 4343 1874 4433 γὰρ

1980 518 2208 572 dilorem
2261 518 2645 585 insipientium,
2711 518 3023 586 magistrum
3088 515 3396 584 infantium.
3462 513 3564 570 llic

1977 609 2222 663 ostendit
2271 609 2448 663 elatos
2485 617 2540 660 et
2589 615 2913 677 armgantcs
2970 623 3161 662 eorum
3219 607 3468 672 animos,
3510 617 3564 660 et

1979 698 2197 768 aperuit
2237 697 2513 768 quodnam
2547 705 2695 750 esset
2742 711 2933 750 eorum
2969 695 3077 767 34
3099 694 3364 749 adversus
3404 708 3565 764 pros-

1977 791 2151 861 elytos
2199 789 2580 859 supercilium.
2615 787 2906 842 [labentem
2947 788 3178 857 formam
3212 785 3447 839 setentia'
3469 823 3484 846 ,
3515 794 3564 838 et

1977 881 2213 934 veritatis
2255 881 2310 934 in
2355 883 2484 951 lege.
2518 880 2722 936 Eorum
2759 880 2903 935 enim
2934 880 3179 934 omnium
3216 877 3566 931 characteres

1979 973 2079 1028 tibi
2116 972 2301 1027 divina
2339 973 2422 1027 lex
2460 973 2665 1026 attulit.

2049 1063 2222 1119 Vsus.
2250 1065 2441 1120 Ql—QS.
2491 1063 2596 1129 Qui
2632 1079 2753 1134 ergo
2797 1063 2959 1116 alium
2986 1061 3162 1125 doces,
3188 1063 3411 1131 teipsunt
3461 1079 3565 1117 non

1978 1161 2175 1215 doces?
2205 1162 2298 1230 qui
2353 1161 2615 1229 prmdicas
2665 1159 2766 1214 non
2822 1158 3134 1228 furandum,
3182 1160 3430 1228 furoris?
3461 1160 3567 1226 Qui

1979 1253 2114 1305 dicis
2156 1269 2257 1304 non
2303 1252 2687 1314 mmo/tandum,
2731 1252 3051 1306 mmo/laris?
3089 1251 3184 1321 qui
3229 1251 3563 1306 abominaris

1980 1343 2151 1404 idola,
2183 1343 2519 1411 sacrilegium
2557 1345 2884 1397 committis?
2919 1343 3021 1409 Qui
3062 1345 3114 1395 in
3147 1340 3258 1412 lege
3289 1343 3563 1411 gloriaris,

1979 1447 2072 1499 per
2104 1431 2232 1500 legis
2281 1432 2766 1498 pravari-cationem
2803 1433 2970 1485 Deum
3010 1433 3337 1488 inhonorus?
3366 1432 3567 1488 Osten-

1981 1522 2062 1576 dit
2104 1537 2226 1578 eum
2261 1522 2467 1576 nullam
2503 1537 2567 1578 ex
2608 1522 2734 1576 data
2776 1523 2884 1577 sibi
2915 1523 3033 1593 lege
3083 1524 3376 1579 utilitatem
3410 1541 3568 1578 accc-

1981 1615 2150 1685 pisse,
2175 1615 2269 1671 sed
2294 1624 2505 1669 tantum
2542 1624 2766 1684 propter
2797 1615 3004 1684 scripta
3033 1615 3260 1684 gloriari
3296 1633 3310 1670 :
3339 1626 3392 1671 et
3419 1617 3561 1672 alios

1981 1704 2203 1775 quidem
2253 1705 2442 1759 conari
2489 1704 2708 1766 docere,
2765 1703 2929 1759 factis
2982 1715 3164 1760 autem
3215 1705 3398 1762 verbis
3449 1707 3568 1762 suis

1974 1797 2386 1860 contradicere,
2414 1801 2469 1850 et
2512 1794 2720 1850 frustra
2771 1796 2828 1850 in
2877 1796 2996 1866 lege
3032 1797 3344 1866 superbire.
3391 1797 3568 1852 AlTert

1980 1895 2168 1942 autem
2203 1888 2369 1941 etiam
2414 1887 2790 1943 testimonium
2841 1885 2908 1942 ad
2946 1888 3324 1946 accusationis
3357 1890 3564 1945 contir-

1977 1979 2301 2034 mationem.

2051 2151 2219 2208 Vsus.
2257 2153 2346 2209 24.
2376 2149 2584 2208 Nomen
2615 2156 2753 2209 enim
2787 2154 2886 2210 Dei
2921 2171 3012 2226 per
3044 2173 3132 2212 vos
3163 2157 3563 2227 blasphematur

1982 2246 2120 2299 inter
2171 2255 2368 2316 gentes,
2397 2247 2534 2301 sicut
2583 2247 2837 2314 scriptum
2887 2258 2991 2302 est.
3019 2246 3140 2302 Non
3191 2248 3367 2304 solum
3413 2251 3564 2304 enim

1978 2351 2202 2391 causam
2254 2353 2362 2392 non
2413 2337 2612 2393 dedisti
2674 2347 2732 2393 ut
2787 2338 2934 2396 Deus
2993 2339 3563 2410 gloriﬁcaretur,sed

1976 2429 2274 2484 multorum
2309 2429 2474 2484 etiam
2512 2429 2729 2499 linguas
2755 2429 2823 2484 ad
2857 2429 3151 2484 maledicta
3187 2432 3562 2487 commovisti.

1975 2521 2112 2576 Cum
2155 2529 2304 2576 tuam
2335 2523 2481 2578 enim
2520 2523 2842 2578 sceleratam
2893 2532 2947 2578 et
2989 2524 3234 2594 iniquam
3266 2525 3435 2580 vitam
3476 2526 3562 2580 vi-

1975 2615 2193 2681 derent,
2225 2615 2394 2671 Deum
2439 2617 2532 2686 qui
2579 2623 2631 2670 te
2675 2616 2840 2687 elegit
2878 2616 3240 2686 blasphemiis
3289 2625 3346 2673 et
3392 2618 3563 2672 male-

1975 2703 2140 2761 dictis
2175 2713 2360 2776 aperte
2392 2705 2765 2760 incessebant.
2796 2705 3095 2775 Postquam
3140 2718 3324 2764 autem
3355 2723 3453 2764 eos
3485 2710 3562 2764 ita

1976 2795 2218 2850 ostendit
2267 2794 2404 2848 nihil
2450 2809 2517 2848 ex
2569 2794 2689 2862 lege
2718 2793 2959 2848 Mosaica
3013 2795 3270 2852 utilitatis
3323 2799 3561 2868 cepisse,

1976 2886 2242 2941 transfert
2275 2885 2582 2939 orationem
2617 2884 2686 2938 ad
2709 2885 3214 2952 circumcisionem,
3237 2895 3292 2943 et
3321 2891 3563 2946 ostendit

1976 2992 2096 3032 eam
2133 2993 2354 3048 quoque
2395 2993 2517 3034 esse
2556 2977 2830 3046 inutilem,
2871 2980 3096 3052 quando
3129 2980 3294 3039 fuerit
3325 2985 3564 3041 aliorum

1979 3083 2210 3140 operum
2239 3083 2458 3138 expers.

2053 3157 2218 3214 Vsus.
2267 3158 2359 3213 25.
2409 3155 2756 3214 Circumcisio
2816 3163 2956 3220 enim
3003 3166 3253 3234 prodest,
3292 3170 3340 3224 si
3395 3170 3562 3242 legem

1979 3265 2148 3305 serves
2169 3265 2190 3315 ;
2214 3249 2299 3303 sin
2331 3259 2509 3304 autem
2543 3251 2617 3305 sis
2643 3255 3028 3319 prmvaricator
3049 3256 3202 3328 legis,
3228 3261 3561 3317 circumcisio

1980 3354 2072 3397 tua
2106 3343 2429 3411 pra’putium
2465 3343 2614 3411 facta
2656 3354 2754 3398 est.
2808 3345 3040 3403 Divinus
3071 3352 3374 3421 Apostolus
3410 3356 3560 3409 dicta

1977 3434 2297 3504 prephetica
2339 3443 2568 3490 secutus
2609 3445 2714 3490 est.
2751 3434 3150 3495 Universorum
3207 3444 3351 3497 enim
3414 3443 3558 3501 Deus

1977 3527 2111 3580 dicit
2160 3541 2254 3595 per
2307 3523 2602 3582 Jeremiam
2640 3528 2969 3597 prophetam
3009 3549 3022 3585 :
3067 3550 3086 3583 ι
3128 3532 3332 3588 Omnes
3370 3544 3560 3604 gentes

1978 3618 2386 3674 incircumcisae
2418 3633 2588 3673 carne
2626 3637 2639 3674 :
2671 3622 2688 3640 ‘
2712 3619 2909 3677 domus
2955 3631 3138 3678 autem
3191 3622 3359 3680 Israel
3393 3627 3562 3684 incir‘

1977 3709 2207 3763 cumcisi
2257 3708 2526 3763 cordibus
2571 3708 2690 3764 suis
2715 3721 2766 3764 ιι.
2813 3729 2832 3763 ι
2870 3711 2936 3766 Et
2967 3728 3204 3770 rursus:
3237 3715 3343 3787 35
3381 3737 3399 3770 ι
3435 3718 3560 3774 Cir-

1977 3800 2367 3856 cumcidamini
2415 3800 2526 3856 Deo
2575 3810 2621 3855 ν.
2688 3821 2708 3853 ι
2769 3801 2837 3856 Et
2897 3805 3198 3861 ostendens
3263 3824 3558 3878 quamnam

1977 3893 2127 3950 dicat
2159 3897 2645 3953 circumcisionem
2673 3897 2784 3954 Deo
2808 3899 3046 3970 placere,
3074 3901 3362 3972 subjunxit
3391 3919 3404 3956 :
3443 3923 3472 3958 ι·
3492 3904 3558 3958 Et

1976 3988 2448 4044 circumcidamini
2477 3991 2807 4060 praeputium
2831 3991 3016 4048 cordis
3061 3995 3232 4049 vestri
3262 3995 3486 4050 durum.
3530 4019 3549 4050 ι

1973 4078 2106 4134 Inde
2161 4090 2443 4150 permotus
2493 4081 2718 4138 divinus
2768 4081 3066 4154 Apostolus
3133 4085 3376 4141 ostendit
3441 4089 3555 4141 cir-

1976 4169 2372 4226 cumcisionem
2434 4187 2558 4228 esse
2605 4185 3095 4241 supervacaneam,
3133 4176 3182 4230 si
3241 4190 3350 4228 non
3413 4177 3556 4232 adsit

1975 4258 2171 4312 animm
2209 4260 2584 4317 circumcisio.
2618 4261 2850 4331 Propter
2887 4264 3038 4317 illaut
3088 4268 3233 4319 enim
3275 4265 3390 4321 haec
3427 4267 3557 4321 data
3617 4273 3622 4280 '

1974 4354 2078 4400 est.
2108 4345 2264 4413 Quod
2301 4349 2351 4404 si
2397 4348 2489 4402 illa
2522 4365 2632 4405 non
2679 4351 2844 4415 adsit,
2881 4353 3031 4406 nulla
3065 4361 3150 4408 est
3184 4354 3412 4412 alterius
3445 4360 3555 4412 uti-

289 4430 446 4521 ⁶τάξιν
495 4431 682 4502 ἐπέχει
726 4438 1038 4508 σφραγῖδος.
1081 4440 1251 4495 Ἔνθα
1276 4423 1332 4496 δὲ
1371 4423 1868 4521 γρυσὺν’ἕχομεν,ἧ

1977 4423 2123 4494 litos.
2148 4439 2336 4494 Solius
2365 4439 2510 4494 enim
2548 4441 2819 4512 signaculi
2848 4442 3026 4496 locum
3059 4443 3290 4501 obtinet.
3323 4446 3425 4503 Ubi
3453 4466 3554 4504 au-

289 4518 554 4590 ἄργυρον,
578 4521 611 4593 ἥ
637 4521 816 4587 λίθους
840 4529 1130 4600 τιμίουςμῆ
1149 4531 1349 4602 ἐσθῆτα
1374 4533 1664 4604 πολυτελῆ,
1688 4518 1875 4591 εἰώθαζ

296 4627 399 4681 μεν
429 4613 728 4670 ἐπιτιθέναι
743 4618 813 4672 τὰ
832 4621 896 4692 σή
906 4625 1317 4694 μαντρα.”οταν
1335 4625 1393 4679 δέ
1416 4642 1478 4694 γε
1500 4625 1708 4681 τούτων
1724 4629 1873 4686 ἔνδον

297 4702 466 4775 μηδὲν
492 4705 804 4777 ἀπόκειται,
837 4713 1063 4786 περιττὴ
1087 4714 1196 4769 τῶν
1228 4717 1555 4790 σημάντρων
1584 4720 1618 4790 ή
1649 4719 1818 4786 θέσις.

362 4973 478 5032 κς’.
534 4968 676 5023 Ἐὰν
727 4965 842 5027 οὖν
891 4973 930 5042 ἠ
981 4973 1350 5044 ἀκροϐυστία
1388 4982 1460 5038 τὰ
1509 4982 1869 5056 δικαιώματα

289 5057 402 5112 τοῦ
433 5059 621 5128 νόμου
677 5061 993 5134 φυλάσσῃ,
1038 5068 1174 5137 οὐχι
1211 5071 1250 5139 ἠ
1292 5071 1657 5140 ἀκροϐυστία
1680 5081 1868 5136 αὐτοῦ

288 5149 377 5214 εἰς
404 5151 733 5220 περιτομὴν
764 5155 1226 5224 λογισθήσετᾳι;
1268 5161 1336 5229 '0,
1366 5163 1548 5234 νόμος,
1591 5169 1762 5239 φησὶ,
1807 5171 1868 5225 τὸ

291 5242 454 5311 ἔργον
481 5243 722 5301 ἀπαιτεῖ.
749 5246 918 5301 Ὅταν
946 5246 1038 5304 οὖν
1065 5253 1126 5306 σὺ
1153 5253 1182 5306 ὁ
1212 5258 1681 5330 περιτετμημένος
1707 5262 1866 5317 τοῦτο

295 5333 372 5403 μὴ
408 5332 558 5405 ἔχῃς,
605 5337 634 5388 ὁ
663 5335 720 5388 δὲ
751 5335 1086 5407 ἀκρόὸυστος
1115 5341 1234 5414 ἔχῃ,
1279 5345 1378 5398 οὐκ
1427 5347 1494 5400 ἂν
1527 5347 1752 5412 εἰκότως
1798 5351 1862 5404 σὺ

360 5495 390 5526 ιι
427 5487 634 5546 Jerem.
668 5507 756 5558 ix,
786 5491 875 5546 26.
953 5503 980 5531 ν
1015 5493 1216 5554 Jerem.
1252 5512 1324 5564 Iv,
1355 5501 1408 5554 4.

1981 4536 2088 4584 tem
2147 4532 2411 4588 habemus
2463 4547 2680 4599 aurum,
2729 4535 2812 4590 vel
2855 4544 3168 4606 argentum,
3197 4540 3282 4596 vel
3343 4525 3554 4614 lapides

1979 4621 2270 4689 pretiosos,
2301 4622 2383 4676 vel
2427 4631 2633 4679 vestem
2689 4634 3104 4698 sumptuosam,
3152 4632 3267 4688 illic
3309 4634 3552 4691 solemus

1979 4709 2261 4780 signacula
2308 4713 2610 4784 imponere.
2652 4715 2756 4773 Sed
2791 4721 3020 4790 quando
3051 4724 3190 4778 nihil
3241 4726 3435 4780 horum
3469 4739 3556 4784 est

1979 4800 2128 4859 intus
2191 4807 2514 4874 repositum,
2575 4820 2707 4866 tunc
2760 4823 2845 4869 est
2916 4829 3386 4885 supervacaneum
3449 4822 3553 4876 im-

1977 4910 2181 4966 ponere
2210 4897 2469 4967 sigillum.

2046 4987 2212 5046 Vsus.
2243 4992 2335 5046 ‘26.
2368 4990 2429 5048 Si
2451 5010 2574 5066 ergo
2601 4999 2919 5066 prwputium
2942 5001 3185 5070 justitias
3217 5001 3346 5071 legis
3371 5013 3552 5058 custo-

1975 5081 2108 5144 diat,
2127 5099 2296 5138 nonne
2319 5089 2634 5154 pra’putium
2661 5090 2811 5145 illius
2835 5093 2891 5144 in
2913 5092 3365 5148 circumcisionem
3392 5113 3551 5167 repu-

1975 5170 2377 5238 tabitur?Lex,
2405 5174 2602 5244 inquit,
2646 5193 2786 5249 opus
2845 5179 3033 5249 exigit.
3059 5179 3115 5235 Si
3174 5193 3232 5237 tu
3277 5201 3408 5257 ergo
3454 5190 3549 5256 qui

1973 5276 2033 5318 es
2107 5261 2506 5328 circumcisus,
2569 5265 2674 5321 hoc
2747 5281 2856 5323 non
2923 5270 3162 5344 habeas,
3228 5276 3323 5345 qui
3386 5277 3552 5332 habet

1973 5360 2156 5408 autem
2217 5355 2545 5424 praeputium
2586 5359 2690 5412 hoc
2752 5359 2974 5428 habeat,
3033 5379 3101 5420 an
3143 5382 3254 5423 non
3305 5370 3429 5440 jure
3491 5377 3550 5420 tu

1599 5657 1834 5714 νΑιιιιΕ
1867 5657 2268 5720 ιεετιοΝΕε.

363 5743 408 5775 ⁸ο
439 5742 550 5798 αττ.
583 5741 737 5799 deest
773 5742 825 5798 in
857 5741 986 5798 Dav.
1063 5745 1105 5776 ’⁷
1144 5745 1221 5800 Ita
1256 5746 1382 5803 Dav.
1420 5751 1589 5817 liene;
1635 5761 1815 5811 textus
1853 5753 1874 5810 ε

1977 5757 2133 5816 tondi
2162 5757 2392 5816 habebat
2424 5758 2673 5831 ἀνόητον.

655 5835 924 5900 ΡΑπιοι..
965 5840 1078 5904 Gn.
1112 5841 1260 5904 LXX
1275 5843 1341 5904 XI
1357 5845 1398 5904 Ι.
