  <div class='ocr_page' id='page_1' title='image "/cluster/home/n/w/nwhite01/storage/ocr_20150623/82/hvd.32044020703054/054.png"; bbox 0 0 4074 6176; ppageno 0'>
   <div class='ocr_carea' id='block_1_1' title="bbox 283 374 1856 454">
    <p class='ocr_par' dir='ltr' id='par_1_1' title="bbox 283 374 1856 441">
     <span class='ocr_line' id='line_1_1' title="bbox 283 374 1856 441; baseline -0.005 0"><span class='ocrx_word' id='word_1_1' title='bbox 283 379 351 441; x_wconf 81' lang='grc' dir='ltr'><strong>’Π</strong></span> <span class='ocrx_word' id='word_1_2' title='bbox 1131 375 1742 438; x_wconf 69' lang='grc' dir='ltr'><strong>ῙΝΤΕΒΡΒΕΤΆΤΙΟ</strong></span> <span class='ocrx_word' id='word_1_3' title='bbox 1775 374 1856 433; x_wconf 76' lang='grc' dir='ltr'><strong>ΕΡ</strong></span> 
     </span>
    </p>
   </div>
   <div class='ocr_carea' id='block_1_2' title="bbox 1957 374 3524 454">
    <p class='ocr_par' dir='ltr' id='par_1_2' title="bbox 1957 374 3524 454">
     <span class='ocr_line' id='line_1_2' title="bbox 1957 374 3524 454; baseline 0.015 -22"><span class='ocrx_word' id='word_1_4' title='bbox 1957 374 2010 434; x_wconf 83' lang='grc' dir='ltr'><strong>Γ.</strong></span> <span class='ocrx_word' id='word_1_5' title='bbox 2053 376 2152 434; x_wconf 82' lang='lat' dir='ltr'><strong>AD</strong></span> <span class='ocrx_word' id='word_1_6' title='bbox 2191 377 2369 437; x_wconf 78' lang='lat' dir='ltr'><strong>ROM.</strong></span> <span class='ocrx_word' id='word_1_7' title='bbox 2412 380 2568 438; x_wconf 80' lang='lat' dir='ltr'><strong>CAP.</strong></span> <span class='ocrx_word' id='word_1_8' title='bbox 2613 381 2724 441; x_wconf 91' lang='grc' dir='ltr'><strong>ΙΙῘ.</strong></span> <span class='ocrx_word' id='word_1_9' title='bbox 3451 393 3524 454; x_wconf 77' lang='lat'><strong>78</strong></span> 
     </span>
    </p>
   </div>
   <div class='ocr_carea' id='block_1_3' title="bbox 288 486 1856 572">
    <p class='ocr_par' dir='ltr' id='par_1_3' title="bbox 288 486 1854 559">
     <span class='ocr_line' id='line_1_3' title="bbox 288 486 1854 559; baseline -0.002 -17"><span class='ocrx_word' id='word_1_10' title='bbox 288 505 431 552; x_wconf 80' lang='grc' dir='ltr'>οεως</span> <span class='ocrx_word' id='word_1_11' title='bbox 479 486 786 559; x_wconf 72' lang='grc' dir='ltr'><strong>ἐσχηκότων</strong></span> <span class='ocrx_word' id='word_1_12' title='bbox 816 486 1126 555; x_wconf 76' lang='grc' dir='ltr'>διάγνωσιν,</span> <span class='ocrx_word' id='word_1_13' title='bbox 1163 489 1385 552; x_wconf 78' lang='grc' dir='ltr'><strong>τούτους</strong></span> <span class='ocrx_word' id='word_1_14' title='bbox 1414 490 1596 543; x_wconf 76' lang='grc' dir='ltr'>λαϐεῖν</span> <span class='ocrx_word' id='word_1_15' title='bbox 1627 489 1722 542; x_wconf 68' lang='grc' dir='ltr'><strong>καὶ</strong></span> <span class='ocrx_word' id='word_1_16' title='bbox 1760 487 1854 540; x_wconf 80' lang='grc' dir='ltr'><strong>τοῦ</strong></span> 
     </span>
    </p>
   </div>
   <div class='ocr_carea' id='block_1_4' title="bbox 1957 486 3519 572">
    <p class='ocr_par' dir='ltr' id='par_1_4' title="bbox 1957 489 3519 572">
     <span class='ocr_line' id='line_1_4' title="bbox 1957 489 3519 572; baseline 0.01 -32"><span class='ocrx_word' id='word_1_17' title='bbox 1957 502 2020 540; x_wconf 58' lang='lat' dir='ltr'><strong>es</strong></span> <span class='ocrx_word' id='word_1_18' title='bbox 2065 500 2258 542; x_wconf 75' lang='lat' dir='ltr'><strong>natura</strong></span> <span class='ocrx_word' id='word_1_19' title='bbox 2307 499 2389 546; x_wconf 88' lang='lat' dir='ltr'><strong>est</strong></span> <span class='ocrx_word' id='word_1_20' title='bbox 2430 489 2799 561; x_wconf 78' lang='lat' dir='ltr'><strong>COgnitiouem</strong></span> <span class='ocrx_word' id='word_1_21' title='bbox 2851 491 3139 559; x_wconf 86' lang='lat' dir='ltr'><strong>baberent,</strong></span> <span class='ocrx_word' id='word_1_22' title='bbox 3183 510 3278 552; x_wconf 87' lang='lat' dir='ltr'><strong>eos</strong></span> <span class='ocrx_word' id='word_1_23' title='bbox 3346 499 3519 572; x_wconf 86' lang='lat' dir='ltr'><strong>legem</strong></span> 
     </span>
    </p>
   </div>
   <div class='ocr_carea' id='block_1_5' title="bbox 289 578 784 651">
    <p class='ocr_par' dir='ltr' id='par_1_5' title="bbox 289 578 784 651">
     <span class='ocr_line' id='line_1_5' title="bbox 289 578 784 651; baseline -0.002 -18"><span class='ocrx_word' id='word_1_24' title='bbox 289 581 456 651; x_wconf 81' lang='grc' dir='ltr'>νόμον</span> <span class='ocrx_word' id='word_1_25' title='bbox 487 578 582 649; x_wconf 83' lang='grc' dir='ltr'>τὴν</span> <span class='ocrx_word' id='word_1_26' title='bbox 615 578 784 632; x_wconf 89' lang='grc' dir='ltr'>θέσιν.</span> 
     </span>
    </p>
   </div>
   <div class='ocr_carea' id='block_1_6' title="bbox 358 668 1857 740">
    <p class='ocr_par' dir='ltr' id='par_1_6' title="bbox 358 668 1857 740">
     <span class='ocr_line' id='line_1_6' title="bbox 358 668 1857 740; baseline 0.001 -18"><span class='ocrx_word' id='word_1_27' title='bbox 358 676 428 739; x_wconf 76' lang='grc' dir='ltr'><strong>γ’.</strong></span> <span class='ocrx_word' id='word_1_28' title='bbox 468 671 529 722; x_wconf 85' lang='grc' dir='ltr'>Τί</span> <span class='ocrx_word' id='word_1_29' title='bbox 555 668 664 739; x_wconf 63' lang='grc' dir='ltr'><strong>γὰρ</strong></span> <span class='ocrx_word' id='word_1_30' title='bbox 686 673 739 724; x_wconf 83' lang='grc' dir='ltr'>εὶ</span> <span class='ocrx_word' id='word_1_31' title='bbox 766 671 1120 739; x_wconf 77' lang='grc' dir='ltr'>ἠπίστησάν</span> <span class='ocrx_word' id='word_1_32' title='bbox 1162 689 1356 738; x_wconf 60' lang='lat' dir='ltr'><strong>etnec;</strong></span> <span class='ocrx_word' id='word_1_33' title='bbox 1392 671 1478 740; x_wconf 78' lang='grc' dir='ltr'><strong>μὴ</strong></span> <span class='ocrx_word' id='word_1_34' title='bbox 1523 671 1560 739; x_wconf 73' lang='grc' dir='ltr'><strong><em>ἡ</em></strong></span> <span class='ocrx_word' id='word_1_35' title='bbox 1609 669 1857 725; x_wconf 75' lang='grc' dir='ltr'><strong>ἀπιστία</strong></span> 
     </span>
    </p>
   </div>
   <div class='ocr_carea' id='block_1_7' title="bbox 285 760 1854 830">
    <p class='ocr_par' dir='ltr' id='par_1_7' title="bbox 285 760 1854 830">
     <span class='ocr_line' id='line_1_7' title="bbox 285 760 1854 830; baseline -0.001 -16"><span class='ocrx_word' id='word_1_36' title='bbox 285 760 485 814; x_wconf 80' lang='grc' dir='ltr'>αὐτῶν</span> <span class='ocrx_word' id='word_1_37' title='bbox 533 761 648 828; x_wconf 72' lang='grc' dir='ltr'>τὴν</span> <span class='ocrx_word' id='word_1_38' title='bbox 695 763 905 817; x_wconf 79' lang='grc' dir='ltr'>πίστιν</span> <span class='ocrx_word' id='word_1_39' title='bbox 950 765 1056 818; x_wconf 83' lang='grc' dir='ltr'><strong>τοῦ</strong></span> <span class='ocrx_word' id='word_1_40' title='bbox 1115 763 1264 818; x_wconf 87' lang='grc' dir='ltr'><strong>Θεοῦ</strong></span> <span class='ocrx_word' id='word_1_41' title='bbox 1315 761 1713 830; x_wconf 72' lang='grc' dir='ltr'>καταρτιξσει;</span> <span class='ocrx_word' id='word_1_42' title='bbox 1758 761 1854 827; x_wconf 80' lang='grc' dir='ltr'><strong>Μὴ</strong></span> 
     </span>
    </p>
   </div>
   <div class='ocr_carea' id='block_1_8' title="bbox 288 851 1856 925">
    <p class='ocr_par' dir='ltr' id='par_1_8' title="bbox 288 851 1856 925">
     <span class='ocr_line' id='line_1_8' title="bbox 288 851 1856 925; baseline 0.001 -20"><span class='ocrx_word' id='word_1_43' title='bbox 288 851 539 922; x_wconf 71' lang='grc' dir='ltr'>γένοιτο.</span> <span class='ocrx_word' id='word_1_44' title='bbox 578 851 753 923; x_wconf 82' lang='grc' dir='ltr'>’ῌδει,</span> <span class='ocrx_word' id='word_1_45' title='bbox 793 855 976 925; x_wconf 74' lang='grc' dir='ltr'>φησὶν,</span> <span class='ocrx_word' id='word_1_46' title='bbox 1006 854 1209 908; x_wconf 82' lang='grc' dir='ltr'>ἄνωθεν</span> <span class='ocrx_word' id='word_1_47' title='bbox 1230 857 1258 908; x_wconf 84' lang='grc' dir='ltr'>ὁ</span> <span class='ocrx_word' id='word_1_48' title='bbox 1277 854 1384 907; x_wconf 87' lang='grc' dir='ltr'><strong>τῶν</strong></span> <span class='ocrx_word' id='word_1_49' title='bbox 1418 853 1553 908; x_wconf 84' lang='grc' dir='ltr'>ὅλων</span> <span class='ocrx_word' id='word_1_50' title='bbox 1581 853 1734 916; x_wconf 77' lang='grc' dir='ltr'>Θεὸς.</span> <span class='ocrx_word' id='word_1_51' title='bbox 1764 852 1856 906; x_wconf 74' lang='grc' dir='ltr'>καὶ</span> 
     </span>
    </p>
   </div>
   <div class='ocr_carea' id='block_1_9' title="bbox 287 943 1857 1015">
    <p class='ocr_par' dir='ltr' id='par_1_9' title="bbox 287 943 1857 1015">
     <span class='ocr_line' id='line_1_9' title="bbox 287 943 1857 1015; baseline -0.001 -19"><span class='ocrx_word' id='word_1_52' title='bbox 287 945 412 1006; x_wconf 70' lang='grc' dir='ltr'>τοὺς</span> <span class='ocrx_word' id='word_1_53' title='bbox 447 943 695 1010; x_wconf 81' lang='grc' dir='ltr'>φύλακας</span> <span class='ocrx_word' id='word_1_54' title='bbox 732 945 1024 1014; x_wconf 79' lang='grc' dir='ltr'><strong>ἐσομένους</strong></span> <span class='ocrx_word' id='word_1_55' title='bbox 1052 945 1143 998; x_wconf 81' lang='grc' dir='ltr'><strong>τοῦ</strong></span> <span class='ocrx_word' id='word_1_56' title='bbox 1180 945 1368 1015; x_wconf 80' lang='grc' dir='ltr'>νόμον,</span> <span class='ocrx_word' id='word_1_57' title='bbox 1404 945 1496 998; x_wconf 72' lang='grc' dir='ltr'><strong>καὶ</strong></span> <span class='ocrx_word' id='word_1_58' title='bbox 1522 945 1648 1008; x_wconf 76' lang='grc' dir='ltr'>τοὺς</span> <span class='ocrx_word' id='word_1_59' title='bbox 1667 943 1857 996; x_wconf 82' lang='grc' dir='ltr'>τοῦτον</span> 
     </span>
    </p>
   </div>
   <div class='ocr_carea' id='block_1_10' title="bbox 287 1030 1857 1103">
    <p class='ocr_par' dir='ltr' id='par_1_10' title="bbox 287 1030 1857 1103">
     <span class='ocr_line' id='line_1_10' title="bbox 287 1030 1857 1103; baseline 0 -19"><span class='ocrx_word' id='word_1_60' title='bbox 287 1030 705 1100; x_wconf 75' lang='grc' dir='ltr'>παραϐήσεσθαι</span> <span class='ocrx_word' id='word_1_61' title='bbox 756 1032 1082 1102; x_wconf 85' lang='grc' dir='ltr'>μέλλοντας·</span> <span class='ocrx_word' id='word_1_62' title='bbox 1132 1032 1380 1103; x_wconf 79' lang='grc' dir='ltr'><strong>οὐδαμῶς</strong></span> <span class='ocrx_word' id='word_1_63' title='bbox 1433 1033 1612 1086; x_wconf 86' lang='grc' dir='ltr'>τοίνυν</span> <span class='ocrx_word' id='word_1_64' title='bbox 1645 1033 1694 1085; x_wconf 75' lang='grc' dir='ltr'><strong>οἱ</strong></span> <span class='ocrx_word' id='word_1_65' title='bbox 1728 1033 1857 1085; x_wconf 86' lang='grc' dir='ltr'>ἀπι-</span> 
     </span>
    </p>
   </div>
   <div class='ocr_carea' id='block_1_11' title="bbox 289 1121 1856 1194">
    <p class='ocr_par' dir='ltr' id='par_1_11' title="bbox 289 1121 1856 1194">
     <span class='ocr_line' id='line_1_11' title="bbox 289 1121 1856 1194; baseline -0.001 -19"><span class='ocrx_word' id='word_1_66' title='bbox 289 1125 584 1192; x_wconf 76' lang='grc' dir='ltr'><strong>στήσαντες</strong></span> <span class='ocrx_word' id='word_1_67' title='bbox 617 1121 956 1192; x_wconf 82' lang='grc' dir='ltr'>ὲλυμήναντο</span> <span class='ocrx_word' id='word_1_68' title='bbox 1007 1122 1105 1185; x_wconf 83' lang='grc' dir='ltr'>τὰς</span> <span class='ocrx_word' id='word_1_69' title='bbox 1155 1122 1309 1186; x_wconf 85' lang='grc' dir='ltr'>θείας</span> <span class='ocrx_word' id='word_1_70' title='bbox 1349 1122 1686 1194; x_wconf 79' lang='grc' dir='ltr'><strong>εὐεργεσίας.</strong></span> <span class='ocrx_word' id='word_1_71' title='bbox 1735 1122 1856 1176; x_wconf 70' lang='grc' dir='ltr'>Κᾶν</span> 
     </span>
    </p>
   </div>
   <div class='ocr_carea' id='block_1_12' title="bbox 285 1211 1853 1284">
    <p class='ocr_par' dir='ltr' id='par_1_12' title="bbox 285 1211 1853 1284">
     <span class='ocr_line' id='line_1_12' title="bbox 285 1211 1853 1284; baseline 0 -18"><span class='ocrx_word' id='word_1_72' title='bbox 285 1214 397 1283; x_wconf 82' lang='grc' dir='ltr'>γὰρ</span> <span class='ocrx_word' id='word_1_73' title='bbox 430 1211 667 1275; x_wconf 76' lang='grc' dir='ltr'>ἅπαντες</span> <span class='ocrx_word' id='word_1_74' title='bbox 699 1213 748 1265; x_wconf 82' lang='lat' dir='ltr'><strong>oi</strong></span> <span class='ocrx_word' id='word_1_75' title='bbox 783 1211 1061 1283; x_wconf 77' lang='grc' dir='ltr'>ἄνθρωποι</span> <span class='ocrx_word' id='word_1_76' title='bbox 1095 1214 1223 1284; x_wconf 75' lang='grc' dir='ltr'>περὶ</span> <span class='ocrx_word' id='word_1_77' title='bbox 1252 1213 1416 1266; x_wconf 80' lang='grc' dir='ltr'>αὑτὸν</span> <span class='ocrx_word' id='word_1_78' title='bbox 1443 1213 1727 1284; x_wconf 82' lang='grc' dir='ltr'>ἀχάριστοι</span> <span class='ocrx_word' id='word_1_79' title='bbox 1760 1213 1853 1282; x_wconf 87' lang='grc' dir='ltr'>γέ-</span> 
     </span>
    </p>
   </div>
   <div class='ocr_carea' id='block_1_13' title="bbox 287 1302 1856 1375">
    <p class='ocr_par' dir='ltr' id='par_1_13' title="bbox 287 1302 1856 1375">
     <span class='ocr_line' id='line_1_13' title="bbox 287 1302 1856 1375; baseline 0 -19"><span class='ocrx_word' id='word_1_80' title='bbox 287 1320 506 1369; x_wconf 83' lang='grc' dir='ltr'>νωνται,</span> <span class='ocrx_word' id='word_1_81' title='bbox 539 1303 637 1356; x_wconf 78' lang='grc' dir='ltr'>οὐκ</span> <span class='ocrx_word' id='word_1_82' title='bbox 665 1302 959 1357; x_wconf 77' lang='grc' dir='ltr'><strong>ἐλαττώσει</strong></span> <span class='ocrx_word' id='word_1_83' title='bbox 993 1303 1088 1356; x_wconf 88' lang='grc' dir='ltr'><strong>τοῦ</strong></span> <span class='ocrx_word' id='word_1_84' title='bbox 1119 1304 1254 1356; x_wconf 87' lang='grc' dir='ltr'>Θεοῦ</span> <span class='ocrx_word' id='word_1_85' title='bbox 1284 1304 1382 1375; x_wconf 77' lang='grc' dir='ltr'>τὴν</span> <span class='ocrx_word' id='word_1_86' title='bbox 1410 1303 1564 1370; x_wconf 82' lang='grc' dir='ltr'>δόξαν</span> <span class='ocrx_word' id='word_1_87' title='bbox 1592 1306 1625 1374; x_wconf 81' lang='grc' dir='ltr'>ἡ</span> <span class='ocrx_word' id='word_1_88' title='bbox 1651 1304 1856 1357; x_wconf 87' lang='grc' dir='ltr'>τούτων</span> 
     </span>
    </p>
   </div>
   <div class='ocr_carea' id='block_1_14' title="bbox 285 1394 1855 1467">
    <p class='ocr_par' dir='ltr' id='par_1_14' title="bbox 285 1394 1855 1467">
     <span class='ocr_line' id='line_1_14' title="bbox 285 1394 1855 1467; baseline 0.001 -20"><span class='ocrx_word' id='word_1_89' title='bbox 285 1394 600 1465; x_wconf 76' lang='grc' dir='ltr'><strong>ἀχαριστία.</strong></span> <span class='ocrx_word' id='word_1_90' title='bbox 637 1394 808 1448; x_wconf 87' lang='grc' dir='ltr'>Τοῦτο</span> <span class='ocrx_word' id='word_1_91' title='bbox 843 1395 950 1466; x_wconf 81' lang='grc' dir='ltr'><strong>γὰρ</strong></span> <span class='ocrx_word' id='word_1_92' title='bbox 1002 1394 1093 1449; x_wconf 73' lang='grc' dir='ltr'>διὰ</span> <span class='ocrx_word' id='word_1_93' title='bbox 1142 1397 1253 1450; x_wconf 86' lang='grc' dir='ltr'><strong>τῶν</strong></span> <span class='ocrx_word' id='word_1_94' title='bbox 1305 1397 1660 1467; x_wconf 72' lang='grc' dir='ltr'><strong>ἐπαγομένων</strong></span> <span class='ocrx_word' id='word_1_95' title='bbox 1697 1397 1855 1466; x_wconf 84' lang='grc' dir='ltr'><strong>δεδή-</strong></span> 
     </span>
    </p>
   </div>
   <div class='ocr_carea' id='block_1_15' title="bbox 287 1487 453 1539">
    <p class='ocr_par' dir='ltr' id='par_1_15' title="bbox 287 1487 453 1539">
     <span class='ocr_line' id='line_1_15' title="bbox 287 1487 453 1539; baseline 0 -1"><span class='ocrx_word' id='word_1_96' title='bbox 287 1487 453 1539; x_wconf 75' lang='grc' dir='ltr'>λωκε.</span> 
     </span>
    </p>
   </div>
   <div class='ocr_carea' id='block_1_16' title="bbox 356 1576 1857 1648">
    <p class='ocr_par' dir='ltr' id='par_1_16' title="bbox 356 1576 1857 1648">
     <span class='ocr_line' id='line_1_16' title="bbox 356 1576 1857 1648; baseline 0.001 -19"><span class='ocrx_word' id='word_1_97' title='bbox 356 1576 418 1632; x_wconf 82' lang='grc' dir='ltr'><strong>δ’.</strong></span> <span class='ocrx_word' id='word_1_98' title='bbox 451 1577 717 1633; x_wconf 76' lang='grc' dir='ltr'>Γινέσθω</span> <span class='ocrx_word' id='word_1_99' title='bbox 744 1577 812 1631; x_wconf 76' lang='grc' dir='ltr'><em>δὲ</em></span> <span class='ocrx_word' id='word_1_100' title='bbox 839 1581 874 1632; x_wconf 83' lang='grc' dir='ltr'><em>ὁ</em></span> <span class='ocrx_word' id='word_1_101' title='bbox 903 1579 1046 1647; x_wconf 84' lang='grc' dir='ltr'><strong>Θεὸς</strong></span> <span class='ocrx_word' id='word_1_102' title='bbox 1075 1578 1308 1648; x_wconf 68' lang='grc' dir='ltr'>ἀληθής</span> <span class='ocrx_word' id='word_1_103' title='bbox 1330 1595 1346 1610; x_wconf 82' lang='grc'><strong>⁸</strong></span> <span class='ocrx_word' id='word_1_104' title='bbox 1392 1576 1508 1644; x_wconf 81' lang='grc' dir='ltr'><strong>πᾶς</strong></span> <span class='ocrx_word' id='word_1_105' title='bbox 1536 1579 1603 1632; x_wconf 82' lang='grc' dir='ltr'><strong>δὲ</strong></span> <span class='ocrx_word' id='word_1_106' title='bbox 1632 1578 1857 1646; x_wconf 73' lang='grc' dir='ltr'>ἄνθρω-</span> 
     </span>
    </p>
   </div>
   <div class='ocr_carea' id='block_1_17' title="bbox 286 1668 1858 1740">
    <p class='ocr_par' dir='ltr' id='par_1_17' title="bbox 286 1668 1858 1740">
     <span class='ocr_line' id='line_1_17' title="bbox 286 1668 1858 1740; baseline 0 -18"><span class='ocrx_word' id='word_1_107' title='bbox 286 1680 403 1734; x_wconf 74' lang='grc' dir='ltr'><strong>πος</strong></span> <span class='ocrx_word' id='word_1_108' title='bbox 428 1668 719 1736; x_wconf 72' lang='grc' dir='ltr'>ψεύστης.</span> <span class='ocrx_word' id='word_1_109' title='bbox 750 1669 940 1740; x_wconf 85' lang='grc' dir='ltr'>Δῶμεν</span> <span class='ocrx_word' id='word_1_110' title='bbox 979 1669 1111 1740; x_wconf 75' lang='grc' dir='ltr'>γὰρ,</span> <span class='ocrx_word' id='word_1_111' title='bbox 1155 1669 1314 1739; x_wconf 77' lang='grc' dir='ltr'>φησὶ,</span> <span class='ocrx_word' id='word_1_112' title='bbox 1344 1669 1422 1738; x_wconf 82' lang='grc' dir='ltr'>τῷ</span> <span class='ocrx_word' id='word_1_113' title='bbox 1450 1669 1614 1739; x_wconf 84' lang='grc' dir='ltr'>λόγῳ,</span> <span class='ocrx_word' id='word_1_114' title='bbox 1652 1669 1858 1740; x_wconf 81' lang='grc' dir='ltr'>μηδένα</span> 
     </span>
    </p>
   </div>
   <div class='ocr_carea' id='block_1_18' title="bbox 285 1758 1856 1831">
    <p class='ocr_par' dir='ltr' id='par_1_18' title="bbox 285 1758 1856 1831">
     <span class='ocr_line' id='line_1_18' title="bbox 285 1758 1856 1831; baseline 0.001 -19"><span class='ocrx_word' id='word_1_115' title='bbox 285 1759 396 1812; x_wconf 81' lang='grc' dir='ltr'><strong>τῶν</strong></span> <span class='ocrx_word' id='word_1_116' title='bbox 443 1758 747 1830; x_wconf 84' lang='grc' dir='ltr'>ἀνθρώπων</span> <span class='ocrx_word' id='word_1_117' title='bbox 795 1761 895 1830; x_wconf 77' lang='grc' dir='ltr'>τὴν</span> <span class='ocrx_word' id='word_1_118' title='bbox 930 1761 1317 1831; x_wconf 83' lang='grc' dir='ltr'><strong>προσήκουσαν</strong></span> <span class='ocrx_word' id='word_1_119' title='bbox 1367 1759 1514 1831; x_wconf 81' lang='grc' dir='ltr'>αὐτῷ</span> <span class='ocrx_word' id='word_1_120' title='bbox 1551 1760 1856 1829; x_wconf 79' lang='grc' dir='ltr'>δοξολογίαν</span> 
     </span>
    </p>
   </div>
   <div class='ocr_carea' id='block_1_19' title="bbox 286 1849 1856 1922">
    <p class='ocr_par' dir='ltr' id='par_1_19' title="bbox 286 1849 1856 1922">
     <span class='ocr_line' id='line_1_19' title="bbox 286 1849 1856 1922; baseline 0.001 -20"><span class='ocrx_word' id='word_1_121' title='bbox 286 1851 638 1922; x_wconf 80' lang='grc' dir='ltr'><strong>προσφέρειν,</strong></span> <span class='ocrx_word' id='word_1_122' title='bbox 672 1850 810 1904; x_wconf 77' lang='grc' dir='ltr'>ἀλλὰ</span> <span class='ocrx_word' id='word_1_123' title='bbox 854 1850 1066 1914; x_wconf 83' lang='grc' dir='ltr'>πάντας</span> <span class='ocrx_word' id='word_1_124' title='bbox 1109 1851 1429 1922; x_wconf 81' lang='grc' dir='ltr'>ἀχαριστίαν</span> <span class='ocrx_word' id='word_1_125' title='bbox 1461 1854 1636 1904; x_wconf 83' lang='grc' dir='ltr'>νοσεῖν</span> <span class='ocrx_word' id='word_1_126' title='bbox 1671 1849 1856 1920; x_wconf 86' lang='grc' dir='ltr'>(τοῦτο</span> 
     </span>
    </p>
   </div>
   <div class='ocr_carea' id='block_1_20' title="bbox 284 1941 1856 2016">
    <p class='ocr_par' dir='ltr' id='par_1_20' title="bbox 284 1941 1856 2016">
     <span class='ocr_line' id='line_1_20' title="bbox 284 1941 1856 2016; baseline 0.003 -21"><span class='ocrx_word' id='word_1_127' title='bbox 284 1942 396 2014; x_wconf 83' lang='grc' dir='ltr'>γὰρ</span> <span class='ocrx_word' id='word_1_128' title='bbox 440 1943 615 2012; x_wconf 80' lang='grc' dir='ltr'>λέγει’</span> <span class='ocrx_word' id='word_1_129' title='bbox 643 1941 770 2005; x_wconf 84' lang='grc' dir='ltr'><strong>Πᾶς</strong></span> <span class='ocrx_word' id='word_1_130' title='bbox 796 1941 865 1995; x_wconf 81' lang='grc' dir='ltr'><strong>δὲ</strong></span> <span class='ocrx_word' id='word_1_131' title='bbox 900 1942 1208 2010; x_wconf 78' lang='grc' dir='ltr'>ἄνθρωπος</span> <span class='ocrx_word' id='word_1_132' title='bbox 1237 1944 1548 2016; x_wconf 58' lang='lat' dir='ltr'><strong>maiorm)‘</strong></span> <span class='ocrx_word' id='word_1_133' title='bbox 1579 1945 1738 1998; x_wconf 84' lang='grc' dir='ltr'>ποίαν</span> <span class='ocrx_word' id='word_1_134' title='bbox 1767 1947 1856 1999; x_wconf 82' lang='grc' dir='ltr'><strong>ὲν·-</strong></span> 
     </span>
    </p>
   </div>
   <div class='ocr_carea' id='block_1_21' title="bbox 286 2032 1856 2102">
    <p class='ocr_par' dir='ltr' id='par_1_21' title="bbox 286 2032 1856 2102">
     <span class='ocr_line' id='line_1_21' title="bbox 286 2032 1856 2102; baseline 0.003 -16"><span class='ocrx_word' id='word_1_135' title='bbox 286 2033 476 2086; x_wconf 84' lang='grc' dir='ltr'>τεῦθεν</span> <span class='ocrx_word' id='word_1_136' title='bbox 507 2033 734 2102; x_wconf 78' lang='grc' dir='ltr'>μείωσιν</span> <span class='ocrx_word' id='word_1_137' title='bbox 763 2033 796 2101; x_wconf 79' lang='grc' dir='ltr'><strong>ἡ</strong></span> <span class='ocrx_word' id='word_1_138' title='bbox 840 2032 934 2086; x_wconf 86' lang='grc' dir='ltr'><strong>τοῦ</strong></span> <span class='ocrx_word' id='word_1_139' title='bbox 965 2033 1100 2087; x_wconf 90' lang='grc' dir='ltr'>Θεοῦ</span> <span class='ocrx_word' id='word_1_140' title='bbox 1137 2034 1344 2100; x_wconf 81' lang='grc' dir='ltr'>δέξεται</span> <span class='ocrx_word' id='word_1_141' title='bbox 1369 2034 1528 2100; x_wconf 77' lang='grc' dir='ltr'>δόξα;</span> <span class='ocrx_word' id='word_1_142' title='bbox 1560 2035 1729 2090; x_wconf 85' lang='grc' dir='ltr'>Τοῦτο</span> <span class='ocrx_word' id='word_1_143' title='bbox 1763 2039 1856 2090; x_wconf 78' lang='grc' dir='ltr'><strong>καὶ</strong></span> 
     </span>
    </p>
   </div>
   <div class='ocr_carea' id='block_1_22' title="bbox 287 2119 1857 2194">
    <p class='ocr_par' dir='ltr' id='par_1_22' title="bbox 287 2119 1857 2194">
     <span class='ocr_line' id='line_1_22' title="bbox 287 2119 1857 2194; baseline 0.003 -19"><span class='ocrx_word' id='word_1_144' title='bbox 287 2119 795 2192; x_wconf 78' lang='grc' dir='ltr'>ἀλλαχοῦτέθεικεν</span> <span class='ocrx_word' id='word_1_145' title='bbox 814 2121 842 2174; x_wconf 84' lang='grc' dir='ltr'><strong><em>ὁ</em></strong></span> <span class='ocrx_word' id='word_1_146' title='bbox 874 2123 1144 2194; x_wconf 83' lang='grc' dir='ltr'>μακάριος</span> <span class='ocrx_word' id='word_1_147' title='bbox 1171 2124 1402 2188; x_wconf 83' lang='grc' dir='ltr'>Παῦλος.</span> <span class='ocrx_word' id='word_1_148' title='bbox 1448 2145 1467 2177; x_wconf 77' lang='grc' dir='ltr'><strong>ι</strong></span> <span class='ocrx_word' id='word_1_149' title='bbox 1506 2127 1568 2179; x_wconf 84' lang='lat' dir='ltr'><strong>Ei</strong></span> <span class='ocrx_word' id='word_1_150' title='bbox 1599 2126 1857 2180; x_wconf 81' lang='grc' dir='ltr'>ἀπιστοῦ-</span> 
     </span>
    </p>
   </div>
   <div class='ocr_carea' id='block_1_23' title="bbox 291 2214 1856 2289">
    <p class='ocr_par' dir='ltr' id='par_1_23' title="bbox 291 2214 1856 2289">
     <span class='ocr_line' id='line_1_23' title="bbox 291 2214 1856 2289; baseline 0.004 -23"><span class='ocrx_word' id='word_1_151' title='bbox 291 2231 392 2284; x_wconf 85' lang='grc' dir='ltr'>μεν</span> <span class='ocrx_word' id='word_1_152' title='bbox 421 2214 550 2283; x_wconf 77' lang='grc' dir='ltr'>γὰρ,</span> <span class='ocrx_word' id='word_1_153' title='bbox 585 2215 767 2283; x_wconf 63' lang='grc' dir='ltr'>φησιν,</span> <span class='ocrx_word' id='word_1_154' title='bbox 815 2215 1021 2279; x_wconf 76' lang='grc' dir='ltr'>ἐκεῖνος</span> <span class='ocrx_word' id='word_1_155' title='bbox 1069 2216 1260 2280; x_wconf 81' lang='grc' dir='ltr'>πιστὸς</span> <span class='ocrx_word' id='word_1_156' title='bbox 1305 2217 1482 2287; x_wconf 83' lang='grc' dir='ltr'>μένει·</span> <span class='ocrx_word' id='word_1_157' title='bbox 1516 2217 1856 2289; x_wconf 80' lang='grc' dir='ltr'>ἀρνήσασθαι</span> 
     </span>
    </p>
   </div>
   <div class='ocr_carea' id='block_1_24' title="bbox 288 2303 1854 2380">
    <p class='ocr_par' dir='ltr' id='par_1_24' title="bbox 288 2303 1854 2380">
     <span class='ocr_line' id='line_1_24' title="bbox 288 2303 1854 2380; baseline 0.004 -24"><span class='ocrx_word' id='word_1_158' title='bbox 288 2304 400 2374; x_wconf 81' lang='grc' dir='ltr'>γὰρ</span> <span class='ocrx_word' id='word_1_159' title='bbox 425 2303 614 2357; x_wconf 75' lang='grc' dir='ltr'>ἑαυτὸν</span> <span class='ocrx_word' id='word_1_160' title='bbox 659 2305 720 2358; x_wconf 84' lang='grc' dir='ltr'>οὑ</span> <span class='ocrx_word' id='word_1_161' title='bbox 753 2304 997 2359; x_wconf 87' lang='grc' dir='ltr'>δύναται.</span> <span class='ocrx_word' id='word_1_162' title='bbox 1042 2326 1061 2358; x_wconf 76' lang='lat' dir='ltr'><strong>s</strong></span> <span class='ocrx_word' id='word_1_163' title='bbox 1101 2305 1363 2360; x_wconf 82' lang='grc' dir='ltr'>Ἐνταῦθα</span> <span class='ocrx_word' id='word_1_164' title='bbox 1389 2307 1446 2361; x_wconf 82' lang='grc' dir='ltr'><strong>δὲ</strong></span> <span class='ocrx_word' id='word_1_165' title='bbox 1478 2309 1571 2361; x_wconf 76' lang='grc' dir='ltr'>καὶ</span> <span class='ocrx_word' id='word_1_166' title='bbox 1606 2309 1854 2380; x_wconf 83' lang='grc' dir='ltr'>Γραφικῇ</span> 
     </span>
    </p>
   </div>
   <div class='ocr_carea' id='block_1_25' title="bbox 294 2393 1858 2468">
    <p class='ocr_par' dir='ltr' id='par_1_25' title="bbox 294 2393 1858 2468">
     <span class='ocr_line' id='line_1_25' title="bbox 294 2393 1858 2468; baseline 0.005 -22"><span class='ocrx_word' id='word_1_167' title='bbox 294 2393 555 2465; x_wconf 82' lang='grc' dir='ltr'>κέχρηται</span> <span class='ocrx_word' id='word_1_168' title='bbox 602 2396 878 2467; x_wconf 77' lang='grc' dir='ltr'>μαρτυρίᾳ</span> <span class='ocrx_word' id='word_1_169' title='bbox 898 2413 913 2428; x_wconf 77' lang='grc' dir='ltr'><strong>ο</strong></span> <span class='ocrx_word' id='word_1_170' title='bbox 953 2397 1229 2466; x_wconf 82' lang='grc' dir='ltr'>Καθάπερ</span> <span class='ocrx_word' id='word_1_171' title='bbox 1259 2398 1576 2468; x_wconf 67' lang='grc' dir='ltr'>γέγραπται</span> <span class='ocrx_word' id='word_1_172' title='bbox 1598 2415 1614 2429; x_wconf 89' lang='grc'><strong>·</strong></span> <span class='ocrx_word' id='word_1_173' title='bbox 1659 2401 1858 2468; x_wconf 80' lang='grc' dir='ltr'>’Ὅπως</span> 
     </span>
    </p>
   </div>
   <div class='ocr_carea' id='block_1_26' title="bbox 290 2481 1858 2556">
    <p class='ocr_par' dir='ltr' id='par_1_26' title="bbox 290 2481 1858 2556">
     <span class='ocr_line' id='line_1_26' title="bbox 290 2481 1858 2556; baseline 0.004 -20"><span class='ocrx_word' id='word_1_174' title='bbox 290 2481 366 2536; x_wconf 72' lang='grc' dir='ltr'><strong>ἂν</strong></span> <span class='ocrx_word' id='word_1_175' title='bbox 403 2481 718 2550; x_wconf 76' lang='grc' dir='ltr'>δικαιωθῇς</span> <span class='ocrx_word' id='word_1_176' title='bbox 743 2483 815 2536; x_wconf 77' lang='grc' dir='ltr'><strong>ἐν</strong></span> <span class='ocrx_word' id='word_1_177' title='bbox 851 2483 974 2549; x_wconf 79' lang='grc' dir='ltr'>τοῖς</span> <span class='ocrx_word' id='word_1_178' title='bbox 1015 2486 1217 2552; x_wconf 72' lang='grc' dir='ltr'>λόγοις</span> <span class='ocrx_word' id='word_1_179' title='bbox 1261 2499 1415 2548; x_wconf 88' lang='grc' dir='ltr'>σου,</span> <span class='ocrx_word' id='word_1_180' title='bbox 1463 2487 1564 2540; x_wconf 76' lang='grc' dir='ltr'>καὶ</span> <span class='ocrx_word' id='word_1_181' title='bbox 1597 2487 1858 2556; x_wconf 79' lang='grc' dir='ltr'><strong>νικήσῃς</strong></span> 
     </span>
    </p>
   </div>
   <div class='ocr_carea' id='block_1_27' title="bbox 284 2572 1899 2650">
    <p class='ocr_par' dir='ltr' id='par_1_27' title="bbox 284 2572 1899 2650">
     <span class='ocr_line' id='line_1_27' title="bbox 284 2572 1899 2650; baseline 0.006 -25"><span class='ocrx_word' id='word_1_182' title='bbox 284 2573 353 2626; x_wconf 75' lang='grc' dir='ltr'><strong>ἐν</strong></span> <span class='ocrx_word' id='word_1_183' title='bbox 376 2572 456 2637; x_wconf 82' lang='grc' dir='ltr'>τῷ</span> <span class='ocrx_word' id='word_1_184' title='bbox 482 2574 792 2640; x_wconf 76' lang='grc' dir='ltr'>κρίνεσθαί</span> <span class='ocrx_word' id='word_1_185' title='bbox 825 2590 918 2628; x_wconf 83' lang='grc' dir='ltr'>σε.</span> <span class='ocrx_word' id='word_1_186' title='bbox 968 2575 1042 2627; x_wconf 77' lang='grc' dir='ltr'><strong>Τὸ</strong></span> <span class='ocrx_word' id='word_1_187' title='bbox 1071 2575 1127 2628; x_wconf 84' lang='grc' dir='ltr'><strong>δὲ</strong></span> <span class='ocrx_word' id='word_1_188' title='bbox 1161 2575 1320 2642; x_wconf 79' lang='grc' dir='ltr'>ὅπως</span> <span class='ocrx_word' id='word_1_189' title='bbox 1352 2576 1450 2630; x_wconf 86' lang='grc' dir='ltr'><strong>ούκ</strong></span> <span class='ocrx_word' id='word_1_190' title='bbox 1495 2578 1857 2648; x_wconf 77' lang='grc' dir='ltr'>αἰτιολογικόν</span> <span class='ocrx_word' id='word_1_191' title='bbox 1887 2625 1899 2650; x_wconf 29' lang='grc' dir='ltr'>,η</span> 
     </span>
    </p>
   </div>
   <div class='ocr_carea' id='block_1_28' title="bbox 281 2663 1856 2740">
    <p class='ocr_par' dir='ltr' id='par_1_28' title="bbox 281 2663 1856 2740">
     <span class='ocr_line' id='line_1_28' title="bbox 281 2663 1856 2740; baseline 0.006 -23"><span class='ocrx_word' id='word_1_192' title='bbox 281 2667 432 2718; x_wconf 79' lang='grc' dir='ltr'>ἐστιν</span> <span class='ocrx_word' id='word_1_193' title='bbox 469 2663 723 2729; x_wconf 73' lang='grc' dir='ltr'>ἐνταῦθα,</span> <span class='ocrx_word' id='word_1_194' title='bbox 753 2665 889 2719; x_wconf 79' lang='grc' dir='ltr'>ἀλλὰ</span> <span class='ocrx_word' id='word_1_195' title='bbox 917 2668 1014 2737; x_wconf 84' lang='grc' dir='ltr'>τῆς</span> <span class='ocrx_word' id='word_1_196' title='bbox 1047 2667 1323 2734; x_wconf 77' lang='grc' dir='ltr'>ἐκϐάσεως</span> <span class='ocrx_word' id='word_1_197' title='bbox 1357 2669 1674 2740; x_wconf 78' lang='grc' dir='ltr'>δηλωτικόν.</span> <span class='ocrx_word' id='word_1_198' title='bbox 1721 2673 1856 2726; x_wconf 77' lang='grc' dir='ltr'><strong>Οὐδὲ</strong></span> 
     </span>
    </p>
   </div>
   <div class='ocr_carea' id='block_1_29' title="bbox 281 2754 1856 2834">
    <p class='ocr_par' dir='ltr' id='par_1_29' title="bbox 281 2754 1856 2834">
     <span class='ocr_line' id='line_1_29' title="bbox 281 2754 1856 2834; baseline 0.006 -27"><span class='ocrx_word' id='word_1_199' title='bbox 281 2754 390 2826; x_wconf 83' lang='grc' dir='ltr'>γὰρ</span> <span class='ocrx_word' id='word_1_200' title='bbox 424 2755 614 2809; x_wconf 87' lang='grc' dir='ltr'>τούτου</span> <span class='ocrx_word' id='word_1_201' title='bbox 645 2756 806 2827; x_wconf 83' lang='grc' dir='ltr'>χάριν</span> <span class='ocrx_word' id='word_1_202' title='bbox 846 2757 1256 2830; x_wconf 82' lang='grc' dir='ltr'>ἁμαρτάνομεν,</span> <span class='ocrx_word' id='word_1_203' title='bbox 1298 2759 1386 2813; x_wconf 78' lang='grc' dir='ltr'>ἵνα</span> <span class='ocrx_word' id='word_1_204' title='bbox 1428 2761 1522 2815; x_wconf 84' lang='grc' dir='ltr'><strong>τοῦ</strong></span> <span class='ocrx_word' id='word_1_205' title='bbox 1570 2760 1708 2816; x_wconf 89' lang='grc' dir='ltr'>Θεοῦ</span> <span class='ocrx_word' id='word_1_206' title='bbox 1756 2764 1856 2834; x_wconf 85' lang='grc' dir='ltr'>τὴν</span> 
     </span>
    </p>
   </div>
   <div class='ocr_carea' id='block_1_30' title="bbox 280 2847 1857 2926">
    <p class='ocr_par' dir='ltr' id='par_1_30' title="bbox 280 2847 1857 2926">
     <span class='ocr_line' id='line_1_30' title="bbox 280 2847 1857 2926; baseline 0.006 -27"><span class='ocrx_word' id='word_1_207' title='bbox 280 2847 690 2918; x_wconf 69' lang='grc' dir='ltr'>φιλανθρωπίαν</span> <span class='ocrx_word' id='word_1_208' title='bbox 721 2848 1012 2918; x_wconf 74' lang='grc' dir='ltr'>δείξωμενο</span> <span class='ocrx_word' id='word_1_209' title='bbox 1067 2850 1182 2903; x_wconf 86' lang='grc' dir='ltr'>ἀλλ’</span> <span class='ocrx_word' id='word_1_210' title='bbox 1220 2852 1382 2915; x_wconf 77' lang='grc' dir='ltr'>αὐτὸς</span> <span class='ocrx_word' id='word_1_211' title='bbox 1425 2854 1522 2922; x_wconf 81' lang='grc' dir='ltr'>μὲν</span> <span class='ocrx_word' id='word_1_212' title='bbox 1549 2854 1661 2906; x_wconf 86' lang='grc' dir='ltr'><strong>τῶν</strong></span> <span class='ocrx_word' id='word_1_213' title='bbox 1703 2855 1857 2926; x_wconf 79' lang='grc' dir='ltr'>εὐερ-</span> 
     </span>
    </p>
   </div>
   <div class='ocr_carea' id='block_1_31' title="bbox 275 2939 1856 3016">
    <p class='ocr_par' dir='ltr' id='par_1_31' title="bbox 275 2939 1856 3016">
     <span class='ocr_line' id='line_1_31' title="bbox 275 2939 1856 3016; baseline 0.006 -24"><span class='ocrx_word' id='word_1_214' title='bbox 275 2940 480 3008; x_wconf 88' lang='grc' dir='ltr'>γεσιῶν</span> <span class='ocrx_word' id='word_1_215' title='bbox 509 2941 736 3011; x_wconf 88' lang='grc' dir='ltr'>χορηγεί</span> <span class='ocrx_word' id='word_1_216' title='bbox 774 2939 872 3004; x_wconf 83' lang='grc' dir='ltr'>τὰς</span> <span class='ocrx_word' id='word_1_217' title='bbox 907 2939 1112 3009; x_wconf 82' lang='grc' dir='ltr'>πηγὰς,</span> <span class='ocrx_word' id='word_1_218' title='bbox 1139 2943 1417 3012; x_wconf 76' lang='grc' dir='ltr'>σωτηρίαν</span> <span class='ocrx_word' id='word_1_219' title='bbox 1466 2947 1856 3016; x_wconf 81' lang='grc' dir='ltr'>πραγματευό-</span> 
     </span>
    </p>
   </div>
   <div class='ocr_carea' id='block_1_32' title="bbox 279 3029 1857 3106">
    <p class='ocr_par' dir='ltr' id='par_1_32' title="bbox 279 3029 1857 3106">
     <span class='ocr_line' id='line_1_32' title="bbox 279 3029 1857 3106; baseline 0.006 -24"><span class='ocrx_word' id='word_1_220' title='bbox 279 3047 447 3100; x_wconf 88' lang='grc' dir='ltr'>μενος</span> <span class='ocrx_word' id='word_1_221' title='bbox 489 3029 697 3083; x_wconf 75' lang='grc' dir='ltr'>ἅπασιν</span> <span class='ocrx_word' id='word_1_222' title='bbox 717 3046 731 3061; x_wconf 91' lang='grc'><strong>·</strong></span> <span class='ocrx_word' id='word_1_223' title='bbox 767 3029 1104 3095; x_wconf 80' lang='grc' dir='ltr'>αὐτεξούσιοι</span> <span class='ocrx_word' id='word_1_224' title='bbox 1139 3031 1197 3084; x_wconf 77' lang='grc' dir='ltr'><strong>δὲ</strong></span> <span class='ocrx_word' id='word_1_225' title='bbox 1227 3031 1379 3096; x_wconf 71' lang='grc' dir='ltr'>ὄντες</span> <span class='ocrx_word' id='word_1_226' title='bbox 1405 3037 1454 3088; x_wconf 78' lang='lat' dir='ltr'><strong>oi</strong></span> <span class='ocrx_word' id='word_1_227' title='bbox 1487 3036 1785 3106; x_wconf 78' lang='grc' dir='ltr'>ἄνθρωποι,</span> <span class='ocrx_word' id='word_1_228' title='bbox 1809 3040 1857 3091; x_wconf 81' lang='grc' dir='ltr'><strong>οἱ</strong></span> 
     </span>
    </p>
   </div>
   <div class='ocr_carea' id='block_1_33' title="bbox 1957 593 2510 650">
    <p class='ocr_par' dir='ltr' id='par_1_33' title="bbox 1957 593 2510 650">
     <span class='ocr_line' id='line_1_33' title="bbox 1957 593 2510 650; baseline 0.011 -21"><span class='ocrx_word' id='word_1_229' title='bbox 1957 593 2180 648; x_wconf 89' lang='lat' dir='ltr'><strong>quoque</strong></span> <span class='ocrx_word' id='word_1_230' title='bbox 2212 597 2510 650; x_wconf 79' lang='lat' dir='ltr'><strong>accepisse.</strong></span> 
     </span>
    </p>
   </div>
   <div class='ocr_carea' id='block_1_34' title="bbox 2030 668 3523 745">
    <p class='ocr_par' dir='ltr' id='par_1_34' title="bbox 2030 668 3523 745">
     <span class='ocr_line' id='line_1_34' title="bbox 2030 668 3523 745; baseline 0.007 -23"><span class='ocrx_word' id='word_1_231' title='bbox 2030 668 2192 726; x_wconf 74' lang='lat' dir='ltr'><strong>Vsus.</strong></span> <span class='ocrx_word' id='word_1_232' title='bbox 2226 674 2278 726; x_wconf 80' lang='grc'><strong>5.</strong></span> <span class='ocrx_word' id='word_1_233' title='bbox 2328 671 2468 738; x_wconf 78' lang='lat' dir='ltr'><strong>Quid</strong></span> <span class='ocrx_word' id='word_1_234' title='bbox 2493 673 2665 737; x_wconf 86' lang='lat' dir='ltr'><strong>enim,</strong></span> <span class='ocrx_word' id='word_1_235' title='bbox 2700 675 2746 728; x_wconf 88' lang='lat' dir='ltr'><strong>si</strong></span> <span class='ocrx_word' id='word_1_236' title='bbox 2794 673 2964 745; x_wconf 82' lang='lat' dir='ltr'><strong>aliqui</strong></span> <span class='ocrx_word' id='word_1_237' title='bbox 3011 691 3115 728; x_wconf 86' lang='lat' dir='ltr'><strong>non</strong></span> <span class='ocrx_word' id='word_1_238' title='bbox 3165 676 3523 745; x_wconf 84' lang='lat' dir='ltr'><strong>crediderunt,</strong></span> 
     </span>
    </p>
   </div>
   <div class='ocr_carea' id='block_1_35' title="bbox 1957 763 3528 835">
    <p class='ocr_par' dir='ltr' id='par_1_35' title="bbox 1957 763 3528 835">
     <span class='ocr_line' id='line_1_35' title="bbox 1957 763 3528 835; baseline 0.006 -19"><span class='ocrx_word' id='word_1_239' title='bbox 1957 763 2192 832; x_wconf 78' lang='lat' dir='ltr'><strong>nunquid</strong></span> <span class='ocrx_word' id='word_1_240' title='bbox 2241 765 2585 819; x_wconf 75' lang='lat' dir='ltr'><strong>incredulitas</strong></span> <span class='ocrx_word' id='word_1_241' title='bbox 2635 765 2848 820; x_wconf 86' lang='lat' dir='ltr'><strong>illorum</strong></span> <span class='ocrx_word' id='word_1_242' title='bbox 2887 767 3044 835; x_wconf 84' lang='lat' dir='ltr'><strong>ﬁdem</strong></span> <span class='ocrx_word' id='word_1_243' title='bbox 3079 765 3179 822; x_wconf 87' lang='lat' dir='ltr'><strong>Dei</strong></span> <span class='ocrx_word' id='word_1_244' title='bbox 3209 769 3528 826; x_wconf 73' lang='lat' dir='ltr'><strong>evacuabit!</strong></span> 
     </span>
    </p>
   </div>
   <div class='ocr_carea' id='block_1_36' title="bbox 1957 855 3644 930">
    <p class='ocr_par' dir='ltr' id='par_1_36' title="bbox 1957 855 3644 930">
     <span class='ocr_line' id='line_1_36' title="bbox 1957 855 3644 930; baseline 0.005 -23"><span class='ocrx_word' id='word_1_245' title='bbox 1957 855 2126 908; x_wconf 84' lang='lat' dir='ltr'><strong>Absit.</strong></span> <span class='ocrx_word' id='word_1_246' title='bbox 2155 856 2397 920; x_wconf 80' lang='lat' dir='ltr'><strong>Sciebat,</strong></span> <span class='ocrx_word' id='word_1_247' title='bbox 2423 857 2622 927; x_wconf 89' lang='lat' dir='ltr'><strong>inquit,</strong></span> <span class='ocrx_word' id='word_1_248' title='bbox 2651 856 2794 913; x_wconf 91' lang='lat' dir='ltr'><strong>Deus</strong></span> <span class='ocrx_word' id='word_1_249' title='bbox 2824 859 2937 928; x_wconf 88' lang='lat' dir='ltr'><strong>jam</strong></span> <span class='ocrx_word' id='word_1_250' title='bbox 2977 859 3047 913; x_wconf 89' lang='lat' dir='ltr'><strong>ab</strong></span> <span class='ocrx_word' id='word_1_251' title='bbox 3078 859 3253 922; x_wconf 89' lang='lat' dir='ltr'><strong>initio,</strong></span> <span class='ocrx_word' id='word_1_252' title='bbox 3296 862 3522 930; x_wconf 83' lang='lat' dir='ltr'><strong>quinam</strong></span> <span class='ocrx_word' id='word_1_253' title='bbox 3637 875 3644 890; x_wconf 74' lang='lat'><strong>&#39;-</strong></span> 
     </span>
    </p>
   </div>
   <div class='ocr_carea' id='block_1_37' title="bbox 1958 945 3520 1022">
    <p class='ocr_par' dir='ltr' id='par_1_37' title="bbox 1958 945 3520 1022">
     <span class='ocr_line' id='line_1_37' title="bbox 1958 945 3520 1022; baseline 0.004 -23"><span class='ocrx_word' id='word_1_254' title='bbox 1958 945 2128 1017; x_wconf 79' lang='lat' dir='ltr'><strong>legem</strong></span> <span class='ocrx_word' id='word_1_255' title='bbox 2170 955 2355 1003; x_wconf 80' lang='lat' dir='ltr'><strong>essent</strong></span> <span class='ocrx_word' id='word_1_256' title='bbox 2409 949 2704 1014; x_wconf 73' lang='lat' dir='ltr'><strong>servaturi,</strong></span> <span class='ocrx_word' id='word_1_257' title='bbox 2733 957 2787 1004; x_wconf 91' lang='lat' dir='ltr'><strong>et</strong></span> <span class='ocrx_word' id='word_1_258' title='bbox 2815 950 3038 1020; x_wconf 84' lang='lat' dir='ltr'><strong>quinam</strong></span> <span class='ocrx_word' id='word_1_259' title='bbox 3091 951 3520 1022; x_wconf 82' lang='lat' dir='ltr'><strong>transgressuri.</strong></span> 
     </span>
    </p>
   </div>
   <div class='ocr_carea' id='block_1_38' title="bbox 1956 1031 3525 1114">
    <p class='ocr_par' dir='ltr' id='par_1_38' title="bbox 1956 1031 3525 1114">
     <span class='ocr_line' id='line_1_38' title="bbox 1956 1031 3525 1114; baseline 0.005 -24"><span class='ocrx_word' id='word_1_260' title='bbox 1956 1035 2140 1108; x_wconf 83' lang='lat' dir='ltr'><strong>Itaque</strong></span> <span class='ocrx_word' id='word_1_261' title='bbox 2195 1041 2288 1109; x_wconf 86' lang='lat' dir='ltr'><strong>qui</strong></span> <span class='ocrx_word' id='word_1_262' title='bbox 2342 1055 2451 1094; x_wconf 90' lang='lat' dir='ltr'><strong>non</strong></span> <span class='ocrx_word' id='word_1_263' title='bbox 2499 1031 2873 1114; x_wconf 62' lang='lat' dir='ltr'><strong>crediderunt,</strong></span> <span class='ocrx_word' id='word_1_264' title='bbox 2923 1057 3268 1112; x_wconf 82' lang='lat' dir='ltr'><strong>nequaquam</strong></span> <span class='ocrx_word' id='word_1_265' title='bbox 3322 1043 3525 1098; x_wconf 81' lang='lat' dir='ltr'><strong>divinis</strong></span> 
     </span>
    </p>
   </div>
   <div class='ocr_carea' id='block_1_39' title="bbox 1955 1126 3526 1188">
    <p class='ocr_par' dir='ltr' id='par_1_39' title="bbox 1955 1126 3526 1188">
     <span class='ocr_line' id='line_1_39' title="bbox 1955 1126 3526 1188; baseline 0.004 -8"><span class='ocrx_word' id='word_1_266' title='bbox 1955 1126 2240 1183; x_wconf 75' lang='lat' dir='ltr'><strong>beneﬂciis</strong></span> <span class='ocrx_word' id='word_1_267' title='bbox 2269 1128 2592 1184; x_wconf 77' lang='lat' dir='ltr'><strong>oti&#39;ecerunt.</strong></span> <span class='ocrx_word' id='word_1_268' title='bbox 2627 1131 2743 1184; x_wconf 84' lang='lat' dir='ltr'><strong>Etsi</strong></span> <span class='ocrx_word' id='word_1_269' title='bbox 2774 1131 2920 1185; x_wconf 90' lang='lat' dir='ltr'><strong>enim</strong></span> <span class='ocrx_word' id='word_1_270' title='bbox 2953 1146 3144 1187; x_wconf 88' lang='lat' dir='ltr'><strong>omnes</strong></span> <span class='ocrx_word' id='word_1_271' title='bbox 3176 1132 3428 1188; x_wconf 85' lang='lat' dir='ltr'><strong>homines</strong></span> <span class='ocrx_word' id='word_1_272' title='bbox 3470 1133 3526 1186; x_wconf 89' lang='lat' dir='ltr'><strong>in</strong></span> 
     </span>
    </p>
   </div>
   <div class='ocr_carea' id='block_1_40' title="bbox 1955 1209 3522 1292">
    <p class='ocr_par' dir='ltr' id='par_1_40' title="bbox 1955 1209 3522 1292">
     <span class='ocr_line' id='line_1_40' title="bbox 1955 1209 3522 1292; baseline 0.003 -18"><span class='ocrx_word' id='word_1_273' title='bbox 1955 1234 2082 1274; x_wconf 89' lang='lat' dir='ltr'><strong>eum</strong></span> <span class='ocrx_word' id='word_1_274' title='bbox 2132 1220 2332 1290; x_wconf 76' lang='lat' dir='ltr'><strong>ingrati</strong></span> <span class='ocrx_word' id='word_1_275' title='bbox 2383 1221 2614 1285; x_wconf 82' lang='lat' dir='ltr'><strong>fuerint,</strong></span> <span class='ocrx_word' id='word_1_276' title='bbox 2655 1223 2906 1292; x_wconf 82' lang='lat' dir='ltr'><strong>ingratus</strong></span> <span class='ocrx_word' id='word_1_277' title='bbox 2942 1238 3133 1278; x_wconf 89' lang='lat' dir='ltr'><strong>eorum</strong></span> <span class='ocrx_word' id='word_1_278' title='bbox 3173 1209 3392 1278; x_wconf 86' lang='lat' dir='ltr'><strong>animus</strong></span> <span class='ocrx_word' id='word_1_279' title='bbox 3428 1223 3522 1278; x_wconf 90' lang='lat' dir='ltr'><strong>Dci</strong></span> 
     </span>
    </p>
   </div>
   <div class='ocr_carea' id='block_1_41' title="bbox 1957 1310 3526 1385">
    <p class='ocr_par' dir='ltr' id='par_1_41' title="bbox 1957 1310 3526 1385">
     <span class='ocr_line' id='line_1_41' title="bbox 1957 1310 3526 1385; baseline 0.004 -24"><span class='ocrx_word' id='word_1_280' title='bbox 1957 1310 2188 1380; x_wconf 80' lang='lat' dir='ltr'><strong>gloriam</strong></span> <span class='ocrx_word' id='word_1_281' title='bbox 2239 1325 2348 1365; x_wconf 84' lang='lat' dir='ltr'><strong>non</strong></span> <span class='ocrx_word' id='word_1_282' title='bbox 2404 1312 2690 1367; x_wconf 88' lang='lat' dir='ltr'><strong>diminuet.</strong></span> <span class='ocrx_word' id='word_1_283' title='bbox 2733 1312 2850 1366; x_wconf 83' lang='lat' dir='ltr'><strong>Hoc</strong></span> <span class='ocrx_word' id='word_1_284' title='bbox 2894 1314 3040 1368; x_wconf 88' lang='lat' dir='ltr'><strong>enim</strong></span> <span class='ocrx_word' id='word_1_285' title='bbox 3096 1329 3193 1384; x_wconf 88' lang='lat' dir='ltr'><strong>per</strong></span> <span class='ocrx_word' id='word_1_286' title='bbox 3241 1315 3526 1385; x_wconf 83' lang='lat' dir='ltr'><strong>sequentia</strong></span> 
     </span>
    </p>
   </div>
   <div class='ocr_carea' id='block_1_42' title="bbox 1957 1400 3082 1454">
    <p class='ocr_par' dir='ltr' id='par_1_42' title="bbox 1957 1400 3082 1454">
     <span class='ocr_line' id='line_1_42' title="bbox 1957 1400 3082 1454; baseline 0.002 0"><span class='ocrx_word' id='word_1_287' title='bbox 1957 1400 2273 1454; x_wconf 77' lang='lat' dir='ltr'><strong>declaravit.</strong></span> <span class='ocrx_word' id='word_1_288' title='bbox 3073 1413 3082 1421; x_wconf 84' lang='lat'>‘</span> 
     </span>
    </p>
   </div>
   <div class='ocr_carea' id='block_1_43' title="bbox 2033 1570 3528 1640">
    <p class='ocr_par' dir='ltr' id='par_1_43' title="bbox 2033 1570 3528 1640">
     <span class='ocr_line' id='line_1_43' title="bbox 2033 1570 3528 1640; baseline 0.005 -16"><span class='ocrx_word' id='word_1_289' title='bbox 2033 1570 2199 1626; x_wconf 77' lang='lat' dir='ltr'><strong>Vsus.</strong></span> <span class='ocrx_word' id='word_1_290' title='bbox 2234 1573 2282 1626; x_wconf 69' lang='grc'><strong>4.</strong></span> <span class='ocrx_word' id='word_1_291' title='bbox 2310 1571 2395 1626; x_wconf 89' lang='lat' dir='ltr'><strong>Sit</strong></span> <span class='ocrx_word' id='word_1_292' title='bbox 2412 1580 2589 1625; x_wconf 80' lang='lat' dir='ltr'><strong>autem</strong></span> <span class='ocrx_word' id='word_1_293' title='bbox 2616 1572 2758 1626; x_wconf 85' lang='lat' dir='ltr'><strong>Deus</strong></span> <span class='ocrx_word' id='word_1_294' title='bbox 2784 1589 2964 1640; x_wconf 70' lang='lat' dir='ltr'><strong>uerax,</strong></span> <span class='ocrx_word' id='word_1_295' title='bbox 2985 1575 3156 1630; x_wconf 87' lang='lat' dir='ltr'><strong>omnis</strong></span> <span class='ocrx_word' id='word_1_296' title='bbox 3174 1585 3348 1630; x_wconf 85' lang='lat' dir='ltr'><strong>autem</strong></span> <span class='ocrx_word' id='word_1_297' title='bbox 3374 1578 3528 1631; x_wconf 81' lang='lat' dir='ltr'><strong>homo</strong></span> 
     </span>
    </p>
   </div>
   <div class='ocr_carea' id='block_1_44' title="bbox 1960 1661 3530 1736">
    <p class='ocr_par' dir='ltr' id='par_1_44' title="bbox 1960 1661 3530 1736">
     <span class='ocr_line' id='line_1_44' title="bbox 1960 1661 3530 1736; baseline 0.005 -21"><span class='ocrx_word' id='word_1_298' title='bbox 1960 1663 2208 1717; x_wconf 73' lang='lat' dir='ltr'><strong>mendax.</strong></span> <span class='ocrx_word' id='word_1_299' title='bbox 2241 1661 2624 1718; x_wconf 70' lang='lat' dir='ltr'><strong>Cone-edamus</strong></span> <span class='ocrx_word' id='word_1_300' title='bbox 2671 1664 2840 1729; x_wconf 92' lang='lat' dir='ltr'><strong>enim,</strong></span> <span class='ocrx_word' id='word_1_301' title='bbox 2885 1666 3085 1736; x_wconf 88' lang='lat' dir='ltr'><strong>inquit,</strong></span> <span class='ocrx_word' id='word_1_302' title='bbox 3129 1668 3338 1722; x_wconf 89' lang='lat' dir='ltr'><strong>nullum</strong></span> <span class='ocrx_word' id='word_1_303' title='bbox 3388 1669 3530 1723; x_wconf 88' lang='lat' dir='ltr'><strong>inter</strong></span> 
     </span>
    </p>
   </div>
   <div class='ocr_carea' id='block_1_45' title="bbox 1961 1755 3526 1828">
    <p class='ocr_par' dir='ltr' id='par_1_45' title="bbox 1961 1755 3526 1828">
     <span class='ocr_line' id='line_1_45' title="bbox 1961 1755 3526 1828; baseline 0.006 -20"><span class='ocrx_word' id='word_1_304' title='bbox 1961 1755 2211 1810; x_wconf 86' lang='lat' dir='ltr'><strong>homines</strong></span> <span class='ocrx_word' id='word_1_305' title='bbox 2243 1755 2352 1810; x_wconf 87' lang='lat' dir='ltr'><strong>Deo</strong></span> <span class='ocrx_word' id='word_1_306' title='bbox 2387 1770 2550 1826; x_wconf 88' lang='lat' dir='ltr'><strong>quam</strong></span> <span class='ocrx_word' id='word_1_307' title='bbox 2589 1770 2688 1826; x_wconf 89' lang='lat' dir='ltr'><strong>par</strong></span> <span class='ocrx_word' id='word_1_308' title='bbox 2734 1765 2820 1812; x_wconf 91' lang='lat' dir='ltr'><strong>est</strong></span> <span class='ocrx_word' id='word_1_309' title='bbox 2851 1758 3085 1828; x_wconf 75' lang='lat' dir='ltr'><strong>gloriam</strong></span> <span class='ocrx_word' id='word_1_310' title='bbox 3135 1759 3388 1825; x_wconf 88' lang='lat' dir='ltr'><strong>reddere,</strong></span> <span class='ocrx_word' id='word_1_311' title='bbox 3429 1762 3526 1817; x_wconf 90' lang='lat' dir='ltr'><strong>sed</strong></span> 
     </span>
    </p>
   </div>
   <div class='ocr_carea' id='block_1_46' title="bbox 1960 1845 3526 1919">
    <p class='ocr_par' dir='ltr' id='par_1_46' title="bbox 1960 1845 3526 1919">
     <span class='ocr_line' id='line_1_46' title="bbox 1960 1845 3526 1919; baseline 0.006 -21"><span class='ocrx_word' id='word_1_312' title='bbox 1960 1859 2150 1900; x_wconf 89' lang='lat' dir='ltr'><strong>omnes</strong></span> <span class='ocrx_word' id='word_1_313' title='bbox 2177 1845 2379 1916; x_wconf 78' lang='lat' dir='ltr'><strong>ingrati</strong></span> <span class='ocrx_word' id='word_1_314' title='bbox 2413 1845 2585 1900; x_wconf 88' lang='lat' dir='ltr'><strong>animi</strong></span> <span class='ocrx_word' id='word_1_315' title='bbox 2616 1847 2849 1902; x_wconf 84' lang='lat' dir='ltr'><strong>crimine</strong></span> <span class='ocrx_word' id='word_1_316' title='bbox 2875 1848 3128 1905; x_wconf 86' lang='lat' dir='ltr'><strong>laborare</strong></span> <span class='ocrx_word' id='word_1_317' title='bbox 3155 1850 3175 1919; x_wconf 94' lang='lat'><strong>(</strong></span> <span class='ocrx_word' id='word_1_318' title='bbox 3198 1850 3304 1906; x_wconf 87' lang='lat' dir='ltr'><strong>hoc</strong></span> <span class='ocrx_word' id='word_1_319' title='bbox 3337 1855 3354 1874; x_wconf 84' lang='lat'><strong>&#39;</strong></span> <span class='ocrx_word' id='word_1_320' title='bbox 3381 1854 3526 1907; x_wconf 88' lang='lat' dir='ltr'><strong>enim</strong></span> 
     </span>
    </p>
   </div>
   <div class='ocr_carea' id='block_1_47' title="bbox 1961 1937 3528 2012">
    <p class='ocr_par' dir='ltr' id='par_1_47' title="bbox 1961 1937 3528 2012">
     <span class='ocr_line' id='line_1_47' title="bbox 1961 1937 3528 2012; baseline 0.004 -21"><span class='ocrx_word' id='word_1_321' title='bbox 1961 1937 2115 2002; x_wconf 82' lang='lat' dir='ltr'><strong>dicit,</strong></span> <span class='ocrx_word' id='word_1_322' title='bbox 2149 1937 2335 1994; x_wconf 80' lang='lat' dir='ltr'><strong>Omnis</strong></span> <span class='ocrx_word' id='word_1_323' title='bbox 2361 1948 2536 1993; x_wconf 89' lang='lat' dir='ltr'><strong>autem</strong></span> <span class='ocrx_word' id='word_1_324' title='bbox 2567 1939 2720 1994; x_wconf 78' lang='lat' dir='ltr'><strong>homo</strong></span> <span class='ocrx_word' id='word_1_325' title='bbox 2753 1939 3035 2012; x_wconf 68' lang='lat' dir='ltr'><strong>mendax);</strong></span> <span class='ocrx_word' id='word_1_326' title='bbox 3057 1942 3320 2012; x_wconf 84' lang='lat' dir='ltr'><strong>quidnam</strong></span> <span class='ocrx_word' id='word_1_327' title='bbox 3349 1959 3416 1998; x_wconf 81' lang='lat' dir='ltr'><strong>ex</strong></span> <span class='ocrx_word' id='word_1_328' title='bbox 3460 1959 3528 2000; x_wconf 92' lang='lat' dir='ltr'><strong>eo</strong></span> 
     </span>
    </p>
   </div>
   <div class='ocr_carea' id='block_1_48' title="bbox 1957 2028 3530 2105">
    <p class='ocr_par' dir='ltr' id='par_1_48' title="bbox 1957 2028 3530 2105">
     <span class='ocr_line' id='line_1_48' title="bbox 1957 2028 3530 2105; baseline 0.005 -23"><span class='ocrx_word' id='word_1_329' title='bbox 1957 2028 2052 2084; x_wconf 85' lang='lat' dir='ltr'><strong>Dei</strong></span> <span class='ocrx_word' id='word_1_330' title='bbox 2123 2029 2312 2097; x_wconf 76' lang='lat' dir='ltr'><strong>gloria:</strong></span> <span class='ocrx_word' id='word_1_331' title='bbox 2371 2029 2707 2088; x_wconf 82' lang='lat' dir='ltr'><strong>decesserit?</strong></span> <span class='ocrx_word' id='word_1_332' title='bbox 2748 2030 2862 2088; x_wconf 85' lang='lat' dir='ltr'><strong>Hoc</strong></span> <span class='ocrx_word' id='word_1_333' title='bbox 2923 2034 3091 2088; x_wconf 85' lang='lat' dir='ltr'><strong>etiam</strong></span> <span class='ocrx_word' id='word_1_334' title='bbox 3145 2035 3274 2089; x_wconf 86' lang='lat' dir='ltr'><strong>alibi</strong></span> <span class='ocrx_word' id='word_1_335' title='bbox 3344 2038 3530 2105; x_wconf 85' lang='lat' dir='ltr'><strong>posuit</strong></span> 
     </span>
    </p>
   </div>
   <div class='ocr_carea' id='block_1_49' title="bbox 1958 2117 3528 2196">
    <p class='ocr_par' dir='ltr' id='par_1_49' title="bbox 1958 2117 3528 2196">
     <span class='ocr_line' id='line_1_49' title="bbox 1958 2117 3528 2196; baseline 0.006 -24"><span class='ocrx_word' id='word_1_336' title='bbox 1958 2119 2151 2174; x_wconf 84' lang='lat' dir='ltr'><strong>beatus</strong></span> <span class='ocrx_word' id='word_1_337' title='bbox 2202 2117 2428 2177; x_wconf 89' lang='lat' dir='ltr'><strong>Paulus.</strong></span> <span class='ocrx_word' id='word_1_338' title='bbox 2494 2136 2514 2170; x_wconf 81' lang='grc' dir='ltr'><strong>ι</strong></span> <span class='ocrx_word' id='word_1_339' title='bbox 2569 2118 2625 2174; x_wconf 89' lang='lat' dir='ltr'><strong>Si</strong></span> <span class='ocrx_word' id='word_1_340' title='bbox 2677 2136 2790 2176; x_wconf 90' lang='lat' dir='ltr'><strong>non</strong></span> <span class='ocrx_word' id='word_1_341' title='bbox 2847 2121 3144 2190; x_wconf 89' lang='lat' dir='ltr'><strong>credimus,</strong></span> <span class='ocrx_word' id='word_1_342' title='bbox 3193 2126 3392 2196; x_wconf 86' lang='lat' dir='ltr'><strong>inquit.</strong></span> <span class='ocrx_word' id='word_1_343' title='bbox 3437 2128 3528 2183; x_wconf 87' lang='lat' dir='ltr'><strong>ille</strong></span> 
     </span>
    </p>
   </div>
   <div class='ocr_carea' id='block_1_50' title="bbox 1957 2207 3526 2288">
    <p class='ocr_par' dir='ltr' id='par_1_50' title="bbox 1957 2207 3526 2288">
     <span class='ocr_line' id='line_1_50' title="bbox 1957 2207 3526 2288; baseline 0.008 -28"><span class='ocrx_word' id='word_1_344' title='bbox 1957 2215 2148 2263; x_wconf 82' lang='lat' dir='ltr'><strong>tamen</strong></span> <span class='ocrx_word' id='word_1_345' title='bbox 2186 2207 2364 2264; x_wconf 87' lang='lat' dir='ltr'><strong>tidelis</strong></span> <span class='ocrx_word' id='word_1_346' title='bbox 2429 2218 2636 2265; x_wconf 86' lang='lat' dir='ltr'><strong>manet.</strong></span> <span class='ocrx_word' id='word_1_347' title='bbox 2686 2209 2937 2282; x_wconf 89' lang='lat' dir='ltr'><strong>Seipsum</strong></span> <span class='ocrx_word' id='word_1_348' title='bbox 2972 2214 3119 2269; x_wconf 89' lang='lat' dir='ltr'><strong>enim</strong></span> <span class='ocrx_word' id='word_1_349' title='bbox 3169 2231 3370 2288; x_wconf 86' lang='lat' dir='ltr'><strong>negare</strong></span> <span class='ocrx_word' id='word_1_350' title='bbox 3416 2234 3526 2273; x_wconf 86' lang='lat' dir='ltr'><strong>non</strong></span> 
     </span>
    </p>
   </div>
   <div class='ocr_carea' id='block_1_51' title="bbox 1957 2297 3527 2373">
    <p class='ocr_par' dir='ltr' id='par_1_51' title="bbox 1957 2297 3527 2373">
     <span class='ocr_line' id='line_1_51' title="bbox 1957 2297 3527 2373; baseline 0.007 -21"><span class='ocrx_word' id='word_1_351' title='bbox 1957 2306 2138 2369; x_wconf 88' lang='lat' dir='ltr'><strong>potest</strong></span> <span class='ocrx_word' id='word_1_352' title='bbox 2168 2308 2216 2354; x_wconf 75' lang='grc' dir='ltr'><strong>κ.</strong></span> <span class='ocrx_word' id='word_1_353' title='bbox 2258 2317 2277 2352; x_wconf 76' lang='grc' dir='ltr'><strong>ι</strong></span> <span class='ocrx_word' id='word_1_354' title='bbox 2314 2297 2414 2355; x_wconf 79' lang='lat' dir='ltr'><strong>llic</strong></span> <span class='ocrx_word' id='word_1_355' title='bbox 2450 2308 2634 2356; x_wconf 89' lang='lat' dir='ltr'><strong>autem</strong></span> <span class='ocrx_word' id='word_1_356' title='bbox 2681 2302 2844 2357; x_wconf 86' lang='lat' dir='ltr'><strong>etiam</strong></span> <span class='ocrx_word' id='word_1_357' title='bbox 2875 2301 3174 2373; x_wconf 69' lang='lat' dir='ltr'><strong>Scriptura:</strong></span> <span class='ocrx_word' id='word_1_358' title='bbox 3207 2307 3527 2362; x_wconf 89' lang='lat' dir='ltr'><strong>testimonio</strong></span> 
     </span>
    </p>
   </div>
   <div class='ocr_carea' id='block_1_52' title="bbox 1957 2390 3528 2466">
    <p class='ocr_par' dir='ltr' id='par_1_52' title="bbox 1957 2390 3528 2466">
     <span class='ocr_line' id='line_1_52' title="bbox 1957 2390 3528 2466; baseline 0.003 -19"><span class='ocrx_word' id='word_1_359' title='bbox 1957 2393 2135 2447; x_wconf 87' lang='lat' dir='ltr'><strong>utitur</strong></span> <span class='ocrx_word' id='word_1_360' title='bbox 2167 2411 2180 2446; x_wconf 90' lang='lat'><strong>:</strong></span> <span class='ocrx_word' id='word_1_361' title='bbox 2224 2390 2379 2448; x_wconf 81' lang='lat' dir='ltr'><strong>Sicut</strong></span> <span class='ocrx_word' id='word_1_362' title='bbox 2405 2393 2661 2462; x_wconf 84' lang='lat' dir='ltr'><strong>scriptum</strong></span> <span class='ocrx_word' id='word_1_363' title='bbox 2693 2402 2770 2447; x_wconf 85' lang='lat' dir='ltr'><strong>est</strong></span> <span class='ocrx_word' id='word_1_364' title='bbox 2794 2401 2846 2459; x_wconf 68' lang='grc'>1,</span> <span class='ocrx_word' id='word_1_365' title='bbox 2886 2393 2957 2448; x_wconf 89' lang='lat' dir='ltr'><strong>Ut</strong></span> <span class='ocrx_word' id='word_1_366' title='bbox 2981 2395 3296 2466; x_wconf 85' lang='lat' dir='ltr'><strong>justi/ieeris</strong></span> <span class='ocrx_word' id='word_1_367' title='bbox 3335 2399 3390 2452; x_wconf 88' lang='lat' dir='ltr'><strong>in</strong></span> <span class='ocrx_word' id='word_1_368' title='bbox 3414 2414 3528 2452; x_wconf 83' lang='lat' dir='ltr'><strong>ser--</strong></span> 
     </span>
    </p>
   </div>
   <div class='ocr_carea' id='block_1_53' title="bbox 1956 2483 3522 2556">
    <p class='ocr_par' dir='ltr' id='par_1_53' title="bbox 1956 2483 3522 2556">
     <span class='ocr_line' id='line_1_53' title="bbox 1956 2483 3522 2556; baseline 0.003 -18"><span class='ocrx_word' id='word_1_369' title='bbox 1956 2483 2197 2539; x_wconf 83' lang='lat' dir='ltr'><strong>monibus</strong></span> <span class='ocrx_word' id='word_1_370' title='bbox 2239 2486 2366 2548; x_wconf 87' lang='lat' dir='ltr'><strong>tuis,</strong></span> <span class='ocrx_word' id='word_1_371' title='bbox 2397 2494 2446 2540; x_wconf 91' lang='lat' dir='ltr'><strong>et</strong></span> <span class='ocrx_word' id='word_1_372' title='bbox 2487 2485 2665 2538; x_wconf 83' lang='lat' dir='ltr'><strong>vincas</strong></span> <span class='ocrx_word' id='word_1_373' title='bbox 2690 2501 2809 2539; x_wconf 86' lang='lat' dir='ltr'><strong>cum</strong></span> <span class='ocrx_word' id='word_1_374' title='bbox 2858 2486 3146 2556; x_wconf 81' lang='lat' dir='ltr'><strong>judicaris.</strong></span> <span class='ocrx_word' id='word_1_375' title='bbox 3179 2489 3315 2543; x_wconf 88' lang='lat' dir='ltr'><strong>lllud</strong></span> <span class='ocrx_word' id='word_1_376' title='bbox 3340 2499 3522 2546; x_wconf 86' lang='lat' dir='ltr'><strong>autem</strong></span> 
     </span>
    </p>
   </div>
   <div class='ocr_carea' id='block_1_54' title="bbox 1957 2575 3520 2642">
    <p class='ocr_par' dir='ltr' id='par_1_54' title="bbox 1957 2575 3520 2642">
     <span class='ocr_line' id='line_1_54' title="bbox 1957 2575 3520 2642; baseline 0.005 -16"><span class='ocrx_word' id='word_1_377' title='bbox 1957 2584 2014 2627; x_wconf 89' lang='lat' dir='ltr'><strong>ut</strong></span> <span class='ocrx_word' id='word_1_378' title='bbox 2043 2589 2151 2630; x_wconf 90' lang='lat' dir='ltr'><strong>non</strong></span> <span class='ocrx_word' id='word_1_379' title='bbox 2197 2575 2375 2630; x_wconf 83' lang='lat' dir='ltr'><strong>reddit</strong></span> <span class='ocrx_word' id='word_1_380' title='bbox 2403 2575 2491 2629; x_wconf 90' lang='lat' dir='ltr'><strong>hic</strong></span> <span class='ocrx_word' id='word_1_381' title='bbox 2519 2575 2806 2642; x_wconf 85' lang='lat' dir='ltr'><strong>rationem,</strong></span> <span class='ocrx_word' id='word_1_382' title='bbox 2837 2576 2930 2633; x_wconf 90' lang='lat' dir='ltr'><strong>sed</strong></span> <span class='ocrx_word' id='word_1_383' title='bbox 2971 2588 3225 2633; x_wconf 81' lang='lat' dir='ltr'><strong>eventum</strong></span> <span class='ocrx_word' id='word_1_384' title='bbox 3257 2581 3520 2635; x_wconf 88' lang='lat' dir='ltr'><strong>declarat.</strong></span> 
     </span>
    </p>
   </div>
   <div class='ocr_carea' id='block_1_55' title="bbox 1955 2664 3524 2736">
    <p class='ocr_par' dir='ltr' id='par_1_55' title="bbox 1955 2664 3524 2736">
     <span class='ocr_line' id='line_1_55' title="bbox 1955 2664 3524 2736; baseline 0.004 -18"><span class='ocrx_word' id='word_1_385' title='bbox 1955 2664 2140 2736; x_wconf 85' lang='lat' dir='ltr'><strong>Neque</strong></span> <span class='ocrx_word' id='word_1_386' title='bbox 2171 2667 2314 2720; x_wconf 91' lang='lat' dir='ltr'><strong>enim</strong></span> <span class='ocrx_word' id='word_1_387' title='bbox 2366 2665 2489 2720; x_wconf 88' lang='lat' dir='ltr'><strong>ideo</strong></span> <span class='ocrx_word' id='word_1_388' title='bbox 2533 2681 2848 2736; x_wconf 85' lang='lat' dir='ltr'><strong>peccamus,</strong></span> <span class='ocrx_word' id='word_1_389' title='bbox 2896 2677 2954 2722; x_wconf 93' lang='lat' dir='ltr'><strong>ut</strong></span> <span class='ocrx_word' id='word_1_390' title='bbox 2990 2667 3082 2723; x_wconf 91' lang='lat' dir='ltr'><strong>Dei</strong></span> <span class='ocrx_word' id='word_1_391' title='bbox 3125 2669 3524 2727; x_wconf 84' lang='lat' dir='ltr'><strong>humanitatem</strong></span> 
     </span>
    </p>
   </div>
   <div class='ocr_carea' id='block_1_56' title="bbox 1957 2755 3526 2825">
    <p class='ocr_par' dir='ltr' id='par_1_56' title="bbox 1957 2755 3526 2825">
     <span class='ocr_line' id='line_1_56' title="bbox 1957 2755 3526 2825; baseline 0.004 -15"><span class='ocrx_word' id='word_1_392' title='bbox 1957 2755 2337 2822; x_wconf 86' lang='lat' dir='ltr'><strong>ostendamus,</strong></span> <span class='ocrx_word' id='word_1_393' title='bbox 2367 2757 2460 2811; x_wconf 92' lang='lat' dir='ltr'><strong>sed</strong></span> <span class='ocrx_word' id='word_1_394' title='bbox 2494 2757 2614 2824; x_wconf 89' lang='lat' dir='ltr'><strong>ipse</strong></span> <span class='ocrx_word' id='word_1_395' title='bbox 2647 2757 2868 2825; x_wconf 85' lang='lat' dir='ltr'><strong>quidem</strong></span> <span class='ocrx_word' id='word_1_396' title='bbox 2920 2758 3309 2814; x_wconf 79' lang='lat' dir='ltr'><strong>beneﬁciorum</strong></span> <span class='ocrx_word' id='word_1_397' title='bbox 3345 2759 3526 2816; x_wconf 89' lang='lat' dir='ltr'><strong>fontes</strong></span> 
     </span>
    </p>
   </div>
   <div class='ocr_carea' id='block_1_57' title="bbox 1959 2845 3523 2916">
    <p class='ocr_par' dir='ltr' id='par_1_57' title="bbox 1959 2845 3523 2916">
     <span class='ocr_line' id='line_1_57' title="bbox 1959 2845 3523 2916; baseline 0.004 -16"><span class='ocrx_word' id='word_1_398' title='bbox 1959 2845 2308 2916; x_wconf 87' lang='lat' dir='ltr'><strong>suppeditat,</strong></span> <span class='ocrx_word' id='word_1_399' title='bbox 2364 2846 2475 2916; x_wconf 77' lang='lat'><strong>38</strong></span> <span class='ocrx_word' id='word_1_400' title='bbox 2537 2847 2766 2900; x_wconf 90' lang='lat' dir='ltr'><strong>salutem</strong></span> <span class='ocrx_word' id='word_1_401' title='bbox 2827 2862 3133 2915; x_wconf 88' lang='lat' dir='ltr'><strong>procurans</strong></span> <span class='ocrx_word' id='word_1_402' title='bbox 3210 2851 3523 2906; x_wconf 87' lang='lat' dir='ltr'><strong>omnibus:</strong></span> 
     </span>
    </p>
   </div>
   <div class='ocr_carea' id='block_1_58' title="bbox 1959 2935 3524 3010">
    <p class='ocr_par' dir='ltr' id='par_1_58' title="bbox 1959 2935 3524 3010">
     <span class='ocr_line' id='line_1_58' title="bbox 1959 2935 3524 3010; baseline 0.005 -22"><span class='ocrx_word' id='word_1_403' title='bbox 1959 2935 2212 2990; x_wconf 88' lang='lat' dir='ltr'><strong>homines</strong></span> <span class='ocrx_word' id='word_1_404' title='bbox 2243 2943 2448 3000; x_wconf 88' lang='lat' dir='ltr'><strong>autem,</strong></span> <span class='ocrx_word' id='word_1_405' title='bbox 2493 2950 2618 2990; x_wconf 89' lang='lat' dir='ltr'><strong>cum</strong></span> <span class='ocrx_word' id='word_1_406' title='bbox 2651 2935 2762 2990; x_wconf 88' lang='lat' dir='ltr'><strong>sint</strong></span> <span class='ocrx_word' id='word_1_407' title='bbox 2811 2937 2985 2992; x_wconf 90' lang='lat' dir='ltr'><strong>libero</strong></span> <span class='ocrx_word' id='word_1_408' title='bbox 3018 2938 3248 2994; x_wconf 88' lang='lat' dir='ltr'><strong>arbitrio</strong></span> <span class='ocrx_word' id='word_1_409' title='bbox 3289 2941 3524 3010; x_wconf 66' lang='lat' dir='ltr'><strong>prazditi,</strong></span> 
     </span>
    </p>
   </div>
   <div class='ocr_carea' id='block_1_59' title="bbox 1960 3023 3518 3095">
    <p class='ocr_par' dir='ltr' id='par_1_59' title="bbox 1960 3023 3518 3095">
     <span class='ocr_line' id='line_1_59' title="bbox 1960 3023 3518 3095; baseline 0.006 -17"><span class='ocrx_word' id='word_1_410' title='bbox 1960 3026 2052 3078; x_wconf 86' lang='lat' dir='ltr'><strong>alii</strong></span> <span class='ocrx_word' id='word_1_411' title='bbox 2095 3023 2188 3080; x_wconf 88' lang='lat' dir='ltr'><strong>Dei</strong></span> <span class='ocrx_word' id='word_1_412' title='bbox 2229 3026 2438 3080; x_wconf 82' lang='lat' dir='ltr'><strong>cultum</strong></span> <span class='ocrx_word' id='word_1_413' title='bbox 2483 3025 2806 3095; x_wconf 66' lang='lat' dir='ltr'><strong>praeferunt,</strong></span> <span class='ocrx_word' id='word_1_414' title='bbox 2838 3027 2932 3082; x_wconf 90' lang='lat' dir='ltr'><strong>alii</strong></span> <span class='ocrx_word' id='word_1_415' title='bbox 2987 3031 3268 3085; x_wconf 90' lang='lat' dir='ltr'><strong>contraria</strong></span> <span class='ocrx_word' id='word_1_416' title='bbox 3301 3032 3387 3086; x_wconf 86' lang='lat' dir='ltr'><strong>via</strong></span> <span class='ocrx_word' id='word_1_417' title='bbox 3435 3031 3518 3086; x_wconf 86' lang='lat' dir='ltr'><strong>in-</strong></span> 
     </span>
    </p>
   </div>
   <div class='ocr_carea' id='block_1_60' title="bbox 275 3115 1856 3200">
    <p class='ocr_par' dir='ltr' id='par_1_60' title="bbox 275 3119 1856 3200">
     <span class='ocr_line' id='line_1_60' title="bbox 275 3119 1856 3200; baseline 0.005 -26"><span class='ocrx_word' id='word_1_418' title='bbox 275 3123 386 3190; x_wconf 84' lang='grc' dir='ltr'>μὲν</span> <span class='ocrx_word' id='word_1_419' title='bbox 409 3119 722 3190; x_wconf 72' lang='grc' dir='ltr'>προτιμῶσι</span> <span class='ocrx_word' id='word_1_420' title='bbox 770 3121 871 3191; x_wconf 86' lang='grc' dir='ltr'><strong>τὴν</strong></span> <span class='ocrx_word' id='word_1_421' title='bbox 915 3121 1009 3175; x_wconf 88' lang='grc' dir='ltr'><strong>τοῦ</strong></span> <span class='ocrx_word' id='word_1_422' title='bbox 1057 3122 1193 3176; x_wconf 88' lang='grc' dir='ltr'>Θεοῦ</span> <span class='ocrx_word' id='word_1_423' title='bbox 1243 3124 1558 3196; x_wconf 82' lang='grc' dir='ltr'>θεραπείαν,</span> <span class='ocrx_word' id='word_1_424' title='bbox 1590 3129 1640 3180; x_wconf 74' lang='grc' dir='ltr'><strong>οἱ</strong></span> <span class='ocrx_word' id='word_1_425' title='bbox 1674 3127 1732 3181; x_wconf 86' lang='grc' dir='ltr'><strong>δὲ</strong></span> <span class='ocrx_word' id='word_1_426' title='bbox 1758 3129 1856 3200; x_wconf 80' lang='grc' dir='ltr'>τὴν</span> 
     </span>
    </p>
   </div>
   <div class='ocr_carea' id='block_1_61' title="bbox 1957 3115 3527 3200">
    <p class='ocr_par' dir='ltr' id='par_1_61' title="bbox 1959 3115 3527 3187">
     <span class='ocr_line' id='line_1_61' title="bbox 1959 3115 3527 3187; baseline 0.005 -17"><span class='ocrx_word' id='word_1_427' title='bbox 1959 3115 2312 3187; x_wconf 88' lang='lat' dir='ltr'><strong>grediuntur,</strong></span> <span class='ocrx_word' id='word_1_428' title='bbox 2350 3125 2404 3173; x_wconf 92' lang='lat' dir='ltr'><strong>et</strong></span> <span class='ocrx_word' id='word_1_429' title='bbox 2435 3117 2596 3174; x_wconf 87' lang='lat' dir='ltr'><strong>ﬁnem</strong></span> <span class='ocrx_word' id='word_1_430' title='bbox 2632 3119 2734 3174; x_wconf 72' lang='lat' dir='ltr'><strong>via:</strong></span> <span class='ocrx_word' id='word_1_431' title='bbox 2764 3135 2878 3175; x_wconf 81' lang='lat' dir='ltr'><strong>suae</strong></span> <span class='ocrx_word' id='word_1_432' title='bbox 2914 3123 3331 3178; x_wconf 82' lang='lat' dir='ltr'><strong>convenientem</strong></span> <span class='ocrx_word' id='word_1_433' title='bbox 3385 3139 3527 3180; x_wconf 83' lang='lat' dir='ltr'><strong>nan-</strong></span> 
     </span>
    </p>
   </div>
   <div class='ocr_carea' id='block_1_62' title="bbox 273 3211 1856 3292">
    <p class='ocr_par' dir='ltr' id='par_1_62' title="bbox 273 3211 1856 3292">
     <span class='ocr_line' id='line_1_62' title="bbox 273 3211 1856 3292; baseline 0.006 -28"><span class='ocrx_word' id='word_1_434' title='bbox 273 3212 529 3265; x_wconf 78' lang='grc' dir='ltr'>ἐναντίαν</span> <span class='ocrx_word' id='word_1_435' title='bbox 572 3211 838 3278; x_wconf 84' lang='grc' dir='ltr'>ὁδεύουσι,</span> <span class='ocrx_word' id='word_1_436' title='bbox 885 3214 979 3266; x_wconf 78' lang='grc' dir='ltr'>καὶ</span> <span class='ocrx_word' id='word_1_437' title='bbox 1027 3215 1366 3287; x_wconf 81' lang='grc' dir='ltr'>κατάλληλον</span> <span class='ocrx_word' id='word_1_438' title='bbox 1408 3218 1723 3287; x_wconf 82' lang='grc' dir='ltr'>εὑρίσκουσι</span> <span class='ocrx_word' id='word_1_439' title='bbox 1756 3221 1856 3292; x_wconf 85' lang='grc' dir='ltr'><strong>τῆς</strong></span> 
     </span>
    </p>
   </div>
   <div class='ocr_carea' id='block_1_63' title="bbox 272 3301 1856 3377">
    <p class='ocr_par' dir='ltr' id='par_1_63' title="bbox 272 3301 1856 3377">
     <span class='ocr_line' id='line_1_63' title="bbox 272 3301 1856 3377; baseline 0.004 -21"><span class='ocrx_word' id='word_1_440' title='bbox 272 3302 403 3356; x_wconf 78' lang='grc' dir='ltr'><strong>ὁδοῦ</strong></span> <span class='ocrx_word' id='word_1_441' title='bbox 433 3301 494 3354; x_wconf 80' lang='grc' dir='ltr'>τὸ</span> <span class='ocrx_word' id='word_1_442' title='bbox 514 3301 690 3365; x_wconf 89' lang='grc' dir='ltr'>τέλος.</span> <span class='ocrx_word' id='word_1_443' title='bbox 733 3303 794 3355; x_wconf 82' lang='lat'><strong>&#39;0</strong></span> <span class='ocrx_word' id='word_1_444' title='bbox 833 3303 1017 3373; x_wconf 82' lang='grc' dir='ltr'>μέντοι</span> <span class='ocrx_word' id='word_1_445' title='bbox 1061 3303 1214 3368; x_wconf 81' lang='grc' dir='ltr'>Θεὸς,</span> <span class='ocrx_word' id='word_1_446' title='bbox 1255 3305 1350 3358; x_wconf 75' lang='grc' dir='ltr'>καὶ</span> <span class='ocrx_word' id='word_1_447' title='bbox 1377 3306 1602 3370; x_wconf 80' lang='grc' dir='ltr'>τούτους</span> <span class='ocrx_word' id='word_1_448' title='bbox 1631 3309 1856 3377; x_wconf 84' lang='grc' dir='ltr'>εὐεργε-</span> 
     </span>
    </p>
   </div>
   <div class='ocr_carea' id='block_1_64' title="bbox 272 3391 1854 3470">
    <p class='ocr_par' dir='ltr' id='par_1_64' title="bbox 272 3391 1854 3470">
     <span class='ocr_line' id='line_1_64' title="bbox 272 3391 1854 3470; baseline 0.006 -24"><span class='ocrx_word' id='word_1_449' title='bbox 272 3393 411 3458; x_wconf 84' lang='grc' dir='ltr'>τῶν,</span> <span class='ocrx_word' id='word_1_450' title='bbox 436 3391 734 3461; x_wconf 84' lang='grc' dir='ltr'>ἀπολογίαν</span> <span class='ocrx_word' id='word_1_451' title='bbox 762 3394 819 3445; x_wconf 80' lang='grc' dir='ltr'><strong>ὲν</strong></span> <span class='ocrx_word' id='word_1_452' title='bbox 847 3393 924 3464; x_wconf 83' lang='grc' dir='ltr'>τῷ</span> <span class='ocrx_word' id='word_1_453' title='bbox 968 3393 1172 3464; x_wconf 86' lang='grc' dir='ltr'>κρίνειν</span> <span class='ocrx_word' id='word_1_454' title='bbox 1210 3395 1343 3466; x_wconf 80' lang='grc' dir='ltr'>ἔχει,</span> <span class='ocrx_word' id='word_1_455' title='bbox 1379 3398 1478 3467; x_wconf 81' lang='grc' dir='ltr'>τὴν</span> <span class='ocrx_word' id='word_1_456' title='bbox 1509 3399 1854 3470; x_wconf 82' lang='grc' dir='ltr'>παντοδαπὴν</span> 
     </span>
    </p>
   </div>
   <div class='ocr_carea' id='block_1_65' title="bbox 273 3486 1850 3562">
    <p class='ocr_par' dir='ltr' id='par_1_65' title="bbox 273 3486 1850 3562">
     <span class='ocr_line' id='line_1_65' title="bbox 273 3486 1850 3562; baseline 0.003 -22"><span class='ocrx_word' id='word_1_457' title='bbox 273 3487 461 3542; x_wconf 84' lang='grc' dir='ltr'>αὐτῶν</span> <span class='ocrx_word' id='word_1_458' title='bbox 489 3489 619 3558; x_wconf 84' lang='grc' dir='ltr'>ὲπιμ</span> <span class='ocrx_word' id='word_1_459' title='bbox 633 3486 830 3540; x_wconf 82' lang='grc' dir='ltr'>ἐλειαν.</span> <span class='ocrx_word' id='word_1_460' title='bbox 856 3486 1011 3540; x_wconf 77' lang='grc' dir='ltr'>Οὕτω</span> <span class='ocrx_word' id='word_1_461' title='bbox 1034 3489 1126 3542; x_wconf 72' lang='grc' dir='ltr'><strong>καὶ</strong></span> <span class='ocrx_word' id='word_1_462' title='bbox 1148 3489 1284 3560; x_wconf 81' lang='grc' dir='ltr'>πρὸς</span> <span class='ocrx_word' id='word_1_463' title='bbox 1307 3491 1400 3544; x_wconf 82' lang='grc' dir='ltr'><strong>τὸν</strong></span> <span class='ocrx_word' id='word_1_464' title='bbox 1438 3491 1654 3561; x_wconf 82' lang='grc' dir='ltr'>Ἰσραὴλ</span> <span class='ocrx_word' id='word_1_465' title='bbox 1675 3492 1850 3562; x_wconf 80' lang='grc' dir='ltr'>ἔλεγε·</span> 
     </span>
    </p>
   </div>
   <div class='ocr_carea' id='block_1_66' title="bbox 282 3577 1853 3654">
    <p class='ocr_par' dir='ltr' id='par_1_66' title="bbox 282 3577 1853 3654">
     <span class='ocr_line' id='line_1_66' title="bbox 282 3577 1853 3654; baseline 0.003 -22"><span class='ocrx_word' id='word_1_466' title='bbox 282 3598 302 3632; x_wconf 75' lang='grc' dir='ltr'><strong>ι</strong></span> <span class='ocrx_word' id='word_1_467' title='bbox 330 3579 478 3641; x_wconf 84' lang='grc' dir='ltr'>Δαός</span> <span class='ocrx_word' id='word_1_468' title='bbox 510 3595 633 3648; x_wconf 83' lang='grc' dir='ltr'>μου,</span> <span class='ocrx_word' id='word_1_469' title='bbox 663 3577 715 3630; x_wconf 84' lang='grc' dir='ltr'><strong>τί</strong></span> <span class='ocrx_word' id='word_1_470' title='bbox 741 3578 974 3648; x_wconf 79' lang='grc' dir='ltr'>ἐποίησά</span> <span class='ocrx_word' id='word_1_471' title='bbox 1005 3595 1088 3632; x_wconf 85' lang='grc' dir='ltr'><strong>σοι</strong></span> <span class='ocrx_word' id='word_1_472' title='bbox 1108 3597 1122 3645; x_wconf 91' lang='lat'><strong>;</strong></span> <span class='ocrx_word' id='word_1_473' title='bbox 1146 3579 1180 3649; x_wconf 77' lang='grc' dir='ltr'>ἢ</span> <span class='ocrx_word' id='word_1_474' title='bbox 1201 3579 1254 3632; x_wconf 88' lang='grc' dir='ltr'><strong>τί</strong></span> <span class='ocrx_word' id='word_1_475' title='bbox 1280 3579 1524 3652; x_wconf 70' lang='grc' dir='ltr'>ἐλύπησα</span> <span class='ocrx_word' id='word_1_476' title='bbox 1559 3599 1618 3636; x_wconf 86' lang='grc' dir='ltr'><strong>σε</strong></span> <span class='ocrx_word' id='word_1_477' title='bbox 1642 3584 1720 3651; x_wconf 86' lang='grc'><strong>³¹;</strong></span> <span class='ocrx_word' id='word_1_478' title='bbox 1745 3583 1853 3654; x_wconf 85' lang='grc' dir='ltr'>ἢτί</span> 
     </span>
    </p>
   </div>
   <div class='ocr_carea' id='block_1_67' title="bbox 275 3667 1852 3744">
    <p class='ocr_par' dir='ltr' id='par_1_67' title="bbox 275 3667 1852 3744">
     <span class='ocr_line' id='line_1_67' title="bbox 275 3667 1852 3744; baseline 0.004 -21"><span class='ocrx_word' id='word_1_479' title='bbox 275 3669 670 3741; x_wconf 78' lang='grc' dir='ltr'>παρηνόχλησά</span> <span class='ocrx_word' id='word_1_480' title='bbox 699 3685 809 3732; x_wconf 89' lang='grc' dir='ltr'>σοι;</span> <span class='ocrx_word' id='word_1_481' title='bbox 839 3670 1166 3741; x_wconf 85' lang='grc' dir='ltr'>ἀποκρίθητί</span> <span class='ocrx_word' id='word_1_482' title='bbox 1195 3687 1305 3740; x_wconf 88' lang='grc' dir='ltr'>μοι.</span> <span class='ocrx_word' id='word_1_483' title='bbox 1328 3690 1347 3723; x_wconf 77' lang='grc' dir='ltr'><strong>ι</strong></span> <span class='ocrx_word' id='word_1_484' title='bbox 1371 3667 1504 3726; x_wconf 82' lang='grc' dir='ltr'>Εἶτα</span> <span class='ocrx_word' id='word_1_485' title='bbox 1521 3673 1664 3727; x_wconf 81' lang='grc' dir='ltr'>κατὰ</span> <span class='ocrx_word' id='word_1_486' title='bbox 1685 3673 1852 3744; x_wconf 81' lang='grc' dir='ltr'>μέρος</span> 
     </span>
    </p>
   </div>
   <div class='ocr_carea' id='block_1_68' title="bbox 273 3761 1848 3838">
    <p class='ocr_par' dir='ltr' id='par_1_68' title="bbox 273 3761 1848 3838">
     <span class='ocr_line' id='line_1_68' title="bbox 273 3761 1848 3838; baseline 0.004 -25"><span class='ocrx_word' id='word_1_487' title='bbox 273 3761 390 3814; x_wconf 82' lang='grc' dir='ltr'><strong>τῶν</strong></span> <span class='ocrx_word' id='word_1_488' title='bbox 419 3761 746 3830; x_wconf 81' lang='grc' dir='ltr'>εὐεργεσιῶν</span> <span class='ocrx_word' id='word_1_489' title='bbox 775 3762 1202 3834; x_wconf 75' lang='grc' dir='ltr'>ἀναμιμνήσκει.</span> <span class='ocrx_word' id='word_1_490' title='bbox 1239 3762 1395 3817; x_wconf 84' lang='grc' dir='ltr'>Οῦτω</span> <span class='ocrx_word' id='word_1_491' title='bbox 1426 3767 1522 3818; x_wconf 61' lang='grc' dir='ltr'><strong>καὶ⁸</strong></span> <span class='ocrx_word' id='word_1_492' title='bbox 1563 3766 1651 3820; x_wconf 72' lang='grc' dir='ltr'><strong>διὰ</strong></span> <span class='ocrx_word' id='word_1_493' title='bbox 1682 3767 1848 3838; x_wconf 85' lang='grc' dir='ltr'>Ἰερε-</span> 
     </span>
    </p>
   </div>
   <div class='ocr_carea' id='block_1_69' title="bbox 277 3843 1852 3927">
    <p class='ocr_par' dir='ltr' id='par_1_69' title="bbox 277 3843 1852 3927">
     <span class='ocr_line' id='line_1_69' title="bbox 277 3843 1852 3927; baseline 0.004 -25"><span class='ocrx_word' id='word_1_494' title='bbox 277 3850 410 3921; x_wconf 84' lang='grc' dir='ltr'>μίου</span> <span class='ocrx_word' id='word_1_495' title='bbox 446 3849 546 3921; x_wconf 80' lang='grc' dir='ltr'><strong>βοᾷ</strong></span> <span class='ocrx_word' id='word_1_496' title='bbox 565 3865 580 3882; x_wconf 73' lang='grc' dir='ltr'>ο</span> <span class='ocrx_word' id='word_1_497' title='bbox 609 3870 627 3902; x_wconf 79' lang='grc' dir='ltr'><strong>ι</strong></span> <span class='ocrx_word' id='word_1_498' title='bbox 661 3850 726 3903; x_wconf 87' lang='grc' dir='ltr'>Τί</span> <span class='ocrx_word' id='word_1_499' title='bbox 748 3843 904 3922; x_wconf 73' lang='grc' dir='ltr'>εὗρον</span> <span class='ocrx_word' id='word_1_500' title='bbox 937 3853 984 3904; x_wconf 75' lang='lat' dir='ltr'><strong>oi</strong></span> <span class='ocrx_word' id='word_1_501' title='bbox 1013 3851 1247 3922; x_wconf 80' lang='grc' dir='ltr'>πατέρες</span> <span class='ocrx_word' id='word_1_502' title='bbox 1269 3853 1420 3924; x_wconf 82' lang='grc' dir='ltr'>ὑμῶν</span> <span class='ocrx_word' id='word_1_503' title='bbox 1438 3855 1494 3907; x_wconf 82' lang='grc' dir='ltr'>ὲν</span> <span class='ocrx_word' id='word_1_504' title='bbox 1517 3856 1641 3924; x_wconf 77' lang='grc' dir='ltr'>ἐμοὶ</span> <span class='ocrx_word' id='word_1_505' title='bbox 1667 3855 1852 3927; x_wconf 88' lang='grc' dir='ltr'>πλημ-</span> 
     </span>
    </p>
   </div>
   <div class='ocr_carea' id='block_1_70' title="bbox 279 3942 1855 4017">
    <p class='ocr_par' dir='ltr' id='par_1_70' title="bbox 279 3942 1855 4017">
     <span class='ocr_line' id='line_1_70' title="bbox 279 3942 1855 4017; baseline 0.004 -24"><span class='ocrx_word' id='word_1_506' title='bbox 279 3943 520 4011; x_wconf 84' lang='grc' dir='ltr'>μέλημα,</span> <span class='ocrx_word' id='word_1_507' title='bbox 548 3942 630 3994; x_wconf 81' lang='grc' dir='ltr'><strong>ὄτι</strong></span> <span class='ocrx_word' id='word_1_508' title='bbox 668 3942 982 4014; x_wconf 83' lang='grc' dir='ltr'>ἀπέστησαν</span> <span class='ocrx_word' id='word_1_509' title='bbox 1011 3944 1107 3998; x_wconf 81' lang='grc' dir='ltr'>ἀπ’</span> <span class='ocrx_word' id='word_1_510' title='bbox 1153 3944 1288 4014; x_wconf 76' lang='grc' dir='ltr'>ἐμοῦ</span> <span class='ocrx_word' id='word_1_511' title='bbox 1335 3946 1572 4017; x_wconf 80' lang='grc' dir='ltr'>μακρὰν,</span> <span class='ocrx_word' id='word_1_512' title='bbox 1599 3949 1693 3999; x_wconf 75' lang='grc' dir='ltr'><strong>καὶ</strong></span> <span class='ocrx_word' id='word_1_513' title='bbox 1725 3948 1855 4000; x_wconf 74' lang='grc' dir='ltr'>ἐπο-</span> 
     </span>
    </p>
   </div>
   <div class='ocr_carea' id='block_1_71' title="bbox 277 4031 1844 4110">
    <p class='ocr_par' dir='ltr' id='par_1_71' title="bbox 277 4031 1844 4110">
     <span class='ocr_line' id='line_1_71' title="bbox 277 4031 1844 4110; baseline 0.004 -26"><span class='ocrx_word' id='word_1_514' title='bbox 277 4031 554 4101; x_wconf 78' lang='grc' dir='ltr'>ρεύθησαν</span> <span class='ocrx_word' id='word_1_515' title='bbox 579 4031 752 4085; x_wconf 77' lang='grc' dir='ltr'>ὀπίσω</span> <span class='ocrx_word' id='word_1_516' title='bbox 781 4033 889 4086; x_wconf 88' lang='grc' dir='ltr'><strong>τῶν</strong></span> <span class='ocrx_word' id='word_1_517' title='bbox 920 4035 1184 4110; x_wconf 87' lang='grc' dir='ltr'>ματαίων,</span> <span class='ocrx_word' id='word_1_518' title='bbox 1211 4037 1306 4089; x_wconf 82' lang='grc' dir='ltr'><strong>καὶ</strong></span> <span class='ocrx_word' id='word_1_519' title='bbox 1331 4037 1754 4108; x_wconf 83' lang='grc' dir='ltr'>ἐματαιώθησαν</span> <span class='ocrx_word' id='word_1_520' title='bbox 1779 4054 1794 4105; x_wconf 87' lang='grc'><strong>;</strong></span> <span class='ocrx_word' id='word_1_521' title='bbox 1825 4059 1844 4091; x_wconf 77' lang='grc' dir='ltr'><strong>ι</strong></span> 
     </span>
    </p>
   </div>
   <div class='ocr_carea' id='block_1_72' title="bbox 275 4123 1845 4199">
    <p class='ocr_par' dir='ltr' id='par_1_72' title="bbox 275 4123 1845 4199">
     <span class='ocr_line' id='line_1_72' title="bbox 275 4123 1845 4199; baseline 0.004 -23"><span class='ocrx_word' id='word_1_522' title='bbox 275 4123 389 4176; x_wconf 77' lang='grc' dir='ltr'>Καὶ</span> <span class='ocrx_word' id='word_1_523' title='bbox 422 4123 582 4177; x_wconf 83' lang='grc' dir='ltr'>πάλιν</span> <span class='ocrx_word' id='word_1_524' title='bbox 611 4125 701 4177; x_wconf 83' lang='grc' dir='ltr'>τὸν</span> <span class='ocrx_word' id='word_1_525' title='bbox 733 4125 840 4179; x_wconf 89' lang='grc' dir='ltr'><strong>τῶν</strong></span> <span class='ocrx_word' id='word_1_526' title='bbox 885 4127 1216 4198; x_wconf 80' lang='grc' dir='ltr'>εὐεργεσιῶν</span> <span class='ocrx_word' id='word_1_527' title='bbox 1249 4129 1491 4198; x_wconf 75' lang='grc' dir='ltr'>εἰσφέρει</span> <span class='ocrx_word' id='word_1_528' title='bbox 1526 4129 1845 4199; x_wconf 84' lang='grc' dir='ltr'>κατάλογον.</span> 
     </span>
    </p>
   </div>
   <div class='ocr_carea' id='block_1_73' title="bbox 286 4216 1850 4286">
    <p class='ocr_par' dir='ltr' id='par_1_73' title="bbox 286 4216 1850 4286">
     <span class='ocr_line' id='line_1_73' title="bbox 286 4216 1850 4286; baseline 0.003 -16"><span class='ocrx_word' id='word_1_529' title='bbox 286 4216 353 4270; x_wconf 81' lang='lat'><strong>&#39;0</strong></span> <span class='ocrx_word' id='word_1_530' title='bbox 388 4216 568 4286; x_wconf 88' lang='grc' dir='ltr'>μέντοι</span> <span class='ocrx_word' id='word_1_531' title='bbox 595 4216 736 4280; x_wconf 84' lang='grc' dir='ltr'>θεῖος</span> <span class='ocrx_word' id='word_1_532' title='bbox 779 4216 1104 4283; x_wconf 79' lang='grc' dir='ltr'>Ἀπόστολος</span> <span class='ocrx_word' id='word_1_533' title='bbox 1128 4218 1202 4284; x_wconf 86' lang='grc' dir='ltr'>ὼς</span> <span class='ocrx_word' id='word_1_534' title='bbox 1237 4220 1300 4272; x_wconf 82' lang='grc' dir='ltr'>ὲκ</span> <span class='ocrx_word' id='word_1_535' title='bbox 1328 4217 1421 4272; x_wconf 87' lang='grc' dir='ltr'><strong>τοῦ</strong></span> <span class='ocrx_word' id='word_1_536' title='bbox 1453 4219 1562 4273; x_wconf 89' lang='grc' dir='ltr'><strong>τῶν</strong></span> <span class='ocrx_word' id='word_1_537' title='bbox 1591 4220 1850 4275; x_wconf 74' lang='grc' dir='ltr'>ἐναντίων</span> 
     </span>
    </p>
   </div>
   <div class='ocr_carea' id='block_1_74' title="bbox 272 4308 1088 4380">
    <p class='ocr_par' dir='ltr' id='par_1_74' title="bbox 272 4308 1088 4380">
     <span class='ocr_line' id='line_1_74' title="bbox 272 4308 1088 4380; baseline 0.004 -19"><span class='ocrx_word' id='word_1_538' title='bbox 272 4308 744 4374; x_wconf 72' lang='grc' dir='ltr'>ἑπισυλλογίζεται</span> <span class='ocrx_word' id='word_1_539' title='bbox 778 4309 1088 4380; x_wconf 86' lang='grc' dir='ltr'>προσώπου.</span> 
     </span>
    </p>
   </div>
   <div class='ocr_carea' id='block_1_75' title="bbox 1961 3209 3524 3273">
    <p class='ocr_par' dir='ltr' id='par_1_75' title="bbox 1961 3209 3524 3273">
     <span class='ocr_line' id='line_1_75' title="bbox 1961 3209 3524 3273; baseline 0.005 -8"><span class='ocrx_word' id='word_1_540' title='bbox 1961 3210 2264 3265; x_wconf 90' lang='lat' dir='ltr'><strong>ciscuntur.</strong></span> <span class='ocrx_word' id='word_1_541' title='bbox 2322 3209 2492 3264; x_wconf 89' lang='lat' dir='ltr'><strong>Porro</strong></span> <span class='ocrx_word' id='word_1_542' title='bbox 2546 3209 2689 3268; x_wconf 85' lang='lat' dir='ltr'><strong>Deus</strong></span> <span class='ocrx_word' id='word_1_543' title='bbox 2754 3212 2856 3268; x_wconf 93' lang='lat' dir='ltr'><strong>hos</strong></span> <span class='ocrx_word' id='word_1_544' title='bbox 2891 3213 3054 3268; x_wconf 89' lang='lat' dir='ltr'><strong>etiam</strong></span> <span class='ocrx_word' id='word_1_545' title='bbox 3120 3215 3386 3272; x_wconf 80' lang='lat' dir='ltr'><strong>beneﬁcio</strong></span> <span class='ocrx_word' id='word_1_546' title='bbox 3439 3218 3524 3273; x_wconf 83' lang='lat' dir='ltr'><strong>af-</strong></span> 
     </span>
    </p>
   </div>
   <div class='ocr_carea' id='block_1_76' title="bbox 1959 3299 3525 3372">
    <p class='ocr_par' dir='ltr' id='par_1_76' title="bbox 1959 3299 3525 3372">
     <span class='ocr_line' id='line_1_76' title="bbox 1959 3299 3525 3372; baseline 0.004 -17"><span class='ocrx_word' id='word_1_547' title='bbox 1959 3300 2186 3365; x_wconf 79' lang='lat' dir='ltr'><strong>ﬁciens,</strong></span> <span class='ocrx_word' id='word_1_548' title='bbox 2233 3299 2440 3369; x_wconf 87' lang='lat' dir='ltr'><strong>justam</strong></span> <span class='ocrx_word' id='word_1_549' title='bbox 2500 3301 2663 3356; x_wconf 85' lang='lat' dir='ltr'><strong>habet</strong></span> <span class='ocrx_word' id='word_1_550' title='bbox 2723 3301 2776 3354; x_wconf 93' lang='lat' dir='ltr'><strong>in</strong></span> <span class='ocrx_word' id='word_1_551' title='bbox 2828 3302 2908 3357; x_wconf 90' lang='lat' dir='ltr'><strong>eis</strong></span> <span class='ocrx_word' id='word_1_552' title='bbox 2962 3303 3274 3372; x_wconf 88' lang='lat' dir='ltr'><strong>judicandis</strong></span> <span class='ocrx_word' id='word_1_553' title='bbox 3333 3305 3525 3362; x_wconf 88' lang='lat' dir='ltr'><strong>defen-</strong></span> 
     </span>
    </p>
   </div>
   <div class='ocr_carea' id='block_1_77' title="bbox 1956 3390 3522 3468">
    <p class='ocr_par' dir='ltr' id='par_1_77' title="bbox 1956 3390 3522 3468">
     <span class='ocr_line' id='line_1_77' title="bbox 1956 3390 3522 3468; baseline 0.006 -23"><span class='ocrx_word' id='word_1_554' title='bbox 1956 3391 2193 3454; x_wconf 86' lang='lat' dir='ltr'><strong>sionem,</strong></span> <span class='ocrx_word' id='word_1_555' title='bbox 2223 3390 2371 3460; x_wconf 90' lang='lat' dir='ltr'><strong>quod</strong></span> <span class='ocrx_word' id='word_1_556' title='bbox 2412 3391 2562 3444; x_wconf 89' lang='lat' dir='ltr'><strong>omni</strong></span> <span class='ocrx_word' id='word_1_557' title='bbox 2615 3391 2826 3446; x_wconf 88' lang='lat' dir='ltr'><strong>ratione</strong></span> <span class='ocrx_word' id='word_1_558' title='bbox 2873 3407 3064 3447; x_wconf 90' lang='lat' dir='ltr'><strong>eorum</strong></span> <span class='ocrx_word' id='word_1_559' title='bbox 3113 3409 3300 3449; x_wconf 91' lang='lat' dir='ltr'><strong>curam</strong></span> <span class='ocrx_word' id='word_1_560' title='bbox 3346 3407 3522 3468; x_wconf 86' lang='lat' dir='ltr'><strong>gerat.</strong></span> 
     </span>
    </p>
   </div>
   <div class='ocr_carea' id='block_1_78' title="bbox 1958 3479 3523 3558">
    <p class='ocr_par' dir='ltr' id='par_1_78' title="bbox 1958 3479 3523 3558">
     <span class='ocr_line' id='line_1_78' title="bbox 1958 3479 3523 3558; baseline 0.005 -22"><span class='ocrx_word' id='word_1_561' title='bbox 1958 3479 2052 3536; x_wconf 90' lang='lat' dir='ltr'><strong>Sic</strong></span> <span class='ocrx_word' id='word_1_562' title='bbox 2076 3482 2242 3536; x_wconf 91' lang='lat' dir='ltr'><strong>etiam</strong></span> <span class='ocrx_word' id='word_1_563' title='bbox 2269 3481 2482 3536; x_wconf 84' lang='lat' dir='ltr'><strong>(licebat</strong></span> <span class='ocrx_word' id='word_1_564' title='bbox 2517 3481 2582 3536; x_wconf 89' lang='lat' dir='ltr'><strong>ad</strong></span> <span class='ocrx_word' id='word_1_565' title='bbox 2625 3480 2879 3536; x_wconf 89' lang='lat' dir='ltr'><strong>lsraelem</strong></span> <span class='ocrx_word' id='word_1_566' title='bbox 2915 3498 2928 3534; x_wconf 92' lang='lat'>:</span> <span class='ocrx_word' id='word_1_567' title='bbox 2973 3501 2992 3535; x_wconf 84' lang='grc' dir='ltr'><strong>ι</strong></span> <span class='ocrx_word' id='word_1_568' title='bbox 3034 3484 3240 3554; x_wconf 83' lang='lat' dir='ltr'><strong>Popule</strong></span> <span class='ocrx_word' id='word_1_569' title='bbox 3270 3487 3365 3552; x_wconf 87' lang='lat' dir='ltr'><strong>mi,</strong></span> <span class='ocrx_word' id='word_1_570' title='bbox 3390 3490 3523 3558; x_wconf 74' lang='lat' dir='ltr'><strong>quid</strong></span> 
     </span>
    </p>
   </div>
   <div class='ocr_carea' id='block_1_79' title="bbox 1956 3574 3525 3643">
    <p class='ocr_par' dir='ltr' id='par_1_79' title="bbox 1956 3574 3525 3643">
     <span class='ocr_line' id='line_1_79' title="bbox 1956 3574 3525 3643; baseline 0.003 -13"><span class='ocrx_word' id='word_1_571' title='bbox 1956 3575 2060 3630; x_wconf 87' lang='lat' dir='ltr'><strong>feci</strong></span> <span class='ocrx_word' id='word_1_572' title='bbox 2103 3574 2244 3628; x_wconf 80' lang='lat' dir='ltr'><strong>tibi?</strong></span> <span class='ocrx_word' id='word_1_573' title='bbox 2274 3576 2356 3628; x_wconf 86' lang='lat' dir='ltr'><strong>vel</strong></span> <span class='ocrx_word' id='word_1_574' title='bbox 2406 3589 2514 3643; x_wconf 86' lang='lat' dir='ltr'><strong>qua</strong></span> <span class='ocrx_word' id='word_1_575' title='bbox 2545 3581 2598 3629; x_wconf 90' lang='lat' dir='ltr'><strong>te</strong></span> <span class='ocrx_word' id='word_1_576' title='bbox 2637 3574 2862 3630; x_wconf 86' lang='lat' dir='ltr'><strong>tristitia</strong></span> <span class='ocrx_word' id='word_1_577' title='bbox 2894 3583 2989 3629; x_wconf 89' lang='lat' dir='ltr'><strong>aut</strong></span> <span class='ocrx_word' id='word_1_578' title='bbox 3040 3577 3291 3633; x_wconf 90' lang='lat' dir='ltr'><strong>molestia</strong></span> <span class='ocrx_word' id='word_1_579' title='bbox 3336 3579 3525 3636; x_wconf 80' lang='lat' dir='ltr'><strong>atfeci?</strong></span> 
     </span>
    </p>
   </div>
   <div class='ocr_carea' id='block_1_80' title="bbox 1956 3661 3523 3735">
    <p class='ocr_par' dir='ltr' id='par_1_80' title="bbox 1956 3661 3523 3735">
     <span class='ocr_line' id='line_1_80' title="bbox 1956 3661 3523 3735; baseline 0.003 -13"><span class='ocrx_word' id='word_1_580' title='bbox 1956 3664 2227 3735; x_wconf 88' lang='lat' dir='ltr'><strong>responde</strong></span> <span class='ocrx_word' id='word_1_581' title='bbox 2278 3664 2409 3718; x_wconf 89' lang='lat' dir='ltr'><strong>mihi</strong></span> <span class='ocrx_word' id='word_1_582' title='bbox 2453 3673 2501 3719; x_wconf 80' lang='grc' dir='ltr'>ι.</span> <span class='ocrx_word' id='word_1_583' title='bbox 2571 3682 2589 3715; x_wconf 76' lang='grc' dir='ltr'><strong>ι</strong></span> <span class='ocrx_word' id='word_1_584' title='bbox 2649 3661 2858 3720; x_wconf 87' lang='lat' dir='ltr'><strong>Deinde</strong></span> <span class='ocrx_word' id='word_1_585' title='bbox 2917 3665 3197 3735; x_wconf 83' lang='lat' dir='ltr'><strong>sigillatim</strong></span> <span class='ocrx_word' id='word_1_586' title='bbox 3258 3669 3523 3726; x_wconf 79' lang='lat' dir='ltr'><strong>beneﬁcia</strong></span> 
     </span>
    </p>
   </div>
   <div class='ocr_carea' id='block_1_81' title="bbox 1957 3753 3524 3828">
    <p class='ocr_par' dir='ltr' id='par_1_81' title="bbox 1957 3753 3524 3828">
     <span class='ocr_line' id='line_1_81' title="bbox 1957 3753 3524 3828; baseline 0.003 -16"><span class='ocrx_word' id='word_1_587' title='bbox 1957 3763 2368 3812; x_wconf 84' lang='lat' dir='ltr'><strong>commemorat.</strong></span> <span class='ocrx_word' id='word_1_588' title='bbox 2397 3755 2474 3809; x_wconf 89' lang='lat' dir='ltr'><strong>Ita</strong></span> <span class='ocrx_word' id='word_1_589' title='bbox 2497 3761 2550 3810; x_wconf 93' lang='lat' dir='ltr'><strong>et</strong></span> <span class='ocrx_word' id='word_1_590' title='bbox 2578 3769 2674 3825; x_wconf 85' lang='lat' dir='ltr'><strong>per</strong></span> <span class='ocrx_word' id='word_1_591' title='bbox 2697 3753 2986 3811; x_wconf 87' lang='lat' dir='ltr'><strong>Jeremiam</strong></span> <span class='ocrx_word' id='word_1_592' title='bbox 3014 3758 3218 3814; x_wconf 90' lang='lat' dir='ltr'><strong>clamat</strong></span> <span class='ocrx_word' id='word_1_593' title='bbox 3245 3779 3258 3815; x_wconf 91' lang='lat'><strong>:</strong></span> <span class='ocrx_word' id='word_1_594' title='bbox 3287 3780 3307 3813; x_wconf 82' lang='grc' dir='ltr'><strong>ι</strong></span> <span class='ocrx_word' id='word_1_595' title='bbox 3340 3761 3524 3828; x_wconf 83' lang='lat' dir='ltr'><strong>Quod-</strong></span> 
     </span>
    </p>
   </div>
   <div class='ocr_carea' id='block_1_82' title="bbox 1958 3846 3518 3920">
    <p class='ocr_par' dir='ltr' id='par_1_82' title="bbox 1958 3846 3518 3920">
     <span class='ocr_line' id='line_1_82' title="bbox 1958 3846 3518 3920; baseline 0.003 -17"><span class='ocrx_word' id='word_1_596' title='bbox 1958 3865 2082 3904; x_wconf 90' lang='lat' dir='ltr'><strong>nam</strong></span> <span class='ocrx_word' id='word_1_597' title='bbox 2129 3847 2390 3904; x_wconf 91' lang='lat' dir='ltr'><strong>delictum</strong></span> <span class='ocrx_word' id='word_1_598' title='bbox 2446 3846 2501 3901; x_wconf 93' lang='lat' dir='ltr'><strong>in</strong></span> <span class='ocrx_word' id='word_1_599' title='bbox 2555 3861 2642 3901; x_wconf 90' lang='lat' dir='ltr'><strong>me</strong></span> <span class='ocrx_word' id='word_1_600' title='bbox 2693 3846 3020 3902; x_wconf 88' lang='lat' dir='ltr'><strong>invenerunt</strong></span> <span class='ocrx_word' id='word_1_601' title='bbox 3074 3859 3255 3920; x_wconf 89' lang='lat' dir='ltr'><strong>patres</strong></span> <span class='ocrx_word' id='word_1_602' title='bbox 3308 3854 3518 3917; x_wconf 86' lang='lat' dir='ltr'><strong>vestri,</strong></span> 
     </span>
    </p>
   </div>
   <div class='ocr_carea' id='block_1_83' title="bbox 1954 3941 3520 4014">
    <p class='ocr_par' dir='ltr' id='par_1_83' title="bbox 1954 3941 3520 4014">
     <span class='ocr_line' id='line_1_83' title="bbox 1954 3941 3520 4014; baseline 0.003 -17"><span class='ocrx_word' id='word_1_603' title='bbox 1954 3943 2099 4014; x_wconf 87' lang='lat' dir='ltr'><strong>quod</strong></span> <span class='ocrx_word' id='word_1_604' title='bbox 2147 3943 2306 4012; x_wconf 85' lang='lat' dir='ltr'><strong>longe</strong></span> <span class='ocrx_word' id='word_1_605' title='bbox 2335 3955 2364 3994; x_wconf 91' lang='lat' dir='ltr'><strong>a</strong></span> <span class='ocrx_word' id='word_1_606' title='bbox 2415 3955 2501 3996; x_wconf 90' lang='lat' dir='ltr'><strong>me</strong></span> <span class='ocrx_word' id='word_1_607' title='bbox 2551 3941 2906 4005; x_wconf 84' lang='lat' dir='ltr'><strong>recesserint,</strong></span> <span class='ocrx_word' id='word_1_608' title='bbox 2944 3948 2998 3996; x_wconf 96' lang='lat' dir='ltr'><strong>et</strong></span> <span class='ocrx_word' id='word_1_609' title='bbox 3043 3955 3183 3997; x_wconf 86' lang='lat' dir='ltr'><strong>vana</strong></span> <span class='ocrx_word' id='word_1_610' title='bbox 3232 3945 3429 4011; x_wconf 86' lang='lat' dir='ltr'><strong>secuti,</strong></span> <span class='ocrx_word' id='word_1_611' title='bbox 3465 3954 3520 4001; x_wconf 90' lang='lat' dir='ltr'><strong>et</strong></span> 
     </span>
    </p>
   </div>
   <div class='ocr_carea' id='block_1_84' title="bbox 1954 4030 3518 4104">
    <p class='ocr_par' dir='ltr' id='par_1_84' title="bbox 1954 4030 3518 4104">
     <span class='ocr_line' id='line_1_84' title="bbox 1954 4030 3518 4104; baseline 0 -14"><span class='ocrx_word' id='word_1_612' title='bbox 1954 4037 2079 4091; x_wconf 81' lang='lat' dir='ltr'><strong>vani</strong></span> <span class='ocrx_word' id='word_1_613' title='bbox 2140 4034 2268 4089; x_wconf 87' lang='lat' dir='ltr'><strong>l‘acti</strong></span> <span class='ocrx_word' id='word_1_614' title='bbox 2330 4031 2628 4087; x_wconf 69' lang='lat' dir='ltr'><strong>fuerinta?</strong></span> <span class='ocrx_word' id='word_1_615' title='bbox 2659 4050 2678 4082; x_wconf 73' lang='grc' dir='ltr'><strong>ι</strong></span> <span class='ocrx_word' id='word_1_616' title='bbox 2719 4030 2784 4087; x_wconf 82' lang='grc' dir='ltr'>Ει.</span> <span class='ocrx_word' id='word_1_617' title='bbox 2835 4047 3033 4089; x_wconf 86' lang='lat' dir='ltr'><strong>rursus</strong></span> <span class='ocrx_word' id='word_1_618' title='bbox 3084 4034 3297 4104; x_wconf 80' lang='lat' dir='ltr'><strong>profert</strong></span> <span class='ocrx_word' id='word_1_619' title='bbox 3355 4037 3518 4092; x_wconf 84' lang='lat' dir='ltr'><strong>bene-</strong></span> 
     </span>
    </p>
   </div>
   <div class='ocr_carea' id='block_1_85' title="bbox 1956 4121 3516 4194">
    <p class='ocr_par' dir='ltr' id='par_1_85' title="bbox 1956 4121 3516 4194">
     <span class='ocr_line' id='line_1_85' title="bbox 1956 4121 3516 4194; baseline 0 -12"><span class='ocrx_word' id='word_1_620' title='bbox 1956 4129 2203 4182; x_wconf 76' lang='lat' dir='ltr'><strong>ﬁciorum</strong></span> <span class='ocrx_word' id='word_1_621' title='bbox 2269 4125 2596 4194; x_wconf 87' lang='lat' dir='ltr'><strong>catalogum.</strong></span> <span class='ocrx_word' id='word_1_622' title='bbox 2660 4121 2893 4178; x_wconf 86' lang='lat' dir='ltr'><strong>Divinus</strong></span> <span class='ocrx_word' id='word_1_623' title='bbox 2955 4131 3133 4179; x_wconf 88' lang='lat' dir='ltr'><strong>autem</strong></span> <span class='ocrx_word' id='word_1_624' title='bbox 3183 4125 3516 4194; x_wconf 83' lang='lat' dir='ltr'><strong>Apostolus.</strong></span> 
     </span>
    </p>
   </div>
   <div class='ocr_carea' id='block_1_86' title="bbox 1956 4213 3516 4285">
    <p class='ocr_par' dir='ltr' id='par_1_86' title="bbox 1956 4213 3516 4285">
     <span class='ocr_line' id='line_1_86' title="bbox 1956 4213 3516 4285; baseline -0.002 -15"><span class='ocrx_word' id='word_1_625' title='bbox 1956 4225 2214 4285; x_wconf 90' lang='lat' dir='ltr'><strong>tanquam</strong></span> <span class='ocrx_word' id='word_1_626' title='bbox 2251 4229 2317 4270; x_wconf 83' lang='lat' dir='ltr'><strong>ex</strong></span> <span class='ocrx_word' id='word_1_627' title='bbox 2367 4213 2806 4268; x_wconf 86' lang='lat' dir='ltr'><strong>adversariorum</strong></span> <span class='ocrx_word' id='word_1_628' title='bbox 2839 4225 3107 4281; x_wconf 87' lang='lat' dir='ltr'><strong>persona,</strong></span> <span class='ocrx_word' id='word_1_629' title='bbox 3144 4213 3516 4282; x_wconf 82' lang='lat' dir='ltr'><strong>syllogismum</strong></span> 
     </span>
    </p>
   </div>
   <div class='ocr_carea' id='block_1_87' title="bbox 1953 4307 2182 4362">
    <p class='ocr_par' dir='ltr' id='par_1_87' title="bbox 1953 4307 2182 4362">
     <span class='ocr_line' id='line_1_87' title="bbox 1953 4307 2182 4362; baseline -0.013 0"><span class='ocrx_word' id='word_1_630' title='bbox 1953 4307 2182 4362; x_wconf 82' lang='lat' dir='ltr'><strong>inducit.</strong></span> 
     </span>
    </p>
   </div>
   <div class='ocr_carea' id='block_1_88' title="bbox 349 4389 1856 4473">
    <p class='ocr_par' dir='ltr' id='par_1_88' title="bbox 349 4401 1850 4473">
     <span class='ocr_line' id='line_1_88' title="bbox 349 4401 1850 4473; baseline 0 -16"><span class='ocrx_word' id='word_1_631' title='bbox 349 4405 410 4462; x_wconf 83' lang='grc' dir='ltr'>ε’,</span> <span class='ocrx_word' id='word_1_632' title='bbox 443 4406 517 4464; x_wconf 80' lang='grc' dir='ltr'><strong>ς’.</strong></span> <span class='ocrx_word' id='word_1_633' title='bbox 570 4403 636 4455; x_wconf 81' lang='lat' dir='ltr'><strong>Ei</strong></span> <span class='ocrx_word' id='word_1_634' title='bbox 681 4401 750 4454; x_wconf 84' lang='grc' dir='ltr'><strong>δὲ</strong></span> <span class='ocrx_word' id='word_1_635' title='bbox 799 4401 1000 4456; x_wconf 77' lang='grc' dir='ltr'>ἀδικία</span> <span class='ocrx_word' id='word_1_636' title='bbox 1047 4401 1216 4469; x_wconf 71' lang='grc' dir='ltr'>ἡμῶν</span> <span class='ocrx_word' id='word_1_637' title='bbox 1258 4404 1405 4457; x_wconf 82' lang='grc' dir='ltr'>Θεοῦ</span> <span class='ocrx_word' id='word_1_638' title='bbox 1453 4405 1850 4473; x_wconf 77' lang='grc' dir='ltr'>δικαιοσύνην</span> 
     </span>
    </p>
   </div>
   <div class='ocr_carea' id='block_1_89' title="bbox 1957 4389 3518 4473">
    <p class='ocr_par' dir='ltr' id='par_1_89' title="bbox 2026 4389 3518 4462">
     <span class='ocr_line' id='line_1_89' title="bbox 2026 4389 3518 4462; baseline -0.005 -11"><span class='ocrx_word' id='word_1_639' title='bbox 2026 4397 2184 4452; x_wconf 73' lang='lat' dir='ltr'><strong>Vnus.</strong></span> <span class='ocrx_word' id='word_1_640' title='bbox 2225 4397 2276 4462; x_wconf 82' lang='lat'><strong>5,</strong></span> <span class='ocrx_word' id='word_1_641' title='bbox 2309 4396 2361 4451; x_wconf 89' lang='lat'><strong>6.</strong></span> <span class='ocrx_word' id='word_1_642' title='bbox 2392 4395 2490 4450; x_wconf 87' lang='lat' dir='ltr'><strong>Sin</strong></span> <span class='ocrx_word' id='word_1_643' title='bbox 2514 4403 2689 4448; x_wconf 84' lang='lat' dir='ltr'><strong>autem</strong></span> <span class='ocrx_word' id='word_1_644' title='bbox 2721 4400 2904 4445; x_wconf 84' lang='lat' dir='ltr'><strong>nostra</strong></span> <span class='ocrx_word' id='word_1_645' title='bbox 2936 4390 3188 4458; x_wconf 84' lang='lat' dir='ltr'><strong>iniquitas</strong></span> <span class='ocrx_word' id='word_1_646' title='bbox 3225 4389 3319 4444; x_wconf 86' lang='lat' dir='ltr'><strong>Dei</strong></span> <span class='ocrx_word' id='word_1_647' title='bbox 3355 4391 3518 4458; x_wconf 86' lang='lat' dir='ltr'><strong>justi-</strong></span> 
     </span>
    </p>
   </div>
   <div class='ocr_carea' id='block_1_90' title="bbox 273 4479 1856 4562">
    <p class='ocr_par' dir='ltr' id='par_1_90' title="bbox 273 4491 1846 4562">
     <span class='ocr_line' id='line_1_90' title="bbox 273 4491 1846 4562; baseline 0.003 -17"><span class='ocrx_word' id='word_1_648' title='bbox 273 4491 627 4558; x_wconf 78' lang='grc' dir='ltr'>συνίστησι,</span> <span class='ocrx_word' id='word_1_649' title='bbox 659 4492 716 4546; x_wconf 81' lang='grc' dir='ltr'><strong>τί</strong></span> <span class='ocrx_word' id='word_1_650' title='bbox 743 4492 1022 4561; x_wconf 77' lang='grc' dir='ltr'>ὲροῦμεν;</span> <span class='ocrx_word' id='word_1_651' title='bbox 1058 4491 1154 4558; x_wconf 81' lang='grc' dir='ltr'><strong>Μὴ</strong></span> <span class='ocrx_word' id='word_1_652' title='bbox 1181 4491 1388 4559; x_wconf 74' lang='grc' dir='ltr'>ἄδικος</span> <span class='ocrx_word' id='word_1_653' title='bbox 1415 4498 1448 4547; x_wconf 84' lang='grc' dir='ltr'><em>ὁ</em></span> <span class='ocrx_word' id='word_1_654' title='bbox 1479 4495 1622 4562; x_wconf 80' lang='grc' dir='ltr'>Θεὸς</span> <span class='ocrx_word' id='word_1_655' title='bbox 1648 4499 1680 4549; x_wconf 81' lang='grc' dir='ltr'><em>ὁ</em></span> <span class='ocrx_word' id='word_1_656' title='bbox 1719 4497 1846 4550; x_wconf 82' lang='grc' dir='ltr'>ἐπι-</span> 
     </span>
    </p>
   </div>
   <div class='ocr_carea' id='block_1_91' title="bbox 1957 4479 3518 4562">
    <p class='ocr_par' dir='ltr' id='par_1_91' title="bbox 1957 4479 3518 4554">
     <span class='ocr_line' id='line_1_91' title="bbox 1957 4479 3518 4554; baseline -0.007 -9"><span class='ocrx_word' id='word_1_657' title='bbox 1957 4492 2082 4545; x_wconf 86' lang='lat' dir='ltr'><strong>tiam</strong></span> <span class='ocrx_word' id='word_1_658' title='bbox 2129 4487 2494 4549; x_wconf 83' lang='lat' dir='ltr'><strong>commendat,</strong></span> <span class='ocrx_word' id='word_1_659' title='bbox 2538 4482 2664 4554; x_wconf 82' lang='lat' dir='ltr'><strong>quid</strong></span> <span class='ocrx_word' id='word_1_660' title='bbox 2701 4481 2976 4534; x_wconf 79' lang='lat' dir='ltr'><strong>dicemus?</strong></span> <span class='ocrx_word' id='word_1_661' title='bbox 3012 4479 3263 4549; x_wconf 84' lang='lat' dir='ltr'><strong>Nunquid</strong></span> <span class='ocrx_word' id='word_1_662' title='bbox 3309 4481 3518 4551; x_wconf 81' lang='lat' dir='ltr'><strong>iniquus</strong></span> 
     </span>
    </p>
   </div>
   <div class='ocr_carea' id='block_1_92' title="bbox 271 4571 1856 4656">
    <p class='ocr_par' dir='ltr' id='par_1_92' title="bbox 271 4581 1846 4656">
     <span class='ocr_line' id='line_1_92' title="bbox 271 4581 1846 4656; baseline 0.004 -21"><span class='ocrx_word' id='word_1_663' title='bbox 271 4583 474 4652; x_wconf 66' lang='grc' dir='ltr'>φέρων</span> <span class='ocrx_word' id='word_1_664' title='bbox 508 4581 624 4651; x_wconf 76' lang='grc' dir='ltr'><strong>τὴν</strong></span> <span class='ocrx_word' id='word_1_665' title='bbox 672 4584 891 4653; x_wconf 71' lang='grc' dir='ltr'>ὀργήν;</span> <span class='ocrx_word' id='word_1_666' title='bbox 944 4583 1104 4638; x_wconf 84' lang='grc' dir='ltr'>Κατὰ</span> <span class='ocrx_word' id='word_1_667' title='bbox 1151 4583 1466 4654; x_wconf 78' lang='grc' dir='ltr'>ἄνθρωπον</span> <span class='ocrx_word' id='word_1_668' title='bbox 1519 4585 1692 4655; x_wconf 77' lang='grc' dir='ltr'>λέγω.</span> <span class='ocrx_word' id='word_1_669' title='bbox 1751 4588 1846 4656; x_wconf 78' lang='grc' dir='ltr'><strong>Μὴ</strong></span> 
     </span>
    </p>
   </div>
   <div class='ocr_carea' id='block_1_93' title="bbox 1957 4571 3513 4656">
    <p class='ocr_par' dir='ltr' id='par_1_93' title="bbox 1957 4571 3513 4649">
     <span class='ocr_line' id='line_1_93' title="bbox 1957 4571 3513 4649; baseline -0.007 -10"><span class='ocrx_word' id='word_1_670' title='bbox 1957 4593 2029 4638; x_wconf 84' lang='lat' dir='ltr'><strong>est</strong></span> <span class='ocrx_word' id='word_1_671' title='bbox 2071 4582 2209 4637; x_wconf 85' lang='lat' dir='ltr'><strong>Deus</strong></span> <span class='ocrx_word' id='word_1_672' title='bbox 2246 4580 2334 4649; x_wconf 84' lang='lat' dir='ltr'><strong>qui</strong></span> <span class='ocrx_word' id='word_1_673' title='bbox 2369 4576 2531 4646; x_wconf 77' lang='lat' dir='ltr'><strong>infert</strong></span> <span class='ocrx_word' id='word_1_674' title='bbox 2566 4575 2740 4628; x_wconf 81' lang='lat' dir='ltr'><strong>iram?</strong></span> <span class='ocrx_word' id='word_1_675' title='bbox 2765 4571 3050 4626; x_wconf 82' lang='lat' dir='ltr'><strong>secundum</strong></span> <span class='ocrx_word' id='word_1_676' title='bbox 3082 4571 3342 4626; x_wconf 83' lang='lat' dir='ltr'><strong>hominem</strong></span> <span class='ocrx_word' id='word_1_677' title='bbox 3375 4573 3513 4628; x_wconf 85' lang='lat' dir='ltr'><strong>dico.</strong></span> 
     </span>
    </p>
   </div>
   <div class='ocr_carea' id='block_1_94' title="bbox 270 4666 1856 4751">
    <p class='ocr_par' dir='ltr' id='par_1_94' title="bbox 270 4673 1848 4751">
     <span class='ocr_line' id='line_1_94' title="bbox 270 4673 1848 4751; baseline 0.003 -25"><span class='ocrx_word' id='word_1_678' title='bbox 270 4673 529 4742; x_wconf 77' lang='grc' dir='ltr'>γένοιτο.</span> <span class='ocrx_word' id='word_1_679' title='bbox 575 4673 909 4742; x_wconf 77' lang='grc' dir='ltr'>’Δναγκαίως</span> <span class='ocrx_word' id='word_1_680' title='bbox 946 4675 1044 4746; x_wconf 78' lang='grc' dir='ltr'>τὴν</span> <span class='ocrx_word' id='word_1_681' title='bbox 1072 4676 1162 4744; x_wconf 83' lang='grc' dir='ltr'><strong>ὑφ’</strong></span> <span class='ocrx_word' id='word_1_682' title='bbox 1199 4677 1401 4748; x_wconf 82' lang='grc' dir='ltr'>ἑτέρων</span> <span class='ocrx_word' id='word_1_683' title='bbox 1431 4679 1848 4751; x_wconf 71' lang='grc' dir='ltr'>προφερομένην</span> 
     </span>
    </p>
   </div>
   <div class='ocr_carea' id='block_1_95' title="bbox 1957 4666 3518 4751">
    <p class='ocr_par' dir='ltr' id='par_1_95' title="bbox 1957 4666 3518 4738">
     <span class='ocr_line' id='line_1_95' title="bbox 1957 4666 3518 4738; baseline -0.006 -8"><span class='ocrx_word' id='word_1_684' title='bbox 1957 4675 2124 4730; x_wconf 79' lang='lat' dir='ltr'><strong>Absit.</strong></span> <span class='ocrx_word' id='word_1_685' title='bbox 2167 4670 2488 4727; x_wconf 83' lang='lat' dir='ltr'><strong>Necessario</strong></span> <span class='ocrx_word' id='word_1_686' title='bbox 2545 4667 2730 4738; x_wconf 92' lang='lat' dir='ltr'><strong>posuit</strong></span> <span class='ocrx_word' id='word_1_687' title='bbox 2785 4666 3222 4737; x_wconf 88' lang='lat' dir='ltr'><strong>oppositionem,</strong></span> <span class='ocrx_word' id='word_1_688' title='bbox 3273 4681 3396 4736; x_wconf 68' lang='lat' dir='ltr'><strong>quae</strong></span> <span class='ocrx_word' id='word_1_689' title='bbox 3447 4667 3518 4721; x_wconf 86' lang='lat' dir='ltr'><strong>ab</strong></span> 
     </span>
    </p>
   </div>
   <div class='ocr_carea' id='block_1_96' title="bbox 273 4756 1856 4840">
    <p class='ocr_par' dir='ltr' id='par_1_96' title="bbox 273 4762 1848 4840">
     <span class='ocr_line' id='line_1_96' title="bbox 273 4762 1848 4840; baseline 0.005 -24"><span class='ocrx_word' id='word_1_690' title='bbox 273 4762 554 4817; x_wconf 84' lang='grc' dir='ltr'>ἀντίθεσιν</span> <span class='ocrx_word' id='word_1_691' title='bbox 576 4765 823 4832; x_wconf 72' lang='grc' dir='ltr'>τέθεικε,</span> <span class='ocrx_word' id='word_1_692' title='bbox 877 4768 971 4820; x_wconf 73' lang='grc' dir='ltr'>καὶ</span> <span class='ocrx_word' id='word_1_693' title='bbox 1001 4770 1064 4838; x_wconf 83' lang='grc' dir='ltr'>τῇ</span> <span class='ocrx_word' id='word_1_694' title='bbox 1116 4769 1488 4840; x_wconf 83' lang='grc' dir='ltr'>ἀπαγορεύσει</span> <span class='ocrx_word' id='word_1_695' title='bbox 1543 4770 1604 4822; x_wconf 78' lang='grc' dir='ltr'>τὸ</span> <span class='ocrx_word' id='word_1_696' title='bbox 1648 4770 1848 4824; x_wconf 81' lang='grc' dir='ltr'>ἄτοπον</span> 
     </span>
    </p>
   </div>
   <div class='ocr_carea' id='block_1_97' title="bbox 1957 4756 3518 4840">
    <p class='ocr_par' dir='ltr' id='par_1_97' title="bbox 1957 4756 3518 4830">
     <span class='ocr_line' id='line_1_97' title="bbox 1957 4756 3518 4830; baseline -0.007 -9"><span class='ocrx_word' id='word_1_697' title='bbox 1957 4766 2076 4821; x_wconf 87' lang='lat' dir='ltr'><strong>aliis</strong></span> <span class='ocrx_word' id='word_1_698' title='bbox 2127 4762 2394 4827; x_wconf 80' lang='lat' dir='ltr'><strong>affertur,</strong></span> <span class='ocrx_word' id='word_1_699' title='bbox 2449 4768 2503 4816; x_wconf 92' lang='lat' dir='ltr'><strong>et</strong></span> <span class='ocrx_word' id='word_1_700' title='bbox 2568 4758 2862 4830; x_wconf 88' lang='lat' dir='ltr'><strong>negatione</strong></span> <span class='ocrx_word' id='word_1_701' title='bbox 2926 4773 3091 4828; x_wconf 90' lang='lat' dir='ltr'><strong>quam</strong></span> <span class='ocrx_word' id='word_1_702' title='bbox 3143 4757 3215 4812; x_wconf 92' lang='lat' dir='ltr'><strong>sit</strong></span> <span class='ocrx_word' id='word_1_703' title='bbox 3278 4756 3518 4811; x_wconf 88' lang='lat' dir='ltr'><strong>absurda</strong></span> 
     </span>
    </p>
   </div>
   <div class='ocr_carea' id='block_1_98' title="bbox 271 4845 1856 4928">
    <p class='ocr_par' dir='ltr' id='par_1_98' title="bbox 271 4855 1847 4928">
     <span class='ocr_line' id='line_1_98' title="bbox 271 4855 1847 4928; baseline 0.004 -20"><span class='ocrx_word' id='word_1_704' title='bbox 271 4855 498 4921; x_wconf 76' lang='grc' dir='ltr'>ἔδειξεν.</span> <span class='ocrx_word' id='word_1_705' title='bbox 528 4855 602 4910; x_wconf 83' lang='grc' dir='ltr'><strong>οὐ</strong></span> <span class='ocrx_word' id='word_1_706' title='bbox 636 4857 745 4926; x_wconf 83' lang='grc' dir='ltr'>γὰρ</span> <span class='ocrx_word' id='word_1_707' title='bbox 774 4855 916 4926; x_wconf 73' lang='grc' dir='ltr'>ἐγὼ,</span> <span class='ocrx_word' id='word_1_708' title='bbox 949 4859 1113 4928; x_wconf 64' lang='grc' dir='ltr'>φησι,</span> <span class='ocrx_word' id='word_1_709' title='bbox 1146 4859 1318 4914; x_wconf 89' lang='grc' dir='ltr'>ταῦτα</span> <span class='ocrx_word' id='word_1_710' title='bbox 1357 4861 1520 4928; x_wconf 85' lang='grc' dir='ltr'>λέγω,</span> <span class='ocrx_word' id='word_1_711' title='bbox 1555 4860 1688 4915; x_wconf 76' lang='grc' dir='ltr'>ἀλλὰ</span> <span class='ocrx_word' id='word_1_712' title='bbox 1719 4863 1847 4924; x_wconf 78' lang='grc' dir='ltr'>τοὺς</span> 
     </span>
    </p>
   </div>
   <div class='ocr_carea' id='block_1_99' title="bbox 1957 4845 3516 4928">
    <p class='ocr_par' dir='ltr' id='par_1_99' title="bbox 1957 4845 3516 4920">
     <span class='ocr_line' id='line_1_99' title="bbox 1957 4845 3516 4920; baseline -0.009 -7"><span class='ocrx_word' id='word_1_713' title='bbox 1957 4854 2219 4913; x_wconf 83' lang='lat' dir='ltr'><strong>ostendit.</strong></span> <span class='ocrx_word' id='word_1_714' title='bbox 2245 4851 2366 4908; x_wconf 87' lang='lat' dir='ltr'><strong>Non</strong></span> <span class='ocrx_word' id='word_1_715' title='bbox 2397 4851 2570 4917; x_wconf 89' lang='lat' dir='ltr'><strong>enim,</strong></span> <span class='ocrx_word' id='word_1_716' title='bbox 2603 4849 2802 4920; x_wconf 87' lang='lat' dir='ltr'><strong>inquit,</strong></span> <span class='ocrx_word' id='word_1_717' title='bbox 2827 4849 2942 4904; x_wconf 69' lang='lat' dir='ltr'><strong>haec</strong></span> <span class='ocrx_word' id='word_1_718' title='bbox 2971 4847 3118 4911; x_wconf 89' lang='lat' dir='ltr'><strong>dico,</strong></span> <span class='ocrx_word' id='word_1_719' title='bbox 3149 4846 3242 4900; x_wconf 88' lang='lat' dir='ltr'><strong>sed</strong></span> <span class='ocrx_word' id='word_1_720' title='bbox 3282 4845 3516 4901; x_wconf 88' lang='lat' dir='ltr'><strong>aliorum</strong></span> 
     </span>
    </p>
   </div>
   <div class='ocr_carea' id='block_1_100' title="bbox 271 4934 1856 5023">
    <p class='ocr_par' dir='ltr' id='par_1_100' title="bbox 271 4939 1844 5023">
     <span class='ocr_line' id='line_1_100' title="bbox 271 4939 1844 5023; baseline 0.004 -25"><span class='ocrx_word' id='word_1_721' title='bbox 271 4946 386 4999; x_wconf 87' lang='grc' dir='ltr'><strong>τῶν</strong></span> <span class='ocrx_word' id='word_1_722' title='bbox 435 4946 608 5001; x_wconf 75' lang='grc' dir='ltr'>ἄλλων</span> <span class='ocrx_word' id='word_1_723' title='bbox 647 4949 866 5004; x_wconf 87' lang='grc' dir='ltr'>τέθεικα</span> <span class='ocrx_word' id='word_1_724' title='bbox 913 4951 1222 5023; x_wconf 86' lang='grc' dir='ltr'>λογισμούς.</span> <span class='ocrx_word' id='word_1_725' title='bbox 1279 4951 1448 5005; x_wconf 84' lang='grc' dir='ltr'>Τοῦτο</span> <span class='ocrx_word' id='word_1_726' title='bbox 1497 4939 1606 5023; x_wconf 77' lang='grc' dir='ltr'>γὰρ</span> <span class='ocrx_word' id='word_1_727' title='bbox 1653 4952 1844 5022; x_wconf 82' lang='grc' dir='ltr'>λέγει·</span> 
     </span>
    </p>
   </div>
   <div class='ocr_carea' id='block_1_101' title="bbox 1957 4934 3518 5023">
    <p class='ocr_par' dir='ltr' id='par_1_101' title="bbox 1959 4934 3518 5006">
     <span class='ocr_line' id='line_1_101' title="bbox 1959 4934 3518 5006; baseline -0.006 -4"><span class='ocrx_word' id='word_1_728' title='bbox 1959 4943 2408 5002; x_wconf 88' lang='lat' dir='ltr'><strong>ratiocinationes</strong></span> <span class='ocrx_word' id='word_1_729' title='bbox 2443 4941 2667 4997; x_wconf 78' lang='lat' dir='ltr'><strong>adduxi.</strong></span> <span class='ocrx_word' id='word_1_730' title='bbox 2705 4937 2764 4994; x_wconf 89' lang='lat' dir='ltr'><strong>ld</strong></span> <span class='ocrx_word' id='word_1_731' title='bbox 2783 4939 2930 4995; x_wconf 89' lang='lat' dir='ltr'><strong>enim</strong></span> <span class='ocrx_word' id='word_1_732' title='bbox 2965 4945 3048 4993; x_wconf 83' lang='lat' dir='ltr'><strong>est</strong></span> <span class='ocrx_word' id='word_1_733' title='bbox 3077 4934 3220 5006; x_wconf 88' lang='lat' dir='ltr'><strong>quod</strong></span> <span class='ocrx_word' id='word_1_734' title='bbox 3249 4935 3348 5001; x_wconf 90' lang='lat' dir='ltr'><strong>ait,</strong></span> <span class='ocrx_word' id='word_1_735' title='bbox 3374 4954 3392 4988; x_wconf 83' lang='grc' dir='ltr'><strong>ι</strong></span> <span class='ocrx_word' id='word_1_736' title='bbox 3417 4936 3518 4992; x_wconf 88' lang='lat' dir='ltr'><strong>Se-</strong></span> 
     </span>
    </p>
   </div>
   <div class='ocr_carea' id='block_1_102' title="bbox 275 5033 1856 5112">
    <p class='ocr_par' dir='ltr' id='par_1_102' title="bbox 275 5037 866 5112">
     <span class='ocr_line' id='line_1_102' title="bbox 275 5037 866 5112; baseline 0.005 -23"><span class='ocrx_word' id='word_1_737' title='bbox 275 5055 294 5107; x_wconf 71' lang='grc' dir='ltr'><strong>ι</strong></span> <span class='ocrx_word' id='word_1_738' title='bbox 325 5037 489 5090; x_wconf 84' lang='grc' dir='ltr'>Κατὰ</span> <span class='ocrx_word' id='word_1_739' title='bbox 519 5037 822 5112; x_wconf 75' lang='grc' dir='ltr'>ἄνθρωπον.</span> <span class='ocrx_word' id='word_1_740' title='bbox 847 5059 866 5092; x_wconf 69' lang='grc' dir='ltr'><strong>ι</strong></span> 
     </span>
    </p>
   </div>
   <div class='ocr_carea' id='block_1_103' title="bbox 1957 5033 2577 5112">
    <p class='ocr_par' dir='ltr' id='par_1_103' title="bbox 1966 5033 2577 5094">
     <span class='ocr_line' id='line_1_103' title="bbox 1966 5033 2577 5094; baseline -0.015 0"><span class='ocrx_word' id='word_1_741' title='bbox 1966 5037 2204 5094; x_wconf 87' lang='lat' dir='ltr'><strong>cundum</strong></span> <span class='ocrx_word' id='word_1_742' title='bbox 2235 5033 2531 5090; x_wconf 90' lang='lat' dir='ltr'><strong>hominem.</strong></span> <span class='ocrx_word' id='word_1_743' title='bbox 2559 5052 2577 5085; x_wconf 74' lang='grc' dir='ltr'><strong>ι</strong></span> 
     </span>
    </p>
   </div>
   <div class='ocr_carea' id='block_1_104' title="bbox 356 5116 1856 5208">
    <p class='ocr_par' dir='ltr' id='par_1_104' title="bbox 356 5128 1846 5208">
     <span class='ocr_line' id='line_1_104' title="bbox 356 5128 1846 5208; baseline 0.006 -25"><span class='ocrx_word' id='word_1_744' title='bbox 356 5128 521 5183; x_wconf 76' lang='grc' dir='ltr'>Ἐπεὶ</span> <span class='ocrx_word' id='word_1_745' title='bbox 559 5130 683 5197; x_wconf 83' lang='grc' dir='ltr'><strong>πῶς</strong></span> <span class='ocrx_word' id='word_1_746' title='bbox 725 5131 917 5202; x_wconf 78' lang='grc' dir='ltr'>κρινεῖ</span> <span class='ocrx_word' id='word_1_747' title='bbox 951 5135 984 5187; x_wconf 86' lang='lat' dir='ltr'><strong>d</strong></span> <span class='ocrx_word' id='word_1_748' title='bbox 1012 5132 1160 5198; x_wconf 87' lang='grc' dir='ltr'>Θεὸς</span> <span class='ocrx_word' id='word_1_749' title='bbox 1204 5133 1312 5188; x_wconf 84' lang='grc' dir='ltr'>τὸν</span> <span class='ocrx_word' id='word_1_750' title='bbox 1345 5136 1608 5204; x_wconf 76' lang='grc' dir='ltr'>κόσμον;</span> <span class='ocrx_word' id='word_1_751' title='bbox 1641 5137 1750 5208; x_wconf 76' lang='grc' dir='ltr'><strong>(ζ’.)</strong></span> <span class='ocrx_word' id='word_1_752' title='bbox 1777 5139 1846 5192; x_wconf 84' lang='lat' dir='ltr'><strong>Ei</strong></span> 
     </span>
    </p>
   </div>
   <div class='ocr_carea' id='block_1_105' title="bbox 1957 5116 3513 5208">
    <p class='ocr_par' dir='ltr' id='par_1_105' title="bbox 2024 5116 3513 5199">
     <span class='ocr_line' id='line_1_105' title="bbox 2024 5116 3513 5199; baseline -0.007 -16"><span class='ocrx_word' id='word_1_753' title='bbox 2024 5129 2236 5199; x_wconf 83' lang='lat' dir='ltr'><strong>Alioqui</strong></span> <span class='ocrx_word' id='word_1_754' title='bbox 2267 5124 2524 5193; x_wconf 85' lang='lat' dir='ltr'><strong>quomodo</strong></span> <span class='ocrx_word' id='word_1_755' title='bbox 2541 5121 2808 5193; x_wconf 82' lang='lat' dir='ltr'><strong>judicabit</strong></span> <span class='ocrx_word' id='word_1_756' title='bbox 2833 5119 2972 5173; x_wconf 88' lang='lat' dir='ltr'><strong>Deus</strong></span> <span class='ocrx_word' id='word_1_757' title='bbox 3013 5118 3305 5172; x_wconf 76' lang='lat' dir='ltr'><strong>mundum?</strong></span> <span class='ocrx_word' id='word_1_758' title='bbox 3326 5116 3513 5186; x_wconf 75' lang='lat' dir='ltr'><strong>(Vens.</strong></span> 
     </span>
    </p>
   </div>
   <div class='ocr_carea' id='block_1_106' title="bbox 269 5209 1856 5298">
    <p class='ocr_par' dir='ltr' id='par_1_106' title="bbox 269 5217 1844 5298">
     <span class='ocr_line' id='line_1_106' title="bbox 269 5217 1844 5298; baseline 0.005 -28"><span class='ocrx_word' id='word_1_759' title='bbox 269 5217 386 5285; x_wconf 80' lang='grc' dir='ltr'><strong>τὰρ</strong></span> <span class='ocrx_word' id='word_1_760' title='bbox 433 5218 473 5284; x_wconf 81' lang='grc' dir='ltr'><strong><em>ή</em></strong></span> <span class='ocrx_word' id='word_1_761' title='bbox 522 5218 773 5285; x_wconf 77' lang='grc' dir='ltr'>ἀλήθεια</span> <span class='ocrx_word' id='word_1_762' title='bbox 823 5222 926 5277; x_wconf 87' lang='grc' dir='ltr'><strong>τοῦ</strong></span> <span class='ocrx_word' id='word_1_763' title='bbox 967 5222 1115 5276; x_wconf 85' lang='grc' dir='ltr'>Θεοῦ</span> <span class='ocrx_word' id='word_1_764' title='bbox 1165 5223 1234 5277; x_wconf 77' lang='grc' dir='ltr'><strong>ἐν</strong></span> <span class='ocrx_word' id='word_1_765' title='bbox 1273 5223 1358 5290; x_wconf 83' lang='grc' dir='ltr'>τῷ</span> <span class='ocrx_word' id='word_1_766' title='bbox 1397 5225 1516 5295; x_wconf 83' lang='grc' dir='ltr'><strong>ἐμῷ</strong></span> <span class='ocrx_word' id='word_1_767' title='bbox 1543 5228 1844 5298; x_wconf 72' lang='grc' dir='ltr'>ψεύσματι</span> 
     </span>
    </p>
   </div>
   <div class='ocr_carea' id='block_1_107' title="bbox 1957 5209 3515 5298">
    <p class='ocr_par' dir='ltr' id='par_1_107' title="bbox 1957 5209 3515 5290">
     <span class='ocr_line' id='line_1_107' title="bbox 1957 5209 3515 5290; baseline -0.01 -12"><span class='ocrx_word' id='word_1_768' title='bbox 1957 5225 2031 5290; x_wconf 85' lang='grc'><strong>7.)</strong></span> <span class='ocrx_word' id='word_1_769' title='bbox 2060 5219 2119 5276; x_wconf 89' lang='lat' dir='ltr'><strong>Si</strong></span> <span class='ocrx_word' id='word_1_770' title='bbox 2155 5220 2291 5274; x_wconf 84' lang='lat' dir='ltr'><strong>enim</strong></span> <span class='ocrx_word' id='word_1_771' title='bbox 2325 5216 2514 5272; x_wconf 87' lang='lat' dir='ltr'><strong>veritas</strong></span> <span class='ocrx_word' id='word_1_772' title='bbox 2565 5213 2662 5266; x_wconf 87' lang='lat' dir='ltr'><strong>Dei</strong></span> <span class='ocrx_word' id='word_1_773' title='bbox 2700 5209 3070 5265; x_wconf 81' lang='lat' dir='ltr'><strong>abundavitin</strong></span> <span class='ocrx_word' id='word_1_774' title='bbox 3098 5224 3208 5262; x_wconf 86' lang='lat' dir='ltr'><strong>meo</strong></span> <span class='ocrx_word' id='word_1_775' title='bbox 3247 5209 3515 5266; x_wconf 86' lang='lat' dir='ltr'><strong>mendacio</strong></span> 
     </span>
    </p>
   </div>
   <div class='ocr_carea' id='block_1_108' title="bbox 268 5301 1856 5387">
    <p class='ocr_par' dir='ltr' id='par_1_108' title="bbox 268 5307 1842 5387">
     <span class='ocr_line' id='line_1_108' title="bbox 268 5307 1842 5387; baseline 0.008 -28"><span class='ocrx_word' id='word_1_776' title='bbox 268 5307 717 5378; x_wconf 77' lang='grc' dir='ltr'>ἐπερίσσευσεν</span> <span class='ocrx_word' id='word_1_777' title='bbox 740 5314 826 5378; x_wconf 72' lang='grc' dir='ltr'>εἰς</span> <span class='ocrx_word' id='word_1_778' title='bbox 857 5312 970 5380; x_wconf 78' lang='grc' dir='ltr'><strong>τὴν</strong></span> <span class='ocrx_word' id='word_1_779' title='bbox 1004 5312 1192 5379; x_wconf 79' lang='grc' dir='ltr'>δόξαν</span> <span class='ocrx_word' id='word_1_780' title='bbox 1220 5317 1428 5382; x_wconf 82' lang='grc' dir='ltr'>αὑτοῦ,</span> <span class='ocrx_word' id='word_1_781' title='bbox 1457 5317 1514 5370; x_wconf 83' lang='grc' dir='ltr'><strong>τί</strong></span> <span class='ocrx_word' id='word_1_782' title='bbox 1553 5318 1640 5372; x_wconf 77' lang='grc' dir='ltr'>ἔτι</span> <span class='ocrx_word' id='word_1_783' title='bbox 1679 5317 1842 5387; x_wconf 70' lang='grc' dir='ltr'>κάγὼ</span> 
     </span>
    </p>
   </div>
   <div class='ocr_carea' id='block_1_109' title="bbox 1957 5301 3522 5387">
    <p class='ocr_par' dir='ltr' id='par_1_109' title="bbox 1957 5301 3522 5384">
     <span class='ocr_line' id='line_1_109' title="bbox 1957 5301 3522 5384; baseline -0.011 -16"><span class='ocrx_word' id='word_1_784' title='bbox 1957 5317 2004 5368; x_wconf 87' lang='lat' dir='ltr'><strong>in</strong></span> <span class='ocrx_word' id='word_1_785' title='bbox 2024 5311 2252 5384; x_wconf 74' lang='lat' dir='ltr'><strong>gloriam</strong></span> <span class='ocrx_word' id='word_1_786' title='bbox 2287 5308 2454 5375; x_wconf 80' lang='lat' dir='ltr'><strong>ipsius</strong></span> <span class='ocrx_word' id='word_1_787' title='bbox 2477 5347 2490 5370; x_wconf 95' lang='lat'><strong>,</strong></span> <span class='ocrx_word' id='word_1_788' title='bbox 2519 5302 2654 5374; x_wconf 84' lang='lat' dir='ltr'><strong>quid</strong></span> <span class='ocrx_word' id='word_1_789' title='bbox 2670 5301 2842 5356; x_wconf 80' lang='lat' dir='ltr'><strong>adhuc</strong></span> <span class='ocrx_word' id='word_1_790' title='bbox 2871 5316 2964 5371; x_wconf 84' lang='lat' dir='ltr'><strong>ego</strong></span> <span class='ocrx_word' id='word_1_791' title='bbox 2994 5309 3244 5372; x_wconf 81' lang='lat' dir='ltr'><strong>tanquam</strong></span> <span class='ocrx_word' id='word_1_792' title='bbox 3279 5311 3522 5374; x_wconf 75' lang='lat' dir='ltr'><strong>peccator</strong></span> 
     </span>
    </p>
   </div>
   <div class='ocr_carea' id='block_1_110' title="bbox 1970 5485 2434 5553">
    <p class='ocr_par' dir='ltr' id='par_1_110' title="bbox 1970 5485 2434 5553">
     <span class='ocr_line' id='line_1_110' title="bbox 1970 5485 2434 5553; baseline -0.013 -8"><span class='ocrx_word' id='word_1_793' title='bbox 1970 5506 1994 5532; x_wconf 79' lang='grc' dir='ltr'><strong>ιι</strong></span> <span class='ocrx_word' id='word_1_794' title='bbox 2035 5491 2237 5546; x_wconf 82' lang='lat' dir='ltr'><strong>Jcrem.</strong></span> <span class='ocrx_word' id='word_1_795' title='bbox 2274 5503 2311 5541; x_wconf 88' lang='grc' dir='ltr'><strong>ιι</strong></span> <span class='ocrx_word' id='word_1_796' title='bbox 2339 5528 2351 5553; x_wconf 90' lang='grc'><strong>,</strong></span> <span class='ocrx_word' id='word_1_797' title='bbox 2383 5485 2434 5540; x_wconf 86' lang='grc'><strong>5.</strong></span> 
     </span>
    </p>
   </div>
   <div class='ocr_carea' id='block_1_111' title="bbox 344 5487 1894 5561">
    <p class='ocr_par' dir='ltr' id='par_1_111' title="bbox 344 5487 1894 5561">
     <span class='ocr_line' id='line_1_111' title="bbox 344 5487 1894 5561; baseline 0.003 -19"><span class='ocrx_word' id='word_1_798' title='bbox 344 5496 373 5524; x_wconf 74' lang='grc' dir='ltr'><strong><em>κ</em></strong></span> <span class='ocrx_word' id='word_1_799' title='bbox 411 5487 693 5544; x_wconf 86' lang='lat' dir='ltr'><strong>l&#39;l‘imoth.</strong></span> <span class='ocrx_word' id='word_1_800' title='bbox 727 5506 801 5557; x_wconf 88' lang='grc' dir='ltr'><strong>ιι,</strong></span> <span class='ocrx_word' id='word_1_801' title='bbox 835 5491 917 5546; x_wconf 82' lang='lat' dir='ltr'><strong>l5.</strong></span> <span class='ocrx_word' id='word_1_802' title='bbox 993 5500 1022 5539; x_wconf 67' lang='grc'><strong><em>1</em></strong></span> <span class='ocrx_word' id='word_1_803' title='bbox 1060 5491 1208 5550; x_wconf 84' lang='lat' dir='ltr'><strong>Psal.</strong></span> <span class='ocrx_word' id='word_1_804' title='bbox 1239 5509 1300 5561; x_wconf 85' lang='lat' dir='ltr'><strong>t.,</strong></span> <span class='ocrx_word' id='word_1_805' title='bbox 1331 5495 1382 5549; x_wconf 88' lang='grc'><strong>6.</strong></span> <span class='ocrx_word' id='word_1_806' title='bbox 1465 5504 1484 5532; x_wconf 78' lang='grc' dir='ltr'><strong><em>ι</em></strong></span> <span class='ocrx_word' id='word_1_807' title='bbox 1527 5493 1689 5550; x_wconf 81' lang='lat' dir='ltr'><strong>Mich.</strong></span> <span class='ocrx_word' id='word_1_808' title='bbox 1722 5509 1809 5559; x_wconf 90' lang='lat' dir='ltr'><strong>vt,</strong></span> <span class='ocrx_word' id='word_1_809' title='bbox 1837 5494 1894 5548; x_wconf 77' lang='lat'><strong>5.</strong></span> 
     </span>
    </p>
   </div>
   <div class='ocr_carea' id='block_1_112' title="bbox 1573 5645 2243 5706">
    <p class='ocr_par' dir='ltr' id='par_1_112' title="bbox 1573 5645 2243 5706">
     <span class='ocr_line' id='line_1_112' title="bbox 1573 5645 2243 5706; baseline -0.006 -3"><span class='ocrx_word' id='word_1_810' title='bbox 1573 5648 1800 5706; x_wconf 62' lang='lat' dir='ltr'><strong>VARIA‘]</strong></span> <span class='ocrx_word' id='word_1_811' title='bbox 1843 5645 2243 5706; x_wconf 77' lang='lat' dir='ltr'><strong>LECTIONES.</strong></span> 
     </span>
    </p>
   </div>
   <div class='ocr_carea' id='block_1_113' title="bbox 349 5754 1462 5813">
    <p class='ocr_par' dir='ltr' id='par_1_113' title="bbox 349 5754 1462 5813">
     <span class='ocr_line' id='line_1_113' title="bbox 349 5754 1462 5813; baseline 0.007 -5"><span class='ocrx_word' id='word_1_812' title='bbox 349 5755 414 5786; x_wconf 81' lang='grc'><strong><em>³⁸⁸</em></strong></span> <span class='ocrx_word' id='word_1_813' title='bbox 445 5772 503 5809; x_wconf 91' lang='grc' dir='ltr'><strong>σε</strong></span> <span class='ocrx_word' id='word_1_814' title='bbox 537 5756 690 5811; x_wconf 80' lang='lat' dir='ltr'><strong>deest</strong></span> <span class='ocrx_word' id='word_1_815' title='bbox 721 5757 773 5810; x_wconf 88' lang='lat' dir='ltr'><strong>in</strong></span> <span class='ocrx_word' id='word_1_816' title='bbox 807 5755 866 5813; x_wconf 83' lang='grc' dir='ltr'><strong>Β.</strong></span> <span class='ocrx_word' id='word_1_817' title='bbox 1457 5754 1462 5759; x_wconf 76' lang='grc'><em>’</em></span> 
     </span>
    </p>
   </div>
  </div>
