4074 6176
467 336 506 402 7
509 336 542 401 9
1455 330 1942 394 THEODORETI
1974 331 2311 394 EPIQCOPI
2337 334 2698 396 CYRENSIS
3656 336 3730 401 80

463 445 720 516 judicor!
743 440 859 505 Est,
901 439 1104 510 inquit,
1152 438 1611 496 absurdissimum
1665 441 1780 496 hrec
1834 439 2035 495 dicere.

2142 442 2222 508 ὡς
2255 443 2601 513 ἁμαρτωλὲς
2623 447 2934 515 xpt’ropm;
2971 445 3090 498 Τῶν
3126 445 3509 512 ἀτοπωτάτων,
3540 448 3727 516 φησιν,

468 536 624 592 Justa
657 544 740 590 est
785 534 930 589 cnim
965 531 1059 587 Dei
1102 532 1380 588 sententia
1413 549 1426 585 :
1462 546 1565 586 nec
1615 547 1734 586 mea
1774 531 2042 603 iniquitas

469 627 581 686 Deo
630 625 935 683 clementia:
994 625 1219 680 nomine
1266 625 1498 694 gloriam
1563 624 1844 678 conciliat.
1891 627 2044 680 Esset

465 719 613 774 enim
663 731 879 774 summa
942 714 1168 786 injuria,
1215 715 1260 770 si
1296 715 1390 783 qui
1440 715 1517 767 illi
1564 714 1798 785 gloriam
1857 711 2045 766 conci-

466 810 740 867 liaverunt
786 806 854 862 ab
900 822 966 862 eo
1011 807 1361 877 punirentur,
1415 813 1470 861 et
1509 813 1720 860 aeterno
1773 804 2044 874 supplicio

465 903 831 959 adicerentur.
872 901 983 972 39
1031 900 1148 956 lloc
1196 903 1343 957 enim
1395 915 1499 956 nec
1551 900 2040 969 injustissimorum

466 992 748 1047 hominum
811 991 1102 1061 quisquam
1149 989 1364 1054 fecerit,
1393 989 1592 1045 nedum
1624 994 1640 1010 '
1682 991 1821 1060 ipse,
1847 1005 1876 1044 a
1933 1006 2042 1061 quo

459 1085 690 1156 justitia:
716 1083 892 1139 fontes
921 1081 1250 1138 scaturiunt.

537 1263 686 1321 Vsus
711 1265 764 1320 8.
806 1263 874 1317 Et
905 1278 1006 1318 non
1034 1262 1166 1316 sicut
1197 1260 1646 1329 Marp/tentantur,
1680 1267 1731 1313 et
1779 1260 1914 1313 sicut
1959 1259 2044 1312 di-

465 1366 587 1410 cunt
621 1356 787 1426 aliqui
830 1371 924 1409 nos
966 1353 1140 1407 dicere
1175 1367 1193 1405 :
1225 1350 1518 1404 Faciamus
1559 1350 1702 1404 mala
1735 1359 1792 1404 ut
1831 1350 2040 1403 veniant

463 1451 622 1513 bella,
668 1462 893 1516 quorum
922 1445 1189 1514 judicium
1227 1443 1440 1512 justum
1486 1452 1584 1496 est.
1637 1441 1807 1507 Nihil,
1841 1441 2036 1511 inquit,

461 1540 656 1592 horum
683 1551 784 1591 nos
815 1535 1052 1590 dicimus
1082 1552 1096 1589 :
1132 1533 1228 1590 sed
1262 1533 1355 1587 alii
1379 1547 1480 1588 nos
1503 1533 1684 1589 dicere
1699 1533 2042 1588 calumnian-

460 1641 573 1695 tur,
617 1626 956 1698 quiquidem
990 1625 1284 1680 calumnia:
1315 1639 1508 1695 poenas
1531 1624 1705 1679 luent.
1751 1623 1906 1679 Scire
1936 1639 2036 1678 au.

460 1729 572 1775 tem
620 1723 869 1788 oportet,
901 1715 1047 1786 quod
1088 1731 1214 1770 eum
1263 1715 1440 1770 sancti
1489 1715 1723 1786 apostoli
1770 1714 2038 1780 dicerent,

2146 535 2286 599 ἐστὶ,
2316 536 2377 588 τὸ
2404 537 2578 591 ταῦτα
2611 539 2808 607 λέγειν.
2841 539 3035 591 Δικαία
3056 538 3162 608 γάρ
3191 540 3223 608 ἡ
3246 539 3338 591 τοῦ
3361 537 3499 592 Θεοῦ
3522 539 3724 609 ψῆφοςο

2146 627 2238 680 καὶ
2267 627 2328 679 οὐ
2366 628 2427 681 τὸ
2473 629 2605 698 ἐμὸν
2645 630 2899 700 ἄγνωμον
2950 631 3204 700 προξενεί
3238 629 3314 700 τῷ
3349 630 3468 701 Θεῷ
3495 631 3592 702 τὴν
3635 631 3730 684 ἐπὶ

2145 715 2525 790 φιλανθρωπίᾳ
2570 719 2743 786 δόξαν.
2779 721 2987 774 ’Δδικία
3018 721 3128 791 γὰρ
3178 721 3406 792 ἐσχάτη,
3437 723 3564 786 τοὺς
3593 739 3728 794 προο

2144 808 2328 874 ξένους
2361 809 2524 864 αὐτοῦ
2553 811 2880 882 γενομένους
2919 813 3022 883 τῆς
3063 813 3245 883 δόξης,
3279 814 3436 884 δίκας
3464 815 3728 886 εἰσπράτ-

2142 903 2329 956 τεσθαι
2378 907 2504 976 παρ’
2534 903 2722 968 αὑτοῦ,
2770 906 2866 960 καὶ
2904 906 3125 960 κόλασιν
3153 907 3447 977 ὑπομεῖναι
3481 909 3724 967 αἰώνιον.

2143 994 2314 1047 Τοῦτο
2365 995 2474 1065 γὰρ
2509 996 2630 1048 οὐδὲ
2668 995 2777 1049 τῶν
2827 997 2966 1064 ἄγαν
3020 997 3372 1051 ἀδικωτάτων
3421 999 3728 1070 ἀνθρώπων

2140 1084 2327 1156 δράσοι
2359 1103 2442 1148 τις
2469 1086 2554 1154 ἂν,
2581 1088 2721 1158 ἥπου
2752 1105 2815 1156 γε
2849 1087 3009 1152 αὐτὸς
3046 1090 3073 1141 ὁ
3111 1089 3210 1153 τὰς
3249 1089 3348 1160 τῆς
3377 1089 3728 1163 δικαιοσύνης

2142 1174 2463 1240 ἀναϐλύζων
2493 1179 2695 1247 πηγάς.

2209 1275 2280 1338 η’.
2322 1270 2431 1322 Καὶ
2465 1270 2551 1338 μὴ
2585 1272 2778 1337 καθὼς
2803 1271 3350 1341 βλασφημούμεθα,
3400 1273 3496 1328 καί
3530 1272 3726 1339 καθὼς

2140 1360 2293 1428 φασί
2313 1377 2472 1427 τινες
2499 1361 2656 1431 ἡμᾶς
2687 1363 2908 1431 λέγειν,
2947 1363 3034 1417 ὅτι
3065 1365 3420 1434 Ποιήσωμεν
3447 1365 3518 1418 τὰ
3547 1367 3723 1430 κακὰ,

2141 1450 2242 1502 ἵνα
2269 1450 2419 1518 ἔλθῃ
2461 1453 2534 1505 τὰ
2568 1452 2777 1521 ἀγαθὰ,
2822 1449 2912 1507 ὧν
2948 1453 3014 1507 τὸ
3045 1455 3222 1524 κρῖμα
3255 1455 3497 1510 ἔνδικόν
3530 1457 3722 1510 ἐστιν.

2141 1539 2326 1604 Οὐδὲν,
2363 1542 2518 1610 φησὶ,
2563 1542 2768 1597 τούτων
2799 1547 2962 1615 ἡμεῖς
3001 1563 3203 1617 φαμεν,
3251 1549 3382 1618 παρ’
3432 1548 3635 1620 ἐτέρων
3667 1550 3724 1603 δὲ

2138 1633 2316 1701 λέγειν
2355 1635 2857 1706 συκοφαντούμεθα,
2903 1638 2952 1691 οἳ
2982 1637 3080 1707 τῆς
3114 1639 3482 1707 συκοφαντίας
3513 1640 3725 1694 τίσουσι

2139 1724 2317 1788 δίκας.
2352 1724 2567 1780 Είδέναι
2601 1727 2783 1797 μέντοι
2812 1727 2939 1798 χρὴ,
2973 1727 3050 1791 ὡς
3079 1728 3188 1780 τῶν
3220 1728 3380 1800 ἱερῶν
3409 1729 3723 1783 ἀποστόλων

462 1813 568 1870 Ubi
593 1787 892 1866 abundavit
927 1801 1236 1878 peccatum,
1267 1805 1381 1862 illic
1412 1806 1716 1861 abundavit
1753 1815 1809 1862 et
1839 1807 2034 1878 gratia,

2140 1816 2408 1885 λεγόντων
2433 1834 2447 1849 ο
2490 1837 2508 1870 ι
2532 1787 2707 1872 Ὅπου
2735 1787 3059 1873 ἐπλεόνασεν
3087 1823 3120 1890 ἡ
3151 1787 3415 1893 ἁμαρτία,
3449 1822 3722 1894 ὑπερεπε-

462 1902 685 1973 quidam
728 1915 805 1962 ex,
834 1899 904 1954 iis
929 1898 1020 1968 qui
1049 1897 1304 1967 pietatem
1343 1897 1628 1960 colebant,
1656 1895 1795 1951 falsa
1843 1897 1900 1951 in
1943 1911 2039 1952 eos

462 1991 838 2058 conferentes,
874 1990 1004 2046 illos
1031 1989 1216 2044 dicere
1251 1989 1473 2044 aiebant
1503 2007 1517 2044 :
1551 1987 1842 2043 Faciamus
1869 1987 2036 2050 mala,

461 2097 516 2140 ut
548 2085 757 2140 veniant
778 2082 934 2136 bona.
966 2079 1072 2137 Sed
1104 2095 1214 2135 non
1248 2079 1338 2135 hic
1369 2087 1491 2136 erat
1514 2079 1783 2135 doctrinae
1817 2087 2040 2149 aposto-

459 2179 580 2233 licae
624 2190 850 2246 scopus.
883 2174 1086 2229 Gontra
1111 2172 1255 2227 enim
1288 2171 1639 2236 sanciebant,
1679 2179 1738 2226 ut
1768 2171 1839 2226 ab
1885 2169 2037 2225 omni

459 2270 752 2340 iniquitate
792 2281 986 2322 omnes
1022 2266 1388 2321 abstinerent.
1433 2262 1543 2320 Eos
1579 2271 1787 2327 autem,
1829 2262 1924 2332 qui
1967 2260 2036 2316 ad

456 2369 710 2417 sanctam
755 2357 1203 2430 praedicationem
1251 2353 1616 2418 accedebant,
1658 2352 1804 2408 bono
1852 2351 2038 2406 animo

455 2466 580 2507 esse
626 2449 912 2520 iubebant,
951 2453 1214 2515 tanquam
1261 2443 1508 2514 priorum
1552 2450 1907 2513 peccatorum
1947 2458 2035 2498 re-

455 2540 722 2595 missione
746 2551 774 2590 a
827 2535 937 2590 Deo
962 2534 1106 2589 data.
1142 2531 1254 2588 Nos
1292 2542 1476 2586 autem
1517 2533 2031 2602 interpretationem

456 2633 550 2687 hic
591 2630 876 2695 sistentes,
913 2635 966 2682 et
1010 2633 1254 2680 mentem
1291 2624 1582 2693 interjecta
1622 2624 1807 2694 quiete
1854 2638 2037 2679 recre-

455 2732 630 2788 antes,
667 2735 791 2777 eum
823 2718 913 2790 qui
953 2718 1102 2774 dedit
1134 2732 1198 2772 os
1235 2716 1468 2780 homini,
1500 2715 1710 2785 quique
1745 2724 1957 2769 mutum
1981 2723 2036 2770 et

453 2811 684 2868 surdum
716 2808 865 2874 fecit,
898 2805 1209 2868 laudemus,
1250 2811 1303 2860 et
1335 2811 1392 2858 ut
1415 2804 1730 2874 apostolicae
1765 2803 2035 2860 doctrina:

452 2907 876 2978 intelligentiam
910 2917 1012 2958 nos
1043 2900 1237 2956 doceat
1263 2915 1509 2956 oremus.
1537 2899 1699 2954 Dabit
1734 2899 1880 2956 enim
1913 2916 2034 2956 om-

452 3002 588 3056 nino
623 2999 717 3069 qui
749 2996 888 3051 dixit
919 3015 930 3050 :
959 3015 980 3046 ι
1008 2992 1200 3056 Petite,
1236 2999 1290 3046 et
1320 2992 1540 3047 dabitur
1564 2990 1752 3058 vobis;
1777 2991 2029 3061 quaerite,

2142 1909 2424 1982 ρίσσευσεν
2452 1913 2486 1983 ὴ
2514 1913 2701 1982 χάρις·
2734 1931 2752 1964 ι
2797 1912 2940 1976 τινὲς
2963 1915 3029 1982 τῇ
3059 1913 3336 1986 θεοσεϐείᾳ
3359 1914 3720 1982 δουλεύοντες,

2137 2003 2511 2072 ψευδολογίαις
2540 2005 2660 2058 κατ’
2689 2003 2870 2058 αὐτῶν
2899 2005 3228 2075 κεχρημένοι
3249 2044 3262 2067 ,
3310 2005 3491 2074 λέγειν
3525 2007 3720 2071 αὐτοὺς

2140 2094 2377 2163 ἔφασκον
2395 2109 2408 2123 ·
2441 2094 2793 2164 Ποιήσωμεν
2817 2095 2889 2148 τὰ
2915 2095 3090 2160 κακὰ,
3111 2097 3212 2150 ἵνα
3233 2095 3386 2165 ἔλθῃ
3412 2097 3484 2150 τὰ
3506 2098 3715 2168 ἀγαθά.

2152 2185 2292 2238 Ἀλλ’
2323 2185 2421 2256 οὐχ
2463 2179 2617 2248 οὗτος
2666 2182 2732 2257 ἦν
2763 2189 2791 2238 ὁ
2832 2185 2933 2255 τῆς
2966 2186 3332 2256 ἀποστολικῆς
3369 2187 3720 2254 διδασκαλίας

2141 2275 2361 2340 σκοπός.
2415 2277 2531 2330 Πᾶν
2585 2277 3044 2350 γάρτούναντίον
3103 2278 3486 2348 ἐνομοθέτουν,
3539 2281 3720 2350 πάσης

2140 2366 2385 2430 ἅπαντας
2411 2367 2752 2438 παρανομίας
2773 2367 3090 2438 ἀπέχεσθαι.
3123 2367 3262 2432 Τοὺς
3287 2367 3342 2421 δὲ
3365 2368 3440 2440 τῷ
3467 2371 3720 2442 παναγίῳ

2139 2457 2456 2528 κηρύγματι
2510 2459 2835 2530 προσιόντας
2885 2461 3108 2532 θαρρεῖν
3168 2461 3443 2525 ἐκέλευον,
3493 2462 3569 2526 ὡς
3618 2464 3719 2533 τῆς

2136 2548 2386 2617 ἀφέσεως
2421 2551 2532 2604 τῶν
2564 2550 2843 2622 προτέρων
2875 2552 3287 2622 ἁμαρτημάτων
3321 2553 3424 2606 ὑπὸ
3452 2552 3546 2606 τοῦ
3579 2554 3718 2607 Θεοῦ

2135 2641 2443 2714 δεδομένης.
2481 2645 2673 2716 Ἡμεῖς
2697 2645 2752 2698 δὲ
2776 2643 3009 2698 ἐνταῦθα
3037 2645 3136 2714 τὴν
3165 2643 3460 2715 ἑρμηνείαν
3488 2644 3720 2715 στήσαν-

2134 2752 2246 2798 τες,
2300 2735 2394 2788 καὶ
2437 2735 2530 2788 τὸν
2581 2735 2706 2790 νοῦν
2757 2737 3252 2804 διαναπαύσαντες,
3305 2739 3396 2792 τὸν
3449 2738 3720 2792 δεδωκότα

2136 2827 2308 2896 στόμα
2335 2826 2628 2898 ἀνθρώπῳ,
2652 2829 2744 2882 καὶ
2769 2830 3069 2900 ποιήσαντα
3087 2829 3370 2897 δύσκωφον
3394 2829 3488 2883 καὶ
3512 2829 3717 2898 κωφὸν,

2133 2919 2558 2990 ἀνυμνήσωμεν,
2595 2921 2690 2975 καὶ
2718 2922 2817 2990 τῆς
2848 2921 3215 2990 ἀποπολικῆς
3247 2921 3595 2984 διδασκαλίας
3625 2922 3718 2975 τὸν

2131 3010 2256 3064 νοῦν
2287 3011 2625 3081 καταμαθεῖν
2659 3012 3042 3082 ἱκετεύσωμεν.
3076 2996 3247 3067 Albae:
3291 3013 3401 3084 γὰρ
3435 3014 3653 3076 πάντως
3687 3015 3719 3066 ὁ

453 3101 509 3148 et
558 3089 882 3153 invenietis;
915 3087 1155 3158 pulsate,
1185 3092 1238 3138 et
1270 3085 1552 3154 aperietur
1576 3085 1732 3140 vobis
1759 3085 1808 3139 ι).
1846 3103 1866 3137 ι
1892 3082 2028 3138 Cum

2140 3100 2336 3156 εἰπών·
2393 3120 2412 3153 ι
2442 3102 2672 3165 Αἰτεῖτε,
2705 3102 2796 3156 καὶ
2829 3103 3112 3174 δοθήσεται
3141 3103 3270 3174 ὑμῖν
3290 3082 3310 3132 ’ί
3351 3082 3585 3174 ζητεῖτε,
3620 3104 3719 3157 καὶ

454 3198 566 3253 quo
588 3181 734 3236 Patri
755 3193 880 3235 cum
912 3177 1268 3234 sanctissimo
1293 3174 1504 3245 Spiritu
1539 3175 1712 3246 gloria
1745 3174 2027 3240 convenit,

453 3283 508 3328 et
538 3269 966 3343 magniﬁcentia,
997 3281 1146 3322 nunc
1169 3267 1232 3338 ﬁet
1255 3279 1498 3336 semper,
1527 3274 1581 3320 et
1608 3264 1662 3318 in
1693 3263 1898 3318 saecula
1937 3277 2032 3317 sae-

455 3359 726 3414 culorum.
765 3357 959 3412 Amen.

827 3603 937 3676 ao
981 3601 1218 3658 renus
1261 3599 1650 3659 SECUNDUS.

523 3719 646 3775 .Iam
685 3718 950 3782 diximus,
996 3719 1242 3774 divinum
1287 3716 1611 3788 Apostolum
1667 3715 1806 3770 velle
1852 3721 2033 3770 osten-

454 3810 606 3876 dere,
631 3808 800 3864 Deum
823 3817 876 3865 et
896 3807 1244 3864 Sel‘vatorem
1274 3815 1526 3863 nostrum
1543 3805 1728 3862 Jesum
1752 3806 2030 3861 Christum

455 3901 772 3959 necessario
827 3900 1106 3956 hominem
1147 3899 1356 3955 factum
1399 3915 1545 3955 esse.
1612 3898 1726 3953 Hac
1782 3900 1926 3954 enim
1964 3899 2032 3954 de

453 4010 643 4060 causa,
675 4002 732 4049 et
765 3994 832 4050 de
877 3994 946 4048 iis
973 3993 1066 4064 qui
1093 4001 1250 4048 extra
1293 3993 1491 4063 legem,
1524 3999 1578 4047 et
1617 3991 1684 4047 de
1724 3992 1794 4046 iis
1838 3991 2028 4054 etiam,

451 4087 547 4156 qui
599 4085 704 4140 sub
741 4099 806 4140 ea
834 4087 1114 4148 vixerunt,
1167 4083 1386 4138 locutus
1425 4089 1530 4148 est,
1577 4082 1942 4152 probavitque
1977 4089 2032 4134 ct

451 4176 577 4230 illos
613 4175 790 4245 legem
827 4175 1162 4236 naturalem,
1233 4184 1290 4229 et
1350 4173 1452 4228 hos
1496 4174 1668 4242 legem
1729 4171 2028 4227 Mosaicam

450 4278 577 4319 esse
612 4270 1013 4334 transgressos,
1046 4269 1100 4317 et
1127 4263 1323 4318 ultimo
1359 4277 1482 4316 csse
1505 4261 1779 4330 supplicio
1801 4262 2026 4332 dignos:

449 4367 504 4411 et
534 4355 806 4424 optimum
844 4355 1117 4410 medicum
1147 4354 1395 4409 imitatus
1415 4361 1522 4417 est,
1556 4356 1648 4424 qui
1687 4354 1848 4409 docet
1878 4341 2032 4424 prius

449 4447 629 4502 morbi
659 4445 982 4516 gravitatem
1025 4460 1123 4500 eos
1160 4444 1256 4515 qui
1305 4443 1578 4507 laborant,
1611 4444 1809 4498 deinde
1849 4441 2028 4497 medi-
2065 4474 2110 4529 Β

449 4547 830 4593 camentorum
869 4536 1136 4590 auxilium
1174 4535 1420 4590 adhibet.
1465 4535 1546 4589 lta
1593 4534 1740 4590 enim
1788 4542 1844 4590 et
1889 4534 2028 4605 ipse,

448 4637 742 4701 postquam
773 4627 970 4682 horum
1002 4633 1056 4681 et
1083 4626 1300 4681 illorum
1328 4630 1344 4648 ‘
1373 4627 1720 4697 iniquitatem
1754 4626 2028 4697 coarguit,

450 4721 716 4791 ipsosque
753 4724 807 4771 et
837 4729 964 4770 reos
995 4723 1048 4768 et
1086 4713 1363 4783 supplicio
1392 4713 1590 4784 dignos
1625 4712 1802 4768 fuisse
1840 4721 2032 4768 osten-

449 4812 551 4874 dit,
591 4807 801 4881 profert
842 4805 1108 4874 deinceps
1138 4803 1258 4858 lidei
1308 4803 1800 4868 medicamentum,
1852 4812 1907 4859 ct
1947 4802 2032 4857 di-

449 4902 592 4957 vinae
641 4895 1078 4969 dispensationis
1118 4892 1518 4964 benignitatem
1565 4892 1750 4957 docet,
1795 4893 2028 4947 dicens:

519 5077 686 5134 Vens.
725 5074 878 5132 9-18.
913 5071 1054 5141 Quid
1081 5088 1206 5142 ergo
1247 5070 1603 5141 prwcellimus
1632 5073 1656 5126 ?
1702 5069 1861 5124 Prius
1889 5073 2030 5125 enim

449 5170 658 5222 causali
702 5183 910 5231 sumus,
951 5164 1174 5220 Judaaos
1213 5175 1264 5219 et
1312 5163 1524 5219 (ἓν-ωεστ
1548 5180 1725 5219 οηιηοε
1754 5175 1890 5218 esse
1932 5165 2026 5219 sub

446 5270 684 5333 peccato,
739 5262 876 5314 sicut
920 5261 1178 5330 scriptum
1227 5267 1305 5313 est
1338 5272 1356 5310 :
1385 5256 1508 5312 Non
1551 5267 1630 5312 est
1653 5256 1836 5326 justus
1878 5259 2027 5329 quis-

447 5370 629 5424 quam.
662 5349 784 5406 Non
811 5361 887 5404 est
925 5353 1222 5420 intelligens
1246 5368 1264 5404 :
1289 5366 1392 5404 non
1425 5360 1502 5404 est
1533 5350 1802 5419 requirens
1835 5348 2023 5405 Deum.

449 5440 644 5496 Omnes
665 5439 1079 5502 declinaverunt,
1119 5439 1281 5493 simul
1317 5437 1534 5492 inutiles
1568 5437 1702 5506 facti
1731 5448 1852 5492 sunt
1878 5453 1897 5492 :
1923 5454 2026 5491 non

443 5541 523 5585 est
546 5530 637 5596 qui
661 5529 828 5598 faciat
862 5526 1076 5592 bonum,
1106 5545 1209 5582 non
1229 5539 1304 5584 est
1336 5544 1498 5598 usque
1527 5528 1597 5581 ad
1626 5545 1811 5582 unum.
1844 5527 2028 5597 Sepul-

442 5624 628 5676 chrum
669 5631 857 5690 patens
889 5631 968 5676 est
999 5630 1185 5689 guttur
1215 5637 1418 5686 eorum,
1467 5621 1664 5692 linguis
1692 5621 1819 5676 suis-
1843 5619 2026 5676 dolose

509 5802 539 5844 δ
573 5799 771 5865 Matth.
808 5825 910 5874 ru,
959 5804 1013 5869 7;
1052 5805 1214 5874 LuC-
1251 5821 1338 5877 ³³»
1376 5810 1427 5866 9-

2135 3194 2396 3264 εὑρήσετε
2419 3214 2432 3227 ·
2469 3195 2717 3267 κρούετε,
2745 3197 2838 3249 καὶ
2870 3197 3216 3267 ἀνοιγήσεται
3248 3196 3398 3266 ύμῖν.
3432 3216 3451 3248 ι
3495 3195 3629 3250 Μεθ’
3653 3186 3716 3247 οῦ

2134 3283 2212 3354 τῷ
2245 3285 2418 3355 lla-cpi.
2446 3287 2542 3340 σὺν
2564 3285 2641 3357 τῷ
2670 3287 2918 3357 παναγίῳ
2941 3286 3218 3358 Πνεύματι
3243 3286 3372 3352 δόξα
3394 3286 3594 3358 πρέπει
3620 3289 3717 3341 καὶ

2138 3376 2606 3448 μεγαλοπρέπεια,
2631 3378 2724 3432 νῦν
2759 3379 2850 3433 καὶ
2882 3380 2990 3448 ἀεὶ,
3012 3380 3106 3433 καὶ
3131 3382 3208 3444 εἰς
3233 3381 3357 3443 τοὺς
3390 3380 3588 3442 αἰῶνας
3608 3379 3716 3433 τῶν

2136 3464 2367 3520 αἰώνων.
2412 3467 2605 3539 Ἀμήν.

2618 3581 2848 3636 ΤΟΜΟΣ
2886 3582 3260 3636 ΔΕΥΤΕΡυΣ.

2205 3695 2519 3766 Εξρήκαμεν
2551 3693 2670 3765 Ιἤδη,
2702 3693 2776 3756 ὡς
2802 3695 2829 3746 ὁ
2864 3693 3004 3758 θεῖος
3045 3693 3362 3758 ’Λπόστολος
3396 3691 3563 3758 δεῖξαι
3594 3692 3718 3760 βού-
3759 3755 3772 3768 ι

2136 3791 2284 3846 λεται
2312 3791 2410 3860 τὴν
2441 3789 2854 3861 ὲνανθρώπησιν
2881 3789 2974 3842 τοῦ
3004 3788 3140 3842 Θεοῦ
3165 3789 3257 3843 καὶ
3283 3788 3536 3860 Σωτῆρος
3556 3791 3588 3858 ἡ
3599 3788 3718 3860 μῶν

2149 3881 2323 3952 Ἰησοῦ
2359 3881 2597 3952 Χριστοῦ
2627 3880 2943 3948 ἀναγκαίως
2966 3881 3357 3953 γεγενημένην.
3383 3880 3585 3934 Τούτου
3608 3881 3719 3951 γὰρ

2133 3973 2198 4043 δὴ
2249 3972 2409 4043 χάριν
2441 3971 2532 4024 τὸν
2577 3972 2704 4042 περὶ
2748 3973 2855 4026 τῶν
2901 3971 3005 4037 ἔξω
3035 3971 3128 4024 τοῦ
3162 3970 3348 4042 νόμου,
3398 3970 3491 4024 καὶ
3533 3970 3717 4041 μέντοι

2136 4064 2229 4117 καὶ
2258 4064 2365 4116 τῶν
2394 4064 2484 4116 ὑπ’
2516 4063 2677 4116 αὑτὸν
2707 4063 3202 4132 πολιτευσαμένων,
3236 4063 3492 4134 κεκίνηκε
3522 4063 3677 4130 λόγον
3698 4081 3714 4095 ο

2137 4158 2229 4209 καὶ
2258 4153 2506 4226 διήλεγξε
2537 4155 2824 4218 κάκείνους
2861 4156 2953 4208 τὸν
2987 4155 3236 4224 φυσικὸν,
3267 4155 3361 4208 καὶ
3387 4155 3606 4217 τούτους
3626 4154 3718 4206 τὸν

2137 4245 2432 4299 θ1ωσαῖκὺν
2459 4244 2916 4316 παραϐεϐηκότας
2940 4245 3121 4315 νόμον,
3147 4246 3240 4298 καὶ
3265 4245 3534 4314 τιμωρίας
3557 4243 3720 4308 ὄντας

2135 4339 2235 4408 τῆς
2269 4337 2505 4406 ἐσχάτης
2538 4336 2742 4403 ἀξίους.
2778 4337 2888 4391 Καὶ
2925 4337 3106 4406 ίατρδν
3138 4338 3357 4409 ἄριστον
3385 4337 3716 4408 ἐμιμήσατο,

2135 4430 2193 4492 ὃς
2222 4430 2486 4500 πρότερον
2513 4428 2612 4500 τὴν
2644 4427 2736 4482 τοῦ
2773 4431 3076 4500 νοσήματος
3107 4428 3448 4501 χαλεπότητα
3477 4429 3720 4482 διδάσκει

2133 4523 2260 4586 τοὺς
2288 4523 2617 4593 κάμνοντας,
2652 4521 2751 4576 εἶθ’
2785 4521 2926 4576 οὕτω
2958 4523 3256 4595 προσφέρει
3286 4522 3385 4594 τὴν
3408 4522 3515 4575 τῶν
3541 4520 3720 4586 ἀλεξι-

2136 4614 2322 4668 κάκων
2346 4613 2656 4684 φαρμάκων
2686 4612 2957 4682 βοήθειαν.
2993 4611 3149 4666 Οὕτω
3182 4611 3290 4684 γὰρ
3317 4612 3412 4666 καὶ
3436 4611 3599 4675 αὐτὸς
3619 4610 3720 4680 τὴν

2134 4705 2339 4759 τούτων
2373 4705 2642 4758 κάκείνων
2670 4703 2944 4770 διελέγξας
2993 4703 3355 4775 παρανομίαν,
3406 4704 3500 4756 καὶ
3539 4701 3719 4767 δείξας
3783 4758 3798 4770 ,

2136 4795 2471 4859 ὑπευθύνους
2507 4798 2600 4849 καὶ
2637 4796 2906 4867 τιμωρίας
2946 4796 3151 4860 ἀξίους,
3197 4795 3494 4866 προσφέρει
3531 4794 3720 4847 λοιπὸν

2134 4888 2194 4941 τὸ
2225 4889 2326 4958 τῆς
2359 4887 2595 4951 πίστεως
2631 4887 2944 4956 φάρμακον,
2977 4889 3072 4941 καὶ⁵
3105 4887 3200 4957 τῆς
3231 4877 3380 4951 θείας
3408 4885 3723 4956 οἰκονομίας
3783 4883 3820 4956 ἦ.

2133 4979 2232 5051 τὴν
2260 4979 2668 5049 φιλανθρωπίαν
2694 4979 2957 5042 διδάσκει,
3006 4979 3099 5034 καί
3130 4991 3314 5050 φησιν·

2206 5069 2370 5138 θ’-ιη’.
2425 5069 2487 5122 Tl
2538 5064 2652 5124 οὖν
2688 5068 3020 5138 κατέχομεν
3049 5070 3380 5138 περισσόν;
3429 5072 3724 5136 Προῃτια-
3793 5071 3802 5078 ’

2136 5160 2366 5229 σάμεοα
2399 5161 2509 5230 γὰρ
2547 5161 2876 5226 Ἰουδαίους
2905 5178 2969 5214 τε
2993 5162 3090 5215 καί
3125 5164 3454 5229 Ἕλληνας,
3489 5159 3730 5224 πάντας

2135 5253 2235 5322 ὑφ’
2265 5251 2556 5322 ἁμαρτίαν
2586 5248 2758 5317 εἶναι,
2807 5251 3002 5319 καθὼς
3038 5253 3382 5322 γέγραπται,
3434 5251 3523 5306 ὅτι
3597 5252 3728 5304 Οὐκ

2135 5345 2267 5399 ἔστι
2297 5344 2524 5411 δίκαιος
2555 5344 2697 5399 οὐδὲ
2724 5340 2832 5410 εἷς.
2871 5347 2992 5400 Οὐκ
3026 5348 3196 5401 ἐστιν
3229 5349 3262 5401 ό
3294 5344 3527 5401 συνιὼν
3549 5361 3564 5377 ο
3608 5344 3732 5397 οὐκ

2136 5439 2307 5492 ἐστιν
2337 5439 2370 5490 ό
2412 5435 2670 5503 ἐκζητῶν
2716 5439 2824 5492 τὸν
2864 5441 3033 5494 Θεόν.
3088 5439 3320 5504 Πάντες
3372 5438 3726 5504 ἐξέκλιναν,

2135 5531 2255 5599 ἅμα
2282 5527 2697 5597 ἡχρειώθησαν
2727 5545 2739 5558 ·
2788 5534 2898 5584 οὐκ
2936 5531 3066 5585 ἔστι
3102 5529 3290 5584 ποιῶν
3315 5530 3727 5600 χρηστότητα,

2137 5623 2246 5676 οὐκ
2271 5619 2442 5675 ἔστιν
2473 5620 2581 5686 ἕως
2605 5619 2760 5687 ἑνός.
2801 5621 2991 5690 Τίίερος
3022 5622 3398 5692 ἀνεῳγμένος
3427 5623 3459 5674 o'
3487 5615 3734 5686 λάρυγξ
