4074 6176
357 217 420 286 Si
1217 221 1830 287 INTERPRETATIO
1871 227 2109 287 EPIST.
2151 230 2250 288 AD
2291 228 2471 288 ROM.
2513 229 2672 290 CAP.
2715 231 2825 292 III.
3554 231 3626 296 8‘3

358 333 586 399 αὐτῶν,
657 335 784 402 ταῖς
826 335 1130 407 γλώσσαις
1171 327 1371 394 αὐτῶν
1417 339 1802 394 ἐδολιοῦσαν.
1843 340 1928 394 Ἰὸι

2055 343 2300 412 agebant.
2343 342 2606 398 Venenum
2647 344 2892 412 aspidum
2926 343 3022 397 sub
3051 344 3207 399 tabiis
3240 362 3440 400 eorum.
3472 347 3621 412 Quo-

360 427 641 483 ἀσπίδων
665 428 781 483 ὑπὸ
802 430 872 484 τὰ
899 431 1071 500 χείλη
1101 431 1318 486 αὐτῶν.
1350 428 1464 485 Ὧν
1490 433 1556 486 τὸ
1577 435 1771 501 στόμα
1795 431 1943 502 ἀρᾶς

361 520 464 574 καί
502 521 739 586 πικρίας
775 520 954 591 τέμει.
1009 523 1195 588 Ὀξεῖς
1218 527 1271 577 ol
1305 524 1486 589 πόδες
1513 523 1712 577 αὐτῶν
1742 524 1942 591 ἐκχέαι

358 607 522 680 αἷμα.
582 614 920 682 Σύντριμμα
953 616 1049 668 καὶ
1099 617 1462 685 ταλαιπωρία
1513 617 1583 669 ἐν
1626 617 1753 682 ταῖς
1781 616 1942 684 ὁδοῖς

359 699 587 753 αὐτῶν·
633 702 728 754 καί
761 703 904 756 ὁδὸν
924 703 1165 772 εἰρήνης
1191 707 1301 759 οὐκ
1335 706 1630 773 ἔγνωσαν.
1665 707 1785 759 Οὐκ
1810 708 1942 759 ἐστι

358 791 542 859 φόϐος
575 791 724 846 Θεοῦ
753 792 1040 848 ἀπέναντι
1073 794 1184 848 τῶν
1217 792 1542 863 ὀφθαλμῶν
1569 793 1785 848 αὐτῶν.
1829 795 1940 847 Καὶ

359 884 416 936 ὲν
445 885 559 946 τοῖς
595 883 828 952 πρόσθεν
859 886 1318 956 ήρμηνευμένοις,
1370 885 1439 938 τὰ
1472 887 1609 940 κατὰ
1642 886 1740 956 τὴν
1780 903 1938 951 περι-

357 974 529 1044 τομὴν
556 979 650 1028 καὶ
681 975 780 1046 τὴν
807 977 1172 1048 ἀκροϐυστίαν
1208 976 1612 1049 παρεξετάσας,
1648 980 1897 1046 ἐπήγαγε
1921 995 1933 1009 ·

363 1065 425 1117 Τί
449 1060 564 1118 οὖν
589 1065 654 1118 τὸ
685 1067 962 1134 περιττὸν
989 1067 1095 1121 τοῦ
1129 1067 1420 1121 Ἰουδαίου
1441 1069 1519 1132 ³³;
1554 1069 1657 1120 Καὶ
1680 1067 1932 1133 ἐνταῦθα,

354 1154 524 1218 δεῖξαι
553 1155 872 1227 βουλόμενος
896 1158 994 1227 τῆς
1017 1157 1377 1228 εύαγγελικῆς
1400 1160 1618 1230 χάριτος
1644 1161 1741 1232 τὴν
1767 1163 1934 1234 ὑπερ·

356 1246 538 1317 σολὴν,
575 1247 714 1318 ἔφη·
773 1250 834 1301 Τί
869 1245 984 1304 οὖν
1018 1251 1347 1320 κατέκομεν
1371 1253 1709 1318 περισσόν;
1767 1249 1934 1307 Ἐδείὲ

355 1339 527 1410 ξαμεν
569 1342 677 1412 γὰρ
711 1342 805 1394 καὶ
851 1344 976 1406 τοὺς
1023 1341 1127 1408 ἔξω
1177 1344 1269 1398 τοῦ
1312 1345 1502 1415 νόμου,
1546 1347 1793 1410 καὶτοὺς
1829 1349 1934 1400 ὑπὸ

2001 503 2004 507 Α
2047 451 2164 487 rum
2189 452 2247 488 os
2275 435 2646 490 maledictione
2672 446 2724 489 et
2748 436 3110 490 amaritudine
3149 437 3356 504 plenum
3385 452 3486 496 est.
3526 437 3622 494 Ve-

2045 525 2182 580 lores
2214 525 2366 594 pedes
2394 543 2573 580 eorum
2602 527 2672 579 ad
2704 526 3088 595 effundendum
3112 531 3442 598 sanguinem.
3480 529 3620 584 Cou-

2044 625 2190 676 tritio
2227 634 2276 677 et
2315 624 2606 692 infelicitas
2649 624 2704 676 in
2736 624 2832 678 viis
2868 625 3103 692 ipsorum
3139 643 3157 680 :
3188 633 3236 678 et
3284 625 3421 678 viam
3474 628 3618 693 pacis

2043 728 2144 765 nou
2198 721 2565 782 cognoverunt.
2630 710 2752 766 Non
2795 721 2872 766 est
2928 713 3087 765 timor
3140 712 3235 766 Dei
3275 722 3396 767 ante
3441 715 3620 768 oculos

2038 820 2240 858 eorum.
2275 805 2340 857 Et
2367 805 2420 858 in
2453 804 2523 858 iis
2554 819 2675 874 quae
2709 802 2970 873 superius
3005 803 3276 873 explicata
3302 813 3453 869 sunt,
3491 821 3618 860 cum

2037 893 2141 966 41
2193 897 2671 951 circumcisioncm
2726 912 2851 951 cum
2914 899 3182 966 praeputio
3242 898 3616 960 contulisset,

2038 989 2363 1058 subjunxit:
2409 987 2551 1053 Quid
2585 1006 2706 1060 ergo
2741 990 2973 1058 amplius
2997 989 3188 1044 Judwo
3217 1000 3293 1044 est
3325 993 3348 1047 Ρ
3401 990 3464 1045 Et
3513 992 3618 1046 hoc

2039 1079 2161 1134 loco
2191 1081 2383 1135 volens
2421 1081 2611 1148 gratiae
2640 1081 2973 1150 evangelicae
3005 1081 3390 1135 excellentiam
3424 1090 3614 1137 osten-

2035 1169 2186 1234 dere,
2241 1172 2318 1225 ait
2360 1190 2373 1226 :
2409 1171 2551 1238 Quid
2604 1189 2729 1243 ergo
2803 1172 3203 1242 prwcellimus.’
3261 1172 3618 1229 Ostendimus

2036 1262 2206 1325 enim,
2245 1271 2298 1316 et
2317 1277 2414 1317 eos
2438 1264 2531 1333 qui
2562 1272 2720 1318 extra
2756 1264 2956 1334 legem,
3001 1273 3055 1319 et
3089 1278 3186 1320 eos
3232 1265 3328 1335 qui
3358 1265 3462 1320 sub
3499 1265 3615 1336 lege

2037 1349 2285 1413 fuerunt,
2317 1364 2596 1418 peccasse.
2623 1349 2838 1418 Adiecit
2863 1359 3048 1404 autem
3076 1350 3243 1405 etiam
3288 1349 3612 1405 Davidicum

351 1430 430 1499 τῷ
486 1431 634 1502 νόμῳ
699 1432 1185 1504 πολιτευσαμένους
1235 1436 1635 1506 ἡμαρτηκέναι.
1696 1438 1928 1510 Προστέ-

2030 1442 2437 1507 Jestimouium,
2471 1451 2532 1494 ut
2559 1441 2843 1510 proposito
2873 1447 3199 1510 argumento
3226 1440 3385 1496 valde
3409 1454 3611 1495 conve-

353 1523 502 1576 θεικε
551 1524 607 1577 δὲ
655 1526 750 1578 καὶ
797 1527 894 1598 τὴν
940 1527 1230 1600 Δαὸιτικὴν
1282 1528 1624 1598 μαρτυρίαν,
1671 1530 1745 1592 ὡς
1794 1530 1934 1598 ἄγαν

352 1615 729 1685 ἁρμόττουσαν
769 1621 846 1680 είς
878 1619 977 1690 τὴν
1019 1619 1390 1691 προκειμένην
1425 1618 1702 1673 ὑπόθεσιν.
1737 1621 1931 1672 Συντο-

354 1708 484 1773 μίας
517 1707 571 1760 δὲ
610 1709 690 1762 ὅτι
735 1709 969 1780 μάλιστα
1010 1710 1307 1779 φροντίζων
1333 1711 1490 1763 τοῦτο
1532 1713 1707 1764 ποιεῖ·
1755 1712 1788 1782 ἢ
1825 1712 1930 1784 γάρ

351 1799 419 1850 ἂν
448 1799 690 1863 ἅπαντας
716 1802 842 1863 τοὺς
870 1801 1157 1870 προφήτας
1186 1801 1263 1862 εἰς
1295 1802 1625 1872 κατηγορίαν
1663 1801 1930 1855 Ἰουδαίων

349 1890 628 1955 ἐκάλεσεν,
678 1891 727 1942 οἳ
768 1890 834 1942 τά
860 1890 1084 1942 τοιαῦτα
1116 1891 1238 1960 περὶ
1271 1889 1449 1944 αὐτῶν
1491 1891 1581 1944 καῖ
1617 1891 1693 1943 ἔτι
1725 1891 1930 1945 τούτων

348 1981 671 2053 ἀτοπώτερα
701 1982 972 2049 λέγουσιν.
1003 1981 1160 2036 Ὅθεν
1190 1982 1466 2054 ἐπήγαγεν
1489 1999 1504 2014 °

423 2073 508 2127 t0'.
555 2072 812 2140 Οἴδαμεν
842 2072 930 2125 ὅτι
969 2072 1085 2126 ὅσα
1123 2075 1155 2126 ό
1189 2072 1371 2142 νόμος
1396 2073 1579 2142 λέγει,
1602 2073 1724 2140 τοῖς
1757 2075 1828 2127 ἐν
1851 2072 1930 2139 τῷ

349 2164 512 2232 νόμῳ
543 2162 735 2216 λαλεῖ.
770 2164 875 2216 Σὺν
907 2164 1075 2234 πολλῇ
1109 2164 1166 2217 δὲ
1199 2165 1293 2217 καὶ
1319 2164 1477 2217 τοῦτο
1501 2166 1742 2219 τέθεικεν
1773 2169 1932 2237 ἀκρι-

354 2254 495 2322 ϐείᾳ.
541 2256 616 2306 Ού
647 2254 755 2326 γάρ
785 2251 928 2317 εἷπε,
969 2257 1102 2326 περὶ
1140 2256 1256 2309 τῶν
1280 2257 1350 2309 ἐν
1378 2257 1456 2321 τῷ
1483 2259 1642 2326 νόμῳ
1658 2259 1724 2322 ⁸⁸,
1773 2259 1927 2323 ἀλλὰ,

355 2343 480 2408 τοῖς
503 2344 572 2397 ἐν
599 2343 678 2410 τῷ
704 2347 884 2415 νόμῳ.
931 2348 1107 2401 Πολλὰ
1138 2348 1246 2419 γὰρ
1280 2349 1372 2402 καὶ
1406 2351 1531 2420 περὶ
1574 2349 1930 2403 Βαϐυλωνίων

352 2433 516 2501 λέγει,
564 2437 787 2506 Περσῶν
823 2455 878 2490 τε
929 2439 1022 2492 καὶ
1052 2440 1251 2508 Μήδων
1300 2440 1392 2492 καὶ
1434 2441 1748 2508 Αἰγυπτίων
1774 2484 1786 2505 ,
1833 2443 1927 2496 καὶ

347 2525 546 2595 ἐτέρων
579 2525 844 2579 πλείστων
875 2528 1063 2582 ἐθνῶν.
1107 2529 1244 2581 Ἀλλ’
1276 2531 1426 2600 ὅμως
1444 2531 1488 2562 ³⁸
1527 2531 1800 2596 Ἰουδαίοις
1836 2532 1926 2587 καὶ

343 2612 442 2676 τὰς
468 2615 815 2684 περὶτούτων
835 2619 1169 2690 προρρήσεις
1195 2621 1531 2691 προσέφερεν
1545 2623 1612 2676 ³⁵.
1647 2623 1779 2678 "Ira
1805 2623 1930 2678 πᾶν
1953 2607 1958 2614 ’

339 2707 537 2774 στόμα
558 2707 777 2776 φραγῇ.
803 2709 899 2762 καὶ
926 2710 1217 2776 ὑπόδικος
1241 2711 1480 2781 γένηται
1503 2713 1620 2780 πᾶς
1643 2718 1684 2767 ὁ
1700 2717 1930 2785 κόσμος

341 2794 424 2862 τῷ
456 2797 595 2863 Θεῷ.
640 2799 714 2851 Τὸ
747 2801 846 2853 ἵνα
883 2801 1044 2854 πάλιν
1081 2802 1223 2854 κατὰ
1263 2803 1324 2855 τὸ
1361 2805 1558 2856 οἰκεῖον
1597 2805 1790 2874 ἰδίωμα
1837 2809 1928 2860 τέ-

339 2885 546 2942 θεικεν.
594 2890 728 2942 Οὐδὲ
758 2890 866 2961 γὰρ
895 2891 1085 2944 τούτου
1117 2893 1273 2963 χάριν
1323 2896 1417 2947 καὶ
1459 2893 1740 2964 νομοθετεί
1767 2900 1794 2950 ό
1823 2898 1928 2951 τῶν

2038 1535 2216 1589 niens.
2249 1532 2508 1587 Brevitati
2537 1541 2721 1586 autem
2765 1531 3036 1601 praecipue
3061 1530 3289 1585 studens
3310 1531 3412 1585 hoc
3445 1532 3610 1584 facit:

2036 1624 2240 1694 alioqui
2290 1639 2483 1678 omnes
2538 1623 2831 1693 prophetas
2887 1620 2956 1675 ad
3013 1619 3327 1676 Iudaeorum
3386 1635 3615 1674 accusa-

2034 1714 2237 1767 tionem
2261 1723 2547 1779 vorasset,
2569 1713 2661 1782 qui
2702 1711 2817 1766 haec
2839 1710 2906 1765 de
2938 1709 3070 1774 illis,
3121 1718 3288 1780 atque
3330 1709 3417 1764 bis
3447 1708 3613 1764 etiam

2033 1805 2362 1862 absurdiora
2389 1805 2608 1859 dicunt.
2637 1802 2792 1859 Unde
2832 1801 3123 1872 subjunin
3149 1819 3163 1856 :

2105 2075 2270 2131 Vens.
2316 2074 2401 2130 l9.
2449 2073 2659 2129 Scimus
2696 2073 2833 2144 quod
2881 2087 3202 2143 quacunque
3236 2070 3319 2125 lea:
3355 2068 3606 2139 loquitur,

2031 2167 2097 2220 iis
2117 2167 2205 2237 qui
2232 2173 2355 2220 sunt
2392 2166 2446 2217 in
2476 2164 2586 2235 lege
2614 2164 2867 2234 loquitur.
2896 2161 3008 2216 lloc
3038 2169 3219 2216 autem
3248 2160 3415 2215 etiam
3452 2157 3610 2212 valde

2032 2264 2293 2309 accurate
2328 2253 2534 2324 posuit.
2563 2253 2683 2307 Non
2713 2252 2861 2307 enim
2897 2251 3057 2313 dixit,
3086 2250 3149 2304 de
3179 2251 3246 2303 iis
3270 2250 3360 2319 qui
3394 2256 3515 2302 sunt
3552 2247 3608 2300 in

2033 2344 2163 2415 lege,
2197 2345 2314 2410 sed,
2344 2345 2408 2398 iis
2440 2346 2530 2414 qui
2573 2353 2695 2398 sunt
2719 2345 2771 2397 in
2794 2343 2924 2413 lege.
2979 2341 3144 2395 Multa
3180 2341 3328 2395 enim
3382 2339 3518 2393 dicit
3550 2346 3604 2393 et

2036 2435 2103 2490 de
2129 2434 2527 2506 Babyloniis,et
2553 2434 2621 2490 de
2653 2433 2855 2498 Persis,
2875 2442 2928 2488 et
2943 2431 3134 2498 Medis,
3157 2429 3520 2501 ctngyptiis,
3548 2437 3604 2484 et

2032 2526 2156 2581 aliis
2186 2526 2436 2595 pluribus
2459 2526 2739 2596 gentibus.
2779 2525 2885 2580 Sed
2922 2532 3106 2579 tamen
3139 2524 3205 2578 de
3234 2522 3358 2576 istis
3385 2535 3608 2591 quoque

2030 2615 2204 2673 iactas
2237 2619 2624 2688 praedictiones
2649 2617 2856 2673 Iudaeis
2891 2615 3225 2688 proferebat,
3262 2613 3328 2668 Ut
3369 2629 3520 2668 omne
3549 2628 3606 2665 os

2030 2711 2358 2778 obstruatur,
2383 2721 2430 2765 et
2460 2711 2703 2765 subditus
2720 2711 2818 2779 ﬁat
2846 2710 3017 2764 omnis
3049 2707 3278 2761 mundus
3311 2705 3440 2760 Deo.
3469 2704 3605 2758 Illud

2029 2813 2086 2856 ut
2118 2819 2315 2859 rursus
2337 2805 2572 2872 quodam
2593 2802 2700 2857 sibi
2728 2802 2950 2871 prOprio
2981 2799 3240 2868 loquendi
3258 2799 3420 2851 modo
3441 2813 3606 2851 usur-

2032 2894 2199 2962 pavit.
2223 2892 2343 2946 Non
2373 2894 2520 2948 enim
2547 2893 2670 2947 ideo
2693 2893 2797 2947 fert
2821 2894 2992 2960 legem
3021 2891 3407 2944 universorum
3441 2887 3605 2947 Deus,

333 2977 481 3033 ὅλων
501 2980 653 3044 Θεὸς,
685 2983 778 3035 καὶ
804 2982 901 3046 τὰς
932 2985 1286 3054 παραινέσεις
1307 2990 1417 3050 τοῖς
1440 2987 1748 3058 ἀνθρώποις
1769 3009 1928 3062 προσ-

2033 2992 2087 3037 ct
2126 2993 2395 3055 prmcepta
2433 2987 2523 3039 dat
2559 2985 2900 3048 hominibus,
2933 2993 2990 3037 ut
3018 2997 3115 3038 eos
3135 2981 3329 3037 reddat
3362 2981 3607 3052 peccatis

331 3070 522 3143 φέρει,
575 3072 664 3125 ἵνα
707 3076 824 3136 ταῖς
871 3077 1166 3145 τιμωρίαις
1206 3077 1538 3143 ὑπευθύνους
1580 3082 1882 3153 ἐργάσηται
1914 3103 1928 3118 ο

331 3161 456 3216 ἀλλ’
483 3161 644 3227 αὐτὸς
681 3163 777 3232 μὲν
808 3153 1218 3237 τῆςσωτηρίας
1263 3169 1443 3223 αὐτῶν
1478 3173 1929 3244 προμηθούμενος

329 3252 500 3307 τοῦτο
533 3257 694 3320 ποιεῖ,
740 3257 790 3309 οἱ
821 3257 877 3310 δὲ
905 3257 1002 3326 τὴν
1033 3259 1286 3314 ἐναντίαν.
1307 3262 1600 3326 ὁδεύοντες,
1653 3267 1928 3321 ἐπισπῶν-

331 3362 434 3398 ται
466 3346 564 3415 τὴν
609 3347 900 3418 τιμωρίαν.
955 3345 1087 3403 Εἶτα
1132 3352 1339 3421 μέλλων
1384 3354 1656 3410 δεικνύναι
1684 3358 1752 3410 τά
1778 3359 1926 3431 δῶρα

332 3437 442 3507 τῆς
487 3437 759 3504 πίστεως,
825 3439 1060 3495 δείκνυσι
1110 3443 1373 3516 πρότερον
1430 3445 1674 3512 ἅπαντας
1724 3451 1927 3523 ταύτης

344 3526 779 3597 προσδεομένους
819 3544 832 3558 ⁸
887 3532 980 3583 καὶ
1013 3533 1118 3601 πρό
1147 3550 1207 3600 γε
1242 3533 1348 3586 τῶν
1377 3535 1550 3590 ἄλλων
1576 3538 1772 3603 αὐτοὺς
1800 3543 1926 3606 τοὺς

335 3615 440 3668 ἐπὶ
475 3615 552 3686 τῷ
585 3616 734 3688 νόμῳ
766 3621 1214 3690 σεμνυνομένους.

423 3715 491 3763 κ’.
541 3709 697 3763 Διότι
750 3710 820 3775 ἐξ
871 3711 1060 3782 ἔργων
1108 3715 1295 3783 νόμου
1346 3719 1418 3772 οὐ
1475 3721 1925 3792 δικαιωθήσεται

333 3797 511 3854 πᾶσα
542 3800 701 3869 σὰρξ
745 3802 1004 3858 ἐνώπιον
1029 3807 1238 3862 αὐτοῦ.
1289 3809 1395 3862 Τοῦ
1433 3813 1726 3868 Μωσαῖκοῦ
1757 3818 1923 3888 νόμου

333 3891 412 3944 τὰ
453 3890 550 3962 μὲν
601 3893 880 3947 συνέϐαινε
915 3898 980 3967 τῇ
1019 3898 1218 3964 γνώσει
1262 3900 1360 3971 τῆς
1403 3903 1653 3972 φύσεως,
1698 3908 1774 3971 ὼς
1822 3909 1919 3963 τό·

339 4000 360 4032 ι
395 3982 472 4034 Οὐ
503 3982 829 4052 μοιχεύσεις,
860 3986 920 4038 οὐ
950 3988 1250 4055 φονεύσεις,
1282 3992 1342 4044 οὐ
1376 3994 1613 4065 κλέψεις,
1642 3998 1703 4050 οὐ
1730 3998 1924 4068 ψευδο-

337 4075 713 4144 μαρτυρήσεις
733 4077 872 4130 κατὰ
889 4078 982 4131 τοῦ
1007 4080 1231 4150 πλησίον
1262 4101 1354 4138 σου
1381 4089 1689 4160 μαρτυρίαν
1713 4090 1884 4162 ψευδῆ
1906 4108 1918 4122 ·

335 4165 475 4234 τίμα
507 4167 597 4219 τὸν
632 4168 844 4238 πατέρα
878 4187 970 4224 σου
1000 4174 1094 4226 καὶ
1123 4174 1220 4244 τὴν
1257 4177 1466 4248 μητέρα
1497 4197 1611 4242 σου,
1647 4201 1661 4230 ι
1705 4183 1796 4235 καὶ⁵
1825 4183 1923 4237 ὅσα

333 4253 586 4310 τοιαῦτα.
641 4257 874 4328 ’ῌδεσαν
923 4259 1032 4330 γὰρ
1078 4263 1171 4316 καὶ
1205 4265 1253 4316 οἱ
1295 4265 1482 4319 τοῦτον
1521 4267 1596 4339 μὴ
1638 4269 1920 4340 δεξάμενοι

2033 3077 2304 3133 obnoxios
2342 3096 2354 3131 :
2392 3081 2485 3132 sed
2523 3079 2639 3148 ipse
2675 3078 2916 3148 quidem,
2955 3092 3147 3132 eorum
3179 3075 3378 3150 salutis
3415 3089 3604 3129 curam

2030 3185 2228 3240 gerens
2267 3169 2318 3224 id
2351 3169 2522 3236 facit;
2554 3169 2647 3240 qui
2679 3178 2861 3224 autem
2903 3169 3245 3225 contrarium
3279 3169 3382 3222 iter
3422 3167 3606 3236 ingre'

2029 3261 2278 3326 diuntur,
2339 3261 2405 3314 ad
2462 3265 2569 3316 se‘
2625 3260 2961 3331 supplicium
3017 3261 3330 3314 attrahunt.
3398 3257 3605 3312 Deinde

2027 3352 2169 3407 dona
2201 3352 2321 3407 lidci
2353 3360 2702 3417 ostensurus,
2741 3350 2990 3406 ostendit
3035 3351 3186 3421 prius
3209 3365 3402 3404 omnes
3430 3363 3494 3403 ea
3516 3348 3602 3403 in-

2027 3447 2234 3516 digere,
2273 3453 2328 3500 et
2363 3459 2475 3516 pra:
2510 3445 2635 3501 aliis
2667 3458 2766 3500 eos
2803 3444 3046 3497 maxime
3088 3441 3181 3514 qui
3226 3441 3295 3498 de
3331 3441 3448 3512 lege
3483 3441 3604 3512 glo—

2027 3540 2264 3594 riantur.

2094 3715 2212 3788 42
2235 3713 2406 3770 Vens.
2443 3715 2535 3770 20.
2569 3713 2710 3779 Quia
2745 3729 2810 3768 ex
2831 3713 3074 3784 operibus
3106 3711 3232 3783 legis
3266 3727 3368 3766 non
3396 3709 3604 3780 justiﬁ-

2024 3809 2233 3862 cabitur
2265 3809 2436 3862 omnis
2470 3824 2596 3862 caro
2637 3824 2818 3862 coram
2845 3807 2961 3862 illo.
2997 3805 3158 3876 Legis
3200 3804 3452 3861 Mosaicze
3493 3805 3600 3859 alia

2026 3899 2249 3969 quidem
2287 3905 2496 3952 natura:
2523 3899 2819 3968 cognitioni
2881 3897 3303 3962 conveniebant,
3331 3905 3390 3950 ut
3423 3913 3441 3947 ι
3481 3892 3599 3948 Non

2033 3989 2421 4054 tumebaberis,
2456 4006 2563 4045 non
2608 3989 2852 4054 occides,
2878 4003 2986 4042 non
3033 3986 3324 4050 l‘urabcris,
3362 4002 3474 4040 non
3512 3985 3600 4039 di-

2025 4096 2114 4136 ces
2137 4083 2334 4138 falsum
2367 4064 2741 4138 testimonium
2767 4081 3032 4137 adversus
3063 4080 3375 4150 proximum
3399 4087 3551 4130 tuum
3581 4092 3595 4128 :

2025 4173 2230 4228 honora
2267 4184 2474 4244 patrem
2525 4183 2580 4228 et
2615 4181 2840 4229 matrem
2866 4185 2914 4238 α,
2952 4192 2969 4223 ι
3006 4182 3059 4226 et
3083 4183 3424 4242 quaecunque
3451 4169 3601 4238 cius-

2026 4263 2195 4318 modi.
2231 4263 2486 4318 Sciebant
2525 4265 2670 4318 enim
2713 4265 2876 4318 etiam
2905 4265 2940 4317 ii
2988 4263 3082 4331 qui
3116 4277 3236 4315 eam
3273 4261 3443 4329 legem
3488 4275 3596 4314 non

335 4347 430 4400 τὸν
459 4347 644 4417 νόμον,
679 4349 759 4402 δτι
789 4350 990 4404 τούτων
1019 4353 1246 4407 ἕκαστον
1286 4359 1639 4428 κατηγορίαις
1670 4363 1762 4414 καὶ
1793 4363 1921 4432 μέν·

2030 4360 2405 4421 susceperant,
2437 4351 2864 4420 unumquodque
2890 4350 3127 4404 istorum
3166 4363 3274 4401 non
3302 4348 3478 4402 solum
3506 4363 3600 4400 ac-

335 4457 420 4494 τοι
452 4440 548 4494 καὶ
576 4443 867 4514 τιμωρίαις
901 4445 1221 4500 ὑπεύθυνον.
1255 4448 1389 4501 Τινὰ
1427 4449 1482 4501 δὲ
1523 4452 1793 4517 Ἰουδαίοις
1825 4455 1917 4524 μό-

335 4550 430 4590 νον
445 4534 491 4566 "
526 4537 645 4587 κατ’
672 4537 878 4590 ἐκεῖνον
908 4538 1256 4611 συμφέροντα
1283 4541 1373 4593 τὸν
1404 4541 1592 4610 καιρδν
1623 4543 1864 4598 τέθεικεν
1893 4547 1921 4599 ὁ

334 4622 668 4694 νομοθέτης·
705 4621 815 4679 οἷον
847 4629 1149 4699 περιτομὴν
1177 4629 1342 4698 λέγω,
1379 4631 1467 4684 καὶ
1497 4631 1794 4697 Σάϐϐατον,
1827 4636 1919 4688 καὶ

336 4714 435 4776 τὰς
466 4713 676 4779 θυσίας,
723 4718 816 4770 καὶ
855 4716 925 4770 τὰ
966 4721 1417 4791 περιρραντήρια,
1454 4723 1546 4775 καὶ
1578 4723 1643 4775 τὰ
1677 4724 1803 4793 περὶ
1836 4724 1921 4777 λε-

337 4803 481 4876 ττροῦ
516 4806 607 4858 καὶ
646 4809 998 4880 γονορρυοῦς,
1039 4812 1133 4864 καὶ
1160 4813 1228 4864 τὰ
1261 4813 1469 4878 τούτοις
1504 4816 1807 4886 προσόμοια
1832 4832 1844 4848 ·
1884 4816 1919 4870 ἃ.

341 4895 585 4966 σύμϐολα
632 4898 733 4967 μέν
763 4901 910 4952 ἐστιν
970 4901 1206 4973 ἐτέρων·
1276 4905 1629 4976 πληρούμενα
1676 4907 1732 4958 δὲ
1781 4907 1921 4961 αὖτά

335 4987 462 5041 κιθ’
505 4989 673 5042 ἑαυτὰ
722 4993 822 5044 οὐκ
867 4992 1083 5063 ἀπέχρη
1115 4994 1320 5049 δίκαιον
1349 4997 1626 5066 ἀποφῆναι
1657 4998 1746 5050 τὸν
1789 5015 1920 5068 μετ-

341 5080 510 5134 ιόντα.
563 5075 638 5134 Οὗ
684 5084 749 5154 δὴ
810 5086 968 5157 χάριν
1014 5087 1107 5139 καὶ
1162 5089 1190 5139 ὁ
1240 5086 1380 5150 θεῖος
1427 5088 1740 5152 Ἀπόστολος
1773 5091 1915 5159 ἔφη·

336 5173 494 5227 Διότι
541 5175 610 5240 ἐξ
659 5176 848 5247 ἔργων
897 5181 1085 5248 νόμον
1138 5183 1210 5234 οὺ
1251 5180 1705 5251 δικαιωθήσεται
1754 5183 1920 5238 πᾶσα

421 5317 443 5344 ε
489 5305 666 5362 Exod.
700 5325 765 5363 xx
789 5349 804 5371 ,
844 5310 935 5376 l9,
970 5310 1072 5378 16;
1103 5310 1238 5366 Luc.
1269 5328 1399 5367 mu
1426 5352 1440 5379 ,
1471 5314 1544 5368 20

341 5561 630 5617 απιιτθῢτιηι
643 5605 655 5617 .

341 5631 385 5662 ³¹
423 5632 458 5684 Β
488 5633 687 5703 μόνοις.

2025 4443 2324 4506 cusationi,
2365 4441 2459 4498 sed
2493 4443 2658 4496 etiam
2688 4441 2960 4511 supplicio
2985 4453 3104 4494 esse
3129 4437 3454 4492 obnoxium.
3477 4439 3595 4494 Alia

2025 4545 2206 4590 autem
2246 4534 2370 4587 tulit
2413 4532 2717 4600 lcgislator,
2756 4547 2877 4601 quae
2896 4529 3102 4588 Iudaeis
3132 4532 3308 4588 solum
3350 4546 3416 4584 eo
3463 4541 3599 4586 tem-

2024 4641 2156 4696 pore
2173 4624 2556 4679 conducebant
2579 4643 2590 4679 :
2615 4623 3073 4694 quemadmodum
3094 4623 3592 4686 circumcisionem,

2023 4727 2074 4772 ct
2103 4711 2409 4779 sabbatum,
2434 4723 2488 4770 et
2517 4717 2810 4780 sacriﬁcia,
2831 4725 2885 4770 et
2903 4718 3252 4786 aspersiones
3275 4731 3337 4770 ac
3356 4717 3594 4781 lavacra,

2021 4821 2068 4864 et
2096 4823 2216 4878 qua:
2241 4809 2309 4864 de
2347 4809 2566 4878 leproso
2589 4821 2635 4864 et
2663 4809 2730 4865 de
2757 4809 3069 4864 seminilluo
3099 4809 3405 4862 constituta
3445 4814 3595 4872 sunt,

2024 4914 2077 4956 et
2110 4902 2215 4955 alia
2247 4901 2332 4956 his
2359 4901 2559 4956 similia
2585 4918 2598 4955 :
2632 4917 2754 4971 qua:
2776 4901 3006 4955 aliorum
3023 4901 3242 4970 quidem
3265 4901 3418 4970 signa
3445 4908 3592 4963 sunt,

2024 4993 2142 5062 ipsa
2173 4999 2353 5047 autem
2389 4991 2684 5063 adimplela
2716 5007 2813 5061 per
2848 5005 2907 5047 se
2937 5007 3044 5046 non
3072 4990 3348 5047 sufﬁciunt
3371 4990 3436 5042 ad
3470 5005 3594 5044 eum

2019 5087 2230 5157 justum
2257 5087 2616 5148 reddendum,
2649 5085 2740 5155 qui
2777 5099 2842 5138 ca
2872 5083 3209 5152 exsequitur.
3230 5081 3593 5148 Quamobrem

2020 5180 2240 5235 divinus
2282 5193 2504 5249 quoque
2552 5175 2851 5245 Apostolus
2897 5173 3077 5228 dixit:
3114 5171 3256 5240 Quia
3309 5188 3373 5227 ea:
3418 5173 3592 5243 operi-

1654 5404 1884 5458 VARle
1926 5401 2308 5460 LECTIONES

408 5493 454 5524 ⁸³
476 5492 516 5545 Β
549 5491 740 5546 Ἰούδα.
817 5492 862 5562 ’ἦ
890 5491 1155 5547 ἨιοοιιιιΙ.
1194 5493 1262 5549 de
1288 5495 1354 5550 iis
1381 5510 1506 5562 quae
1545 5505 1671 5550 Sltlll
1705 5503 1855 5560 extra
1885 5495 2076 5562 legem.

749 5563 791 5592 "‘
840 5561 966 5619 Post
1032 5581 1262 5635 προςεφ.
1323 5559 1493 5620 addit.
1533 5564 1674 5635 apud
1721 5559 2114 5620 (llic-tunéuium
2162 5565 2270 5625 τοῖς
2325 5564 2381 5614 ὲν
2437 5559 2515 5630 τῷ
2568 5560 2734 5632 νόμῳ,
2790 5563 3035 5618 τουτέστι
3101 5565 3210 5626 τοῖς
3255 5560 3362 5620 ὑπὸ
3417 5559 3600 5627 νόμον.

2179 5491 2224 5522 ⁸⁸
2270 5490 2533 5546 'l‘ltcodul.
2580 5489 2749 5545 Jud:ei
2796 5500 2976 5546 tamen
3025 5493 3282 5548 vaticinia
3334 5492 3403 5544 de
3449 5489 3600 5544 hisce
