4074 6176
437 223 521 286 .33
1425 213 1906 275 TIIEODORETI
1933 213 2270 274 EPISCOPI
2305 215 2668 274 CYRENSIS
3628 217 3700 282 ει

455 333 550 387 bus
580 330 703 402 legis
731 345 833 384 non
853 327 1237 399 iustiﬁcabimr
1269 328 1438 380 omnis
1475 342 1600 382 caro
1662 341 1840 380 coram
1875 327 2012 396 ipso.

2132 327 2277 394 σὰρξ
2298 326 2554 380 ἐνώπιον
2573 325 2779 382 αὑτοῦ.
2812 326 2918 379 Καὶ
2949 326 3036 379 ἵνα
3063 326 3136 397 μή
3161 343 3240 388 τις
3263 325 3426 382 αὐτὸν
3457 325 3701 402 ὑπολάὕῃ

455 421 523 477 Et
560 437 630 478 ne
659 421 783 491 quis
800 435 923 476 eum
955 419 1130 490 legem
1154 417 1464 488 vituperare
1491 418 1854 481 existimaret,
1886 418 2019 473 sub-

452 515 656 584 junxit,
684 511 786 567 Per
809 512 967 582 legent
997 512 1135 567 enim
1153 511 1378 581 cognitio
1402 511 1622 580 peccati.
1656 508 1791 576 Lex,
1821 509 2020 580 inquit,

462 603 848 675 perfectiorem
879 602 1086 673 peccati
1118 603 1490 674 cognitionem
1526 601 1842 656 hominibus
1877 601 2023 657 indi-

455 697 559 760 dit,
581 702 634 752 et
667 704 724 750 ut
752 694 1130 751 vehementius
1154 703 1511 750 accusaretur
1538 693 1717 749 ell‘ecit
1745 712 1758 747 :
1789 693 1856 748 ad
1875 701 2024 749 recte

455 795 635 844 autem
671 785 1034 843 exercendam
1083 784 1344 840 virtutem
1394 784 1708 838 hominibus
1765 783 2019 839 sullicere

457 887 567 935 non
592 873 790 943 potuit.
819 872 957 927 Cum
989 873 1069 928 sic
1095 871 1432 928 ostendisset
1456 873 1632 943 legem
1680 887 1804 928 esse
1827 872 2023 939 {solum

457 964 729 1019 bonorum
759 963 1228 1034 honestorumque
1256 961 1598 1034 magistram,
1625 960 1866 1018 ostendit
1897 975 2023 1031 gra-

458 1054 544 1108 tiae
569 1055 887 1124 potentiam.

528 1145 699 1201 Vens.
744 1145 834 1200 2|.
868 1143 1024 1199 Nunc
1054 1154 1228 1200 autem
1259 1147 1370 1200 sine
1405 1146 1514 1216 lege
1534 1145 1751 1214 justitia
1779 1143 1874 1197 Dei
1908 1159 2023 1195 nta-

459 1238 713 1307 nifestata
762 1248 876 1300 est,
935 1238 1272 1306 testiﬁcataa
1319 1238 1427 1308 lege
1466 1247 1516 1291 et
1553 1235 1839 1306 prophetis.
1889 1233 2024 1299 Quis

460 1328 776 1398 apostolicae
827 1329 1114 1398 sapientia:
1139 1329 1440 1398 potentiam
1469 1328 1604 1382 satis
1634 1341 1733 1396 pro
1759 1324 2026 1394 dignitate

459 1415 761 1470 admiretur
789 1416 812 1469 ?
836 1415 1007 1470 Simul
1035 1417 1178 1471 enim
1205 1416 1443 1470 ostendit
1473 1422 1528 1469 et
1558 1415 1729 1485 legem
1751 1427 2022 1477 cessasse,

458 1517 513 1562 et
538 1522 656 1563 eam
691 1509 880 1579 gratia:
911 1509 1268 1579 patrocinari.
1296 1507 1402 1580 43
1453 1507 1590 1576 Apte
1624 1513 1806 1560 autem
1842 1504 2025 1574 posuit

458 1602 802 1671 manifestata
835 1611 936 1657 est.
976 1601 1133 1668 Quod
1188 1601 1334 1656 enim
1375 1610 1492 1655 erat
1539 1598 1872 1654 occultatum
1907 1596 2025 1652 dis-

2122 419 2216 472 τοῦ
2270 419 2433 488 νόμου
2478 419 2831 490 κατηγορεῖν,
2873 419 3121 489 ἐπήγαγε
3145 436 3158 451 ο
3216 417 3319 473 Διὰ
3359 419 3470 489 γὰρ
3514 423 3703 491 νόμον

2125 511 2448 579 ἐπίγνωσις
2484 509 2792 578 ἁμαρτίας.
2837 508 3279 580 ’Δκριδεστέραν,
3325 510 3512 580 φησὶν,
3547 513 3576 564 6
3614 513 3702 564 v6-

2127 618 2226 672 μος
2263 602 2376 664 τοῖς
2427 598 2731 671 ἀνθρώποις
2769 599 3063 668 ἐπίγνωσιν
3093 599 3192 670 τῆς
3233 600 3507 670 ἁμαρτίας
3550 602 3701 656 ὲντέ-

2127 692 2296 758 Θεικε,
2338 692 2701 763 σφοδροτέραν
2730 690 2826 762 τὴν
2858 692 2978 744 κατ’
3013 691 3182 760 αὐτῆς
3201 694 3558 763 -κατηγορίαν
3604 711 3703 748 πε-

2126 782 2321 852 ποίηκε
2340 798 2355 813 ’
2384 784 2464 846 εἰς
2489 781 2546 834 δὲ
2566 781 2666 851 τῆς
2691 781 2891 854 ἀρετῆς
2916 781 3012 852 τὴν
3033 779 3368 852 κατόρθωσιν
3396 784 3701 854 ἐπαρκέσαι

2126 874 2240 935 τοῖς
2269 869 2574 941 ἀνθρώποις
2602 871 2702 924 οὐκ
2731 871 2968 941 ἴσχυσεν.
3017 869 3172 924 Οὕτω
3199 870 3378 938 δείξας
3414 872 3504 927 τὸν
3537 875 3700 945 νόμον

2129 964 2289 1034 μόνον
2316 961 2633 1017 διδάσκαλον
2663 961 2770 1016 τῶν
2798 961 2998 1029 καλῶν,
3045 961 3388 1016 ὑποδείκνυσι
3418 964 3518 1036 τῆς
3543 964 3702 1037 χάριο

2125 1069 2214 1116 τος
2243 1051 2342 1121 τὴν
2372 1051 2545 1122 ἰσχύν.

2197 1141 2304 1196 κα’.
2343 1141 2493 1196 Νυνὶ
2527 1141 2594 1194 δὲ
2619 1141 2795 1210 χωρὶς
2815 1143 3002 1210 νόμου
3031 1141 3388 1211 δικαιοσύνη
3422 1143 3571 1197 Θεοῦ
3597 1159 3701 1198 πε-

2126 1231 2478 1302 φανέρωται,
2528 1231 2985 1302 μαρτυρουμένη
3037 1233 3157 1288 ὑπὸ
3203 1233 3309 1288 τοῦ
3361 1236 3548 1303 νόμου
3597 1238 3694 1290 καὶ

2126 1324 2244 1380 τῶν
2272 1322 2610 1394 προφητῶν.
2650 1323 2745 1387 Τίς
2772 1323 2838 1377 ἂν
2866 1323 3031 1389 ἀξίως
3052 1325 3321 1395 θαυμάσοι
3346 1327 3446 1396 τῆς
3467 1327 3699 1379 ἀποστοο

2127 1415 2285 1487 λικῆς
2313 1415 2502 1484 σοφίας
2528 1415 2626 1486 τὴν
2658 1415 2920 1486 δύναμιν;
2965 1416 3169 1481 Ἐδειξε
3201 1415 3308 1486 γὰρ
3337 1419 3476 1471 κατά
3505 1418 3698 1471 ταυτὸν

2127 1508 2223 1560 καὶ
2275 1505 2621 1577 πεπαυμένον
2669 1506 2759 1560 τὸν
2802 1507 2986 1578 νόμον,
3040 1507 3133 1560 καὶ
3183 1505 3584 1578 συνηγοροῦντα
3629 1511 3697 1577 τῇ

2127 1599 2329 1671 χάριτι.
2366 1597 2660 1671 Ἀρμοδίως
2685 1598 2741 1652 δὲ
2773 1599 2866 1652 καὶ
2897 1599 2980 1662 τὸ,
3010 1597 3436 1668 πεφανέρωται,
3465 1597 3697 1650 τέθεικε.

457 1693 798 1761 pensationis
829 1693 1176 1764 mysterium,
1205 1692 1464 1746 omnibus
1495 1688 1850 1744 manifestum
1897 1687 2021 1742 red-

2132 1688 2200 1741 T6
2226 1687 2334 1759 γάρ
2359 1688 2738 1760 κεκρυμμένον
2762 1688 2859 1758 τῆς
2883 1688 3192 1758 οἰκονομίας
3222 1689 3515 1759 μυστήριον
3537 1687 3700 1758 δῆλον

459 1779 618 1833 didit.
668 1777 727 1833 In
759 1781 949 1850 gratiae
984 1789 1167 1834 autem
1207 1787 1262 1834 et
1288 1779 1424 1850 legis
1464 1779 1758 1833 collatione
1784 1776 2026 1832 victoriae

459 1869 838 1924 excellentiam
861 1869 1122 1937 ostendit,
1152 1870 1540 1926 demonstrans
1567 1871 1737 1941 legem
1771 1869 1944 1940 ipsam
1973 1876 2028 1922 et

463 1957 760 2027 prophetas
783 1964 954 2013 testes
984 1973 1106 2015 esse
1132 1961 1338 2030 gratim.

531 2132 699 2189 Vens.
755 2135 844 2190 22.
907 2133 1135 2192 lautitia
1193 2147 1367 2192 autem
1422 2135 1521 2191 Dei
1550 2153 1640 2206 per
1693 2135 1851 2206 ﬁdem
1896 2131 2028 2187 Jesu

459 2223 662 2278 Christi
715 2225 772 2278 in
803 2241 979 2280 omnes
1026 2236 1074 2281 et
1122 2242 1280 2295 super
1317 2241 1491 2280 omnes
1521 2241 1608 2280 eos
1649 2224 1739 2294 qui
1783 2221 2023 2276 credunt.

461 2316 748 2387 Repetitur
769 2318 912 2388 quod
943 2317 1151 2374 dictum
1184 2317 1383 2381 fuerat,
1409 2327 1469 2372 ut
1503 2320 1521 2340 ⁶
1561 2315 1859 2386 adjiciatur
1879 2313 2027 2384 quod

459 2406 672 2463 deerat.
697 2407 836 2474 Quia
863 2409 1008 2464 enim
1029 2408 1166 2464 dixit
1193 2407 1417 2463 Iustitia
1443 2407 1540 2461 Dei
1559 2406 1900 2474 mani/estata
1927 2413 2028 2470 est,

459 2506 513 2552 et
531 2497 726 2555 deinde
761 2500 1004 2570 quaedam
1029 2499 1378 2571 interposuit,
1415 2498 1518 2552 hoc
1542 2497 1688 2552 dicto
1721 2495 2031 2550 necessario

463 2591 726 2662 repetito,
765 2591 1004 2646 ostendit
1035 2606 1131 2661 per
1154 2591 1312 2645 iidem
1344 2591 1396 2644 in
1441 2589 1726 2643 Dominum
1748 2586 2030 2642 Christum

462 2695 560 2738 eos
593 2681 686 2736 illa
725 2681 858 2746 frui,
890 2681 1005 2737 sive
1046 2682 1158 2738 sint
1185 2678 1378 2745 Judaei,
1413 2682 1528 2737 sive
1556 2681 1750 2742 Graeci,
1782 2680 1873 2750 qui
1911 2693 2028 2734 eam

462 2774 683 2845 assequi
715 2774 1046 2830 desiderant.
1079 2773 1216 2828 Illud
1250 2774 1392 2828 enim
1434 2775 1488 2826 in
1529 2789 1729 2834 omnes.
1767 2771 1900 2827 dicit
1931 2770 2030 2826 Ju-

463 2865 645 2921 daeos:
687 2881 841 2935 super
873 2882 1050 2920 omnes
1108 2875 1311 2929 autem,
1360 2879 1456 2920 eos
1503 2865 1596 2934 qui
1639 2870 1767 2918 sunt
1797 2879 1864 2918 ex
1907 2862 2030 2918 aliis

465 2959 738 3026 gentibus.
774 2957 837 3011 Et
858 2957 1160 3030 pergitltoc
1179 2956 1378 3012 docere
1407 2956 1677 3026 apertius.
1715 2953 1838 3008 Non
1887 2954 2026 3008 enim

469 3060 540 3104 est
562 3049 862 3110 distinctio.

539 3225 704 3282 Vens.
729 3225 818 3282 εδ.
855 3226 1044 3282 Omnes
1074 3226 1212 3282 enim
1233 3234 1592 3296 peccaverunt,
1617 3233 1664 3279 et
1690 3237 1834 3297 egent
1861 3226 2035 3297 gloria

469 3315 588 3370 Dei.
637 3315 837 3371 Paucis
884 3331 1078 3372 omnes
1121 3332 1244 3373 reos
1295 3331 1419 3373 esse
1457 3317 1700 3372 ostendit
1760 3324 1814 3372 et
1855 3318 2035 3389 gratia

468 3423 648 3479 egere.

547 3499 708 3555 Vens.
749 3499 839 3556 24.
891 3499 1187 3572 Justiﬁcati
1228 3503 1400 3573 gratis
1433 3519 1525 3572 per
1576 3503 1806 3571 gratiam
1842 3501 2032 3570 ipsius,

468 3606 560 3660 per
600 3592 1001 3658 redemptionem
1057 3608 1173 3662 qua:
1219 3594 1386 3648 estin
1441 3593 1654 3647 Christo
1703 3591 1854 3647 Iesu.
1905 3590 2034 3644 Sola

469 3683 615 3738 enim
649 3682 753 3737 [ide
785 3683 952 3736 allata
988 3693 1336 3753 peccatorum
1385 3684 1769 3740 remissionem
1819 3683 2036 3752 accepi-

472 3787 627 3826 mus:
659 3774 918 3842 quoniam
944 3774 1114 3829 veluti
1149 3775 1424 3845 quoddam
1459 3775 1854 3847 redemptionis
1905 3790 2034 3846 pre-

473 3862 632 3926 tium,
689 3878 786 3932 pro
817 3863 978 3919 nobis
1033 3863 1296 3921 Dominus
1348 3864 1605 3924 Christus
1635 3882 1795 3922 suum
1831 3881 2035 3937 corpus

473 3953 693 4008 ttblulil.

542 4043 846 4101 Vnus.'25.
893 4046 1057 4114 Quem
1097 4050 1370 4114 proposuit
1419 4049 1557 4104 Deus
1609 4051 2037 4120 propitiationem

472 4154 564 4209 per
595 4139 750 4209 ﬁdem
792 4141 844 4193 in
897 4157 992 4193 suo
1027 4143 1300 4210 sanguine.
1337 4141 1783 4212 Propitiatorium
1808 4151 1927 4198 erat
1966 4144 2037 4196 la-

475 4233 619 4287 mina
652 4247 840 4295 aurea,
867 4249 988 4304 qua:
1021 4250 1187 4302 super
1213 4249 1398 4288 aream
1445 4236 1795 4293 incumbebat
1829 4258 1840 4292 :
1870 4238 2039 4292 habe-

2132 1782 2430 1854 πεποίηκεν
2467 1783 2688 1838 ἅπασιν.
2755 1783 2841 1836 Ἐν
2889 1784 2945 1836 δέ
2986 1800 3050 1851 γε
3089 1785 3157 1854 τῇ
3203 1783 3561 1853 παρεξετάσει
3599 1782 3700 1851 τῆς

2130 1872 2368 1942 χάριτος,
2408 1873 2502 1926 καὶ
2533 1871 2626 1926 τοῦ
2659 1872 2846 1942 νόμου,
2884 1872 3052 1940 ἔδειξε
3084 1874 3182 1945 τὴν
3207 1875 3305 1943 τῆς
3346 1873 3498 1944 νίκης
3527 1873 3699 1942 ὑπερ-

2130 1962 2311 2033 ϐολὴν,
2344 1963 2504 2016 αὑτὸν
2533 1963 2623 2016 τὸν
2646 1963 2807 2033 νόμον
2832 1964 2924 2018 καὶ
2956 1965 3082 2028 τοὺς
3112 1966 3392 2037 προφήτας
3421 1957 3699 2034 μάρτυρας

2129 2052 2410 2122 ἀποφήνας
2441 2053 2539 2124 τῆς
2569 2053 2806 2125 χάριτος.

2201 2142 2304 2213 κβν.
2340 2145 2700 2213 Δικαιοσύνη
2733 2145 2801 2199 δὲ
2848 2145 2995 2200 Θεοῦ
3043 2145 3140 2198 διὰ
3193 2146 3447 2212 πίστεως
3495 2145 3698 2211 Ἰησοῦ

2129 2236 2387 2306 Χριστοῦ
2435 2240 2522 2304 εις
2572 2237 2802 2303 πάντας
2849 2237 2948 2290 καὶ
2990 2237 3088 2291 ἐπὶ
3138 2237 3367 2305 πάντας
3420 2237 3562 2303 τοὺς
3605 2253 3700 2290 πι-

2130 2331 2476 2396 στεύοντας.
2515 2329 2828 2384 Ἀνελάϐετο
2848 2329 2908 2382 τὸ
2931 2329 3361 2400 προειρημένον,’
3377 2329 3462 2383 ἵνα
3487 2331 3697 2400 προσθῇ

2130 2419 2191 2473 τδ
2219 2419 2558 2489 λειπόμενον.
2595 2420 2813 2490 Ἐπειδὴ
2844 2420 2951 2490 γὰρ
2982 2415 3124 2484 εἷπε,
3158 2421 3516 2486 Δικαιοσύνη
3549 2418 3700 2472 Θεοῦ

2133 2507 2554 2576 πεφανέρωται,
2606 2505 2724 2562 εἷτά
2767 2527 2887 2562 τινα
2936 2509 3341 2580 παρενέοεικεν,
3386 2509 3702 2577 ἀναγκαίως

2129 2597 2317 2652 τοῦτον
2348 2599 2439 2652 τὸν
2469 2599 2626 2668 λόγον
2652 2600 2957 2669 ἀναλαϐὼν,
2985 2601 3223 2654 δείκνυσι
3254 2600 3340 2654 διὰ
3368 2601 3468 2672 τῆς
3497 2601 3578 2665 είς
3606 2601 3700 2654 τὸν

2132 2686 2407 2758 Δεσπότην
2429 2687 2660 2758 Χριστὸν
2685 2688 2915 2752 πίστεως
2941 2688 3142 2759 ταύτης
3167 2688 3554 2752 ἀπολαύοντας,
3587 2688 3700 2742 εἴτε

2145 2776 2383 2829 Ἰουδαῖοι
2417 2773 2546 2832 εἷεν.
2579 2778 2686 2831 εἴτε
2719 2777 2996 2848 Ἕλληνες,
3031 2781 3080 2832 oi
3107 2779 3310 2849 ταύτης
3346 2780 3528 2848 τυχεῖν
3555 2779 3701 2846 ἐφιέ-

2135 2885 2306 2939 μενοι.
2361 2868 2433 2920 Τὸ
2468 2868 2574 2940 γὰρ
2616 2872 2698 2935 εἰς
2733 2869 2980 2938 πάντας,
3023 2869 3148 2934 τοὺς
3194 2869 3476 2932 Ἰουδαίους
3517 2869 3700 2936 λέγει⁸

2132 2957 2232 3011 ἐπὶ
2259 2957 2488 3025 πάντας
2517 2959 2593 3022 δὲ,
2625 2962 2749 3023 τοὺς
2781 2961 2844 3013 ὲκ
2873 2961 2980 3013 τῶν
3014 2961 3188 3014 ἄλλων
3218 2960 3404 3014 ὲονῶν.
3439 2960 3549 3012 Καὶ
3579 2960 3703 3010 Em-

2058 3047 2102 3106 C
2138 3047 2296 3120 μένει
2331 3047 2489 3102 τοῦτο
2537 3049 2804 3103 διδάσκων
2855 3049 3218 3122 σαφέστερον·
3286 3051 3368 3104 Οὐ
3419 3048 3527 3118 γάρ
3572 3048 3704 3102 ἐστι

2135 3139 2452 3206 διαστολή.

2207 3232 2312 3302 κγ.
2341 3230 2568 3299 Πάντες
2592 3231 3012 3302 γὰρ-ἥμαρτον,
3047 3232 3140 3286 καί
3174 3231 3565 3299 ὑστεροῦνται
3596 3227 3705 3295 τῆς

2136 3321 2323 3390 δόξης
2352 3322 2456 3376 τοῦ
2497 3321 2664 3376 Θεοῦ.
2714 3323 2802 3376 Ἐν
2833 3323 3078 3394 συντόμῳ
3123 3323 3327 3384 πάντας
3374 3317 3705 3379 ὑπευθύνους

2135 3412 2325 3478 ἔδειξε,
2354 3413 2448 3467 καὶ
2475 3412 2574 3482 τῆς
2605 3413 2823 3483 χάριτος
2851 3414 3066 3475 ἐνδεεῖς.

2208 3503 2307 3556 κδ’.
2349 3505 2751 3572 Δικαιούμενοι
2781 3504 3006 3572 δωρεὰν
3038 3502 3113 3572 τῇ
3140 3503 3327 3557 αὑτοῦ
3361 3502 3576 3572 χάριτι,
3608 3500 3706 3553 διὰ

2137 3591 2246 3660 τῆς
2280 3594 2749 3661 ἀπολυτρώσεως
2772 3593 2880 3660 τῆς
2901 3596 2968 3648 ἐν
2990 3593 3220 3663 Χριστῷ
3258 3593 3480 3661 Ἰησοῦ.
3519 3591 3706 3644 Πίστιν

2138 3683 2246 3755 γὰρ
2301 3684 2466 3754 μόνην
2522 3684 2945 3752 εἰσενεγκόντες,
2990 3684 3098 3738 τῶν
3150 3683 3562 3755 ἁμαρτημάτων
3608 3680 3706 3749 τὴν

2139 3779 2331 3848 ἄφεσιν
2382 3776 2723 3848 ἐδεξάμεθα·
2791 3777 2977 3848 ἐπειδὴ
3039 3771 3148 3830 οἶόν
3211 3794 3264 3829 τι
3316 3775 3510 3846 λύτρον
3565 3772 3708 3844 ὑπὲρ

2139 3869 2296 3941 ἡμῶν
2339 3869 2368 3922 6
2410 3869 2684 3940 Δεσπότης
2734 3869 2966 3941 Χριστὸς
3003 3869 3063 3923 τὸ
3108 3871 3305 3923 οἰκεῖον
3340 3867 3707 3940 προεενὴνοχε

2141 3959 2318 4030 σῶμα.

2209 4059 2306 4105 κε’.
2350 4055 2458 4106 ’ον
2492 4051 2769 4121 προέθετο
2815 4055 2848 4106 d
2881 4053 3025 4118 Θεὸς
3068 4053 3418 4132 ιλιιστήριον
3454 4048 3550 4102 διὰ
3597 4047 3709 4115 τῆς

2140 4144 2416 4209 πίστεως,
2444 4144 2513 4196 ἐν
2540 4141 2617 4208 τῷ
2648 4143 2834 4198 αὐτοῦ
2857 4141 3075 4213 αἵματι.
3105 4144 3177 4198 Τὸ
3205 4144 3512 4211 ἱλαστήριον
3546 4139 3709 4192 πέτα-

2138 4235 2228 4288 λον
2253 4231 2318 4306 ἢν
2344 4235 2603 4305 χρυσοῦν·
2642 4235 2891 4287 ἐπέκειτο
2914 4235 2970 4287 δὲ
2995 4237 3060 4305 τῇ
3090 4233 3305 4304 κιϐωτῴ
3327 4250 3340 4264 ·
3375 4229 3710 4302 ἑκατέρωθεν

473 4323 675 4394 hatque
726 4325 981 4395 utrinque
1027 4323 1235 4396 eltigies
1283 4310 1559 4382 Cherubin
1589 4325 1798 4384 ἀ.1ηιιο
1851 4338 2029 4384 autem

2139 4327 2196 4380 δὲ
2223 4325 2334 4398 εἶχε
2361 4329 2429 4379 τὰ
2456 4327 2561 4379 τῶν
2600 4325 2880 4396 Χερουϐὶμ
2922 4325 3314 4395 ἐκτυπὼματα.
3364 4323 3600 4377 Ἐκεῖθεν
3633 4320 3711 4390 τῷ

473 4431 627 4470 sacra
661 4416 883 4471 obeunti
907 4413 1158 4472 Pontiliei
1179 4418 1462 4474 manifesta
1485 4419 1647 4475 liebat
1681 4419 1770 4476 Dei
1799 4422 2035 4476 benevo-

478 4507 662 4562 lentia.
689 4507 856 4564 Docet
889 4525 1018 4580 ergo
1040 4509 1259 4567 divinus
1280 4513 1597 4581 Apostolus,
1629 4530 1819 4569 verum
1852 4514 2036 4585 propi-

478 4599 756 4653 tiatorium
797 4615 920 4654 esse
943 4601 1232 4656 Dominum
1261 4603 1562 4659 Christum.
1599 4602 1734 4659 lllttd
1769 4605 1916 4660 enim
1945 4620 2034 4660 ve-

475 4701 565 4747 tus
617 4690 782 4759 hujus
832 4699 1014 4762 typum
1051 4693 1295 4763 gerebat.
1329 4695 1593 4753 Convenit
1615 4695 1724 4770 44
1757 4705 1940 4754 autem
1983 4697 2034 4753 ei

473 4783 574 4836 hoc
606 4797 804 4836 nomen
837 4792 1091 4853 tanquam
1119 4783 1350 4849 homini,
1378 4802 1484 4841 non
1521 4796 1779 4857 tanquam
1806 4787 1936 4844 Deo.
1969 4787 2038 4844 Ut

475 4873 616 4930 Deus
644 4874 812 4940 enim,
847 4873 966 4944 ipse
1005 4889 1330 4944 responsum
1359 4877 1537 4932 reddit
1563 4894 1658 4948 per
1703 4881 2031 4948 propitiato-

471 4967 612 5020 rium
647 4981 660 5019 :
686 4972 745 5018 ut
773 4965 936 5018 homo
959 4974 1160 5032 autem,
1194 4965 1334 5022 hanc
1364 4968 1780 5038 appellationem
1806 4969 2032 5038 recipit,

471 5060 616 5112 sicut
662 5064 717 5112 et
750 5056 907 5121 alias,
950 5065 1009 5110 ut
1053 5059 1194 5122 ovis,
1240 5069 1295 5113 et
1335 5075 1530 5130 agnus,
1561 5067 1614 5113 et
1653 5066 2035 5129 peccatum,et

472 5148 846 5213 maledictum,
884 5157 937 5204 et
966 5164 1304 5220 quacunque
1320 5151 1613 5220 ejusmodi.
1647 5154 1711 5203 Et
1749 5151 2031 5220 antiquum

469 5237 690 5307 quidem
720 5239 1161 5308 propitiatorium
1179 5255 1373 5310 expers
1391 5250 1507 5294 erat
1525 5241 1830 5310 sanguinis,
1849 5249 2036 5310 utpote

473 5329 837 5384 inanimatam
876 5346 888 5380 :
943 5331 1231 5401 sanguinis
1272 5340 1454 5387 autem
1511 5332 1810 5388 hostiarum
1853 5343 2035 5404 guttas

475 5420 793 5490 recipiebat.
826 5417 1088 5475 Dominus
1121 5428 1298 5476 autem
1317 5422 1570 5480 Christus
1599 5435 1651 5480 et
1685 5425 1822 5483 Deus
1845 5436 1949 5493 est,
1981 5437 2035 5482 et

539 5590 567 5628 ⁴
608 5591 776 5647 Exod.
815 5607 934 5656 xxv,
971 5595 1159 5655 $6,743.

2141 4421 2387 4490 ἀρχιερεῖ
2411 4418 2809 4490 λειτουργοῦντι
2843 4419 3056 4487 ἐγίνετο
3089 4417 3223 4489 δήλη
3252 4417 3346 4470 τοῦ
3377 4415 3511 4468 Θεοῦ
3545 4415 3577 4484 η
3619 4412 3710 4464 εὑ-

2142 4512 2348 4582 μὲνεια.
2395 4511 2643 4565 Διδάσκει
2673 4511 2851 4565 τοίνυν
2893 4513 2922 4564 6
2969 4511 3111 4574 Θεῖος
3165 4508 3501 4571 Ἀπὸστολος,
3543 4506 3616 4568 ὼς
3650 4504 3711 4556 τδ
3787 4555 3798 4566 .

2138 4603 2386 4674 ἀληθινὸν
2410 4603 2715 4675 ἱλαστήριον
2738 4605 2766 4656 6
2786 4603 3060 4673 Δεσπότης
3081 4603 3195 4655 ἐστὶ
3219 4600 3468 4671 Χριστός.
3504 4597 3710 4650 Ἐκεῖνο

2140 4696 2249 4769 γὰρ
2281 4697 2342 4750 τὸ
2377 4697 2602 4750 παλαιὸν
2628 4696 2816 4750 τούτου
2846 4697 2937 4749 τὸν
2966 4696 3136 4751 τύπον
3171 4696 3428 4766 ἐπλήρου.
3475 4691 3710 4762 Ἀρμότ·

2138 4804 2222 4840 τει
2247 4788 2304 4840 δὲ
2330 4787 2477 4857 αὑτῷ
2503 4786 2578 4850 ὡς
2607 4785 2879 4858 ἀνθρώπῳ
2910 4787 2969 4854 τὸ
2996 4787 3188 4857 διοςια,
3217 4788 3314 4857 οὐχ
3341 4785 3415 4848 ὡς
3445 4784 3582 4854 Θεῷ.
3621 4783 3710 4845 Ὧς

2141 4878 2248 4947 γάρ
2277 4877 2431 4938 Θεὸς,
2468 4876 2628 4939 αὐτὸς
2653 4877 2740 4930 διά
2768 4877 2862 4930 τοῦ
2889 4877 3205 4947 ίλαστηρίου
3241 4873 3566 4948 χρηματίζει
3590 4889 3604 4904 ·
3635 4871 3712 4936 ὡς

2140 4969 2196 5020 δὲ
2226 4968 2531 5039 ἀν’)ρωπος,
2578 4969 2667 5021 καὶ
2708 4969 2912 5039 ταύτην
2939 4969 3152 5040 δέχεται
3184 4968 3280 5037 τὴν
3314 4964 3709 5037 προσηγορίαν,

2142 5058 2390 5130 καθάπερ
2439 5061 2531 5113 καί
2561 5060 2659 5124 τὰς
2690 5060 2874 5126 ἄλλας,
2909 5055 3018 5114 οἷον
3053 5060 3343 5131 πρόϐατον,
3383 5056 3476 5110 καὶ
3518 5055 3705 5125 ἀμνὸς.

2141 5153 2236 5204 καὶ
2270 5152 2532 5221 ἁμαρτία,
2566 5151 2661 5206 καὶ⁷
2693 5152 2929 5222 κατάρα,
2970 5153 3064 5206 καὶ
3092 5153 3192 5204 ὅσα
3220 5148 3462 5202 τοιαῦτα.
3513 5146 3620 5198 Καὶ
3651 5143 3711 5196 τὸ

2146 5245 2242 5314 μὲν
2273 5243 2498 5298 παλαιὸν
2531 5245 2836 5313 ἱλαστήριον
2863 5245 2956 5296 καὶ
2990 5245 3218 5314 ἀναιμον
3243 5238 3331 5312 ἦν,
3361 5240 3592 5309 ἐπείπερ
3618 5237 3711 5288 καὶ

2141 5334 2342 5404 ἄψυχον
2374 5351 2386 5364 °
2434 5334 2528 5388 τοῦ
2562 5334 2618 5388 δὲ
2666 5335 2774 5387 τῶν
2825 5333 3036 5404 ἱερείων
3082 5333 3312 5403 αἵματος
3351 5331 3448 5393 τὰς
3493 5326 3712 5399 ῥανίδας

2143 5427 2370 5496 ἐδέχετο.
2414 5427 2475 5482 '0
2507 5427 2561 5480 δὲ
2591 5429 2864 5498 Δεσπότης
2895 5425 3145 5498 Χριστὸς,
3179 5426 3270 5480 καὶ
3293 5424 3422 5486 Θεὸς
3453 5424 3586 5483 ἐστι,
3615 5417 3714 5472 καὶ
