4074 6176
351 254 424 320 85
1200 259 1810 322 INTERPRETATIO
1841 262 1926 323 EF

2030 266 2079 324 Γ.
2118 265 2218 325 AD
2253 265 2435 326 ROM.
2475 267 2633 328 CAP.
2674 271 2790 329 IIl.
3531 282 3601 342 86

293 369 308 420 ε
355 366 690 436 ἱλαστήριον,
740 365 834 419 καὶ
877 365 1186 440 ἀρχιερεὺς,
1239 370 1334 423 καὶ
1378 371 1572 440 ἀμνὸς,
1625 374 1718 425 καὶ
1753 377 1811 427 ὲν
1851 373 1926 444 τῷ

2033 374 2499 443 propitiatorium,
2548 385 2602 432 et
2652 380 2914 448 pontifex,
2964 390 3019 436 et
3071 397 3263 454 agnus,
3301 388 3447 444 etin
3498 406 3602 445 suo

351 456 539 528 οἰκείῳ
567 457 757 526 αἵματι
780 457 878 528 τὴν
916 459 1194 530 ἡμετέραν
1219 460 1713 531 ἐπραγματεύσατο
1758 481 1925 535 σωτη-

357 547 501 618 ρίαν,
544 548 726 601 πίστιν
761 547 928 620 μόνην
960 550 1091 622 παρ’
1123 549 1281 620 ἡμῶν
1311 552 1641 624 ἀπαιτήσας.

419 641 522 706 Εἰς
556 638 818 704 ἔνδειξιν
842 639 968 709 ,τῆς
999 640 1392 712 δικαιοσύνης
1429 645 1638 712 αὐτοῦ,
1680 645 1778 702 διὰ
1815 647 1928 714 τὴν

351 730 610 800 πάρεσιν
639 731 759 786 τῶν
794 736 1240 803 προγεγυνότων
1277 736 1728 806 ἁμαρτημάτων.
1767 739 1925 808 (κς-2)

364 824 462 876 Ἐν
478 821 556 891 τῇ
574 821 771 891 ἀνοχῇ
796 823 901 878 τοῦ
925 824 1092 889 Θεοῦ,
1116 824 1266 893 πρὸς
1287 825 1546 889 ἔνδειξιν
1569 825 1678 896 τῆς
1702 827 1925 884 δικαιο-

351 914 546 982 σύνης
576 912 765 968 αὑτοῦ
787 914 855 968 ἐν
873 911 953 979 τῷ
974 914 1090 970 νῦν
1119 915 1318 984 καιρῷ.
1357 915 1468 968 Καὶ
1489 915 1587 986 τὴν
1615 916 1926 990 ἀγαθότητα

349 1007 450 1079 τήν
471 1007 680 1061 οἰκείαν
717 1006 916 1071 ἔδειξεν
953 1009 981 1061 6
1034 1006 1188 1074 Θεὸς,
1233 1007 1327 1060 ἐπὶ
1366 1008 1617 1063 πλεῖστον
1653 1012 1926 1082 μακροθυ-

353 1101 533 1172 μήσας
560 1102 674 1163 τοῖς
699 1099 1008 1171 ἀνθρώποις
1037 1099 1434 1171 παρανομοῦσι,
1471 1102 1565 1155 καὶ
1595 1103 1694 1174 τήν
1721 1103 1924 1158 δικαιῶ

352 1192 521 1264 σύνην
571 1193 738 1246 αὑτοῦ
781 1193 948 1264 δήλην
991 1193 1291 1263 πεποίηκεν
1333 1193 1556 1250 ἅπασιν.
1596 1195 1716 1249 Ὀτι
1767 1197 1822 1250 δὲ
1863 1199 1924 1251 οὐ

353 1285 530 1355 μάτην
561 1285 756 1356 ήνεγκε
784 1286 909 1348 τοὺς
937 1284 1256 1356 ἀνθρώπους
1285 1285 1759 1358 παρανομοῦντας,
1792 1288 1926 1344 ἀλλά

348 1375 506 1429 τοῦτο
530 1375 1060 1446 προκατασκευὰζων
1078 1377 1260 1441 αὐτοῖς
1279 1377 1378 1447 τῆς
1404 1377 1676 1448 σωτηρίας
1697 1379 1760 1431 τὸ
1788 1379 1927 1449 φάρ’

351 1483 547 1536 μακον,
579 1466 728 1535 λέγει
753 1483 768 1496 ·
811 1470 916 1534 Εἰς
943 1469 1010 1523 τὸ
1046 1465 1199 1523 εἶναι
1235 1467 1424 1523 αὑτὸν
1452 1468 1686 1523 δίκαιον
1713 1469 1812 1523 καὶ
1841 1469 1927 1521 δι-

347 1558 635 1614 καιοῦντα
662 1559 770 1613 τὸν
793 1560 862 1614 ἐκ
886 1562 1146 1627 πίστεως
1179 1559 1381 1628 Ἰησοῦ
1405 1560 1684 1626 Χριστοῦ.
1727 1558 1929 1628 Ἀμφὸ-
1982 1554 1987 1559 ’

344 1670 481 1726 τερα
525 1654 634 1725 γὰρ
679 1653 875 1708 εἰδέναι
927 1655 1234 1724 προσήκει,
1288 1652 1384 1705 καὶ
1431 1653 1513 1705 ὅτι
1563 1651 1787 1713 δικαίως
1836 1650 1927 1702 καὶ

2027 469 2300 540 sanguine
2342 480 2586 527 nostram
2639 475 2869 529 salutem
2898 487 2981 532 est
3031 490 3312 546 operatus,
3354 483 3525 538 solam
3567 500 3599 539 a

2027 560 2189 616 nobis
2236 560 2396 615 fidem
2435 563 2680 633 exigens.

2097 652 2180 705 Ad
2210 654 2558 707 ostensionem
2580 655 2810 723 justitite
2841 674 2974 722 suae,
2996 668 3207 726 propter
3238 662 3598 718 remissionem

2025 743 2433 809 praecedentium
2483 743 2815 798 delictorum.
2851 746 2867 815 (
2895 746 3038 801 Vsns
3065 747 3196 819 26.)
3228 749 3291 803 In
3337 762 3600 806 sustenta-

2029 835 2171 890 tiOne
2206 835 2321 900 Dei,
2370 835 2440 890 ad
2469 838 2821 892 ostensionem
2844 841 3078 908 justitite
3102 841 3219 910 ejus
3251 843 3303 896 in
3341 844 3437 899 hoc
3477 854 3602 899 tem-

2029 942 2175 994 pore.
2211 927 2274 983 Et
2315 929 2618 984 bonitatem
2661 947 2819 986 suam
2853 935 3094 990 ostendit
3122 934 3289 1002 Deus,
3340 938 3600 994 diuturna

2029 1026 2189 1074 utens
2255 1020 2524 1089 patientia
2583 1037 2711 1092 erga
2779 1023 3030 1081 homines
3096 1025 3503 1097 delinquentes,
3549 1040 3602 1084 et

2021 1109 2295 1180 justitiam
2320 1127 2478 1167 suam
2505 1114 2762 1170 omnibus
2788 1116 3131 1171 manifestam
3161 1118 3422 1174 reddidit.
3444 1117 3600 1185 Quod

2027 1209 2207 1256 autem
2242 1217 2348 1258 non
2381 1203 2500 1258 sine
2518 1219 2681 1258 causa
2703 1221 2798 1261 eos
2825 1207 2918 1276 qui
2951 1207 3346 1278 delinquebant
3379 1215 3392 1231 '
3419 1217 3603 1279 pertu-

2027 1291 2170 1351 lerit.
2193 1293 2287 1347 sed
2319 1294 2422 1349 hoc
2447 1297 2528 1350 eis
2551 1297 2746 1352 salutis
2774 1285 3232 1355 ntedicamentum
3265 1315 3598 1372 praeparans,

2025 1381 2194 1436 dicit:
2233 1381 2300 1435 Ut
2331 1385 2401 1437 sit
2434 1386 2546 1452 ipse
2577 1387 2780 1454 justus,
2815 1399 2866 1442 et
2915 1390 3213 1459 iustiﬁcam
3245 1408 3361 1446 enm
3394 1393 3483 1462 ιιιὶὶ
3521 1403 3599 1447 est

2027 1487 2092 1525 ex
2118 1474 2224 1541 ﬁde
2255 1473 2387 1527 Jesu
2421 1475 2640 1530 Christi.
2671 1477 2977 1549 Utrumque
3007 1482 3154 1536 enim
3192 1484 3474 1538 sciendunt
3495 1496 3598 1548 est,

2026 1573 2080 1618 et
2114 1565 2258 1634 quod
2309 1566 2459 1634 juste
2500 1581 2564 1620 ac
2605 1568 2838 1638 benigne
2883 1571 3264 1625 universorum
3318 1573 3459 1628 Deus
3509 1590 3603 1627 no-

2028 1663 2137 1708 stra
2191 1654 2683 1723 administraverit,
2727 1665 2781 1712 et
2837 1659 2984 1728 quod
3057 1659 3312 1728 quisquis
3375 1659 3603 1714 Domino

349 1745 748 1817 φιλανθρώπως
779 1749 810 1799 6
837 1745 945 1798 τῶν
970 1745 1108 1799 ὅλων
1142 1744 1274 1806 Θεὸς
1298 1743 1366 1796 τὰ
1397 1741 1516 1795 καθ’
1543 1743 1692 1812 ἡμᾶς
1721 1741 1922 1811 ᾠκονό-

2030 1742 2247 1800 Christo
2301 1745 2497 1813 credit,
2549 1745 2763 1801 fruatur
2802 1747 3018 1816 justitia
3058 1765 3182 1819 qua:
3214 1758 3300 1805 est
3350 1766 3413 1805 ex
3475 1752 3598 1806 tide.

351 1851 512 1906 μησε,
546 1834 636 1889 καὶ
663 1835 744 1888 ὅτι
772 1835 880 1898 πᾶς
911 1834 989 1904 τῷ
1018 1833 1260 1904 Δεσπότῃ
1287 1833 1558 1886 πιστεύων
1582 1831 1801 1902 Χριστῷ
1824 1832 1924 1901 τὴν

346 1928 411 1980 ὲκ
442 1930 539 1998 τῆς
565 1927 800 1990 πίστεως
832 1924 1176 1996 δικαιοσὺνην
1201 1923 1526 1998 καρποῦται.
1554 1923 1710 1977 Οὕτω
1741 1923 1926 1976 συντό-

350 2031 465 2084 μως
493 2015 675 2080 δείξας
705 2014 776 2068 τὰ
823 2014 972 2086 δῶρα
1021 2015 1116 2085 τῆς
1153 2014 1393 2085 χάριτος,
1435 2014 1723 2085 ἀνατρέχει
1758 2013 1924 2092 πάλιν

346 2107 441 2161 ἐπὶ
467 2107 560 2161 τὸν
592 2107 722 2178 περὶ
752 2105 847 2160 τοῦ
879 2107 1046 2177 νόμου
1092 2106 1268 2175 λόγον,
1313 2107 1410 2160 κα)⁸
1449 2106 1724 2160 δείκνυσιν
1761 2105 1924 2160 αὑτὸν

347 2197 782 2268 παραχωροῦντα
809 2201 877 2269 τῇ
903 2198 1106 2268 χάριτι.

417 2287 523 2352 κζ’.
562 2289 689 2342 Ποῦ
721 2283 837 2344 οὗν
879 2291 918 2357 ἡ
959 2289 1296 2357 καύχησις;
1340 2289 1475 2342 Κατ’
1504 2287 1771 2359 ἐρώτησιν
1798 2289 1924 2341 ἀνα-

350 2379 637 2448 γνωστέον.
687 2376 820 2434 Εἶτα
867 2383 900 2451 ή
959 2382 1248 2453 ἀπόκρισις
1275 2399 1290 2414 ·
1352 2381 1763 2448 Ἐξεκλείσθη.
1810 2381 1924 2434 Οὐκ

351 2470 490 2537 εἷπε,
512 2474 818 2545 Κατελύθη,
839 2475 956 2527 ἀλλ’
973 2475 1375 2541 Ἐξεκλείσθη,
1405 2475 1525 2526 ἀντὶ
1549 2471 1666 2536 τοῦ,
1697 2473 1810 2526 οὐκ
1839 2473 1922 2525 ἔτι

345 2561 528 2634 χώραν
556 2563 686 2634 ἔχει.
719 2566 1034 2634 Καύχησιν
1063 2563 1120 2617 δὲ
1149 2565 1305 2618 καλεί
1333 2565 1393 2618 τὸ
1421 2565 1622 2636 ὑψηλὸν
1645 2565 1753 2618 τῶν
1792 2564 1921 2618 Ἰου-

340 2652 508 2707 δαίων
557 2655 832 2725 φρόνημα.
895 2655 1287 2726 Ἐσεμνὺνοντο
1333 2656 1442 2727 γὰρ
1499 2657 1576 2720 ὡς
1627 2655 1778 2727 μόνοι
1821 2656 1922 2726 τῆς

341 2743 492 2808 θείας
517 2745 880 2810 ἀπολαὺοντες
910 2746 1271 2818 προμηθείας.
1319 2748 1480 2800 Ἀλλὰ
1508 2748 1605 2816 τῆς
1642 2746 1792 2810 Θείας
1825 2747 1922 2816 χά-

338 2850 490 2905 ριτος
517 2835 904 2903 ἀναφανείσης,
931 2836 1026 2888 καὶ
1049 2836 1128 2898 εἰς
1149 2835 1365 2888 ἅπαντα
1393 2836 1648 2906 χυθείσης
1677 2836 1746 2888 τὰ
1769 2835 1918 2906 ἔθνη,

334 2925 620 2980 πέπαυται
657 2927 766 2980 τῶν
810 2925 1080 2979 Ἰουδαίων
1109 2926 1170 2978 τὸ
1215 2925 1461 2996 αὔχημα.
1510 2927 1783 2996 Σύντομον
1812 2925 1921 2999 γὰρ

331 3019 599 3090 ἀφορμὴν
636 3018 908 3088 σωτηρίας
935 3021 1047 3082 τοῖς
1091 3017 1399 3090 ἀνθρώποις
1428 3018 1527 3094 τὴν
1559 3018 1742 3070 πίστιν
1765 3019 1925 3072 δέδω-

329 3081 438 3163 κεν
457 3081 503 3161 ’δ’
522 3081 676 3171 έεός.
726 3081 898 3160 Τοῦτο
938 3106 1048 3178 γὰρ
1091 3081 1306 3160 καίδιὰ
1333 3081 1599 3176 τῶνέξῆς
1628 3105 1865 3170 ἐδίδαξεν
1891 3109 1919 3160 6
1950 3081 1993 3140 ο

344 3199 675 3262 ’Λπὸστολος
694 3215 706 3229 ·
753 3199 855 3252 Διὰ
881 3200 1058 3252 ποίου
1086 3199 1311 3266 νόμου;
1341 3196 1460 3250 τῶν
1495 3197 1686 3266 ἔργων
1701 3213 1722 3262 ;
1747 3199 1916 3267 Οὐχί,

327 3289 506 3346 ἀλλὰ
536 3289 634 3343 διὰ
653 3290 846 3358 νόμου
876 3289 1158 3353 πίστεως.
1179 3289 1292 3358 Οὐχ
1319 3287 1508 3352 ἁπλῶς
1534 3289 1590 3342 δὲ
1619 3289 1717 3358 τὴν
1743 3292 1924 3342 πίστιν

325 3379 750 3451 προσηγόρευσε
773 3378 936 3450 νόμον
957 3395 970 3408 ·
1003 3378 1139 3432 ἀλλὰ
1160 3379 1258 3449 τῆς
1295 3377 1557 3450 Ἰερεμίου
1588 3379 1924 3450 προφητείας

325 3472 797 3542 ἀναμιμνήσκων.
870 3487 889 3521 ι
926 3469 1014 3522 Ἐν
1059 3472 1182 3533 ταῖς
1229 3468 1466 3540 ἡμέραις
1530 3469 1675 3539 γὰρ,
1733 3469 1918 3540 φησὶν,

326 3564 597 3628 ἐκείναις,
645 3563 740 3616 καὶ
785 3564 842 3615 ὲν
883 3561 960 3633 τῷ
1011 3561 1188 3633 καιρῷ
1237 3561 1449 3630 ἐκείνῳ,
1485 3560 1814 3631 διαθήσομαι
1845 3559 1923 3630 τῷ

324 3655 475 3726 οἴκῳ
511 3653 732 3724 Ἰσραὴλ
761 3653 856 3706 καὶ
897 3652 975 3723 τῷ
1014 3651 1149 3722 οἴκῳ
1195 3649 1366 3704 Ἰούδα
1404 3649 1668 3720 διαθήκην
1707 3649 1918 3720 καινὴν,

322 3747 398 3800 οὐ
441 3746 583 3798 κατά
629 3744 728 3814 τήν
761 3742 1058 3812 διαθήκην,
1101 3743 1168 3812 ἣν
1211 3739 1466 3810 διεθέμην
1512 3742 1622 3803 τοῖς
1652 3740 1922 3810 πατράσιν

325 3835 542 3892 αὐτῶν.
573 3855 590 3888 ι
621 3835 684 3888 Et
709 3834 767 3887 δὲ
797 3835 826 3887 6
853 3833 1148 3896 Μωσαῖκδς
1177 3832 1341 3900 νόμος
1364 3829 1607 3901 Διαθήκη
1640 3829 1919 3902 κέκληται.

325 3929 439 3984 καὶ
479 3931 513 4002 ή
549 3929 725 3999 Καινὴ
779 3926 940 3981 πάλιν
1005 3925 1206 3995 ὁμοίως
1262 3923 1504 3995 Διαθήκη
1561 3922 1920 3993 ὠνόμασται·

327 4019 482 4091 αὕτη
509 4020 565 4073 δὲ
591 4020 869 4072 πιστεύειν
891 4015 1271 4088 νομοθετείτῷ
1289 4014 1535 4086 Χριστῷ
1570 4014 1923 4085 προφητικῶς

323 4113 362 4166 ὁ
409 4112 550 4175 θεῖος
601 4109 924 4172 Ἀπόστολος
965 4109 1062 4179 τὴν
1100 4106 1194 4161 τοῦ
1224 4107 1387 4177 νόμου
1443 4105 1816 4178 προσηγορίαν
1852 4106 1920 4174 τῇ

329 4201 526 4256 πίστει
567 4201 900 4266 συνέζευξεν.
945 4197 1075 4254 Εἶτα
1115 4201 1207 4253 τὸν
1251 4199 1508 4270 περὶτῆς
1555 4192 1790 4261 πίστεως
1832 4196 1922 4263 ὲξ-

333 4295 568 4364 υφαίνει
595 4294 770 4363 λόγον.

413 4392 526 4454 κη’.
559 4383 916 4455 Λογιζόμεθα
969 4380 1082 4439 οὖν
1127 4383 1328 4436 πίστει
1377 4381 1756 4435 δικαιοῦσθαι
1815 4380 1921 4434 ἅν-

2029 1835 2132 1891 Ubi
2169 1838 2315 1892 dona
2349 1839 2540 1908 gratia:
2575 1840 2658 1895 sic
2696 1841 2936 1896 breviter
2981 1841 3248 1907 ostendit,
3307 1857 3499 1898 rursus
3534 1844 3601 1897 ad

2025 1946 2338 1987 sermonem
2377 1933 2444 1989 de
2484 1933 2602 2005 lege
2628 1937 2949 2001 revertitur,
2985 1945 3040 1990 ct
3067 1935 3311 1990 ostendit
3337 1951 3463 1991 eam
3511 1950 3600 1991 ce-

2025 2023 2156 2080 dere
2193 2025 2402 2095 gratiae.

2099 2287 2268 2343 Vens.
2309 2289 2400 2345 27.
2439 2289 2539 2344 Ubi
2576 2299 2656 2346 est
2688 2308 2811 2363 ergo
2840 2291 3093 2363 gloriatio
3114 2292 3137 2345 .’
3161 2289 3473 2361 Legendum
3516 2300 3601 2346 est

2026 2395 2124 2450 per
2172 2367 2705 2450 interrogationem:
2741 2382 2939 2438 deinde
2992 2382 3302 2452 responsio,
3363 2381 3600 2437 Exclusa

2024 2469 2253 2526 est.Non
2284 2471 2423 2528 dixit
2453 2472 2724 2528 Dissoluta
2757 2481 2860 2539 est,
2887 2473 2980 2528 sed
3012 2472 3246 2528 Exelusa
3274 2481 3375 2537 est,
3403 2487 3503 2542 pro
3535 2487 3600 2526 eo

2025 2565 2170 2636 quod
2200 2572 2308 2631 est,
2343 2563 2460 2621 Non
2493 2566 2658 2620 habet
2691 2567 2927 2635 amplius
2962 2567 3163 2621 locum.
3212 2564 3601 2621 Gloriationem

2027 2662 2213 2710 autem
2256 2664 2416 2710 vocat
2452 2653 2560 2726 45
2591 2654 2736 2709 altos
2777 2653 3092 2711 Judaeorum
3134 2657 3386 2726 spiritus,
3421 2664 3476 2712 et
3517 2656 3601 2710 ni-

2023 2743 2190 2798 miam
2235 2746 2625 2814 arrogantiam.
2675 2742 2965 2799 Jactabant
2991 2747 3139 2801 enim
3183 2761 3266 2808 se,
3299 2745 3459 2814 quasi
3494 2745 3601 2798 soli

2025 2833 2212 2890 divina
2242 2835 2586 2903 providentia
2627 2834 2964 2891 fruerentur.
3023 2835 3132 2890 Sed
3178 2844 3470 2904 postquam
3512 2835 3597 2890 di-

2025 2924 2153 2980 vina
2201 2925 2378 2995 gratia
2424 2927 2702 2994 apparuit,
2736 2934 2793 2981 et
2835 2927 2890 2980 in
2927 2941 3118 2981 omnes
3170 2935 3360 2996 gentes
3403 2926 3600 2982 diffusa

2026 3027 2131 3080 est,
2173 3017 2407 3071 cessavit
2459 3015 2772 3072 iudicarunt
2803 3017 3080 3086 gloriatio.
3117 3017 3598 3087 Compendiariam

2031 3109 2178 3164 enim
2211 3107 2469 3178 paranda)
2496 3109 2692 3164 salutis
2749 3109 3017 3163 rationem
3049 3107 3192 3165 Deus
3224 3109 3371 3163 dedit
3420 3109 3600 3164 homi-

2033 3200 2216 3266 nibus,
2250 3216 2446 3272 nempe
2479 3200 2658 3255 lidem.
2701 3199 2815 3256 Hoc
2852 3203 3002 3256 enim
3037 3201 3200 3256 etiam
3238 3217 3334 3272 per
3363 3216 3600 3270 sequen-

2031 3291 2106 3346 tia
2132 3292 2322 3346 docuit
2361 3291 2658 3361 Apostolus
2687 3309 2700 3345 :
2726 3291 2832 3346 Per
2859 3309 3022 3362 qttam
3050 3293 3258 3362 legem?
3286 3293 3552 3362 factorum
3576 3294 3601 3346 .’

2032 3377 2177 3442 Non,
2218 3377 2308 3432 sed
2356 3393 2448 3443 per
2477 3379 2637 3449 legem
2683 3379 2828 3449 ﬁdei.
2879 3381 3069 3436 Fidem
3111 3390 3294 3436 autem
3345 3397 3456 3437 non
3499 3381 3600 3435 abs

2032 3483 2093 3522 re
2127 3468 2300 3537 legem
2327 3468 2642 3538 appellavit,
2673 3469 2767 3524 sed
2787 3467 3039 3524 Ieremia:
3067 3470 3412 3540 prophetiam
3444 3483 3600 3524 revo-

2029 3559 2238 3614 cansin
2259 3559 2578 3613 memoriam
2618 3577 2630 3614 :
2670 3579 2689 3611 ι
2729 3558 2786 3614 In
2819 3560 3014 3616 diebus
3045 3559 3215 3624 enim,
3247 3560 3444 3629 inquit,
3471 3559 3600 3625 illis,

2029 3660 2084 3706 et
2111 3652 2165 3705 in
2193 3651 2289 3705 illo
2325 3660 2572 3722 tempore
2603 3651 2892 3722 disponam
2928 3651 3114 3707 domui
3149 3650 3317 3706 Israel
3345 3661 3397 3705 et
3415 3649 3600 3704 domui

2029 3742 2169 3798 Juda
2190 3751 2578 3799 testamentum
2601 3759 2945 3810 novum,non
2971 3742 3276 3799 secundum
3296 3749 3599 3797 testamen-

2032 3842 2172 3896 tum,
2208 3835 2356 3905 quod
2403 3835 2652 3905 disposui
2700 3836 2954 3904 patribus
2998 3838 3242 3904 ipsorum
3276 3845 3316 3887 ο.
3345 3851 3364 3884 ι
3391 3831 3603 3899 Quodsi

2029 3926 2118 3982 lex
2151 3925 2394 3983 Mosaica
2427 3924 2841 3982 Testamentum
2871 3928 3136 3997 appellata
3164 3936 3270 3991 est,
3304 3934 3359 3981 et
3381 3924 3596 3979 Novum

2039 4031 2239 4072 rursus
2273 4017 2526 4072 similiter
2549 4015 2963 4072 Testamentum
2986 4017 3332 4071 nominatum
3363 4025 3470 4079 est,
3501 4017 3604 4069 hoc

2030 4118 2214 4164 autem
2240 4109 2488 4164 decernit
2528 4117 2586 4162 ut
2619 4107 2839 4163 Christo
2876 4107 3158 4173 credatur,
3188 4106 3508 4178 prophetice
3527 4105 3606 4158 di-

2029 4201 2192 4254 vinus
2235 4200 2534 4270 Apostolus
2582 4199 3003 4268 appellationem
3043 4199 3180 4267 legis
3215 4196 3339 4249 lidei
3386 4209 3604 4249 accoun-

2032 4288 2297 4343 modavit.
2329 4287 2539 4342 Deinde
2573 4301 2884 4342 sermonem
2909 4287 2976 4341 de
3001 4287 3104 4340 fide
3130 4285 3348 4339 auexit.

2105 4376 2270 4432 Vens.
2298 4376 2388 4430 28.
2429 4395 2446 4427 ι
2489 4376 2829 4429 Arbitrantur
2850 4376 2989 4428 enim
3017 4376 3312 4444 jnstiﬁcari
3340 4375 3604 4429 hominem

4031 2329 4063 2896 φ

329 4437 616 4549 θρῷἒτοζῖ,
653 4437 1054 4546 Βιαφσὶ-ςέργων
1083 4476 1292 4543 νόμου.
1336 4474 1518 4542 Νόμον
1553 4472 1793 4526 ἐνταῦθα
1836 4472 1926 4527 τὸν

2032 4486 2123 4541 per
2168 4467 2324 4539 ﬁdem
2381 4467 2497 4521 sine
2554 4465 2794 4534 operibus
2851 4437 3034 4534 legis:
3065 4437 3260 4535 Legem
3326 4466 3413 4520 hic
3474 4466 3608 4538 dicit

328 4569 639 4627 Μωσαῖκδν
671 4569 846 4637 λέγει·
894 4568 1008 4621 ἀλλ’
1043 4567 1192 4637 ὅμως
1244 4565 1344 4618 οὐκ
1383 4560 1503 4617 εἶπε
1527 4577 1542 4593 °
1585 4565 1926 4634 Λογιζόμεθα

2033 4559 2350 4623 Mosaicam,
2391 4564 2446 4610 at
2478 4564 2658 4611 tamen
2698 4569 2807 4608 non
2864 4554 3044 4610 dixit:
3105 4555 3454 4611 Arbitramur
3503 4555 3609 4609 lide

329 4663 528 4716 πίστει
577 4658 917 4714 δικαιοῦσθαι
965 4656 1247 4722 Ἰουδαῖον,
1304 4653 1418 4706 ἀλλ’
1452 4655 1831 4722 Ἄνθρωπον,
1867 4655 1926 4708 τὸ

2030 4649 2322 4723 iustiﬁcari
2350 4648 2618 4712 Judaeum,
2648 4647 2765 4713 sed,
2795 4647 3090 4714 Hominem,
3119 4649 3264 4720 quod
3287 4649 3501 4720 quidem
3522 4657 3610 4703 est

330 4751 525 4809 κοινὸν
587 4751 688 4821 τῆς
745 4749 962 4820 φύσεως
1029 4747 1220 4818 ὄνομα.
1277 4743 1440 4798 Ὅθεν
1503 4741 1926 4811 συλλογιστικῶς

330 4848 630 4918 ἐπήγαγεν
651 4862 665 4876 ο

417 4939 523 4992 κθ’.
591 4936 896 4993 Ἰουδαίων
943 4935 974 4986 ὀ
1024 4930 1170 4997 Θεὸς
1225 4930 1451 5000 μόνον;
1504 4928 1638 4998 οὐχί
1702 4927 1771 4980 δὲ
1824 4927 1922 4982 καί

247 5073 254 5078 -
327 5029 577 5094 ἐθνῶν;
616 5030 728 5085 Ναὶ
775 5028 870 5082 καὶ
902 5026 1112 5081 ἐθνῶν.
1167 5025 1398 5078 Ἔπειτα
1423 5023 1497 5088 ὡς
1531 5024 1923 5094 ἀναντίρρητον

329 5123 560 5196 βεϐαιοί
584 5125 648 5193 τῇ
675 5121 968 5190 ἀποφάσει.

419 5301 799 5368 >.’.·Ὲπείπερ
845 5294 934 5364 εἷς
963 5302 994 5352 ό
1027 5296 1171 5363 Θεὸς
1199 5337 1213 5360 ,
1260 5296 1326 5362 ὃς
1357 5297 1658 5349 δικαιώσει
1694 5311 1926 5363 περιτο·

324 5391 475 5464 μὴν
501 5391 570 5444 ἐκ
611 5391 904 5456 πίστεως,
951 5389 1048 5443 καί
1087 5387 1495 5456 ἀκροϐυστίαν
1534 5386 1631 5439 διὰ
1677 5384 1786 5452 τῆς
1830 5387 1928 5438 πί-

329 5498 562 5548 στεως.
604 5477 699 5544 Εἷς
748 5484 883 5547 ἐστι,
929 5481 1089 5550 φησιν
1111 5523 1124 5545 ,
1154 5482 1182 5532 6
1215 5478 1320 5533 τῶν
1356 5479 1609 5533 ἁπάντων
1637 5476 1769 5539 θεὸς
1795 5516 1808 5543 ,
1843 5470 1922 5541 εἷς

433 5667 456 5697 ί
495 5656 696 5714 Jercm.
732 5675 891 5726 XXXI,
920 5658 1008 5722 5|,
1041 5657 1128 5711 '59..

2033 4755 2325 4799 commune
2373 4750 2582 4796 natura:
2622 4755 2840 4796 nomen.
2901 4738 3052 4796 Unde
3097 4741 3430 4812 syllogistice
3475 4740 3607 4795 sub-

2027 4833 2209 4909 iunxit
2244 4850 2258 4886 :

2102 4925 2266 4982 Vens.
2311 4926 2401 4981 29.
2431 4925 2513 4980 An
2558 4923 2872 4980 Italicorum
2920 4923 3060 4979 Deus
3108 4923 3363 4978 tantum?
3419 4919 3609 4978 Nonne

2031 5034 2205 5080 autem
2235 5029 2283 5078 et
2309 5021 2584 5094 gentium?
2607 5018 2727 5074 Ima
2758 5029 2808 5074 et
2837 5020 3090 5090 gentium.
3119 5017 3322 5072 Deinde
3351 5024 3608 5087 tanquam

2029 5124 2283 5179 eertum,
2317 5121 2371 5169 et
2405 5112 2493 5167 cui
2552 5108 2852 5174 contradici
2915 5123 3024 5163 non
3079 5114 3277 5176 potest,
3341 5105 3608 5161 sententia

2033 5205 2341 5262 confirmat.

2097 5293 2624 5360 Vens.50.Quoniam
2637 5292 2840 5363 quidem
2855 5304 2988 5342 unus
3003 5300 3077 5343 est
3097 5287 3610 5358 Deus,quijusti/icat
3644 5293 3648 5298 '

2035 5383 2482 5439 cirrumcisionem
2497 5395 2562 5434 ea:
2583 5381 2708 5450 ﬁde,
2726 5385 2778 5432 et
2799 5378 3112 5447 prwputium
3127 5391 3218 5444 per
3235 5375 3435 5444 ﬁdem.‘
3459 5373 3609 5427 Unns

2035 5471 2591 5544 cst,inquit,omnium
2606 5469 2918 5536 Deus,unus
2931 5468 3172 5524 omnium
3189 5465 3383 5539 Opifex
3402 5472 3482 5520 :et
3502 5458 3622 5514 ﬁeri

4013 4964 4019 5141 π

4008 5339 4011 5414 Ι
