4074 6176
433 210 512 294 ,87
1430 213 1919 275 THEODORETI
1955 215 2295 276 EPISCOPI
2317 215 2686 278 CYRENSIS
3643 216 3714 284 88

443 334 554 375 non
593 325 773 391 potest
803 330 862 374 ut
892 318 1088 374 horum
1110 319 1328 391 quidem
1365 336 1553 377 curam
1587 331 1762 394 gerat,
1805 323 2003 379 illorun

2131 322 2238 376 τῶν
2275 323 2534 379 ἁπάντων
2564 326 2592 379 ὁ
2625 323 2968 397 Δημιουργός
2993 341 3006 358 ·
3043 323 3138 378 καὶ
3175 321 3276 396 ούχ
3307 317 3419 379 οἷόν
3459 339 3520 378 τι
3549 325 3713 381 αὐτὸν

440 425 572 466 vero
600 426 712 467 non
736 417 908 482 gerat.
932 409 1202 469 Omnibus
1224 427 1354 484 ergo
1377 415 1471 484 qui
1491 415 1754 481 credunt,
1785 415 2020 471 salutem

442 503 667 571 praebet.
704 500 1176 558 Circumcisionem
1210 513 1395 560 autem
1430 513 1587 560 vocat
1619 503 1860 570 Judaaos,
1891 521 2026 575 prta-

439 596 649 662 putium
690 610 820 651 vero
861 595 972 667 46
1015 604 1228 668 gentes.
1277 595 1452 652 Solvit
1503 612 1670 668 porro
1723 611 1844 654 eam
1892 611 2018 667 quae

440 689 637 744 incidit
669 689 1055 759 objectionem.

508 779 672 836 γειις.
705 782 794 838 51.
821 780 1007 851 Legem
1033 798 1158 853 ergo
1177 781 1499 837 destruimus
1523 798 1614 852 per
1633 781 1823 852 fidem?
1845 781 2020 849 Absit,

437 871 528 927 sed
559 872 722 943 legem
752 873 1060 928 statuimus.
1088 872 1272 928 Multis
1304 873 1450 928 enim
1471 872 1582 942 jam
1629 881 1774 927 retro
1804 871 2020 927 saeculis

435 974 490 1018 et
520 963 604 1018 lex
639 971 693 1018 et
717 963 996 1035 prophetae
1019 964 1086 1020 de
1111 964 1214 1020 [ide
1239 965 1624 1036 praedixerunt.
1661 962 1849 1019 Fidem
1887 977 2018 1033 ergo

436 1055 839 1125 suscipientes,
897 1055 1067 1127 legem
1126 1057 1543 1112 conﬁrmamus.
1595 1054 1800 1110 Deinde
1861 1055 2018 1110 affert

435 1146 632 1202 horum
666 1148 1021 1218 probationes
1054 1166 1069 1216 ;
1099 1157 1153 1204 et
1197 1164 1321 1204 cum
1362 1157 1546 1218 posset
1601 1147 1837 1217 plurima
1887 1159 2017 1216 pro.

435 1239 722 1310 phetarum
774 1242 1092 1296 testimonia
1135 1239 1444 1306 adducere,
1477 1238 1654 1309 pergit
1714 1237 1781 1290 ad
1837 1237 2011 1306 ipsam

431 1315 742 1387 Judm‘orum
781 1333 1042 1397 radicem,
1071 1338 1125 1388 et
1158 1331 1398 1387 ostendit
1425 1327 1794 1398 patriarcham
1831 1328 2014 1381 Abrae

433 1424 654 1478 hamum
682 1423 952 1493 justitiam
983 1439 1081 1494 per
1129 1422 1288 1478 [idem
1328 1421 1714 1492 acquisivisse,
1753 1428 1808 1476 et
1839 1420 2011 1476 dicit:

1015 1601 1242 1657 CAPUT
1273 1600 1360 1656 IV.

501 1689 728 1746 γεκαὶ.
756 1691 896 1759 Quid
929 1707 1052 1762 ergo
1081 1693 1314 1745 dicemus
1350 1703 1552 1758 patrem
1585 1697 1826 1743 nostrum
1851 1687 2019 1742 Abra-

427 1782 644 1836 hamum
666 1783 924 1836 invenisse
951 1780 1235 1835 secundum
1251 1782 1492 1834 carnem?
1522 1779 1788 1847 Ecquam,
1811 1779 2009 1849 inquit,

428 1879 719 1942 antequam
768 1871 1042 1926 Abraham
1111 1869 1222 1926 Deo
1254 1870 1541 1933 crederet,
1595 1868 1863 1940 justitiam
1889 1867 2011 1938 ejus

429 1979 530 2034 per
601 1977 768 2033 opera
822 1963 993 2019 fuisse
1053 1963 1405 2018 audivimus?
1455 1961 1755 2016 Secundum
1801 1976 2012 2014 carnem

426 2052 573 2108 enim
599 2053 734 2114 dicit
781 2067 901 2108 eam
933 2067 1052 2122 qua:
1085 2060 1170 2108 est
1196 2053 1252 2106 in
1281 2051 1565 2122 operibus,
1622 2050 1886 2121 quoniam
1912 2063 2010 2118 per

426 2159 630 2214 corpus
667 2158 831 2215 opera
870 2144 1202 2215 peragimus.

503 2229 672 2288 Vens.
699 2232 753 2286 2.
785 2230 846 2287 Si
900 2236 1037 2286 enim
1070 2231 1336 2286 Abraham
1371 2247 1438 2286 ex
1458 2231 1697 2302 operibus
1735 2231 2007 2302 justi/ica-

427 2332 510 2378 tus
544 2323 840 2397 ert,_liabet
896 2324 1419 2395 gloriationemncd
1461 2340 1565 2379 non
1619 2324 1757 2392 apud
1811 2324 2006 2380 Deum.

423 2418 701 2476 Bonorum
735 2435 962 2490 operum
992 2419 1256 2491 perfectio
1285 2434 1381 2475 eos
1404 2420 1499 2490 qui
1523 2427 1825 2489 operantur
1847 2433 2009 2473 coro-

423 2520 543 2577 nat,
589 2513 684 2567 sed
744 2512 839 2568 Dei
890 2512 1287 2582 benignitatem
1349 2525 1460 2566 non
1527 2510 1785 2566 ostendit.
1841 2510 2006 2565 Fides

424 2611 606 2658 autem
643 2611 942 2672 utrumque
996 2601 1352 2657 manifestum
1410 2601 1559 2667 facit,
1611 2609 1664 2656 et
1731 2601 1851 2670 ejus
1909 2600 2004 2671 qui

419 2694 600 2748 credit
633 2694 686 2748 in
715 2693 884 2749 Deum
909 2693 1185 2757 allectum,
1209 2701 1264 2747 et
1289 2693 1382 2747 Dei
1405 2692 1792 2763 benignitatem
1816 2711 1828 2746 :
1862 2707 2003 2762 quo-

421 2783 574 2839 niam
602 2785 915 2855 approbans
946 2784 1126 2849 (idem,
1176 2799 1298 2838 eum
1330 2783 1422 2854 qui
1455 2783 1546 2838 illa
1593 2783 1854 2854 praaditus
1897 2793 2002 2850 est,

419 2855 988 2933 victorem‘declarat.
1015 2875 1081 2930 Et
1112 2877 1216 2932 hoc
1249 2875 1541 2931 confirmat
1571 2890 1669 2945 per
1703 2875 2004 2946 Scriptura:

420 2969 823 3026 testiinonium.

489 3056 659 3121 Vnus.
689 3060 742 3114 3.
779 3057 920 3126 Quid
933 3059 1072 3113 enim
1093 3059 1220 3112 dicit
1243 3058 1515 3126 Scriptura
1541 3061 1568 3114 ?
1587 3058 1809 3113 credidit
1837 3058 2005 3112 Abra-

419 3149 542 3203 ham
569 3149 694 3213 Deo,
722 3159 770 3205 et
794 3158 1091 3219 reputatum
1115 3148 1291 3203 estilli
1309 3150 1377 3203 ad
1386 3150 1674 3218 jusritiam.
1706 3148 1825 3203 Non
1857 3149 2004 3204 enim

418 3257 487 3296 ex
515 3241 630 3312 lege
651 3242 816 3296 vitam
859 3241 1155 3295 instituens
1181 3240 1534 3295 beatissimus
1572 3239 1844 3293 Abraham
1867 3238 2008 3293 divi-

419 3348 550 3388 num
582 3332 958 3389 testimonium
989 3339 1277 3388 assecutus
1303 3339 1426 3396 est,
1456 3329 1551 3388 sed
1578 3331 1630 3387 ei
1661 3332 1755 3400 qui
1787 3329 2006 3386 vocavit

417 3424 653 3482 credens
680 3424 910 3496 justitiaa
936 3423 1175 3480 fructum
1198 3423 1441 3494 collegit.

485 3603 652 3660 Vens.
696 3604 754 3659 4.
797 3602 866 3657 Ei
895 3612 1069 3658 autem
1101 3605 1190 3673 qui
1222 3601 1330 3675 47
1361 3610 1629 3671 operatur,
1675 3615 1868 3654 merces
1899 3615 2002 3654 non

413 3695 707 3764 imputatur
721 3693 1006 3749 secundum
1032 3695 1284 3764 gratiam,
1311 3695 1400 3748 sed
1427 3693 1714 3748 secuiidum
1744 3692 1998 3746 debitum.

413 3785 683 3855 Operator
715 3785 862 3839 enim
913 3785 1149 3854 justitia:
1195 3786 1502 3842 mercedem
1539 3785 1830 3856 postulat:
1878 3785 1999 3855 jus-

412 3877 532 3930 titia
571 3883 758 3930 autem
794 3891 858 3931 ex
912 3875 1017 3932 iide
1066 3877 1270 3932 donum
1317 3886 1403 3934 cst
1441 3877 1540 3933 Dei
1587 3879 1996 3932 universorum.

410 3966 527 4021 Hoc
555 3969 738 4023 enim‘
769 3967 966 4024 docent
990 3970 1157 4024 etiam
1188 3985 1309 4039 qua:
1339 3978 1672 4040 sequuntur.

478 4058 645 4116 Vsus.
676 4059 730 4114 ὃ.
760 4057 824 4113 Ei
855 4076 970 4113 vero
999 4061 1088 4132 qui
1118 4077 1221 4116 non
1255 4071 1525 4129 operatur,
1562 4062 1794 4116 credenti
1819 4071 1995 4116 autem

413 4153 469 4205 in
495 4151 649 4204 illum
681 4151 773 4222 qui
796 4152 1067 4221 justiﬁcat
1110 4153 1350 4223 impium,
1393 4162 1674 4223 reputatur
1723 4155 1851 4224 ﬁdes
1881 4156 1995 4224 ejus

407 4243 477 4296 ad
499 4241 787 4313 justitiam.
816 4243 955 4299 Cum
979 4243 1059 4301 sic
1083 4260 1182 4315 per
1206 4243 1578 4317 patriarcham
1615 4248 1993 4304 Abrahamum

2126 413 2236 468 τῶν
2289 414 2390 485 μὲν
2429 414 2842 487 ἐπιμελεῖσθαι,
2885 416 3013 481 τοὺς
3053 415 3111 471 δὲ
3167 415 3545 488 ἀτημελήτους
3591 417 3710 490 ιᾷν.

2125 505 2334 560 Οὐκοῦν
2357 505 2529 560 ἅπασι
2555 509 2668 572 τοῖς
2694 506 3042 562 πιστεύουσιν
3070 507 3256 579 ὀρέγει
3280 507 3384 578 τὴν
3411 506 3709 579 σωτηρίαν.

2124 597 2298 651 Καλεῖ
2331 597 2390 652 δὲ
2435 599 2764 668 περιτομὴν
2798 599 2896 670 μὲν
2938 600 3064 663 τοὺς
3106 599 3419 665 Ἰουδαίους,
3458 600 3710 668 ἀκροϐυ-

2122 689 2302 744 στίαν
2330 690 2389 743 δὲ
2423 690 2494 744 τὰ
2521 691 2672 762 ἔθνη.
2709 691 2841 745 Λύει
2870 691 2926 745 δὲ
2951 690 3133 746 καὶτὸ
3165 690 3470 761 ὑφορμοῦν.

2189 780 2290 836 λα’.
2327 783 2530 852 Νόμον
2555 782 2624 836 δὲ
2657 782 3072 852 καταργιγῦμεν
3127 781 3227 835 διὰ
3263 780 3378 849 τῆς
3407 781 3708 846 «latente:

2119 871 2216 941 Μὴ
2243 873 2510 943 γένοιτο·
2557 874 2718 928 ἀλλὰ
2759 874 2949 942 νόμον
2992 869 3269 941 ἱστῶμεν.
3323 871 3563 925 Ἀνωθεν
3597 870 3708 942 γὰρ

2119 962 2213 1014 καὶ
2233 961 2261 1013 ὁ
2279 961 2462 1032 νόμος,
2495 962 2590 1016 καὶ
2618 961 2668 1015 oi
2699 964 2998 1034 προφῆται,
3021 959 3092 1015 τὰ
3109 961 3154 1000 ³⁸
3183 959 3316 1031 περὶ
3343 960 3443 1030 τῆς
3465 959 3706 1023 πίστεως

2117 1051 2432 1107 ὲθέσπισαν.
2475 1053 2765 1124 Δεχόμενοι
2797 1053 2977 1108 τοίνυν
3003 1051 3104 1125 τὴν
3130 1051 3340 1120 πίστιν,
3371 1049 3704 1122 βεϐαιοῦμεν

2115 1145 2207 1198 τὴν
2235 1145 2419 1215 νόμον.
2467 1141 2600 1200 Εἶτα
2631 1145 2834 1200 τούτων
2873 1145 3177 1217 προσφέρει
3218 1145 3320 1208 τὰς
3361 1143 3701 1208 ἀποδείξεις’

2116 1234 2212 1288 καὶ
2241 1235 2502 1299 πλείστας
2536 1236 2880 1307 παραγαγεῖν
2929 1233 3230 1304 δυνάμενος
3261 1231 3375 1286 τῶν
3405 1232 3703 1304 προφητῶν

2119 1326 2456 1398 μαρτυρίας,
2503 1327 2590 1380 ἐπ’
2640 1326 2814 1398 αὐτὴν
2865 1328 3036 1398 χωρεῖ
3091 1324 3202 1378 τῶν
3264 1323 3537 1378 Ἰουδαίων
3600 1321 3702 1392 τὴν

2115 1417 2311 1487 ῥίζαν,
2365 1419 2462 1472 καὶ
2504 1417 2743 1471 δείκνυσι
2788 1417 2881 1471 τὸν
2924 1417 3274 1488 πατριάρχην
3316 1414 3570 1487 ’Δύραὰμ
3600 1414 3703 1486 τὴν

2111 1508 2200 1563 διὰ
2249 1508 2488 1574 πίστεως
2535 1509 2884 1580 δικαιοσύνην
2935 1509 3322 1580 κτησάμενον,
3376 1508 3472 1562 καί
3525 1523 3696 1577 φησι·

2666 1600 3066 1655 ΚΕΦΑΛΔΙΟΝ
3104 1602 3156 1652 Δ¹

2053 1691 2094 1745 Β
2191 1699 2258 1746 α’.
2298 1693 2358 1747 Τί
2391 1686 2506 1747 οὗν
2528 1691 2782 1760 ἐροῦμεν
2831 1690 3076 1760 Ἀϐραὰμ
3119 1688 3226 1743 τὸν
3257 1647 3485 1756 πατέρα
3528 1682 3700 1756 ἡμῶν

2111 1783 2430 1854 εὑρηκέναι
2480 1783 2631 1838 κατὰ
2679 1783 2915 1852 σάρκας
2956 1781 3162 1847 Ποίαν,
3209 1781 3383 1852 φησὶ,
3435 1777 3544 1850 πρὸ
3599 1775 3699 1831 τοῦ

2112 1875 2402 1930 πιστεῦσαι
2441 1875 2518 1947 τῷ
2548 1875 2670 1946 Θεῷ
2702 1875 2794 1930 τὸν
2839 1873 3116 1945 Ἀϐραὰμ,
3151 1869 3499 1941 δικαιοσύνην
3527 1865 3695 1924 αὑτοῦ

2110 1969 2178 2022 δι’
2210 1968 2386 2040 ἔργων
2435 1967 2813 2038 γεγενημένην
2870 1965 3224 2037 ἡκούσαμενς
3267 1961 3433 2018 Κατὰ
3498 1959 3696 2029 σάρκα

2077 2035 2086 2044 ”
2110 2060 2219 2132 γὰρ
2243 2035 2345 2132 ⁷τὴν
2378 2035 2457 2112 ὲν-
2480 2035 2662 2129 ἔργοις
2691 2035 2840 2127 λέγει
2867 2035 3219 2129 ,ἐπειδήπερ
3258 2055 3349 2109 διὰ
3375 2053 3472 2109 τοῦ
3507 2052 3694 2125 σώμα-

2109 2169 2200 2215 τος
2232 2151 2616 2222 ὲκπληροῦμεν
2643 2150 2712 2205 τὰ
2739 2149 2875 2220 ἔργα
2892 2149 2957 2204 ³⁹.

2181 2242 2246 2313 β’.
2293 2243 2361 2294 El
2405 2241 2515 2310 γὰρ
2556 2241 2804 2308 Ἀϐραὰμ
2856 2238 2925 2304 ἐξ
2953 2238 3144 2308 ἔργων
3182 2234 3530 2304 ἐδικαιώθη,
3562 2232 3692 2306 ἔχει

2107 2335 2389 2402 καύχημα
2417 2349 2430 2362 ·
2472 2333 2611 2387 ἀλλ’
2643 2334 2716 2386 οὺ
2755 2331 2904 2400 πρὸς
2934 2330 3042 2385 τὸν
3081 2331 3251 2386 Θεόν.
3304 2330 3368 2383 Ἦ
3408 2329 3517 2383 τῶν
3554 2328 3692 2396 ἀγα-

2109 2423 2218 2476 Θῶν
2252 2423 2430 2496 ἔργων
2471 2424 2826 2495 ὲκπλήρωσις
2857 2422 3053 2484 αὐτοὺς
3087 2422 3342 2490 στεφανοῖ
3365 2419 3490 2482 τοὺς
3525 2420 3691 2488 ἔργα·

2107 2513 2405 2585 ζομένους,
2458 2513 2558 2585 τὴν
2598 2514 2656 2568 δὲ
2699 2513 2793 2567 τοῦ
2826 2512 2963 2566 Θεοῦ
3008 2509 3419 2582 φιλανθρωπίαν
3468 2509 3531 2562 ού
3576 2506 3688 2560 δεί-

2106 2623 2331 2661 κνυσινο
2370 2609 2403 2677 ὴ
2439 2606 2495 2659 δὲ
2532 2606 2717 2669 πίστις
2746 2605 3033 2676 ἀμφότερα
3081 2607 3224 2659 ποιεῖ
3253 2602 3412 2673 δῆλα,
3447 2599 3543 2656 καὶ
3592 2596 3688 2652 τοῦ

2105 2697 2535 2760 πεπιστευκότος
2567 2697 2667 2769 τὴν
2717 2697 2850 2768 περὶ
2876 2697 2966 2750 τὸν
2993 2696 3126 2749 Θεὸν
3155 2695 3394 2750 διάθεσιν
3414 2733 3430 2758 ,
3464 2692 3561 2747 καὶ
3593 2690 3688 2746 τοῦ

2105 2789 2242 2843 Θεοῦ
2296 2789 2358 2842 τὺ
2408 2788 2828 2860 φιλάνθρωπονσ
2882 2789 2965 2842 ὅτι
3012 2788 3111 2858 τὴν
3164 2787 3349 2840 πίστιν
3399 2783 3688 2854 δεχόμενος

2105 2876 2474 2950 ἀνακηρύττει
2523 2878 2615 2932 τὸν
2666 2877 3026 2949 κεκτημένον.
3074 2877 3186 2930 Καὶ
3231 2874 3388 2930 τοῦτο
3441 2873 3530 2927 διὰ
3584 2871 3687 2942 τῆς

2107 2971 2391 3045 Γραφικῆς
2427 2970 2636 3042 βεϐαιοῖ
2671 2968 2999 3042 μαρτυρίας.

2179 3069 2249 3132 γ’.
2309 3063 2373 3116 Τί
2419 3062 2530 3131 γὰρ
2581 3063 2620 3130 ἡ
2681 3060 2894 3130 Γραφὴ
2961 3059 3156 3129 λέγει;
3211 3057 3575 3112 Ἐπίστευσε
3619 3054 3688 3108 δὲ

2102 3149 2368 3224 ’Ἀϐραὰμ
2387 3151 2467 3217 τῷ
2485 3151 2627 3218 Θεῷ,
2647 3151 2747 3206 καὶ
2761 3151 3049 3221 ἐλογίσθη
3077 3149 3239 3216 αὐτῷ
3267 3152 3354 3216 εις
3377 3146 3684 3202 δικαιοσύο

2107 3263 2244 3314 νην.
2293 3246 2368 3298 Οὐ
2410 3245 2519 3316 γὰρ
2553 3244 2696 3298 κατὰ
2739 3243 2902 3312 νόμον
2940 3242 3401 3313 πολιτευσάμενος
3433 3243 3462 3295 ὁ
3512 3237 3689 3310 μακά-

2110 3353 2223 3408 ριος
2260 3335 2513 3408 Ἀϐρααμ
2549 3335 2648 3405 τῆς
2678 3333 2831 3398 θείας
2864 3334 3173 3405 μαρτυρίας
3201 3332 3524 3403 τετύχηκεν,
3553 3329 3688 3384 ἀλλὰ

2103 3428 2182 3498 τῷ
2215 3427 2507 3499 κεκλτῃιότι
2534 3425 2832 3490 πιστεύσας
2863 3426 2960 3496 τῆς
3005 3423 3355 3496 δικαιοσύνης
3400 3425 3492 3478 τὸν
3520 3420 3686 3476 πλοῦ-

2105 3536 2194 3573 τον
2224 3519 2513 3590 ἐτρύγησε.

2173 3611 2234 3664 δ’.
2289 3611 2371 3676 Τῷ
2413 3610 2482 3663 δὲ
2522 3608 2887 3680 ἐργαζομένῳ
2919 3609 2952 3663 ὁ
2995 3607 3218 3678 μισθὸς
3268 3607 3340 3661 οὐ
3392 3601 3685 3673 λογίζεται

2103 3703 2254 3758 κατὰ
2287 3703 2493 3772 χάριν,
2533 3701 2696 3757 ἀλλὰ
2736 3701 2888 3755 κατὰ
2943 3700 3263 3770 ὀφείλημα.
3331 3696 3391 3750 '0
3435 3695 3542 3764 γὰρ
3573 3693 3685 3763 ,τῆς

2102 3791 2444 3863 δικαιοσύνης
2489 3792 2732 3864 ἐργάτης
2779 3791 2973 3862 μισθὸν
3020 3789 3284 3846 ἀπαιτεῖ·
3325 3789 3358 3859 ἡ
3393 3786 3451 3839 δὲ
3485 3787 3549 3838 ὲκ
3595 3783 3683 3839 πί-

2103 3901 2271 3949 στεως
2308 3884 2621 3952 δικαιοσύνη
2667 3883 2840 3953 δῶρόν
2888 3883 3004 3934 ἐστι
3047 3880 3143 3934 τοῦ
3191 3878 3301 3932 τῶν
3341 3877 3479 3932 ὅλων
3522 3873 3678 3931 Θεοῦ.

2101 3979 2270 4033 Τοῦτο
2302 3980 2410 4050 γὰρ
2437 3978 2680 4032 διδάσκει
2706 3976 2800 4029 καὶ
2833 3974 2902 4029 τὰ
2931 3974 3079 4045 ἑξῆς.

2169 4077 2229 4125 ε’.
2272 4068 2361 4136 Τῷ
2399 4069 2468 4122 δὲ
2517 4067 2604 4138 μὴ
2636 4065 3002 4137 ἐργαζομένῳ
3023 4107 3038 4132 ,
3085 4063 3431 4119 πιστεύοντι
3479 4059 3548 4114 δὲ
3579 4059 3679 4113 ἐπὶ

2098 4164 2206 4218 τὸν
2254 4163 2602 4217 δικαιοῦντα
2654 4162 2762 4214 τὸν
2787 4157 2980 4226 ἀσεϐῆ
3004 4197 3018 4219 ,
3075 4155 3368 4226 λογίζεται
3397 4154 3435 4221 η
3469 4153 3678 4218 πίστις

2097 4255 2285 4310 αὑτοῦ
2321 4258 2409 4320 εἰς
2439 4253 2859 4319 δικαιοσύνην.
2904 4249 3062 4304 Οὒτω
3093 4249 3179 4301 διὰ
3209 4248 3303 4300 τοῦ
3336 4245 3678 4317 πατριάρχου

405 4337 743 4393 ostendisset
797 4338 958 4393 tidem
1017 4353 1143 4395 esse
1184 4341 1569 4411 antiquiorem
1623 4342 1764 4411 lege,
1820 4344 1986 4398 alium

2108 4345 2359 4418 Ἀϐραὰμ
2383 4345 2564 4409 δείξας
2606 4344 2697 4398 τοῦ
2725 4343 2892 4414 νόμου
2931 4339 3312 4413 πρεσϐυτέραν
3340 4339 3440 4406 τὴν
3471 4339 3676 4396 πίστιν,

406 4445 602 4484 rursus
631 4431 887 4486 idoneum
918 4433 1084 4503 hujus
1126 4442 1317 4490 testem
1355 4436 1510 4496 citat,
1541 4435 1712 4489 David
1757 4437 1989 4506 prophe-

404 4529 516 4574 tam
538 4527 594 4575 et
619 4535 800 4591 regem
831 4538 844 4574 :
866 4523 952 4576 cui
977 4524 1362 4579 universorum
1386 4525 1530 4580 Deus
1557 4525 1734 4580 factas
1759 4527 1990 4582 Abrahae

404 4611 804 4680 promissiones
875 4614 1175 4668 renovavit.
1237 4616 1391 4670 Sicut
1455 4617 1600 4672 enim
1660 4618 1989 4687 patriarchae

403 4702 717 4759 Abrahamo
757 4704 1039 4775 pollicitus
1072 4713 1159 4761 est
1185 4722 1244 4762 se
1272 4708 1324 4760 in
1348 4708 1469 4777 ejus
1495 4710 1705 4766 semine
1727 4712 1986 4769 omnibus

398 4796 656 4866 gentibus
686 4798 1122 4862 benedicturum,
1156 4799 1228 4854 ita
1256 4799 1422 4855 etiam
1449 4801 1588 4855 dixit
1639 4802 1986 4860 divinissimo

404 4887 592 4942 Davidi
626 4907 671 4943 ει
703 4888 880 4944 Semel
907 4889 1090 4960 juravi
1152 4891 1204 4945 in
1257 4899 1448 4946 sancto
1493 4907 1613 4946 meo
1638 4932 1654 4956 ,
1713 4897 1758 4947 si
1797 4893 1986 4948 Davidi

401 4983 670 5038 mentiar:
703 4997 889 5038 semen
913 4983 1035 5053 ejus
1066 4991 1249 5038 manet
1277 4984 1330 5038 in
1359 4983 1644 5046 sarculum,
1674 4991 1727 5038 et
1753 4984 1986 5040 thronus

399 5073 522 5142 ejus
559 5081 818 5147 tanquam
879 5076 960 5132 sul
1001 5090 1187 5131 coram
1249 5092 1370 5145 me,
1420 5084 1475 5131 et
1537 5083 1796 5147 tanquam
1858 5077 1986 5132 luna

405 5164 646 5236 perfecta
681 5169 734 5222 in
771 5175 1061 5234 aeternum,
1095 5178 1152 5224 et
1196 5170 1354 5225 testis
1393 5169 1448 5223 in
1479 5169 1620 5224 caelo
1661 5168 1838 5225 ﬁdelis
1882 5170 1900 5208 ί
1934 5190 1982 5225 ,ι

473 5323 494 5363 ί
533 5322 678 5380 Psal.
709 5339 975 5388 tum",
1004 5324 1092 5391 56,
1126 5327 1214 5382 58.

2095 4438 2282 4510 ἕτερον
2343 4437 2507 4490 πάλιν
2568 4435 2866 4507 ἀξιόχρεων
2932 4433 3186 4504 μάρτυρα
3257 4429 3461 4497 ταύτης
3522 4426 3681 4481 καλεί

2096 4530 2260 4584 Δαὸὶδ
2285 4530 2378 4583 τὸν
2413 4530 2701 4601 προφήτην
2743 4527 2836 4582 καὶ
2886 4525 3111 4596 βασιλέα
3139 4565 3152 4588 ,
3210 4523 3347 4594 πρὸς
3388 4521 3448 4574 ὃν
3495 4521 3523 4572 ὁ
3570 4519 3679 4571 τῶν

2094 4623 2231 4676 ὅλων
2259 4622 2390 4686 Θεὸς
2419 4619 2758 4675 ἀνενεώσατο
2794 4618 2893 4681 τὰς
2921 4617 3059 4687 πρὸς
3104 4615 3196 4668 τὸν
3239 4613 3494 4683 Ἀϐραὰμ
3519 4627 3679 4678 γεγεν

2092 4715 2396 4786 γενημένας
2431 4713 2779 4781 ἐπαγγελίας.
2819 4712 3030 4780 Ὠσπερ
3075 4707 3184 4777 γὰρ
3228 4705 3307 4775 τῷ
3357 4702 3678 4774 πατριάρχῃ

2095 4809 2362 4878 ὑπέσχετο
2401 4804 2671 4875 Ἀϐραὰμ,
2714 4807 2770 4857 ἐν
2803 4803 2881 4874 τῷ
2929 4801 3204 4872 σπέρματι
3249 4796 3410 4850 αὑτοῦ
3443 4795 3675 4864 εύλογήο

2095 4913 2207 4948 σειν
2231 4896 2405 4948 πάντα
2428 4894 2495 4948 τὰ
2511 4895 2659 4964 ἔθνη,
2678 4893 2819 4948 οὕτω
2845 4894 2938 4946 καὶ
2960 4891 3038 4962 τῷ
3059 4889 3319 4954 θειοτάτῳ
3342 4887 3446 4957 ἔφη
3474 4885 3638 4938 Δαϐίδ
3657 4901 3673 4917 ο

2100 5005 2116 5037 ι
2159 4986 2342 5052 Ἀπαξ
2385 4985 2576 5057 ὤμοσα
2634 4989 2691 5040 ὲν
2734 4985 2812 5056 τῷ
2867 4984 3008 5056 ἁγίῳ
3064 4999 3201 5052 μου,
3258 4981 3308 5032 εί
3379 4976 3456 5048 τῷ
3507 4975 3674 5030 Δαὸὶδ

2089 5078 2368 5148 ψεύσομαι
2394 5097 2408 5111 ·
2445 5079 2506 5132 τὸ
2541 5079 2761 5150 σπέρμα
2801 5075 2966 5130 αὐτοῦ
3007 5075 3087 5138 είς
3131 5073 3224 5126 τον
3272 5071 3444 5124 αἰῶνα
3482 5070 3670 5141 μένει.

2095 5171 2190 5225 καὶ
2221 5173 2248 5224 ι
2276 5169 2463 5242 Θρύνος
2501 5171 2660 5225 αὑτοῦ
2687 5170 2762 5235 ὡς
2787 5173 2814 5224 ὁ
2841 5169 2992 5240 ἥλιος
3026 5163 3267 5220 ἐναντίον
3309 5180 3432 5233 μου,
3474 5161 3568 5216 καὶ
3596 5160 3671 5222 ὡς

1730 5471 1960 5527 VARLE
1997 5468 2393 5529 LECTIONES.

464 5554 508 5580 "'"
635 5553 784 5638 dccst
808 5555 951 5638 apud
968 5556 1199 5616 (Ecum.
1279 5560 1718 5638 39-mi'lllll0llills
1758 5565 1940 5638 ἐπειδὴ
1963 5565 2050 5618 διὰ
2081 5566 2179 5634 τῆς
2221 5565 2418 5636 σαρκὸς
2451 5562 2776 5638 ἐκτελοῦμεν
2807 5582 2854 5617 τ.
2887 5581 2929 5616 ε.
2965 5561 3176 5621 Pariter
3197 5560 3460 5617 Thcndul.
3487 5572 3663 5630 quan-

379 5623 671 5688 dO'l'tldem
696 5638 795 5692 Per
824 5623 1001 5696 ipsum
1037 5644 1259 5688 carnem
1289 5632 1545 5688 nimirum
1569 5650 1730 5704 opera
1759 5623 2068 5706 perlicimus
