4074 6176
331 237 404 300 89
1178 243 1791 304 INTERPRETATIO
1832 246 2068 308 EPIST.
2112 249 2211 308 AD
2251 249 2429 309 ROM.
2471 249 2629 310 CAP.
2671 251 2768 318 IV.
3515 256 3587 319 90

338 354 372 420 ἠ
406 346 607 419 σελήνη
649 349 1053 420 κατηρτισμένη
1083 353 1162 418 είς
1190 355 1283 407 τὸν
1309 355 1482 410 αἰῶνα
1510 372 1523 385 ’
1562 357 1658 411 καὶ
1691 360 1720 412 ὀ
1769 359 1907 429 μάρ-

2011 359 2077 415 Ει
2105 375 2298 417 rursus
2329 379 2344 417 :
2381 382 2400 414 ι
2442 361 2648 418 Ponam
2682 364 2736 418 in
2774 363 2910 417 mari
2935 378 3157 420 manum
3181 364 3390 436 ipsius,
3440 374 3494 422 et
3528 368 3627 426 iu,

336 457 435 504 τυς
471 440 530 492 ὲν
575 438 786 510 οὐρανῷ
835 442 1040 506 πιστός.
1080 461 1099 495 ι
1141 445 1250 498 Καὶ
1284 447 1477 502 πάηλιν·
1523 469 1542 500 ι
1567 449 1814 522 ϐήσομαι
1849 453 1906 503 ὲν

340 531 583 601 θαλάσσῃ
609 533 765 602 χεῖρα
783 533 968 601 αὑτοῦ,
993 535 1088 588 καὶ
1107 536 1166 589 ἐν
1189 543 1453 609 ποταμοῖς
1471 540 1652 607 δεξιὰν
1680 542 1865 595 αὐτοῦ.
1881 561 1898 595 ι

276 629 281 636 ’
339 623 451 676 Καὶ
495 619 689 686 αὖθις·
730 642 749 675 ι
796 625 906 680 Kal
960 631 1432 700 προσκυνήσουσιν
1497 632 1646 703 αὐτῷ
1708 635 1908 697 πάντες

335 712 385 766 oi
425 713 663 783 βασιλεῖς
691 715 789 785 τῆς
838 716 968 786 γῆς,
1012 719 1190 774 πάντα
1233 720 1304 774 τὰ
1348 721 1476 791 ἔθνη
1529 723 1906 777 δουλεύσουσιν

336 803 504 873 αὐτῷ,
546 821 564 854 ι
604 803 698 856 καὶ
732 803 800 858 τὰ
843 805 1057 870 τούτοις
1114 809 1436 879 προσόμοια.
1470 811 1580 864 Kal
1611 811 1906 884 ἐπειδήπερ

335 896 425 949 τδν
459 897 727 968 μακάριον
758 896 956 962 ἔδειξεν
995 899 1246 971 Ἀϐραὰμ
1279 901 1366 956 διὰ
1418 903 1654 967 πίστεως
1684 903 1781 974 τὴν
1826 905 1903 958 δι-

337 984 633 1056 καιοσύνην
655 985 1015 1057 κτησάμενον,
1045 989 1148 1059 πρὸ
1173 989 1230 1043 δὲ
1259 991 1357 1060 τῆς
1385 991 1478 1045 τοῦ
1509 991 1674 1062 νόμου
1701 992 1903 1056 Θέσεως

2011 453 2190 510 lluviis
2222 453 2464 508 dextram
2499 455 2620 524 ejus
2680 458 2706 495 ε
2730 495 2745 509 .
2791 474 2809 506 ι
2849 454 2914 509 Et
2944 459 3175 512 rursus‘:
3209 476 3228 509 ι
3273 459 3337 512 Et
3374 459 3584 524 adora—

2013 543 2150 597 bunt
2186 557 2308 598 eum
2343 559 2534 598 omnes
2577 559 2734 614 reges
2769 550 2926 598 terrae
2956 562 2971 598 :
3025 560 3216 599 omnes
3239 555 3428 614 gentes
3471 561 3585 600 ser-

2010 635 2162 689 vient
2213 634 2356 696 eih,
2402 653 2420 686 ι
2475 640 2530 688 et
2578 645 2774 688 czetera
2837 634 3131 703 ejusmodi.
3197 634 3265 688 Et
3329 638 3582 705 quoniam

2009 723 2248 778 ostendit
2277 725 2494 779 beatum
2534 724 2904 778 Abrahamum
2952 739 3052 794 per
3102 724 3262 779 ﬁdem
3313 726 3582 794 justitiam

2012 813 2423 884 acquisirisse,
2479 825 2771 884 antequam
2821 823 3002 870 autem
3055 815 3178 868 data
3237 816 3323 871 lex
3388 825 3580 873 esset.

2009 900 2281 956 Abraham
2305 900 2505 968 fuerat,
2530 903 2778 972 apposite
2800 903 3040 959 ostendit
3066 902 3340 970 Davidem,
3369 905 3460 976 qui
3480 905 3582 960 sub

2013 995 2129 1062 lege
2161 993 2293 1048 vixit
2315 1033 2330 1058 ,
2357 993 2476 1049 ﬁdei
2515 997 2886 1051 testimonium
2915 996 3154 1062 dedisse,
3191 1004 3245 1051 et
3273 995 3407 1051 dicit
3434 1013 3448 1050 :

349 1071 599 1144 ’Δϐραάμ
639 1075 918 1144 ἐγεγόνει,
998 1078 1312 1148 ἀναγκαίως
1355 1081 1447 1135 τὸν
1508 1082 1673 1138 Δασὶδ
1723 1083 1829 1137 ὑπὸ
1863 1081 1944 1153 τῷ
2013 1083 2165 1153 νόμῳ
2215 1083 2674 1155 πολιτευσάμενον
2701 1127 2717 1152 ,
2775 1087 3018 1141 δείκνυσι
3087 1085 3466 1158 μαρτυροῦντα
3517 1088 3584 1157 τῇ

338 1165 543 1237 χάριτι,
579 1167 674 1221 καί
701 1184 834 1238 φησι
857 1185 871 1199 ·

411 1252 562 1326 ς’-η’.
617 1254 889 1325 Καθάπερ
934 1257 1033 1311 καὶ
1087 1259 1266 1313 Δαϐίδ
1299 1259 1461 1330 λέγει
1499 1261 1605 1316 τὸν
1647 1277 1900 1332 μακαρι-

337 1345 495 1413 σμὸν
521 1345 626 1400 τοῦ
665 1347 1001 1416 ἀνθρώπου,
1033 1344 1080 1418 ᾧ
1111 1355 1144 1405 ό
1173 1354 1318 1419 Θεὸς
1357 1351 1649 1422 λογίζεται
1687 1355 1905 1409 δικαιο-

335 1432 536 1502 σύνην
566 1436 744 1503 χωρίς
785 1436 996 1506 ἔργων’
1031 1440 1320 1509 Μακάριοι
1352 1435 1441 1495 ὧν
1492 1443 1808 1512 ἀφέθησαν
1844 1445 1905 1496 αι

335 1525 606 1594 ἀνομίαι,
659 1528 758 1581 ’καὶ
807 1523 894 1584 ὧν
936 1531 1452 1601 ἐπεκαλύερθησαν
1505 1535 1567 1587 at
1608 1533 1905 1602 ἁμαρτίαι.

2075 1258 2242 1318 Vens.
2261 1262 2378 1317 6-8.
2406 1264 2553 1319 Sicut
2575 1274 2623 1318 et
2643 1265 2811 1319 David
2832 1265 2961 1319 dicit
3001 1265 3376 1319 beatitudinem
3413 1263 3588 1318 Itami-

2006 1351 2112 1416 nis,
2148 1354 2234 1405 cui
2280 1353 2420 1407 Deus
2451 1365 2662 1421 accepto
2695 1357 2796 1424 fert
2821 1357 3095 1424 justitiam
3142 1359 3254 1412 sine
3301 1355 3540 1426 operibus
3563 1371 3584 1409 :

2006 1441 2164 1496 Beati
2191 1459 2412 1512 quorum
2459 1445 2697 1498 remissa:
2733 1456 2854 1499 sunt
2896 1447 3230 1516 iniquitates,
3273 1458 3322 1501 et
3361 1463 3584 1517 quorum

2007 1540 2144 1585 tecta
2172 1539 2296 1585 sunt
2336 1544 2568 1598 peccata.
2603 1533 2799 1588 Beatus
2840 1535 2921 1588 vir
2965 1537 3050 1587 cui
3101 1552 3205 1589 non
3257 1536 3585 1604 imputaverit

335 1617 636 1684 Μακάριος
687 1619 875 1688 ἀνὴρ,
925 1616 974 1690 ᾧ
1035 1625 1106 1678 οὐ
1158 1625 1246 1692 μὴ
1311 1624 1630 1693 λογίσηται
1690 1624 1907 1690 Κύριος

2011 1621 2268 1676 Dominus
2287 1622 2398 1694 48
2421 1633 2711 1691 peccatum.
2740 1624 2874 1690 Lex,
2914 1625 3111 1696 inquit,
3143 1626 3209 1680 iis
3230 1625 3320 1696 qui
3360 1634 3586 1694 peccant

337 1707 644 1776 ἁμαρτίαν.
695 1709 753 1764 ’0
785 1711 984 1781 νόμος,
1020 1711 1190 1783 φησὶ,
1232 1715 1344 1776 τοῖς
1376 1712 1754 1784 ἁμαρτάνουσι
1807 1713 1906 1781 τὴν

336 1799 607 1869 τιμωρίαν
637 1800 891 1869 ἐπήγαγε
917 1819 930 1832 ·
971 1803 999 1853 ὀ
1027 1801 1084 1853 δὲ
1120 1802 1411 1873 Προφήτης
1455 1801 1748 1872 μακαρίζει
1781 1803 1908 1865 τοὺς

335 1889 446 1942 τῶν
494 1891 905 1960 ἁμαρτημάτων
945 1890 1269 1961 δεξαμένους
1314 1893 1411 1963 τὴν
1466 1893 1680 1962 ἄφεσιν.
1735 1894 1907 1963 Δῆλον

336 1978 515 2032 τοίνυν
549 1979 625 2041 ὡς
652 1979 720 2031 τὰ
763 1979 1006 2050 ἡμέτερα
1049 1981 1381 2052 μακαρίζει,
1423 1982 1518 2035 καὶ
1548 1983 1648 2051 τῆς
1685 1982 1909 2053 χάριτος

340 2069 705 2142 προαγορεύει
753 2071 821 2124 τὰ
867 2069 1034 2143 δῶρα.
1086 2073 1335 2126 Δείκνυσι
1384 2073 1440 2126 δὲ
1486 2072 1686 2144 ταύτην
1734 2073 1908 2128 ἅπασι

341 2163 731 2236 προκειμένην,
772 2166 864 2218 καί
893 2183 1024 2236 φησι
1067 2169 1186 2220 κατ’
1223 2168 1520 2238 ὲρώτησιν’

414 2255 481 2309 O'.
531 2255 594 2308 '0
618 2257 996 2326 μακαρισμὸς
1028 2254 1143 2314 οὖν
1184 2254 1364 2323 οὗτος
1396 2259 1493 2313 ἐπὶ
1541 2260 1655 2329 τήν
1682 2274 1910 2329 περιτο-

339 2341 490 2412 μὴν,
518 2343 555 2410 ἢ
586 2343 681 2398 καὶ
706 2345 801 2399 ἐπὶ
829 2347 944 2414 τὴν
969 2347 1414 2415 άκροϐυστίαν;
1444 2345 1577 2404 Εἶτα
1610 2351 1772 2405 πάλιν
1804 2351 1911 2404 ἀπὺ

344 2431 440 2484 τοῦ
503 2433 838 2504 πατριάρχου
892 2435 1149 2506 Ἀϐραὰμ
1211 2437 1496 2508 συνίστησι
1559 2438 1618 2492 τὸ
1684 2437 1910 2510 προκεί-

343 2536 523 2591 μενον.

407 2611 668 2682 Λέτομεν
693 2612 805 2682 γὰρ
828 2613 918 2669 ὅτι
939 2613 1225 2684 ἐλογίσθη
1248 2616 1329 2682 τῷ
1355 2617 1604 2687 Ἀϐραὰμ
1631 2621 1671 2688 ἡ
1701 2621 1910 2687 πίστις

337 2703 426 2769 εἷς
473 2701 884 2774 δικαιοσύνην.
935 2705 1064 2777 (ι’.)
1108 2707 1240 2774 Πῶς
1295 2705 1410 2764 οὖν
1459 2711 1788 2781 May-[0'01];
1839 2714 1910 2767 ἐν

337 2793 620 2863 περιτομῇ
651 2795 809 2858 ὄντι,
852 2796 890 2862 ἢ
925 2796 996 2849 ἐν
1021 2797 1426 2866 ἀκροϐυστίᾳ;
1462 2801 1584 2853 Οὐκ
1627 2800 1697 2853 ἐν
1749 2815 1910 2868 περι-

338 2883 509 2954 τομῇ.
539 2886 678 2939 ἀλλ’
713 2885 784 2938 ἐν
825 2886 1212 2954 ἀκροϐυστίᾳ.
1250 2889 1489 2954 Ἔδειξεν
1528 2889 1588 2941 οὐ
1628 2890 1786 2960 μόνον
1815 2891 1908 2944 τοῦ

2008 1715 2337 1784 snpplicium
2387 1715 2573 1768 intulit
2624 1731 2640 1768 :
2685 1717 2952 1786 propheta
3014 1726 3198 1771 autem
3248 1731 3344 1770 eos
3397 1715 3586 1770 beatos

2003 1803 2303 1870 existimat,
2329 1805 2420 1874 qui
2443 1812 2790 1874 peccatorum
2826 1806 3206 1862 remissionem
3231 1814 3582 1880 acceperunt.

2005 1893 2351 1948 Manifestum
2383 1903 2469 1950 est
2521 1912 2671 1967 ergo,
2717 1897 2862 1967 quod
2910 1913 3011 1953 nos
3063 1898 3252 1952 beatos
3303 1897 3580 1966 praedicet,

2005 1996 2058 2038 et
2085 1985 2273 2055 gratiae
2310 1985 2452 2039 dona
2480 1987 2682 2042 laudet.
2715 1986 2967 2042 Ostendit
2994 1996 3175 2043 autem
3217 1989 3358 2040 hanc
3399 1985 3584 2042 omni-

2007 2076 2110 2132 bus
2131 2091 2254 2132 esse
2287 2079 2640 2148 propositam,
2669 2087 2721 2134 et
2743 2080 2872 2135 dicit
2908 2095 3004 2150 per
3059 2080 3536 2150 interrogationem
3563 2095 3579 2132 :

2080 2254 2247 2310 Vens.
2281 2256 2334 2312 9.
2375 2255 2662 2310 Beatitudo
2691 2273 2811 2326 ergo
2834 2226 2945 2310 lucc
2974 2257 3029 2310 in
3065 2257 3478 2320 circumcisione,
3509 2270 3578 2308 an
3685 2291 3688 2294 -

2009 2347 2169 2400 etiam
2206 2346 2260 2400 in
2301 2349 2604 2416 pra'putio?
2647 2346 2851 2402 Deinde
2903 2362 3098 2402 rursus
3147 2362 3213 2402 ex
3269 2345 3581 2414 patriarcha

2009 2437 2323 2493 Abrahamo
2345 2438 2632 2494 conﬁrmat
2658 2433 2713 2492 id
2749 2439 2896 2509 quod
2923 2447 3005 2494 est
3031 2435 3390 2508 propositum.

2081 2610 2321 2666 Dicimus
2375 2612 2512 2666 enim
2563 2610 2703 2682 quod
2744 2620 2989 2681 reputate
3037 2619 3116 2664 est
3169 2607 3398 2664 Abrahae
3448 2605 3580 2676 ﬁdes

2009 2694 2078 2750 ad
2117 2695 2414 2764 justitiam.
2447 2694 2647 2766 (Vens.
2676 2695 2802 2765 10.)
2835 2693 3110 2761 Quomodo
3159 2708 3279 2760 ergo
3335 2701 3582 2760 reputate

2008 2788 2116 2840 est?
2147 2785 2211 2838 Ei
2238 2787 2328 2856 qui
2357 2795 2472 2840 erat
2494 2787 2547 2838 in
2579 2786 2995 2847 circumcisione,
3031 2801 3098 2837 an
3137 2786 3182 2835 ei
3230 2783 3318 2851 qui
3350 2784 3402 2834 in
3443 2796 3584 2848 pra:-

2009 2879 2195 2946 putio?
2225 2877 2342 2930 Non
2376 2877 2428 2929 in
2466 2877 2884 2936 circumcisione,
2941 2873 3030 2927 sed
3064 2874 3120 2926 in
3150 2872 3430 2939 prwputio.
3485 2868 3588 2924 Os-

338 2977 526 3048 νὸμου,
559 2977 697 3030 ἀλλὰ
724 2979 821 3031 καὶ
854 2977 1024 3045 αὐτῆς
1061 2977 1161 3048 τῆς
1187 2979 1491 3049 περιτομῆς
1526 2979 1906 3051 πρεσϐυτέραν

2013 2967 2186 3022 tendit
2219 2981 2328 3020 non
2355 2967 2532 3020 solum
2557 2966 2698 3036 lege.
2723 2964 2816 3020 sed
2842 2965 2956 3032 ipsa
2977 2962 3136 3018 etiam
3161 2960 3586 3016 circumcisione

336 3071 439 3142 τὴν
466 3070 669 3132 πίστιν,
706 3071 801 3123 καὶ
841 3070 924 3122 ὅτι
957 3069 1063 3139 πρὸ
1105 3069 1203 3138 τῆς
1235 3070 1539 3140 περιτομῆς
1564 3073 1592 3124 ὁ
1640 3050 1907 3142 πατριάρ-

2013 3057 2173 3122 ﬁdem
2206 3072 2327 3112 esse
2360 3057 2742 3125 antiquiorem,
2775 3065 2830 3119 et
2853 3054 2997 3125 quod
3028 3061 3152 3106 ante
3199 3050 3579 3129 circumcisio-

338 3180 440 3233 χης
466 3162 564 3231 τῆς
595 3160 735 3214 κατὰ
756 3159 855 3231 τὴν
881 3159 1065 3213 πίστιν
1098 3159 1444 3228 δικαιοσύνης
1470 3160 1570 3232 τὴν
1603 3162 1910 3234 μαρτυρίαν

338 3251 575 3318 ἐδέξατο.
626 3249 737 3304 Ποῦ
785 3251 962 3304 τοίνυν
996 3249 1168 3304 ἐδεῖτο
1217 3251 1316 3326 τῆς
1349 3255 1672 3323 περιτομῆς,
1705 3253 1804 3324 τὴν
1847 3255 1910 3308 ἐκ

337 3344 571 3407 πίστεως
620 3341 965 3412 δικαιοσύνην
1015 3341 1398 3413 κτησάμενος;
1451 3343 1704 3399 Διδάσκει
1751 3345 1909 3399 τοῦτο

340 3435 547 3503 σαφῶς.

413 3531 501 3578 ια’.
541 3523 648 3578 Καὶ
694 3522 946 3593 σημεῖον
985 3523 1164 3579 ἔλαϐε
1206 3525 1562 3595 περιτομῆς,
1611 3527 1909 3598 σφραγῖδα

337 3613 448 3684 τῆς
493 3615 877 3681 δικαιοσύνης
909 3613 1020 3682 τῆς
1071 3616 1330 3682 πίστεως
1358 3615 1465 3685 τῆς
1508 3617 1577 3670 ἐν
1617 3616 1693 3685 τῇ
1737 3618 1909 3686 dupo-

336 3709 574 3776 συστίᾳ.
614 3707 690 3761 Οὐ
726 3707 1072 3776 δικαιοσύνη,
1123 3709 1322 3778 φησὶν,
1369 3709 1576 3778 ἐστὶνὴ
1615 3710 1906 3780 περιτομὴ,

336 3802 475 3857 ἀλλὰ
527 3801 800 3873 μαρτυρία
851 3802 1238 3872 δικαιοσύνης.
1313 3802 1406 3855 καὶ
1474 3801 1750 3872 σφραγὶς,
1815 3803 1908 3854 καὶ

338 3896 564 3964 σημεῖον
603 3893 702 3964 τῆς
752 3893 1016 3960 πίστεως,
1069 3894 1138 3965 ῆν
1189 3894 1296 3966 πρὸ
1341 3894 1442 3965 τῆς
1477 3895 1776 3964 περιτομῆς
1807 3894 1908 3947 ἐπ-

336 3985 424 4038 εδε
434 3986 449 4037 i
454 3985 600 4050 ξατο.

403 4076 506 4140 Ei;-
551 4075 616 4128 τὸ
668 4071 822 4129 εἶναι
872 4074 1060 4129 αὑτὸν
1095 4073 1322 4142 πατέρα
1375 4073 1616 4129 πάντων
1664 4075 1784 4128 τῶν
1813 4091 1906 4128 πι-

337 4167 678 4221 στευόντων
715 4166 790 4220 δι’
840 4167 1276 4234 ἀκροϐυστίας,
1313 4168 1400 4229 εἰς
1445 4167 1508 4220 τὸ
1548 4165 1909 4233 λογισθῆναι

2012 3159 2133 3199 nem
2184 3144 2492 3213 patriarcha
2535 3144 2766 3212 justitia:
2790 3143 3092 3198 secundum
3141 3140 3298 3196 ﬁdem
3341 3141 3587 3194 testimo-

2011 3237 2160 3290 nium
2199 3235 2431 3306 accepit.
2477 3233 2711 3291 Ubinam
2739 3236 2758 3256 ¹
2787 3250 2915 3306 ergo
2969 3232 3394 3288 circumcisione
3445 3245 3584 3298 Opus

2009 3328 2244 3383 habebat
2301 3328 2395 3398 qui
2449 3343 2514 3383 ex
2569 3327 2675 3381 ﬁde
2721 3327 2994 3396 justitiam
3051 3323 3420 3395 acquisierat?
3466 3322 3582 3376 lloc

2011 3429 2196 3488 aperte
2233 3419 2412 3474 docet.

2087 3509 2251 3565 Vsus.
2307 3511 2394 3565 ll.
2445 3509 2514 3562 Et
2575 3509 2772 3576 accepit
2835 3507 3042 3577 signant
3093 3505 3578 3570 .circumcisionis,

2009 3602 2338 3673 signaculum
2359 3601 2586 3670 justilire
2617 3600 2741 3668 ﬁdei
2773 3617 2888 3670 qua:
2923 3589 3006 3653 est
3049 3599 3102 3650 in
3147 3597 3424 3665 praeputio.
3461 3594 3573 3648 Non

2009 3702 2115 3757 est,
2151 3693 2362 3761 inquit,
2389 3692 2736 3747 circumcisio
2782 3690 3020 3760 iustitia,
3061 3687 3156 3743 sed
3207 3687 3576 3742 testimonium

2005 3784 2260 3855 justitize,
2289 3791 2343 3838 et
2373 3784 2741 3853 signaculum,
2773 3791 2827 3836 et
2856 3781 3072 3852 signum
3105 3778 3227 3834 ﬁdei
3263 3793 3425 3848 quam
3454 3790 3581 3832 ante

2011 3874 2487 3931 circumcisionem
2515 3874 2856 3929 exhibuerat.

2084 4070 2151 4126 Ut
2185 4074 2252 4126 sit
2293 4080 2443 4139 pater
2489 4069 2723 4124 omnium
2757 4067 3076 4121 credentium
3123 4081 3214 4135 per
3243 4065 3577 4134 prteputium,

2009 4176 2063 4218 ut
2093 4165 2374 4232 imputetur
2409 4165 2482 4217 eis
2507 4164 2745 4231 justitia.
2779 4165 2796 4231 (
2825 4163 2989 4217 Vens.
3029 4161 3110 4214 12.
3144 4160 3163 4230 )
3199 4159 3265 4212 Et
3310 4157 3378 4209 sit
3429 4167 3580 4223 pater

337 4255 438 4308 καί
469 4256 673 4322 αὐτοῖς
710 4255 826 4323 τὴν
882 4255 1297 4323 δικαιοσύνην.
1348 4255 1485 4326 (ιβ’.)
1523 4255 1632 4309 Καὶ
1682 4256 1907 4323 πατέρα

2011 4254 2444 4308 circumcisionis.
2509 4251 2606 4306 llic
2653 4259 2873 4321 oportet
2933 4250 3290 4317 distinguere.
3329 4245 3580 4299 Ostendit

337 4319 679 4414 περιτομῆς.
719 4319 846 4397 Ὧδε
882 4345 988 4414 χρὴ
1019 4319 1232 4407 στίξαιί
1255 4319 1504 4396 Δείκνυσι
1538 4345 1643 4414 γὰρ
1673 4344 1763 4398 τὸν
1803 4319 1907 4398 πα-

2011 4347 2156 4400 cnim
2184 4343 2549 4413 patriarcham
2588 4319 2996 4410 (Ahrahamum
3030 4343 3046 4407 )
3079 4339 3311 4406 primum
3358 4337 3578 4406 quidem

335 4435 624 4506 τριάρχην,
653 4436 866 4506 πρῶτον
895 4436 992 4506 μὲν
1021 4435 1128 4488 τῶν
1152 4437 1208 4488 ὲν
1245 4435 1582 4506 ἀκροϐυστίᾳ
1611 4453 1906 4490 πεπιστευ-

339 4525 513 4580 κύτωυ
553 4527 765 4596 πατέρα
795 4542 808 4555 ·
863 4525 1052 4594 ἐπειδὴ
1106 4524 1200 4576 καὶ
1246 4525 1408 4586 αὐτὸς
1463 4525 1798 4594 ἁκρόϐυστος
1831 4525 1906 4577 ὢν

337 4617 458 4680 ἔτι,
509 4616 568 4668 τὸ
619 4617 718 4686 τῆς
750 4616 983 4678 πίστεως
1025 4615 1195 4685 δῶρον
1247 4615 1615 4685 προσενήνοχε
1648 4615 1724 4682 τῷ
1753 4615 1902 4684 Θεῷο

336 4705 525 4759 ἔπειτα
579 4701 760 4776 μέντοι
812 4706 902 4758 καὶ
953 4705 1254 4767 Ἰουδαίων,
1322 4703 1396 4766 ὡς
1451 4703 1551 4773 τῆς
1604 4705 1907 4773 περιτομῆς

337 4798 486 4866 αύτῷ
511 4798 978 4866 κοινωνησάντων.
1005 4797 1114 4849 Καὶ
1137 4797 1197 4848 τὺ
1227 4796 1357 4848 αὐτὸ
1381 4796 1542 4848 πάλιν
1571 4795 1908 4865 σαφέστερον

336 4887 428 4942 διὰ
455 4889 563 4941 τῶν
614 4887 1028 4958 ἐπιφερομένων
1057 4887 1296 4940 διδάσκει
1321 4903 1334 4916 ·
1375 4889 1456 4940 Οὐ
1483 4886 1606 4951 τοῖς
1635 4887 1702 4939 ἐκ
1754 4901 1911 4954 περι-

335 4977 523 5048 τομῆς
576 4981 807 5049 μόνον,
866 4979 1024 5033 ἀλλὰ
1073 4979 1170 5032 καὶ
1229 4979 1353 5045 τοῖς
1411 4979 1728 5047 στοιχοῦσι
1787 4979 1910 5046 τοῖς

336 5071 538 5140 ἴχνεσι
580 5069 688 5138 τῆς
726 5071 985 5135 πίστεως
1027 5069 1137 5138 τῆς
1165 5069 1236 5122 ἐν
1268 5070 1342 5139 τῇ
1386 5065 1753 5138 ἀκροϐυστίᾳ
1802 5071 1907 5124 τοῦ

333 5162 564 5228 πατρὸς
609 5161 778 5230 ἡμῶν
815 5160 1090 5231 Ἀϐραάμ.
1121 5161 1184 5213 Εἰ
1211 5164 1317 5231 γάρ
1344 5179 1430 5224 τις
1458 5161 1517 5226 ἐξ
1539 5145 1908 5232 sever/sppe-

340 5269 532 5321 μενος,
575 5253 669 5304 καὶ
707 5251 1010 5324 περιτομὴν
1051 5251 1112 5304 οὐ
1153 5251 1502 5322 δεδεγμένος,
1561 5251 1906 5322 ἰχνηλατὴσει

335 5344 436 5413 τὴν
469 5344 652 5397 πίστιν
688 5343 902 5413 ἐκείνην
959 5343 1050 5396 τοῦ
1109 5343 1443 5414 πατριάρχου
1471 5383 1487 5406 ,
1536 5343 1604 5412 ἣν
1651 5342 1754 5413 προ
1808 5343 1906 5411 τῆς

339 5434 643 5503 περιτομῆς
676 5432 986 5499 ἐπεδείξατο
1008 5474 1023 5498 ,
1061 5432 1162 5501 τῆς
1210 5432 1416 5485 ἐκείνου
1452 5431 1772 5500 συγγενείας
1805 5431 1906 5482 οὐκ

413 5615 435 5652 ι
475 5609 618 5665 l’sal.
653 5611 1024 5678 LXXX\'III,26.
1106 5610 1129 5649 δ
1172 5608 1312 5666 Psal.
1344 5625 1502 5674 Lxxt,
1540 5611 1621 5664 ll.

2016 4443 2222 4504 patrem
2257 4445 2445 4486 eorum
2477 4431 2568 4499 qui
2609 4446 2672 4484 ex
2725 4429 2989 4498 praeputio
3035 4427 3402 4489 crediderunt,
3441 4439 3575 4491 quo-

2012 4525 2157 4579 niam
2192 4531 2248 4579 et
2287 4523 2422 4590 ipse,
2458 4536 2580 4575 cum
2623 4519 2800 4573 adhuc
2838 4517 3444 4604 haberet.prteputium,
3471 4513 3578 4567 Deo

2012 4617 2136 4670 ﬁdei
2170 4618 2373 4670 donum
2411 4612 2613 4667 obtulit
2647 4629 2658 4664 :
2691 4611 2885 4665 deinde
2933 4597 3109 4664 autem
3149 4620 3198 4666 et
3245 4597 3576 4666 Judaeortnn.

2014 4706 2188 4775 utqui
2227 4703 2428 4758 fuerint
2463 4719 2584 4756 cum
2634 4703 2726 4757 illo
2772 4702 3214 4758 circumcisionis
3259 4698 3579 4769 participes.

2015 4793 2078 4847 Et
2100 4795 2200 4848 hoc.
2230 4793 2405 4862 ipsum
2435 4807 2529 4860 per
2557 4791 2944 4860 subsequentia
2973 4791 3131 4842 docet
3151 4787 3391 4856 apertius
3420 4799 3432 4835 :
3458 4783 3577 4836 Non

2011 4883 2077 4934 iis
2107 4889 2312 4934 tantum
2342 4881 2429 4948 qui
2465 4889 2586 4932 sunt
2641 4894 2705 4932 ea:
2743 4879 3164 4938 circumcisione,
3196 4873 3284 4927 sed
3311 4883 3358 4926 et
3390 4873 3454 4926 iis
3489 4871 3579 4939 qui

2010 4975 2122 5047 49
2135 4984 2400 5030 sectantur
2425 4973 2642 5042 vestigia
2670 4971 2813 5040 fidei,
2838 4986 2953 5040 qua:
2969 4978 3043 5023 est
3066 4970 3115 5021 in
3136 4965 3389 5034 prwpulio
3409 4963 3577 5031 patris

2013 5066 2181 5120 nostri
2212 5064 2520 5118 Abrahami.
2559 5062 2616 5116 Si
2644 5063 2766 5131 quis
2807 5061 2950 5114 enim
2980 5075 3046 5114 ex
3098 5057 3349 5127 gentibus
3397 5061 3576 5120 ortus,

2013 5157 2431 5212 circumcisione
2465 5171 2571 5208 non
2611 5161 2851 5221 accepta,
2887 5152 3030 5204 illam
3063 5148 3384 5219 patriarchae
3419 5148 3578 5204 ﬁdem

2014 5257 2236 5304 secutus
2268 5247 2446 5309 fuerit,
2484 5260 2648 5310 quam
2700 5253 2826 5296 ante
2872 5239 3349 5295 circumcisionem
3395 5246 3581 5294 osten-

2013 5341 2188 5403 derat,
2228 5339 2374 5392 illius
2396 5336 2721 5406 cognatione
2776 5349 2882 5387 non
2934 5331 3307 5389 frustrahitur.
3343 5331 3578 5388 Univer—

2020 5446 2202 5486 sorum
2235 5427 2378 5482 enim
2410 5427 2570 5489 Deus.
2591 5439 2711 5481 cmn
2742 5421 3097 5496 prmvidisset,
3127 5431 3388 5496 tanquam
3418 5421 3583 5484 Deus,

4001 281 4012 470 ξ

4013 1499 4020 1724 'q

4013 1785 4020 1946 Ι

4013 1949 4020 2086 ἒ

4011 2751 4016 2816 i

4009 2891 4016 3010 ί
