4074 6176
407 235 474 302 91
1383 231 1870 294 TlIEODORETI
1901 230 2243 292 EPISCOPI
2277 233 2642 295 CYRENSIS
3595 231 3672 296 92

412 365 475 406 se
505 365 672 406 unum
709 349 966 422 populum
1010 363 1076 404 ex
1104 347 1310 405 Iudaeis
1339 357 1391 404 et
1413 348 1669 420 gentibus
1700 361 1999 419 congrega-

2132 346 2483 413 ιποτεύξεται.
2532 349 2593 401 '0
2640 347 2749 418 γὰρ
2784 346 2892 400 τῶν
2927 345 3065 400 ὅλων
3094 342 3228 409 Θεὸς
3249 384 3263 407 ,
3319 342 3580 414 προειδὼς
3609 345 3684 410 ὡς

413 451 644 506 turum,
699 451 753 497 et
793 443 873 498 eis
928 456 1026 512 per
1090 441 1248 497 tidem
1311 442 1541 497 salutem
1586 440 1941 511 prazhiturum
1975 476 1992 503 ,

419 541 711 601 utrumque
735 531 788 585 in
814 530 1124 601 patriarcha
1153 531 1464 586 Abrahamo
1494 532 1645 602 prius
1663 530 1996 601 designavit.

417 622 552 676 Cum
579 623 723 678 enim
759 622 1089 678 ostendisset
1121 623 1302 694 ipsum
1333 624 1496 679 etiam
1545 635 1673 680 ante
1705 623 2000 679 circumci-

419 715 629 770 sionem
692 712 965 783 justitiam
1032 731 1098 770 ex
1147 716 1252 771 lide
1311 717 1699 787 acquisivisse,
1758 726 1812 773 et
1873 724 2000 788 post

418 804 896 859 circumcisionem
930 822 1034 859 non
1069 821 1132 860 ex
1160 805 1276 876 lege
1309 805 1546 861 Mosaica
1593 807 1758 862 vitam
1786 806 2006 862 institu-

418 896 547 960 isse,
574 896 667 950 sed
709 897 763 950 in
813 896 934 952 lidei
981 898 1225 967 vestigiis
1272 898 1534 963 haesisse,
1595 913 1722 953 eum
1790 906 2000 968 patrem

419 989 664 1056 gentium
697 990 986 1060 appellavit
1020 1010 1032 1044 :
1063 1000 1119 1044 ut
1145 991 1211 1045 ad
1242 991 1394 1045 illum
1425 1001 1478 1046 et
1511 989 1682 1045 Judtei
1734 1001 1788 1045 et
1831 989 2004 1046 Grzeri

421 1078 801 1146 respicientes.
835 1095 1010 1151 neque
1038 1082 1092 1135 hi
1145 1083 1621 1138 circumcisionem
1646 1124 1662 1149 ,
1719 1102 1895 1156 neque
1931 1087 2006 1140 illi

423 1171 792 1238 praeputium,
863 1172 958 1226 sed
1028 1174 1246 1242 utrique
1305 1174 1424 1244 ejus
1481 1175 1640 1229 tidem
1701 1176 2006 1232 imitentur.

423 1257 609 1329 Neque
636 1260 779 1315 enim
828 1261 1326 1329 circumcisionem,
1379 1280 1480 1320 nec
1523 1267 1865 1336 praeputium,
1915 1268 2008 1322 sed

426 1351 585 1407 [idem
638 1354 908 1423 justitiam
965 1357 1256 1426 appellavit
1308 1357 1489 1412 div-ina
1549 1359 1854 1427 Scriptura.
1901 1357 2014 1412 Hoc

427 1445 588 1499 modo
619 1461 740 1499 cum
780 1447 1055 1502 docuisset
1089 1449 1245 1503 ﬁdem
1273 1464 1395 1504 esse
1433 1451 1546 1519 lege
1570 1458 1622 1505 et
1649 1451 2012 1520 antiquiorem

427 1545 482 1589 et
515 1539 986 1607 praestabiliorem,
1024 1540 1265 1596 ostendit
1305 1556 1498 1596 rursus
1530 1541 1700 1612 legem
1727 1556 1852 1596 esse
1891 1558 2016 1612 pro—

2101 441 2257 506 θεὸς,
2289 442 2383 495 καὶ
2410 441 2486 505 ὡς
2508 442 2604 494 ἕνα
2630 441 2758 494 λαὸν
2789 438 2847 504 ἐξ
2880 437 3047 491 ἐθνῶν
3080 438 3174 492 καὶ
3198 436 3472 490 Ἰουδαίων
3498 434 3684 501 ἀθροί-

2105 549 2212 595 σει,
2244 533 2342 586 καὶ
2375 532 2467 586 διὰ
2499 531 2737 595 πίστεως
2761 532 2948 595 αὑτοῖς
2973 530 3072 601 τὴν
3124 529 3402 599 σωτηρίαν
3427 528 3678 599 παρέξει,

2103 626 2162 678 ἐν
2187 624 2263 695 τῷ
2291 625 2605 697 πατριάρχῃ
2638 622 2889 695 Ἀϐραάμ
2910 622 3194 692 ἀμφότερα
3231 617 3682 692 προδιέγραψεδθ.

2104 715 2294 782 Δείξας
2339 715 2448 785 γὰρ
2481 715 2645 769 αὑτὸν
2702 714 2797 768 καὶ
2852 712 2958 785 πρὸ
3001 712 3102 782 τῆς
3138 710 3441 782 περιτομῆς
3491 709 3589 781 τὴν
3621 710 3685 762 ἐκ

2107 808 2345 870 πίστεως
2404 805 2751 877 δικαιοσύνην
2811 804 3190 876 κτησάμενον,
3243 803 3338 856 καὶ
3401 800 3540 873 μετὰ
3586 801 3686 872 τὴν

2107 903 2441 974 περιτομὴν,
2481 903 2542 956 οὑ
2577 903 2716 956 κατά
2754 902 2846 954 τὸν
2891 899 3184 956 Μωσαῖκδν
3220 895 3685 963 πολιτευσάμενον

2108 993 2310 1063 νόμον,
2351 993 2466 1047 ἀλλ’
2497 992 2856 1064 ἐπιμείναντα
2905 995 2970 1064 τῇ
3019 993 3118 1063 τῆς
3157 989 3394 1052 πίστεως
3425 984 3683 1057 ποδηγία,

2111 1082 2322 1152 πατέρα
2361 1083 2470 1136 τῶν
2517 1083 2684 1137 ἐθνῶν
2730 1084 2891 1137 αὑτὸν
2952 1080 3398 1154 προσηγόρευσεν
3418 1065 3442 1112 ί
3476 1077 3564 1130 ἴνα
3606 1077 3688 1138 εἰς

2114 1176 2321 1228 ἐκεῖνον
2366 1175 2460 1227 καὶ
2497 1174 2744 1227 Ἰουδαῖοι
2802 1175 2898 1228 καὶ⁸
2949 1159 3209 1243 Ἕλληνες
3262 1168 3686 1229 ἀποϐλέποντες.

2117 1270 2255 1341 μήτε
2295 1261 2439 1322 οῦτοι
2494 1268 2592 1340 τὴν
2639 1265 2974 1339 περιτομὴν,
3017 1267 3154 1338 μήτε
3203 1263 3310 1335 μὴν
3352 1263 3548 1316 ἐκεῖνοι
3592 1258 3693 1329 τὴν

2115 1360 2503 1433 ἀκροϐυστίαν,
2531 1361 2650 1414 ἀλλ’
2679 1360 2980 1432 ἀμφότεροι
3002 1356 3170 1412 αὑτοῦ
3191 1357 3290 1429 τὴν
3319 1357 3501 1408 πίστιν
3529 1351 3696 1422 ζηλώ-

2119 1469 2303 1507 σωσιν.
2358 1447 2497 1507 Οὑτε
2550 1453 2657 1525 γάρ
2705 1453 2805 1523 τὴν
2858 1450 3194 1524 περιτομὴν,
3251 1446 3376 1501 οῦτε
3439 1444 3544 1516 μὴν
3598 1442 3697 1512 τὴν

2117 1545 2509 1617 ἀκροϐυστίαν,
2559 1545 2694 1600 ἀλλὰ
2741 1547 2839 1614 τὴν
2887 1543 3066 1597 πίστιν
3094 1539 3491 1604 δικαιοσύνην
3525 1550 3699 1605 προση

431 1628 695 1686 missione
735 1631 969 1686 Abrahae
1004 1631 1146 1686 facta
1181 1635 1569 1696 recentiorem,
1623 1633 2016 1690 demonstrans

2132 1639 2419 1710 ηγόρευσεν
2453 1638 2484 1708 ἡ
2537 1635 2659 1690 θεία
2703 1637 2912 1708 Γραιρή.
2966 1633 3121 1688 Οὕτω
3159 1631 3339 1696 δείξας
3378 1628 3476 1698 τὴν
3517 1625 3700 1678 πίστιν

432 1721 662 1789 gratiam
688 1738 813 1778 esse
848 1724 964 1792 lege
991 1724 1381 1792 antiquiorem.
1423 1723 1496 1778 De
1537 1723 1639 1778 hac
1672 1725 1819 1780 enim
1860 1726 2018 1780 factae

433 1821 566 1866 sunt
615 1814 1012 1882 promissioncs
1059 1814 1311 1870 Abrahae.
1363 1814 1650 1870 Pollicitus
1701 1824 1787 1870 est
1837 1825 2018 1871 autem

434 1916 494 1957 se
524 1901 578 1956 in
617 1904 827 1960 semine
863 1905 982 1972 ejus
1015 1921 1138 1961 esse
1205 1907 1461 1962 omnibus
1489 1908 1739 1978 gentibus
1767 1910 2022 1966 benedic-

435 2003 616 2048 turum
656 2015 668 2050 :
705 2013 800 2066 per
851 1996 1142 2054 Dominum
1202 2014 1332 2055 vero
1390 2000 1672 2056 Christum
1725 2003 2019 2072 promissio

438 2085 596 2139 linem
631 2087 865 2158 accepit.

2119 1730 2213 1783 τοῦ
2237 1730 2405 1801 νόμου
2429 1729 2524 1782 καὶ
2548 1727 2922 1800 πρεσϐυτέραν
2950 1725 3045 1779 καὶ
3078 1724 3435 1793 τιμιωτέραν,
3459 1717 3701 1772 δείκνυσι

2122 1823 2285 1877 πάλιν
2317 1820 2411 1874 τὸν
2441 1819 2604 1890 νόμον
2644 1819 2742 1888 τῆς
2786 1818 2922 1888 πρὸς
2966 1815 3058 1868 τδν
3099 1811 3350 1884 ’Δϐραάμ
3399 1805 3702 1877 γεγενημέ-

2121 1930 2220 1982 νης
2277 1911 2612 1980 ἐπαγγελίας
2682 1907 3186 1978 μεταγενέστεροι),
3253 1901 3539 1971 ἀποςήνας
3605 1897 3703 1965 τὴν

2121 2007 2282 2076 χάριν
2303 2002 2682 2075 πρεσϐυτέραν
2707 1998 2802 2052 τοῦ
2826 1999 3014 2068 νόμου.
3037 1995 3175 2067 Περὶ
3197 1993 3407 2064 ταύτης
3428 1990 3537 2058 γάρ
3569 1986 3705 2057 πρὸς

2122 2098 2214 2151 τὸν
2249 2094 2503 2167 Ἀϐραάμ
2534 2094 2590 2147 αἱ
2632 2091 2955 2162 ὑποσχέσεις
2993 2087 3342 2157 γεγένηνται.
3409 2078 3708 2167 ’Υπέσχετο

433 2181 493 2236 δὲ
560 2183 618 2235 ἐν
683 2183 762 2254 τῷ
832 2184 1107 2256 σπέρματι
1149 2186 1314 2240 αὑτοῦ
1355 2186 1674 2259 εὐλογήσειν
1714 2188 1894 2244 πάντα
1942 2190 2010 2244 τὰ
2050 2190 2217 2264 ἐθνη·
2273 2166 2362 2245 διά
2419 2190 2477 2242 δὲ
2527 2187 2618 2242 τοῦ
2673 2183 2949 2239 Δεσπότου
2998 2178 3236 2252 Χριστοῦ
3299 2180 3333 2248 ὴ
3405 2166 3708 2240 ἐπαγγελία

432 2274 496 2328 τὸ
520 2274 690 2346 πέρας
720 2275 954 2340 ἐδέξατο.

507 2367 675 2422 Vens.
713 2368 795 2422 15.
838 2367 960 2422 Non
1003 2370 1142 2423 enim
1186 2386 1275 2439 per
1315 2370 1478 2440 legem
1512 2371 1793 2439 promissio
1836 2370 2014 2424 Abra-

436 2457 592 2512 Itamo
614 2499 628 2524 ,
662 2469 755 2511 aut
788 2461 978 2513 semini
1011 2461 1126 2528 ejus
1149 2502 1163 2524 ,
1202 2471 1258 2514 ut
1295 2461 1458 2515 lta'res
1491 2471 1626 2515 esset
1666 2461 1853 2515 mundi
1875 2501 1890 2526 ,
1923 2460 2014 2516 sed

436 2566 529 2618 per
544 2549 822 2618 justitiam
853 2550 999 2618 ﬁdei.
1030 2551 1169 2606 Cum
1199 2552 1343 2606 enim
1381 2551 1490 2606 Deo
1523 2552 1630 2622 50
1657 2553 2012 2617 credidisset,

442 2657 552 2695 non
587 2648 775 2694 autem
804 2640 954 2711 quod
991 2658 1057 2696 cx
1094 2641 1212 2708 lego
1251 2641 1492 2696 Mosaica
1527 2645 1695 2697 vitam
1738 2645 2016 2700 instituis-

441 2739 526 2786 set
552 2773 565 2798 ,
605 2732 822 2802 accepit
854 2734 1284 2803 promissionem
1317 2734 1724 2791 benedictionis
1752 2735 2020 2807 gentium.

517 2902 684 2958 Vens.
723 2904 808 2958 M.
845 2904 906 2960 Si
938 2906 1076 2959 enim
1113 2921 1177 2960 ea:
1213 2907 1323 2977 lege
1355 2906 1588 2961 [πίει-σάω
1624 2916 1776 2972 sunt,
1834 2908 2023 2962 exina-

441 2993 556 3044 nita
586 3003 664 3045 est
693 2993 822 3061 ﬁdes
845 3036 859 3061 ,
894 3003 944 3046 et
975 2994 1178 3049 abolita
1209 3008 1283 3050 est
1314 2999 1614 3065 promissio.
1651 2997 1708 3052 Si
1744 2999 1889 3052 enim
1928 2999 2022 3068 qni

443 3082 663 3151 exit-ge
698 3085 865 3136 vitam
902 3084 1300 3154 instituerunt,
1347 3090 1489 3142 bona
1539 3091 1814 3159 promissa
1865 3105 2022 3146 assc-

449 3182 721 3240 quuntur,
756 3174 1030 3229 Abraham
1065 3177 1282 3233 l‘rustra
1323 3179 1430 3233 Deo
1459 3181 1734 3234 credidit:
1769 3180 2030 3252 falsaeque

451 3274 627 3328 sunt,
662 3274 715 3317 ct
747 3281 855 3319 non
891 3281 1031 3320 verte
1054 3307 1068 3331 ,
1097 3283 1218 3338 qua:
1264 3270 1343 3324 illi
1390 3285 1420 3324 a
1463 3270 1574 3326 Deo
1620 3272 2030 3341 promissioucs

455 3355 616 3409 facta:
654 3363 802 3410 sunt.

525 3444 694 3502 Vens.
743 3448 828 3503 l5.
871 3449 981 3503 Lex
1023 3450 1160 3505 enim
1210 3453 1350 3506 iram
1401 3462 1671 3522 operatur.
1726 3452 1834 3508 Lex
1885 3455 2033 3508 enim

451 3540 745 3595 consuevit
779 3556 878 3596 eos
925 3543 1155 3612 punire,
1207 3544 1299 3612 qui
1352 3559 1474 3598 eam
1521 3545 2034 3616 transgrediuntur.

457 3631 598 3686 Iram
647 3634 793 3688 enim
835 3635 1172 3704 supplicium
1211 3636 1530 3706 appellavit.
1572 3635 1672 3691 Ubi
1715 3647 1891 3691 autem
1932 3654 2037 3690 nou

456 3736 533 3779 est
564 3725 682 3792 lex,
711 3743 802 3780 nec
833 3728 1227 3793 pnevaricatia.
1260 3727 1368 3782 Lex
1404 3729 1550 3783 enim
1597 3731 1758 3799 punit
1802 3745 1899 3784 eos
1942 3730 2038 3799 qui

461 3817 944 3884 transgrediuntur
970 3834 984 3884 ;
1017 3818 1119 3887 legi
1149 3819 1294 3872 enim
1325 3818 1620 3888 conjuncta
1651 3828 1734 3874 est
1761 3827 1815 3874 et
1845 3820 2039 3874 obser-

461 3909 613 3960 vatio
643 3916 698 3963 et
727 3910 1104 3979 transgressio
1130 3929 1141 3964 :
1174 3924 1300 3964 cum
1335 3909 1389 3964 hi
1421 3910 1642 3980 quidem
1671 3919 1897 3981 propter
1927 3913 2040 3966 viro

463 4000 600 4056 tutis
628 4001 873 4054 studium
906 4015 1026 4054 eam
1067 4000 1305 4056 libenter
1335 4011 1600 4068 servant,
1635 4002 1714 4055 illi
1749 4019 1881 4058 vero
1915 4019 2042 4072 pro-

463 4098 586 4159 pter
627 4090 935 4146 socordiam
981 4106 1101 4146 eam
1147 4092 1376 4148 licenter
1422 4093 1734 4164 transgredi
1790 4109 1901 4149 non
1934 4094 2042 4148 du-

466 4181 666 4236 hitant.

538 4272 705 4329 V'sns.
743 4273 828 4329 16.
861 4273 992 4329 Ideo
1023 4290 1088 4331 ea:
1114 4277 1220 4346 ﬁde
1241 4317 1254 4342 ,
1285 4287 1342 4332 ut
1369 4277 1659 4332 secundum
1687 4281 1920 4350 gratiam
1944 4319 1958 4344 ,
1989 4291 2043 4334 ut

467 4367 626 4435 firma
655 4367 725 4422 sit
765 4369 1054 4436 promissio
1097 4370 1240 4423 ontni
1269 4371 1460 4424 semini
1484 4412 1497 4434 ,
1536 4388 1639 4424 non
1671 4373 1722 4426 ei
1754 4372 1927 4426 solum
1956 4373 2046 4442 qui

2196 2369 2286 2432 ιγ’.
2324 2363 2406 2416 οὐ
2432 2359 2541 2430 γὰρ
2570 2355 2667 2412 διὰ
2695 2357 2884 2424 νόμου
2914 2354 2952 2422 ἡ
2971 2350 3300 2421 ἐπαγγελία
3323 2348 3402 2412 τῷ
3435 2347 3700 2417 ’Λεραὰμι

2122 2455 2161 2525 ἢ
2190 2452 2270 2520 τῷ
2289 2451 2583 2522 σπέρματι
2608 2447 2816 2507 αὐτοῦ.
2844 2447 2912 2499 τὸ
2945 2441 3320 2511 κληρονόμον
3343 2441 3530 2495 αὐτὸν
3552 2435 3704 2492 εἶναι

2125 2546 2230 2601 τοῦ
2291 2548 2555 2613 κόσμου.
2601 2539 2763 2595 ἀλλὰ
2813 2537 2912 2591 διὰ
2974 2535 3364 2598 δικαιοσύνης
3425 2531 3704 2597 πίστεως.

2126 2637 2433 2698 Πιστεὺσας
2467 2637 2575 2704 γάρ
2598 2632 2675 2704 τῷ
2703 2630 2844 2701 Θεῷ,
2882 2628 2978 2683 καὶ
3007 2630 3068 2682 οὑ
3111 2626 3251 2680 κατά
3282 2625 3371 2678 τὸν
3401 2622 3705 2679 Μωσαῖκὸν

2130 2728 2585 2798 πολιτευσάμενος
2639 2726 2832 2794 νόμον,
2884 2720 3043 2774 ἔλαϐε
3094 2718 3194 2790 τὴν
3241 2714 3573 2785 ἐπαγγελίαν
3606 2715 3705 2785 τῆς

2128 2819 2236 2872 τῶν
2261 2817 2433 2870 ἐθνῶν
2463 2814 2735 2877 εὐλογίας.

2205 2908 2285 2962 ιδ’.
2315 2910 2382 2960 Et
2411 2908 2516 2977 γίιρ
2556 2907 2624 2959 ἐκ
2665 2905 2853 2974 νόμου
2885 2904 2939 2960 οἱ
2975 2900 3357 2969 κληρονόμοι,
3389 2898 3710 2952 κεκένωται

2133 3003 2171 3072 ἡ
2201 3003 2423 3066 πίστις,
2453 2999 2550 3053 καὶ
2587 2996 2946 3066 κατήργηται
2979 2995 3017 3061 ἡ
3049 2992 3394 3062 ἐπαγγελία.
3436 2991 3499 3042 ΕΞ
3526 2989 3634 3060 γὰρ
3662 2989 3712 3042 οἱ

2133 3093 2277 3148 κατὰ
2302 3092 2464 3163 νόμον
2501 3088 2971 3157 πολιτευσάμενοι,
2997 3085 3104 3137 τῶν
3127 3081 3552 3153 ἐπηγγελμένων
3585 3097 3718 3150 τυγ-

2133 3187 2389 3258 χάνουσιν
2416 3181 2657 3250 ἀγαθῶν,
2691 3181 2870 3250 μάτην
2897 3178 2995 3248 μὲν
3023 3177 3345 3229 ἐπίστευσεν
3369 3173 3623 3244 Ἀϐραὰμ
3639 3171 3718 3242 τῷ

2133 3276 2254 3346 Θεῷ
2281 3291 2292 3304 ·
2327 3273 2544 3344 ψευδεῖς
2587 3272 2643 3324 δὲ
2671 3312 2685 3336 ,
2722 3271 2817 3324 καὶ
2858 3271 2957 3324 οὐκ
2989 3267 3212 3338 ἀληθεῖς
3236 3308 3250 3332 ,
3297 3269 3354 3319 αἱ
3389 3267 3524 3337 πρὸς
3556 3264 3719 3317 αὑτὸν

2137 3366 2461 3437 ὑποσχέσεις
2491 3364 2640 3435 παρὰ
2670 3363 2764 3417 τοῦ
2800 3362 2936 3416 Θεοῦ
2984 3360 3369 3431 γεγενημέναι.

2213 3465 2295 3512 ιε’.
2355 3457 2419 3510 '0
2475 3455 2584 3526 γὰρ
2627 3458 2811 3524 νόμος
2849 3453 3036 3522 ὀργὴν
3085 3449 3516 3520 κατεργάζεται.
3560 3447 3720 3513 Ἐθος

2139 3548 2248 3620 γάρ
2267 3548 2345 3618 τῷ
2368 3548 2518 3617 νόμῳ
2537 3546 2580 3578 ⁸¹
2610 3546 2861 3609 κολάζειν
2891 3546 3017 3607 τοὺς
3041 3543 3482 3613 παραϐαίνοντας
3503 3558 3515 3571 υ
3551 3540 3720 3612 ὀργὴν

2141 3643 2250 3713 γάρ
2278 3643 2375 3711 τὴν
2402 3639 2674 3709 τιμωρίαν
2700 3638 2976 3692 ἐκάλεσεν.
3013 3631 3094 3690 Οὗ
3129 3635 3196 3687 δὲ
3221 3636 3330 3688 οὐκ
3360 3636 3488 3688 ἐστι
3516 3634 3718 3703 νόμος,

2143 3731 2286 3789 οὐδὲ
2337 3730 2692 3800 παράϐασις.
2747 3729 3084 3797 Τιμωρεῖται
3134 3724 3243 3796 γάρ
3289 3727 3317 3777 ὁ
3365 3725 3531 3794 νόμος
3595 3723 3722 3784 τοῦς

2145 3823 2618 3896 παραϐαίνοντας”
2658 3818 3012 3882 συνέζευκται
3049 3817 3156 3886 γὰρ
3199 3815 3275 3886 τῷ
3319 3815 3466 3885 νόμῳ
3501 3815 3593 3868 καὶ
3627 3831 3726 3881 φυ-

2144 3915 2286 3988 λακὴ
2333 3915 2428 3969 καὶ
2470 3911 2824 3981 παράϐασις²
2881 3912 2990 3963 τῶν
3036 3910 3134 3980 μέν
3203 3909 3270 3961 δι’
3334 3906 3537 3977 ἀρετῆς
3607 3907 3727 3957 ἐπι-

2150 4008 2371 4079 μέλειαν
2445 4005 2738 4074 φυλάττειν
2833 4001 2995 4056 αὑτὸν
3072 4000 3552 4072 προαιρουμένων,
3619 3999 3728 4050 τῶν

2146 4099 2204 4152 δέ
2243 4097 2331 4151 διὰ
2377 4094 2664 4169 ῥᾳστώνην
2698 4094 2868 4158 ἀδεῶς
2904 4093 3093 4146 τοῦτον
3133 4092 3514 4164 παραϐαίνειν·
3539 4090 3728 4160 ἀνεχο-

2153 4190 2351 4261 μένων.

2223 4278 2319 4344 ις’.
2357 4279 2461 4332 Διά
2492 4295 2581 4332 τοι
2615 4277 2792 4332 τοῦτο
2816 4277 2884 4330 ἐκ
2909 4277 3190 4341 πίστεως.
3225 4275 3324 4327 ἵνα
3355 4271 3503 4326 κατὰ
3531 4270 3725 4340 χάριν,

2151 4375 2236 4439 εἰς
2267 4370 2331 4425 τὸ
2377 4372 2532 4424 εἶναι
2565 4371 2824 4435 βεϐαίαν
2871 4369 2986 4438 τὴν
3023 4365 3393 4436 ἐπαγγελίαν
3433 4362 3608 4416 ,παντί
3649 4359 3730 4425 τῷ

465 4467 545 4512 est
585 4474 650 4512 ea:
687 4458 795 4529 lege
821 4501 835 4526 ,
883 4460 975 4514 sed
1021 4469 1070 4515 et
1102 4461 1150 4515 ei
1191 4463 1280 4532 qui
1311 4471 1390 4516 est
1422 4476 1486 4516 ex
1527 4462 1631 4532 [ide
1663 4463 1888 4517 Abrahre
1911 4503 1924 4528 ,
1955 4481 2021 4533 qu

2153 4462 2471 4531 σπέρματι,
2506 4463 2578 4516 οὺ
2608 4461 2686 4527 τῷ
2715 4463 2782 4515 ἐκ
2826 4463 2929 4516 τοῦ
2961 4463 3151 4530 νόμου
3185 4461 3397 4529 μόνον,
3431 4457 3591 4513 ἀλλὰ
3631 4455 3728 4509 καί

465 4559 546 4604 est
576 4561 726 4620 pater
761 4553 994 4631 omnium
1031 4563 1290 4609 nostrum.
1327 4553 1646 4608 Judreorum
1683 4555 2042 4625 supercilium

469 4641 784 4707 contraxit,
835 4659 1007 4696 semen
1054 4644 1286 4698 Abrahae
1333 4660 1543 4700 vocans
1590 4661 1688 4701 eos
1741 4645 1834 4716 qui
1883 4646 2046 4700 ﬁdem

471 4734 708 4788 Abrahae
747 4743 878 4789 sunt
923 4733 1155 4799 imitati,
1195 4735 1412 4791 etiamsi
1462 4753 1665 4806 genere
1707 4739 1820 4793 sint
1851 4738 2046 4792 alicui-

472 4843 644 4896 gente.
678 4826 835 4892 Quod
874 4827 920 4883 si
956 4826 1042 4882 lex
1077 4826 1234 4896 punit
1269 4841 1364 4881 cos
1396 4827 1488 4897 qui
1531 4829 2047 4898 transgrediuntur,

472 4920 652 4988 gratia
689 4927 872 4974 autem
909 4918 1002 4973 dat
1036 4926 1390 4989 peccatorum
1441 4919 1827 4975 remissionem
1852 4961 1866 4984 ,
1917 4937 2050 4975 cou-

476 5009 657 5064 llrmat
702 5010 807 5065 ista
861 5009 952 5066 Dei
1007 5010 1471 5080 promissionem,
1521 5009 1739 5065 donans
1791 5012 2050 5080 gentibus

476 5102 939 5159 benedictionem.
976 5103 1118 5170 Quia
1155 5111 1336 5158 autem
1371 5112 1419 5159 et
1460 5102 1707 5174 gentium
1745 5112 1798 5157 et
1831 5099 2050 5156 ludum-

480 5208 599 5248 rum
653 5207 866 5266 patrem
923 5199 1139 5252 voravit
1187 5197 1605 5262 Ahrahamum,
1656 5195 1951 5251 conﬁrmat
2000 5195 2051 5249 id

477 5287 625 5358 quod
655 5289 786 5344 dicit
817 5288 1122 5360 Scriptura:
1154 5291 1494 5346 testimonio.

2150 4555 2231 4620 τῷ
2263 4557 2332 4610 ἐκ
2374 4555 2633 4621 πίστεως
2671 4555 2935 4622 Ἀιΐί-ιιὰμ,
2974 4554 3043 4619 ὅς
3087 4553 3216 4606 ἐστι
3251 4550 3447 4618 πατὴρ
3492 4548 3734 4602 πάντων

2153 4647 2342 4719 ἡμῶν.
2393 4648 2718 4702 Κατέστειλε
2775 4649 2874 4719 τὴν
2927 4645 3196 4699 Ἰουδαίων
3248 4643 3455 4715 ὀφρῦν,
3497 4641 3736 4711 σπέρμα

2154 4743 2260 4797 τοῦ
2290 4743 2542 4811 Ἀϐραὰμ
2585 4740 2823 4804 καλέσας
2857 4741 2983 4803 τοὺς
3013 4738 3108 4794 τοῦ
3140 4737 3394 4809 Ἀϐραὰμ
3424 4734 3522 4806 τὴν
3554 4734 3735 4787 πίστιν

2159 4851 2223 4903 με
2234 4852 2374 4904 μιμη
2387 4833 2603 4903 μένους,
2639 4834 2686 4884 εί
2721 4833 2815 4885 καὶ
2848 4829 2993 4884 κατά
3021 4830 3081 4884 τὸ
3108 4831 3264 4899 γένος
3290 4823 3400 4882 εἶεν
3426 4825 3733 4896 ἀλλόφυλοι.

2163 4925 2224 4977 Et
2268 4924 2325 4976 δὲ
2367 4925 2395 4976 ὁ
2428 4922 2589 4993 νόμος
2634 4922 2854 4986 κολάζει
2902 4922 3026 4985 τοὺς
3072 4920 3546 4994 παραϐαίνοντας,
3594 4919 3627 4987 ἡ
3681 4917 3738 4968 δὲ

2161 5016 2322 5088 χάρις
2351 5015 2608 5086 δωρεῖται
2629 5015 2740 5070 τῶν
2774 5015 3193 5087 ἁμαρτημάτων
3215 5015 3314 5085 τὴν
3349 5013 3566 5081 ἄφεσιν,
3599 5009 3736 5079 αῦτη

2164 5107 2375 5177 βεϐαιοῖ
2408 5106 2501 5160 τοῦ
2546 5105 2682 5160 Θεοῦ
2740 5107 2839 5178 τὴν
2887 5107 3215 5178 ὑπόσχεσιν,
3265 5105 3583 5176 δωρουμένη
3640 5101 3738 5172 τὴν

2163 5199 2416 5269 εὐλογίαν
2457 5201 2568 5262 τοῖς
2602 5199 2835 5254 ἔθνεσιν.
2883 5199 3102 5269 Ἐπειδὴ
3153 5199 3210 5253 δὲ
3255 5198 3348 5251 καὶ
3391 5200 3499 5250 τῶν
3547 5194 3737 5258 ἐθνῶν,

2168 5292 2260 5347 καὶ¹
2314 5290 2423 5345 τῶν
2476 5291 2748 5345 Ἰουδαίων
2821 5292 3033 5363 πατέρα
3095 5291 3184 5344 τὸν
3255 5288 3507 5360 ’Λϐραὰμ
3573 5301 3744 5356 προσ-

2169 5384 2476 5456 ηγόρευσε,
2559 5384 2767 5452 βεϐαιοῖ
2838 5387 2903 5455 τῇ
2985 5385 3234 5456 Γραφικῇ
3306 5379 3585 5455 μαρτυρίᾳ
3655 5377 3742 5430 τὸν

2169 5475 2345 5546 λόγον.

1788 5591 2022 5646 VARI/li
2066 5589 2467 5646 LECTIONES.

549 5685 597 5718 ⁴⁹⁴⁵
631 5686 668 5740 Ιῖ
699 5685 1031 5758 προέγραψε.
1113 5686 1153 5718 δ’
1191 5684 1227 5738 Β
1267 5687 1374 5740 τῶν
1410 5686 1604 5757 νόμων.
