4074 6176
307 248 378 310 93
1117 215 1772 306 'INTERPRETATIO
1811 246 2051 307 EPIST.
2092 250 2192 309 AD
2229 249 2412 311 non.
2453 250 2610 309 CAP.
2654 250 2751 310 1-v.
3502 253 3571 320 at

379 359 470 426 ιζ’.
524 357 722 425 Καθὼς
773 356 1131 428 γέγραπται,
1177 358 1310 413 ’Ὅτι
1349 357 1576 427 πατέρα
1631 354 1885 414 πολλῶν

2060 359 2226 418 Vens.
2266 363 2354 420 i7.
2389 363 2539 419 Sicut
2572 368 2824 435 scriptum
2853 377 2931 420 est
2958 383 2974 419 :
3007 365 3146 433 Quia
3178 375 3382 437 patrem
3427 368 3571 420 mut-

309 452 504 510 ἐθνῶν
543 451 772 508 τέθεικά
801 466 895 506 σε.
939 447 1072 504 Εἶτα
1116 450 1378 524 κρατύνει
1429 453 1529 519 τὴν
1587 452 1892 524 μαρτυρίαν

313 546 424 600 ἀπὸ
453 541 544 598 τοῦ
575 543 1040 615 παραδείγματος.
1095 541 1423 597 Κατέναντι
1464 537 1537 598 οὗ
1572 543 1896 596 ἐπίστευσε

315 635 488 700 Θεοῦ,
535 633 640 688 τοῦ
673 631 1101 699 ζωοποιοῦντος
1153 631 1298 698 τοὺς
1334 631 1608 700 νεκροὺς,
1650 631 1745 686 καὶ
1788 647 1894 684 κα-

310 725 568 790 λοῦντος
612 724 685 777 τὰ
709 723 796 793 μὴ
831 723 976 776 ὄντα
1001 703 1081 788 ὼξ·
1120 722 1286 776 ὄντα.
1321 723 1534 792 ’Ὥσπερ
1563 722 1692 792 γάρ,
1735 721 1892 792 φησὶ,

313 815 530 867 πάντων
571 813 689 865 ἐστὶ
730 811 960 882 ποιητὴς
987 813 1015 863 ὁ
1050 811 1180 875 Θεὸς
1204 851 1218 872 ,
1270 811 1367 864 καὶ
1408 811 1628 864 πάντων
1671 809 1804 873 Θεός
1834 827 1892 862 τε

314 906 408 960 καὶ
442 903 731 974 κηδεμὼνο
768 903 910 956 οὕτω
941 903 1036 956 καὶ
1077 903 1171 956 τὸν
1199 901 1457 972 Ἀϐραάμ
1503 902 1718 974 πατέρα
1757 901 1895 954 πάν-

312 1009 424 1046 των
472 991 949 1062 κεχειροτόνηκεν,
1013 993 1134 1062 οὐχὶ
1186 992 1459 1046 Ἰουδαίων
1512 993 1708 1063 μόνον,
1759 991 1896 1046 ἀλλὰ

315 1081 534 1136 πάντων
566 1082 676 1134 τῶν
711 1082 1099 1137 πιστευόντων.
1135 1083 1389 1136 Διδάσκει
1427 1082 1484 1136 δὲ
1523 1084 1619 1138 καὶ
1659 1083 1760 1154 τῆς
1808 1084 1896 1136 πί-

319 1191 488 1238 στεως
521 1173 615 1227 τοῦ
645 1173 897 1243 ’Δὸραὰμ
926 1173 1022 1246 τὴν
1059 1173 1384 1245 ὑπερϐολήν.

387 1273 479 1337 ιη’,
503 1265 588 1319 ιϐ’.
623 1267 727 1332 '0;-
748 1267 886 1334 παρ’
915 1266 1132 1320 ἐλπίδα
1153 1267 1245 1319 ἐπ’
1277 1266 1482 1320 ἑλπίδι
1509 1267 1894 1327 ἐπίστευσεν,

318 1360 405 1425 είς
432 1357 500 1411 τὸ
532 1357 807 1428 γενέσθαι
869 1359 1057 1412 αὐτὸν
1121 1358 1344 1429 πατέρα
1394 1358 1640 1412 πολλῶν
1685 1357 1895 1419 ἐθνῶν,

320 1449 471 1503 κατὰ
498 1449 564 1502 τὸ
589 1449 906 1518 εἰρημένον
938 1465 952 1480 ⁶
989 1451 1185 1518 Οὕτως
1208 1451 1381 1506 ἐσται
1407 1452 1473 1502 τὸ
1497 1449 1735 1518 σπέρμα
1759 1463 1894 1501 σου.

319 1540 430 1594 Kal
461 1539 547 1609 μὴ
602 1540 952 1610 ἀσθενήσας
977 1540 1050 1609 τῇ
1092 1543 1310 1604 πίστει,
1346 1539 1427 1604 ὡς
1464 1541 1794 1602 κατενόησε
1833 1535 1900 1587 τὸ

1998 456 2173 502 tarum
2203 451 2435 520 gentium
2466 455 2622 520 posui
2655 466 2720 508 te.
2755 453 2964 510 Deinde
2992 457 3241 524 exemplo
3272 454 3572 511 conﬁrmat

1998 541 2394 598 testimonium.
2425 544 2526 614 51
2558 545 2693 601 Ante
2723 546 2893 601 Deum
2921 549 3008 601 cui
3035 546 3294 610 credidit,
3325 548 3416 616 qui
3441 548 3570 601 uiui-

1996 631 2123 699 ﬁcat
2153 644 2389 689 mortuos
2407 675 2422 699 ,
2448 647 2497 690 et
2525 648 2676 692 vocat
2701 655 2764 694 ea
2786 657 2903 710 qua:
2931 657 3035 694 non
3066 649 3192 694 sunt
3225 649 3479 710 tanquam
3507 657 3571 694 ea

1997 739 2118 792 quae
2147 725 2277 780 sint.
2330 725 2483 782 Sicut
2526 729 2702 796 enim,
2757 731 2974 802 inquit,
3021 731 3170 786 Deus
3216 742 3302 786 est
3355 739 3574 786 creator

1996 818 2268 882 omnium,
2319 828 2374 874 et
2421 823 2667 876 omnium
2716 824 2860 879 Deus
2902 833 2955 880 ct
2981 831 3232 886 curator,
3285 824 3359 877 ita
3405 821 3571 876 etiam

1999 910 2372 966 Abrahamum
2402 915 2649 968 omnium
2678 923 2889 986 patrem
2915 916 3226 980 constituit,
3253 930 3362 968 non
3391 912 3572 968 solum

1995 995 2314 1055 Iudaeorum
2337 1041 2352 1067 ,
2379 1004 2474 1058 sed
2499 1005 2749 1060 omnium
2779 1007 2872 1077 qui
2905 1007 3162 1062 credunt.
3192 1005 3356 1061 Docet
3387 1013 3572 1060 autem

2000 1089 2233 1162 insuper
2270 1109 2434 1164 quam
2471 1097 2704 1168 insignis
2737 1097 2904 1154 fuerit
2938 1098 3074 1153 ﬁdes
3104 1098 3357 1152 Abrahae.

2073 1277 2234 1333 Vens.
2277 1278 2372 1343 18,
2411 1279 2496 1333 19.
2540 1278 2645 1344 Qui
2670 1288 2863 1348 prwter
2889 1295 3030 1347 spem
3064 1278 3117 1331 in
3145 1292 3288 1346 spem
3313 1271 3575 1338 credidit,

2000 1377 2057 1418 ut
2093 1367 2237 1434 ﬁeret
2263 1378 2412 1434 pater
2436 1369 2724 1420 multarum
2750 1368 2984 1436 gentium
3009 1366 3296 1420 secundum
3331 1363 3469 1435 quod
3493 1363 3579 1416 di-

2003 1462 2144 1504 ctum
2177 1462 2254 1505 est
2279 1469 2296 1505 :
2326 1452 2413 1506 Sic
2439 1454 2538 1506 erit
2570 1457 2585 1474 ‘
2616 1470 2793 1507 semen
2823 1467 2994 1508 tuum.
3039 1455 3103 1508 Et
3136 1472 3241 1508 non
3263 1455 3575 1522 inﬁrmatus

2003 1551 2081 1596 est
2107 1543 2230 1611 ﬁde,
2254 1543 2330 1596 ita
2353 1553 2408 1596 ut
2434 1543 2824 1599 considerasset
2850 1561 3038 1613 corpus
3061 1561 3217 1598 suum
3237 1555 3536 1596 emortuum
3559 1587 3576 1606 ,

321 1633 536 1688 ἑαυτοῦ
587 1632 758 1702 σῶμα
802 1633 922 1703 ἤδη
961 1631 1426 1702 νενεκρωμένον,
1471 1626 1902 1696 ἑκατονταετής

2015 1649 2124 1686 cum
2156 1636 2277 1701 jam
2320 1635 2431 1702 fere
2473 1645 2677 1689 centum
2704 1645 2841 1690 esset
2875 1652 3173 1700 annorum,
3203 1644 3252 1688 et
3283 1641 3578 1687 emortuam

322 1739 440 1777 που
465 1722 772 1792 ὑπάρχων,
793 1723 893 1777 καὶ
923 1723 1037 1791 τὴν
1055 1723 1354 1790 νέκρωσιν
1377 1720 1612 1789 μήτρας
1643 1717 1896 1786 Σάρρας.

335 1815 509 1887 Ὁρῶν
556 1816 666 1887 γὰρ
700 1816 963 1887 στερίφην
1007 1815 1104 1884 μὲν
1133 1815 1233 1884 τὴν
1279 1812 1545 1884 ὁμόζυγα,
1592 1811 1690 1880 τὴν
1719 1811 1776 1862 δὲ
1807 1808 1899 1861 τοῦ

323 1909 508 1979 γήρως
561 1909 848 1963 ἀσθένειαν
897 1906 1232 1979 ἀμφοτέροις
1279 1905 1656 1975 ἐπικειμένην,
1712 1901 1902 1955 ἐλπίδα

321 2002 378 2054 δὲ
406 2001 752 2070 παιδογονίας
777 1999 897 2052 οὐδὲ
927 1999 1166 2071 σμικρὰν
1194 1997 1633 2068 ὑποφαινομένην
1665 1993 1809 2050 κατά
1838 2011 1902 2062 γε

323 2088 659 2161 ἀνθρώπινον
689 2087 966 2158 λογισμὸν,
990 2087 1111 2142 οὗτε
1137 2088 1242 2160 μὴν
1267 2088 1578 2158 ὑπόδειγμα
1608 2086 1902 2157 ἀρχαιότε-

325 2197 418 2250 ρον
464 2179 864 2250 ψυχαγωγῆσαι
906 2180 1229 2252 δυνάμενον,
1286 2179 1494 2243 πιστῶς
1540 2177 1755 2242 ἐδέξατο
1806 2176 1905 2247 τὴν

326 2270 475 2324 θείαν
514 2270 824 2342 ὑπόσχεσιν.
854 2273 993 2341 Παρ’
1027 2272 1246 2327 ἐλπίδα
1276 2271 1406 2343 γὰρ,
1431 2272 1532 2343 τὴν
1572 2271 1713 2324 κατὰ
1744 2270 1907 2341 φύσιν

331 2357 480 2427 λέγει
501 2375 514 2388 ’
540 2360 631 2412 ἐπ’
647 2362 846 2415 ἐλπίδι
877 2363 954 2426 δὲ,
986 2364 1083 2434 τῆς
1115 2363 1208 2416 τοῦ
1237 2363 1371 2416 Θεοῦ
1412 2363 1780 2433 ὑποσχέσεως.

401 2456 469 2514 κ’,
503 2451 602 2504 κα’.
657 2455 762 2516 Εἰς
805 2452 873 2506 δὲ
925 2454 1042 2522 τὴν
1084 2456 1460 2525 ἐπαγγελίαν
1497 2456 1604 2510 τοῦ
1653 2455 1802 2510 Θεοῦ
1834 2456 1908 2510 οὐ

327 2541 588 2611 διεκρίθη
614 2543 688 2612 τῇ
725 2546 1000 2614 ἀπιστίᾳ,
1040 2549 1180 2602 ἀλλ’
1207 2547 1630 2618 ἐνεδυναμώθη
1686 2548 1763 2616 τῇ
1814 2549 1911 2602 πί-

325 2648 476 2696 στει,
531 2629 677 2701 δοὺξ·
719 2635 909 2701 δόξαν
955 2637 1037 2704 τῷ
1083 2637 1226 2705 Θεῷ,
1284 2640 1379 2694 καὶ
1399 2641 1908 2715 πληροφορηθεὶς,

325 2721 484 2776 ὅτιὸ
536 2724 922 2794 ἐπήγγελται,
977 2728 1236 2794 δυνατός
1297 2730 1432 2784 ἐστι
1479 2730 1576 2782 καί
1636 2728 1908 2798 ποιῆσαι.

325 2815 404 2868 Ού
433 2817 539 2888 γάρ
566 2817 785 2873 ἀπεῖδεν
809 2822 889 2883 εἰς
920 2821 1023 2892 τὴν
1049 2822 1336 2876 ἀσθένειαν
1362 2823 1464 2888 τῆς
1506 2821 1746 2890 φύσεως,
1776 2821 1912 2875 ἀλλὰ

323 2907 407 2980 τῷ
425 2909 623 2980 ταύτης
651 2911 1034 2981 ἀναμφιϐόλως
1062 2914 1348 2966 ἐπίστευσε
1373 2915 1598 2984 Ποιητῇ.

2004 1724 2210 1777 vulvam
2232 1723 2435 1780 Same.
2464 1724 2669 1782 Videns
2692 1728 2840 1782 enim
2863 1735 2979 1781 tum
3005 1726 3249 1782 sterilem
3267 1726 3580 1794 conjugem,

2004 1823 2119 1869 tum
2153 1825 2453 1887 utrumque
2482 1833 2595 1888 prce
2622 1827 2909 1873 senectute
2935 1817 3276 1872 imbecillum
3299 1859 3313 1883 ,
3338 1817 3582 1869 nullam-

2002 1922 2112 1977 que
2167 1909 2650 1980 suscipiendorum
2703 1910 3038 1970 liberorum.
3084 1908 3246 1978 juxta
3293 1907 3569 1961 rationem

2007 1999 2307 2054 humanam
2329 2041 2343 2065 ,
2384 2013 2650 2070 apparere
2693 2015 2846 2070 spem
2871 2039 2888 2063 ,
2937 2014 3041 2053 nec
3089 1999 3259 2051 ullum
3290 2011 3411 2050 esse
3441 1995 3583 2048 arni-

2005 2089 2173 2158 quius
2196 2088 2508 2158 exemplum
2531 2129 2545 2154 ,
2581 2088 2729 2158 quod
2764 2105 2888 2144 eum
2923 2094 3110 2158 posset
3143 2084 3462 2149 consolari,
3495 2082 3580 2135 di-

2009 2180 2196 2233 vinum
2246 2181 2584 2250 promissum
2629 2181 2862 2235 ﬁdeliter
2893 2178 3159 2247 suscepit.
3198 2175 3402 2230 Praeter
3437 2190 3580 2242 spem

2008 2272 2155 2327 enim
2184 2272 2352 2334 dicit,
2397 2287 2517 2326 eam
2561 2288 2688 2339 quze
2730 2281 2816 2326 est
2855 2271 3161 2326 secundum
3197 2275 3491 2321 naturam:
3527 2268 3584 2319 in

2009 2380 2098 2434 spe
2136 2372 2320 2418 autem
2343 2404 2356 2427 ,
2395 2365 2787 2435 promissionis
2823 2364 2941 2418 Dei.

2079 2457 2250 2513 Vens.
2288 2457 2394 2522 ΞΟ,
2427 2457 2518 2514 ἓί.
2560 2454 2625 2511 1η
2674 2458 3083 2526 repromissione
3129 2457 3289 2512 etiam
3341 2455 3435 2510 Dei
3482 2469 3586 2508 non

2011 2549 2281 2603 Imsitavit
2316 2548 2645 2619 difﬁdentia,
2673 2548 2764 2602 sed
2805 2547 3136 2616 confortatus
3167 2558 3244 2602 est
3277 2546 3415 2617 ﬁde,
3449 2545 3588 2598 dans

2009 2641 2237 2711 gloriam
2265 2639 2396 2701 Deo,
2427 2649 2477 2694 et
2516 2640 2820 2710 plenissime
2863 2641 3035 2694 sciens
3058 2679 3072 2703 ,
3106 2641 3232 2709 quia
3259 2653 3588 2710 quamcunque

2009 2733 2255 2803 promisit
2277 2742 2458 2802 potens
2480 2742 2557 2788 est
2579 2743 2628 2787 et
2661 2733 2856 2802 facere.
2893 2732 3013 2786 Non
3051 2733 3198 2786 enim
3245 2731 3490 2800 respexit
3517 2725 3592 2782 ad

2013 2834 2226 2879 naturte
2249 2825 2683 2879 imbecillitatem
2711 2864 2724 2888 ,
2749 2821 2844 2878 sed
2871 2823 3081 2894 absque
3105 2823 3214 2876 ulla
3239 2822 3592 2876 harsitatione

2013 2918 2136 2984 ejus
2165 2915 2420 2970 Creatori
2453 2915 2715 2968 credidit.

401 3000 506 3072 κβ’.
545 3001 640 3055 Διύ
678 3004 779 3056 καὶ
830 3003 1119 3072 ἐλογίσθη
1167 3003 1326 3068 αὐτῷ
1365 3007 1452 3069 εὶς
1486 2991 1902 3072 δικαιοσύνην.

2085 3005 2252 3060 Vens.
2294 3005 2384 3058 22.
2429 3004 2556 3059 Ideo
2594 3013 2643 3059 et
2684 3013 2927 3073 reputate
2964 3012 3041 3058 est
3077 3003 3160 3056 illi
3192 3001 3262 3055 ad
3288 3001 3590 3071 justitiam.

339 3091 491 3146 Ἀντί
516 3090 634 3154 τοῦ,
666 3093 698 3163 ἡ
733 3093 936 3156 πίστις.
955 3093 1112 3146 Οὕτω
1140 3095 1233 3147 καὶ
1262 3095 1319 3150 ἐν
1343 3098 1454 3158 τοῖς
1473 3095 1579 3148 ὑπὸ
1607 3094 1698 3148 τὸν
1722 3096 1906 3164 νόμον,

322 3181 427 3237 καὶ
459 3183 517 3235 ἐν
550 3184 662 3244 τοῖς
694 3182 800 3252 πρὸ
826 3183 920 3236 τοῦ
949 3182 1135 3254 νόμου,
1171 3183 1353 3250 δείξας
1385 3183 1484 3255 τὴν
1526 3184 1709 3237 πίστιν
1747 3183 1914 3256 ἀνθή-

327 3291 526 3336 σασαν,
561 3275 652 3327 ἐπὶ
691 3275 751 3328 τὸ
791 3275 1151 3346 προκείμενον
1185 3276 1483 3348 μεταφέρει
1507 3275 1597 3330 τὸν
1637 3276 1813 3345 λόγον.

403 3364 509 3434 κγ’,
537 3365 635 3418 κδ’.
675 3368 797 3420 Οὐκ
845 3367 1074 3436 ἐγράφη
1119 3366 1188 3420 δὲ
1223 3367 1300 3420 δι’
1345 3367 1535 3422 αὐτὸν
1575 3369 1788 3439 μόνον,
1825 3369 1915 3422 ὅτι

324 3457 619 3526 ἐλογίσθη
662 3456 824 3524 αὐτῷ
863 3461 900 3526 ἡ
931 3460 1137 3525 πίστις
1167 3461 1255 3526 εἰς
1283 3459 1681 3528 δικαιοσύνην
1711 3477 1728 3493 ·
1755 3461 1915 3517 ἀλλὰ

326 3549 431 3604 καί
482 3551 556 3604 δι’
612 3551 801 3620 ἡμᾶς,
841 3547 931 3617 οἷς
975 3553 1190 3622 μέλλει
1253 3554 1592 3624 λογίζεσθαι
1640 3555 1766 3622 τοῖς
1817 3569 1913 3609 πι-

325 3643 664 3698 στεύουσιν
700 3643 800 3696 ἐπὶ
847 3645 954 3697 τὸν
989 3645 1301 3713 ἐγείραντα
1337 3646 1446 3699 τὸν
1502 3647 1726 3714 Κύριον
1749 3645 1918 3716 ἡμῶν

342 3734 581 3802 Ἰησοῦν
600 3735 669 3788 ἐκ
689 3733 936 3803 νεκρῶν.
961 3735 1071 3789 Καὶ
1103 3739 1131 3789 ὁ
1161 3737 1532 3809 πατριάρχης,
1558 3737 1754 3809 νεκρὰν
1775 3737 1916 3810 ὁρῶν

325 3826 432 3896 τὴν
475 3827 574 3896 τῆς
611 3823 882 3896 ὁμοζύγου
934 3828 1170 3899 μήτραν,
1221 3829 1544 3886 ἐπίστευσεν
1583 3831 1658 3894 ὠς
1692 3830 1918 3894 εὐπετὲς

326 3915 413 3987 τῷ
445 3915 564 3986 Θεῷ
601 3917 698 3987 τὴν
755 3918 1092 3988 ἐπαγγελίαν
1143 3919 1466 3992 πληρῶσαι·
1515 3921 1609 3974 καὶ
1655 3920 1921 3974 Ἰουδαίων

328 4009 496 4078 ἡμεῖς
527 4007 837 4075 ἀκούοντες,
865 4011 1056 4081 νεκρὸν
1080 4011 1502 4066 ἀποκαλούντων
1526 4013 1616 4066 τὸν
1645 4011 1915 4084 ἡμέτερον

331 4099 633 4168 Δεσπότην,
681 4101 1009 4172 πιστεύομεν
1059 4103 1134 4167 ὡς
1167 4105 1485 4177 ἐγήγερται.
1528 4106 1921 4176 Τρυγήσωμεν

332 4191 625 4262 τοιγαροῦν
647 4193 740 4245 καὶ
769 4195 931 4263 ἡμεῖς
958 4195 1057 4264 τῆς
1096 4195 1336 4258 πίστεως
1373 4198 1499 4260 τοὺς
1525 4198 1792 4266 καρποὺς,
1829 4197 1920 4252 καὶ

332 4280 435 4354 τὴν
485 4283 546 4334 ἐκ
601 4283 821 4355 ταύτης
854 4283 1129 4355 φυομένην
1183 4285 1532 4357 δικαιοσύνην
1577 4285 1927 4357 δρεψώμεθα,

2021 3099 2226 3169 Nempe
2268 3098 2423 3153 ﬁdes.
2458 3098 2535 3152 Ita
2570 3107 2860 3168 postquam
2891 3107 2947 3152 et
2980 3097 3035 3150 in
3065 3095 3134 3150 iis
3173 3093 3265 3164 qui
3310 3092 3414 3148 sub
3447 3093 3592 3161 lege.

2017 3205 2071 3248 et
2109 3193 2160 3246 in
2197 3191 2266 3246 iis
2297 3191 2387 3261 qui
2418 3198 2545 3245 ante
2588 3191 2765 3260 legem
2812 3189 3076 3253 fuerunt,
3133 3188 3298 3242 ﬁdem
3352 3185 3596 3256 viguisse

2017 3283 2294 3347 ostendit,
2334 3282 2400 3338 ad
2433 3283 2780 3352 propositum
2810 3281 3124 3336 orationem
3156 3264 3464 3332 convertit.

2091 3373 2255 3428 Vens.
2289 3373 2396 3436 23,
2426 3373 2519 3426 24.
2557 3369 2683 3425 Non
2729 3380 2808 3426 est
2856 3381 3032 3426 autem
3081 3371 3337 3436 scriptum
3387 3377 3594 3421 tantum

2017 3473 2228 3533 propter
2253 3463 2426 3532 ipsum
2448 3505 2462 3528 ,
2505 3463 2644 3531 quod
2675 3470 2922 3531 reputata
2953 3461 3026 3513 sit
3067 3460 3114 3513 ei
3157 3458 3286 3528 ﬁdes
3319 3457 3387 3511 ad
3415 3456 3589 3524 justi-

2021 3557 2151 3608 tiam
2189 3571 2208 3609 :
2243 3552 2332 3609 sed
2378 3561 2427 3608 et
2457 3561 2668 3623 propter
2703 3568 2833 3617 nos,
2877 3550 3069 3621 quibus
3119 3547 3450 3617 reputabitur
3490 3545 3597 3616 52

2020 3645 2353 3702 credentibus
2406 3645 2461 3698 in
2506 3661 2658 3707 eunt,
2699 3643 2793 3714 qui
2842 3640 3119 3696 suscitavit
3171 3637 3454 3692 Dominum
3505 3651 3600 3689 no-

2021 3742 2191 3788 strum
2224 3732 2408 3787 Iesum
2443 3747 2508 3786 ea:
2540 3732 2786 3786 mortuis.
2807 3729 2889 3783 ‘Et
2924 3729 3242 3801 patriarcha
3267 3767 3280 3791 ,
3313 3727 3407 3796 qui
3436 3725 3592 3778 vide-

2021 3824 2114 3880 bat
2145 3833 2417 3878 mortuam
2447 3839 2561 3879 sua:
2604 3821 2860 3892 conjugis
2912 3822 3152 3882 vulvam,
3192 3817 3424 3873 credidit
3449 3815 3594 3884 quod

2022 3915 2187 3970 facile
2219 3925 2365 3970 esset
2395 3914 2505 3968 Dco
2535 3913 2873 3985 promissum
2923 3911 3200 3989 implere:
3245 3916 3299 3965 et
3339 3923 3442 3962 nos
3489 3921 3593 3961 att-

2023 4006 2238 4062 dientes
2252 4005 2470 4060 Judaeos
2505 4005 2794 4060 Dominum
2819 4011 3074 4058 nostrum
3096 4009 3375 4054 mortuum
3400 4012 3601 4052 vocan-

2027 4108 2108 4153 tes
2129 4140 2142 4166 ,
2175 4113 2300 4154 eum
2329 4097 2706 4152 resurrexissc
2729 4097 3034 4151 credimus.
3059 4093 3400 4162 Coll-igamus
3425 4088 3596 4158 igitur

2025 4199 2079 4244 et
2107 4205 2206 4244 nos
2235 4187 2454 4243 fructus
2496 4188 2656 4251 ﬁdei,
2700 4194 2755 4240 et
2792 4187 3066 4253 justitiam
3113 4197 3236 4252 quae
3283 4195 3350 4233 ex
3398 4194 3462 4232 ea
3498 4194 3596 4232 na-

2029 4280 2226 4343 scitur,
2257 4279 2639 4347 decerpamus.
2675 4275 2796 4330 Non
2822 4277 2970 4330 enim
2997 4274 3201 4327 frustra
3235 4269 3442 4339 scripta
3472 4278 3602 4326 sunt

334 4371 414 4428 Οὐ
445 4372 555 4443 γάρ
593 4375 769 4443 μάτην
815 4375 1162 4445 άνάγραπτα,
1190 4374 1226 4428 ἃ.
1250 4375 1392 4429 κατὰ
1439 4377 1530 4429 τὸν
1573 4378 1910 4451 πατριάρχηι

2029 4386 2152 4440 qua:
2185 4369 2450 4422 Dominus
2481 4367 2628 4420 Deus
2683 4366 2814 4419 fecit
2864 4363 3192 4434 patriarcha:
3234 4360 3593 4414 Abrahamo:

349 4461 602 4534 Ἀϐραὰμ
655 4463 955 4534 πεποίηκεν
1008 4465 1036 4517 ὁ
1089 4465 1369 4535 Δεσπότης
1431 4465 1563 4528 Θεὸς
1611 4483 1624 4497 ·
1675 4467 1791 4520 ἀλλ’
1833 4468 1922 4522 ἵνα

335 4557 522 4610 ἐκεῖνα
569 4556 826 4627 ὁρῶντες,
855 4555 956 4626 τὴν
985 4555 1107 4626 ἴσην
1148 4554 1546 4625 ἐπιδειξώμεθα
1603 4556 1806 4610 πίστιν.
1849 4557 1923 4612 Τὸ

341 4647 550 4718 μέντοι,
591 4649 652 4701 '0
713 4647 946 4718 ἐγείρας
999 4647 1108 4701 τὸν
1153 4648 1372 4716 Κύριον
1426 4645 1596 4715 ἡμῶν
1642 4647 1918 4715 Ἰησοῦν,

340 4739 484 4794 κατὰ
533 4740 594 4794 τὸ
621 4740 958 4810 ἀνθρώπειον
1014 4732 1328 4812 εἴρηκεν·
1360 4737 1469 4808 γάρ
1509 4736 1702 4802 ἔπαθε,
1746 4735 1921 4808 ταύτῃ

341 4831 439 4884 καὶ
469 4832 924 4903 ἐγήγερται-τῆς
969 4829 1027 4883 δὲ
1080 4829 1283 4902 σαρκὸς
1324 4830 1385 4884 τὸ
1443 4829 1650 4894 πάθος,
1703 4829 1764 4882 ού
1822 4829 1923 4900 τῆς

343 4920 589 4985 ἀπαθοῦς
613 4921 888 4992 θεότητος.

417 5012 515 5068 κε’.
550 5015 655 5079 Ὃς
680 5012 981 5082 παρεδόθη
1013 5011 1116 5066 διὰ
1147 5012 1220 5066 τὰ
1248 5010 1693 5081 παραπτώματα
1731 5008 1920 5079 ἡμῶν,

344 5112 443 5164 καὶ
465 5107 685 5178 ἠγέρθη
707 5107 804 5161 διὰ
818 5107 934 5172 τὴν
950 5106 1261 5161 δικαίωσιν
1275 5104 1464 5174 ήμῶν.
1495 5105 1508 5122 '
1520 5104 1666 5176 Υπὲρ
1682 5105 1790 5176 γὰρ
1815 5104 1924 5157 τῶν

345 5201 634 5272 ἡμετέρων
668 5199 1079 5272 ἁμαρτημάτων
1109 5197 1172 5251 τὸ
1219 5197 1391 5261 πάθος
1421 5198 1735 5268 ὑπέμεινεν,
1776 5198 1925 5261 ὅπως

345 5293 538 5364 ἐκτίσῃ
565 5293 627 5345 τὸ
667 5293 936 5363 ἡμέτερον
965 5289 1145 5362 χρέος,
1185 5290 1282 5343 καὶ
1319 5289 1407 5344 ἴνα
1440 5290 1472 5360 ἡ
1505 5289 1796 5352 ἀνάστασις
1831 5288 1928 5341 αὑ-

345 5387 440 5439 τοῦ
484 5386 583 5457 τὴν
610 5386 794 5456 κοινὴν
823 5383 1038 5438 πάντων
1073 5383 1371 5438 ἀνάστασιν
1412 5381 1922 5452 πραγματεύσηται.

347 5477 424 5530 Δι’
451 5475 666 5544 ἐκείνης
685 5477 791 5547 γὰρ
821 5475 913 5528 καὶ
935 5474 1032 5543 τῆς
1054 5471 1387 5535 δικαιώσεως
1412 5473 1510 5536 τὰς
1541 5471 1796 5542 ἀφορμὰς
1833 5487 1926 5522 κο-

350 5568 641 5638 μιζόμεθα,
677 5569 771 5622 καὶ
803 5569 860 5621 ὲν
888 5567 963 5636 τῷ
985 5566 1322 5636 βαπτίσματι
1354 5563 1781 5633 συνϐαπτόμεντιι
1834 5561 1922 5613 δε-

352 5660 559 5730 χόμεθα
592 5660 697 5712 τῶν
728 5655 1138 5729 ἁμαρτημάτων
1163 5655 1261 5725 τὴν
1301 5655 1508 5722 ἄφεσιν.
1548 5652 1701 5706 Ούτω
1744 5651 1924 5715 δείξας

2025 4453 2120 4516 sed
2155 4467 2214 4514 ut
2247 4474 2350 4513 nos
2404 4458 2496 4511 illa
2531 4455 2788 4511 videntes
2839 4453 2998 4507 ﬁdem
3049 4452 3285 4508 similem
3338 4451 3600 4506 ostenda-

2023 4567 2166 4606 mus.
2200 4551 2337 4606 lllud
2371 4565 2560 4621 porro,
2588 4546 2692 4612 Qui
2721 4546 2996 4600 suscitavit
3029 4544 3318 4600 Dominum
3354 4551 3593 4598 nostrum

2023 4645 2244 4706 Jesum,
2293 4643 2432 4694 dixit
2481 4638 2790 4694 secundum
2825 4636 3252 4692 humanitatem.
3291 4634 3412 4702 Qua
3455 4634 3602 4688 enim

2023 4751 2224 4807 passus
2249 4743 2362 4797 est,
2391 4748 2453 4787 ea
2483 4741 2538 4787 et
2567 4732 2890 4787 resurrexit.
2920 4731 3120 4786 Carnis
3147 4739 3330 4784 autem
3361 4737 3448 4781 est
3478 4739 3604 4795 pas-

2025 4830 2112 4883 sio
2131 4867 2146 4894 ,
2173 4842 2283 4882 non
2317 4825 2624 4880 divinitatis
2648 4863 2663 4890 ,
2689 4839 2810 4896 qure
2845 4822 2962 4894 pati
2993 4821 3131 4876 nihil
3159 4825 3366 4890 potest.

2103 5005 2269 5061 Vens.
2297 5003 2387 5058 25.
2425 5003 2530 5070 Qui
2559 5003 2788 5057 traditus
2813 5010 2889 5056 est
2919 5007 3132 5067 propter
3156 4996 3350 5051 delicta
3379 5005 3562 5048 nostra
3587 5033 3602 5054 .

2030 5109 2078 5155 et
2111 5098 2398 5154 resurrexit
2431 5106 2644 5165 propter
2679 5093 3126 5164 justificationem
3174 5097 3440 5142 nostram.
3494 5084 3604 5141 Pro

2033 5193 2245 5247 nostris
2267 5190 2414 5244 enim
2441 5188 2680 5258 peccatis
2704 5185 3020 5257 passionem
3044 5181 3241 5247 subiit,
3270 5189 3328 5234 ut
3351 5187 3604 5235 nostrum

2033 5285 2281 5341 debitum
2316 5283 2668 5342 exsolveret,
2713 5286 2769 5333 et
2815 5286 2870 5331 ut
2918 5274 3040 5343 ejus
3084 5274 3423 5328 resurrectio
3456 5287 3608 5326 com-

2038 5390 2258 5430 munem
2297 5377 2310 5393 '
2347 5371 2594 5427 omnium
2650 5367 3110 5424 ruma-rectionem
3159 5375 3467 5436 praestaret.
3504 5361 3612 5416 Pct‘

2038 5468 2188 5522 illam
2219 5464 2368 5519 enim
2402 5473 2455 5519 et
2486 5460 2904 5533 justiﬁcationis
2940 5459 3228 5514 commoda
3259 5457 3566 5526 accipimus
3592 5492 3606 5510 ς

2038 5567 2091 5614 ct
2117 5559 2168 5613 in
2199 5556 2471 5627 baptismo
2499 5554 2812 5624 consepulti
2845 5560 3198 5623 peccatorum
3225 5533 3614 5606 remissionem

2038 5647 2458 5720 consequimur.
2497 5643 2753 5702 Ostcnsis
2791 5643 2856 5698 ad
2893 5645 3041 5697 hunc
3077 5637 3300 5695 modum
3335 5635 3458 5691 ﬁdei
3484 5631 3615 5688 viri-
