4074 6176
412 236 486 303 95

1395 228 1883 294 THEODORETI
1907 224 2244 287 EPISCOPI
2291 224 2657 288 CYRENSIS
3591 218 3664 286 95

416 353 557 420 ltus,
586 358 641 410 et
672 352 831 410 donis
861 351 1054 424 gratia!
1081 349 1374 423 patefactis
1394 392 1410 416 ,
1456 350 1726 405 transfert
1770 348 1967 404 oratio:
2002 391 2005 399 .

2109 345 2172 417 ἧς
2206 346 2442 411 πίστεως
2485 347 2583 417 τὴν
2633 342 2808 416 ἰσχὺν,
2850 339 2943 396 καὶ
2994 340 3092 412 τῆς
3138 338 3360 412 χάριτος
3397 334 3467 391 τὰ
3513 334 3665 408 δῶρα

418 457 546 499 nem
593 442 662 498 ad
708 441 1152 503 exhortandum.
1200 449 1264 498 ut
1309 442 1472 498 etiam
1522 443 1715 497 activae
1764 441 1991 495 Virtutis

416 549 553 589 cura
601 543 798 602 agatur
853 533 1180 590 adhortans.
1236 531 1376 599 Quia
1429 532 1578 588 enim
1639 539 1831 587 exorta
1888 530 1991 587 lide

418 626 595 695 legem
635 625 770 682 .lixit
801 640 926 682 esse
954 640 1153 680 vanam
1175 663 1192 690 ,
1226 633 1283 681 et
1320 624 1570 681 ostendit
1608 622 1988 695 patriarcbam

415 713 691 785 justitiam
709 729 775 769 ex
800 713 904 769 lide
933 714 1303 785 acquisiisse:
1338 729 1407 770 ne
1438 714 1473 768 ii
1496 755 1509 779 ,
1541 715 1633 783 qui
1665 728 1727 770 se
1758 713 1992 789 ignaviae

418 804 657 887 dedu'nt,
691 806 1047 862 occasionem
1080 806 1395 877 acciperent
1423 805 1617 861 activa:
1643 805 1868 862 virtutis
1894 820 1993 860 ne-

417 895 732 967 gligenda,
762 913 829 953 eo
858 898 1007 969 quod
1051 897 1329 954 snliiceret
1375 896 1511 953 fides
1556 895 1624 951 ad
1667 896 1990 967 iustiﬁcan-

419 987 553 1040 dum
575 1028 591 1053 ,
622 989 888 1045 moralem
917 1004 1232 1045 sermonem
1260 987 1579 1044 necessario
1609 986 1912 1053 admiscet,
1938 996 1993 1045 et

423 1077 564 1133 dicit
598 1096 611 1133 :

950 1168 1055 1240 53
1111 1166 1342 1224 CAPUT
1382 1168 1449 1226 v.

501 1252 665 1313 Vens.
713 1256 774 1320 Ι,
814 1255 869 1311 2.
909 1255 1205 1326 Justiﬁcati
1242 1272 1364 1328 ergo
1395 1272 1462 1311 ea:
1499 1257 1637 1328 fide,
1677 1274 1856 1328 pacem
1896 1260 1996 1312 Ita-

427 1344 643 1401 benmus
690 1347 760 1401 ad
814 1347 983 1403 Deum
1029 1365 1122 1419 per
1178 1349 1462 1406 Dominum
1518 1360 1762 1405 nostrum
1809 1349 1996 1432 Iesum

428 1436 720 1494 Christum.
756 1438 860 1494 Per
904 1457 1053 1511 quem
1096 1458 1232 1496 nunc
1277 1436 1548 1499 accessum
1595 1442 1875 1499 habuimus
1905 1460 1998 1513 per

427 1528 586 1595 fidem
623 1531 677 1583 in
711 1531 848 1585 Itane
882 1534 1156 1602 gratiam,
1193 1536 1248 1588 in
1285 1552 1389 1605 qua
1430 1544 1670 1601 stamus,
1704 1545 1753 1590 et
1789 1535 1996 1606 gloria-

428 1636 551 1674 mur
582 1621 637 1675 in
664 1636 751 1691 spe
780 1621 965 1693 gloria:
996 1622 1112 1678 Dei.
1152 1623 1313 1679 Fides
1345 1625 1564 1690 quidem
1611 1625 1994 1680 remissionem

429 1722 781 1783 peccatorum
815 1714 975 1770 vobis
1010 1715 1205 1769 tribuit
1228 1755 1242 1775 .
1281 1731 1489 1786 vosque
1522 1717 1913 1773 immaculatos
1944 1726 1999 1773 et

425 1809 610 1870 justos
636 1818 735 1874 per
765 1804 969 1859 lavacri
998 1806 1473 1876 regenerationem
1502 1805 1704 1863 effecit.
1729 1807 2002 1863 Convenit

433 1904 613 1949 autem
659 1908 757 1949 vos
805 1910 925 1949 eam
974 1911 1199 1952 servare
1244 1912 1467 1968 pacem,
1516 1915 1678 1969 quam
1724 1915 1849 1955 cum
1894 1898 2003 1957 Deo

434 1986 664 2041 iniistis.
697 1985 832 2042 Cum
862 1987 1005 2042 enim
1041 1988 1089 2041 ei
1126 1989 1315 2045 hastos
1363 1991 1593 2055 essetis,
1631 1984 2015 2049 reconciliavit

435 2091 536 2131 vos
564 2092 732 2133 carne
761 2089 1014 2149 suscepta
1046 2080 1370 2151 unigenitns
1411 2081 1504 2137 Dei
1547 2080 1748 2138 Filius.
1791 2082 2003 2139 Simul-

436 2175 603 2222 tatem
637 2178 817 2225 autem
851 2170 997 2224 illam
1034 2181 1321 2242 peccatum
1366 2173 1594 2244 peperit.
1632 2174 1830 2229 initam
1870 2191 2004 2246 ergo

438 2271 622 2326 pacem
650 2256 861 2327 justitia
893 2261 1262 2316 conservabit.
1302 2262 1383 2316 Ad
1418 2262 1558 2318 hanc
1594 2272 1779 2319 autem
1816 2278 2004 2335 perse-

437 2348 714 2420 quendam
748 2366 858 2405 non
904 2366 1098 2422 parum
1147 2353 1368 2409 incitari
1412 2370 1515 2411 nos
1549 2354 1839 2419 convenit,
1876 2370 2004 2427 spes

438 2456 564 2512 quae
591 2442 749 2498 nobis
774 2441 915 2498 data:
944 2453 1073 2499 sunt
1107 2455 1458 2516 reputantes,
1491 2455 1546 2502 et
1572 2446 1807 2518 gloriam
1839 2463 2003 2518 quam

439 2536 698 2590 daturum
742 2550 805 2590 se
852 2536 1011 2591 nobis
1050 2530 1193 2592 Deus
1236 2545 1321 2592 est
1360 2536 1664 2608 pollicitus.
1713 2535 2010 2607 Suscepto-

442 2640 569 2681 rum
594 2627 739 2682 enim
775 2626 1027 2682 laborum
1056 2630 1593 2692 remunerationem,
1638 2642 1747 2683 non
1791 2642 2006 2683 merce-

440 2719 564 2773 dem
587 2759 602 2782 ,
631 2718 725 2774 sed
754 2720 983 2789 gloriam
1013 2721 1344 2790 appellavit,
1368 2718 1669 2775 ostendens
1694 2728 1901 2789 quanta
1927 2718 2009 2773 fu-

440 2822 564 2867 tura
609 2811 676 2867 sit
721 2813 1110 2867 remuneratio.
1149 2811 1289 2879 Qnia
1324 2822 1503 2867 autem
1538 2808 1740 2866 multas
1773 2826 1837 2866 eo
1868 2819 2009 2865 tem-

439 2918 571 2974 pore
601 2903 880 2959 molestias
907 2904 1294 2972 sustinebant,
1325 2903 1569 2973 injuriis,
1598 2919 1662 2959 ac
1693 2902 2006 2969 tormentis,

2096 434 2410 508 γυμνώσας,
2446 437 2538 489 ἐπὶ
2568 432 2891 505 παραίνεσιν
2916 428 3213 503 μεταφέρει
3245 426 3335 480 τὸν
3359 425 3540 495 λόγον,
3568 425 3668 480 καὶ

2092 526 2192 595 τῆς
2250 525 2559 597 πρακτικῆς
2604 522 2804 593 ἀρετῆς
2866 517 3172 592 φροντίζειν
3215 515 3263 551 ⁸³
3306 513 3665 587 παρακαλῶν.

2106 617 2323 690 Ἐπειδὴ
2350 617 2456 690 γὰρ
2494 617 2683 688 ἀργεῖν
2711 613 2816 685 ἔφη
2847 612 2940 668 τὸν
2963 611 3127 684 νόμον
3159 607 3532 679 ἀναφανείσης
3564 608 3664 679 τῆς

2095 711 2354 781 πίστεως,
2386 709 2484 764 καὶ
2511 708 2602 762 τὸν
2631 707 2977 780 πατριάρχην
3007 701 3172 768 ἔδειξε
3200 701 3298 771 τὴν
3327 701 3393 754 ἐκ
3426 698 3665 763 πίστεως

2093 800 2438 872 δικαιοσύνην
2471 799 2839 871 κτησάμενον·
2868 797 2958 854 ἵνα
2997 797 3072 869 μὴ
3117 793 3389 867 πρόφασιν
3423 789 3663 844 λάδωσιν

2093 893 2141 947 oi
2170 890 2422 965 ῥᾳστώνῃ
2443 888 2709 956 συζῶντες
2729 886 2951 958 ἀμελεῖν
2982 886 3082 959 τῆς
3110 883 3421 956 πρακτικῆς
3443 878 3663 952 ἀρετῆς,

2093 984 2170 1047 ὼς
2201 983 2303 1055 τῆς
2350 983 2585 1046 πίστεως
2634 979 2875 1035 δικαιοῦν
2933 973 3262 1048 ἀποχρώσης
3284 1012 3299 1036 ,
3352 968 3667 1041 ἀναγκαίως

2093 1073 2221 1137 τοὺς
2250 1071 2474 1143 ἠθικοὺς
2504 1068 2832 1140 ἀναμίγνυσι
2860 1064 3074 1134 λόγους,
3107 1061 3203 1116 καί
3233 1075 3368 1132 φησι
3387 1071 3403 1089 ·

2631 1157 3022 1214 ΚΕΦᾹΛΑῙΟΝ
3051 1153 3127 1210 E’.

2166 1255 2237 1318 α’,
2269 1254 2335 1327 β’.
2393 1251 2810 1318 Δικαιωθέντες
2842 1245 2954 1305 οὖν
2991 1247 3059 1301 ἐκ
3097 1244 3376 1308 πίστεως,
3417 1236 3669 1308 εἰρήνην

2096 1348 2327 1418 ἔχωμεν
2360 1345 2511 1415 πρὸς
2534 1346 2641 1399 τὸν
2671 1344 2819 1398 Θεὸν
2847 1341 2944 1397 διὰ
2970 1338 3076 1394 τοῦ
3106 1337 3324 1406 Κυρίου
3348 1330 3515 1402 ἡμῶν
3554 1332 3668 1397 Ἰη-

2098 1438 2214 1492 σοῦ
2237 1434 2519 1507 Χριστοῦ,
2547 1434 2621 1487 δι’
2648 1429 2720 1490 οὗ
2759 1431 2876 1487 νῦν
2908 1428 3024 1498 τὴν
3047 1422 3448 1497 προσαγωγὴν
3478 1419 3667 1491 eam-

2099 1506 2288 1599 καμεκ
2314 1525 2386 1597 τῇ
2412 1528 2608 1581 πίστει
2625 1527 2711 1592 εἰς
2734 1521 2850 1592 τὴν
2869 1520 3043 1593 χάριν
3062 1520 3310 1585 ταύτην,
3334 1514 3404 1567 ἐν
3420 1506 3460 1585 ἦ
3489 1509 3671 1577 ἐστήο

2100 1636 2308 1690 «aper,
2340 1618 2439 1673 καὶ
2468 1615 2816 1687 καυχώμεθα
2844 1613 2936 1668 ἐπ’
2962 1609 3159 1666 ἐλπίδι
3189 1606 3301 1678 τῆς
3330 1605 3517 1671 δόξης
3561 1600 3669 1656 τοῦ

2108 1711 2275 1766 Θεοῦ.
2321 1710 2386 1764 'H
2413 1709 2593 1772 πίστις
2623 1704 2884 1779 μὲνΊιμῖν
2916 1702 3229 1775 ἐδωρήσατο
3273 1696 3382 1751 τῶν
3413 1696 3667 1765 ἁμαρτη-

2109 1801 2295 1874 μάτων
2343 1800 2441 1872 τὴν
2489 1799 2704 1870 ἄφεσιν,
2740 1796 2836 1851 καὶ
2867 1792 3129 1866 ἀμώμους
3161 1789 3253 1843 καὶ
3299 1786 3538 1846 δικαίους
3580 1782 3671 1837 διὰ

2105 1897 2205 1965 τῆς
2229 1892 2324 1947 τοῦ
2362 1889 2590 1963 λουτροῦ
2622 1886 3042 1958 παλιγγενεσίας
3085 1879 3329 1950 ἀπέφηνε
3354 1894 3368 1910 ο
3405 1876 3671 1949 προσήκει

2105 1987 2162 2041 δὲ
2195 1985 2339 2056 ὑμᾶς
2370 1981 2469 2055 τὴν
2512 1980 2650 2054 πρὸς
2676 1979 2767 2033 τὸν
2808 1976 2942 2032 Θεὸν
2971 1972 3341 2046 γεγενημένην
3386 1967 3673 2037 φυλάττειν

2107 2078 2350 2149 εἰρήνην.
2393 2069 2983 2142 Ἐκπεπολεμωμένους
3028 2065 3136 2138 γὰρ
3167 2061 3313 2135 αὐτῷ
3339 2059 3673 2133 κατήλλαξεν

2108 2171 2251 2240 ὑμᾶς
2279 2170 2309 2222 ό
2330 2163 2640 2235 Μονογενὴς
2670 2159 3116 2231 ὲνανθρωπήσας,
3156 2156 3254 2225 τὴν
3280 2155 3335 2209 δὲ
3355 2150 3672 2224 δυσμένειαν

2106 2260 2320 2331 ἐκείνην
2340 2261 2374 2329 ἡ
2406 2254 2649 2328 ἁμαρτία
2673 2251 3058 2325 προύξένησεν.
3088 2245 3297 2301 Οὐκοῦν
3326 2245 3422 2316 τὴν
3442 2260 3672 2315 γεγενη-

2110 2350 2281 2421 μένην
2324 2348 2549 2420 εἰρήνην
2593 2341 2904 2412 δικαιοσύνη
2943 2337 3188 2410 φυλάξει.
3226 2338 3337 2408 Οὐχ
3374 2336 3576 2407 ἥκιστα
3615 2333 3675 2387 δὲ

2111 2439 2309 2509 ταύτην
2339 2435 2578 2509 μετιέναι
2610 2433 2900 2504 προσήκει,
2924 2430 3021 2494 τὰς
3047 2426 3335 2499 δεδομένας
3357 2426 3490 2496 ἡμῖν
3527 2424 3675 2494 λογι-

2109 2530 2367 2602 ζομένους
2399 2526 2638 2589 ἐλπίδας,
2663 2523 2759 2579 καί
2784 2522 2881 2594 τὴν
2905 2516 3318 2592 ἐπηγγελμένην
3351 2517 3481 2588 ἡμῖν
3521 2515 3674 2589 παρά

2107 2620 2202 2674 τοῦ
2224 2617 2360 2673 Θεοῦ
2396 2614 2718 2687 δοθήσεσθαι
2747 2612 2936 2677 δόξαν·
2966 2611 3065 2681 τὴν
3091 2608 3200 2681 γὰρ
3221 2606 3330 2660 τῶν
3363 2604 3538 2660 πόνων
3580 2606 3675 2659 ἀν-

2109 2709 2328 2775 τίδοσιν,
2353 2707 2415 2762 οὐ
2442 2704 2651 2778 μισθὸν,
2682 2702 2818 2757 ἀλλὰ
2844 2701 3034 2766 δόξαν
3060 2698 3307 2763 ἐκάλεσε,
3337 2696 3548 2759 δεικνὺς
3565 2694 3675 2748 τῶν

2110 2800 2357 2872 ἀμοιδῶν
2401 2800 2501 2870 τὴν
2547 2793 2875 2868 ὑπερϐολήν.
2917 2790 3135 2862 Ἐπειδὴ
3176 2790 3233 2843 δὲ
3285 2787 3513 2850 πολλοὺς
3554 2785 3676 2839 κατ’

2111 2893 2316 2947 ἐκεῖνον
2339 2890 2433 2945 τὸν
2470 2887 2660 2961 καιρὸν
2693 2883 2955 2957 θορύϐους
2998 2880 3287 2951 ὑπέμενον,
3315 2876 3676 2948 αἰκιζόμενοι,

437 3004 495 3052 et
532 2992 1029 3051 innumerabilibus
1061 2994 1257 3050 mortis
1287 2995 1591 3065 generibus
1628 2996 1845 3063 vexati,
1882 2996 2005 3067 jure

2114 2984 2208 3039 καὶ
2237 2979 2675 3055 στρεϐλούμενοι,
2699 2977 2794 3032 καὶ
2838 2971 3005 3048 μυρία
3034 2972 3279 3027 θανάτων
3316 2968 3431 3067 εἴδη
3469 2967 3675 3067 ὑπομέ-

439 3088 510 3143 de
537 3087 624 3142 bis
648 3101 870 3158 quoque
899 3086 1054 3143 aliert
1082 3088 1545 3144 consolationem.

509 3264 680 3321 Vens.
712 3265 767 3320 5.
806 3261 929 3318 Non
978 3262 1151 3318 solum
1204 3272 1422 3330 autem,
1476 3263 1568 3318 sed
1615 3272 1665 3319 et
1714 3264 2012 3336 gloriamur

440 3358 496 3413 in
530 3355 983 3412 tribulationibus.
1018 3353 1221 3424 Aperte
1255 3369 1411 3410 suam
1448 3355 1625 3426 ipsius
1655 3356 2027 3427 insuperabi-‘

444 3452 549 3506 lem
588 3448 756 3504 animi
800 3447 1239 3519 magnitudinem
1282 3447 1543 3502 ostendit.
1582 3446 1703 3503 Non
1746 3450 1894 3505 enim
1922 3449 2010 3505 die

441 3544 546 3607 sit,
577 3541 928 3598 alllictionem
970 3539 1332 3603 sustinemus,
1362 3538 1480 3601 sed,
1513 3537 1823 3595 Gloriamur
1849 3541 2013 3595 etiam

442 3634 499 3688 in
554 3631 943 3703 aﬂictionibus.
1013 3629 1349 3692 Gloriamur,
1392 3628 1606 3698 inquit,
1643 3636 1697 3684 ct
1752 3629 1819 3685 de
1856 3629 2014 3687 nobis

446 3723 732 3793 magniﬁce
780 3720 1072 3784 sentimus,
1104 3727 1165 3775 ut
1208 3718 1302 3790 qni
1336 3719 1511 3775 simus
1537 3717 1752 3775 Domini
1794 3720 2015 3791 passio-

448 3828 581 3870 num
615 3816 629 3835 '
658 3812 980 3884 participes.
1011 3809 1078 3864 Et
1108 3810 1212 3866 hoc
1238 3811 1455 3881 quidem
1489 3826 1598 3866 non
1624 3809 1766 3865 dixit
1790 3820 2008 3882 aperte.

446 3902 526 3957 lta
550 3905 694 3958 enim
721 3904 931 3957 sentire
950 3941 965 3965 ,
990 3909 1079 3956 est
1101 3914 1292 3955 eormn
1313 3941 1328 3966 ,
1354 3900 1450 3969 qni
1480 3916 1587 3955 non
1615 3901 1778 3956 aliter
1803 3916 1867 3955 ac
1894 3901 2015 3972 ipse

446 3991 672 4065 perfecti
702 4002 849 4048 sunt.
878 3991 1031 4047 Alios
1062 4000 1243 4047 autem
1274 4006 1341 4046 ex
1372 3990 1574 4046 futuris
1607 3992 1959 4048 consolatur.

518 4082 683 4139 Vens.
722 4084 788 4150 4,
821 4084 874 4138 5.
915 4082 1191 4149 Scientes,
1223 4081 1361 4151 quod
1393 4082 1668 4137 tribulatio
1698 4085 2015 4153 patientiam

446 4185 717 4241 operatur,
776 4175 1033 4243 patientia
1090 4183 1265 4229 autem
1316 4172 1716 4243 probationem,
1773 4175 2016 4243 probatio

2112 3091 2316 3139 νοντες,
2361 3073 2588 3137 εἰκότως
2624 3071 2719 3126 καὶ
2762 3069 2861 3141 τὴν
2906 3066 3035 3138 περί
3063 3063 3268 3119 τούτων
3317 3060 3681 3133 ψυχαγωγίαν

2114 3165 2430 3239 προσφέρει.

2182 3258 2252 3328 γ’.
2287 3257 2369 3311 Οὐ
2391 3255 2585 3325 μόνον
2609 3251 2698 3320 δὲ,
2746 3249 2907 3307 (υ.ἰά
2953 3250 3050 3303 καί
3080 3244 3427 3316 καυχώμεθα
3454 3243 3523 3298 ἐν
3550 3238 3679 3307 ταῖς

2113 3346 2382 3415 tumeat.
2417 3340 2612 3411 Σαφῶς
2643 3339 2836 3394 ἑαυτοῦ
2865 3338 2965 3411 τὴν
2996 3337 3093 3391 ἀνυ
3104 3335 3402 3407 πέρϐλητον
3442 3329 3679 3403 μεγαλο-

2111 3437 2312 3509 ψυχίαν
2341 3434 2633 3499 ἐπέδειξεν.
2676 3432 2751 3487 Οὐ
2781 3431 2891 3503 γὰρ
2940 3427 3112 3495 εἶπεν,
3155 3425 3531 3497 ’Υπομένομεν
3579 3423 3683 3487 τὰς

2114 3529 2342 3599 θλίψεις,
2389 3526 2547 3589 ἀλλὰ,
2588 3525 2698 3580 Καὶ
2740 3523 3091 3592 καυχώμεθα
3133 3519 3204 3573 ἐν
3238 3517 3367 3584 ταῖς
3411 3517 3675 3585 (illd-sm.

2114 3621 2519 3695 Σεμνυνὸμεθα,
2578 3618 2733 3691 φησὶ,
2773 3615 2869 3671 καὶ
2914 3615 3058 3685 μέγα
3100 3611 3426 3683 φρονοῦμεν,
3456 3607 3532 3670 ὡς
3568 3622 3681 3659 κοι-

2113 3714 2407 3778 νωνοῦντες
2442 3711 2521 3783 τῷ
2547 3710 2800 3783 Δεσπόπῃ
2828 3707 2936 3763 τῶν
2981 3705 3339 3776 παθημάτων.
3378 3700 3488 3754 Καὶ
3523 3697 3683 3752 mito

2119 3803 2217 3874 μὲν
2247 3802 2348 3856 οὐκ
2384 3796 2505 3855 εἷπε
2535 3798 2720 3869 σαφῶς
2742 3815 2756 3831 ⁸
2790 3797 2898 3851 τῶν
2948 3796 3057 3867 γὰρ
3095 3794 3215 3849 κατ’
3243 3792 3406 3846 αὑτὸν
3448 3788 3675 3842 τελείων

2114 3895 2175 3949 τδ
2201 3892 2343 3948 οὓτω
2392 3893 2607 3963 φρονεῖν
2630 3907 2643 3920 ·
2666 3890 2792 3955 τοὺς
2810 3888 2868 3943 δὲ
2900 3886 3091 3951 ἄλλους
3117 3884 3226 3939 ἀπὸ
3247 3884 3352 3937 τῶν
3383 3878 3685 3953 μελλόντων

2115 3987 2451 4059 ψυχαγωγεῖ.

2186 4078 2250 4141 δ’,
2281 4077 2344 4134 ε’.
2408 4076 2648 4143 Είὸότες
2685 4074 2774 4129 ὅτι
2808 4075 2846 4142 ἡ
2885 4073 3091 4141 θλίψις
3124 4064 3440 4137 ὑπομονὴν
3485 4079 3685 4131 κατερ-

2118 4168 2365 4240 γάζεται,
2394 4168 2433 4236 ή
2462 4167 2530 4221 δὲ
2556 4163 2827 4235 ὑπομονὴ
2865 4161 3141 4232 δοκιμὴν,
3186 4161 3225 4227 ἠ
3249 4159 3315 4212 δὲ
3338 4152 3551 4223 δοκιμὴ
3585 4153 3684 4207 ἐλ-

445 4281 565 4320 uero
591 4281 772 4335 spem;
809 4282 926 4337 spes
959 4275 1134 4321 autem
1166 4280 1269 4321 non
1300 4264 1603 4334 confundit.
1640 4265 1749 4339 55,
1778 4267 2005 4336 Quandc

2120 4262 2281 4323 πίδα·
2318 4260 2357 4328 ἠ
2414 4258 2483 4313 δὲ
2539 4256 2716 4324 ἐλπίς
2776 4256 2842 4311 οὐ
2905 4251 3310 4339 καταισχύνει.
3363 4248 3532 4339 Ὅταν
3557 4243 3685 4339 Δτινὰ

445 4357 632 4427 aliqua
666 4356 893 4413 molesta
929 4359 1242 4429 quempiam
1277 4358 1744 4415 circumsederint
1766 4399 1780 4423 ,
1817 4362 1865 4417 si
1900 4360 2005 4416 l‘or-

2121 4322 2511 4422 περιστοιχήσῃ
2538 4345 2607 4400 τὰ
2629 4322 2948 4417 σκυθρωπὰ,
3000 4338 3121 4395 εἶτα
3189 4337 3452 4429 γενναίως
3485 4332 3685 4429 ένέγκη

446 4446 576 4503 liter
623 4445 766 4501 ferat
807 4462 998 4502 eorum
1047 4447 1287 4517 impetus
1313 4488 1328 4512 ,
1370 4449 1639 4518 probatus
1669 4448 1927 4516 cﬂicitnr,
1962 4459 2017 4505 et

448 4540 759 4593 futurorum
812 4554 909 4608 spe
960 4538 1176 4593 nititur.
1238 4540 1334 4595 llla
1367 4551 1549 4594 autem
1583 4554 1697 4595 non
1727 4548 1811 4595 est
1842 4539 2013 4605 falsa,

447 4630 544 4686 sed
573 4643 763 4683 verum
791 4628 977 4681 habet.
1030 4629 1147 4682 Hoc
1194 4631 1340 4684 enim
1388 4638 1479 4686 est
1528 4631 1675 4701 quod
1728 4633 1845 4696 ait,
1892 4630 2015 4687 Non

448 4718 725 4789 confundit
751 4730 770 4771 :
798 4732 993 4788 nempe
1019 4716 1148 4782 quia
1179 4718 1272 4787 qui
1304 4728 1566 4788 sperant,
1598 4727 1654 4776 et
1684 4735 1781 4790 spe
1812 4721 2016 4777 fallun-

450 4819 559 4876 tur,
588 4808 928 4865 crnbeseunt
955 4814 1009 4862 et
1041 4807 1252 4877 pudore
1281 4807 1594 4863 adiciuntur
1620 4828 1635 4864 :
1666 4811 1806 4878 Quia
1833 4815 2014 4867 chari-

450 4910 535 4957 tas
568 4900 667 4956 Dei
696 4899 895 4969 di/Iusa
921 4909 999 4953 est
1029 4899 1080 4951 in
1112 4898 1362 4953 cordibus
1392 4900 1593 4954 nostris
1622 4917 1715 4970 per
1746 4902 2013 4972 Spiritum

447 5004 729 5062 sanctum,
760 4994 851 5065 qui
899 4992 1057 5046 datus
1108 5001 1186 5047 est
1232 4990 1405 5047 nobis.
1462 4992 1810 5048 Sanctissimi
1861 4994 2008 5047 enim

450 5083 692 5156 Spiritus
719 5082 892 5155 gratia
916 5121 932 5150 ,
959 5096 1127 5153 quam
1163 5096 1260 5153 per
1292 5081 1627 5153 baptismum
1657 5081 1976 5151 accepimus
1997 5123 2012 5148 ,

450 5184 703 5230 nostrum
756 5177 812 5230 in
865 5174 1033 5231 lleum
1085 5173 1423 5230 desiderium
1475 5172 1751 5229 accendit.
1808 5172 2016 5230 Deinde

448 5268 618 5325 etiam
646 5266 810 5323 docet
840 5280 1045 5322 causas
1077 5264 1306 5322 amoris.

524 5357 689 5414 Vens.
730 5358 799 5424 6,
825 5358 881 5411 7.
921 5356 1170 5414 Christus
1206 5358 1343 5413 enim
1367 5399 1381 5426 ,
1418 5372 1537 5413 cum
1574 5357 1747 5415 adhuc
1780 5373 2014 5417 essemus

2116 4442 2322 4496 τούτων
2366 4438 2465 4510 τὴν
2514 4434 2840 4510 προσϐολὴν,
2889 4432 3108 4503 δόκιμος
3150 4427 3556 4488 ἀποδείκνυται,
3591 4422 3685 4510 καὶ

2117 4535 2183 4603 τῇ
2235 4509 2427 4585 ἐλπίδι
2465 4527 2575 4583 τῶν
2625 4524 2923 4598 μελλόντων
2982 4522 3270 4593 ἐρείδεται.
3315 4513 3580 4603 Ἀψευδὴς
3628 4509 3685 4563 δὲ

2118 4600 2322 4695 ἐκείνη.
2351 4624 2447 4677 καί⁷
2487 4620 2550 4674 τὸ
2592 4618 2790 4691 ἀηλθὲς
2825 4615 3040 4685 έχουσα.
3068 4610 3239 4665 Τοῦτο
3276 4609 3386 4678 γὰρ
3415 4600 3569 4660 εἴπεο
3603 4603 3685 4695 Oi)

2120 4692 2502 4785 καταισχύνει
2522 4729 2536 4745 ο
2567 4710 2641 4775 ὡς
2662 4710 2769 4764 τῶν
2792 4704 3116 4770 ἐλπιζόντων
3144 4702 3263 4773 μὲν,
3290 4692 3684 4768 διαμαρτανόν-

2119 4826 2227 4861 των
2278 4783 2367 4872 δὲ,
2392 4801 2795 4872 αἰσχυνομένων
2856 4798 2950 4851 καὶ
2996 4790 3389 4866 ὲρυθριώντων.
3454 4787 3584 4839 ’Ὅτι
3646 4783 3685 4851 ἡ

2119 4898 2319 4966 ἀγάπη
2346 4896 2450 4950 τοῦ
2476 4893 2622 4948 Θεοῦ
2641 4891 2954 4961 ἐκκέχυται
2973 4889 3043 4942 ἐν
3080 4886 3208 4952 ταῖς
3222 4881 3490 4953 καρδίαις
3519 4875 3684 4948 ἡμῶν

2120 4992 2218 5046 διὰ
2247 4990 2585 5056 "reductor;
2610 4984 2782 5055 ἁγίου
2812 4980 2917 5037 τοῦ
2955 4978 3231 5053 δοθέντος
3260 4973 3422 5044 ἡμῖν.
3460 4971 3524 5024 ’ἰί
3579 4969 3685 5038 γὰρ

2121 5081 2216 5137 τοῦ
2259 5078 2523 5147 παναγίου
2562 5074 2877 5144 Πνεύματος
2913 5071 3095 5144 χάρις,
3128 5069 3195 5140 ἢν
3234 5067 3320 5121 διὰ
3348 5062 3441 5117 τοῦ
3486 5059 3681 5132 βαπτί-

2125 5186 2329 5245 σματος
2352 5166 2668 5238 ἐδεξάμεθα,
2688 5164 2780 5220 τὸν
2810 5164 2937 5233 περὶ
2967 5161 3099 5214 Θεὸν
3141 5160 3200 5211 ἰν
3219 5156 3351 5227 ἡμῖν
3384 5152 3689 5245 ὲπύρσευσε

2126 5240 2310 5317 πόθον.
2337 5254 2468 5316 Εἶτα
2496 5258 2736 5312 διδάσκει
2767 5255 2859 5308 καί.
2884 5251 2976 5306 τοῦ
3032 5250 3254 5322 φίλτρου
3290 5245 3389 5309 τὰς
3412 5240 3688 5314 ἀφορμάς.

2197 5354 2272 5423 ς’,
2303 5351 2367 5418 ζ’.
2399 5352 2521 5406 Ἔτι
2548 5349 2657 5420 γὰρ
2687 5345 2961 5416 Χριστὸς,
2987 5342 3177 5398 ὄντων
3195 5336 3365 5410 ἡμῶν
3394 5329 3691 5396 ἀσθενῶν,

1762 5541 1990 5599 νΛΗΙΑΞ
2025 5537 2425 5598 LECTIONES.

521 5618 568 5653 "
591 5618 633 5675 Β
672 5623 965 5691 φροντίζει.
