4074 6176
335 339 407 406 9'7

1223 335 1835 399 IN'I'ERPRETATIO
1874 335 2112 396 EI‘IS’I‘.
2151 336 2250 395 AD
2289 333 2469 395 ROM.
2510 335 2665 395 CAP.
2708 335 2773 395 V.
3526 334 3595 396 98

346 449 503 503 κατὰ
556 445 762 516 καιρὸν
811 445 957 514 ὑπὲρ
991 443 1224 500 ἀσεϐῶν
1251 445 1534 502 ἀπέθανε.
1581 445 1769 509 Mdqu
1816 443 1925 522 γὰρ

2031 445 2267 512 infirmi,
2299 445 2582 497 secundum
2621 455 2823 511 tempus
2860 458 2954 510 pro
2994 442 3171 512 impiis
3205 451 3446 498 mortuus
3492 460 3590 499 cst.

348 538 504 607 ὑπὲρ
557 537 786 591 δικαίου
840 554 931 602 τις
978 536 1360 591 ἀποθανεῖται
1397 554 1410 568 ·
1449 536 1602 602 ὑπὲρ
1654 535 1763 603 γὰρ
1818 533 1948 612 τοῦ⁶

347 627 577 697 ἀγαθοῦ
600 624 749 694 τάχα
771 642 859 690 τις
876 625 976 676 καὶ
1003 623 1191 692 τολμᾷ
1216 623 1560 678 ἀποθανεῖν.
1587 621 1927 689 Λογιζόμεοα

347 721 479 789 γὰρ,
520 719 603 770 ὅτι
653 716 1116 788 παρανομούντων
1161 716 1317 787 ἡμῶν
1363 715 1466 782 ἔτι,
1511 715 1606 768 καὶ
1653 713 1750 782 τῆς
1797 715 1927 766 ἀσε-

349 809 500 871 ὕείας
532 807 936 878 περικειμένων
975 807 1073 876 τὴν
1112 806 1286 870 νόσον,
1313 806 1342 857 ὁ
1373 804 1650 873 Δεσπότης
1692 801 1926 872 Χριστὸς

349 899 436 953 τὸν
463 899 601 966 ὑπὲρ
630 897 784 967 ἡμῶν
811 897 1137 960 κατεδέξατο
1161 896 1391 950 θάνατον
1412 911 1425 924 ·
1455 893 1550 946 καὶ
1579 892 1923 964 μανθάνομεν

350 989 596 1043 ἐντεῦθεν
625 990 721 1059 τῆς
753 987 1156 1057 φιλανθρωπίας
1183 987 1281 1056 τὴν
1312 985 1570 1039 ἄϐυσσον.
1611 982 1782 1051 ’Υπὲρ
1815 982 1924 1051 γὰρ

349 1083 557 1137 δικαίου
589 1081 715 1143 ἴσως
754 1080 818 1133 ἄν
869 1097 950 1143 τις
985 1077 1309 1144 κατεδέξατο
1343 1076 1572 1130 θάνατον
1603 1091 1618 1106 ο
1663 1074 1829 1136 αὐτὸς
1867 1073 1924 1126 δὲ

350 1177 418 1228 δι’
470 1173 688 1242 ἀγάπης
731 1169 1038 1241 ὑπερϐολὴν
1088 1169 1190 1237 τῆς
1249 1169 1388 1238 ὑπὲρ
1443 1164 1781 1237 ἁμαρτωλῶν
1829 1165 1925 1233 ὴν-

352 1281 510 1336 σχετο
549 1262 823 1332 τελευτῆς.
886 1259 1056 1313 Τοῦτο
1105 1260 1214 1327 γὰρ
1269 1259 1465 1326 ἐπάγει
1496 1273 1510 1288 ο

421 1357 490 1426 η’,
519 1355 583 1409 0’.
617 1355 948 1421 Συνίστησι
968 1351 1035 1404 δὲ
1058 1351 1169 1418 τὴν
1193 1349 1410 1404 ἑαυτοῦ
1443 1345 1685 1417 ἀγάπην
1717 1349 1749 1400 ὁ
1781 1345 1924 1410 Θεὸς

348 1453 437 1516 εἰς
477 1445 652 1516 ἡμᾶς,
701 1445 790 1499 ὅτι
832 1445 918 1498 ἔτι
947 1441 1307 1513 ἁμαρτωλῶν
1337 1441 1527 1493 ὄντων
1573 1437 1762 1507 ήμῶν,
1793 1439 1926 1502 Χρι-

351 1541 498 1606 στὸς
518 1540 562 1571 ⁵³
591 1537 742 1606 ὑπὲρ
780 1535 948 1605 ήμῶν
975 1535 1292 1591 ἀπέθανεν.
1336 1532 1394 1584 ’0
1431 1529 1615 1599 μέντοι
1659 1527 1793 1590 Θεὸς
1831 1523 1924 1578 τοῦ

353 1620 479 1700 περὶ
533 1630 678 1700 ἡμᾶς
753 1627 971 1698 φίλτρου
1046 1626 1195 1697 δηλοί
1275 1622 1374 1692 τὴν
1437 1619 1765 1690 ὑπερϐολὴν,
1831 1617 1924 1671 τοῦ

352 1722 584 1794 Χριστοῦ
607 1723 698 1774 τὸν
735 1720 982 1777 Θάνατον.
1018 1717 1116 1785 οὐχ
1169 1714 1309 1782 ὑπὲρ
1359 1712 1603 1776 δικαίων,
1636 1711 1750 1794 mf
1784 1709 1924 1779 ὑπὲρ

353 1782 690 1884 ἁμαρτωλῶν
716 1807 1065 1880 γεγενῆσθαι.
1085 1782 1302 1874 -Ἧμεῖς
1332 1802 1439 1873 γὰρ
1468 1803 1562 1854 νῦν
1593 1801 1682 1854 διὰ
1710 1785 1809 1870 τῆς
1847 1802 1940 1862 εἰς,
1960 1782 1998 1836 Β

353 1903 512 1957 αὐτὸν
537 1899 934 1967 ἐδικαιώθημεν
970 1896 1203 1955 πίστεως
1231 1911 1244 1925 ·
1280 1894 1365 1946 ὅτε
1388 1892 1443 1945 δὲ
1476 1891 1566 1944 τὸν
1596 1891 1735 1962 ὑπὲρ
1766 1889 1925 1962 ἡμῶν

354 1989 676 2052 κατεδέξατο
715 1986 962 2046 θάνατον,
1008 1982 1086 2035 ἔτι
1123 1985 1243 2045 ταῖς
1283 1981 1648 2042 παντοδαπαῖς
1697 1980 1919 2032 ὑπεκτί-

357 2080 494 2151 μεθα
535 2075 953 2147 πλημμελείαις.
986 2075 1058 2128 Τὸ
1083 2074 1158 2137 δὲ,
1207 2074 1357 2128 κατὰ
1383 2074 1609 2141 καιρὸν,
1661 2073 1784 2125 ἀντὶ
1805 2071 1923 2132 τοῦ,

356 2173 436 2232 εἰς
465 2167 677 2238 καιρὸν,
706 2166 846 2218 κατὰ
867 2166 955 2218 τὸν
989 2165 1334 2235 προσήκοντα
1367 2163 1580 2234 καιρόν.
1615 2163 1788 2215 Τοῦτο
1827 2162 1926 2214 καὶ

359 2263 416 2312 ἐν
442 2263 509 2329 τῇ
539 2258 673 2328 πρὸς
704 2255 945 2320 Γαλάτας
974 2255 1121 2324 λέγει
1148 2271 1162 2286 ·
1206 2274 1224 2306 ι
1272 2255 1400 2307 Ὅτε
1434 2253 1490 2306 δὲ
1517 2249 1650 2324 ἦλθε
1681 2253 1743 2305 τὸ
1787 2252 1926 2322 πλή-

366 2367 522 2421 ρωμα
571 2348 663 2402 τοῦ
699 2349 910 2420 χρόνον,
969 2345 1354 2414 ἐξαπέστειλεν
1402 2347 1430 2398 ὁ
1488 2345 1618 2409 Θεὸς
1661 2344 1752 2397 τὸν
1803 2343 1928 2396 Υἱὸν

363 2439 546 2503 αὑτοῦ,
571 2439 856 2508 γενόμενον
883 2439 946 2490 ὲκ
979 2436 1256 2506 γυναικὸς,
1291 2435 1584 2504 γενόμενον
1614 2434 1717 2487 ὑπὸ
1743 2434 1924 2503 νόμον,

358 2529 446 2582 ἵνα
491 2530 618 2592 τοὺς
666 2529 772 2582 ὑπὸ
811 2529 974 2598 νόμον
1036 2525 1366 2597 ἐξαγοράσῃ,
1412 2527 1496 2580 ἵνα
1527 2525 1626 2595 τὴν
1653 2525 1928 2578 υἱοθεσίαν

353 2619 731 2688 ἀπολάϐωμεν.
763 2637 782 2670 s

424 2711 634 2775 Πολλῷ
657 2706 771 2764 οὖν
796 2707 1505 2779 μῖιίλον,,δλκαιωρέγτες
1565 2708 1682 2772 νῦν
1715 2707 1924 2775 ,ἐνητῷ

351 2801 551 2870 αἵματι
591 2800 796 2865 αὑτοῦ,
847 2802 1243 2870 σωθησόμεθα
1299 2800 1374 2854 δι’
1423 2801 1632 2866 αὐτοῦ,
1671 2800 1789 2854 ἀπὸ
1820 2798 1929 2867 τῆς

351 2892 555 2962 ὀργῆς.
607 2892 780 2962 ’Υπὲρ
837 2891 1110 2944 δυσσεὸὦν
1164 2891 1258 2943 καὶ
1303 2892 1638 2961 παρανόμων
1690 2891 1779 2944 τὸν
1830 2893 1928 2944 t1:-

355 2984 558 3054 άρατον
591 2983 808 3051 ,ἐκεῖνον
843 2979 1274 3050 καταδεξάμενος
1305 2981 1555 3043 θάνατον,
1599 2979 1820 3049 εὓδηλον
1848 2982 1928 3033 ὅτι

349 3074 448 3127 καὶ
501 3075 601 3142 τῆς
647 3071 940 3142 μελλούσης
991 3073 1114 3134 τοὺς
1163 3072 1242 3132 εἰς
1287 3069 1448 3122 αὑτὸν
1496 3071 1930 3134 πεπιστευκότας

349 3161 708 3234 ἐλευθερώσει
747 3161 1040 3225 κολάσεως.
1097 3161 1304 3228 Ὀργὴν
1333 3161 1454 3230 γὰρ
1481 3161 1637 3214 καλεῖ
1669 3161 1767 3233 τὴν
1795 3163 1922 3232 μέλ-

348 3251 553 3306 λουσαν
583 3251 822 3304 κόλασιν.

431 3354 479 3406 ι’.
507 3353 574 3407 El
603 3353 712 3422 γὰρ
749 3352 947 3420 ἐχθροὶ
983 3351 1152 3414 ὄντες
1195 3350 1663 3422 κατηλλάγημεν
1692 3351 1773 3418 τῷ
1803 3353 1925 3420 Θεῷ

350 3444 454 3500 διὰ
478 3444 581 3498 τοῦ
607 3442 865 3498 θανάτου
898 3442 1004 3497 τοῦ
1041 3443 1179 3497 Υἰοῦ
1207 3443 1416 3505 αὐτοῦ,
1449 3443 1658 3508 πολλῷ
1684 3442 1926 3512 μᾶλλον

351 3535 858 3604 καταλλαγέντες,
915 3537 1306 3604 σωθησόμεθα
1347 3534 1416 3587 ἐν
1453 3533 1526 3601 τῇ
1575 3533 1690 3600 ζωῇ
1717 3535 1922 3590 αὐτοῦ.

353 3629 423 3680 Εἰ
469 3627 748 3696 δυσμενεῖς
787 3626 946 3690 ὄντας
995 3627 1089 3680 καὶ
1132 3625 1425 3696 πολεμίους
1467 3625 1730 3698 τοσαύτης
1770 3628 1927 3697 κηδε-

356 3719 552 3790 μονίας
600 3716 852 3787 ⁴ἰῖξίωσεν,
889 3716 964 3780 ὠς
993 3715 1082 3770 τὸν
1122 3716 1248 3770 Υἰὸν
1287 3716 1426 3786 ὑπὲρ
1463 3717 1618 3787 ἡμῶν
1654 3717 1926 3788 παραδοῦ-

353 3827 446 3865 ναι
479 3808 712 3877 θανάτῳ,
740 3809 854 3870 πῶς
879 3802 990 3860 οἶόν
1019 3825 1077 3860 τε
1093 3807 1200 3861 τῶν
1235 3806 1588 3876 καταλλαγῶν
1617 3809 1927 3880 γεγενημέ-

354 3918 466 3955 νων
507 3901 580 3972 μὴ
607 3897 926 3970 μεταλαχεῖν
971 3899 1116 3969 ἡμᾶς
1145 3899 1241 3969 τῆς
1272 3898 1489 3952 αἰωνίου
1520 3898 1666 3969 ζωῆς
1701 3916 1715 3963 ;
1761 3899 1930 3954 Πάλιν

361 3992 546 4062 μέντοι
599 3990 726 4044 Υἱὺν
766 3990 920 4044 καλεῖ
977 3990 1066 4043 τὸν
1110 3991 1384 4059 Δεσπότην
1417 3990 1671 4060 Χριστὸν,
1708 3991 1766 4054 ὃς
1799 3991 1930 4054 Θεός

358 4082 479 4135 ἐστί
518 4098 577 4134 τε
618 4081 714 4136 καὶ
745 4079 1030 4150 ἄνθρωπος
1065 4082 1092 4132 ὁ
1133 4079 1312 4140 αὐτός.
1348 4080 1514 4150 Δῆλον
1536 4079 1612 4146 δὲ,
1642 4081 1716 4143 ὡς
1747 4075 1924 4150 οἶμαι,

361 4173 458 4228 καί
487 4174 598 4235 τοῖς
629 4171 768 4239 ἄγαν
800 4173 1116 4241 αἰρετικοῖς,
1147 4170 1276 4241 περὶ
1302 4170 1458 4223 ποίαν
1498 4169 1661 4239 φύσιν
1711 4172 1770 4223 τὸ
1824 4173 1928 4226 πά-

362 4263 456 4326 θος
485 4262 795 4333 γεγένηται.

437 4353 524 4407 ια’.
561 4356 642 4407 Οὺ
671 4353 861 4422 μόνον
907 4351 994 4416 δὲ,
1025 4352 1183 4406 ἀλλὰ
1210 4353 1308 4405 καὶ
1365 4349 1736 4420 καυχώμενοι
1756 4353 1824 4407 ἐν
1848 4353 1929 4419 τῷ

1991 595 1995 598 ι
2041 534 2140 588 Vix
2186 536 2324 588 enim
2358 550 2454 602 pro
2479 535 2631 602 justo
2677 536 2793 603 quis
2828 535 3103 587 moritur:
3150 550 3272 586 nam
3321 551 3416 604 pro
3459 535 3595 590 bona

2026 624 2256 692 forsitan
2288 625 2408 692 quis
2446 623 2641 677 audeat
2670 625 2824 678 uteri.
2857 623 3176 692 Cogitamus
3213 625 3358 679 enim
3382 665 3397 688 ,
3442 628 3593 695 quod

2026 729 2152 768 cum
2190 714 2372 768 adhuc
2408 713 2858 782 delinqueremus
2887 753 2901 775 ,
2945 713 3250 782 morboque
3290 715 3595 784 impietatis

2025 803 2206 858 adhuc
2234 819 2486 859 essemus
2519 803 2821 872 implicati,
2858 802 3124 856 Dominus
3153 803 3410 860 Christus
3442 820 3592 858 mor-

2026 904 2134 949 tem
2165 911 2264 965 pro
2294 896 2454 950 nobis
2485 897 2730 964 suscepit
2756 913 2768 946 :
2798 903 2853 949 et
2885 893 3019 947 hinc
3056 894 3413 961 benignitatis
3444 897 3596 965 abys-

2023 1002 2145 1042 sum
2175 987 2552 1057 intelligimus.
2607 985 2714 1040 Pro
2752 987 2907 1054 justo
2957 985 3104 1040 enim
3157 985 3394 1041 fortasse
3438 988 3598 1055 quis-

2024 1080 2171 1148 piam
2204 1089 2435 1135 mortem
2461 1078 2695 1135 subierit
2720 1094 2734 1131 :
2782 1078 2900 1147 ipse
2932 1092 3083 1142 vero,
3113 1086 3337 1147 pr0pter
3367 1078 3598 1133 innuen-

2024 1185 2140 1225 sam
2183 1171 2540 1232 charitatem,
2585 1186 2685 1239 pro
2711 1169 3098 1240 peccatoribus
3142 1177 3374 1223 mortem
3402 1170 3592 1225 subiit.

2025 1260 2141 1314 Hoc
2169 1263 2314 1314 enim
2347 1262 2632 1330 subjungit
2661 1279 2674 1314 :

2101 1349 2265 1405 Vens.
2305 1353 2368 1414 8,
2404 1352 2458 1404 9.
2495 1350 2841 1405 Commendat
2871 1359 3046 1404 autem
3085 1350 3403 1403 charitatcm
3441 1366 3595 1403 suam

2027 1440 2170 1494 Deus
2199 1441 2370 1504 nobis,
2397 1441 2538 1509 quod
2563 1457 2679 1492 rum
2703 1459 2798 1494 nos
2823 1441 2995 1493 adhuc
3019 1451 3317 1507 peccatores
3341 1458 3596 1506 essemus,

2030 1531 2277 1586 Christus
2301 1547 2397 1600 pro
2423 1531 2572 1585 nobis
2597 1542 2835 1584 mortuus
2856 1528 3120 1585 επιξυρυς
3148 1547 3415 1586 summam
3442 1548 3595 1586 suam

2028 1619 2084 1674 in
2143 1635 2246 1674 nos
2285 1621 2613 1675 charitatem
2655 1620 2940 1685 ostendit,
2978 1620 3123 1689 quod
3181 1619 3390 1674 Christi
3446 1637 3596 1677 mors

2028 1727 2141 1767 non
2175 1727 2273 1782 pro
2295 1711 2465 1780 justis
2495 1713 2639 1765 obita
2690 1711 2884 1773 fuerit,
2922 1711 3016 1766 scd
3054 1726 3150 1780 pro
3188 1711 3596 1780 peccatoribus.

2026 1801 2186 1856 Nunc
2215 1803 2362 1856 enim
2399 1817 2495 1872 per
2526 1801 2687 1856 ﬁdem
2729 1801 2784 1854 in
2825 1801 3006 1870 ipsum
3038 1800 3328 1868 justiticati
3363 1817 3594 1856 sumus:

2026 1893 2248 1962 quando
2276 1898 2459 1944 autem
2494 1908 2592 1961 pro
2628 1892 2790 1946 nobis
2819 1900 3048 1946 mortem
3080 1891 3286 1955 subiit,
3320 1892 3467 1944 omni
3499 1891 3598 1945 ad-
3691 1907 3694 1912 '

2027 1987 2136 2038 huc
2164 1992 2513 2053 peccatorum
2543 1997 2741 2051 genere
2767 1997 2991 2037 eramus
3015 1981 3291 2036 obstricti.
3320 1979 3425 2050 55
3457 1980 3593 2034 lllud

2028 2083 2212 2129 autem
2241 2073 2527 2127 secundum
2557 2084 2792 2140 tempus,
2827 2074 2969 2128 idem
3003 2081 3088 2128 est
3129 2087 3216 2136 ac,
3252 2072 3306 2125 in
3354 2083 3599 2142 tempore

2029 2165 2402 2221 convenienti.
2447 2163 2592 2220 Idem
2627 2175 2806 2220 autem
2843 2165 2980 2220 dicit
3033 2165 3199 2218 etiam
3251 2165 3304 2218 in
3352 2163 3597 2233 Epistola

2031 2261 2096 2314 ad
2128 2257 2357 2314 Galatas
2383 2275 2398 2312 :
2429 2276 2447 2308 ι
2476 2257 2713 2323 Quando
2749 2268 2932 2312 autem
2970 2258 3119 2312 venit
3147 2256 3431 2326 plenitudo
3462 2265 3600 2311 tem-

2027 2350 2204 2421 poris,
2233 2349 2382 2405 misit
2404 2347 2549 2404 Deus
2578 2347 2778 2403 Filium
2809 2364 3002 2412 suum,
3037 2358 3225 2404 natum
3248 2364 3314 2402 ex
3344 2350 3596 2412 muliere,

2031 2440 2339 2511 subjectum
2375 2442 2516 2511 legi,
2555 2450 2615 2495 ut
2647 2456 2742 2496 eos
2771 2441 2865 2510 qui
2894 2442 2998 2496 sub
3031 2441 3146 2511 lege
3175 2450 3333 2496 erant
3362 2441 3598 2496 redime-

1975 2581 1980 2587 .
2029 2541 2147 2601 ret,
2173 2543 2233 2588 ut
2260 2533 2611 2604 adoptionem
2640 2534 2875 2588 ﬁliorum
2905 2534 3278 2604 reciperemus
3307 2532 3349 2588 ί.
3378 2553 3398 2586 ι

2098 2687 2270 2744 Italia
2307 2689 2470 2761 igitur
2500 2691 2516 2710 '
2553 2689 2716 2759 magis
2749 2703 2884 2740 nunc
2923 2687 3304 2758 justiﬁratijn
3347 2687 3602 2757 sanguine

2029 2781 2371 2848 ipsius,salri
2397 2782 2595 2833 erimus
2626 2780 2688 2832 ab
2724 2780 2804 2832 ita
2834 2795 2925 2845 per
2958 2778 3152 2847 ipsum.
3185 2777 3289 2844 Qui
3325 2782 3470 2833 enim
3505 2794 3602 2848 pro

2032 2871 2216 2940 impiis
2247 2880 2302 2925 et
2337 2870 2539 2939 iniquis
2569 2869 2965 2924 exsecrabilem
3013 2869 3162 2920 illaut
3206 2876 3432 2921 mortem
3472 2867 3604 2924 sub-

2034 2962 2132 3026 iit,
2163 2963 2373 3014 ciarum
2406 2969 2491 3014 est
2517 2960 2666 3030 quod
2699 2973 2794 3013 eos
2832 2960 2995 3012 etiam
3022 2997 3037 3022 ,
3073 2959 3165 3028 qui
3201 2959 3256 3012 in
3291 2958 3442 3013 illum
3481 2973 3604 3015 cre-

2033 3051 2324 3113 diderunt,
2357 3065 2386 3102 a
2423 3050 2698 3119 supplicio
2732 3049 2918 3102 futuro
2962 3049 3296 3106 liberaturus
3322 3051 3414 3106 sit.
3453 3049 3604 3104 Iram

2032 3139 2178 3196 enim
2207 3139 2452 3195 futurum
2487 3141 2820 3210 supplicium
2847 3141 3105 3211 appellat.

2104 3355 2268 3410 Vens.
2311 3355 2394 3410 10.
2427 3353 2485 3408 Si
2520 3355 2679 3418 sitim,
2711 3369 2828 3407 cum
2858 3355 3061 3408 inimici
3121 3371 3370 3419 essemus,
3420 3373 3605 3411 recon-

2041 3448 2211 3502 ciliati
2236 3463 2422 3501 sumus
2449 3446 2557 3500 Deo
2581 3461 2673 3514 per
2699 3455 2914 3499 mortem
2939 3445 3070 3498 Filii
3087 3447 3274 3513 ipsius,
3303 3448 3467 3502 multo
3491 3465 3610 3502 ma-

2041 3542 2121 3611 gis
2157 3540 2504 3605 reconciliati,
2559 3541 2696 3594 salvi
2722 3539 2920 3594 erimus
2972 3555 3064 3608 per
3093 3542 3258 3594 vitam
3304 3542 3487 3609 ipsius.
3547 3543 3606 3597 Si

2035 3645 2158 3684 cum
2193 3630 2402 3684 inimici
2460 3631 2759 3700 infestique
2821 3646 3092 3694 essemus,
3129 3639 3278 3684 tanta
3318 3647 3418 3686 nos
3473 3647 3605 3687 cura

2037 3721 2299 3792 dignatus
2326 3731 2432 3784 est,
2462 3729 2521 3775 ut
2550 3719 2747 3776 Filium
2781 3737 2944 3777 suum
2971 3737 3072 3792 pro
3103 3723 3264 3779 nobis
3297 3725 3457 3778 morti
3489 3735 3606 3779 tra~

2036 3813 2223 3868 deret:
2254 3812 2528 3882 quomodo
2555 3813 2669 3868 ﬁeri
2701 3821 2903 3882 potest,
2933 3822 2991 3867 ut
3017 3813 3162 3868 facta
3195 3816 3606 3871 reconciliatio-

2037 3917 2124 3966 ne,
2164 3917 2264 3956 nos
2291 3913 2507 3957 aeterna:
2541 3901 2667 3956 vita:
2697 3917 2806 3956 non
2845 3901 3020 3957 simus
3052 3901 3603 3972 participesHterum

2035 4007 2167 4064 ergo
2191 3991 2389 4046 Filium
2419 4001 2576 4048 vocat
2604 3993 2894 4052 Dominum
2917 3991 3222 4056 Christum,
3248 3993 3338 4062 qui
3365 4000 3448 4047 est
3463 3994 3604 4048 idem

2038 4081 2180 4138 Deus
2219 4091 2274 4137 ct
2307 4084 2490 4139 homo.
2522 4084 2744 4139 Clarum
2780 4095 2863 4140 est
2899 4093 3104 4148 autem,
3132 4093 3188 4138 ut
3211 4084 3490 4148 existimo,
3521 4085 3606 4140 vel

2037 4174 2294 4230 maximis
2343 4175 2640 4240 haereticis,
2684 4176 2739 4229 in
2771 4189 3010 4245 quanam
3045 4183 3241 4228 natura
3291 4173 3474 4243 passio
3525 4174 3606 4229 fa-

2037 4272 2123 4318 cta
2158 4265 2249 4318 sit.

2108 4353 2277 4409 Vsus.
2313 4355 2400 4408 11.
2439 4355 2562 4408 Non
2598 4355 2770 4410 solum
2803 4364 2979 4408 autem
3027 4354 3143 4418 hoc,
3179 4355 3270 4409 sed
3301 4356 3462 4410 etiam
3493 4356 3606 4425 glo-

365 4445 490 4511 Θεῷ
527 4443 622 4498 διὰ
663 4443 770 4499 τοῦ
801 4445 1020 4510 Κυρίου
1063 4441 1232 4510 ἡμῶν
1289 4443 1490 4510 Ἰησοῦ
1538 4445 1815 4512 Χριστοῦ,
1859 4445 1929 4499 dt‘

2043 4447 2252 4501 riamur
2283 4446 2339 4500 in
2377 4445 2486 4500 Deo
2517 4463 2609 4516 per
2647 4445 2926 4499 Daminum
2959 4453 3200 4497 nostrum
3241 4444 3425 4500 Jesum
3455 4446 3609 4501 Chri-

369 4532 447 4594 οὖ
491 4536 608 4590 νῦν
635 4535 753 4602 τὴν
779 4532 1170 4602 καταλλαγὴν
1190 4531 1505 4600 ἐλάϐομεν.
1541 4535 1615 4585 Οὐ
1639 4535 1744 4603 γὰρ
1772 4534 1931 4604 μόνον

367 4628 470 4698 τὴν
495 4628 763 4681 ἀθάνατον
795 4625 937 4696 ζωὴν
963 4625 1326 4695 ἀναμένομεν,
1359 4623 1494 4678 ἀλλὰ
1539 4623 1632 4677 καὶ
1664 4625 1803 4678 κατὰ
1841 4624 1932 4678 τὸν

363 4721 609 4790 παρόντα
647 4717 760 4788 βίον
801 4717 877 4779 ὡς
910 4714 1426 4786 προσοικειωθέντες
1465 4712 1542 4784 τῷ
1571 4713 1690 4784 Θεῴ
1730 4731 1931 4784 σεμνυ-

360 4811 587 4883 νόμεθα,
620 4810 689 4863 τὰ
723 4809 862 4863 κατὰ
885 4807 975 4860 τὸν
1007 4806 1280 4877 Δεσπότην
1303 4806 1534 4877 Χριστὸν
1571 4804 1930 4874 λογιζόμενοι,

368 4903 429 4966 ὃς
463 4902 688 4974 μεσίτης
716 4899 872 4971 ἡμῶν
916 4898 1204 4968 γενόμενος
1243 4897 1340 4968 τὴν
1382 4897 1607 4968 εἰρήνην
1646 4897 1934 4968 ἐπραγμα-

366 4991 617 5045 τεύσατο.
661 4988 940 5044 Ἐντεῦθεν
962 4988 1149 5041 λοιπὸν
1181 4986 1240 5039 τὸ
1263 4989 1360 5058 τῆς
1382 4987 1694 5056 οἰκονομίας
1723 4988 1934 5040 ἀποκα-

366 5083 558 5138 λύπτει
579 5087 894 5152 μυστήριον,
913 5079 1007 5133 καὶ
1033 5081 1129 5150 τῆς
1155 5075 1617 5149 ὲνανθρωπήσεως
1642 5077 1738 5148 τὴν
1760 5077 1936 5132 αἰτίαν

366 5175 628 5230 διδάσκει.

443 5265 528 5337 ιβ’.
559 5264 664 5318 Διὰ
684 5261 1075 5332 τοῦτοῶσπερ
1101 5260 1175 5314 δι’
1197 5259 1335 5325 ἐνὸς
1357 5257 1668 5326 ἀνθρώπου
1699 5259 1731 5328 ἠ
1749 5259 1934 5328 ἀμαρ-

448 5403 468 5445 ί
508 5401 683 5457 Galat.
713 5415 786 5464 tv,
819 5398 886 5461 4,
915 5397 969 5450 5.

2038 4549 2179 4593 stum
2202 4578 2216 4603 ,
2248 4554 2340 4607 per
2375 4551 2527 4606 quem
2581 4551 2718 4590 nunc
2763 4534 3249 4591 reconciliationem
3285 4538 3603 4606 accepimus.

2038 4627 2158 4683 Non
2194 4629 2373 4683 solum
2403 4627 2549 4682 enim
2581 4630 2745 4682 vitam
2778 4626 3140 4684 immortalem
3177 4636 3560 4700 exspectamus
3583 4668 3602 4695 ,

2039 4719 2133 4773 sed
2162 4720 2327 4772 etiam
2362 4717 2418 4770 in
2455 4719 2566 4772 vita
2597 4717 2854 4789 praesenti
2889 4727 2952 4772 ut
2995 4717 3106 4774 Deo
3138 4720 3437 4775 fatililiares
3477 4719 3604 4775 εσσ-

2039 4809 2116 4863 cti
2145 4808 2467 4879 gloriamur,
2517 4808 2584 4864 de
2613 4808 2838 4864 Christo
2879 4809 3112 4866 Domino
3150 4811 3474 4880 cogitantes,
3509 4811 3603 4880 qui

2041 4901 2312 4964 mediator
2343 4907 2529 4956 noster
2566 4899 2746 4958 factus
2780 4917 2970 4972 pacem
3017 4901 3354 4957 conciliavit.
3384 4901 3468 4957 Ah
3500 4901 3604 4957 hoc

2039 4992 2301 5063 deinceps
2331 4991 2455 5048 loco
2482 4991 2683 5048 divinae
2709 4993 3144 5063 dispensationis
3169 4993 3370 5049 revelat
3404 4999 3606 5064 myste-

2041 5085 2213 5152 rium,
2240 5091 2296 5140 et
2327 5083 2732 5138 incarnationis
2756 5097 2980 5138 causam
3006 5081 3185 5138 docet.

2114 5258 2281 5313 Vens.
2317 5257 2403 5314 12.
2439 5257 2731 5326 Propterea
2761 5257 2896 5312 sicut
2921 5272 3011 5325 per
3034 5273 3192 5314 unum
3217 5257 3324 5332 56
3349 5260 3608 5318 hominem

1607 5482 1842 5540 VARIIE
1901 5481 2302 5540 LECTIONES.

446 5657 492 5690 “
540 5654 700 5710 Forte
729 5661 855 5708 ante
881 5650 1114 5724 Χριστος
1155 5656 1246 5702 aut
1269 5659 1409 5724 post
1439 5647 1588 5724 ᾧπερ
1611 5645 2075 5724 ήμῶν-οάθίιιιπι
2104 5645 2234 5724 legit
2265 5643 2673 5724 Theodgretus:
2706 5638 2867 5724 uasa
2901 5642 3115 5711 καιρόν,
3151 5645 3297 5712 quod
3339 5646 3432 5702 hic
3456 5644 3621 5703 habet

369 5725 638 5803 Yulgatus
673 5713 947 5794 interpres
983 5729 1035 5776 et
1069 5713 1511 5774 llervcti'versio.
1549 5713 1706 5773 Certe
1742 5714 1794 5770 id
1849 5715 2082 5786 explicat
2114 5713 2321 5774 Theod.
2355 5715 2410 5770 in
2438 5714 2872 5770 Conuuentario.

4031 3345 4033 3442 1

4032 3445 4033 3538 ἰ

4032 3583 4033 3646 l
