4074 6176
433 313 505 381 99
1453 304 1945 368 Tl-IEODORETI
1986 303 2326 365 EPISCOI’I
2367 300 2732 362 CYRENSIS

3604 293 3705 359 100

435 435 707 500 peccatum
765 423 820 478 in
876 420 1132 475 annulum
1191 420 1432 485 intratit,
1489 427 1538 474 et
1597 435 1689 488 per
1741 426 2014 488 peccatum

2137 414 2216 492 τία
2232 415 2318 479 είς
2354 413 2460 466 τόν
2478 414 2713 482 κόσμον
2733 410 3002 478 similae,
3036 407 3134 464 καὶ
3155 408 3251 464 διὰ
3279 407 3390 477 τῆς
3415 407 3709 478 ἁμαρτίας

435 537 601 586 more,
630 527 680 574 et
705 518 780 571 ita
818 516 872 570 iu
919 530 1099 569 omnes
1130 514 1366 568 homines
1404 528 1547 566 mors
1599 511 1933 581 pertransiit,
1963 509 2019 562 in

433 629 537 683 quo
565 626 743 668 anmes
795 616 1161 675 peccaverunt.
1194 602 1330 658 Cum
1394 601 1662 656 Dominus
1693 599 1842 655 Deus
1874 597 2021 652 Ada-

434 720 583 760 mum
614 699 976 763 condidisset,
1018 707 1075 753 et
1108 698 1323 752 ratione
1359 702 1639 758 ornasset,
1670 709 1842 748 unum
1874 690 2025 746 dedit

434 801 767 866 praceptum
806 790 871 845 ad
907 790 1173 844 rationem
1206 784 1595 842 exercendam.
1636 782 1823 854 Neque
1873 781 2023 837 enim

441 885 554 942 ﬁeri
591 891 826 954 poterat,
883 889 944 936 ut
995 880 1088 949 qui
1147 887 1299 933 esset
1353 877 1586 931 rationis
1638 876 1936 946 particeps,
1970 880 2025 928 et

438 976 582 1030 bona
641 989 706 1028 ac
759 972 901 1026 mala
954 967 1308 1026 discernendi
1369 966 1687 1022 facultatem
1756 964 2024 1029 haberet,

439 1067 648 1136 absque
688 1065 796 1119 ulla
850 1064 968 1135 lege
1005 1063 1234 1117 viveret.
1297 1059 1348 1116 ls
1386 1059 1653 1130 deceptus
1700 1057 2022 1112 mandatum

437 1165 826 1228 transgressus
847 1162 954 1210 est.
990 1152 1264 1224 Supplicii
1313 1161 1494 1207 autem
1537 1149 2020 1206 eomminalioaem

441 1249 723 1319 legislator
751 1248 1012 1301 mandato
1060 1244 1352 1314 conjunxit
1379 1243 1447 1297 ab
1497 1242 1675 1296 initio.
1713 1243 1768 1295 1s
1799 1241 1984 1308 itaque
2006 1275 2020 1302 ,

439 1355 564 1396 cum
607 1340 803 1395 mortis
847 1338 1072 1393 decreto
1116 1337 1294 1391 lactus
1359 1334 1557 1390 fuisset
1599 1333 1893 1396 obnoxius,
1947 1331 2023 1384 ita

438 1432 670 1487 Caimun
703 1439 756 1486 et
784 1430 1014 1485 Setbum
1046 1438 1099 1482 et
1139 1427 1276 1481 alios
1308 1423 1516 1494 genuit.
1543 1422 1749 1478 Omnes
1780 1437 1933 1493 ergo,
1965 1429 2025 1475 ut

438 1537 504 1576 ex
538 1522 628 1576 tali
685 1520 989 1591 progeniti,
1044 1516 1332 1571 mortalem
1391 1514 1668 1569 habebant
1722 1523 2018 1567 naturam:

440 1612 755 1683 huiusmodi
791 1618 976 1665 autem
1009 1616 1208 1662 natura
1233 1605 1672 1675 multisindiget,
1705 1613 1758 1659 et
1791 1603 1937 1668 cibo,
1970 1612 2023 1658 et

438 1715 593 1776 potu,
640 1713 694 1760 et
727 1703 1111 1764 indumentis,
1160 1710 1216 1756 et
1265 1698 1628 1762 habitatione,
1683 1705 1737 1750 et
1787 1694 2024 1750 diversis

2124 510 2156 561 ό
2187 505 2466 572 θάνατος,
2508 505 2606 558 καὶ
2654 503 2842 569 οὕτως
2877 505 2964 568 εἰς
2980 502 3027 534 ⁵⁵
3076 503 3306 568 πάντας
3351 502 3709 572 ἀνθρώπους

2122 597 2370 666 διῆλθεν
2393 601 2425 652 ὀ
2457 597 2738 663 θάνατος,
2793 596 2886 666 ἐφ’
2924 589 2972 663 ᾦ
3011 595 3226 661 πάντες
3281 595 3568 664 ἥμαρτον.
3603 597 3710 652 Τδν

2136 690 2307 761 Ἀδὰμ
2337 693 2366 744 6
2405 689 2682 759 Δεσπότης
2729 689 3141 760 δημιουργήσας
3199 688 3367 752 Θεὸς,
3408 690 3502 742 καὶ
3565 691 3712 763 λόγῳ

2124 784 2380 854 τιμήσας,
2427 783 2556 853 μίαν
2597 782 2829 837 δέδωκεν
2867 781 3090 852 ἐντολὴν
3131 783 3210 845 είς
3262 783 3574 853 γυμνασίαν
3615 785 3708 840 τοῦ

2124 872 2364 940 λογικοῦ.
2397 875 2533 928 Οὐδὲ
2561 874 2670 945 γάρ
2701 869 2816 928 οἷον
2835 891 2896 928 τε
2927 869 2996 946 ἦν
3019 873 3110 927 τὸν
3139 873 3295 943 λόγον
3321 877 3707 949 μετειληφότα,

2124 967 2219 1019 καὶ
2263 965 2372 1020 τῶν
2417 966 2639 1035 ἀγαθῶν
2695 967 2791 1020 καὶ
2832 965 2940 1019 τῶν
2987 965 3243 1019 ἐναντίων
3287 967 3385 1038 τὴν
3421 969 3710 1038 διάγνωσιν

2125 1055 2336 1128 ἔχοντα,
2372 1058 2536 1127 νόμου
2571 1057 2715 1122 τινὸς
2752 1057 2921 1130 χωρὶς
2966 1058 3364 1114 πολιτεύεσθαι.
3406 1056 3574 1126 Οὗτος
3620 1064 3712 1130 ἐξ·

2129 1150 2429 1222 απατηθεὶς
2487 1150 2704 1221 παρέϐη
2744 1151 2842 1220 τὴν
2891 1149 3114 1222 ἐντολήν
3144 1168 3157 1182 ·
3191 1151 3292 1221 τῆς
3331 1152 3388 1206 δὲ
3438 1156 3711 1227 τιμωρίας

2127 1240 2223 1310 τὴν
2267 1240 2496 1311 ἀπειλὴν
2529 1242 2557 1292 6
2607 1237 2904 1310 νομοθέτης
2948 1241 3012 1311 τῇ
3069 1239 3256 1312 ἰντολῇ
3309 1239 3626 1308 συνέζευξεν
3652 1244 3711 1312 ἑξ

2125 1331 2323 1401 ἀρχῆς.
2365 1330 2502 1382 Ὑπὸ
2538 1329 2628 1382 τὸν
2659 1329 2786 1399 ὅρον
2821 1327 3001 1384 τοίνυν
3051 1323 3206 1392 οὗτος
3233 1328 3328 1382 τοῦ
3359 1329 3591 1384 θανάτου
3617 1349 3711 1401 γε-

2125 1423 2370 1492 νόμενος,
2421 1420 2565 1475 οὕτω
2603 1419 2696 1474 τὸν
2748 1420 2906 1484 Κάῖν,
2951 1421 3047 1474 καὶ
3104 1420 3195 1475 τὸν
3248 1420 3376 1493 Σὴθ,
3435 1424 3532 1478 καὶ
3587 1427 3714 1490 τοὺς

2127 1513 2317 1576 ἄλλους
2371 1512 2684 1583 ἐγέννησεν.
2725 1513 3003 1578 ’Ἅπαντες
3053 1509 3182 1580 οὖν,
3233 1515 3309 1580 ὼς
3358 1519 3422 1570 ὲκ
3469 1519 3712 1573 τοιούτου

2127 1606 2345 1675 φύντες,
2373 1605 2574 1678 θνητὴν
2604 1601 2748 1677 εῐχον
2773 1607 2872 1678 τὴν
2901 1607 3062 1676 φύσιν
3088 1619 3102 1637 ’
3133 1610 3166 1678 ἡ
3196 1609 3252 1662 δὲ
3297 1612 3519 1682 τοιαύτη
3551 1614 3714 1682 φύσις

2127 1699 2336 1771 πολλῶν
2368 1701 2514 1752 ἐστιν
2547 1698 2753 1769 ἐνδεὴς,
2800 1699 2895 1752 καὶ
2939 1698 3182 1771 βρωτῶν,
3225 1702 3319 1754 καὶ
3376 1703 3578 1767 ποτῶν,
3617 1705 3714 1759 καὶ

438 1770 676 1854 artibus.
709 1794 918 1850 llorum
978 1802 1161 1848 autem
1193 1807 1331 1846 usus
1373 1794 1550 1860 δεῖρε·
1605 1787 1673 1843 ad
1708 1786 2013 1842 mediocri-

2137 1770 2512 1860 πέριὸολαίων,
2547 1791 2644 1845 καὶ
2671 1791 3014 1868 οἰκημάτων,
3037 1794 3132 1846 καὶ
3175 1794 3381 1866 τεχνῶν
3411 1796 3708 1871 διαφόρων.

439 1890 570 1945 tatis
635 1903 927 1943 excessum
995 1885 1225 1940 allectus
1293 1883 1486 1938 incitat
1544 1900 1559 1937 :
1620 1879 2020 1935 mediocritatis

441 1993 625 2036 autem
681 1993 947 2035 excessus
1015 1983 1302 2047 peccatum
1345 1982 1591 2045 generat.
1659 1971 1801 2026 Dicit
1841 1971 2028 2039 itaque

441 2077 661 2129 divinus
719 2073 1034 2142 Apostolus,
1094 2069 1251 2144 quod
1299 2085 1426 2124 cum
1482 2066 1654 2122 Adam
1719 2073 2024 2137 peccasset,

443 2167 805 2236 mortalisque
837 2173 1062 2236 prepter
1085 2170 1372 2234 peccatum
1402 2161 1584 2215 factus
1607 2166 1778 2223 esset,
1815 2167 2030 2212 utrum-

442 2273 549 2328 que
573 2257 640 2312 ad
674 2271 848 2328 genus
870 2251 1237 2324 permanavit.
1270 2249 1350 2304 Ad
1374 2263 1568 2304 omnes
1593 2247 1740 2303 enim
1776 2245 2030 2300 homines

442 2365 593 2406 mors
620 2347 882 2419 pervasit,
924 2353 1206 2417 quatenus
1237 2357 1434 2397 omnes
1470 2346 1864 2412 peccaverunt.
1906 2335 2030 2390 Non

443 2441 591 2496 enim
624 2449 848 2511 propter
882 2439 1048 2509 primi
1081 2436 1330 2509 parentis
1378 2441 1699 2504 peccatum,
1754 2428 1848 2486 sed
1903 2443 2032 2499 pro-

445 2543 566 2605 pter
600 2549 761 2588 suum
803 2531 1192 2600 unusquisque
1231 2527 1426 2583 mortis
1453 2525 1738 2582 decretum
1771 2521 2026 2593 suscipit.

517 2713 684 2769 Vens.
720 2714 806 2766 15.
842 2712 1014 2783 Usque
1051 2713 1120 2766 ad
1151 2712 1314 2782 legem
1338 2711 1478 2766 enim
1509 2719 1786 2778 peccatum
1821 2717 1938 2762 erat
1976 2709 2030 2760 in

446 2806 689 2861 mundo:
724 2814 994 2874 peccatum
1041 2815 1219 2858 autem
1274 2820 1378 2857 non
1411 2803 1710 2872 imputatur
1769 2817 1889 2854 cum
1946 2800 2032 2853 lex

448 2916 548 2954 non
580 2907 678 2952 est.
715 2896 860 2962 Non,
897 2905 957 2951 ut
987 2895 1241 2951 nonnulli
1273 2894 1620 2958 existimant,
1670 2906 1769 2948 eos
1805 2898 2034 2946 accusat

448 2990 539 3060 qui
574 2991 744 3062 legem
791 2995 1218 3060 praecesserunt,
1268 2986 1362 3041 scd
1405 3000 1599 3041 omnes
1653 2983 1838 3040 simul.
1892 2980 2033 3036 Illud

2143 1883 2208 1937 Ἠ
2236 1883 2293 1936 δὲ
2318 1882 2523 1936 τούτων
2546 1882 2705 1955 χρεία
2728 1881 2964 1952 ὲρεθίζει
2999 1883 3260 1948 πολλάκις
3296 1886 3380 1950 είς
3438 1888 3713 1960 ἀμετρίαν

2130 1969 2197 2024 τά
2220 1969 2368 2040 πάθη
2389 1985 2402 1998 ⁸
2436 1971 2469 2041 η
2499 1970 2556 2024 δὲ
2593 1971 2831 2041 ἀμετρία
2873 1971 2973 2043 τὴν
3016 1973 3287 2045 ἁμαρτίαν
3318 1979 3501 2049 γεννᾷ.
3551 1980 3713 2049 Λέγει

2129 2062 2362 2118 τοίνυνδ
2394 2063 2536 2126 θεῖος
2585 2063 2928 2128 ’Λπόστολος,
2972 2065 3053 2120 ὅτι
3091 2066 3185 2120 τοῦ
3233 2067 3405 2140 ’Δδὰμ
3456 2071 3711 2144 ἡμαρτη-

2132 2158 2310 2224 κότος,
2348 2157 2445 2211 καὶ
2485 2157 2680 2228 θνητοῦ
2721 2157 2809 2213 διὰ
2855 2157 2954 2229 τὴν
2998 2160 3272 2232 ἁμαρτίαν
3321 2164 3711 2236 γεγενημένου,

2131 2249 2413 2322 ἐχώρησεν
2458 2250 2538 2313 εἰς
2582 2250 2643 2305 τὸ
2688 2250 2845 2319 γένος
2887 2251 3196 2322 ἀμφότερα.
3231 2253 3324 2318 Εἰς
3359 2256 3567 2320 πάντας
3607 2258 3718 2330 γὰρ

2129 2340 2452 2412 ἀνθρώπους
2492 2340 2706 2411 διῆλθεν
2734 2342 2763 2394 6
2797 2341 3049 2409 θάνατος,
3085 2344 3170 2412 ἐφ’
3207 2337 3252 2414 ᾧ
3284 2347 3484 2412 πάντες
3527 2349 3715 2423 ἥμαρ-

2130 2451 2240 2489 τον.
2281 2433 2509 2505 ού·γὰρ
2555 2433 2642 2486 διὰ
2687 2433 2788 2504 τὴν
2858 2433 2954 2487 τοῦ
3014 2435 3360 2507 προπάτορος
3415 2439 3712 2509 ἁμαρτίαν,

2131 2525 2268 2580 ἀλλὰ
2307 2525 2398 2579 διὰ
2432 2525 2531 2598 τὴν
2568 2525 2774 2579 οἰκείαν
2822 2525 3053 2591 ἕκαστος
3091 2527 3306 2600 δέχεται
3344 2529 3435 2583 τοῦ
3477 2529 3712 2584 θανάτου

2128 2619 2222 2672 τὸν
2250 2618 2394 2691 ὅρον.

2209 2710 2302 2778 ιγ’.
2338 2711 2514 2778 Ἀχρι
2538 2708 2649 2780 γὰρ
2669 2710 2858 2779 νόμου
2892 2709 3146 2778 ἁμαρτία
3171 2706 3250 2781 ἦν
3269 2711 3339 2765 ἐν
3366 2710 3447 2777 τῷ
3474 2713 3707 2783 κόσμῳο

2133 2799 2390 2868 ἁμαρτία
2445 2799 2514 2852 δὲ
2566 2801 2677 2854 οὐκ
2743 2799 3076 2869 ἐλλογεῖται
3121 2801 3208 2870 μὴ
3267 2800 3447 2869 ὄντος
3499 2805 3713 2872 νόμου.

2150 2891 2261 2961 υύχ
2285 2890 2358 2956 ὥς
2391 2909 2536 2957 τινες
2562 2893 2851 2956 ὑπέλαϐον,
2881 2895 2989 2949 τῶν
3022 2897 3128 2968 πρὸ
3165 2895 3260 2950 τοῦ
3291 2898 3454 2970 νόμου
3484 2917 3720 2970 κατηγο-

2139 2984 2242 3054 ρεῖ,
2280 2982 2418 3036 ἀλλά
2452 2984 2670 3038 πάντων
2709 2985 2869 3057 ὁμοῦ.
2912 2987 2986 3040 Τὸ
3025 2990 3154 3059 γὰρ.
3186 2988 3324 3059 ἄχρι
3364 2991 3574 3062 νόμου,
3618 2994 3719 3066 οὐχ

448 3083 619 3146 enim,
668 3096 830 3150 usque
859 3079 928 3132 ad
977 3078 1161 3149 legem,
1214 3092 1321 3131 non
1358 3077 1488 3132 dicit
1535 3092 1710 3146 usque
1757 3074 1824 3130 ad
1873 3075 2008 3146 legis

2137 3071 2244 3173 ἕως
2263 3073 2361 3173 τῆς
2383 3075 2559 3147 ἀρχῆς
2590 3074 2685 3129 τοῦ
2718 3076 2884 3147 νόμου
2911 3077 3084 3146 λέγει,
3118 3079 3233 3134 ἀλλ’
3262 3079 3374 3146 ἕως
3406 3083 3497 3137 τοῦ
3532 3084 3719 3149 τέλους

451 3171 811 3244 principium,
847 3169 943 3226 sed
977 3184 1150 3238 usque
1179 3169 1245 3221 ad
1277 3167 1439 3222 linem
1470 3167 1626 3237 legis,
1662 3181 1761 3236 pro
1790 3181 1854 3220 eo
1887 3164 2032 3236 quod

2137 3164 2234 3216 τοῦ
2283 3165 2472 3235 νόμου,
2522 3167 2644 3221 ἀντὶ
2675 3166 2792 3232 τοῦ,
2821 3168 2966 3232 Ἕως
2991 3169 3018 3221 6
3046 3169 3208 3240 νόμος
3243 3172 3486 3244 ἐκράτει,
3517 3169 3658 3245 εἶχεν
3684 3177 3719 3246 ἡ

451 3271 558 3331 cst,
588 3261 766 3316 Donec
799 3264 882 3315 les
915 3259 1199 3314 dominata
1227 3265 1338 3325 est,
1361 3257 1555 3312 habuit
1587 3265 1868 3326 peccatum
1890 3257 2035 3313 vires

453 3371 606 3412 snas.
642 3354 700 3408 Si
727 3353 874 3408 enim
916 3366 1024 3406 non
1059 3351 1132 3406 sit
1180 3350 1288 3414 lex,
1327 3364 1436 3404 non
1485 3355 1667 3419 potest
1695 3364 1826 3404 esse
1855 3359 2037 3405 trans-

453 3447 690 3518 gressio.

524 3537 691 3594 Vens.
731 3538 813 3592 16.
836 3535 939 3591 Sed
966 3535 1070 3606 57
1099 3534 1336 3604 regnavit
1363 3549 1506 3586 mors
1543 3533 1610 3584 ab
1636 3531 1843 3585 Adamo
1871 3548 2037 3603 usque

453 3629 524 3686 ad
556 3627 764 3692 Mosen,
799 3628 965 3682 etiam
1004 3627 1060 3679 in
1095 3641 1203 3688 eos,
1241 3624 1332 3694 qui
1358 3639 1461 3677 non
1491 3631 1835 3692 peccaverunt
1875 3623 1930 3676 in
1961 3623 2036 3676 si-

454 3719 812 3774 militudinem
862 3714 1323 3784 pramaricationis
1372 3711 1591 3777 Adami,
1629 3713 1718 3782 qui
1747 3720 1826 3766 est
1861 3711 2037 3780 imago

457 3811 648 3880 futuri.
700 3808 892 3864 Mosen
957 3809 1128 3877 legem
1187 3805 1445 3876 appellat.
1486 3803 1600 3860 lloe
1650 3812 1831 3858 autem
1873 3803 2036 3858 etiam

457 3900 772 3956 invenimus
803 3899 862 3953 in
898 3896 1250 3968 Evangeliis:
1299 3916 1318 3948 ι
1361 3885 1577 3951 Habent
1610 3894 1799 3952 Mosen
1827 3903 1880 3949 et
1907 3909 2038 3964 pro-

458 3989 726 4064 phetasi.
763 4009 780 4042 ι
827 3987 906 4044 Ita
933 3989 1098 4043 etiam
1128 3987 1350 4043 divinus
1381 3986 1681 4057 Apostolus
1709 3985 1765 4039 in
1799 3983 2039 4040 secunda

459 4085 526 4139 ad
560 4081 877 4138 Corinthios
910 4079 1080 4135 dicit:
1142 4096 1161 4130 ι
1197 4079 1303 4134 Sed
1364 4093 1540 4148 usque
1599 4077 1652 4130 in
1709 4075 2037 4130 hodiernum

458 4175 790 4238 diem,cum
819 4171 1020 4244 legitur
1065 4169 1280 4232 Moses,
1348 4170 1592 4225 velamen
1659 4168 1900 4238 positum
1959 4175 2040 4220 est

460 4281 630 4335 super
653 4279 749 4320 cor
776 4279 1025 4330 eorum,»
1067 4278 1168 4334 pro
1193 4277 1258 4318 co
1289 4261 1438 4332 quod
1469 4268 1572 4325 est,
1602 4259 1712 4314 Lex
1735 4257 1783 4312 ι.
1820 4257 2039 4329 Regna-

461 4358 542 4411 vit
569 4357 778 4427 itaque,
806 4355 1006 4426 inquit,
1042 4369 1194 4411 mors
1228 4355 1298 4410 ab
1323 4354 1537 4408 Adamo
1569 4368 1745 4422 usque
1787 4352 1854 4405 ad
1884 4365 2041 4421 appa-

2138 3255 2382 3325 ἁμαρτία
2431 3256 2492 3309 τὸ
2516 3257 2736 3327 κράτος.
2775 3259 2960 3330 Νόμου
3001 3260 3109 3332 γὰρ
3152 3262 3252 3316 οὐκ
3285 3263 3436 3328 ὄντος
3482 3264 3580 3336 οὐχ
3609 3262 3720 3320 οἶόν

2137 3362 2196 3398 τε
2222 3345 2476 3408 γενέσθαι
2506 3349 2840 3418 παράϐασιν.

2212 3522 2300 3575 ιδ’.
2358 3524 2512 3577 Ἀλλ’
2557 3523 2964 3581 ἐϐασίλευσεν
2999 3531 3032 3582 d
3061 3528 3319 3596 θάνατος
3369 3530 3490 3586 ἀπὸ
3535 3531 3718 3603 Ἀδὰμ

2134 3612 2310 3682 μέχρι
2339 3614 2598 3682 Μωσέως
2624 3617 2690 3683 ⁸⁵,
2720 3618 2818 3671 καί
2844 3619 2941 3672 ἐπί
2975 3620 3117 3686 τοὺς
3145 3622 3230 3689 μὴ
3255 3622 3720 3691 ἁμαρτήσαντας

2139 3703 2209 3755 ἐν
2235 3701 2314 3768 τῷ
2337 3703 2648 3772 ὁμοιὼτατι
2691 3706 2809 3775 τῆς
2845 3708 3237 3777 παραϐάσεως
3265 3709 3469 3780 Ἀδὰμ,
3500 3711 3567 3778 ὅς
3592 3712 3724 3766 ἐστι

2140 3795 2327 3860 τύπος
2373 3794 2480 3850 τοῦ
2526 3795 2884 3866 μέλλοντος.
2936 3801 3142 3854 Μωσέα
3188 3802 3282 3855 τὸν
3326 3803 3490 3874 νόμον
3545 3805 3720 3862 καλεῖ.

2141 3883 2312 3939 Τοῦτο
2365 3885 2422 3939 δὲ
2484 3888 2578 3942 καὶ
2634 3890 2692 3943 έν
2750 3892 2862 3955 τοῖς
2936 3891 3289 3962 Εύαγγελίοις
3347 3896 3720 3968 εὑρίσκομεν·

2147 3979 2407 4048 «Ἔχουσι
2447 3980 2649 4034 Μωσέα
2684 3984 2778 4036 καὶ
2815 3984 2942 4048 τοὺς
2975 3987 3282 4058 προφήτας.
3315 4004 3333 4038 ι
3360 3986 3516 4042 Οὕτω
3573 3993 3667 4045 καὶ
3698 3993 3728 4046 6

2142 4068 2282 4132 θεῖος
2323 4069 2648 4135 ’Λπὸστολος
2696 4073 2754 4126 ἐν
2807 4075 2872 4144 τῇ
2921 4075 3058 4145 πρὸς
3120 4077 3441 4148 Κορινθίους
3498 4081 3728 4154 δευτέρᾳ

2142 4160 2275 4231 φησί
2294 4178 2306 4192 ο
2347 4181 2364 4213 ι
2401 4161 2541 4214 Ἀλλ’
2565 4163 2670 4226 ἕως
2701 4165 2964 4237 σήμερον,
3002 4168 3164 4238 ἡνίκα
3192 4167 3257 4222 ἂν
3283 4169 3726 4243 ἀναγινώσκηται

2143 4251 2368 4321 Μωσῆς,
2402 4252 2663 4325 κάλυμμα
2694 4256 2785 4309 ἰπὶ
2834 4257 2934 4326 τὴν
2971 4259 3198 4331 καρδίαν
3247 4262 3426 4317 αὐτῶν
3479 4266 3672 4332 κεῖται,
3703 4286 3721 4318 ι

2144 4346 2264 4398 ἀντὶ
2308 4345 2424 4409 τοῦ,
2466 4347 2494 4399 6
2559 4347 2740 4418 νόμος.
2809 4349 3154 4404 Ἐϐασίλευσε
3220 4353 3419 4420 τοίνυν,
3464 4358 3648 4426 φησιν,
3697 4358 3728 4411 6

463 4449 720 4504 ritionem
752 4447 1066 4502 Servatoris
1096 4464 1109 4501 :
1145 4454 1278 4501 tunc
1303 4446 1452 4502 enim
1485 4445 1647 4500 linem
1682 4443 1764 4498 les
1806 4443 2032 4511 accepit.

2148 4438 2377 4502 θάνατος
2402 4440 2509 4493 ἀπὸ
2525 4440 2694 4512 Ἀδὰμ
2721 4442 2825 4506 ἕως
2853 4441 2951 4513 τῆς
2973 4442 3068 4496 τοῦ
3093 4444 3346 4518 Σωτῆρος
3376 4449 3694 4517 ἐπιφανείας
3711 4466 3726 4480 ⁸

469 4559 490 4594 ι
523 4538 637 4596 Lex
685 4541 860 4602 enim,
912 4538 1120 4609 inquit,
1162 4546 1218 4593 et
1251 4538 1537 4608 prophetae
1572 4550 1747 4604 usque
1777 4533 1845 4588 ad
1875 4531 2046 4587 Joan-

465 4648 590 4688 nem
639 4630 1125 4702 prophetaverunt.
1169 4629 1210 4680 A
1254 4635 1510 4698 tempore
1568 4639 1750 4682 autem
1815 4622 2047 4680 Joannis

467 4739 696 4795 regnum
727 4722 997 4779 caelorum
1039 4719 1148 4772 vim
1185 4719 1414 4789 patitur,
1455 4728 1511 4774 et
1542 4719 1768 4774 violenti
1823 4717 2048 4788 rapiunt

467 4817 600 4873 illud
634 4811 674 4866 ι.
697 4827 716 4862 I
763 4813 1018 4885 Regnavit
1048 4819 1228 4866 autem
1258 4827 1403 4865 more
1426 4809 1594 4865 etiam
1621 4811 1676 4863 in
1701 4826 1791 4864 eos
1823 4811 1912 4880 qui
1941 4826 2046 4863 non

466 4914 808 4976 peccaverunt
851 4904 906 4956 in
941 4899 1296 4958 similitudine
1352 4896 1796 4967 transgressionis
1831 4895 2043 4947 Adami.

467 4997 585 5055 Etsi
615 4998 762 5054 enim
817 4995 950 5050 illud
1001 4992 1323 5049 mandatum
1386 5005 1496 5044 non
1551 4986 1855 5058 trangressi
1896 4994 2048 5050 sunt,

468 5090 574 5145 alia
606 5099 788 5145 tamen
841 5087 1041 5144 delicta
1076 5085 1495 5142 commiserunt.
1543 5079 1834 5133 Adamum-
1867 5087 2046 5132 autem

468 5178 764 5248 appellavit
794 5185 984 5249 typum
1019 5174 1255 5233 Christi.
1298 5171 1457 5228 Hunc
1503 5170 1649 5226 enim
1703 5174 1861 5223 vocat
1901 5166 2049 5237 [utu-

469 5285 614 5334 rum,
661 5269 764 5325 hac
825 5269 893 5324 de
947 5283 1138 5333 causa,
1196 5266 1344 5338 quod
1391 5266 1538 5320 sicut
1587 5262 1678 5317 ille
1717 5262 1810 5333 qui
1839 5261 2049 5332 primus

471 5362 720 5432 peccavit
782 5362 976 5416 mortis
1034 5358 1256 5415 decreto
1307 5357 1592 5428 subjectus
1622 5363 1727 5419 est,
1785 5365 1838 5411 ει
1871 5361 2045 5409 totum

545 5503 562 5551 l
610 5498 745 5555 Luc.
779 5498 1019 5564 "1,29.
1100 5499 1125 5539 ιι
1168 5497 1209 5552 ll
1245 5497 1371 5554 Cor.
1406 5513 1496 5562 Ill,
1533 5497 1618 5550 15.

2150 4529 2272 4584 τότε
2314 4531 2424 4602 γάρ
2481 4531 2634 4598 τέλος
2664 4534 2701 4588 ’ὁ
2740 4535 2904 4606 νόμος
2953 4535 3192 4598 ἐδέξατο.
3235 4557 3255 4591 ι
3285 4539 3344 4592 Ὀ
3380 4541 3544 4610 νόμος
3583 4542 3730 4612 γὰρ.

2153 4625 2306 4695 φησὶ,
2341 4627 2433 4679 καὶ
2453 4627 2502 4678 οί
2528 4630 2823 4697 προφῆται,
2861 4627 2968 4692 ἕως
3005 4630 3252 4686 Ἰωάννου
3288 4635 3728 4706 προεφήτευσαν.

2163 4717 2299 4771 Ἀπὸ
2337 4717 2394 4771 δὲ
2426 4717 2536 4771 τῶν
2584 4719 2810 4790 ἡμερῶν
2854 4720 3106 4776 Ἰωάννου
3135 4725 3167 4795 ἡ
3204 4723 3452 4794 βασιλεία
3483 4727 3594 4782 τῶν
3628 4729 3725 4781 ού-

2156 4808 2331 4880 ρανῶν
2365 4809 2632 4880 βιάζεται,
2673 4813 2769 4865 καὶ
2815 4813 3038 4882 βιασταὶ
3093 4815 3433 4888 ἁρπάζουσιν
3480 4819 3670 4891 αὑτήν.
3710 4839 3728 4870 ι

2165 4898 2558 4954 Ἐσασίλευσε
2580 4899 2647 4954 δὲ
2666 4904 2698 4955 ὀ
2723 4901 2981 4971 θάνατος
3015 4906 3113 4960 καί
3143 4907 3244 4961 ἐπὶ
3273 4909 3418 4974 τοὺς
3437 4910 3521 4979 μὴ
3553 4912 3740 4982 αμαρ-

2151 4988 2459 5056 τήσαντας
2474 4991 2545 5045 ἐν
2559 4991 2637 5058 τῷ
2649 4994 2965 5064 ὁμοιώματι
2982 4995 3091 5066 τῆς
3120 5000 3511 5068 παραϐάσεως
3527 5002 3732 5073 Ἀδάμ.

2155 5083 2217 5136 Εἰ
2245 5083 2354 5154 γὰρ
2382 5084 2476 5137 καὶ
2507 5086 2722 5157 ἐκείνην
2762 5088 2824 5141 ού
2854 5089 3178 5162 παρέϐησαν
3211 5091 3310 5164 τὴν
3341 5094 3586 5167 ἐντολὴν,
3619 5096 3734 5149 ἀλλ’

2154 5169 2249 5226 οὖν
2283 5174 2482 5246 ἑτέρας
2509 5179 2858 5250 παρανομίας
2894 5181 3222 5254 ἐτόλμησαν.
3259 5184 3364 5238 Τὸν
3394 5185 3452 5240 δέ
3488 5204 3551 5256 γε
3569 5187 3739 5257 ’Λδάμ

2154 5267 2327 5320 τύπον
2367 5269 2598 5324 ἐκάλεσε
2631 5272 2728 5326 τοῦ
2773 5275 3011 5344 Χριστοῦ
3033 5293 3046 5306 ·
3075 5277 3236 5330 αὑτὸν
3281 5279 3390 5350 γὰρ
3421 5280 3581 5335 καλεῖ
3632 5279 3740 5333 τὸν

2151 5360 2495 5430 μέλλοντα,
2537 5365 2678 5418 κατὰ
2731 5366 2919 5421 τοῦτον
2963 5369 3053 5422 τὸν
3101 5369 3292 5439 λόγον,
3349 5372 3431 5426 ὅτι
3490 5371 3738 5441 καθάπερ

1714 5495 1726 5534 ι
1776 5495 1966 5550 Matth.
2003 5497 2340 5564 Χ1,12,1ῖ›.

1785 5637 2016 5693 νΛῐΗᾹῖ
2066 5637 2468 5695 ιιεετιοδῑεε.

533 5723 580 5752 ⁸⁸
596 5724 680 5787 είς
701 5724 966 5782 omissum
987 5725 1043 5784 in
1071 5728 1143 5786 Β.
1223 5728 1268 5764 ⁸³
1299 5728 1341 5784 Β
1369 5727 1671 5792 Μωῢσέως.
