4074 6176
253 337 354 406 101
1084 343 1701 406 INTERPRETA’I‘IO
1741 344 1844 403 EP:

1945 346 1978 404 .‘.
2016 345 2115 404 AD
2154 344 2336 405 ROM.
2379 347 2538 406 CAP.
2577 348 2647 408 Υ.
3409 349 3510 412 102

249 456 461 518 ἐκεῖνος
501 453 708 522 πρῶτος
769 456 1104 527 ἡμαρτηκὼς
1160 459 1264 512 ὑπὸ
1306 459 1398 512 τὸν
1445 459 1570 530 ὅρον
1619 460 1833 528 ἐγένετο

1945 476 2108 529 genus
2157 463 2390 532 primum
2448 471 2731 534 parentem
2786 472 3037 518 secutum
3077 474 3192 519 est:
3233 468 3307 524 Ita
3343 469 3508 524 etiam

248 544 349 599 τοῦ
381 545 629 610 θανάτου,
653 547 746 600 καὶ
771 547 833 600 τὸ
864 548 1019 616 γένος
1056 550 1204 604 ἅπαν
1231 550 1568 622 ἠκολούθησε
1597 550 1674 622 τῷ
1697 568 1830 619 προ-

1945 550 2205 606 Dominus
2233 551 2526 616 Christus,
2559 568 2682 606 cum
2729 568 3001 608 summam
3032 555 3300 622 justitiam
3335 557 3511 610 adim-

250 638 452 707 πάτορι
481 653 494 667 ³
527 636 697 701 οὕτως
731 640 759 691 ὁ
783 640 1066 711 Δεσπότης
1103 641 1358 713 Χριστὸς,
1405 641 1506 714 τὴν
1544 643 1721 714 ἄκραν
1749 643 1828 695 δι-

1945 645 2159 713 plessct,
2193 645 2389 700 mortis
2418 647 2717 715 potentiam
2755 646 3032 708 dissolvit,
3074 654 3128 700 et
3159 647 3250 716 qui
3297 647 3509 716 primus

249 728 546 798 καιοσύνην
576 728 976 800 πεπληρωκὼς,
1009 732 1277 785 κατέλυσε
1304 731 1406 785 τοῦ·
1443 732 1681 786 Θανάτου
1729 734 1828 802 τὴν

1945 749 1994 788 3x
2024 735 2259 789 mortuis
2299 736 2642 799 resurrexit,
2681 751 2897 790 onmem
2933 745 3184 790 naturam
3225 737 3507 791 hominum

249 819 596 884 δυναστείαν,
635 819 732 872 καὶ
768 821 984 892 πρῶτος
1013 823 1080 876 ὲκ
1110 822 1322 894 νεκρῶν
1349 823 1612 889 ἀναστὰς,
1648 825 1828 878 πᾶσαν

1945 828 1996 880 td
2027 828 2189 880 vitam
2224 828 2471 882 reducet.
2511 827 2579 880 Et
2599 829 2725 899 quia
2749 829 3018 882 Atlamum
3049 837 3238 900 typum
3267 827 3512 885 Christi'

252 913 332 975 είς
379 909 528 982 ζωὴν
571 911 828 976 ὲπανάξει
859 912 967 966 τῶν
1000 913 1304 985 ἀνθρώπιον
1340 914 1442 986 τὴν
1489 915 1672 983 φύσιν.
1719 916 1832 970 Καὶ

1945 921 2174 986 vocavit,
2218 919 2462 976 ostendit
2488 921 2652 992 hujus
2681 921 3083 978 excellentiam.

251 1002 442 1074 ἐπειδὴ
479 1001 646 1056 τύπον
674 1003 904 1057 ἐκάλεσε
934 1005 1027 1060 τὸν
1067 1005 1240 1077 ’Δδὰμ
1272 1005 1366 1060 τοῦ
1407 1007 1647 1080 Χριστοῦ
1673 1049 1687 1074 ,
1723 1009 1835 1063 δεί-

256 1112 418 1149 κνυσι
447 1095 546 1165 τὴν
575 1095 869 1168 ὑπεροχήν.

327 1193 406 1240 ιε’.
452 1187 612 1240 Ἀλλ’
637 1189 750 1256 οὐχ
780 1189 860 1254 ὡς
882 1187 950 1242 τὸ
973 1188 1364 1260 παράπτωμα,
1405 1191 1559 1244 οὕτω
1613 1192 1714 1246 καὶ
1763 1193 1830 1247 τὸ

252 1278 539 1348 χάρισμα.
589 1278 748 1332 Ἀλλὰ
789 1279 941 1345 πῶς;
981 1283 1052 1334 Et
1099 1281 1208 1350 γὰρ
1241 1282 1322 1348 τῷ
1352 1281 1458 1336 τοῦ
1485 1282 1623 1348 ἐνὸς
1651 1298 1836 1352 παρα.

253 1369 520 1439 πτώματι
571 1372 626 1424 οί
675 1370 897 1425 πολλοὶ
927 1371 1250 1433 ἀπέθανον,
1277 1371 1488 1438 πολλῷ
1513 1373 1754 1443 μᾶλλον
1795 1376 1835 1443 ἡ

255 1463 429 1533 χάρις
450 1461 557 1516 τοῦ
588 1462 757 1529 Θεοῦ,
790 1463 885 1517 καί
934 1463 971 1528 ἠ
1005 1461 1215 1532 δωρεὰ,
1255 1464 1326 1517 ἐν
1367 1462 1559 1532 χάριτι
1608 1465 1684 1535 τῇ
1730 1465 1838 1520 τοῦ

253 1553 395 1618 ἐνὸς
426 1551 741 1620 ἀνθρώπου
792 1553 986 1622 Ἰησοῦ
1025 1555 1286 1624 Χριστοῦ
1344 1557 1430 1621 είς
1476 1557 1617 1624 τοὺς
1677 1560 1841 1630 πονι-

253 1646 406 1713 λοὺς
450 1647 916 1714 ἐπερίσσευσεν.
969 1648 1092 1701 Ἐπὶ
1141 1647 1245 1716 τῆς
1303 1647 1596 1718 τιμωρίας,
1655 1647 1838 1718 φησὶν,

253 1739 284 1790 ὁ
309 1737 582 1806 Δεσπότης
609 1737 743 1801 Θεὸς
773 1737 868 1791 τοῦ
917 1737 1129 1790 δικαίου
1179 1737 1272 1790 τὸν
1296 1737 1420 1808 ὅρον
1458 1737 1710 1806 ἐφύλαξε,
1745 1738 1840 1792 καὶ

254 1828 350 1883 τοῦ
425 1828 597 1899 Ἀδὰμ
646 1827 1050 1900 ἡμαρτηκότος.
1101 1828 1194 1881 καὶ
1229 1827 1308 1898 τῷ
1355 1827 1567 1898 θανάτῳ
1606 1828 1840 1900 παραδο-

257 1921 464 1986 θέντος,
490 1921 636 1974 ἆπαν
667 1918 1005 1990 ἠκολούθησε
1032 1918 1093 1972 τὸ
1122 1919 1276 1988 γένος
1297 1935 1310 1950 ·
1351 1920 1532 1991 πολλῷ
1563 1919 1842 1992 δήπουθεν

258 2011 594 2084 δικαιότερον
623 2011 718 2064 ἐπὶ
739 2011 838 2082 τῆς
864 2010 958 2064 τοῦ
986 2010 1120 2065 Θεοῦ
1138 2012 1546 2085 φιλανθρωπίας
1563 2012 1843 2083 φυλαχθῆ-

260 2121 347 2158 ναι
380 2104 442 2158 τὸ
469 2104 700 2168 δίκαιον,
728 2102 824 2156 καὶ
855 2103 954 2174 τῆς
985 2103 1079 2157 τοῦ
1116 2105 1385 2158 Δεσπότου
1431 2104 1666 2175 Χριστοῦ
1705 2104 1844 2158 πάν-

261 2215 360 2260 τας
387 2196 710 2268 ἀνθρώπους
743 2195 1067 2266 μεταλαχεῖν
1093 2195 1464 2260 ἀναστάσεως.
1501 2197 1844 2264 Ἄνθρωπον

263 2289 320 2342 δὲ
344 2288 576 2342 ἐνταῦθα
603 2287 694 2341 τὸν
741 2290 1019 2358 Δεσπότην
1072 2288 1308 2359 Χριστὸν
1365 2289 1838 2360 προσηγόρευσεν,

272 2379 359 2433 ἵνα
407 2379 500 2432 τοῦ
542 2380 711 2449 Ἀδὰμ
763 2379 1008 2450 ἀκριϐῶς
1055 2379 1298 2450 ἐπιδείξῃ
1355 2380 1449 2434 τὸν
1490 2380 1661 2436 τύπον
1688 2397 1702 2411 ·
1765 2381 1844 2434 ὅτι

270 2469 518 2540 καθάπερ
555 2471 673 2522 ἐκεῖ
695 2469 763 2524 δι’
790 2469 912 2534 ἑνὸς
940 2469 1229 2540 ἀνθρώπου
1265 2472 1293 2524 ὁ
1323 2470 1574 2536 θάνατος,
1603 2470 1747 2526 οὔτω
1776 2471 1844 2524 δι’

265 2561 384 2624 ἐνὸς
412 2560 699 2631 ἀνθρώπου
728 2560 1016 2630 ὲνταῦθαή
1047 2560 1141 2614 τοῦ
1174 2561 1404 2616 θανάτου
1433 2563 1746 2628 κατάλυσις.

337 2658 432 2717 ις’.
471 2652 579 2705 Kal
612 2653 726 2720 οὐχ
765 2651 840 2716 ώς
875 2651 950 2705 δι’
1000 2651 1137 2718 ἐνὸς
1161 2652 1600 2723 ἁμαρτήματος,
1644 2653 1708 2707 τὸ
1735 2653 1845 2708 δώ-

249 2756 418 2814 ρημα
437 2759 451 2772 °
490 2741 557 2796 τὸ
581 2742 700 2812 μὲν
729 2742 840 2812 γὰρ
864 2742 1042 2812 κρῖμα
1086 2743 1156 2808 ἐξ
1186 2744 1326 2810 ἐνὸς
1349 2747 1437 2810 είς
1475 2745 1805 2814 κατάκριμα
1827 2761 1842 2776 ⁸

257 2835 330 2890 τὸ
377 2835 445 2888 δὲ
499 2834 764 2904 χάρισμα
815 2833 885 2887 ἐκ
929 2833 1178 2888 πολλῶν
1214 2835 1706 2904 παραπτωμάτων
1757 2839 1847 2901 είς

256 2926 572 2996 δικαίωμα.
623 2925 996 2996 ’Υπερϐαίνει,
1029 2927 1214 2996 φησὶν,
1241 2928 1275 2996 ἡ
1313 2927 1414 2997 τῆς
1443 2927 1667 2998 χάριτος
1691 2931 1845 2998 φιλο-

2009 1185 2176 1242 Vtins.
2221 1187 2306 1242 15.
2348 1186 2452 1242 Sed
2480 1204 2584 1242 non
2612 1189 2750 1242 sicut
2799 1188 3072 1252 delictum,
3107 1190 3186 1243 ita
3212 1199 3260 1244 et
3289 1191 3509 1248 donum.

1940 1279 2048 1333 Sed
2067 1279 2377 1348 quomodo?
2402 1278 2462 1333 Si
2478 1281 2616 1333 enim
2633 1282 2786 1334 unius
2805 1281 2998 1335 delicto
3018 1283 3172 1336 multi
3187 1283 3296 1354 58
3314 1285 3510 1337 mortui

1939 1379 2084 1433 sunt,
2117 1369 2284 1422 multo
2309 1371 2478 1438 magis
2508 1373 2683 1438 gratia
2717 1372 2835 1438 Dei,
2886 1382 2934 1426 et
2985 1373 3200 1439 denunt,
3243 1377 3294 1428 in
3337 1377 3514 1446 gratia

1887 1508 1894 1515 .
1941 1461 2102 1514 unius
2133 1461 2365 1514 hominis
2416 1459 2548 1514 Jesu
2605 1461 2809 1516 Christi
2858 1464 2914 1516 in
2973 1464 3150 1531 plures
3205 1466 3514 1521 abundavit.

1943 1552 2139 1618 Poena,
2175 1553 2387 1623 inquit,
2425 1552 2722 1623 irroganda
2783 1553 3047 1610 Dominus
3094 1555 3236 1610 Deus
3293 1558 3520 1626 iustitiae

1945 1645 2117 1715 legem
2147 1645 2407 1709 servavit,
2439 1654 2494 1700 et
2525 1645 2794 1700 Adamum
2853 1656 3174 1717 peccantem
3194 1689 3208 1713 ,
3246 1651 3522 1719 mortique

1943 1739 2230 1805 traditum,
2265 1739 2588 1795 universum
2621 1756 2795 1811 genus
2826 1740 3178 1810 (humanum)
3212 1752 3294 1795 est
3325 1756 3522 1797 consc-

1943 1840 2175 1899 cutum;
2229 1833 2402 1887 multo
2453 1832 2703 1902 proiecto
2751 1833 2962 1903 justius
3017 1832 3111 1887 Dei
3184 1833 3522 1905 benignitate

1937 1923 2215 1994 justitiam
2259 1924 2494 1989 servari,
2523 1932 2578 1978 et
2608 1923 2820 1979 Domini
2853 1924 3059 1980 Christi
3089 1926 3521 1980 resurrectionis

1944 2031 2135 2073 omnes
2182 2015 2437 2071 homines
2489 2028 2613 2072 esse
2662 2016 2979 2088 panticipes.
3012 2018 3290 2071 Hominem
3340 2029 3519 2072 autem

1943 2108 2231 2164 Christum
2283 2109 2575 2164 Dominum
2630 2108 2720 2164 hic
2758 2110 3078 2180 appellavit,
3111 2118 3170 2163 ut
3207 2110 3400 2164 Adami
3433 2121 3521 2180 ty-

1948 2215 2076 2264 pum
2108 2200 2356 2272 perfectc
2384 2201 2701 2257 ostenderet
2729 2220 2741 2256 :
2767 2201 2897 2271 quia
2920 2202 3063 2256 sicut
3088 2201 3198 2255 illic
3223 2217 3319 2271 per
3351 2216 3520 2255 unum

1950 2291 2224 2346 hominem
2267 2305 2438 2356 mors,
2476 2290 2552 2344 ita
2597 2305 2693 2361 per
2745 2305 2915 2345 unum
2977 2289 3256 2345 hominem
3295 2289 3386 2344 hic
3435 2296 3524 2343 est

1948 2382 2144 2438 mortis
2176 2383 2491 2438 dissolutio.

2017 2651 2184 2706 Vens.
2232 2649 2318 2707 l6.
2349 2649 2416 2704 Et
2449 2666 2554 2705 non
2589 2649 2725 2704 sicut
2770 2664 2863 2718 per
2892 2664 3055 2702 unum
3086 2659 3379 2717 peccatum,
3428 2647 3524 2701 (lo—

1948 2758 2116 2796 num:
2165 2757 2289 2795 nam
2335 2741 2604 2810 judicium
2655 2754 2720 2793 ea:
2768 2755 2874 2792 uno
2921 2738 2974 2790 in
3011 2737 3522 2798 condemnationem,

1946 2834 2125 2903 gratia
2151 2841 2330 2886 autem
2361 2847 2427 2886 ea:
2456 2831 2640 2884 multis
2691 2829 2901 2882 delictis
2953 2829 3006 2881 in
3054 2827 3520 2896 justificationesn.

1951 2923 2210 2991 Superat,
2233 2921 2431 2992 inquit,
2457 2923 2646 2991 gratia:
2677 2919 3050 2974 muniﬁcentia
3070 2917 3305 2989 iustitia:
3329 2921 3522 2989 legem.

254 3019 423 3091 τιμία
447 3019 543 3074 τοῦ
569 3018 783 3072 δικαίου
810 3018 901 3072 τὸν
939 3018 1083 3090 ὅρον.
1123 3019 1254 3072 Τότε
1283 3018 1392 3091 γὰρ
1439 3019 1557 3083 ἐνὸς
1594 3022 1844 3091 ἡμαρτη-

1951 3016 2107 3070 Tunc
2155 3016 2335 3080 enim,
2383 3028 2507 3068 cum
2567 3026 2710 3066 unus
2751 3019 3068 3082 peccasset,
3123 3016 3299 3064 totum
3351 3025 3526 3081 genus

255 3111 424 3175 κότος
462 3111 582 3164 ὅλον
609 3110 670 3163 τὸ
693 3109 850 3178 γένος
907 3111 1006 3180 τὴν
1069 3109 1338 3180 τιμωρίαν
1375 3109 1617 3176 ἐδέξατο·
1650 3110 1744 3165 νῦν
1767 3111 1843 3173 δὲ,

1954 3122 2150 3178 ptenas
2187 3107 2329 3160 luit:
2360 3120 2508 3160 nunc
2539 3113 2744 3168 autem,
2789 3117 2914 3158 cum
2949 3116 3142 3157 omnes
3179 3101 3432 3158 homines
3466 3115 3526 3156 se

257 3201 487 3256 πάντων
549 3198 854 3270 ἀνθρώπων
921 3199 1263 3254 ἀσεϐούντων
1319 3217 1376 3253 τε
1453 3201 1546 3254 καὶ
1603 3218 1844 3271 παρανο-

1953 3199 2119 3271 impie
2143 3209 2198 3255 et
2246 3199 2433 3270 inique
2478 3204 2771 3268 gererent,
2826 3210 2937 3252 non
2992 3195 3326 3267 supplicium
3378 3193 3524 3248 irro-

259 3294 534 3367 μούντων,
595 3293 657 3346 οὐ
727 3291 998 3364 τιμωρίαν
1046 3293 1348 3366 ἐπήγαγεν,
1376 3291 1513 3368 ἀλλὰ
1552 3292 1696 3365 ζωὴν
1727 3294 1849 3347 ἐδω-

259 3387 497 3458 ρήσατο.

341 3478 503 3544 ιζ’.Εὶ
529 3479 638 3549 γὰρ
665 3479 744 3544 τῷ
770 3479 874 3534 τοῦ
904 3479 1043 3544 ἑνὸς
1067 3479 1490 3548 παραπτώματι
1519 3480 1551 3532 ό
1592 3477 1847 3545 θάνατος

257 3571 630 3625 ἐϐασίλευσε
658 3569 756 3624 διὰ
786 3570 894 3624 τοῦ
946 3570 1106 3637 ἐνὸς,
1159 3569 1366 3635 πολλῷ
1385 3568 1630 3639 μᾶλλον
1653 3572 1705 3624 οί
1733 3569 1848 3638 τὴν

261 3661 628 3730 περισσείαν
680 3660 792 3729 τῆς
853 3659 1113 3730 χάριτος,
1165 3661 1261 3714 καί
1321 3659 1430 3729 τῆς
1467 3660 1708 3729 δωρεᾶς,
1745 3660 1845 3716 καί

261 3751 381 3820 τῆς
409 3751 801 3821 δικαιοσύνης
829 3751 1259 3823 λαμϐάνοντες,
1291 3753 1361 3807 ἐν
1399 3751 1511 3822 ζωῇ
1551 3754 1846 3818 βασιλεύ-

265 3859 454 3900 σουσι
491 3845 590 3900 διὰ
621 3846 728 3901 τοῦ
781 3846 919 3912 ἐνὸς
967 3845 1172 3914 Ἰησοῦ
1220 3846 1498 3915 Χριστοῦ.
1532 3847 1593 3900 Ei
1629 3846 1686 3899 δὲ
1729 3846 1846 3908 ἐνὸς

265 3936 558 4007 ἀνθρώπου
603 3936 915 4008 παράϐασις
989 3937 1252 4009 ἐκράτυνε
1307 3935 1404 3990 τοῦ
1462 3936 1692 3991 θανάτου
1749 3937 1846 4008 τὴν

265 4029 609 4095 δυναστείαν,
647 4029 696 4082 oi
724 4028 824 4092 τὰς
876 4028 1141 4098 ἀφθόνους
1181 4029 1276 4082 τοῦ
1307 4027 1441 4082 Θεοῦ
1475 4030 1846 4101 τρυγήσαντες

267 4120 502 4192 δωρεὰς,
526 4119 685 4190 δῆλον
739 4121 822 4173 ὅτι
867 4121 1150 4190 κρείττους
1179 4120 1278 4190 μὲν
1309 4119 1522 4174 ἔσονται
1555 4119 1648 4174 τοῦ
1680 4119 1845 4174 θανά-

267 4229 390 4277 του,
417 4215 802 4284 κοινωνήσουσι
829 4211 886 4265 δὲ
927 4211 1004 4282 τῷ
1036 4212 1257 4284 Χριστῷ
1291 4212 1391 4283 τῆς
1421 4212 1726 4285 ἁνωλέθρου
1752 4211 1847 4283 βα·

271 4304 478 4367 σιλείας
507 4305 602 4358 καὶ
630 4304 729 4372 τῆς
763 4304 982 4358 αἰωνίου
1017 4304 1182 4374 ζωῆς.

344 4404 432 4467 ιη’.
465 4392 616 4466 Ἀρα
653 4392 767 4452 οὖν
811 4397 890 4462 ὠς
945 4397 1018 4450 δι’
1069 4395 1208 4462 ἐνὸς
1253 4395 1723 4465 παραπτώματος
1759 4398 1847 4463 είς

1949 3297 2118 3369 gavit,
2144 3295 2241 3351 sed
2276 3294 2438 3349 vitam
2472 3291 2717 3347 donavit.
2785 3344 2811 3366 ο

2018 3476 2186 3532 Vens.
2221 3475 2302 3528 l7.
2331 3474 2391 3529 Si
2415 3473 2554 3527 enim
2585 3471 2743 3525 unius
2777 3469 2972 3524 delicto
3002 3485 3143 3523 mors
3174 3469 3410 3538 regnavit
3435 3483 3528 3536 per

1947 3585 2133 3632 unum,
2167 3567 2338 3621 multo
2374 3565 2544 3635 magis
2598 3563 2787 3633 gratia:
2849 3560 3236 3614 abundantiam
3279 3568 3327 3612 et
3353 3558 3524 3612 dona-

1949 3661 2110 3714 tionis
2139 3667 2187 3713 et
2209 3658 2446 3728 justitite
2480 3654 2824 3724 accipientes,
2858 3654 2915 3706 in
2963 3652 3072 3704 vita
3110 3650 3403 3720 regnabant
3436 3666 3528 3719 per

1948 3768 2110 3806 unum
2165 3749 2352 3805 Jesum
2408 3747 2700 3804 Christum.
2746 3747 2805 3801 Si
2863 3759 2960 3815 per
3013 3758 3184 3798 unum
3246 3742 3522 3797 hominem

1948 3843 2320 3914 transgressio
2351 3843 2546 3898 mortis
2576 3841 2878 3912 potentiam
2913 3839 3279 3905 conﬁrmavit,
3313 3839 3522 3893 clarum

1947 3945 2053 4002 est,
2087 3937 2234 4007 quod
2259 3937 2352 4007 qui
2380 3937 2601 4006 copiosa
2629 3934 2721 3990 Dei
2750 3933 2894 3990 dona
2947 3941 3301 4004 acceperunt,
3352 3932 3524 3986 futuri

1949 4031 2061 4086 sint
2083 4039 2258 4085 morte
2301 4029 2660 4099 potentiores,
2715 4036 2769 4082 et
2823 4043 2945 4083 cum
2980 4027 3204 4082 Christo
3251 4025 3404 4097 regni
3455 4022 3526 4077 ab

1949 4123 2174 4178 interitu
2215 4123 2403 4190 alieni,
2457 4131 2511 4178 et
2547 4121 2670 4176 vita:
2698 4130 2913 4176 aeternae
2947 4119 3264 4190 participes.

2021 4357 2184 4454 (lens.
2230 4384 2316 4439 18.
2357 4383 2534 4454 Igitur
2565 4385 2700 4437 sicut
2726 4396 2818 4449 per
2847 4381 3004 4432 unius
3038 4378 3156 4448 59
3186 4379 3437 4432 delictum
3465 4379 3522 4432 in

270 4487 504 4554 πάντας
544 4489 892 4556 ἀνθρώπους
932 4490 1020 4554 είς
1075 4486 1424 4556 κατάκριμα,
1455 4488 1606 4541 οὕτω
1634 4487 1732 4542 καί
1770 4488 1844 4542 δι’

1952 4479 2391 4538 omnes-homines
2419 4476 2475 4528 in
2501 4472 3014 4536 condemnationem,
3048 4471 3127 4524 ita
3164 4479 3215 4525 et
3243 4486 3336 4540 per
3363 4473 3524 4526 unius

271 4578 409 4644 ἑνός
443 4578 834 4648 δικαιώματος
905 4581 992 4644 είς
1059 4575 1293 4643 πάντας
1348 4577 1699 4644 ἀνθρώπους
1763 4579 1850 4642 είς

271 4669 583 4725 δικαίωσιν
615 4669 781 4738 ζωῆς.
823 4671 913 4742 Μὴ
939 4670 1330 4742 ἀμφιϐάλλετε,
1353 4670 1527 4740 κφησὶ,
1577 4669 1706 4741 περὶ
1742 4669 1849 4722 τῶν

272 4758 403 4831 παρ’
431 4759 569 4831 ἐμοῦ
589 4760 898 4832 λεγομένων
919 4762 998 4824 είς
1023 4761 1112 4816 τὸν
1149 4760 1319 4830 ’Δδὰμ
1344 4758 1763 4823 ἀποϐλέποντες.
1787 4759 1849 4812 El

273 4852 383 4922 γὰρ
409 4853 813 4926 ὲκείναῖὶληθῆ,
835 4852 1024 4924 ὥσπερ
1049 4849 1143 4907 οὖν
1169 4853 1365 4924 ἀληθῆ,
1396 4853 1490 4907 καὶ
1512 4853 1723 4908 ἐκείνου
1748 4870 1851 4906 πα-

277 4942 646 5014 ραϐεϐηκότος
671 4946 791 4999 ὅλον
821 4945 883 4998 τὸ
913 4945 1068 5014 γένος
1113 4945 1328 5010 ἐδέξατο
1359 4943 1451 4998 τοῦ
1497 4944 1726 5000 θανάτου
1756 4945 1850 4999 τὸν

271 5035 417 5104 ὅρον,
454 5034 676 5106 εΰᾶηλον
718 5040 790 5099 ὡς
832 5037 866 5107 ὴ
904 5036 999 5088 τοῦ
1047 5036 1298 5107 Σωτῆρος
1335 5033 1651 5105 δικαιοσύνη
1683 5036 1848 5088 πᾶσιν

274 5126 585 5199 ἀνθρώποις
617 5126 1063 5199 πραγματεύεται
1086 5126 1185 5197 τὴν
1212 5126 1379 5197 ζωήν.
1407 5127 1517 5180 Καὶ
1553 5127 1712 5182 πάλιν
1735 5127 1849 5181 ἐτέ-

276 5235 386 5287 ρως
429 5218 491 5271 τὸ
545 5220 680 5273 αὐτὸ
710 5220 882 5289 λέγει,
945 5217 1382 5274 καταποικίλλων
1421 5217 1514 5270 τὸν
1543 5217 1722 5287 λόγον,
1755 5220 1848 5272 καὶ

275 5308 519 5378 συνεχῶς
546 5309 860 5374 ἀνελίττων,
916 5309 1000 5362 ἵνα
1032 5309 1364 5380 σαφέστερον
1394 5309 1541 5379 ἡμᾶς
1572 5308 1759 5381 διδάξῃ
1787 5309 1848 5361 τὸ

272 5405 372 5472 τῆς
389 5402 701 5472 οἰκονομίας
737 5403 1051 5473 μυστήριον.

346 5495 432 5547 ιθθ.
461 5495 694 5564 Ὥσπερ
731 5496 842 5564 γὰρ
869 5494 966 5549 διὰ
1033 5482 1345 5562 παρακοῆς
1398 5492 1506 5547 τοῦ
1553 5491 1692 5555 ἐνὸς
1741 5492 1844 5546 dr-

274 5585 530 5652 θρώπου,
580 5587 914 5656 ἁμαρτωλοὶ
968 5585 1430 5653 κατεστάθησαν
1481 5587 1536 5638 οἱ
1587 5583 1810 5637 πολλοί
1831 5600 1847 5616 ·

274 5675 427 5736 οὕτω
452 5677 551 5730 καὶ
573 5676 673 5730 διὰ
686 5676 794 5746 τῆς
819 5671 1094 5744 ὑπακοῆς
1108 5674 1215 5728 τοῦ
1235 5674 1392 5742 ἐνὸς,
1421 5673 1636 5729 δίκαιοι
1669 5688 1850 5728 κατα-

285 5768 680 5839 ιταθήσονται
711 5772 766 5823 οί
794 5769 1032 5822 πολιοί.
1071 5764 1339 5838 Ἀκριϐὦς
1383 5763 1612 5819 ἐνταῦθα
1635 5765 1726 5819 καὶ
1757 5767 1849 5821 ἐπὶ

1945 4570 2222 4640 justitiam
2259 4569 2316 4623 in
2342 4582 2522 4623 omnes
2554 4564 2792 4619 homines
2823 4563 2878 4616 in
2901 4561 3342 4632 justiﬁcationem
3381 4563 3521 4616 vim.

1952 4664 2032 4719 Ne
2063 4662 2338 4725 dubitate,
2380 4657 2580 4728 inquit,
2607 4656 2676 4712 de
2700 4655 2772 4712 iis
2805 4669 2934 4726 qua:
2958 4669 2987 4708 a
3028 4669 3115 4710 me
3138 4652 3424 4718 dicuntur,
3455 4652 3524 4705 ad

1955 4754 2226 4808 Adamum
2273 4750 2656 4821 respicientes.
2691 4747 2748 4804 Si
2791 4749 2938 4806 enim
2986 4748 3079 4803 illa
3111 4762 3239 4804 vera
3269 4754 3418 4809 sunt,
3465 4751 3525 4796 ut

1953 4847 2117 4918 plane
2147 4852 2302 4909 sunt,
2348 4852 2402 4899 et
2437 4843 2532 4898 illo
2565 4851 2914 4913 transgresso
2977 4841 3294 4895 universum
3352 4849 3525 4906 genus

1956 4939 2148 4994 mortis
2181 4938 2354 5009 legem
2379 4938 2647 5008 suscepit,
2673 4937 2885 4992 clarum
2918 4941 3005 4989 est
3027 4931 3174 5003 quod
3213 4927 3523 4983 Servatoris

1946 5030 2162 5101 justitia
2193 5030 2361 5084 vitam
2427 5028 2686 5083 omnibus
2744 5023 3404 5102 hominibusprowret.
3459 5015 3522 5070 Et

1951 5137 2150 5178 rursus
2187 5121 2293 5175 hoc
2330 5121 2512 5189 ipsum
2556 5119 2716 5173 aliter
2747 5115 2902 5180 dicit,
2949 5112 3260 5168 orationem
3292 5108 3518 5165 varians

1950 5224 2006 5269 et
2040 5214 2303 5270 continue
2329 5213 2638 5274 revolvens,
2660 5216 2720 5264 ut
2748 5202 3178 5277 dispensationis
3201 5201 3523 5274 mysterium

1951 5322 2052 5364 nos
2080 5307 2326 5377 apertius
2357 5305 2570 5361 doceat.

2025 5482 2192 5536 Vsus.
2224 5480 2312 5536 l9.
2338 5480 2490 5536 Sicut
2521 5479 2660 5535 enim
2690 5494 2784 5548 per
2813 5478 3222 5534 inobedientiam
3257 5478 3413 5533 unius
3435 5475 3531 5529 ho-

1955 5574 2114 5627 minis
2137 5581 2438 5643 peccatores
2463 5569 2732 5626 constituti
2763 5583 2890 5628 sunt
2911 5569 3178 5634 multi,ita
3202 5577 3252 5622 et
3269 5583 3360 5642 per
3379 5566 3536 5621 unius

1954 5664 2303 5723 obedientiam
2347 5664 2486 5734 justi
2534 5663 2926 5721 constituentur
2981 5662 3152 5715 multi.
3180 5659 3395 5720 Exacte
3427 5655 3548 5721 hic,

1955 5765 2007 5816 ct
2038 5758 2096 5816 in
2122 5760 2354 5828 Adamo,
2381 5759 2510 5815 etin
2535 5758 2732 5828 gratia,
2771 5757 2936 5812 multi
2959 5767 3142 5809 vocem
3171 5741 3560 5820 posuitilam
