4074 6176
477 277 584 350 ιοε
1462 269 1950 333 THEODORETI
1992 266 2328 330 nrrscom
2369 268 2734 330 crnnxsxs
3633 275 3740 345 104

475 415 530 458 et
557 402 613 454 in
647 397 757 452 illis
789 392 1096 449 lnrenimus
1130 391 1343 460 aliquos
1382 391 1475 461 qui
1509 406 1540 445 a
1582 389 1889 458 majoribus
1919 403 2046 458 pec-

2151 386 2246 441 τοῦ
2287 388 2476 457 Ἀδὰμ,
2504 389 2598 440 καὶ
2618 388 2708 440 ἐπὶ
2733 387 2832 457 τῆς
2879 387 3124 457 χάριτος,
3156 383 3216 439 τδ
3246 385 3461 440 πολλοὶ
3498 385 3736 447 τέθεικε.

473 489 614 545 catis
662 485 825 540 alieni
876 483 1120 547 fuerunt,
1173 491 1233 536 ut
1283 482 1532 546 Abelem,
1564 489 1620 536 et
1646 479 1954 544 Euochum,
1998 487 2053 533 et

471 579 775 640 Noachum,
797 583 854 629 et
873 572 1392 638 Melchisedechum,
1420 581 1472 626 et
1501 570 1863 642 patriarchas,
1885 579 1938 623 et
1959 582 2053 622 eos

469 672 634 726 etiam
660 667 751 738 qui
787 667 839 720 in
885 666 1001 735 lege
1031 665 1164 718 clari
1196 666 1550 735 insignesque
1599 663 1754 718 luere
1789 680 1804 717 :
1839 669 1894 716 et
1932 668 2054 730 post

469 761 725 833 gratiam,
758 757 916 812 multi
953 757 1120 810 vitam
1171 757 1433 823 injustam
1469 763 1524 810 et
1574 755 1898 811 sceleratam
1940 766 2055 804 am-

471 852 810 922 plectuntur.
839 848 914 902 lta
942 863 1066 902 cum
1100 864 1194 918 per
1215 847 1410 901 Adami
1437 845 1607 900 fatum
1647 844 1845 899 divinze
1870 843 2053 896 incar—

471 942 714 996 nationis
739 955 941 994 causas
966 955 1068 993 nos
1097 940 1402 1002 docuisset,
1436 939 1804 993 incurrentem
1833 935 2053 989 dubita-

471 1035 672 1088 tionem
698 1035 946 1104 opponit,
972 1040 1026 1087 et
1047 1033 1167 1102 ejus
1197 1033 1530 1087 solutionem
1561 1030 1794 1085 inducit.
1815 1027 2054 1083 lncurrit

471 1134 651 1180 autem
696 1141 761 1180 ex
797 1127 861 1179 iis
893 1139 1016 1193 quae
1049 1124 1113 1177 ad
1167 1125 1339 1194 legem
1389 1121 1688 1191 pertinent,
1729 1135 1851 1190 qua:
1909 1119 2055 1174 inter

470 1217 735 1270 Adamum
773 1227 826 1270 et
864 1216 1185 1270 Servatoris
1236 1216 1412 1270 nostri
1459 1215 1756 1270 adventum
1786 1214 1913 1269 data
1946 1220 2049 1268 est.

471 1309 538 1363 Et
567 1309 690 1365 ideo
719 1309 857 1363 dixit
889 1308 1114 1363 divinus
1158 1307 1502 1377 Apostolus:

540 1491 705 1546 Vens.
737 1490 827 1543 ΞΟ.
860 1490 968 1544 Lea:
992 1499 1168 1542 autem
1196 1489 1539 1555 subintravit,
1565 1498 1622 1543 ut
1649 1488 1942 1544 abundaret
1969 1487 2053 1542 de-

468 1584 670 1638 lictum.
711 1581 777 1636 Ut
833 1597 941 1636 non
989 1596 1088 1650 pro
1119 1596 1286 1635 caus:
1318 1582 1519 1650 posuit,
1568 1579 1663 1635 scd
1697 1595 1760 1635 ex
1792 1593 1896 1635 suo
1925 1593 2053 1649 pro-

467 1674 586 1744 prio
611 1674 769 1726 modo
807 1669 1088 1740 loquendi.
1131 1669 1256 1724 Vult
1284 1678 1469 1724 autem
1514 1670 1720 1734 dicere,
1770 1667 1916 1740 quod
1953 1682 2054 1723 nec

467 1766 638 1833 priori
678 1763 897 1833 quidem
959 1771 1206 1832 tempore
1253 1763 1545 1831 reliquerit
1596 1762 1738 1817 Deus
1798 1760 2050 1816 homines

468 1871 566 1909 sua
593 1853 936 1925 providentia
967 1853 1283 1908 ὁιεειίιυιος.
1307 1854 1416 1924 60
1453 1853 1562 1908 Sed
1593 1833 1798 1909 Iudaeis
1821 1852 2046 1923 quidem

468 1945 643 2015 legem
661 1942 835 2005 dedit,
857 1958 952 2012 per
982 1942 1202 1996 illorum
1231 1950 1416 1997 autem
1443 1943 1688 1997 studium
1720 1956 1786 1996 ac
1813 1941 2050 2012 diligen-

465 2035 598 2086 tiam
637 2032 857 2101 pietatis
884 2046 1105 2100 quoque
1137 2031 1322 2086 lumen
1347 2031 1473 2087 aliis
1499 2032 1754 2101 gentibus
1781 2031 2044 2090 ostendit.

465 2124 694 2195 Pt-Opric
743 2130 926 2178 autem
989 2113 1176 2193 posuit
1226 2121 1567 2187 subintravit,
1598 2121 1861 2192 quoniam
1915 2137 2046 2192 pro-

467 2218 645 2281 missi,
705 2216 853 2286 quod
921 2217 1110 2271 datum
1177 2225 1296 2271 erat
1367 2215 1717 2286 patriarchae,
1793 2214 2048 2272 Christus

465 2319 586 2365 erat
626 2309 795 2364 ﬁnis:
843 2327 862 2361 ι
904 2307 960 2363 ιη
1011 2308 1223 2364 semine
1258 2307 1406 2361 enim
1450 2293 1569 2372 tuo,
1599 2305 1798 2377 inquit,
1824 2306 2050 2362 benedi-

464 2409 658 2456 rentur
688 2415 878 2454 oumes
903 2409 1092 2470 gentes
1124 2405 1285 2453 terra:
1314 2406 1376 2453 ".
1421 2417 1439 2449 ι
1479 2397 1628 2452 luter
1673 2397 2048 2452 Abrahamum

463 2501 646 2545 autem
693 2497 748 2544 et
797 2487 1078 2542 Christum
1127 2487 1216 2542 lex
1264 2485 1444 2541 media
1488 2487 1736 2557 ingressa
1782 2493 1885 2542 est.
1924 2486 2050 2541 llaac

464 2591 648 2637 autem
708 2583 959 2636 exactius
1006 2579 1228 2649 quidem
1261 2577 1452 2633 docuit
1505 2587 1789 2648 peccatum
1843 2579 2047 2633 malum

463 2689 636 2730 esse:
681 2673 862 2743 ipsum
911 2683 1092 2726 autem
1141 2685 1498 2742 compescere
1554 2685 1667 2725 non
1720 2671 1921 2742 potuit,
1953 2671 2050 2728 sed

462 2763 632 2818 etiam
670 2764 848 2832 magis
876 2763 1048 2817 auxit.
1091 2760 1215 2828 Quo
1248 2761 1394 2816 enim
1427 2762 1587 2831 plura
1621 2771 1894 2832 praecepta
1922 2761 2050 2818 data

463 2863 615 2922 sunt,
645 2872 710 2911 eo
740 2856 928 2926 plures
957 2854 1432 2926 transgressiones
1466 2852 1712 2909 fuerunt.
1757 2853 1866 2909 Sed
1908 2854 2052 2909 divi-

463 2965 569 3004 nus
604 2948 904 3019 Apostolus
938 2948 1156 3004 brevem
1191 2947 1521 3002 solutionem
1563 2947 1778 3002 intulit:
1815 2946 1914 3002 Ubi
1948 2964 2049 3002 au-

2157 481 2266 534 Καί
2295 479 2404 550 γὰρ
2437 481 2495 531 ἐν
2525 479 2758 542 ἐκείνοις
2787 478 3114 550 εὑρίσκομέν
3139 495 3290 543 τινας
3326 479 3612 550 κρείττους
3625 483 3739 539 τῶν

2158 568 2420 640 μειζόνων
2441 570 2854 641 ἁμαρτημάτων
2875 569 3300 642 γεγενημένους,
3325 571 3402 636 ὡς
3429 573 3523 626 τὸν
3551 573 3736 643 Ἅϐελ,

2155 659 2251 712 καὶ
2287 657 2378 712 τὸν
2416 657 2608 728 Ἑνὼχ,
2643 659 2739 712 καὶ
2794 659 2884 713 τὸν
2933 660 3078 722 Νῶε,
3130 661 3346 714 καὶτὸν
3375 662 3736 734 Μελχισεδὲκ,

2155 750 2397 813 καὶτοὺς
2432 750 2796 820 πατριάρχας,
2843 751 2938 804 καὶ
2985 750 3170 822 μέντοι
3207 752 3302 805 καὶ
3339 753 3466 818 τοὺς
3507 756 3565 808 ἐν
3589 757 3742 831 νόμῳ

2153 841 2565 910 διαλάμψαντας
2585 859 2597 872 ·
2635 843 2731 896 καὶ
2769 842 2908 913 μετά
2942 842 3040 913 τὴν
3084 843 3267 914 χάριν,
3295 844 3404 898 εἰσὶ
3425 845 3612 900 πολλοὶ
3645 849 3738 901 τὸν

2156 933 2475 1003 παράνομον
2504 932 2876 1003 ἀσπαζόμενοι
2927 933 3060 1003 βίον.
3091 934 3279 998 Οὕτως
3314 935 3424 988 ἀπὸ
3455 937 3563 991 τῶν
3593 941 3739 994 κατά

2153 1027 2243 1078 τὸν
2283 1025 2454 1096 Ἀδάμ.
2485 1025 2586 1090 τάς
2613 1026 2792 1090 αἰτίας
2821 1027 2967 1097 ἡμᾶς
3004 1025 3221 1090 διδάξας
3265 1027 3361 1097 τῆς
3405 1026 3556 1092 θείας
3584 1031 3740 1084 ἐναν-

2156 1117 2514 1189 θρωπήσεως,
2545 1118 2608 1171 τὸ
2637 1118 2920 1190 ὑφορμοῦν
2965 1117 3290 1188 ἀντιτίθησι,
3323 1119 3421 1172 καὶ
3444 1120 3543 1191 τὴν
3581 1121 3739 1176 λύσιν

2153 1211 2347 1279 ἐπάγει
2368 1227 2381 1241 ο
2410 1211 2648 1282 ὑφορμεῖ
2677 1211 2734 1265 δὲ
2783 1210 2853 1264 τά
2882 1211 3024 1265 κατά
3061 1211 3150 1265 τδν
3202 1211 3390 1282 νόμον,
3423 1212 3483 1277 ὃς
3531 1215 3737 1285 μεταξὺ

2153 1302 2248 1356 τοῦ
2278 1321 2338 1356 τε
2373 1303 2545 1374 Ἀδὰμ
2565 1305 2658 1357 καὶ
2689 1306 2786 1375 τῆς
2802 1306 2898 1358 τοῦ
2919 1304 3170 1375 Σωτῆρος
3192 1306 3516 1375 ἐπιφανείας
3544 1307 3729 1380 ἐδόθη.

2152 1394 2244 1447 Διὸ
2267 1396 2358 1449 καὶ
2387 1397 2416 1449 ὁ
2439 1395 2582 1458 θεῖος
2623 1395 2942 1460 ’Δπόστολος
2965 1395 3091 1465 ἔφη·

2226 1492 2293 1539 κ’.
2328 1487 2520 1555 Νόμος
2574 1485 2642 1539 δὲ
2701 1486 3131 1556 παρεισῆλθεν,
3178 1489 3278 1542 ἵνα
3316 1487 3634 1560 πλεονάσῃ
3665 1490 3736 1547 τὸ

2155 1577 2541 1646 παράπτωμα.
2565 1579 2640 1631 Τὸ
2676 1578 2731 1632 δέ
2779 1579 2879 1632 ἵνα
2927 1580 3028 1633 οὑκ
3087 1580 3180 1633 ἐπὶ
3231 1581 3410 1646 αίτίας
3468 1583 3735 1650 τέθεικεν,

2155 1668 2294 1721 ἀλλά
2323 1669 2464 1722 κατά
2493 1669 2554 1722 τὺ
2595 1670 2792 1724 οἰκεῖον
2858 1670 3089 1740 ἰδίωμα·
3151 1671 3402 1742 βούλεται
3444 1675 3501 1729 δὲ
3535 1677 3737 1746 εἰπεῖν,

2084 1723 2127 1780 Β
2155 1759 2231 1824 ὼς
2272 1760 2390 1814 οὑδὲ
2436 1762 2574 1815 κατά
2607 1723 2717 1816 τὸν
2768 1723 3078 1833 ἔμπροσθεν

2151 1854 2332 1906 εῐασεν
2363 1855 2391 1906 ὁ
2423 1852 2556 1917 Θεὸς
2602 1855 2728 1917 τοὺς
2781 1854 3139 1924 ἀνθρώπους·
3207 1856 3344 1912 ἀλλά
3391 1857 3591 1913 δέδωκε
3639 1863 3738 1931 μὲν

2163 1945 2441 2009 Ἰουδαίοις
2467 1946 2560 2000 τὸν
2589 1947 2774 2018 νόμον,
2808 1947 2895 2001 διὰ
2927 1949 2982 2001 δὲ
3013 1948 3114 2019 τῆς
3143 1949 3366 2005 ἐκείνων
3397 1952 3734 2022 ἐπιμελείας,

2152 2040 2376 2103 καὶτοῖς
2409 2040 2591 2102 ἄλλοις
2627 2040 2838 2095 ἔθνεσιν
2872 2041 3162 2095 ὑπεδείκνυ
3209 2044 3305 2114 τῆς
3353 2043 3636 2109 εύσεῦείας
3675 2046 3739 2099 τὸ

2150 2132 2288 2201 φῶς.
2323 2131 2543 2203 Κυρίως
2566 2132 2622 2186 δὲ
2646 2133 2705 2186 τὸ
2730 2132 3098 2202 παρεισῆλθε
3123 2134 3390 2201 τέθεικεν,
3423 2137 3610 2208 ἐπειδὴ
3637 2138 3736 2208 τῆς

2148 2223 2227 2294 τῷ
2243 2225 2556 2298 πατριάρχῃ
2598 2225 2846 2296 δοθείσης
2885 2226 3234 2297 ὑποσχέσεως
3265 2230 3294 2282 ὁ
3314 2229 3549 2300 Χριστὸς
3575 2226 3646 2302 ἦν
3675 2230 3737 2285 τὸ

2148 2317 2317 2380 τέλος.
2350 2336 2369 2369 ι
2392 2317 2478 2370 Ἑν
2511 2319 2620 2388 γὰρ
2642 2316 2721 2387 τῷ
2748 2317 3028 2388 σπέρματί
3068 2334 3183 2384 σου,
3217 2323 3403 2392 φησὶν,
3437 2323 3738 2395 εὐλογηθή-

2152 2425 2304 2462 σεται
2333 2408 2512 2462 πάντα
2534 2408 2604 2461 τὰ
2631 2408 2759 2480 ἐθνη
2788 2410 2888 2479 τῆς
2910 2411 3034 2479 γῆς.
3069 2429 3088 2462 ι
3118 2411 3226 2465 Τοῦ
3260 2411 3318 2465 δὲ
3360 2413 3610 2484 ’Λὸραάμ
3640 2414 3738 2468 καὶ

2149 2496 2242 2550 τοῦ
2292 2497 2527 2568 Χριστοῦ
2584 2497 2747 2568 μέσος
2781 2499 3149 2570 παρεισῆλθεν
3198 2503 3227 2555 ὁ
3265 2502 3447 2572 νόμος.
3481 2499 3648 2567 Οὗτος
3677 2504 3735 2558 δὲ

2150 2589 2358 2654 ἐδίδαξε
2414 2589 2512 2660 μὲν
2569 2589 2983 2662 ἀκριϐέστερον,
3040 2593 3124 2646 ὅτι
3176 2594 3344 2647 κακδν
3375 2595 3410 2665 ἡ
3448 2595 3735 2665 ἁμαρτίαο

2151 2680 2358 2736 παῦσαι
2381 2681 2438 2736 δὲ
2465 2682 2669 2753 ταύτην
2691 2684 2792 2736 οὑκ
2827 2683 3069 2754 ἴσχυσεν,
3107 2683 3244 2737 ἀλλὰ
3275 2686 3368 2738 καὶ
3404 2685 3525 2740 λίαν
3561 2683 3738 2755 ἐπηύ-

2152 2772 2333 2842 ξησεν.
2369 2775 2518 2846 Ὂσῳ
2546 2774 2655 2844 γὰρ
2689 2774 2909 2839 πλείους
2941 2775 3204 2848 ἐδόθησαν
3235 2776 3466 2842 ἐντολαὶ,
3498 2777 3739 2849 τοσούτῳ

2150 2865 2370 2928 πλείους
2413 2868 2468 2919 αἰ
2531 2865 2876 2937 παραϐάσεις
2927 2866 3188 2935 ἐγίνοντο,
3237 2867 3375 2921 ἀλλά
3413 2869 3510 2938 τὴν
3533 2866 3736 2921 λύσινό

2150 2955 2290 3020 θεῖος
2323 2957 2646 3021 ’Δπόστολος
2686 2958 2940 3030 ἐπήγαγε
2972 2958 3260 3030 σύντομον
3307 2955 3388 3016 Οὗ
3429 2959 3498 3013 δὲ
3524 2961 3738 3015 ἐπλεό-

464 3052 564 3096 tem
596 3040 882 3095 abundarit
907 3051 1197 3108 peceatum,
1230 3039 1670 3108 superabundavit
1696 3041 1905 3110 gratia:
1927 3039 2046 3106 Dei,

2150 3064 2342 3102 νασεν
2398 3049 2438 3116 ὴ
2499 3049 2774 3118 ἁμαρτία,
2831 3050 3430 3118 ὑπερεπερίσσευσεν
3470 3049 3508 3116 ἠ
3540 3047 3736 3118 χάρις’

463 3133 662 3204 inquit,
705 3134 1080 3188 beneficentiae
1110 3132 1501 3186 detrimentum
1540 3147 1648 3186 non
1693 3132 1913 3200 attulit;
1949 3132 2046 3188 sed

466 3225 742 3294 insignem
778 3224 900 3292 ejus
929 3223 1235 3278 bonitatem
1268 3223 1442 3293 magis
1471 3220 1731 3276 ostendit.

537 3314 703 3370 Vens.
726 3315 816 3369 2i.
851 3313 942 3379 Ut,
965 3315 1101 3368 sicut
1129 3299 1363 3384 reg’navit
1389 3322 1658 3382 peccatum
1686 3329 1778 3381 per
1805 3323 2044 3380 mortem,

462 3408 539 3461 ita
579 3417 628 3461 et
657 3409 836 3477 gratia
867 3415 1041 3476 regnet
1072 3422 1164 3475 per
1190 3405 1487 3474 justitiam,
1526 3406 1579 3459 in
1607 3406 1767 3460 vitam
1794 3414 2048 3460 (etei-nam

459 3515 552 3568 per
605 3497 790 3553 Jesum
838 3498 1113 3554 Christum
1153 3497 1438 3551 Dominum
1472 3505 1732 3552 nostrum.
1767 3495 1866 3551 Hic
1895 3512 2048 3552 com-

463 3593 631 3664 plevit
663 3602 847 3662 caput.
905 3591 1074 3645 Docet
1114 3597 1324 3653 autem,
1377 3589 1524 3660 quod
1561 3589 1707 3644 sicut
1731 3597 2044 3659 peccatum,

462 3686 608 3756 quod
646 3694 875 3742 mortem
911 3685 1144 3755 peperit,
1173 3683 1423 3754 regnavit
1461 3684 1516 3737 in
1557 3684 1885 3740 mortalibus
1923 3698 2049 3738 cor-

465 3779 714 3849 poribus,
742 3777 910 3831 animi
941 3786 1121 3831 motus
1143 3775 1209 3830 ad
1246 3776 1729 3832 itumoderantiam
1763 3777 2001 3832 incitans
2029 3795 2043 3832 :

464 3871 540 3924 ita
585 3870 762 3940 gratia
806 3870 1104 3939 justitiam,
1143 3872 1161 3891 "
1196 3884 1318 3939 quae
1347 3884 1442 3939 per
1473 3869 1635 3925 tidem
1674 3862 1779 3936 est,
1814 3870 2047 3925 creden-

465 3965 611 4020 tibus
639 3964 857 4033 largita,
891 3978 998 4017 non
1042 3963 1208 4017 habet
1247 3978 1478 4034 regnum
1527 3971 1776 4034 tempore
1821 3974 2046 4034 peccato

461 4056 691 4126 aequale,
714 4052 808 4108 sed
839 4063 1127 4117 mternum,
1160 4060 1214 4108 et
1241 4049 1362 4108 sine
1403 4053 1530 4108 line.
1575 4052 1867 4108 Peccatum
1899 4055 2046 4108 enim

462 4150 790 4219 corporibus
815 4149 1144 4217 imperabat,
1171 4164 1364 4203 eorum
1393 4157 1578 4204 autem
1609 4155 1783 4203 morte
1809 4163 1837 4202 a
1875 4164 2048 4218 regno

461 4240 737 4297 cessabat.
778 4257 796 4292 ι
835 4238 939 4305 Qui
968 4239 1114 4295 enim
1156 4249 1410 4295 mortuus
1443 4248 1548 4306 est,
1588 4249 1645 4295 ut
1691 4241 1770 4295 ait
1825 4241 2048 4297 divinus

463 4332 778 4403 Apostolus,
814 4347 842 4386 a
875 4339 1100 4403 peccato
1134 4331 1476 4400 justitlcatus
1519 4341 1603 4388 est
1635 4343 1684 4388 ιι.
1731 4352 1750 4386 ι
1786 4333 1893 4390 Sed
1923 4340 2047 4404 post

2153 3140 2268 3194 Οὐκ
2293 3140 2617 3211 ἐλυμήνατο,
2651 3140 2805 3210 φησὶ,
2833 3143 2900 3211 τῇ
2925 3138 3020 3194 τοῦ
3041 3139 3180 3194 Θεοῦ
3222 3140 3501 3211 φιλοτιμία
3521 3156 3534 3169 ·
3568 3139 3734 3206 ἐδειξε

2150 3229 2205 3283 δὲ
2233 3230 2434 3301 μᾶλλον
2465 3231 2564 3301 τῆς
2589 3229 2928 3299 ἀγαθότητος
2948 3231 3049 3299 τὴν
3075 3230 3405 3303 ὑπερϐολήν.

2222 3329 2325 3376 κα’.
2359 3323 2495 3377 Ἵνα
2548 3319 2750 3389 ὥσπερ
2775 3322 3182 3376 ἐϐασίλευσεν
3220 3323 3258 3390 ἡ
3286 3323 3539 3392 ἁμαρτία
3566 3322 3636 3377 ἐν
3653 3319 3737 3389 τῷ

2151 3412 2386 3481 θανάτῳ
2410 3428 2423 3441 ⁶
2458 3413 2612 3467 οὕτω
2642 3413 2741 3469 καί
2799 3416 2837 3482 ή
2868 3413 3042 3482 χάρις
3089 3415 3437 3481 βασιλεύσῃ
3491 3413 3589 3468 διὰ
3645 3413 3735 3467 δι-

2151 3505 2504 3570 καιοσύνης,
2539 3505 2628 3569 εἰς
2657 3500 2812 3570 ζωὴν
2839 3502 3081 3556 αἰώνιον
3104 3502 3201 3556 διὰ
3245 3502 3438 3570 Ἰησοῦ
3469 3502 3730 3571 Χριστοῦ

2150 3595 2258 3650 τοῦ
2288 3597 2508 3665 Κυρίου
2542 3594 2730 3665 ἡμῶν.
2765 3595 3034 3649 Ἐνταῦθα
3089 3595 3480 3668 συνεπλήρωσε
3543 3595 3603 3650 τὸ
3648 3612 3738 3650 κε-

2151 3687 2397 3758 φάλαιον.
2429 3687 2684 3740 Διδάσκει
2731 3686 2810 3748 δὲ,
2868 3688 2972 3751 ὅτι,
3001 3685 3255 3758 καθάπερ
3286 3688 3318 3758 ὴ
3359 3688 3626 3758 ἁμαρτία,
3656 3703 3738 3740 τε·

2150 3779 2322 3833 κοῦσα
2343 3778 2435 3830 τὸν
2465 3777 2716 3842 θάνατον,
2759 3780 2818 3831 ἐν
2855 3781 2967 3842 τοῖς
3025 3777 3239 3848 θνητοῖς
3280 3779 3596 3833 ἐϐασίλευσε
3628 3781 3735 3836 σώ-

2153 3888 2338 3942 μασιν,
2362 3871 2442 3934 είς
2467 3869 2734 3940 ἀμετρίαν
2766 3869 3143 3940 ἐκκαλουμένη
3169 3869 3235 3922 τὰ
3289 3869 3435 3942 πάθη
3463 3887 3476 3900 ⁶
3505 3869 3675 3948 οὕτως
3701 3874 3735 3944 ἡ

2150 3964 2329 4033 χάρις,
2357 3962 2454 4032 τὴν
2499 3961 2586 4014 διὰ
2644 3961 2884 4026 πίστεως
2915 3961 3262 4033 δικαιοσύνην
3290 3965 3402 4026 τοῖς
3440 3981 3734 4017 πεπιστευ-

2152 4055 2270 4107 κόσι
2295 4052 2683 4124 δωρησαμένη,
2729 4052 2828 4122 οὑχ
2885 4052 3183 4124 ὁμόχρονον
3224 4053 3338 4124 ἔχει
3383 4057 3449 4124 τῇ
3493 4056 3738 4127 ἁμαρτία

2150 4145 2248 4213 τὴν
2279 4142 2578 4213 βασιλείαν,
2601 4143 2714 4196 ἀλλ’
2766 4141 2984 4198 αἰώνιόν
3024 4160 3081 4196 τε
3118 4145 3212 4198 καὶ
3250 4144 3625 4217 ἀτελεύτητον.
3670 4147 3737 4200 Ἡ

2154 4236 2253 4305 μὲν
2300 4235 2407 4306 γὰρ
2461 4236 2686 4306 ἐκράτει
2723 4236 3016 4306 σωμάτων,
3067 4236 3144 4306 τῷ
3191 4237 3248 4290 δέ
3280 4239 3489 4291 τούτων
3519 4237 3736 4309 θανάτῳ

2150 4326 2250 4396 τῆς
2278 4321 2552 4396 βασιλείας
2583 4326 2838 4381 ἐπαύετο.
2869 4347 2887 4378 ι
2913 4327 2971 4380 Ὀ
2993 4328 3102 4399 γάρ
3135 4328 3450 4396 ἀποθανὼν,
3475 4330 3614 4383 κατὰ
3641 4329 3734 4384 τὸν

463 4424 949 4490 resurrectionem,
997 4439 1122 4480 cum
1157 4439 1188 4479 a
1240 4426 1600 4495 corruptione
1652 4425 1829 4482 aliena
1862 4434 1916 4480 et
1945 4425 2048 4480 im-

2153 4418 2293 4473 θεῖον
2325 4419 2670 4487 Ἀπόστολον,
2715 4420 3060 4474 δεδικαίωται
3104 4421 3213 4475 ἀπὸ
3239 4422 3338 4491 τῆς
3379 4422 3673 4493 ἁμαρτίας.
3707 4441 3726 4475 ι

465 4517 716 4572 mortalia
765 4531 999 4586 corpora
1047 4525 1238 4572 nostra
1291 4517 1520 4584 fuerint,
1564 4517 1820 4589 regnabit
1868 4517 1921 4572 in
1961 4517 2044 4572 eis

2153 4511 2309 4566 Μετὰ
2336 4512 2393 4566 δέ
2419 4529 2482 4582 γε
2517 4513 2617 4586 τὴν
2644 4515 2964 4581 ἀνάστασιν,
3001 4513 3297 4586 ἀφθάρτων
3326 4531 3384 4568 τε
3419 4517 3514 4570 καὶ
3529 4513 3734 4569 ἀθανά-

462 4608 657 4677 gratia,
678 4616 904 4678 peccato
928 4607 1143 4662 nullum
1165 4608 1428 4680 deinceps
1453 4609 1633 4664 locum
1655 4608 1760 4681 61
1784 4607 2040 4664 habente.

2151 4622 2258 4660 των
2286 4606 2394 4660 τῶν
2425 4607 2711 4677 ἡμετέρων
2764 4607 3064 4677 γινομένων
3106 4607 3397 4678 σωμάτων,
3434 4609 3648 4681 ήχάρις
3677 4612 3734 4664 ἐν

465 4698 567 4754 Ubi
599 4699 746 4754 enim
797 4697 1246 4766 perturbationes
1296 4700 1469 4755 animi
1528 4701 1894 4766 cessaverint,
1931 4717 2043 4757 non

2151 4697 2333 4762 αὑτοῖς
2369 4697 2702 4768 βασιλεύσει,
2724 4698 2984 4769 οὐδεμίαν
3005 4698 3194 4753 λοιπὸν
3225 4700 3410 4772 χώραν
3433 4700 3533 4770 τῆς
3555 4701 3736 4772 ἀμαρ-

461 4790 738 4846 eritlocus
767 4797 1015 4860 peccato.
1049 4787 1259 4845 Deinde
1291 4805 1488 4847 rursus
1539 4791 1703 4846 aliam
1757 4808 2043 4862 emergen—

2150 4791 2270 4854 τίας
2315 4789 2566 4860 ἐχούσης.
2623 4789 2744 4843 Τῶν
2794 4791 2903 4861 γὰρ
2953 4789 3143 4843 παθῶν
3191 4792 3578 4863 πεπαυμένων,
3633 4794 3734 4864 οὑχ

462 4890 568 4936 tem
608 4879 1006 4936 dubitationem
1056 4881 1339 4952 proponit,
1374 4890 1425 4938 et
1473 4881 1622 4936 nullo
1669 4882 1886 4953 negotio
1924 4884 2042 4937 dis-

2150 4879 2257 4942 ἔξει
2295 4877 2480 4949 χώραν
2514 4880 2547 4948 ἡ
2580 4879 2844 4950 ἁμαρτία.
2873 4874 3007 4933 Εἶτα
3043 4879 3206 4933 πάλιν
3241 4882 3435 4952 ἑτέραν
3458 4882 3734 4954 ἀντίθεσιν

459 4968 639 5024 solvit.
2147 4969 2567 5024 ἀνακύπτουσαν
2599 4972 2691 5024 καὶ
2717 4970 2918 5040 τίθησι,
2947 4973 3044 5024 καὶ
3082 4971 3288 5025 διαλύει
3321 4973 3545 5044 ῥᾳδίως.

1058 5058 1288 5115 CAPUT
1355 5058 1441 5115 VI.

2681 5060 3075 5116 ΚΕΦΛΛΔιυΝ
3113 5064 3201 5131 ς’.

531 5147 696 5208 Vsus.
731 5153 782 5206 1.
817 5151 956 5218 Quia
995 5166 1118 5222 ergo
1155 5152 1428 5207 dicemus?
1455 5151 1782 5206 manebimus
1829 5153 1881 5206 in
1924 5169 2044 5223 pec-

2217 5171 2252 5206 α
2273 5193 2286 5206 .
2321 5154 2383 5208 Τί
2405 5148 2520 5209 οὖν
2550 5153 2843 5224 ἐροῦιιεν;
2882 5156 3285 5227 ἐπιμενοῦμεν
3331 5157 3407 5226 τῇ
3455 5159 3729 5228 ἁμαρτίᾳ,

455 5248 598 5305 cato,
631 5251 686 5295 ut
719 5242 898 5311 gratia
943 5238 1217 5295 abundet?
1247 5240 1434 5294 Absit!
1467 5237 1765 5312 Negatione
1790 5258 1954 5313 quam
1990 5243 2042 5298 id

2150 5242 2248 5300 ἵνα
2276 5245 2315 5314 ἡ
2354 5244 2526 5314 χάρις
2580 5245 2935 5315 πλεονάστυ
2973 5251 3030 5301 Μ
3037 5247 3070 5314 ἡ
3112 5249 3342 5318 γένοιτο
3363 5252 3384 5304 .’
3412 5251 3454 5302 Τ
3458 5256 3490 5322 ᾖ
3522 5251 3733 5318 ἀπαγο-

457 5336 532 5388 sit
560 5331 861 5388 absurdum
887 5332 1152 5386 ostendit.
1191 5330 1305 5387 lloc
1345 5339 1528 5388 autem
1577 5334 1761 5405 posuit
1818 5344 2041 5407 propter

2152 5336 2332 5408 ρεύσει
2360 5336 2421 5389 τὸ
2457 5337 2654 5391 ἀτοπον
2679 5338 2867 5404 ἔδειξε.
2902 5337 3126 5393 Τέθεικε
3150 5341 3207 5395 δέ
3239 5341 3400 5395 τοῦτο
3423 5342 3510 5396 διὰ
3535 5342 3593 5396 τὸ
3629 5342 3731 5412 ἠδη

457 5423 516 5478 id
542 5423 689 5491 quod
717 5421 828 5491 jam
859 5429 986 5477 ante
1009 5422 1215 5478 dictum
1238 5434 1340 5487 est,
1374 5443 1391 5476 ι
1423 5421 1525 5479 Ubi
1565 5427 1866 5484 abundavit
1909 5444 2038 5500 pec-

2150 5428 2587 5500 προειρημένον·
2657 5449 2675 5481 ι
2733 5430 2909 5484 Ὅπου
2966 5431 3294 5488 ἐπλεόνασεν
3355 5435 3387 5505 ἡ
3445 5434 3728 5510 ἁμαρτία,

453 5521 659 5577 catum,
717 5513 1184 5582 superabundavit
1220 5518 1416 5588 gratia.
1460 5536 1478 5570 ο
1545 5517 1667 5574 Non
1725 5520 1805 5576 illi
1855 5529 2037 5578 autem

2154 5521 2742 5592 ὑπερεπερίσσευσενὴ
2776 5523 2957 5596 χάρις.
2989 5544 3004 5576 ι
3039 5526 3154 5580 Οὐκ
3181 5526 3426 5598 ἠρκέσθη
3456 5527 3640 5599 μέντοι
3661 5527 3729 5598 τῇ

509 5706 548 5732 ⁸⁵
588 5705 728 5762 Gen.
754 5719 913 5776 nrt,
951 5721 1006 5782 ι,
1108 5719 1134 5750 ³³
1172 5715 1333 5772 Rom.
1374 5731 1422 5770 νι
1451 5759 1465 5786 ,
1501 5715 1550 5772 7.
