4074 6176
23 1011 32 1178 ἰ

468 193 567 262 107

468 398 670 454 ιιίιὶιιάε
709 411 900 452 rursus
937 394 1086 463 ponit
1126 394 1456 462 exemplum.

519 489 683 542 Vens.
707 485 761 546 9.
787 486 868 539 10.
891 482 1119 539 Scientes
1142 482 1278 554 quod
1300 482 1542 537 Christus
1562 499 1831 553 resurgens
1849 500 1878 535 ιι
1898 498 2040 534 utor-

474 580 570 632 t'tis
593 577 823 648 63jam
850 592 951 630 non
975 575 1220 637 moritur,
1246 589 1387 627 mors
1412 574 1492 627 illi
1514 574 1657 627 ultra
1683 591 1782 628 non
1803 573 2039 627 domina-

469 680 575 722 tur.
601 668 753 734 Quod
785 668 925 722 enim
956 675 1198 721 mortuus
1228 675 1325 726 est,
1347 675 1558 734 peccato
1585 676 1823 719 mortuus
1851 673 1928 719 est
1958 679 2040 718 se-

469 758 605 822 mel;
631 760 767 829 quod
787 767 960 811 autem
989 758 1131 819 vivit,
1153 756 1273 810 vivit
1300 755 1426 809 Deo.
1456 755 1600 811 Satis
1624 772 1720 826 per
1743 757 1857 811 lucc
1877 754 2040 811 verba

467 849 654 904 docuit
701 849 844 920 quod
908 864 1002 903 eos
1050 848 1142 918 qui
1194 847 1543 902 crediderunt
1580 848 1708 902 velit
1755 863 1782 901 a
1818 853 2042 916 peccato

469 939 761 993 abducere.
821 938 1020 1000 Semel,
1077 937 1274 1007 inquit,
1331 948 1579 993 mortuus
1629 947 1712 994 est
1763 937 2040 1002 Christus.

471 1048 571 1087 nec
600 1043 655 1086 ut
690 1033 772 1086 bis
813 1033 1076 1085 moriatur
1109 1032 1223 1086 ﬁeri
1264 1040 1478 1102 potest:
1513 1030 1674 1085 habet
1717 1029 1862 1084 enim
1896 1044 2044 1084 nunc

473 1140 670 1195 corpus
697 1124 1026 1188 immortale,
1057 1131 1109 1178 et
1138 1123 1260 1179 ideo
1301 1138 1469 1177 unum
1502 1121 1666 1177 etiam
1705 1121 2037 1190 baptismum

473 1233 663 1272 Omnes
704 1216 1059 1286 percipimus.
1094 1214 1170 1270 Ne
1200 1216 1361 1269 aliam
1401 1229 1529 1284 ergo
1579 1229 1677 1283 per
1710 1212 2044 1281 baptismum

479 1307 863 1364 remissionem
899 1313 1203 1376 exspectes.
1236 1305 1469 1358 Pulchre
1504 1311 1683 1356 autem
1723 1301 1898 1355 dixit‘
1921 1314 2045 1355 eum

480 1409 755 1455 mortuum
805 1414 928 1454 esse
974 1406 1221 1468 peccato.
1277 1396 1394 1450 Non
1435 1403 1552 1450 erat
1583 1394 1726 1448 enim
1758 1393 1919 1446 morti
1951 1393 2047 1448 ob-

478 1491 711 1556 noxius;
745 1497 1025 1559 peccatum
1077 1489 1221 1542 enim
1267 1501 1375 1539 non
1415 1486 1618 1540 iecerat
1650 1502 1664 1538 :
1700 1483 1796 1539 sed
1827 1492 2049 1554 propter

486 1592 734 1640 nostrum
775 1589 1058 1653 peccatum
1095 1589 1322 1633 mortem
1365 1579 1628 1633 subierat.

553 1671 716 1728 Vens.
748 1647 833 1724 lvi.
869 1669 957 1723 Ita
999 1678 1047 1723 et
1082 1685 1168 1722 vos
1225 1668 1520 1721 existimate
1571 1682 1658 1720 vos
1705 1681 1816 1718 esse
1841 1665 2050 1734 quidem
2083 1647 2124 1702 Β

475 1773 686 1832 precata
713 1772 974 1825 mortuos,
1001 1761 1220 1814 virentes
1243 1769 1416 1812 autem
1449 1757 1551 1810 Deo
1579 1758 1631 1810 in
1660 1754 1870 1810 Christo
1899 1756 2049 1810 Jesu.

483 1858 542 1908 Et
572 1872 665 1910 vos
698 1856 882 1924 itaque
916 1854 970 1906 in
1007 1851 1216 1922 peccati
1253 1850 1470 1920 quidem
1493 1849 1811 1918 operatione
1833 1856 2048 1902 mortua

481 1965 602 2004 esse
647 1947 892 2002 membra
933 1952 1114 2000 vestra
1143 1943 1416 1997 ostendite
1463 1959 1477 1995 :
1526 1942 1691 1996 vitam
1738 1949 1921 1995 autem
1961 1957 2050 1996 se-

481 2038 723 2092 cundum
756 2037 1035 2089 Christum
1074 2032 1490 2104 amplectimini,
1544 2048 1640 2101 per
1687 2046 1850 2101 quam
1882 2033 2052 2086 vitam

485 2128 848 2184 immortalem
884 2124 1314 2194 consequemini.
1347 2122 1572 2193 Oportet
1600 2124 1780 2192 itaque
1807 2139 1907 2179 nos
1931 2124 2055 2178 huic

485 2218 748 2273 doctrina:
789 2227 1026 2272 mentem
1067 2215 1356 2276 adhibere.
1389 2221 1443 2268 et
1476 2215 1683 2284 peccati
1718 2214 1937 2284 quidem
1970 2216 2056 2269 in-

485 2315 658 2370 sidias
689 2315 899 2384 fugere,
947 2311 1228 2366 Christum
1288 2319 1491 2372 autem,
1528 2309 1618 2379 qui
1655 2324 1757 2362 nos
1799 2309 2056 2371 servavit,

484 2406 553 2460 ad
581 2406 852 2461 auxilium
893 2419 1121 2459 vocare.
1148 2401 1434 2456 lnvocatus
1464 2401 1608 2454 enim
1638 2410 1836 2470 praesto
1864 2399 2059 2465 aderit,

483 2506 537 2552 et
559 2513 712 2554 suam
746 2497 912 2551 nobis
943 2511 1098 2565 opem
1133 2493 1394 2564 praebebit
1423 2511 1436 2546 :
1467 2507 1590 2546 cum
1618 2507 1727 2560 quo
1759 2491 1902 2544 Patri
1933 2505 2059 2544 cum

491 2595 684 2647 sancto
731 2586 938 2658 Spiritu
989 2585 1163 2656 gloria
1214 2583 1492 2646 convenit,
1523 2593 1576 2636 et
1605 2582 1887 2651 majestas,
1913 2595 2060 2636 nunc

482 2689 540 2735 et
568 2694 806 2750 sempcr,
832 2687 882 2733 ct
917 2678 974 2732 in
1006 2676 1202 2732 saecula
1243 2675 1593 2730 sawulorum.
1619 2673 1811 2727 Amen.

977 2921 1216 2980 TOMUS
1245 2921 1567 2978 TERTIUS.

566 3035 728 3094 Vsus.
760 3035 960 3100 12.Ᾱέ
989 3054 1109 3108 ergo
1145 3045 1315 3106 regnet
1360 3043 1628 3104 peccatum
1658 3034 1711 3088 in
1738 3033 1954 3088 mortali
1981 3049 2063 3088 re-

493 3140 602 3185 sfro
630 3145 866 3197 corpore,
897 3138 952 3181 ut
980 3128 1234 3182 obediatis
1272 3127 1701 3194 concupiscentiis
1739 3125 1888 3196 ejus._

573 3221 821 3292 ltegnum
859 3223 912 3274 in
945 3221 1049 3274 hoc
1099 3218 1284 3273 diliert
1329 3217 1442 3296 64
1488 3233 1517 3271 a
1561 3219 1869 3289 tyrannide,
1919 3215 2066 3287 quod

493 3315 724 3368 exsistat
757 3312 977 3382 quidem
1012 3311 1261 3383 tyrannis
1297 3310 1484 3365 invitis
1516 3311 1802 3379 subjectis,
1835 3325 2066 3379 regnum

499 3414 702 3468 autem,
752 3405 819 3472 iis
871 3401 1183 3457 volentibus
1232 3401 1437 3471 quibus
1485 3401 1806 3470 imperatur.
1863 3399 2070 3454 Suadet

493 3508 624 3564 ergo
655 3509 723 3548 ne
770 3494 977 3564 peccati
1028 3491 1329 3546 dominatui
1379 3492 1618 3560 amplius
1652 3491 2018 3546 assentiamur
2052 3508 2065 3544 :

495 3583 760 3639 Dominus
774 3583 942 3648 enim,
961 3582 1198 3636 humana
1223 3595 1390 3636 carne
1412 3591 1692 3652 suscepta,
1708 3583 1826 3651 ejus
1843 3597 2069 3652 regnum

494 3678 736 3742 evertit,
780 3684 876 3740 et,
909 3669 966 3730 ut
1009 3674 1104 3745 qui
1152 3676 1482 3731 mortalibus
1529 3683 1584 3730 et
1626 3675 1804 3729 adhuc
1850 3675 2072 3745 patibile

497 3783 702 3837 corpus
765 3765 1094 3820 habentlbus
1134 3766 1278 3835 leges
1326 3764 1529 3830 ferret,
1575 3781 1639 3821 ea
1686 3768 1900 3832 statuit,
1951 3779 2073 3834 quae

505 3860 720 3913 illorum
742 3857 1103 3913 imbecillitati
1126 3865 1455 3927 congruant,
1487 3866 1541 3912 et
1570 3874 1678 3912 non
1710 3857 1868 3923 dicit,
1893 3873 1961 3912 ne
1986 3864 2070 3927 ty-

502 3949 788 4006 rannidem
829 3958 1083 4005 exerceat
1110 3959 1420 4020 peccatum,
1453 3950 1548 4005 sed
1602 3966 1666 4004 ne
1700 3959 1895 4018 regnet.
1932 3947 2073 4002 lllud

497 4041 642 4094 enim
675 4040 823 4094 illius
860 4049 943 4094 est
971 4043 1282 4110 preprium,
1313 4040 1417 4094 hoc
1451 4054 1578 4094 vero
1621 4047 1820 4094 nostra:
1849 4039 2071 4096 mentis.

401 4202 407 4210 _
499 4135 681 4190 Animi
707 4134 853 4190 enim
881 4135 1355 4204 perturbationum
1386 4143 1568 4186 motus
1596 4142 1652 4186 et
1682 4132 1893 4186 vexatio
1933 4131 2075 4187 inest

502 4226 661 4283 nobis
716 4235 942 4291 natura;
977 4240 1167 4280 eorum
1218 4233 1400 4279 autem
1457 4239 1576 4292 qua:
1621 4224 1893 4294 prohibita
1945 4230 2074 4280 sunt

1441 188 1924 250 THEODORETI
1963 182 2300 246 EPISCOPI
2339 180 2700 245 CYRENSIS

466 323 587 365 εσσε
619 313 884 372 mortuos,
915 310 1237 373 exspectare
1291 309 1471 357 autem
1549 301 2028 359 resurrectionem.

2163 302 2247 375 ῖίᾳ,
2277 301 2604 373 προσμένειν
2660 295 2716 350 δὲ

3600 173 3706 238 108

2778 293 2873 363 τὴν
2930 289 3242 345 ἀνάστασιν.
3294 281 3424 342 Εἶτα
3459 283 3618 344 πάλιν
3648 291 3711 346 τὸ

2142 393 2490 464 παράδειγμα
2515 389 2748 459 τίθησιν.

2212 482 2278 546 θ’,
2311 490 2362 536 ι’.
2398 481 2635 545 Ειδότες
2676 478 2764 532 ὅτι
2795 475 3047 544 Χριστὸς
3063 470 3324 541 ἐγερθεὶς
3360 470 3428 525 ἐκ
3462 471 3713 540 rauim,

2139 573 2335 629 οὐκέτι
2351 571 2740 637 ἀποθνήσκει,
2759 568 3008 631 θάνατος
3023 564 3209 619 αὐτοῦ
3226 562 3420 618 οὐκέτι
3434 564 3713 631 κυριεύει.

2145 667 2216 718 '0
2245 663 2355 733 γὰρ
2383 661 2663 723 ἀπέθανε,
2695 658 2766 726 τῇ
2798 658 3052 728 ἁμαρτίᾳ
3086 652 3386 708 ἀπέθανεν
3437 652 3678 722 ἐφάπαξ
3700 669 3712 682 ο

2141 756 2172 811 ὃ
2203 755 2272 808 δὲ
2299 753 2388 824 ζῇ,
2417 752 2483 822 ζῇ
2534 751 2612 817 τῷ
2665 749 2806 815 Θεῷ.
2851 747 3074 812 Ἰκανῶς
3113 746 3202 799 διὰ
3257 744 3460 798 τούτων
3508 742 3716 809 ἐδίδαξε

2141 846 2248 901 τῶν
2280 846 2560 918 ῥημάτων,
2596 843 2690 912 τῆς
2739 839 3007 911 ἁμαρτίας
3050 834 3358 906 ἀποστῆσαι
3401 836 3525 898 τοὺς
3558 851 3720 887 πεπι-

2146 939 2442 1001 στευκότας
2497 933 2840 1007 βουλόμενος.
2875 928 3081 996 Ἀπαξ,
3148 929 3337 999 φησὶν,
3382 927 3652 980 ἀπέθανεν
3691 928 3723 980 δ

2145 1027 2515 1100 Χριστὸς,καὶ
2565 1026 2646 1089 δἰς
2705 1023 2864 1077 αὐτὸν
2913 1021 3204 1076 ἀποθανεῖν
3251 1017 3360 1072 τῶν
3405 1017 3718 1072 ἀδυνάτων·

2146 1122 2410 1175 ἀθάνατον
2439 1119 2546 1190 γὰρ
2573 1117 2667 1171 νῦν
2725 1116 2836 1186 ἔχει
2884 1114 2945 1167 τὺ
2975 1112 3153 1182 σῶμα.
3188 1112 3287 1164 Διά
3323 1127 3407 1163 τοι
3442 1108 3602 1162 τοῦτο
3625 1109 3721 1163 καὶ

2147 1215 2266 1276 ἑνὸς
2332 1213 2703 1283 βαπτίσματος
2741 1208 2978 1268 ἅπαντες
3023 1203 3386 1272 ἀπολαύομεν.
3421 1201 3512 1272 Μὴ
3541 1202 3722 1254 τοίνυν

2149 1305 2343 1375 ἑτέραν
2377 1300 2675 1372 άναμείνης
2705 1297 2795 1351 διὰ
2817 1296 2911 1350 τοῦ
2961 1294 3335 1365 βαπτίσματος
3362 1292 3576 1358 ἄφεσιν.
3613 1293 3724 1344 Ka-

2147 1395 2255 1459 λῶς
2283 1394 2340 1448 δὲ
2361 1395 2428 1463 τῇ
2460 1390 2701 1461 ἁμαρτίᾳ
2746 1387 2907 1442 αὑτὸν
2934 1386 3034 1454 ἔφη
3080 1383 3350 1437 τεθνάναι.
3383 1383 3458 1434 Οὐ
3487 1381 3597 1452 γάρ
3623 1382 3726 1434 ὑπ-

2150 1485 2328 1538 έκειτο
2381 1482 2627 1550 θανάτῳ·
2670 1476 2945 1548 ἁμαρτίαν
2981 1473 3090 1543 γάρ
3122 1473 3222 1526 οὐκ
3260 1471 3546 1540 ἐποίησεν⁸
3588 1467 3726 1522 ἀλλά

2151 1576 2238 1630 διὰ
2259 1574 2357 1646 τὴν
2382 1571 2654 1642 ἡμετέραν
2703 1567 2978 1638 ἁμαρτίαν
3004 1565 3094 1617 τὸν
3125 1563 3350 1617 θάνατον
3381 1558 3726 1623 κατεδέξατο.

2227 1672 2315 1720 ια’.
2353 1664 2515 1717 Οὕτω
2547 1660 2643 1714 καὶ
2667 1658 2833 1729 ὑμεῖς
2865 1655 3169 1724 λογίζεσθε
3199 1652 3447 1717 ἑαυτοὺς
3475 1652 3728 1719 νεκροὺς

2146 1757 2262 1827 μὲν
2279 1753 2430 1809 εἶναι
2463 1753 2534 1820 τῇ
2555 1751 2826 1821 ἁμαρτίᾳ.
2847 1747 3064 1810 ζῶντας
3087 1745 3152 1797 δὲ
3173 1744 3251 1810 τῷ
3267 1742 3387 1809 Θεῷ
3404 1744 3474 1797 ἐν
3499 1742 3730 1812 Χριστῷ

2166 1845 2387 1912 Ἰησοῦ.
2424 1842 2533 1896 Καὶ
2589 1842 2743 1910 ὑμεῖς
2804 1837 3003 1899 τοίνυν,
3054 1837 3120 1905 τῇ
3176 1835 3274 1904 μὲν
3334 1832 3582 1903 ἐνεργείᾳ
3627 1833 3727 1900 τῆς

2156 1936 2426 2008 ἁμαρτίας
2460 1933 2625 2003 νεκρὰ
2653 1931 2861 1997 δείξατε
2877 1929 2943 1981 τὰ
2960 1929 3200 1998 ὑμέτερα
3219 1925 3378 1995 μέλη,
3394 1924 3492 1996 τὴν
3509 1923 3563 1976 δὲ
3588 1925 3731 1976 κατά

2154 2027 2389 2098 Χριστὸν
2416 2022 2732 2078 ἀσπάσασθε
2763 2019 2967 2090 βιοτὴν,
2986 2018 3050 2071 δι’
3081 2012 3147 2086 ἧς
3177 2013 3430 2078 τεύξεσθε
3476 2013 3574 2082 τῆς
3595 2011 3729 2065 ἀθα-

2156 2121 2314 2172 νάτου
2350 2116 2514 2186 ζωῆς.
2548 2113 2734 2184 Ταύτη
2759 2111 3045 2182 προσέχειν
3083 2109 3325 2167 ἃπαντας
3353 2105 3502 2174 ἡμᾶς
3550 2106 3616 2173 τῇ
3652 2103 3731 2155 δι-

2156 2209 2420 2279 δασκαλίᾳ
2448 2210 2733 2278 προσήκει,
2777 2203 2870 2256 καὶ
2913 2199 3135 2270 φεύγειν
3163 2198 3264 2268 μὲν
3287 2197 3385 2259 τὰς
3410 2197 3508 2265 τῆς
3547 2191 3731 2265 ἀμαρ-

2157 2298 2277 2360 τίας
2309 2294 2622 2355 ἐπιϐουλὰς,
2677 2292 2863 2345 καλεῖν
2890 2291 2946 2343 δὲ
2977 2291 3055 2352 είς
3101 2287 3422 2357 ἐπικουρίαν
3455 2285 3732 2338 σεσωκότα

2159 2388 2412 2458 Χριστόν.
2457 2386 2832 2452 Ἐπιιρανεῖται
2872 2383 2984 2452 γὰρ
3025 2379 3379 2448 καλούμενος,
3409 2380 3503 2431 καὶ
3528 2378 3627 2446 τὴν
3655 2377 3732 2429 oi-

2160 2480 2314 2533 κείαν
2343 2480 2472 2547 ἡμῖν
2537 2476 2712 2546 ὀρέξει
2769 2475 2973 2545 ροπήψ
3030 2471 3147 2542 μεθ’
3193 2467 3252 2525 οὗ
3298 2469 3374 2538 τῷ
3413 2469 3587 2538 Πατρὶ
3633 2469 3736 2520 σὺν

2159 2571 2238 2641 τῷ
2261 2567 2510 2638 παναγίῳ
2541 2566 2821 2635 Πνεύματι
2859 2565 2984 2630 δόξα
3017 2563 3216 2634 πρέπει
3267 2562 3358 2614 καὶ
3391 2558 3734 2631 μεγαλοπρέ-

2162 2679 2315 2726 πεια,
2377 2659 2470 2715 νῦν
2533 2660 2628 2712 καὶ
2673 2656 2763 2711 ἀεὶ
2808 2658 2886 2720 εἰς
2935 2657 3062 2719 τοὺς
3123 2653 3320 2716 αἰῶνας
3357 2651 3464 2705 τῶν
3496 2649 3734 2704 αἰώνων.

2161 2752 2358 2827 Ἀμήν.

2684 2927 2916 2981 ΤΟΜΟΣ
2970 2925 3234 2978 ΤΡΙΤΟΣ.

2239 3042 2324 3116 ιβ’.
2354 3043 2448 3111 Μὴ
2466 3037 2579 3097 οὖν
2599 3040 2978 3106 ,βασιλευέτω
3009 3042 3044 3107 ἡ
3073 3039 3324 3107 ἁμαρτία
3353 3038 3421 3090 ἐν
3442 3036 3518 3101 τῷ
3546 3035 3740 3102 θνητῷ

2167 3134 2334 3205 ὑμῶν
2357 3133 2599 3202 σώματι,
2623 3135 2710 3197 είς
2737 3131 2804 3184 τὸ
2823 3131 3150 3185 ὑπακούειν
3183 3128 3336 3196 αὐτῇ
3364 3129 3432 3181 ἐνν
3463 3127 3589 3192 ταῖς
3609 3127 3738 3179 ἐπιο

2167 3228 2410 3298 θυμίαις
2439 3224 2626 3291 αὐτῆς
2684 3224 2749 3276 δ’.
2804 3223 3061 3276 Βασιλεία
3133 3221 3445 3294 τυραννίδος
3495 3219 3739 3290 διαφέρει

2169 3319 2360 3390 ταύτῃ,
2391 3316 2465 3386 τῷ
2500 3316 2597 3386 τὴν
2635 3315 2732 3385 μὲν
2760 3313 3051 3386 τυραννίδα
3087 3313 3326 3367 ἀκόντων
3354 3311 3599 3380 γίνεσθαι
3629 3308 3741 3363 τῶν

2170 3411 2446 3484 ὑπηκόων,
2477 3409 2578 3479 τὴν
2627 3407 2685 3460 δὲ
2741 3406 3017 3478 βασιλείαν
3075 3404 3412 3476 βουλομένων
3444 3403 3552 3456 τῶν
3583 3404 3742 3474 ἀρχοο

2173 3510 2366 3583 μένων.
2400 3507 2664 3576 Παραινεί
2678 3503 2878 3567 τοίνυν,
2905 3498 3403 3571 μηκέτιδυναστείο⁴
3425 3498 3522 3565 τῆς
3556 3497 3737 3565 ἀμαρ-

2169 3600 2292 3662 τίας
2345 3595 2726 3651 συντίθεσθαι·
2784 3591 3045 3645 κατέλυσε
3106 3589 3216 3660 γὰρ
3249 3587 3416 3657 αὐτῆς
3453 3586 3550 3656 τὴν
3595 3584 3741 3655 βασι-

2169 3687 2320 3740 λείαν
2346 3688 2374 3740 ὁ
2404 3684 2678 3752 Δεσπότης
2701 3680 3127 3751 ὲνανθρωπήσας
3150 3693 3162 3706 ’
3197 3677 3290 3730 καὶ
3315 3676 3407 3728 άτε
3434 3674 3498 3744 δὴ
3529 3673 3742 3742 θνητοῖς

2172 3778 2250 3831 ἔτι
2279 3778 2372 3830 καὶ
2401 3774 2638 3846 παθητὸν
2671 3773 2853 3843 έχουσι
2881 3773 3038 3841 σῶμα
3079 3767 3404 3839 νομοθετῶν,
3454 3766 3746 3837 σύμμετρα

2171 3872 2240 3940 τῇ
2262 3869 2514 3939 ἀσθενείᾳ
2538 3867 2836 3938 νομοθετεῖ.
2871 3863 2983 3917 Καὶ
3011 3861 3072 3916 ού
3100 3861 3270 3929 λέγει,
3295 3859 3392 3930 Μὴ
3410 3857 3745 3929 τυραννείτω

2178 3958 2212 4027 ἡ
2239 3956 2506 4027 ἁμαρτία,
2525 3953 2799 4021 ἀλλά,Μὴ
2828 3950 3225 4018 βασιλευέτω.
3258 3951 3330 4003 Τὸ
3363 3949 3460 4019 μὲν
3479 3949 3584 4018 γὰρ
3613 3949 3744 4001 [διον

2175 4048 2410 4116 ἐκείνης,
2451 4047 2512 4100 τὸ
2562 4046 2618 4099 δὲ
2662 4045 2762 4116 τῆς
2821 4044 3095 4115 ἡμετέρας
3133 4042 3376 4112 γνώμης.
3427 4043 3488 4094 Ἡ
3519 4042 3746 4110 μὲνγὰρ

2172 4137 2280 4192 τῶν
2315 4138 2650 4209 παθημάτων
2713 4137 2926 4206 κίνησίς
2980 4152 3039 4188 τε
3093 4135 3185 4188 καὶ
3213 4134 3492 4204 ἐνόχλησις
3518 4135 3563 4165 ⁵⁸
3603 4134 3746 4186 κατά

2177 4227 2336 4296 φύσιν
2367 4230 2496 4297 ἡμῖν
2527 4226 2797 4295 ἐγγίνεται
2819 4243 2832 4256 ·
2855 4225 2963 4278 τῶν
2993 4225 3048 4276 δὲ
3069 4224 3452 4295 ἀπειρημένων
3482 4225 3516 4294 η
3548 4224 3748 4294 πρᾶξις

502 4319 649 4374 actio
684 4332 712 4371 a
741 4325 928 4372 nostra
959 4327 1140 4373 mente
1175 4316 1396 4388 pendet.
1423 4313 1676 4371 Ostendit
1699 4323 1878 4370 autem
1906 4316 2061 4370 etiam

2181 4321 2279 4389 τῆς
2308 4318 2532 4388 γνώμης
2564 4319 2878 4388 ἐξήρτηται.
2918 4315 3126 4382 Ἐδειξε
3151 4315 3207 4368 δὲ
3244 4317 3336 4368 καὶ
3369 4315 3462 4368 τοῦ
3507 4316 3747 4385 πολέμου

500 4411 701 4466 bellum
722 4425 830 4464 non
849 4410 1173 4464 diuturnum
1205 4409 1476 4470 futurum,
1501 4421 1699 4476 corpus
1721 4406 1947 4460 mortale
1976 4421 2072 4475 apo

503 4503 731 4572 pellans.
766 4499 877 4555 lloc
906 4501 1052 4555 enim
1089 4501 1179 4554 ubi
1216 4499 1414 4554 mortis
1446 4498 1743 4552 terminum
1777 4495 2069 4565 acceperit,

503 4600 684 4647 cessat
716 4592 881 4646 etiam
919 4590 1087 4644 animi
1120 4589 1593 4660 perturbationum
1629 4585 1888 4641 insttltus.
1913 4583 2074 4641 Jubet

503 4699 634 4754 ergo
673 4700 773 4739 nos
818 4697 926 4736 non
961 4681 1182 4751 quidem
1220 4683 1411 4736 tollere
1451 4680 1660 4751 peccati
1694 4679 2066 4752 tyrannidem,

504 4775 600 4831 sed
623 4776 670 4831 ei
696 4791 802 4830 non
826 4773 1019 4830 cedere
1043 4772 1336 4828 immodice
1367 4772 1686 4827 accendenti
1711 4772 2073 4843 appetitiones

505 4872 523 4890 '
537 4869 810 4937 corporis.

574 4962 593 4983 '
624 4958 785 5015 Vsus.
820 4958 907 5013 i3.
943 4954 1124 5024 Neque
1151 4956 1437 5011 exhibeatis
1466 4954 1699 5009 membra
1728 4963 1900 5009 vestra
1928 4970 2080 5008 arma

504 5052 802 5121 iniquitatis
834 5061 1067 5119 peccato.
1107 5050 1241 5104 Cum
1282 5049 1434 5119 regni
1468 5048 1802 5102 mentionem
1836 5045 2078 5111 fecisset,

505 5143 628 5212 ejus
647 5158 870 5214 quoque
900 5149 1235 5196 armaturam
1275 5149 1642 5210 congruenter
1675 5138 1942 5204 ostendit,
1983 5154 2081 5209 pa-

506 5233 801 5304 randaque
840 5231 1084 5288 victoriae
1139 5230 1407 5285 rationem
1474 5244 1577 5284 nos
1631 5228 1841 5283 docuit.
1895 5227 2080 5284 Armis

504 5325 650 5379 cnim
683 5332 969 5395 peccatum
999 5323 1205 5378 nostris
1235 5322 1501 5377 adversus
1539 5336 1639 5378 nos
1668 5320 1931 5376 membris
1967 5319 2078 5375 uti-

574 5579 618 5612 ”
640 5581 680 5632 Β
699 5579 899 5637 αὐτῶν.
1006 5583 1052 5616 ⁸⁸
1082 5579 1310 5634 ΟΕςυηι.
1344 5577 1583 5648 δχλησις.

2180 4412 2242 4464 τὸ
2292 4413 2650 4481 πρόσκαιρον,
2708 4411 2900 4482 θνητὸν
2955 4409 3017 4463 τὸ
3065 4409 3224 4479 σῶμα
3278 4409 3746 4479 προσαγορεύσας.

2181 4503 2385 4557 Τούτου
2415 4506 2522 4574 γὰρ
2551 4502 2843 4574 δεξαμένου
2874 4501 2966 4555 τοῦ
3013 4500 3243 4555 θανάτου
3282 4500 3373 4552 τὸν
3400 4501 3543 4569 ὅρον,
3577 4498 3750 4551 παύεο

2179 4615 2270 4652 ται
2300 4597 2394 4652 καὶ
2422 4597 2530 4650 τῶν
2560 4595 2898 4667 μαθημάτων
2927 4595 2961 4663 ἡ
2990 4592 3282 4663 προσϐολή.
3317 4591 3540 4644 Κελεύει
3571 4591 3751 4643 τοίνυν

2182 4691 2335 4762 ἡμῖν,
2361 4690 2421 4742 ού
2454 4688 2649 4742 παύειν
2693 4687 2793 4756 τῆς
2842 4685 3115 4756 ἁμαρτίας
3149 4686 3248 4754 τὴν
3277 4683 3584 4752 τυραννίδα,
3616 4683 3752 4735 ά).λά

2184 4782 2259 4851 μὴ
2283 4779 2577 4833 ὑπακούειν
2609 4780 2743 4849 αὐτῇ
2778 4777 3030 4849 ἀμέτρως
3067 4777 3374 4849 έξαπτούσῃ
3406 4775 3505 4839 τὰς
3543 4774 3750 4847 ὀρέξεις

2180 4870 2274 4923 τοῦ
2296 4868 2567 4939 σώματος.

2257 4966 2344 5028 ιγ’.
2379 4958 2543 5026 Μηδέ
2606 4957 3001 5027 παριστάνετε
3065 4959 3137 5013 τὰ
3174 4958 3330 5028 μέλη
3386 4957 3552 5027 ὑμῶν
3595 4958 3752 5011 ὅπλα

2182 5051 2419 5116 ἀδικίας
2446 5050 2517 5119 τῇ
2544 5053 2814 5120 ἁμαρτίᾳ.
2842 5053 3126 5116 Βασιλείας
3159 5052 3559 5122 μνημονεύσας,
3580 5053 3754 5118 ἀναγ-

2185 5143 2354 5205 καίως
2380 5145 2474 5196 καὶ
2498 5142 2596 5213 τὴν
2614 5143 2816 5213 ταύτης
2874 5143 3038 5208 ἔδειξε
3066 5144 3386 5208 πανοπλίαν,
3419 5144 3512 5197 καὶ
3543 5144 3634 5196 τὸν
3658 5146 3756 5211 τῆς

2183 5233 2337 5302 νίκης
2363 5235 2509 5303 ἡμᾶς
2541 5233 2886 5298 ἐξεπαίδευσέ
2939 5234 3158 5304 τρόπον.
3192 5235 3416 5298 ὐπλοις
3469 5236 3580 5306 γάρ
3635 5235 3756 5288 καθ’

2181 5323 2654 5397 ἡμῶνὴἀμαρτία
2709 5328 2819 5389 τοῖς
2876 5326 3161 5397 ἡμετέροις
3202 5326 3464 5398 κέχρηται
3511 5324 3751 5396 μέλεσιν.

1812 5483 2048 5543 VARIE
2090 5483 2492 5542 LECTIONES.
