4074 6176
271 264 368 329 ῙὉ9

1078 262 1689 327 INTERPRETAT-IO
1729 262 1962 321 EPIST.
2005 261 2103 320 AD
2143 261 2322 320 ROM.
2363 261 2518 321 CAP.
2559 260 2658 319 VI.

3403 258 3502 325 ll’)

281 367 462 424 nua:
488 368 912 436 παραστήσατε
953 370 1204 436 ἑαυτοὺς
1258 369 1338 435 τῷ
1369 369 1508 435 Θεῷ,
1539 370 1618 435 ὡς
1639 370 1705 422 ἐκ
1738 384 1831 420 νει
1864 408 1870 430 ι

1950 384 2043 421 .ur.
2078 367 2177 422 Sed
2199 367 2430 422 exhibete
2456 385 2544 421 vos
2576 365 2684 420 Deo
2719 376 2966 438 (utiquam
2996 384 3058 422 ex
3087 345 3307 424 utortuts
3332 370 3500 426 rient-

268 458 434 528 κερῶν
463 458 694 524 ζῶντας.
729 461 836 512 Καὶ
865 461 963 531 ἤδη
999 461 1157 514 τοῦτο
1197 461 1448 534 εἴρηκενσ
1485 480 1502 512 ι
1542 459 1696 513 Οὕτω
1740 461 1834 513 καὶ

271 552 432 619 ὑμεῖς
459 547 730 616 λογίζεσθε
759 551 983 615 ἑαυτοὺς
1014 553 1241 622 νεκροὺς
1270 553 1367 623 μὲν
1399 549 1534 605 εῖναι
1562 554 1628 622 τῇ
1658 552 1836 621 ἁμαρ-

267 642 398 710 τία,
439 637 645 702 ζῶντας
689 638 744 691 δὲ
776 638 853 709 τῷ
891 639 1009 710 Θεῷ
1040 641 1099 692 ὲν
1130 640 1349 710 Χριστῷ
1393 640 1601 710 Ἰησοῦ·
1639 659 1658 692 ο
1717 640 1838 692 ἀντὶ

268 730 388 794 τοῦ,
437 730 777 798 Συνετάφητε
837 729 916 800 τῷ
966 730 1207 802 Χριστῷ,
1277 732 1372 784 καὶ
1425 731 1832 802 συνηγέρθητε·

268 820 463 874 οὐκοῦν
493 823 560 890 τῇ
602 821 847 892 ἁμαρτίᾳ
903 822 1086 892 νεκροί
1137 824 1281 886 ἔστε,
1318 822 1508 893 ἑτέραν
1545 823 1599 874 δὲ
1627 821 1837 892 ζητεῖτε

271 911 440 982 ζωήν.
485 911 592 964 Kal
622 911 694 964 τὰ
738 911 895 981 μέλη
937 912 1104 981 ὑμῶν
1133 911 1293 966 ὅπλα
1336 913 1728 979 δικαιοσύνης
1757 910 1839 976 τῷ

273 1004 417 1068 Θεῷ.
449 999 685 1068 Ἐδειξεν
715 1004 776 1056 οὐ
809 1003 1043 1076 πονηρὸν
1059 1004 1119 1056 τὸ
1141 1003 1316 1075 σῶμα,
1349 1003 1460 1058 ἀλλ’
1483 1004 1686 1072 ἀγαθοῦ
1702 1001 1838 1057 Θεοῦ

272 1090 675 1161 δημιούργημα.
701 1091 930 1145 Δύναται
963 1091 1090 1162 γὰρ,
1138 1087 1196 1144 εὖ
1245 1093 1338 1144 καὶ
1371 1091 1548 1155 καλῶς
1589 1091 1694 1146 ὑπὸ
1739 1091 1840 1160 τῆς

272 1181 449 1251 ψυχῆς
478 1181 905 1251 κυϐερνούμενον
951 1183 1021 1246 ⁸⁸,
1062 1180 1140 1251 τῷ
1169 1180 1286 1250 Θεῷ
1313 1181 1664 1252 λειτουργεῖν.
1697 1182 1840 1234 Οὐκ-

271 1272 370 1325 οῦν
393 1274 427 1342 ἡ
459 1273 557 1341 τῆς
583 1273 954 1344 προαιρέσεως
982 1273 1073 1326 ἐπὶ
1108 1273 1168 1325 τὺ
1194 1275 1372 1344 χεῖρον
1387 1274 1550 1344 ῥοπὴ,
1583 1269 1694 1326 οἷόν
1719 1289 1842 1326 τινα

271 1362 416 1416 ὅπλα
444 1365 508 1434 τῇ
537 1363 778 1434 ἁμαρτίᾳ
809 1364 1032 1435 παρέχει
1077 1364 1148 1418 τὰ
1194 1365 1329 1435 μέλη
1353 1381 1364 1394 ·
1403 1364 1495 1416 καὶ
1543 1360 1608 1417 αὖ
1655 1363 1839 1429 πάλιν,

272 1457 312 1524 ἡ
340 1455 458 1526 περὶ
483 1455 552 1507 τὰ
577 1455 756 1520 ἀγαθὰ
777 1455 875 1526 τῆς
896 1454 1146 1525 γνώσεως
1166 1458 1211 1489 ⁸⁸
1248 1456 1506 1519 διάθεσις,
1538 1458 1650 1520 τοῖς
1679 1456 1844 1517 θείοις

274 1544 460 1612 νόμοις
491 1544 756 1598 διακονεῖν
810 1545 1214 1616 παρασκευάζει
1247 1544 1317 1596 τὰ
1349 1544 1506 1613 μέλη.
1532 1545 1640 1596 Καὶ
1668 1543 1778 1613 γὰρ
1811 1544 1844 1612 ἡ

275 1635 506 1702 γλῶττα,
534 1636 932 1706 σωφρονοῦντος
963 1637 1060 1706 μὲν
1079 1636 1171 1690 τοῦ
1210 1633 1492 1704 μουσικοῦ,
1538 1634 1636 1703 τὴν
1679 1649 1846 1702 προσ-

275 1729 516 1796 ήκουσαν
563 1729 834 1799 ὑμνῳδίαν
878 1728 1175 1798 προσφέρει
1234 1727 1310 1798 τῷ
1356 1728 1464 1780 τῶν
1513 1729 1649 1780 ὅλων
1873 1707 1941 1793 Β,

281 1819 568 1889 μεθύοντος
595 1821 651 1874 δὲ
709 1821 801 1874 καὶ
862 1819 1286 1890 παραπαίοντος,
1321 1819 1566 1890 μανικῶς
1592 1819 1846 1872 ἀποτελεί

275 1911 376 1980 την
418 1911 624 1980 δυσηχῆ
669 1911 768 1977 τῆς
809 1909 1153 1979 βλασφημίας
1203 1911 1362 1979 ὴχήν.
1417 1910 1570 1962 υΰτω
1614 1909 1845 1972 καὶτοῖς

277 2001 504 2070 ἀληθέσι
531 2003 817 2070 κοσμεῖται
872 2001 1066 2068 λύγοις,
1099 2001 1192 2053 καὶ
1223 2004 1332 2064 τοῖς
1367 2001 1586 2071 ψευδέσι
1622 2000 1844 2071 μολύνε-

279 2110 389 2146 ται.
426 2091 582 2144 Οὕτω
610 2077 702 2144 καὶ
725 2091 997 2162 ὀφθαλμὸς
1020 2094 1113 2145 καὶ
1135 2091 1348 2162 σῶφρον
1371 2091 1553 2161 βλέπει
1573 2091 1663 2144 καὶ
1685 2089 1845 2142 ἀσελ-

282 2183 398 2248 γὲς,
423 2181 518 2235 καὶ
543 2180 692 2252 ὠμὸν
719 2184 806 2236 καὶ
831 2183 1212 2254 φιλάνθρωπον
1234 2198 1246 2210 ’
1280 2183 1424 2236 οὕτω
1467 2184 1561 2235 καὶ
1593 2182 1715 2252 χεὶρ
1748 2183 1843 2234 καὶ

285 2271 498 2338 φονεύει
545 2275 638 2326 καὶ
686 2275 854 2326 ἐλεεῖ·
908 2275 1004 2327 καὶ
1046 2273 1382 2339 ἁπαξαπλῶς
1411 2273 1623 2327 ἅπαντα
1654 2275 1723 2327 τὰ
1748 2271 1843 2326 τοῦ

290 2361 536 2431 σώματος
561 2364 722 2434 μόρια
751 2366 846 2418 καὶ¹
871 2365 1216 2435 δικαιοσύνης
1240 2365 1380 2418 ὅπλα
1401 2365 1628 2433 γίνεται,
1659 2363 1844 2434 βουλο-

287 2453 448 2520 μένου
477 2455 566 2507 τοῦ
595 2455 704 2521 νοῦ,
745 2457 838 2508 καὶ
871 2452 937 2510 αὖ
974 2457 1130 2510 πάλιν
1155 2458 1448 2528 ἁμαρτίας,
1483 2459 1609 2511 ὅταν
1641 2459 1848 2518 ἐκεῖνος

1939 467 2032 512 tes.
2063 457 2125 511 Et
2154 459 2252 512 hoc
2280 457 2392 526 jam
2432 455 2610 511 dixit:
2653 476 2671 509 ι
2720 458 2811 511 Sic
2851 466 2904 512 et
2937 471 3032 513 vos
3067 459 3373 516 existimate
3403 477 3501 517 vos

1937 555 2184 602 mortuos
2209 546 2426 617 quidem
2457 562 2580 602 esse
2615 557 2858 618 peccato.
2889 548 3135 604 viventes
3178 560 3359 605 autem
3393 551 3502 608 Deo

1937 639 1991 694 in
2024 639 2247 696 Christo
2273 637 2402 694 Jesu
2435 657 2448 693 :
2487 657 2507 691 ι
2551 639 2719 706 Quasi
2743 641 2890 695 dicat
2916 657 2930 695 :
2961 641 3095 696 Cum
3129 641 3346 698 Christo
3366 658 3502 698 con-

1938 731 2136 800 sepulti
2185 731 2344 794 estis,
2399 739 2453 786 et
2491 732 2972 798 t-onsurrexistis;
3031 743 3256 802 peccato
3323 733 3506 804 itaque

1939 821 2139 876 mortui
2165 823 2324 887 estis.
2356 832 2410 878 et
2441 823 2604 876 aliam
2655 824 2822 878 vitam
2872 825 3138 893 quaeritis.
3171 823 3239 878 Et
3273 826 3506 880 membra

1938 923 2109 966 vestra
2135 930 2288 966 arma
2302 912 2533 981 justitiw
2565 912 2693 967 Deo.
2721 911 2969 968 Ostendit
3002 930 3108 968 non
3138 916 3341 969 malum
3386 930 3509 970 esse

1940 1019 2158 1074 corpus,
2189 1005 2280 1060 sed
2311 1005 2437 1058 boni
2473 1003 2566 1059 Dei
2589 1004 2697 1076 65
2729 1007 3028 1074 opificium.
3053 1003 3242 1061 Potest
3268 1007 3433 1071 enim,
3460 1010 3505 1060 si

1940 1103 2091 1148 recte
2110 1094 2445 1164 honesteque
2465 1094 2534 1148 ab
2553 1097 2734 1148 anima
2765 1095 3118 1164 gubernetur.
3148 1093 3256 1150 Deo
3278 1097 3504 1151 servire.

1941 1184 2168 1240 Arbitrii
2199 1187 2383 1256 itaque
2421 1187 2487 1240 ad
2519 1185 2571 1239 id
2607 1185 2752 1256 quod
2799 1194 2884 1240 est
2931 1186 3174 1242 deterius
3199 1187 3505 1250 inclinatio,

1941 1276 2145 1344 prrehet
2176 1275 2417 1329 membra
2452 1278 2616 1330 veluti
2669 1280 2912 1347 quaedam
2968 1293 3118 1332 arma
3172 1292 3429 1349 peccato;
3456 1288 3511 1333 et

1943 1380 2157 1430 rursus,
2207 1367 2537 1434 cognitionis
2568 1367 2621 1420 in
2673 1384 2734 1421 ea
2767 1385 2886 1438 quae
2913 1369 3052 1422 bona
3103 1380 3233 1424 sunt
3272 1369 3508 1432 allectio,

1943 1455 2108 1510 ellicit
2133 1466 2193 1509 ut
2223 1457 2477 1519 membra
2500 1457 2703 1512 divinis
2734 1458 2948 1526 legibus
2977 1461 3298 1513 inserviant.
3329 1460 3509 1514 Sobrii

1945 1545 2089 1599 enim
2139 1553 2193 1598 et
2246 1545 2602 1613 temperantis
2646 1547 2840 1601 musici
2875 1547 3056 1616 lingua
3095 1550 3542 1603 convenientem-

1945 1633 2103 1688 olTert
2129 1633 2392 1687 musicam
2421 1634 2804 1688 universorum
2842 1637 2950 1690 Deo
2977 1655 2990 1690 :
3015 1637 3154 1690 ebrii
3189 1652 3318 1692 vero
3341 1648 3394 1692 et
3421 1639 3515 1692 de-

1943 1722 2214 1794 sipientis,
2282 1721 2562 1778 insuavem
2625 1723 2978 1792 blasphemia
3051 1739 3242 1779 vocem
3306 1725 3516 1782 furiose

1943 1820 2162 1874 emittit.
2213 1816 2289 1871 Ita
2335 1829 2388 1872 et
2434 1819 2581 1872 veris
2615 1818 2970 1873 sermonibus
3001 1828 3250 1884 ornatur,
3277 1828 3330 1875 et
3360 1819 3516 1877 falsis

1945 1909 2284 1979 inquinatur.
2317 1910 2392 1961 lla
2437 1910 2600 1963 etiam
2633 1910 2826 1965 oculus
2874 1910 3136 1980 pudicum
3184 1919 3240 1966 et
3282 1913 3518 1983 impudi-

1945 2018 2092 2067 cum,
2129 2001 2355 2056 crudele
2383 2011 2435 2056 et
2467 2001 2767 2056 humanum
2801 2003 3068 2058 intuetur.
3105 2003 3183 2056 lta
3215 2005 3375 2059 etiam
3399 2021 3516 2059 ma-

1948 2109 2070 2147 nus-
2087 2099 2140 2147 et
2169 2091 2389 2153 occidit,
2422 2099 2475 2145 et
2523 2093 2834 2155 miseretur,
2887 2100 2961 2156 et,
2998 2103 3056 2147 ut
3095 2093 3264 2148 semel
3312 2093 3514 2156 dicam.

1949 2197 2142 2237 omnes
2181 2183 2430 2250 corporis
2475 2191 2678 2251 partes,
2710 2189 2765 2235 et
2806 2197 2958 2236 arma
3005 2182 3236 2251 iustitiae
3285 2183 3443 2246 fiunt,
3469 2184 3514 2238 si

1952 2288 2104 2328 mens
2131 2273 2284 2335 velit,
2315 2280 2368 2326 et
2399 2287 2594 2326 rursus
2629 2273 2860 2341 peccati,
2893 2273 3116 2342 quando
3165 2274 3254 2327 illa
3306 2274 3516 2342 peccati

1951 2364 2289 2416 dominatum
2322 2364 2569 2432 amplexa
2601 2362 2786 2418 fuerit.
2813 2363 3039 2420 Divinus
3071 2375 3253 2419 autem
3287 2367 3520 2434 Aposto-

1952 2454 2038 2506 lus
2075 2453 2292 2507 aliunde
2336 2469 2558 2524 quoque
2597 2446 2838 2510 ostendit
2886 2456 3131 2511 victoria:
3179 2458 3515 2510 facilitatem.

282 2544 379 2609 τῆς
414 2544 682 2616 ἁμαρτίας
705 2547 802 2617 τὴν
823 2546 1140 2600 δυναστείαν
1168 2548 1504 2619 ἀσπάσηται.
1537 2550 1596 2601 ὐ
1624 2548 1680 2601 δὲ
1713 2546 1856 2609 θεῖος
1901 2543 2220 2606 ’Λπόστολος
2271 2545 2366 2597 καὶ
2419 2546 2685 2616 ἑτέρωθεν
2743 2546 2982 2600 δείκνυσι
3047 2551 3146 2620 τῆς
3220 2548 3376 2618 νίκης
3415 2546 3517 2617 τὴν

281 2633 546 2688 εὐκολίαν.

354 2727 433 2782 ιδ’.
475 2728 742 2796 Ἀμαρτία
774 2729 881 2799 γὰρ
924 2731 1112 2799 ὑμῶν,
1149 2733 1332 2801 φησὶν,
1362 2731 1562 2786 οὐκέτι
1609 2729 1843 2796 κυριεύ-

2010 2721 2174 2776 Vens.
2207 2722 2288 2776 l4.
2327 2722 2605 2775 Peccatum
2638 2723 2798 2786 enim,
2820 2721 3022 2791 inquit.
3045 2726 3403 2794 narramplius
3431 2743 3520 2782 vo-

277 2836 400 2874 σει.
446 2819 642 2873 Οὐκέτι
690 2821 796 2890 γὰρ
844 2823 878 2892 ἡ
924 2822 1086 2890 φύσις
1138 2823 1274 2892 μόνη
1310 2822 1548 2882 παλαίει,
1590 2821 1702 2874 ἀλλ’
1735 2819 1847 2888 ἔχει

1950 2811 2028 2866 bis
2069 2811 2454 2865 dominabitur.
2482 2809 2600 2864 Non
2631 2811 2776 2864 enim
2813 2813 3069 2880 amplius,
3099 2814 3298 2882 inquit,
3323 2825 3518 2871 natura

278 2911 650 2982 συνεργοῦσαν
690 2911 786 2982 τὴν
817 2914 976 2984 χάριν
1023 2912 1117 2965 τοῦ
1168 2913 1504 2983 Πνεύματος.
1534 2911 1706 2964 Τοῦτο
1737 2909 1847 2979 γὰρ

1950 2903 2069 2956 sola
2107 2903 2370 2965 luctatur,
2425 2900 2520 2956 sed
2562 2900 2882 2969 adjutricem
2925 2902 3086 2957 habet
3120 2906 3350 2974 gratiam
3387 2906 3513 2979 Spi-

275 3004 588 3072 ἐπήγαγεν·
625 3005 706 3056 Οὐ
745 3005 856 3071 γάρ
890 3004 1030 3057 ἐστε
1059 3004 1176 3056 ὑπὸ
1205 3004 1414 3072 νόμον,
1441 3003 1578 3056 ἀλλ’
1605 3001 1724 3056 ὑπὸ
1754 2999 1852 3069 χά·

1950 2995 2104 3046 ritus.
2133 2991 2245 3045 Hoc
2269 2992 2412 3045 enim
2446 2990 2766 3059 subiunxit:
2793 2989 2911 3044 Non
2942 2993 3081 3046 enim
3111 2994 3207 3048 sub
3231 2997 3338 3067 lege
3366 2998 3513 3062 estis.

267 3108 400 3162 ριν.
429 3091 678 3144 Διδάσκει
708 3091 787 3156 δὲ,
815 3091 889 3154 ὡς
932 3092 1037 3162 πρὸ
1059 3093 1156 3163 τῆς
1182 3092 1403 3164 χάριτος
1437 3092 1466 3144 ὁ
1499 3091 1661 3161 νόμος
1694 3089 1853 3160 μόνον

1950 3083 2040 3138 sed
2067 3083 2160 3138 sub
2192 3084 2388 3152 gratia.
2433 3083 2598 3137 Docet
2637 3082 2779 3136 enim
2812 3084 2959 3151 quod
2994 3092 3121 3138 ante
3165 3087 3398 3156 gratiam
3433 3089 3513 3144 lex

272 3183 349 3236 τὸ
377 3182 648 3252 πρακτέον
673 3182 970 3248 ἐδίδασκεν,
1007 3186 1330 3253 ἐπικουρίαν
1378 3182 1432 3234 δέ
1468 3199 1592 3236 τινα
1624 3185 1734 3245 τοῖς
1763 3199 1850 3234 νο-

1953 3176 2127 3230 solum
2165 3174 2395 3228 docebat
2417 3173 2546 3242 quid
2580 3180 2727 3228 esset
2750 3177 3043 3244 agendum,
3070 3176 3137 3232 iis
3165 3186 3369 3244 autem,
3396 3182 3520 3250 qui-

278 3276 706 3349 μοθετουμένοις
731 3275 828 3328 οὐκ
853 3273 1078 3346 ὤρεγεν.
1128 3275 1193 3326 Ἦ
1223 3275 1278 3326 δὲ
1303 3273 1480 3344 χάρις,
1504 3272 1640 3343 πρὸς
1669 3275 1734 3342 τῇ
1761 3290 1848 3324 νο-

279 3367 535 3439 μοθεσία.
571 3366 665 3420 καὶ
693 3366 791 3438 τὴν
819 3365 1134 3436 συμμαχίαν
1163 3364 1412 3438 παρέχει;
1439 3363 1546 3418 ’Διά
1575 3380 1681 3417 τοι·
1697 3361 1852 3417 τοῦτο

279 3461 388 3514 καὶ
416 3461 779 3532 ἀκριϐεστέρα
802 3460 892 3514 τοῦ
919 3461 1082 3531 νόμου
1111 3462 1142 3530 ἡ
1175 3460 1463 3531 νομοθεσία
1489 3460 1588 3529 τῆς
1608 3459 1851 3530 χάριτος,

280 3552 369 3614 ὡς
399 3552 498 3618 τῆς
521 3551 838 3621 ἐπικουρίας
869 3551 966 3621 τὴν
988 3551 1271 3606 δυσκολίαν
1298 3550 1551 3620 λυούσης.
1584 3546 1716 3604 Εἶτα
1751 3550 1854 3603 πά-

281 3645 375 3697 ὶιν
399 3644 515 3698 λύει
536 3645 597 3698 τὸ
619 3643 916 3716 ὑφορμοῦν.

364 3831 446 3878 ιε’.
487 3825 549 3878 Τί
579 3819 731 3888 οὖν;
757 3822 1201 3893 ἁμαρτήσωμεν,
1235 3823 1324 3878 ὅτι
1353 3825 1463 3878 οὐκ
1509 3824 1696 3892 ἐσμὲν
1732 3823 1852 3878 ὑπὸ

289 3917 501 3984 νόμον,
531 3915 667 3968 ἀλλ’
695 3913 809 3967 ὑπὸ
860 3913 1069 3983 χάρινς
1119 3913 1218 3966 Διὰ
1251 3914 1377 3978 τοὺς
1432 3913 1729 3982 φιλαιτίους
1759 3913 1856 3982 τὴν

291 4005 564 4060 ἀντίθεσιν
597 4003 829 4058 τέθεικε.
856 4005 968 4058 Καὶ
997 4003 1212 4075 πρῶτον
1247 4005 1344 4074 μὲν
1369 4003 1736 4074 ἀπηγόρευσε,
1759 4001 1857 4072 τὴν

291 4096 524 4172 ἀτοπίαν
573 4095 803 4159 δεικνὺς,
851 4096 944 4148 καὶ
976 4094 1113 4165 ἔφη*
1158 4093 1256 4163 Μὴ
1305 4095 1555 4165 γένοιτο.
1587 4089 1714 4146 Εἶτα
1771 4092 1859 4146 διὰ

295 4188 556 4242 πλειόνων
588 4187 648 4240 τὸ
672 4187 912 4239 ἐναντίον
930 4185 1188 4240 διδάσκει.

370 4368 466 4424 ις’.
514 4361 635 4414 Οὐκ
682 4358 900 4420 οἴδατε,
951 4357 1042 4412 ὅτι
1088 4352 1136 4426 ᾧ
1168 4357 1560 4424 παριστάνετε
1605 4358 1862 4424 ἑαυτοὺς

294 4453 557 4517 δούλους
584 4453 670 4516 εἰς
695 4450 992 4518 ὑπακοὴν,
1021 4449 1232 4503 δοῦλοί
1259 4451 1396 4503 ἐστε
1423 4444 1472 4516 ᾧ
1502 4453 1856 4514 ὑπακούετε,

1955 3266 2058 3320 bus
2095 3262 2500 3332 imponebatur,
2543 3261 2752 3315 nullum
2781 3263 3044 3317 auxilium
3073 3264 3354 3321 all'ercbat.
3385 3267 3520 3324 Gra-

1955 3355 2029 3410 tia
2052 3361 2255 3417 atrtenl,
2283 3367 2392 3406 una
2420 3366 2545 3407 cum
2575 3351 2708 3422 legis
2735 3352 3105 3422 impositione,
3134 3357 3336 3424 praebet
3355 3359 3515 3413 etiam

1957 3446 2222 3499 auxilium
2261 3459 2276 3498 :
2327 3451 2382 3498 et
2425 3451 2712 3512 propterea
2745 3443 2862 3511 lege
2906 3443 3199 3513 perfectior
3228 3455 3312 3500 est
3337 3463 3460 3517 qua:
3489 3463 3518 3502 a

1955 3537 2130 3608 gratia
2183 3536 2240 3588 fit
2287 3535 2576 3605 legislatio,
2606 3535 2805 3604 quippe
2853 3549 2977 3588 cum
3029 3535 3289 3590 auxilium
3346 3538 3521 3593 solvat

1956 3629 2356 3684 difficultatem.
2380 3628 2583 3683 Deinde
2605 3643 2800 3683 rursus
2827 3627 2990 3682 diluit
3020 3637 3396 3685 occurrentem
3427 3631 3522 3687 (ιι-
3615 3677 3634 3696 ,

1958 3721 2298 3776 bitationem.

2030 3813 2048 3832 ‘
2071 3808 2236 3866 Vens.
2269 3809 2355 3863 l5.
2390 3808 2530 3876 Quid
2566 3811 2729 3879 ergo?
2766 3811 3365 3882 peccabimusguoniam
3416 3832 3518 3871 non

1959 3917 2138 3955 sumus
2167 3901 2262 3956 sub
2284 3901 2411 3971 lege.
2445 3902 2538 3956 sed
2563 3901 2658 3955 sub
2684 3902 2857 3972 gratia
2879 3905 2904 3959 2
2923 3903 3035 3975 66
3060 3901 3286 3975 Propter
3304 3922 3402 3962 eos
3425 3909 3517 3978 qui

1961 4007 2088 4053 sunt
2115 3997 2543 4067 reprehendendi
2601 3997 2936 4067 cupidiores,
2971 4000 3114 4052 hanc
3157 3998 3516 4067 objemionem

1960 4089 2144 4158 posuit
2174 4104 2188 4142 :
2215 4095 2268 4143 et
2280 4088 2510 4158 primum
2530 4088 2750 4157 quidem
2779 4089 3106 4160 negavit,rei
3128 4089 3519 4144 absurditatem

1961 4181 2278 4243 ostendens,
2310 4189 2365 4235 et
2403 4182 2558 4242 dixit,
2590 4180 2759 4234 Absit.
2815 4180 3018 4236 Deiude
3068 4181 3228 4235 docet
3272 4179 3522 4247 pluribus

1961 4268 2319 4320 contrarium.

2035 4357 2198 4411 Vens.
2234 4357 2320 4411 l6.
2345 4356 2427 4410 An
2465 4357 2698 4417 nescitis,
2723 4359 2862 4424 quod
2896 4357 2984 4409 cui
3009 4354 3261 4410 exhibens
3292 4373 3378 4410 vos
3410 4374 3523 4412 ser-

1963 4467 2048 4504 uos
2065 4451 2133 4502 ad
2154 4448 2517 4513 obedieudum,
2542 4449 2674 4502 servi
2704 4446 2830 4500 estis
2857 4446 2994 4515 ejus,
3033 4445 3118 4499 cui
3145 4445 3387 4509 obeditis.
3419 4451 3526 4503 sive

295 4543 429 4611 ἤτοι
479 4541 765 4611 ἁμαρτίας
791 4543 879 4608 εἰς
927 4539 1204 4600 θάνατον,
1255 4538 1293 4605 ἢ
1328 4539 1601 4606 ὑπακοῆς
1642 4543 1729 4605 είς
1776 4540 1860 4594 δι-

1962 4543 2162 4608 pcccuti
2203 4543 2272 4594 ad
2316 4550 2556 4602 mortem,
2599 4540 2706 4593 sive
2743 4537 3053 4593 obeditionis
3107 4539 3175 4592 ad
3219 4539 3529 4609 justitiam!

295 4633 667 4698 καιοσύνηνς
716 4625 893 4702 ᾯπερ
949 4630 1014 4684 ἂν
1063 4630 1156 4700 ἓλῃ
1208 4628 1511 4694 δουλεῦσαι,
1574 4629 1748 4698 τούτῳ
1801 4646 1860 4681 σε

298 4724 564 4795 προσήκει
614 4721 885 4776 κελεύοντι
930 4721 1251 4775 πείθεσθαι·
1299 4722 1362 4775 ού
1405 4720 1514 4790 γὰρ
1540 4715 1651 4773 οἷόν
1679 4737 1738 4772 τε
1769 4719 1862 4773 δύο

293 4814 578 4877 δεσπόταις
599 4812 869 4866 δουλεύειν
891 4814 1030 4866 κατὰ
1053 4813 1268 4867 ταυτόν.
1306 4811 1554 4868 Ἑναντία
1575 4811 1631 4865 δὲ
1652 4813 1716 4864 ὲκ
1740 4810 1860 4864 δια⁶

300 4905 502 4973 μέτρου
523 4902 835 4974 δικαιοσύνη
862 4904 956 4956 καὶ
993 4903 1250 4974 ἁμαρτία.
1285 4901 1455 4956 Τοῦτο
1482 4901 1576 4954 καὶ
1604 4901 1632 4953 ὀ
1661 4899 1860 4971 Κύριος

296 4995 356 5045 ἐν
389 4995 501 5056 τοίς
545 4995 706 5066 ἱεροῖς
753 4993 1105 5062 Εὐαγγελίοις
1137 4994 1238 5063 ἔφη
1277 5010 1290 5023 ·
1329 5012 1347 5044 ι
1403 4991 1592 5056 Οὐδεὶς
1639 4990 1861 5046 δύναται

295 5083 420 5137 δυσὶ
439 5085 645 5154 κυρίοις
671 5085 956 5140 δουλεύειν.
971 5103 990 5136 ›

370 5172 457 5236 ιζ’.
497 5173 677 5241 Χάρις
704 5173 773 5227 δὲ
797 5159 877 5240 τῷ
906 5173 1046 5239 Θεῷ,
1079 5173 1165 5227 ὅτι
1190 5169 1293 5242 ἦτε
1318 5173 1527 5228 δοῦλοι
1549 5172 1658 5240 τῆς
1687 5173 1863 5241 ἁμαρ-

298 5265 452 5330 τίας,
479 5266 868 5331 ὑπηκούσατε
914 5266 984 5319 δέ
1011 5267 1078 5320 ἐκ
1112 5263 1357 5333 καρδίας
1385 5268 1474 5331 εἰς
1506 5264 1579 5316 ὃν
1611 5265 1864 5330 παρεδόο

301 5357 447 5420 ante
487 5355 680 5409 τύποι·
723 5355 995 5426 διδαχῆς.
1049 5357 1158 5410 Καὶ
1200 5355 1298 5426 τὴν
1351 5354 1652 5426 μεταϐολὴν
1685 5355 1862 5407 αὐτῶν

379 5478 403 5518 ¹¹
440 5480 632 5538 Matth.
665 5501 735 5550 vl,
763 5486 852 5540 Ἡ.

1963 4635 2062 4688 Cui
2089 4633 2297 4688 servire
2319 4632 2578 4696 volueris,
2611 4639 2829 4702 Oportet
2871 4632 2920 4687 ei
2955 4639 3008 4688 te
3047 4632 3257 4702 jubenti
3286 4649 3476 4702 parere
3509 4653 3521 4687 :

1965 4739 2072 4778 nou
2131 4725 2273 4778 enim
2326 4723 2440 4777 fieri
2494 4732 2672 4794 potest
2711 4731 2770 4778 ut
2812 4723 2958 4778 binis
3005 4725 3240 4779 dominis
3294 4726 3522 4780 servias.

1965 4814 2288 4884 Βιινιιξξηειιιι
2345 4823 2526 4870 autem
2571 4832 2638 4870 ex
2688 4815 2956 4872 diametro
3009 4815 3222 4885 iustitia
3249 4821 3304 4869 et
3338 4829 3528 4884 pecca—

1967 4912 2101 4956 tum.
2135 4902 2245 4956 lloc
2284 4903 2446 4958 etiam
2478 4905 2618 4960 dixit
2668 4905 2933 4959 Dominus
2976 4905 3030 4959 in
3079 4905 3253 4959 sacris
3283 4901 3528 4974 Evange—

1969 4994 2059 5049 liis
2093 5012 2106 5048 :
2141 5013 2158 5046 ι
2201 4993 2372 5050 Nemo
2397 5003 2578 5066 potest
2607 4996 2754 5050 binis
2783 4993 3024 5049 dominis
3043 4994 3250 5050 servire
3269 5002 3320 5046 α.
3349 5011 3368 5044 ι

2042 5172 2208 5225 Vens.
2235 5172 2321 5225 l7.
2352 5171 2567 5226 Gratias
2609 5183 2780 5225 autem
2823 5170 2950 5232 Deo,
3000 5172 3138 5240 quod
3184 5170 3357 5233 fuistis
3397 5189 3532 5230 serus

1970 5264 2189 5329 peccati,
2209 5261 2457 5316 obcdistis
2487 5271 2660 5315 autem
2687 5277 2752 5315 ea:
2788 5261 2942 5314 corde
2964 5261 3016 5314 iu
3039 5277 3155 5315 eam
3197 5262 3422 5330 formam
3437 5262 3536 5317 du-

1969 5354 2171 5415 ctrimv,
2199 5353 2250 5403 in
2282 5369 2437 5419 quam
2465 5352 2649 5405 traditi
2677 5353 2820 5406 estis.
2855 5351 2918 5407 Et
2950 5354 3301 5413 mutationem
3345 5369 3534 5412 eorum

1573 5546 1808 5606 VARIJE
1871 5547 2272 5604 LECTIONES.

370 5627 410 5656 “
449 5622 937 5692 Ιικυϐερνὼμενον.
1018 5626 1062 5658 "
1098 5624 1138 5677 Β
1164 5623 1406 5694 γνώμης.
