  <div class='ocr_page' id='page_1' title='image "/cluster/home/n/w/nwhite01/storage/ocr_20150623/82/hvd.32044020703054/071.png"; bbox 0 0 4074 6176; ppageno 0'>
   <div class='ocr_carea' id='block_1_1' title="bbox 407 258 560 328">
    <p class='ocr_par' dir='ltr' id='par_1_1' title="bbox 407 258 560 328">
     <span class='ocr_line' id='line_1_1' title="bbox 407 258 560 328; baseline -0.065 -2"><span class='ocrx_word' id='word_1_1' title='bbox 407 258 498 328; x_wconf 76' lang='lat' dir='ltr'><strong>ill</strong></span> <span class='ocrx_word' id='word_1_2' title='bbox 555 311 560 316; x_wconf 83' lang='lat'><strong>.</strong></span> 
     </span>
    </p>
   </div>
   <div class='ocr_carea' id='block_1_2' title="bbox 1349 234 2635 308">
    <p class='ocr_par' dir='ltr' id='par_1_2' title="bbox 1349 234 2635 308">
     <span class='ocr_line' id='line_1_2' title="bbox 1349 234 2635 308; baseline -0.008 -6"><span class='ocrx_word' id='word_1_3' title='bbox 1349 242 1854 308; x_wconf 80' lang='lat' dir='ltr'><strong>.TIIEODORETI</strong></span> <span class='ocrx_word' id='word_1_4' title='bbox 1893 236 2230 300; x_wconf 72' lang='lat' dir='ltr'><strong>EPISCOI‘I</strong></span> <span class='ocrx_word' id='word_1_5' title='bbox 2270 234 2635 294; x_wconf 74' lang='lat' dir='ltr'><strong>CYltE-NSIS</strong></span> 
     </span>
    </p>
   </div>
   <div class='ocr_carea' id='block_1_3' title="bbox 3575 227 3676 294">
    <p class='ocr_par' dir='ltr' id='par_1_3' title="bbox 3575 227 3676 294">
     <span class='ocr_line' id='line_1_3' title="bbox 3575 227 3676 294; baseline 0 -1"><span class='ocrx_word' id='word_1_6' title='bbox 3575 227 3676 294; x_wconf 76' lang='grc'><strong>112</strong></span> 
     </span>
    </p>
   </div>
   <div class='ocr_carea' id='block_1_4' title="bbox 408 343 2010 446">
    <p class='ocr_par' dir='ltr' id='par_1_4' title="bbox 408 356 1991 446">
     <span class='ocr_line' id='line_1_4' title="bbox 408 356 1991 446; baseline -0.016 -10"><span class='ocrx_word' id='word_1_7' title='bbox 408 363 671 441; x_wconf 74' lang='lat' dir='ltr'><strong>ostendit,</strong></span> <span class='ocrx_word' id='word_1_8' title='bbox 699 363 755 432; x_wconf 75' lang='lat' dir='ltr'><strong>et</strong></span> <span class='ocrx_word' id='word_1_9' title='bbox 801 386 964 446; x_wconf 89' lang='lat' dir='ltr'><strong>quam</strong></span> <span class='ocrx_word' id='word_1_10' title='bbox 1003 369 1109 424; x_wconf 84' lang='lat' dir='ltr'><strong>hoc</strong></span> <span class='ocrx_word' id='word_1_11' title='bbox 1156 366 1208 423; x_wconf 88' lang='lat' dir='ltr'><strong>ei</strong></span> <span class='ocrx_word' id='word_1_12' title='bbox 1239 366 1312 422; x_wconf 87' lang='lat' dir='ltr'><strong>sit</strong></span> <span class='ocrx_word' id='word_1_13' title='bbox 1343 373 1561 438; x_wconf 69' lang='lat' dir='ltr'><strong>gratum</strong></span> <span class='ocrx_word' id='word_1_14' title='bbox 1603 361 1842 433; x_wconf 84' lang='lat' dir='ltr'><strong>aperuit,</strong></span> <span class='ocrx_word' id='word_1_15' title='bbox 1879 356 1991 411; x_wconf 87' lang='lat' dir='ltr'><strong>Deo</strong></span> 
     </span>
    </p>
   </div>
   <div class='ocr_carea' id='block_1_5' title="bbox 2118 343 3676 446">
    <p class='ocr_par' dir='ltr' id='par_1_5' title="bbox 2118 343 3676 420">
     <span class='ocr_line' id='line_1_5' title="bbox 2118 343 3676 420; baseline -0.004 -18"><span class='ocrx_word' id='word_1_16' title='bbox 2118 352 2288 419; x_wconf 67' lang='grc' dir='ltr'>ἔδειξε,</span> <span class='ocrx_word' id='word_1_17' title='bbox 2335 352 2428 404; x_wconf 76' lang='grc' dir='ltr'>καὶ</span> <span class='ocrx_word' id='word_1_18' title='bbox 2471 350 2570 420; x_wconf 73' lang='grc' dir='ltr'><strong>τὴν</strong></span> <span class='ocrx_word' id='word_1_19' title='bbox 2604 347 2696 402; x_wconf 73' lang='grc' dir='ltr'>ἐπὶ</span> <span class='ocrx_word' id='word_1_20' title='bbox 2725 346 2898 420; x_wconf 79' lang='grc' dir='ltr'>ταύτῃ</span> <span class='ocrx_word' id='word_1_21' title='bbox 2937 344 3206 418; x_wconf 73' lang='grc' dir='ltr'>θυμηδίαν</span> <span class='ocrx_word' id='word_1_22' title='bbox 3252 343 3568 415; x_wconf 77' lang='grc' dir='ltr'>ἐγύμνωσε,</span> <span class='ocrx_word' id='word_1_23' title='bbox 3596 344 3676 415; x_wconf 78' lang='grc' dir='ltr'>τῷ</span> 
     </span>
    </p>
   </div>
   <div class='ocr_carea' id='block_1_6' title="bbox 411 450 1987 526">
    <p class='ocr_par' dir='ltr' id='par_1_6' title="bbox 411 450 1987 526">
     <span class='ocr_line' id='line_1_6' title="bbox 411 450 1987 526; baseline -0.015 0"><span class='ocrx_word' id='word_1_24' title='bbox 411 458 918 526; x_wconf 80' lang='lat' dir='ltr'><strong>lautlem.oil&#39;crens.</strong></span> <span class='ocrx_word' id='word_1_25' title='bbox 953 459 1134 520; x_wconf 83' lang='lat' dir='ltr'><strong>Eratis</strong></span> <span class='ocrx_word' id='word_1_26' title='bbox 1186 457 1358 522; x_wconf 90' lang='lat' dir='ltr'><strong>enim,</strong></span> <span class='ocrx_word' id='word_1_27' title='bbox 1412 453 1613 524; x_wconf 95' lang='lat' dir='ltr'><strong>inquit,</strong></span> <span class='ocrx_word' id='word_1_28' title='bbox 1663 450 1810 508; x_wconf 87' lang='lat' dir='ltr'><strong>servi</strong></span> <span class='ocrx_word' id='word_1_29' title='bbox 1859 463 1987 520; x_wconf 88' lang='lat' dir='ltr'><strong>pec-</strong></span> 
     </span>
    </p>
   </div>
   <div class='ocr_carea' id='block_1_7' title="bbox 409 542 1989 619">
    <p class='ocr_par' dir='ltr' id='par_1_7' title="bbox 409 542 1989 619">
     <span class='ocr_line' id='line_1_7' title="bbox 409 542 1989 619; baseline -0.015 -1"><span class='ocrx_word' id='word_1_30' title='bbox 409 563 512 618; x_wconf 86' lang='lat' dir='ltr'><strong>cati</strong></span> <span class='ocrx_word' id='word_1_31' title='bbox 539 580 554 619; x_wconf 79' lang='grc' dir='ltr'><strong>ι</strong></span> <span class='ocrx_word' id='word_1_32' title='bbox 592 559 762 614; x_wconf 81' lang='lat' dir='ltr'><strong>libera</strong></span> <span class='ocrx_word' id='word_1_33' title='bbox 792 564 974 609; x_wconf 88' lang='lat' dir='ltr'><strong>autem</strong></span> <span class='ocrx_word' id='word_1_34' title='bbox 1001 552 1169 607; x_wconf 90' lang='lat' dir='ltr'><strong>animi</strong></span> <span class='ocrx_word' id='word_1_35' title='bbox 1196 550 1478 604; x_wconf 94' lang='lat' dir='ltr'><strong>voluntate</strong></span> <span class='ocrx_word' id='word_1_36' title='bbox 1504 546 1652 600; x_wconf 87' lang='lat' dir='ltr'><strong>illius</strong></span> <span class='ocrx_word' id='word_1_37' title='bbox 1680 542 1989 600; x_wconf 83' lang='lat' dir='ltr'><strong>dominium</strong></span> 
     </span>
    </p>
   </div>
   <div class='ocr_carea' id='block_1_8' title="bbox 409 631 1993 716">
    <p class='ocr_par' dir='ltr' id='par_1_8' title="bbox 409 631 1993 716">
     <span class='ocr_line' id='line_1_8' title="bbox 409 631 1993 716; baseline -0.014 -7"><span class='ocrx_word' id='word_1_38' title='bbox 409 652 761 716; x_wconf 67' lang='lat' dir='ltr'><strong>cveussistis,</strong></span> <span class='ocrx_word' id='word_1_39' title='bbox 826 631 880 704; x_wconf 74' lang='lat' dir='ltr'><strong>et</strong></span> <span class='ocrx_word' id='word_1_40' title='bbox 951 643 1295 716; x_wconf 85' lang='lat' dir='ltr'><strong>spiritualem</strong></span> <span class='ocrx_word' id='word_1_41' title='bbox 1390 638 1700 694; x_wconf 76' lang='lat' dir='ltr'><strong>doctrinam</strong></span> <span class='ocrx_word' id='word_1_42' title='bbox 1759 633 1993 705; x_wconf 77' lang='lat' dir='ltr'><strong>amplexi</strong></span> 
     </span>
    </p>
   </div>
   <div class='ocr_carea' id='block_1_9' title="bbox 409 747 566 808">
    <p class='ocr_par' dir='ltr' id='par_1_9' title="bbox 409 747 566 808">
     <span class='ocr_line' id='line_1_9' title="bbox 409 747 566 808; baseline -0.006 -8"><span class='ocrx_word' id='word_1_43' title='bbox 409 747 566 808; x_wconf 55' lang='lat' dir='ltr'><strong>estis.</strong></span> 
     </span>
    </p>
   </div>
   <div class='ocr_carea' id='block_1_10' title="bbox 480 821 1995 902">
    <p class='ocr_par' dir='ltr' id='par_1_10' title="bbox 480 821 1995 902">
     <span class='ocr_line' id='line_1_10' title="bbox 480 821 1995 902; baseline -0.015 -6"><span class='ocrx_word' id='word_1_44' title='bbox 480 841 648 902; x_wconf 74' lang='lat' dir='ltr'><strong>Vens.</strong></span> <span class='ocrx_word' id='word_1_45' title='bbox 690 837 774 892; x_wconf 75' lang='grc'><strong>18.</strong></span> <span class='ocrx_word' id='word_1_46' title='bbox 802 834 1038 890; x_wconf 82' lang='lat' dir='ltr'><strong>Liberali</strong></span> <span class='ocrx_word' id='word_1_47' title='bbox 1061 840 1238 886; x_wconf 87' lang='lat' dir='ltr'><strong>autem</strong></span> <span class='ocrx_word' id='word_1_48' title='bbox 1269 845 1300 881; x_wconf 82' lang='grc' dir='ltr'><strong>α</strong></span> <span class='ocrx_word' id='word_1_49' title='bbox 1325 837 1562 896; x_wconf 87' lang='lat' dir='ltr'><strong>peccato,</strong></span> <span class='ocrx_word' id='word_1_50' title='bbox 1585 823 1720 878; x_wconf 89' lang='lat' dir='ltr'><strong>servi</strong></span> <span class='ocrx_word' id='word_1_51' title='bbox 1751 821 1884 893; x_wconf 77' lang='lat' dir='ltr'><strong>{acti</strong></span> <span class='ocrx_word' id='word_1_52' title='bbox 1912 836 1995 874; x_wconf 83' lang='lat' dir='ltr'><strong>es-</strong></span> 
     </span>
    </p>
   </div>
   <div class='ocr_carea' id='block_1_11' title="bbox 381 912 1998 1002">
    <p class='ocr_par' dir='ltr' id='par_1_11' title="bbox 381 912 1998 1002">
     <span class='ocr_line' id='line_1_11' title="bbox 381 912 1998 1002; baseline -0.015 -15"><span class='ocrx_word' id='word_1_53' title='bbox 381 921 388 926; x_wconf 63' lang='grc'><strong>’</strong></span> <span class='ocrx_word' id='word_1_54' title='bbox 413 933 480 987; x_wconf 88' lang='lat' dir='ltr'><strong>tis</strong></span> <span class='ocrx_word' id='word_1_55' title='bbox 499 929 750 1002; x_wconf 79' lang='lat' dir='ltr'><strong>justitite.</strong></span> <span class='ocrx_word' id='word_1_56' title='bbox 796 923 1012 981; x_wconf 87' lang='lat' dir='ltr'><strong>Peccati</strong></span> <span class='ocrx_word' id='word_1_57' title='bbox 1039 921 1366 978; x_wconf 76' lang='lat' dir='ltr'><strong>servitutem</strong></span> <span class='ocrx_word' id='word_1_58' title='bbox 1392 916 1743 978; x_wconf 75' lang='lat' dir='ltr'><strong>excussistis,</strong></span> <span class='ocrx_word' id='word_1_59' title='bbox 1769 912 1998 984; x_wconf 74' lang='lat' dir='ltr'><strong>justitize</strong></span> 
     </span>
    </p>
   </div>
   <div class='ocr_carea' id='block_1_12' title="bbox 413 1011 1997 1090">
    <p class='ocr_par' dir='ltr' id='par_1_12' title="bbox 413 1011 1997 1090">
     <span class='ocr_line' id='line_1_12' title="bbox 413 1011 1997 1090; baseline -0.014 -12"><span class='ocrx_word' id='word_1_60' title='bbox 413 1033 594 1078; x_wconf 88' lang='lat' dir='ltr'><strong>autem</strong></span> <span class='ocrx_word' id='word_1_61' title='bbox 646 1020 844 1090; x_wconf 82' lang='lat' dir='ltr'><strong>jugnm</strong></span> <span class='ocrx_word' id='word_1_62' title='bbox 901 1014 1174 1072; x_wconf 89' lang='lat' dir='ltr'><strong>subiistis.</strong></span> <span class='ocrx_word' id='word_1_63' title='bbox 1209 1011 1354 1068; x_wconf 79' lang='lat' dir='ltr'><strong>Fieri</strong></span> <span class='ocrx_word' id='word_1_64' title='bbox 1387 1026 1518 1081; x_wconf 79' lang='lat' dir='ltr'><strong>ergo</strong></span> <span class='ocrx_word' id='word_1_65' title='bbox 1565 1024 1672 1063; x_wconf 88' lang='lat' dir='ltr'><strong>non</strong></span> <span class='ocrx_word' id='word_1_66' title='bbox 1706 1014 1887 1078; x_wconf 84' lang='lat' dir='ltr'><strong>potest</strong></span> <span class='ocrx_word' id='word_1_67' title='bbox 1918 1015 1997 1070; x_wconf 90' lang='lat' dir='ltr'><strong>ut,</strong></span> 
     </span>
    </p>
   </div>
   <div class='ocr_carea' id='block_1_13' title="bbox 413 1101 1750 1175">
    <p class='ocr_par' dir='ltr' id='par_1_13' title="bbox 413 1101 1750 1175">
     <span class='ocr_line' id='line_1_13' title="bbox 413 1101 1750 1175; baseline -0.014 -4"><span class='ocrx_word' id='word_1_68' title='bbox 413 1131 539 1172; x_wconf 89' lang='lat' dir='ltr'><strong>cum</strong></span> <span class='ocrx_word' id='word_1_69' title='bbox 575 1114 680 1167; x_wconf 89' lang='lat' dir='ltr'><strong>hoc</strong></span> <span class='ocrx_word' id='word_1_70' title='bbox 723 1109 995 1171; x_wconf 89' lang='lat' dir='ltr'><strong>habeatis,</strong></span> <span class='ocrx_word' id='word_1_71' title='bbox 1022 1106 1171 1161; x_wconf 85' lang='lat' dir='ltr'><strong>illius</strong></span> <span class='ocrx_word' id='word_1_72' title='bbox 1202 1104 1489 1175; x_wconf 69' lang='lat' dir='ltr'><strong>praeceptis</strong></span> <span class='ocrx_word' id='word_1_73' title='bbox 1522 1101 1750 1157; x_wconf 85' lang='lat' dir='ltr'><strong>cedatis.</strong></span> 
     </span>
    </p>
   </div>
   <div class='ocr_carea' id='block_1_14' title="bbox 489 1272 2002 1348">
    <p class='ocr_par' dir='ltr' id='par_1_14' title="bbox 489 1272 2002 1348">
     <span class='ocr_line' id='line_1_14' title="bbox 489 1272 2002 1348; baseline -0.019 0"><span class='ocrx_word' id='word_1_74' title='bbox 489 1294 654 1348; x_wconf 67' lang='lat' dir='ltr'><strong>Vens.</strong></span> <span class='ocrx_word' id='word_1_75' title='bbox 709 1291 795 1346; x_wconf 77' lang='lat' dir='ltr'><strong>i9.</strong></span> <span class='ocrx_word' id='word_1_76' title='bbox 853 1288 1156 1342; x_wconf 80' lang='lat' dir='ltr'><strong>Hunmnum</strong></span> <span class='ocrx_word' id='word_1_77' title='bbox 1208 1282 1327 1335; x_wconf 82' lang='lat' dir='ltr'><strong>dico</strong></span> <span class='ocrx_word' id='word_1_78' title='bbox 1371 1287 1583 1347; x_wconf 77' lang='lat' dir='ltr'><strong>propter</strong></span> <span class='ocrx_word' id='word_1_79' title='bbox 1637 1272 2002 1341; x_wconf 89' lang='lat' dir='ltr'><strong>in/irmitatem</strong></span> 
     </span>
    </p>
   </div>
   <div class='ocr_carea' id='block_1_15' title="bbox 419 1361 2002 1444">
    <p class='ocr_par' dir='ltr' id='par_1_15' title="bbox 419 1361 2002 1444">
     <span class='ocr_line' id='line_1_15' title="bbox 419 1361 2002 1444; baseline -0.023 0"><span class='ocrx_word' id='word_1_80' title='bbox 419 1388 594 1444; x_wconf 88' lang='lat' dir='ltr'><strong>carnis</strong></span> <span class='ocrx_word' id='word_1_81' title='bbox 622 1395 824 1441; x_wconf 77' lang='lat' dir='ltr'><strong>t&#39;estra’.</strong></span> <span class='ocrx_word' id='word_1_82' title='bbox 873 1381 952 1436; x_wconf 80' lang='lat' dir='ltr'><strong>Ad</strong></span> <span class='ocrx_word' id='word_1_83' title='bbox 1003 1386 1218 1433; x_wconf 74' lang='lat' dir='ltr'><strong>natura:</strong></span> <span class='ocrx_word' id='word_1_84' title='bbox 1249 1371 1622 1428; x_wconf 79' lang='lat' dir='ltr'><strong>conditionem</strong></span> <span class='ocrx_word' id='word_1_85' title='bbox 1660 1361 2002 1418; x_wconf 84' lang='lat' dir='ltr'><strong>cohortatio-</strong></span> 
     </span>
    </p>
   </div>
   <div class='ocr_carea' id='block_1_16' title="bbox 422 1454 2005 1546">
    <p class='ocr_par' dir='ltr' id='par_1_16' title="bbox 422 1454 2005 1546">
     <span class='ocr_line' id='line_1_16' title="bbox 422 1454 2005 1546; baseline -0.021 -8"><span class='ocrx_word' id='word_1_86' title='bbox 422 1498 543 1537; x_wconf 87' lang='lat' dir='ltr'><strong>nem</strong></span> <span class='ocrx_word' id='word_1_87' title='bbox 591 1487 915 1546; x_wconf 87' lang='lat' dir='ltr'><strong>attempcro.</strong></span> <span class='ocrx_word' id='word_1_88' title='bbox 962 1471 1091 1526; x_wconf 81' lang='lat' dir='ltr'><strong>Scio</strong></span> <span class='ocrx_word' id='word_1_89' title='bbox 1116 1467 1260 1522; x_wconf 88' lang='lat' dir='ltr'><strong>enim</strong></span> <span class='ocrx_word' id='word_1_90' title='bbox 1285 1478 1407 1534; x_wconf 72' lang='lat' dir='ltr'><strong>qua:</strong></span> <span class='ocrx_word' id='word_1_91' title='bbox 1433 1462 1487 1514; x_wconf 94' lang='lat' dir='ltr'><strong>in</strong></span> <span class='ocrx_word' id='word_1_92' title='bbox 1519 1454 1738 1512; x_wconf 84' lang='lat' dir='ltr'><strong>mortali</strong></span> <span class='ocrx_word' id='word_1_93' title='bbox 1769 1466 2005 1522; x_wconf 86' lang='lat' dir='ltr'><strong>corpore</strong></span> 
     </span>
    </p>
   </div>
   <div class='ocr_carea' id='block_1_17' title="bbox 419 1556 1412 1638">
    <p class='ocr_par' dir='ltr' id='par_1_17' title="bbox 419 1556 1412 1638">
     <span class='ocr_line' id='line_1_17' title="bbox 419 1556 1412 1638; baseline -0.021 -11"><span class='ocrx_word' id='word_1_94' title='bbox 419 1577 710 1638; x_wconf 76' lang='lat' dir='ltr'><strong>moventur</strong></span> <span class='ocrx_word' id='word_1_95' title='bbox 743 1562 911 1619; x_wconf 88' lang='lat' dir='ltr'><strong>animi</strong></span> <span class='ocrx_word' id='word_1_96' title='bbox 947 1556 1412 1630; x_wconf 83' lang='lat' dir='ltr'><strong>perturbationes.</strong></span> 
     </span>
    </p>
   </div>
   <div class='ocr_carea' id='block_1_18' title="bbox 488 1634 2006 1718">
    <p class='ocr_par' dir='ltr' id='par_1_18' title="bbox 488 1634 2006 1718">
     <span class='ocr_line' id='line_1_18' title="bbox 488 1634 2006 1718; baseline -0.022 -1"><span class='ocrx_word' id='word_1_97' title='bbox 488 1660 794 1718; x_wconf 85' lang='lat' dir='ltr'><strong>Sicutenim</strong></span> <span class='ocrx_word' id='word_1_98' title='bbox 821 1651 1136 1710; x_wconf 70' lang='lat' dir='ltr'><strong>exhibitis-tis</strong></span> <span class='ocrx_word' id='word_1_99' title='bbox 1173 1645 1406 1700; x_wconf 87' lang='lat' dir='ltr'><strong>membra</strong></span> <span class='ocrx_word' id='word_1_100' title='bbox 1456 1652 1624 1696; x_wconf 89' lang='lat' dir='ltr'><strong>vestra</strong></span> <span class='ocrx_word' id='word_1_101' title='bbox 1663 1637 1858 1692; x_wconf 85' lang='lat' dir='ltr'><strong>serrire</strong></span> <span class='ocrx_word' id='word_1_102' title='bbox 1907 1634 2006 1686; x_wconf 89' lang='lat' dir='ltr'><strong>im-</strong></span> 
     </span>
    </p>
   </div>
   <div class='ocr_carea' id='block_1_19' title="bbox 2097 434 3677 514">
    <p class='ocr_par' dir='ltr' id='par_1_19' title="bbox 2097 434 3677 514">
     <span class='ocr_line' id='line_1_19' title="bbox 2097 434 3677 514; baseline -0.003 -18"><span class='ocrx_word' id='word_1_103' title='bbox 2097 442 2216 514; x_wconf 80' lang='grc' dir='ltr'><strong>Θεῷ</strong></span> <span class='ocrx_word' id='word_1_104' title='bbox 2244 443 2335 496; x_wconf 67' lang='grc' dir='ltr'><strong>τὸν</strong></span> <span class='ocrx_word' id='word_1_105' title='bbox 2367 441 2536 513; x_wconf 76' lang='grc' dir='ltr'>ὕμνον</span> <span class='ocrx_word' id='word_1_106' title='bbox 2568 439 2973 512; x_wconf 77' lang='grc' dir='ltr'>προσενεγκὼν.</span> <span class='ocrx_word' id='word_1_107' title='bbox 3020 439 3209 494; x_wconf 78' lang='grc' dir='ltr'>Δοῦλοι</span> <span class='ocrx_word' id='word_1_108' title='bbox 3238 441 3346 513; x_wconf 80' lang='grc' dir='ltr'>γὰρ</span> <span class='ocrx_word' id='word_1_109' title='bbox 3367 434 3489 511; x_wconf 78' lang='grc' dir='ltr'>ἦτε,</span> <span class='ocrx_word' id='word_1_110' title='bbox 3521 438 3677 509; x_wconf 72' lang='grc' dir='ltr'>φησὶ,</span> 
     </span>
    </p>
   </div>
   <div class='ocr_carea' id='block_1_20' title="bbox 2093 531 3666 607">
    <p class='ocr_par' dir='ltr' id='par_1_20' title="bbox 2093 531 3666 607">
     <span class='ocr_line' id='line_1_20' title="bbox 2093 531 3666 607; baseline -0.003 -18"><span class='ocrx_word' id='word_1_111' title='bbox 2093 538 2191 607; x_wconf 74' lang='grc' dir='ltr'>τῆς</span> <span class='ocrx_word' id='word_1_112' title='bbox 2221 534 2518 605; x_wconf 76' lang='grc' dir='ltr'>ἁμαρτίας,</span> <span class='ocrx_word' id='word_1_113' title='bbox 2548 533 2857 604; x_wconf 75' lang='grc' dir='ltr'><strong>αὐθαιρέτῳ</strong></span> <span class='ocrx_word' id='word_1_114' title='bbox 2889 533 2943 586; x_wconf 80' lang='grc' dir='ltr'><strong>δὲ</strong></span> <span class='ocrx_word' id='word_1_115' title='bbox 2967 532 3160 604; x_wconf 81' lang='grc' dir='ltr'>γνώμῃ</span> <span class='ocrx_word' id='word_1_116' title='bbox 3193 532 3291 602; x_wconf 80' lang='grc' dir='ltr'><strong>τὴν</strong></span> <span class='ocrx_word' id='word_1_117' title='bbox 3313 531 3530 602; x_wconf 76' lang='grc' dir='ltr'><strong>ἐκείνης</strong></span> <span class='ocrx_word' id='word_1_118' title='bbox 3561 534 3666 585; x_wconf 74' lang='grc' dir='ltr'><strong>ἀπο</strong></span> 
     </span>
    </p>
   </div>
   <div class='ocr_carea' id='block_1_21' title="bbox 2097 623 3679 695">
    <p class='ocr_par' dir='ltr' id='par_1_21' title="bbox 2097 623 3679 695">
     <span class='ocr_line' id='line_1_21' title="bbox 2097 623 3679 695; baseline -0.003 -14"><span class='ocrx_word' id='word_1_119' title='bbox 2097 625 2384 680; x_wconf 84' lang='grc' dir='ltr'>εσείσασθε</span> <span class='ocrx_word' id='word_1_120' title='bbox 2403 624 2742 689; x_wconf 74' lang='grc' dir='ltr'><strong>δεσποτείαν,</strong></span> <span class='ocrx_word' id='word_1_121' title='bbox 2773 625 2868 678; x_wconf 77' lang='grc' dir='ltr'>καὶ</span> <span class='ocrx_word' id='word_1_122' title='bbox 2889 624 2988 694; x_wconf 71' lang='grc' dir='ltr'>τὴν</span> <span class='ocrx_word' id='word_1_123' title='bbox 3020 623 3397 695; x_wconf 76' lang='grc' dir='ltr'>πνευματικὴν</span> <span class='ocrx_word' id='word_1_124' title='bbox 3421 623 3679 677; x_wconf 80' lang='grc' dir='ltr'>διδασκα-</span> 
     </span>
    </p>
   </div>
   <div class='ocr_carea' id='block_1_22' title="bbox 2097 713 2582 786">
    <p class='ocr_par' dir='ltr' id='par_1_22' title="bbox 2097 713 2582 786">
     <span class='ocr_line' id='line_1_22' title="bbox 2097 713 2582 786; baseline -0.004 -17"><span class='ocrx_word' id='word_1_125' title='bbox 2097 716 2216 772; x_wconf 87' lang='grc' dir='ltr'>λίαν</span> <span class='ocrx_word' id='word_1_126' title='bbox 2241 713 2582 786; x_wconf 77' lang='grc' dir='ltr'>ὴσπάσασθε.</span> 
     </span>
    </p>
   </div>
   <div class='ocr_carea' id='block_1_23' title="bbox 2173 804 3659 882">
    <p class='ocr_par' dir='ltr' id='par_1_23' title="bbox 2173 804 3659 882">
     <span class='ocr_line' id='line_1_23' title="bbox 2173 804 3659 882; baseline -0.004 -19"><span class='ocrx_word' id='word_1_127' title='bbox 2173 815 2265 882; x_wconf 84' lang='grc' dir='ltr'>ιη’.</span> <span class='ocrx_word' id='word_1_128' title='bbox 2331 807 2856 876; x_wconf 73' lang='grc' dir='ltr'>Ἐλευθερωθέντες</span> <span class='ocrx_word' id='word_1_129' title='bbox 2915 807 2982 860; x_wconf 80' lang='grc' dir='ltr'>δὲ</span> <span class='ocrx_word' id='word_1_130' title='bbox 3031 806 3148 861; x_wconf 78' lang='grc' dir='ltr'><strong>ἀπὸ</strong></span> <span class='ocrx_word' id='word_1_131' title='bbox 3204 804 3313 873; x_wconf 75' lang='grc' dir='ltr'>τῆς</span> <span class='ocrx_word' id='word_1_132' title='bbox 3367 805 3659 874; x_wconf 78' lang='grc' dir='ltr'>ἁμαρτίας</span> 
     </span>
    </p>
   </div>
   <div class='ocr_carea' id='block_1_24' title="bbox 2100 898 3679 970">
    <p class='ocr_par' dir='ltr' id='par_1_24' title="bbox 2100 898 3679 970">
     <span class='ocr_line' id='line_1_24' title="bbox 2100 898 3679 970; baseline -0.004 -14"><span class='ocrx_word' id='word_1_133' title='bbox 2100 901 2476 970; x_wconf 76' lang='grc' dir='ltr'><strong>ἐδουλώθητε</strong></span> <span class='ocrx_word' id='word_1_134' title='bbox 2538 898 2613 968; x_wconf 78' lang='grc' dir='ltr'>τῇ</span> <span class='ocrx_word' id='word_1_135' title='bbox 2663 899 3039 967; x_wconf 73' lang='grc' dir='ltr'><strong>δικαιοσύνῃ.</strong></span> <span class='ocrx_word' id='word_1_136' title='bbox 3099 899 3208 968; x_wconf 75' lang='grc' dir='ltr'><strong>Τὴν</strong></span> <span class='ocrx_word' id='word_1_137' title='bbox 3259 898 3358 967; x_wconf 76' lang='grc' dir='ltr'><strong>τῆς</strong></span> <span class='ocrx_word' id='word_1_138' title='bbox 3407 898 3679 970; x_wconf 68' lang='grc' dir='ltr'>ἁμαρτίας</span> 
     </span>
    </p>
   </div>
   <div class='ocr_carea' id='block_1_25' title="bbox 2101 989 3683 1061">
    <p class='ocr_par' dir='ltr' id='par_1_25' title="bbox 2101 989 3683 1061">
     <span class='ocr_line' id='line_1_25' title="bbox 2101 989 3683 1061; baseline -0.003 -12"><span class='ocrx_word' id='word_1_139' title='bbox 2101 993 2464 1049; x_wconf 80' lang='grc' dir='ltr'>ἀπεσείσασθε</span> <span class='ocrx_word' id='word_1_140' title='bbox 2501 992 2765 1056; x_wconf 76' lang='grc' dir='ltr'><strong>δουλείαν,</strong></span> <span class='ocrx_word' id='word_1_141' title='bbox 2802 993 2894 1046; x_wconf 67' lang='grc' dir='ltr'><strong>τὸν</strong></span> <span class='ocrx_word' id='word_1_142' title='bbox 2921 992 2978 1045; x_wconf 79' lang='grc' dir='ltr'>δὲ</span> <span class='ocrx_word' id='word_1_143' title='bbox 3011 992 3109 1061; x_wconf 76' lang='grc' dir='ltr'>τῆς</span> <span class='ocrx_word' id='word_1_144' title='bbox 3141 989 3488 1060; x_wconf 70' lang='grc' dir='ltr'><strong>δικαιοσύνης</strong></span> <span class='ocrx_word' id='word_1_145' title='bbox 3519 991 3683 1059; x_wconf 78' lang='grc' dir='ltr'>ζυγὸν</span> 
     </span>
    </p>
   </div>
   <div class='ocr_carea' id='block_1_26' title="bbox 2105 1077 3681 1156">
    <p class='ocr_par' dir='ltr' id='par_1_26' title="bbox 2105 1077 3681 1156">
     <span class='ocr_line' id='line_1_26' title="bbox 2105 1077 3681 1156; baseline -0.003 -16"><span class='ocrx_word' id='word_1_146' title='bbox 2105 1085 2482 1156; x_wconf 79' lang='grc' dir='ltr'>ὑπεισήλθετε.</span> <span class='ocrx_word' id='word_1_147' title='bbox 2505 1086 2616 1155; x_wconf 78' lang='grc' dir='ltr'><strong>Οὐχ</strong></span> <span class='ocrx_word' id='word_1_148' title='bbox 2644 1077 2756 1137; x_wconf 77' lang='grc' dir='ltr'>οἷόν</span> <span class='ocrx_word' id='word_1_149' title='bbox 2781 1101 2840 1136; x_wconf 91' lang='grc' dir='ltr'><strong>τε</strong></span> <span class='ocrx_word' id='word_1_150' title='bbox 2866 1082 3046 1136; x_wconf 84' lang='grc' dir='ltr'>τοίνυν</span> <span class='ocrx_word' id='word_1_151' title='bbox 3078 1083 3223 1153; x_wconf 80' lang='grc' dir='ltr'>ὑμᾶς</span> <span class='ocrx_word' id='word_1_152' title='bbox 3250 1079 3437 1134; x_wconf 75' lang='grc' dir='ltr'>τοῦτον</span> <span class='ocrx_word' id='word_1_153' title='bbox 3460 1081 3681 1152; x_wconf 84' lang='grc' dir='ltr'>ἔχοντας</span> 
     </span>
    </p>
   </div>
   <div class='ocr_carea' id='block_1_27' title="bbox 2103 1175 3148 1246">
    <p class='ocr_par' dir='ltr' id='par_1_27' title="bbox 2103 1175 3148 1246">
     <span class='ocr_line' id='line_1_27' title="bbox 2103 1175 3148 1246; baseline -0.007 -14"><span class='ocrx_word' id='word_1_154' title='bbox 2103 1183 2215 1242; x_wconf 84' lang='grc' dir='ltr'>τοῖς</span> <span class='ocrx_word' id='word_1_155' title='bbox 2251 1178 2459 1232; x_wconf 78' lang='grc' dir='ltr'>ἐκείνου</span> <span class='ocrx_word' id='word_1_156' title='bbox 2489 1177 2534 1208; x_wconf 75' lang='grc'>⁸³</span> <span class='ocrx_word' id='word_1_157' title='bbox 2562 1176 2932 1246; x_wconf 82' lang='grc' dir='ltr'><strong>ἐπιτάγμασιν</strong></span> <span class='ocrx_word' id='word_1_158' title='bbox 2961 1175 3148 1227; x_wconf 77' lang='grc' dir='ltr'>εἴκειν.</span> 
     </span>
    </p>
   </div>
   <div class='ocr_carea' id='block_1_28' title="bbox 2180 1261 3678 1338">
    <p class='ocr_par' dir='ltr' id='par_1_28' title="bbox 2180 1261 3678 1338">
     <span class='ocr_line' id='line_1_28' title="bbox 2180 1261 3678 1338; baseline -0.006 -14"><span class='ocrx_word' id='word_1_159' title='bbox 2180 1270 2263 1324; x_wconf 83' lang='lat' dir='ltr'><strong>tO&#39;.</strong></span> <span class='ocrx_word' id='word_1_160' title='bbox 2300 1267 2703 1338; x_wconf 77' lang='grc' dir='ltr'>Ἀνθρώπινον</span> <span class='ocrx_word' id='word_1_161' title='bbox 2739 1265 2914 1336; x_wconf 74' lang='grc' dir='ltr'>λέγω,</span> <span class='ocrx_word' id='word_1_162' title='bbox 2943 1265 3041 1319; x_wconf 80' lang='grc' dir='ltr'>διὰ</span> <span class='ocrx_word' id='word_1_163' title='bbox 3073 1263 3185 1332; x_wconf 78' lang='grc' dir='ltr'>τὴν</span> <span class='ocrx_word' id='word_1_164' title='bbox 3213 1261 3536 1318; x_wconf 77' lang='grc' dir='ltr'>ἀσθένειαν</span> <span class='ocrx_word' id='word_1_165' title='bbox 3574 1262 3678 1330; x_wconf 79' lang='grc' dir='ltr'>τῆς</span> 
     </span>
    </p>
   </div>
   <div class='ocr_carea' id='block_1_29' title="bbox 2105 1354 3682 1432">
    <p class='ocr_par' dir='ltr' id='par_1_29' title="bbox 2105 1354 3682 1432">
     <span class='ocr_line' id='line_1_29' title="bbox 2105 1354 3682 1432; baseline -0.004 -15"><span class='ocrx_word' id='word_1_166' title='bbox 2105 1361 2334 1432; x_wconf 76' lang='grc' dir='ltr'>σαρκὸς</span> <span class='ocrx_word' id='word_1_167' title='bbox 2373 1359 2560 1430; x_wconf 81' lang='grc' dir='ltr'>ὑμῶν.</span> <span class='ocrx_word' id='word_1_168' title='bbox 2597 1361 2676 1431; x_wconf 80' lang='grc' dir='ltr'><strong>Τῇ</strong></span> <span class='ocrx_word' id='word_1_169' title='bbox 2717 1359 2876 1428; x_wconf 87' lang='grc' dir='ltr'>φύσει</span> <span class='ocrx_word' id='word_1_170' title='bbox 2937 1355 3122 1428; x_wconf 85' lang='grc' dir='ltr'>μετρῶ</span> <span class='ocrx_word' id='word_1_171' title='bbox 3181 1355 3280 1425; x_wconf 74' lang='grc' dir='ltr'>τὴν</span> <span class='ocrx_word' id='word_1_172' title='bbox 3338 1354 3682 1422; x_wconf 87' lang='grc' dir='ltr'>παραίνεσιν.</span> 
     </span>
    </p>
   </div>
   <div class='ocr_carea' id='block_1_30' title="bbox 2106 1447 3654 1525">
    <p class='ocr_par' dir='ltr' id='par_1_30' title="bbox 2106 1447 3654 1525">
     <span class='ocr_line' id='line_1_30' title="bbox 2106 1447 3654 1525; baseline -0.006 -17"><span class='ocrx_word' id='word_1_173' title='bbox 2106 1452 2238 1508; x_wconf 80' lang='grc' dir='ltr'>οἶδα</span> <span class='ocrx_word' id='word_1_174' title='bbox 2263 1454 2370 1525; x_wconf 87' lang='grc' dir='ltr'><strong>γὰρ</strong></span> <span class='ocrx_word' id='word_1_175' title='bbox 2403 1453 2472 1506; x_wconf 69' lang='grc' dir='ltr'>τὰ</span> <span class='ocrx_word' id='word_1_176' title='bbox 2511 1454 2566 1506; x_wconf 77' lang='grc' dir='ltr'><strong>ἐν</strong></span> <span class='ocrx_word' id='word_1_177' title='bbox 2592 1451 2670 1523; x_wconf 84' lang='grc' dir='ltr'>τῷ</span> <span class='ocrx_word' id='word_1_178' title='bbox 2693 1451 2872 1522; x_wconf 82' lang='grc' dir='ltr'>θνητῷ</span> <span class='ocrx_word' id='word_1_179' title='bbox 2908 1449 3121 1519; x_wconf 83' lang='grc' dir='ltr'>σώματι</span> <span class='ocrx_word' id='word_1_180' title='bbox 3153 1447 3452 1518; x_wconf 84' lang='grc' dir='ltr'>κινούμενα</span> <span class='ocrx_word' id='word_1_181' title='bbox 3482 1447 3654 1518; x_wconf 83' lang='grc' dir='ltr'>πάθη.</span> 
     </span>
    </p>
   </div>
   <div class='ocr_carea' id='block_1_31' title="bbox 2179 1536 3689 1614">
    <p class='ocr_par' dir='ltr' id='par_1_31' title="bbox 2179 1536 3689 1614">
     <span class='ocr_line' id='line_1_31' title="bbox 2179 1536 3689 1614; baseline -0.005 -16"><span class='ocrx_word' id='word_1_182' title='bbox 2179 1545 2408 1612; x_wconf 78' lang='grc' dir='ltr'>Ὥσπερ</span> <span class='ocrx_word' id='word_1_183' title='bbox 2437 1544 2548 1614; x_wconf 80' lang='grc' dir='ltr'>γὰρ</span> <span class='ocrx_word' id='word_1_184' title='bbox 2576 1541 2998 1611; x_wconf 78' lang='grc' dir='ltr'><strong>παρεστήσατε</strong></span> <span class='ocrx_word' id='word_1_185' title='bbox 3025 1539 3096 1593; x_wconf 85' lang='grc' dir='ltr'>τὰ</span> <span class='ocrx_word' id='word_1_186' title='bbox 3113 1538 3272 1608; x_wconf 75' lang='grc' dir='ltr'>μέλη</span> <span class='ocrx_word' id='word_1_187' title='bbox 3298 1537 3465 1608; x_wconf 79' lang='grc' dir='ltr'>ὑμῶν</span> <span class='ocrx_word' id='word_1_188' title='bbox 3496 1536 3689 1591; x_wconf 71' lang='grc' dir='ltr'>δοῦλα</span> 
     </span>
    </p>
   </div>
   <div class='ocr_carea' id='block_1_32' title="bbox 2108 1629 3686 1703">
    <p class='ocr_par' dir='ltr' id='par_1_32' title="bbox 2108 1629 3686 1703">
     <span class='ocr_line' id='line_1_32' title="bbox 2108 1629 3686 1703; baseline -0.004 -14"><span class='ocrx_word' id='word_1_189' title='bbox 2108 1633 2182 1703; x_wconf 77' lang='grc' dir='ltr'>τῇ</span> <span class='ocrx_word' id='word_1_190' title='bbox 2221 1634 2561 1702; x_wconf 81' lang='grc' dir='ltr'><strong>ἀκαθαρσίᾳ</strong></span> <span class='ocrx_word' id='word_1_191' title='bbox 2615 1634 2712 1686; x_wconf 78' lang='grc' dir='ltr'>καὶ</span> <span class='ocrx_word' id='word_1_192' title='bbox 2753 1631 2829 1700; x_wconf 77' lang='grc' dir='ltr'>τῇ</span> <span class='ocrx_word' id='word_1_193' title='bbox 2870 1631 3087 1700; x_wconf 79' lang='grc' dir='ltr'><strong>ἀνομίᾳ</strong></span> <span class='ocrx_word' id='word_1_194' title='bbox 3125 1633 3211 1696; x_wconf 83' lang='grc' dir='ltr'><strong>είς</strong></span> <span class='ocrx_word' id='word_1_195' title='bbox 3261 1629 3378 1696; x_wconf 76' lang='grc' dir='ltr'>τὴν</span> <span class='ocrx_word' id='word_1_196' title='bbox 3408 1629 3686 1699; x_wconf 81' lang='grc' dir='ltr'><strong>ἀνομίαν,</strong></span> 
     </span>
    </p>
   </div>
   <div class='ocr_carea' id='block_1_33' title="bbox 417 1722 2010 1816">
    <p class='ocr_par' dir='ltr' id='par_1_33' title="bbox 417 1725 2005 1816">
     <span class='ocr_line' id='line_1_33' title="bbox 417 1725 2005 1816; baseline -0.022 -6"><span class='ocrx_word' id='word_1_197' title='bbox 417 1752 673 1809; x_wconf 69' lang='lat' dir='ltr'><strong>munditer</strong></span> <span class='ocrx_word' id='word_1_198' title='bbox 707 1760 753 1803; x_wconf 89' lang='lat' dir='ltr'><strong>et</strong></span> <span class='ocrx_word' id='word_1_199' title='bbox 782 1744 1056 1816; x_wconf 76' lang='lat' dir='ltr'><strong>iniquitati</strong></span> <span class='ocrx_word' id='word_1_200' title='bbox 1097 1739 1162 1793; x_wconf 85' lang='lat' dir='ltr'><strong>ad</strong></span> <span class='ocrx_word' id='word_1_201' title='bbox 1212 1735 1570 1805; x_wconf 77' lang='lat' dir='ltr'><strong>iniquitatem,</strong></span> <span class='ocrx_word' id='word_1_202' title='bbox 1602 1731 1676 1784; x_wconf 88' lang='lat' dir='ltr'><strong>ita</strong></span> <span class='ocrx_word' id='word_1_203' title='bbox 1703 1742 1840 1781; x_wconf 88' lang='lat' dir='ltr'><strong>mmc</strong></span> <span class='ocrx_word' id='word_1_204' title='bbox 1863 1725 2005 1778; x_wconf 72' lang='lat' dir='ltr'><strong>exhi-</strong></span> 
     </span>
    </p>
   </div>
   <div class='ocr_carea' id='block_1_34' title="bbox 2118 1722 3690 1816">
    <p class='ocr_par' dir='ltr' id='par_1_34' title="bbox 2118 1722 3690 1797">
     <span class='ocr_line' id='line_1_34' title="bbox 2118 1722 3690 1797; baseline -0.005 -13"><span class='ocrx_word' id='word_1_205' title='bbox 2118 1731 2261 1785; x_wconf 82' lang='grc' dir='ltr'>οὕτω</span> <span class='ocrx_word' id='word_1_206' title='bbox 2299 1729 2416 1784; x_wconf 86' lang='grc' dir='ltr'>νῦν</span> <span class='ocrx_word' id='word_1_207' title='bbox 2455 1726 2888 1797; x_wconf 76' lang='grc' dir='ltr'><strong>παραστήσατε</strong></span> <span class='ocrx_word' id='word_1_208' title='bbox 2921 1727 2992 1780; x_wconf 80' lang='grc' dir='ltr'>τὰ</span> <span class='ocrx_word' id='word_1_209' title='bbox 3025 1726 3181 1794; x_wconf 78' lang='grc' dir='ltr'>μέλη</span> <span class='ocrx_word' id='word_1_210' title='bbox 3205 1723 3372 1793; x_wconf 80' lang='grc' dir='ltr'>ὑμῶν</span> <span class='ocrx_word' id='word_1_211' title='bbox 3393 1723 3584 1778; x_wconf 75' lang='grc' dir='ltr'>δοῦλα</span> <span class='ocrx_word' id='word_1_212' title='bbox 3614 1722 3690 1791; x_wconf 83' lang='grc' dir='ltr'>τῇ</span> 
     </span>
    </p>
   </div>
   <div class='ocr_carea' id='block_1_35' title="bbox 419 1816 2004 1901">
    <p class='ocr_par' dir='ltr' id='par_1_35' title="bbox 419 1816 2004 1901">
     <span class='ocr_line' id='line_1_35' title="bbox 419 1816 2004 1901; baseline -0.022 0"><span class='ocrx_word' id='word_1_213' title='bbox 419 1847 529 1901; x_wconf 81' lang='lat' dir='ltr'><strong>bete</strong></span> <span class='ocrx_word' id='word_1_214' title='bbox 557 1841 787 1898; x_wconf 87' lang='lat' dir='ltr'><strong>membra</strong></span> <span class='ocrx_word' id='word_1_215' title='bbox 815 1846 988 1892; x_wconf 84' lang='lat' dir='ltr'><strong>vestra</strong></span> <span class='ocrx_word' id='word_1_216' title='bbox 1018 1831 1209 1888; x_wconf 75' lang='lat' dir='ltr'><strong>servire</strong></span> <span class='ocrx_word' id='word_1_217' title='bbox 1244 1825 1476 1898; x_wconf 72' lang='lat' dir='ltr'><strong>justitia:</strong></span> <span class='ocrx_word' id='word_1_218' title='bbox 1505 1820 1572 1876; x_wconf 87' lang='lat' dir='ltr'><strong>ad</strong></span> <span class='ocrx_word' id='word_1_219' title='bbox 1617 1816 2004 1886; x_wconf 83' lang='lat' dir='ltr'><strong>sanctiﬁcatio-</strong></span> 
     </span>
    </p>
   </div>
   <div class='ocr_carea' id='block_1_36' title="bbox 421 1916 2004 1996">
    <p class='ocr_par' dir='ltr' id='par_1_36' title="bbox 421 1916 2004 1996">
     <span class='ocr_line' id='line_1_36' title="bbox 421 1916 2004 1996; baseline -0.022 -2"><span class='ocrx_word' id='word_1_220' title='bbox 421 1955 558 1994; x_wconf 81' lang='lat' dir='ltr'><strong>nem.</strong></span> <span class='ocrx_word' id='word_1_221' title='bbox 607 1933 712 1989; x_wconf 81' lang='lat' dir='ltr'><strong>Per</strong></span> <span class='ocrx_word' id='word_1_222' title='bbox 756 1931 870 1985; x_wconf 80' lang='lat' dir='ltr'><strong>haec</strong></span> <span class='ocrx_word' id='word_1_223' title='bbox 919 1939 1143 1996; x_wconf 90' lang='lat' dir='ltr'><strong>quoque</strong></span> <span class='ocrx_word' id='word_1_224' title='bbox 1199 1916 1440 1975; x_wconf 83' lang='lat' dir='ltr'><strong>ostendit</strong></span> <span class='ocrx_word' id='word_1_225' title='bbox 1482 1929 1589 1969; x_wconf 93' lang='lat' dir='ltr'><strong>non</strong></span> <span class='ocrx_word' id='word_1_226' title='bbox 1635 1926 1758 1967; x_wconf 90' lang='lat' dir='ltr'><strong>esse</strong></span> <span class='ocrx_word' id='word_1_227' title='bbox 1800 1921 2004 1978; x_wconf 89' lang='lat' dir='ltr'><strong>corpus</strong></span> 
     </span>
    </p>
   </div>
   <div class='ocr_carea' id='block_1_37' title="bbox 421 2002 2006 2095">
    <p class='ocr_par' dir='ltr' id='par_1_37' title="bbox 421 2002 2006 2095">
     <span class='ocr_line' id='line_1_37' title="bbox 421 2002 2006 2095; baseline -0.021 -6"><span class='ocrx_word' id='word_1_228' title='bbox 421 2028 816 2088; x_wconf 88' lang='lat' dir='ltr'><strong>accusandum,</strong></span> <span class='ocrx_word' id='word_1_229' title='bbox 851 2022 958 2095; x_wconf 76' lang='lat'><strong>67</strong></span> <span class='ocrx_word' id='word_1_230' title='bbox 995 2017 1090 2076; x_wconf 86' lang='lat' dir='ltr'><strong>sed</strong></span> <span class='ocrx_word' id='word_1_231' title='bbox 1119 2023 1380 2080; x_wconf 86' lang='lat' dir='ltr'><strong>mentem,</strong></span> <span class='ocrx_word' id='word_1_232' title='bbox 1407 2025 1529 2082; x_wconf 73' lang='lat' dir='ltr'><strong>quae</strong></span> <span class='ocrx_word' id='word_1_233' title='bbox 1565 2005 1699 2062; x_wconf 92' lang='lat' dir='ltr'><strong>illud</strong></span> <span class='ocrx_word' id='word_1_234' title='bbox 1729 2004 1872 2060; x_wconf 85' lang='lat' dir='ltr'><strong>male</strong></span> <span class='ocrx_word' id='word_1_235' title='bbox 1903 2002 2006 2056; x_wconf 91' lang='lat' dir='ltr'><strong>du-</strong></span> 
     </span>
    </p>
   </div>
   <div class='ocr_carea' id='block_1_38' title="bbox 422 2095 2007 2191">
    <p class='ocr_par' dir='ltr' id='par_1_38' title="bbox 422 2095 2007 2191">
     <span class='ocr_line' id='line_1_38' title="bbox 422 2095 2007 2191; baseline -0.021 -11"><span class='ocrx_word' id='word_1_236' title='bbox 422 2126 581 2180; x_wconf 87' lang='lat' dir='ltr'><strong>citet</strong></span> <span class='ocrx_word' id='word_1_237' title='bbox 609 2119 769 2191; x_wconf 75' lang='lat' dir='ltr'><strong>regit.</strong></span> <span class='ocrx_word' id='word_1_238' title='bbox 805 2114 950 2169; x_wconf 82' lang='lat' dir='ltr'><strong>Nihil</strong></span> <span class='ocrx_word' id='word_1_239' title='bbox 980 2120 1164 2166; x_wconf 88' lang='lat' dir='ltr'><strong>autem</strong></span> <span class='ocrx_word' id='word_1_240' title='bbox 1197 2105 1369 2177; x_wconf 76' lang='lat' dir='ltr'><strong>exigit</strong></span> <span class='ocrx_word' id='word_1_241' title='bbox 1418 2118 1446 2156; x_wconf 90' lang='lat' dir='ltr'><strong>a</strong></span> <span class='ocrx_word' id='word_1_242' title='bbox 1495 2099 1658 2155; x_wconf 90' lang='lat' dir='ltr'><strong>nobis</strong></span> <span class='ocrx_word' id='word_1_243' title='bbox 1685 2095 1832 2167; x_wconf 88' lang='lat' dir='ltr'><strong>quod</strong></span> <span class='ocrx_word' id='word_1_244' title='bbox 1870 2109 2007 2165; x_wconf 72' lang='lat' dir='ltr'><strong>prte-</strong></span> 
     </span>
    </p>
   </div>
   <div class='ocr_carea' id='block_1_39' title="bbox 425 2187 2004 2279">
    <p class='ocr_par' dir='ltr' id='par_1_39' title="bbox 425 2187 2004 2279">
     <span class='ocr_line' id='line_1_39' title="bbox 425 2187 2004 2279; baseline -0.02 -7"><span class='ocrx_word' id='word_1_245' title='bbox 425 2215 559 2271; x_wconf 86' lang='lat' dir='ltr'><strong>stari</strong></span> <span class='ocrx_word' id='word_1_246' title='bbox 606 2187 714 2268; x_wconf 75' lang='lat' dir='ltr'><strong>non</strong></span> <span class='ocrx_word' id='word_1_247' title='bbox 765 2201 1096 2279; x_wconf 89' lang='lat' dir='ltr'><strong>possit;sed</strong></span> <span class='ocrx_word' id='word_1_248' title='bbox 1129 2207 1332 2269; x_wconf 66' lang='lat' dir='ltr'><strong>atquae</strong></span> <span class='ocrx_word' id='word_1_249' title='bbox 1357 2202 1582 2267; x_wconf 88' lang='lat' dir='ltr'><strong>peccato</strong></span> <span class='ocrx_word' id='word_1_250' title='bbox 1629 2187 2004 2254; x_wconf 74' lang='lat' dir='ltr'><strong>exhibuimus,</strong></span> 
     </span>
    </p>
   </div>
   <div class='ocr_carea' id='block_1_40' title="bbox 421 2279 2008 2375">
    <p class='ocr_par' dir='ltr' id='par_1_40' title="bbox 421 2279 2008 2375">
     <span class='ocr_line' id='line_1_40' title="bbox 421 2279 2008 2375; baseline -0.02 -11"><span class='ocrx_word' id='word_1_251' title='bbox 421 2324 487 2364; x_wconf 92' lang='lat' dir='ltr'><strong>ca</strong></span> <span class='ocrx_word' id='word_1_252' title='bbox 515 2306 631 2363; x_wconf 90' lang='lat' dir='ltr'><strong>sola</strong></span> <span class='ocrx_word' id='word_1_253' title='bbox 657 2301 884 2375; x_wconf 66' lang='lat' dir='ltr'><strong>iustitia:</strong></span> <span class='ocrx_word' id='word_1_254' title='bbox 915 2296 1280 2369; x_wconf 67' lang='lat' dir='ltr'><strong>praebeamus.</strong></span> <span class='ocrx_word' id='word_1_255' title='bbox 1321 2287 1486 2360; x_wconf 85' lang='lat' dir='ltr'><strong>Atqui</strong></span> <span class='ocrx_word' id='word_1_256' title='bbox 1533 2284 1610 2340; x_wconf 89' lang='lat' dir='ltr'><strong>illi</strong></span> <span class='ocrx_word' id='word_1_257' title='bbox 1658 2281 1879 2352; x_wconf 88' lang='lat' dir='ltr'><strong>quidem</strong></span> <span class='ocrx_word' id='word_1_258' title='bbox 1925 2279 2008 2334; x_wconf 92' lang='lat' dir='ltr'><strong>in-</strong></span> 
     </span>
    </p>
   </div>
   <div class='ocr_carea' id='block_1_41' title="bbox 418 2374 2005 2470">
    <p class='ocr_par' dir='ltr' id='par_1_41' title="bbox 418 2374 2005 2470">
     <span class='ocr_line' id='line_1_41' title="bbox 418 2374 2005 2470; baseline -0.02 -15"><span class='ocrx_word' id='word_1_259' title='bbox 418 2393 800 2470; x_wconf 84' lang='lat' dir='ltr'><strong>justajnbenti</strong></span> <span class='ocrx_word' id='word_1_260' title='bbox 832 2389 1119 2463; x_wconf 89' lang='lat' dir='ltr'><strong>paruimus</strong></span> <span class='ocrx_word' id='word_1_261' title='bbox 1143 2383 1182 2440; x_wconf 77' lang='grc' dir='ltr'><strong>ἰ</strong></span> <span class='ocrx_word' id='word_1_262' title='bbox 1233 2382 1362 2438; x_wconf 83' lang='lat' dir='ltr'><strong>huic</strong></span> <span class='ocrx_word' id='word_1_263' title='bbox 1405 2388 1587 2434; x_wconf 86' lang='lat' dir='ltr'><strong>autem</strong></span> <span class='ocrx_word' id='word_1_264' title='bbox 1617 2374 1663 2429; x_wconf 76' lang='lat' dir='ltr'><strong>si</strong></span> <span class='ocrx_word' id='word_1_265' title='bbox 1689 2384 2005 2444; x_wconf 85' lang='lat' dir='ltr'><strong>pareamus,</strong></span> 
     </span>
    </p>
   </div>
   <div class='ocr_carea' id='block_1_42' title="bbox 423 2480 1300 2548">
    <p class='ocr_par' dir='ltr' id='par_1_42' title="bbox 423 2480 1300 2548">
     <span class='ocr_line' id='line_1_42' title="bbox 423 2480 1300 2548; baseline -0.019 -1"><span class='ocrx_word' id='word_1_266' title='bbox 423 2488 743 2548; x_wconf 82' lang='lat' dir='ltr'><strong>conciliabit</strong></span> <span class='ocrx_word' id='word_1_267' title='bbox 777 2480 1300 2542; x_wconf 80' lang='lat' dir='ltr'><strong>sanctiﬁcationem.</strong></span> 
     </span>
    </p>
   </div>
   <div class='ocr_carea' id='block_1_43' title="bbox 499 2554 2010 2640">
    <p class='ocr_par' dir='ltr' id='par_1_43' title="bbox 499 2554 2010 2640">
     <span class='ocr_line' id='line_1_43' title="bbox 499 2554 2010 2640; baseline -0.016 -8"><span class='ocrx_word' id='word_1_268' title='bbox 499 2573 784 2640; x_wconf 68' lang='lat' dir='ltr'><strong>Vens.20.</strong></span> <span class='ocrx_word' id='word_1_269' title='bbox 817 2570 952 2627; x_wconf 89' lang='lat' dir='ltr'><strong>Cum</strong></span> <span class='ocrx_word' id='word_1_270' title='bbox 983 2569 1124 2624; x_wconf 89' lang='lat' dir='ltr'><strong>enim</strong></span> <span class='ocrx_word' id='word_1_271' title='bbox 1159 2565 1295 2621; x_wconf 81' lang='lat' dir='ltr'><strong>servi</strong></span> <span class='ocrx_word' id='word_1_272' title='bbox 1355 2560 1541 2616; x_wconf 75' lang='lat' dir='ltr'><strong>essetis</strong></span> <span class='ocrx_word' id='word_1_273' title='bbox 1583 2557 1802 2628; x_wconf 81' lang='lat' dir='ltr'><strong>peccati,</strong></span> <span class='ocrx_word' id='word_1_274' title='bbox 1857 2554 2010 2609; x_wconf 74' lang='lat' dir='ltr'><strong>liberi</strong></span> 
     </span>
    </p>
   </div>
   <div class='ocr_carea' id='block_1_44' title="bbox 427 2647 2009 2743">
    <p class='ocr_par' dir='ltr' id='par_1_44' title="bbox 427 2647 2009 2743">
     <span class='ocr_line' id='line_1_44' title="bbox 427 2647 2009 2743; baseline -0.02 -15"><span class='ocrx_word' id='word_1_275' title='bbox 427 2671 607 2743; x_wconf 79' lang='lat' dir='ltr'><strong>fuistis</strong></span> <span class='ocrx_word' id='word_1_276' title='bbox 633 2665 917 2738; x_wconf 72' lang='lat' dir='ltr'><strong>justitiaz.‘</strong></span> <span class='ocrx_word' id='word_1_277' title='bbox 949 2661 1102 2714; x_wconf 85' lang='lat' dir='ltr'><strong>Illius</strong></span> <span class='ocrx_word' id='word_1_278' title='bbox 1133 2657 1279 2712; x_wconf 88' lang='lat' dir='ltr'><strong>enim</strong></span> <span class='ocrx_word' id='word_1_279' title='bbox 1332 2653 1508 2709; x_wconf 87' lang='lat' dir='ltr'><strong>solius</strong></span> <span class='ocrx_word' id='word_1_280' title='bbox 1543 2649 1697 2718; x_wconf 82' lang='lat' dir='ltr'><strong>jussa</strong></span> <span class='ocrx_word' id='word_1_281' title='bbox 1742 2647 2009 2715; x_wconf 81' lang='lat' dir='ltr'><strong>impleba-</strong></span> 
     </span>
    </p>
   </div>
   <div class='ocr_carea' id='block_1_45' title="bbox 427 2736 2013 2826">
    <p class='ocr_par' dir='ltr' id='par_1_45' title="bbox 427 2736 2013 2826">
     <span class='ocr_line' id='line_1_45' title="bbox 427 2736 2013 2826; baseline -0.016 -7"><span class='ocrx_word' id='word_1_282' title='bbox 427 2736 522 2826; x_wconf 76' lang='lat' dir='ltr'><strong>tis.</strong></span> <span class='ocrx_word' id='word_1_283' title='bbox 563 2736 672 2816; x_wconf 87' lang='lat' dir='ltr'><strong>non</strong></span> <span class='ocrx_word' id='word_1_284' title='bbox 712 2753 1086 2812; x_wconf 88' lang='lat' dir='ltr'><strong>admittebatis</strong></span> <span class='ocrx_word' id='word_1_285' title='bbox 1119 2756 1302 2804; x_wconf 86' lang='lat' dir='ltr'><strong>autem</strong></span> <span class='ocrx_word' id='word_1_286' title='bbox 1341 2746 1488 2815; x_wconf 75' lang='lat' dir='ltr'><strong>leges</strong></span> <span class='ocrx_word' id='word_1_287' title='bbox 1517 2739 1771 2813; x_wconf 72' lang='lat' dir='ltr'><strong>justitire.</strong></span> <span class='ocrx_word' id='word_1_288' title='bbox 1809 2736 2013 2794; x_wconf 87' lang='lat' dir='ltr'><strong>Deinde</strong></span> 
     </span>
    </p>
   </div>
   <div class='ocr_carea' id='block_1_46' title="bbox 426 2838 1561 2911">
    <p class='ocr_par' dir='ltr' id='par_1_46' title="bbox 426 2838 1561 2911">
     <span class='ocr_line' id='line_1_46' title="bbox 426 2838 1561 2911; baseline -0.02 0"><span class='ocrx_word' id='word_1_289' title='bbox 426 2856 592 2911; x_wconf 86' lang='lat' dir='ltr'><strong>etiam</strong></span> <span class='ocrx_word' id='word_1_290' title='bbox 622 2849 844 2906; x_wconf 85' lang='lat' dir='ltr'><strong>aliunde</strong></span> <span class='ocrx_word' id='word_1_291' title='bbox 884 2842 1128 2902; x_wconf 90' lang='lat' dir='ltr'><strong>ostendit</strong></span> <span class='ocrx_word' id='word_1_292' title='bbox 1167 2838 1561 2896; x_wconf 72' lang='lat' dir='ltr'><strong>diﬂ‘crentiam.</strong></span> 
     </span>
    </p>
   </div>
   <div class='ocr_carea' id='block_1_47' title="bbox 503 3013 2012 3093">
    <p class='ocr_par' dir='ltr' id='par_1_47' title="bbox 503 3013 2012 3093">
     <span class='ocr_line' id='line_1_47' title="bbox 503 3013 2012 3093; baseline -0.012 -7"><span class='ocrx_word' id='word_1_293' title='bbox 503 3028 774 3085; x_wconf 74' lang='lat' dir='ltr'><strong>Vens.2l.</strong></span> <span class='ocrx_word' id='word_1_294' title='bbox 805 3026 970 3093; x_wconf 86' lang='lat' dir='ltr'><strong>Quem</strong></span> <span class='ocrx_word' id='word_1_295' title='bbox 997 3038 1117 3092; x_wconf 86' lang='lat' dir='ltr'><strong>ergo</strong></span> <span class='ocrx_word' id='word_1_296' title='bbox 1143 3019 1378 3090; x_wconf 75' lang='lat' dir='ltr'><strong>fructum</strong></span> <span class='ocrx_word' id='word_1_297' title='bbox 1405 3016 1664 3070; x_wconf 81' lang='lat' dir='ltr'><strong>habuistis</strong></span> <span class='ocrx_word' id='word_1_298' title='bbox 1696 3018 1859 3071; x_wconf 79' lang='lat' dir='ltr'><strong>time?</strong></span> <span class='ocrx_word' id='word_1_299' title='bbox 1881 3013 2012 3076; x_wconf 79' lang='lat' dir='ltr'><strong>Vos,</strong></span> 
     </span>
    </p>
   </div>
   <div class='ocr_carea' id='block_1_48' title="bbox 2105 1815 3686 1891">
    <p class='ocr_par' dir='ltr' id='par_1_48' title="bbox 2105 1815 3686 1891">
     <span class='ocr_line' id='line_1_48' title="bbox 2105 1815 3686 1891; baseline -0.004 -16"><span class='ocrx_word' id='word_1_300' title='bbox 2105 1822 2462 1890; x_wconf 80' lang='grc' dir='ltr'><strong>δικαιοσύνῃ</strong></span> <span class='ocrx_word' id='word_1_301' title='bbox 2500 1823 2590 1888; x_wconf 83' lang='grc' dir='ltr'>εις</span> <span class='ocrx_word' id='word_1_302' title='bbox 2624 1818 2946 1891; x_wconf 79' lang='grc' dir='ltr'>ἁγιασμόν.</span> <span class='ocrx_word' id='word_1_303' title='bbox 2985 1817 3196 1884; x_wconf 80' lang='grc' dir='ltr'>Ἐδειξε</span> <span class='ocrx_word' id='word_1_304' title='bbox 3228 1816 3432 1870; x_wconf 71' lang='grc' dir='ltr'>καὶδιὰ</span> <span class='ocrx_word' id='word_1_305' title='bbox 3459 1815 3686 1869; x_wconf 85' lang='grc' dir='ltr'>τούτων.</span> 
     </span>
    </p>
   </div>
   <div class='ocr_carea' id='block_1_49' title="bbox 2106 1907 3689 1985">
    <p class='ocr_par' dir='ltr' id='par_1_49' title="bbox 2106 1907 3689 1985">
     <span class='ocr_line' id='line_1_49' title="bbox 2106 1907 3689 1985; baseline -0.005 -18"><span class='ocrx_word' id='word_1_306' title='bbox 2106 1915 2182 1977; x_wconf 81' lang='grc' dir='ltr'>ὡς</span> <span class='ocrx_word' id='word_1_307' title='bbox 2212 1915 2273 1968; x_wconf 80' lang='grc' dir='ltr'><strong>οὐ</strong></span> <span class='ocrx_word' id='word_1_308' title='bbox 2313 1913 2372 1968; x_wconf 76' lang='grc' dir='ltr'><strong>τὸ</strong></span> <span class='ocrx_word' id='word_1_309' title='bbox 2407 1912 2569 1984; x_wconf 84' lang='grc' dir='ltr'>σῶμα</span> <span class='ocrx_word' id='word_1_310' title='bbox 2600 1911 2936 1985; x_wconf 77' lang='grc' dir='ltr'>κατηγορίας</span> <span class='ocrx_word' id='word_1_311' title='bbox 2961 1911 3131 1977; x_wconf 80' lang='grc' dir='ltr'>ἄξιον,</span> <span class='ocrx_word' id='word_1_312' title='bbox 3159 1909 3274 1964; x_wconf 84' lang='grc' dir='ltr'>ἀλλ’</span> <span class='ocrx_word' id='word_1_313' title='bbox 3305 1911 3337 1980; x_wconf 80' lang='grc' dir='ltr'><strong>ἡ</strong></span> <span class='ocrx_word' id='word_1_314' title='bbox 3377 1907 3536 1962; x_wconf 77' lang='grc' dir='ltr'>τοῦτο</span> <span class='ocrx_word' id='word_1_315' title='bbox 3586 1925 3689 1960; x_wconf 71' lang='grc' dir='ltr'>και</span> 
     </span>
    </p>
   </div>
   <div class='ocr_carea' id='block_1_50' title="bbox 2107 2001 3695 2078">
    <p class='ocr_par' dir='ltr' id='par_1_50' title="bbox 2107 2001 3695 2078">
     <span class='ocr_line' id='line_1_50' title="bbox 2107 2001 3695 2078; baseline -0.005 -18"><span class='ocrx_word' id='word_1_316' title='bbox 2107 2005 2218 2069; x_wconf 80' lang='grc' dir='ltr'><strong>κῶς</strong></span> <span class='ocrx_word' id='word_1_317' title='bbox 2273 2006 2481 2074; x_wconf 84' lang='grc' dir='ltr'>ἄγουσα</span> <span class='ocrx_word' id='word_1_318' title='bbox 2533 2004 2751 2078; x_wconf 84' lang='grc' dir='ltr'><strong>γνώμη.</strong></span> <span class='ocrx_word' id='word_1_319' title='bbox 2816 2006 3062 2060; x_wconf 86' lang='grc' dir='ltr'>Ἀπαιτεῖ</span> <span class='ocrx_word' id='word_1_320' title='bbox 3113 2004 3168 2057; x_wconf 81' lang='grc' dir='ltr'>δὲ</span> <span class='ocrx_word' id='word_1_321' title='bbox 3223 2003 3376 2056; x_wconf 78' lang='grc' dir='ltr'>οὐδὲν</span> <span class='ocrx_word' id='word_1_322' title='bbox 3429 2001 3695 2055; x_wconf 77' lang='grc' dir='ltr'>ἀδύνατον</span> 
     </span>
    </p>
   </div>
   <div class='ocr_carea' id='block_1_51' title="bbox 2110 2094 3688 2169">
    <p class='ocr_par' dir='ltr' id='par_1_51' title="bbox 2110 2094 3688 2169">
     <span class='ocr_line' id='line_1_51' title="bbox 2110 2094 3688 2169; baseline -0.003 -19"><span class='ocrx_word' id='word_1_323' title='bbox 2110 2098 2242 2168; x_wconf 85' lang='grc' dir='ltr'>παρ’</span> <span class='ocrx_word' id='word_1_324' title='bbox 2273 2097 2453 2168; x_wconf 77' lang='grc' dir='ltr'>ἡμῶν·</span> <span class='ocrx_word' id='word_1_325' title='bbox 2490 2096 2605 2152; x_wconf 83' lang='grc' dir='ltr'>ἀλλ’</span> <span class='ocrx_word' id='word_1_326' title='bbox 2629 2097 2772 2168; x_wconf 82' lang='grc' dir='ltr'>ἆπερ</span> <span class='ocrx_word' id='word_1_327' title='bbox 2817 2100 2881 2167; x_wconf 81' lang='grc' dir='ltr'>τῇ</span> <span class='ocrx_word' id='word_1_328' title='bbox 2935 2095 3178 2169; x_wconf 72' lang='grc' dir='ltr'>ἁμαρτία</span> <span class='ocrx_word' id='word_1_329' title='bbox 3233 2094 3688 2165; x_wconf 82' lang='grc' dir='ltr'>παρεσχήκαμεν,</span> 
     </span>
    </p>
   </div>
   <div class='ocr_carea' id='block_1_52' title="bbox 2108 2185 3694 2260">
    <p class='ocr_par' dir='ltr' id='par_1_52' title="bbox 2108 2185 3694 2260">
     <span class='ocr_line' id='line_1_52' title="bbox 2108 2185 3694 2260; baseline -0.004 -18"><span class='ocrx_word' id='word_1_330' title='bbox 2108 2187 2282 2244; x_wconf 83' lang='grc' dir='ltr'>ταῦτα</span> <span class='ocrx_word' id='word_1_331' title='bbox 2340 2189 2478 2258; x_wconf 88' lang='grc' dir='ltr'>μόνα</span> <span class='ocrx_word' id='word_1_332' title='bbox 2533 2191 2600 2260; x_wconf 80' lang='grc' dir='ltr'>τῇ</span> <span class='ocrx_word' id='word_1_333' title='bbox 2645 2188 2964 2260; x_wconf 77' lang='grc' dir='ltr'><strong>δικαιοσύνῃ</strong></span> <span class='ocrx_word' id='word_1_334' title='bbox 3022 2187 3431 2258; x_wconf 81' lang='grc' dir='ltr'>προσενεγκεῖν.</span> <span class='ocrx_word' id='word_1_335' title='bbox 3499 2185 3694 2238; x_wconf 79' lang='grc' dir='ltr'>Καίτοι</span> 
     </span>
    </p>
   </div>
   <div class='ocr_carea' id='block_1_53' title="bbox 2114 2279 3697 2356">
    <p class='ocr_par' dir='ltr' id='par_1_53' title="bbox 2114 2279 3697 2356">
     <span class='ocr_line' id='line_1_53' title="bbox 2114 2279 3697 2356; baseline -0.003 -20"><span class='ocrx_word' id='word_1_336' title='bbox 2114 2282 2301 2356; x_wconf 72' lang='grc' dir='ltr'>ἐκείνῃ</span> <span class='ocrx_word' id='word_1_337' title='bbox 2333 2283 2431 2354; x_wconf 84' lang='grc' dir='ltr'>μὲν</span> <span class='ocrx_word' id='word_1_338' title='bbox 2462 2281 2853 2354; x_wconf 76' lang='grc' dir='ltr'>ὑπηκούσαμεν</span> <span class='ocrx_word' id='word_1_339' title='bbox 2879 2280 3174 2352; x_wconf 79' lang='grc' dir='ltr'>κελευούσῃ</span> <span class='ocrx_word' id='word_1_340' title='bbox 3209 2280 3503 2352; x_wconf 77' lang='grc' dir='ltr'>παράνομα</span> <span class='ocrx_word' id='word_1_341' title='bbox 3525 2298 3538 2312; x_wconf 78' lang='grc' dir='ltr'><strong>ο</strong></span> <span class='ocrx_word' id='word_1_342' title='bbox 3563 2279 3697 2334; x_wconf 82' lang='grc' dir='ltr'>ταύ-</span> 
     </span>
    </p>
   </div>
   <div class='ocr_carea' id='block_1_54' title="bbox 2109 2373 3509 2448">
    <p class='ocr_par' dir='ltr' id='par_1_54' title="bbox 2109 2373 3509 2448">
     <span class='ocr_line' id='line_1_54' title="bbox 2109 2373 3509 2448; baseline -0.003 -19"><span class='ocrx_word' id='word_1_343' title='bbox 2109 2393 2176 2448; x_wconf 83' lang='grc' dir='ltr'>τῃ</span> <span class='ocrx_word' id='word_1_344' title='bbox 2201 2375 2256 2430; x_wconf 78' lang='grc' dir='ltr'>δὲ</span> <span class='ocrx_word' id='word_1_345' title='bbox 2285 2377 2334 2428; x_wconf 87' lang='grc' dir='ltr'><strong>εί</strong></span> <span class='ocrx_word' id='word_1_346' title='bbox 2363 2375 2703 2447; x_wconf 77' lang='grc' dir='ltr'>πειθώμεθα,</span> <span class='ocrx_word' id='word_1_347' title='bbox 2733 2375 2824 2429; x_wconf 82' lang='grc' dir='ltr'><strong>τὸν</strong></span> <span class='ocrx_word' id='word_1_348' title='bbox 2855 2373 3128 2445; x_wconf 70' lang='grc' dir='ltr'>ἁγιασμῆν</span> <span class='ocrx_word' id='word_1_349' title='bbox 3163 2373 3509 2444; x_wconf 79' lang='grc' dir='ltr'>προξενήσει.</span> 
     </span>
    </p>
   </div>
   <div class='ocr_carea' id='block_1_55' title="bbox 2182 2545 3688 2622">
    <p class='ocr_par' dir='ltr' id='par_1_55' title="bbox 2182 2545 3688 2622">
     <span class='ocr_line' id='line_1_55' title="bbox 2182 2545 3688 2622; baseline -0.006 -16"><span class='ocrx_word' id='word_1_350' title='bbox 2182 2552 2251 2607; x_wconf 89' lang='grc' dir='ltr'>κ’.</span> <span class='ocrx_word' id='word_1_351' title='bbox 2288 2555 2427 2606; x_wconf 83' lang='grc' dir='ltr'>Ὅτε</span> <span class='ocrx_word' id='word_1_352' title='bbox 2465 2553 2575 2622; x_wconf 82' lang='grc' dir='ltr'>γὰρ</span> <span class='ocrx_word' id='word_1_353' title='bbox 2613 2551 2824 2606; x_wconf 73' lang='grc' dir='ltr'>δοῦλοι</span> <span class='ocrx_word' id='word_1_354' title='bbox 2861 2545 2966 2620; x_wconf 81' lang='grc' dir='ltr'>ἦτε</span> <span class='ocrx_word' id='word_1_355' title='bbox 3004 2549 3114 2617; x_wconf 80' lang='grc' dir='ltr'>τῆς</span> <span class='ocrx_word' id='word_1_356' title='bbox 3148 2547 3473 2618; x_wconf 81' lang='grc' dir='ltr'>ἁμαρτίας,</span> <span class='ocrx_word' id='word_1_357' title='bbox 3513 2545 3688 2599; x_wconf 67' lang='grc' dir='ltr'>ἐλεύ-</span> 
     </span>
    </p>
   </div>
   <div class='ocr_carea' id='block_1_56' title="bbox 2113 2636 3694 2713">
    <p class='ocr_par' dir='ltr' id='par_1_56' title="bbox 2113 2636 3694 2713">
     <span class='ocr_line' id='line_1_56' title="bbox 2113 2636 3694 2713; baseline -0.006 -13"><span class='ocrx_word' id='word_1_358' title='bbox 2113 2648 2270 2713; x_wconf 82' lang='grc' dir='ltr'>θεροι</span> <span class='ocrx_word' id='word_1_359' title='bbox 2303 2641 2408 2713; x_wconf 81' lang='grc' dir='ltr'>ἦτε</span> <span class='ocrx_word' id='word_1_360' title='bbox 2442 2643 2517 2712; x_wconf 73' lang='grc' dir='ltr'>τῇ</span> <span class='ocrx_word' id='word_1_361' title='bbox 2557 2642 2940 2711; x_wconf 81' lang='grc' dir='ltr'>δικαιοσύνῃ.</span> <span class='ocrx_word' id='word_1_362' title='bbox 2992 2641 3072 2694; x_wconf 84' lang='grc' dir='ltr'><strong>Τὰ</strong></span> <span class='ocrx_word' id='word_1_363' title='bbox 3105 2641 3212 2711; x_wconf 76' lang='grc' dir='ltr'>γὰρ</span> <span class='ocrx_word' id='word_1_364' title='bbox 3269 2639 3484 2709; x_wconf 74' lang='grc' dir='ltr'>ἐκείνης</span> <span class='ocrx_word' id='word_1_365' title='bbox 3523 2636 3694 2708; x_wconf 83' lang='grc' dir='ltr'>μόνης</span> 
     </span>
    </p>
   </div>
   <div class='ocr_carea' id='block_1_57' title="bbox 2114 2722 3767 2807">
    <p class='ocr_par' dir='ltr' id='par_1_57' title="bbox 2114 2722 3767 2807">
     <span class='ocr_line' id='line_1_57' title="bbox 2114 2722 3767 2807; baseline -0.005 -17"><span class='ocrx_word' id='word_1_366' title='bbox 2114 2736 2416 2807; x_wconf 76' lang='grc' dir='ltr'>έπληροῦτε</span> <span class='ocrx_word' id='word_1_367' title='bbox 2480 2735 2899 2806; x_wconf 77' lang='grc' dir='ltr'>προστάγματα,</span> <span class='ocrx_word' id='word_1_368' title='bbox 2939 2733 3063 2796; x_wconf 71' lang='grc' dir='ltr'>τοὺς</span> <span class='ocrx_word' id='word_1_369' title='bbox 3101 2732 3157 2785; x_wconf 84' lang='grc' dir='ltr'>δὲ</span> <span class='ocrx_word' id='word_1_370' title='bbox 3203 2732 3303 2801; x_wconf 82' lang='grc' dir='ltr'>τῆς</span> <span class='ocrx_word' id='word_1_371' title='bbox 3350 2729 3694 2798; x_wconf 76' lang='grc' dir='ltr'>δικαιοσύνης</span> <span class='ocrx_word' id='word_1_372' title='bbox 3760 2722 3767 2731; x_wconf 83' lang='grc'><strong>’</strong></span> 
     </span>
    </p>
   </div>
   <div class='ocr_carea' id='block_1_58' title="bbox 2113 2823 3701 2899">
    <p class='ocr_par' dir='ltr' id='par_1_58' title="bbox 2113 2823 3701 2899">
     <span class='ocr_line' id='line_1_58' title="bbox 2113 2823 3701 2899; baseline -0.004 -18"><span class='ocrx_word' id='word_1_373' title='bbox 2113 2829 2214 2882; x_wconf 82' lang='grc' dir='ltr'><strong>οὐκ</strong></span> <span class='ocrx_word' id='word_1_374' title='bbox 2245 2827 2490 2898; x_wconf 84' lang='grc' dir='ltr'>ὲδέχεσθε</span> <span class='ocrx_word' id='word_1_375' title='bbox 2520 2829 2739 2899; x_wconf 77' lang='grc' dir='ltr'>νόμους.</span> <span class='ocrx_word' id='word_1_376' title='bbox 2764 2823 2893 2881; x_wconf 70' lang='grc' dir='ltr'>Εἶτα</span> <span class='ocrx_word' id='word_1_377' title='bbox 2917 2826 3009 2880; x_wconf 68' lang='grc' dir='ltr'><strong>καὶ</strong></span> <span class='ocrx_word' id='word_1_378' title='bbox 3037 2824 3302 2896; x_wconf 75' lang='grc' dir='ltr'>ἑτέρωθεν</span> <span class='ocrx_word' id='word_1_379' title='bbox 3332 2824 3571 2878; x_wconf 86' lang='grc' dir='ltr'>δείκνυσι</span> <span class='ocrx_word' id='word_1_380' title='bbox 3595 2824 3701 2893; x_wconf 73' lang='grc' dir='ltr'><strong>τὴν</strong></span> 
     </span>
    </p>
   </div>
   <div class='ocr_carea' id='block_1_59' title="bbox 2118 2919 2396 2990">
    <p class='ocr_par' dir='ltr' id='par_1_59' title="bbox 2118 2919 2396 2990">
     <span class='ocr_line' id='line_1_59' title="bbox 2118 2919 2396 2990; baseline -0.007 -19"><span class='ocrx_word' id='word_1_381' title='bbox 2118 2919 2396 2990; x_wconf 64' lang='grc' dir='ltr'>διαφοράν.</span> 
     </span>
    </p>
   </div>
   <div class='ocr_carea' id='block_1_60' title="bbox 2194 3005 3732 3079">
    <p class='ocr_par' dir='ltr' id='par_1_60' title="bbox 2194 3005 3732 3079">
     <span class='ocr_line' id='line_1_60' title="bbox 2194 3005 3732 3079; baseline 0 -16"><span class='ocrx_word' id='word_1_382' title='bbox 2194 3017 2297 3064; x_wconf 83' lang='grc' dir='ltr'>κα’.</span> <span class='ocrx_word' id='word_1_383' title='bbox 2337 3012 2476 3064; x_wconf 73' lang='grc' dir='ltr'>Τίνα</span> <span class='ocrx_word' id='word_1_384' title='bbox 2525 3005 2638 3065; x_wconf 86' lang='grc' dir='ltr'>οὖν</span> <span class='ocrx_word' id='word_1_385' title='bbox 2673 3011 2906 3078; x_wconf 78' lang='grc' dir='ltr'>καρπόν</span> <span class='ocrx_word' id='word_1_386' title='bbox 2941 3009 3132 3079; x_wconf 81' lang='grc' dir='ltr'>εἴχετε</span> <span class='ocrx_word' id='word_1_387' title='bbox 3167 3010 3346 3073; x_wconf 83' lang='grc' dir='ltr'>τότε;</span> <span class='ocrx_word' id='word_1_388' title='bbox 3394 3007 3583 3078; x_wconf 78' lang='grc' dir='ltr'>Ὑμεῖς</span> <span class='ocrx_word' id='word_1_389' title='bbox 3612 3006 3693 3058; x_wconf 77' lang='grc' dir='ltr'>εί·</span> <span class='ocrx_word' id='word_1_390' title='bbox 3729 3061 3732 3063; x_wconf 74' lang='lat'><strong>.</strong></span> 
     </span>
    </p>
   </div>
   <div class='ocr_carea' id='block_1_61' title="bbox 431 3097 2010 3196">
    <p class='ocr_par' dir='ltr' id='par_1_61' title="bbox 431 3107 2010 3196">
     <span class='ocr_line' id='line_1_61' title="bbox 431 3107 2010 3196; baseline -0.016 -15"><span class='ocrx_word' id='word_1_391' title='bbox 431 3124 628 3196; x_wconf 89' lang='lat' dir='ltr'><strong>inquit,</strong></span> <span class='ocrx_word' id='word_1_392' title='bbox 678 3119 848 3174; x_wconf 89' lang='lat' dir='ltr'><strong>dicite</strong></span> <span class='ocrx_word' id='word_1_393' title='bbox 895 3113 1262 3169; x_wconf 88' lang='lat' dir='ltr'><strong>emolumenta</strong></span> <span class='ocrx_word' id='word_1_394' title='bbox 1294 3107 1531 3179; x_wconf 86' lang='lat' dir='ltr'><strong>peccati.</strong></span> <span class='ocrx_word' id='word_1_395' title='bbox 1579 3107 1692 3160; x_wconf 82' lang='lat' dir='ltr'><strong>lino</strong></span> <span class='ocrx_word' id='word_1_396' title='bbox 1739 3120 1867 3160; x_wconf 89' lang='lat' dir='ltr'><strong>vero</strong></span> <span class='ocrx_word' id='word_1_397' title='bbox 1915 3121 2010 3160; x_wconf 90' lang='lat' dir='ltr'><strong>su-</strong></span> 
     </span>
    </p>
   </div>
   <div class='ocr_carea' id='block_1_62' title="bbox 2118 3097 3693 3196">
    <p class='ocr_par' dir='ltr' id='par_1_62' title="bbox 2118 3097 3693 3174">
     <span class='ocr_line' id='line_1_62' title="bbox 2118 3097 3693 3174; baseline -0.003 -19"><span class='ocrx_word' id='word_1_398' title='bbox 2118 3120 2254 3156; x_wconf 85' lang='grc' dir='ltr'>πατε</span> <span class='ocrx_word' id='word_1_399' title='bbox 2283 3102 2381 3172; x_wconf 76' lang='grc' dir='ltr'><strong>τῆς</strong></span> <span class='ocrx_word' id='word_1_400' title='bbox 2407 3101 2684 3174; x_wconf 84' lang='grc' dir='ltr'>ἁμαρτίας</span> <span class='ocrx_word' id='word_1_401' title='bbox 2734 3102 2802 3154; x_wconf 76' lang='grc' dir='ltr'><strong>τα</strong></span> <span class='ocrx_word' id='word_1_402' title='bbox 2828 3100 2993 3172; x_wconf 81' lang='grc' dir='ltr'>κέρδη</span> <span class='ocrx_word' id='word_1_403' title='bbox 3031 3117 3044 3132; x_wconf 92' lang='grc'><strong>·</strong></span> <span class='ocrx_word' id='word_1_404' title='bbox 3098 3099 3298 3169; x_wconf 80' lang='grc' dir='ltr'>μᾶλλον</span> <span class='ocrx_word' id='word_1_405' title='bbox 3330 3099 3386 3152; x_wconf 81' lang='grc' dir='ltr'>δὲ</span> <span class='ocrx_word' id='word_1_406' title='bbox 3437 3097 3693 3168; x_wconf 79' lang='grc' dir='ltr'>περιττὸν</span> 
     </span>
    </p>
   </div>
   <div class='ocr_carea' id='block_1_63' title="bbox 432 3195 2013 3286">
    <p class='ocr_par' dir='ltr' id='par_1_63' title="bbox 432 3195 2013 3286">
     <span class='ocr_line' id='line_1_63' title="bbox 432 3195 2013 3286; baseline -0.015 -15"><span class='ocrx_word' id='word_1_407' title='bbox 432 3195 834 3286; x_wconf 83' lang='lat' dir='ltr'><strong>pervacaneum</strong></span> <span class='ocrx_word' id='word_1_408' title='bbox 891 3214 976 3260; x_wconf 89' lang='lat' dir='ltr'><strong>est</strong></span> <span class='ocrx_word' id='word_1_409' title='bbox 1035 3201 1401 3269; x_wconf 72' lang='lat' dir='ltr'><strong>interrogare.</strong></span> <span class='ocrx_word' id='word_1_410' title='bbox 1436 3195 1549 3251; x_wconf 84' lang='lat' dir='ltr'><strong>Vos</strong></span> <span class='ocrx_word' id='word_1_411' title='bbox 1586 3196 1732 3250; x_wconf 91' lang='lat' dir='ltr'><strong>enim</strong></span> <span class='ocrx_word' id='word_1_412' title='bbox 1787 3196 1873 3249; x_wconf 88' lang='lat' dir='ltr'><strong>vel</strong></span> <span class='ocrx_word' id='word_1_413' title='bbox 1917 3203 2013 3248; x_wconf 77' lang='lat' dir='ltr'><strong>&#39;ta-</strong></span> 
     </span>
    </p>
   </div>
   <div class='ocr_carea' id='block_1_64' title="bbox 433 3285 2014 3360">
    <p class='ocr_par' dir='ltr' id='par_1_64' title="bbox 433 3285 2014 3360">
     <span class='ocr_line' id='line_1_64' title="bbox 433 3285 2014 3360; baseline -0.015 1"><span class='ocrx_word' id='word_1_414' title='bbox 433 3285 624 3360; x_wconf 72' lang='lat' dir='ltr'><strong>centes</strong></span> <span class='ocrx_word' id='word_1_415' title='bbox 653 3301 915 3355; x_wconf 90' lang='lat' dir='ltr'><strong>damnum</strong></span> <span class='ocrx_word' id='word_1_416' title='bbox 969 3291 1350 3350; x_wconf 76' lang='lat' dir='ltr'><strong>conﬁtemini:</strong></span> <span class='ocrx_word' id='word_1_417' title='bbox 1385 3303 1508 3344; x_wconf 88' lang='lat' dir='ltr'><strong>nam</strong></span> <span class='ocrx_word' id='word_1_418' title='bbox 1549 3286 1762 3358; x_wconf 80' lang='lat' dir='ltr'><strong>pudore</strong></span> <span class='ocrx_word' id='word_1_419' title='bbox 1801 3285 2014 3342; x_wconf 76' lang='lat' dir='ltr'><strong>sumin-</strong></span> 
     </span>
    </p>
   </div>
   <div class='ocr_carea' id='block_1_65' title="bbox 433 3377 2012 3454">
    <p class='ocr_par' dir='ltr' id='par_1_65' title="bbox 433 3377 2012 3454">
     <span class='ocr_line' id='line_1_65' title="bbox 433 3377 2012 3454; baseline -0.011 -8"><span class='ocrx_word' id='word_1_420' title='bbox 433 3393 651 3451; x_wconf 79' lang='lat' dir='ltr'><strong>ilimini.</strong></span> <span class='ocrx_word' id='word_1_421' title='bbox 701 3389 816 3444; x_wconf 84' lang='lat' dir='ltr'><strong>Hoc</strong></span> <span class='ocrx_word' id='word_1_422' title='bbox 871 3387 1016 3443; x_wconf 88' lang='lat' dir='ltr'><strong>cnim</strong></span> <span class='ocrx_word' id='word_1_423' title='bbox 1060 3382 1364 3454; x_wconf 84' lang='lat' dir='ltr'><strong>subjunxit.</strong></span> <span class='ocrx_word' id='word_1_424' title='bbox 1429 3380 1495 3436; x_wconf 81' lang='lat' dir='ltr'><strong>In</strong></span> <span class='ocrx_word' id='word_1_425' title='bbox 1534 3380 1666 3444; x_wconf 81' lang='lat' dir='ltr'><strong>illis,</strong></span> <span class='ocrx_word' id='word_1_426' title='bbox 1729 3379 1783 3432; x_wconf 86' lang='lat' dir='ltr'><strong>in</strong></span> <span class='ocrx_word' id='word_1_427' title='bbox 1823 3377 2012 3448; x_wconf 77' lang='lat' dir='ltr'><strong>quibus</strong></span> 
     </span>
    </p>
   </div>
   <div class='ocr_carea' id='block_1_66' title="bbox 435 3470 2018 3550">
    <p class='ocr_par' dir='ltr' id='par_1_66' title="bbox 435 3470 2018 3550">
     <span class='ocr_line' id='line_1_66' title="bbox 435 3470 2018 3550; baseline -0.013 -8"><span class='ocrx_word' id='word_1_428' title='bbox 435 3503 576 3542; x_wconf 83' lang='lat' dir='ltr'><strong>nunc</strong></span> <span class='ocrx_word' id='word_1_429' title='bbox 633 3481 996 3550; x_wconf 69' lang='lat' dir='ltr'><strong>erubescitis?</strong></span> <span class='ocrx_word' id='word_1_430' title='bbox 1030 3475 1144 3532; x_wconf 83' lang='lat' dir='ltr'><strong>Etsi</strong></span> <span class='ocrx_word' id='word_1_431' title='bbox 1200 3475 1344 3531; x_wconf 88' lang='lat' dir='ltr'><strong>enim</strong></span> <span class='ocrx_word' id='word_1_432' title='bbox 1399 3476 1473 3528; x_wconf 86' lang='lat' dir='ltr'><strong>sit</strong></span> <span class='ocrx_word' id='word_1_433' title='bbox 1532 3470 1804 3542; x_wconf 86' lang='lat' dir='ltr'><strong>quispiam</strong></span> <span class='ocrx_word' id='word_1_434' title='bbox 1860 3470 2018 3538; x_wconf 80' lang='lat' dir='ltr'><strong>longe</strong></span> 
     </span>
    </p>
   </div>
   <div class='ocr_carea' id='block_1_67' title="bbox 437 3562 2017 3651">
    <p class='ocr_par' dir='ltr' id='par_1_67' title="bbox 437 3562 2017 3651">
     <span class='ocr_line' id='line_1_67' title="bbox 437 3562 2017 3651; baseline -0.013 -17"><span class='ocrx_word' id='word_1_435' title='bbox 437 3575 974 3651; x_wconf 87' lang='lat' dir='ltr'><strong>impudentissimus,</strong></span> <span class='ocrx_word' id='word_1_436' title='bbox 1004 3577 1296 3641; x_wconf 85' lang='lat' dir='ltr'><strong>postquam</strong></span> <span class='ocrx_word' id='word_1_437' title='bbox 1340 3565 1596 3634; x_wconf 87' lang='lat' dir='ltr'><strong>voluptas</strong></span> <span class='ocrx_word' id='word_1_438' title='bbox 1632 3562 1865 3626; x_wconf 86' lang='lat' dir='ltr'><strong>remisit,</strong></span> <span class='ocrx_word' id='word_1_439' title='bbox 1919 3577 2017 3632; x_wconf 89' lang='lat' dir='ltr'><strong>pu-</strong></span> 
     </span>
    </p>
   </div>
   <div class='ocr_carea' id='block_1_68' title="bbox 393 3654 2019 3750">
    <p class='ocr_par' dir='ltr' id='par_1_68' title="bbox 393 3654 2019 3750">
     <span class='ocr_line' id='line_1_68' title="bbox 393 3654 2019 3750; baseline -0.013 -25"><span class='ocrx_word' id='word_1_440' title='bbox 393 3729 414 3750; x_wconf 60' lang='lat'><strong>.</strong></span> <span class='ocrx_word' id='word_1_441' title='bbox 436 3674 571 3727; x_wconf 87' lang='lat' dir='ltr'><strong>dore</strong></span> <span class='ocrx_word' id='word_1_442' title='bbox 596 3668 856 3725; x_wconf 65' lang='lat' dir='ltr'><strong>adicitur.</strong></span> <span class='ocrx_word' id='word_1_443' title='bbox 905 3662 1116 3717; x_wconf 85' lang='lat' dir='ltr'><strong>Iudicat</strong></span> <span class='ocrx_word' id='word_1_444' title='bbox 1149 3665 1331 3714; x_wconf 86' lang='lat' dir='ltr'><strong>autem</strong></span> <span class='ocrx_word' id='word_1_445' title='bbox 1366 3664 1630 3728; x_wconf 64' lang='lat' dir='ltr'><strong>praeterea</strong></span> <span class='ocrx_word' id='word_1_446' title='bbox 1666 3654 1930 3724; x_wconf 81' lang='lat' dir='ltr'><strong>majorem</strong></span> <span class='ocrx_word' id='word_1_447' title='bbox 1964 3660 2019 3707; x_wconf 92' lang='lat' dir='ltr'><strong>et</strong></span> 
     </span>
    </p>
   </div>
   <div class='ocr_carea' id='block_1_69' title="bbox 437 3745 2017 3822">
    <p class='ocr_par' dir='ltr' id='par_1_69' title="bbox 437 3745 2017 3822">
     <span class='ocr_line' id='line_1_69' title="bbox 437 3745 2017 3822; baseline -0.015 -5"><span class='ocrx_word' id='word_1_448' title='bbox 437 3762 778 3817; x_wconf 86' lang='lat' dir='ltr'><strong>acerbiorem</strong></span> <span class='ocrx_word' id='word_1_449' title='bbox 837 3755 1080 3810; x_wconf 83' lang='lat' dir='ltr'><strong>fructum</strong></span> <span class='ocrx_word' id='word_1_450' title='bbox 1132 3749 1365 3822; x_wconf 87' lang='lat' dir='ltr'><strong>peccati.</strong></span> <span class='ocrx_word' id='word_1_451' title='bbox 1436 3745 1580 3802; x_wconf 85' lang='lat' dir='ltr'><strong>Nam</strong></span> <span class='ocrx_word' id='word_1_452' title='bbox 1625 3747 1749 3817; x_wconf 83' lang='lat' dir='ltr'><strong>ﬁnis</strong></span> <span class='ocrx_word' id='word_1_453' title='bbox 1801 3745 2017 3798; x_wconf 87' lang='lat' dir='ltr'><strong>illorum</strong></span> 
     </span>
    </p>
   </div>
   <div class='ocr_carea' id='block_1_70' title="bbox 439 3841 2015 3910">
    <p class='ocr_par' dir='ltr' id='par_1_70' title="bbox 439 3841 2015 3910">
     <span class='ocr_line' id='line_1_70' title="bbox 439 3841 2015 3910; baseline -0.01 -3"><span class='ocrx_word' id='word_1_454' title='bbox 439 3872 580 3910; x_wconf 81' lang='lat' dir='ltr'><strong>mors</strong></span> <span class='ocrx_word' id='word_1_455' title='bbox 605 3863 704 3908; x_wconf 86' lang='lat' dir='ltr'><strong>est.</strong></span> <span class='ocrx_word' id='word_1_456' title='bbox 739 3849 968 3906; x_wconf 77' lang='lat' dir='ltr'><strong>Mortem</strong></span> <span class='ocrx_word' id='word_1_457' title='bbox 1001 3854 1182 3900; x_wconf 87' lang='lat' dir='ltr'><strong>autem</strong></span> <span class='ocrx_word' id='word_1_458' title='bbox 1213 3841 1366 3908; x_wconf 87' lang='lat' dir='ltr'><strong>dicit,</strong></span> <span class='ocrx_word' id='word_1_459' title='bbox 1405 3857 1514 3898; x_wconf 92' lang='lat' dir='ltr'><strong>non</strong></span> <span class='ocrx_word' id='word_1_460' title='bbox 1545 3841 1688 3895; x_wconf 88' lang='lat' dir='ltr'><strong>hanc</strong></span> <span class='ocrx_word' id='word_1_461' title='bbox 1736 3848 2015 3909; x_wconf 84' lang='lat' dir='ltr'><strong>tempora-</strong></span> 
     </span>
    </p>
   </div>
   <div class='ocr_carea' id='block_1_71' title="bbox 441 3943 1005 4013">
    <p class='ocr_par' dir='ltr' id='par_1_71' title="bbox 441 3943 1005 4013">
     <span class='ocr_line' id='line_1_71' title="bbox 441 3943 1005 4013; baseline -0.02 -10"><span class='ocrx_word' id='word_1_462' title='bbox 441 3950 566 4013; x_wconf 87' lang='lat' dir='ltr'><strong>lem,</strong></span> <span class='ocrx_word' id='word_1_463' title='bbox 595 3943 689 4000; x_wconf 85' lang='lat' dir='ltr'><strong>sed</strong></span> <span class='ocrx_word' id='word_1_464' title='bbox 721 3953 1005 3997; x_wconf 64' lang='lat' dir='ltr'><strong>aeternam.</strong></span> 
     </span>
    </p>
   </div>
   <div class='ocr_carea' id='block_1_72' title="bbox 519 4026 2018 4096">
    <p class='ocr_par' dir='ltr' id='par_1_72' title="bbox 519 4026 2018 4096">
     <span class='ocr_line' id='line_1_72' title="bbox 519 4026 2018 4096; baseline -0.013 -2"><span class='ocrx_word' id='word_1_465' title='bbox 519 4039 686 4094; x_wconf 71' lang='lat' dir='ltr'><strong>Vens.</strong></span> <span class='ocrx_word' id='word_1_466' title='bbox 732 4035 823 4089; x_wconf 70' lang='lat'><strong>‘22.</strong></span> <span class='ocrx_word' id='word_1_467' title='bbox 861 4032 1020 4087; x_wconf 83' lang='lat' dir='ltr'><strong>Nunc</strong></span> <span class='ocrx_word' id='word_1_468' title='bbox 1054 4047 1172 4085; x_wconf 81' lang='lat' dir='ltr'><strong>vero</strong></span> <span class='ocrx_word' id='word_1_469' title='bbox 1223 4027 1437 4083; x_wconf 77' lang='lat' dir='ltr'><strong>liberati</strong></span> <span class='ocrx_word' id='word_1_470' title='bbox 1467 4026 1674 4096; x_wconf 75' lang='lat' dir='ltr'><strong>quidem</strong></span> <span class='ocrx_word' id='word_1_471' title='bbox 1718 4041 1750 4077; x_wconf 88' lang='lat' dir='ltr'><strong>a</strong></span> <span class='ocrx_word' id='word_1_472' title='bbox 1785 4031 2018 4092; x_wconf 81' lang='lat' dir='ltr'><strong>peccato,</strong></span> 
     </span>
    </p>
   </div>
   <div class='ocr_carea' id='block_1_73' title="bbox 440 4116 2021 4196">
    <p class='ocr_par' dir='ltr' id='par_1_73' title="bbox 440 4116 2021 4196">
     <span class='ocr_line' id='line_1_73' title="bbox 440 4116 2021 4196; baseline -0.013 -8"><span class='ocrx_word' id='word_1_473' title='bbox 440 4133 572 4188; x_wconf 82' lang='lat' dir='ltr'><strong>servi</strong></span> <span class='ocrx_word' id='word_1_474' title='bbox 621 4139 796 4183; x_wconf 85' lang='lat' dir='ltr'><strong>autem</strong></span> <span class='ocrx_word' id='word_1_475' title='bbox 840 4125 972 4196; x_wconf 79' lang='lat' dir='ltr'><strong>facti</strong></span> <span class='ocrx_word' id='word_1_476' title='bbox 1022 4122 1130 4176; x_wconf 81' lang='lat' dir='ltr'><strong>Deo</strong></span> <span class='ocrx_word' id='word_1_477' title='bbox 1154 4162 1170 4188; x_wconf 93' lang='lat'><strong>,</strong></span> <span class='ocrx_word' id='word_1_478' title='bbox 1201 4119 1404 4174; x_wconf 80' lang='lat' dir='ltr'><strong>habetis</strong></span> <span class='ocrx_word' id='word_1_479' title='bbox 1451 4118 1682 4187; x_wconf 76' lang='lat' dir='ltr'><strong>fructum</strong></span> <span class='ocrx_word' id='word_1_480' title='bbox 1713 4125 1940 4170; x_wconf 84' lang='lat' dir='ltr'><strong>vestrum</strong></span> <span class='ocrx_word' id='word_1_481' title='bbox 1970 4116 2021 4168; x_wconf 89' lang='lat' dir='ltr'><strong>in</strong></span> 
     </span>
    </p>
   </div>
   <div class='ocr_carea' id='block_1_74' title="bbox 441 4205 2023 4292">
    <p class='ocr_par' dir='ltr' id='par_1_74' title="bbox 441 4205 2023 4292">
     <span class='ocr_line' id='line_1_74' title="bbox 441 4205 2023 4292; baseline -0.012 -12"><span class='ocrx_word' id='word_1_482' title='bbox 441 4221 940 4292; x_wconf 79' lang='lat' dir='ltr'><strong>sarrcti/icationem,</strong></span> <span class='ocrx_word' id='word_1_483' title='bbox 981 4215 1141 4284; x_wconf 83' lang='lat' dir='ltr'><strong>ﬁnem</strong></span> <span class='ocrx_word' id='word_1_484' title='bbox 1170 4229 1291 4268; x_wconf 84' lang='lat' dir='ltr'><strong>vero</strong></span> <span class='ocrx_word' id='word_1_485' title='bbox 1336 4212 1502 4265; x_wconf 79' lang='lat' dir='ltr'><strong>vitam</strong></span> <span class='ocrx_word' id='word_1_486' title='bbox 1531 4217 1806 4264; x_wconf 71' lang='lat' dir='ltr'><strong>a&#39;ternam.</strong></span> <span class='ocrx_word' id='word_1_487' title='bbox 1848 4207 1903 4260; x_wconf 91' lang='lat' dir='ltr'><strong>In</strong></span> <span class='ocrx_word' id='word_1_488' title='bbox 1937 4205 2023 4261; x_wconf 91' lang='lat' dir='ltr'><strong>bis</strong></span> 
     </span>
    </p>
   </div>
   <div class='ocr_carea' id='block_1_75' title="bbox 441 4301 2025 4385">
    <p class='ocr_par' dir='ltr' id='par_1_75' title="bbox 441 4301 2025 4385">
     <span class='ocr_line' id='line_1_75' title="bbox 441 4301 2025 4385; baseline -0.011 -16"><span class='ocrx_word' id='word_1_489' title='bbox 441 4314 698 4385; x_wconf 83' lang='lat' dir='ltr'><strong>opposuit</strong></span> <span class='ocrx_word' id='word_1_490' title='bbox 731 4317 958 4381; x_wconf 85' lang='lat' dir='ltr'><strong>peccato</strong></span> <span class='ocrx_word' id='word_1_491' title='bbox 992 4306 1218 4377; x_wconf 83' lang='lat' dir='ltr'><strong>quidem</strong></span> <span class='ocrx_word' id='word_1_492' title='bbox 1246 4303 1441 4366; x_wconf 85' lang='lat' dir='ltr'><strong>Deum,</strong></span> <span class='ocrx_word' id='word_1_493' title='bbox 1471 4301 1667 4372; x_wconf 89' lang='lat' dir='ltr'><strong>pudori</strong></span> <span class='ocrx_word' id='word_1_494' title='bbox 1690 4309 1870 4356; x_wconf 89' lang='lat' dir='ltr'><strong>autem</strong></span> <span class='ocrx_word' id='word_1_495' title='bbox 1895 4314 2025 4355; x_wconf 84' lang='lat' dir='ltr'><strong>san-</strong></span> 
     </span>
    </p>
   </div>
   <div class='ocr_carea' id='block_1_76' title="bbox 443 4395 1971 4468">
    <p class='ocr_par' dir='ltr' id='par_1_76' title="bbox 443 4395 1971 4468">
     <span class='ocr_line' id='line_1_76' title="bbox 443 4395 1971 4468; baseline -0.012 -5"><span class='ocrx_word' id='word_1_496' title='bbox 443 4407 853 4468; x_wconf 79' lang='lat' dir='ltr'><strong>ctiﬁcationcm,</strong></span> <span class='ocrx_word' id='word_1_497' title='bbox 878 4409 1097 4457; x_wconf 77' lang='lat' dir='ltr'><strong>a-ternae</strong></span> <span class='ocrx_word' id='word_1_498' title='bbox 1130 4413 1264 4454; x_wconf 86' lang='lat' dir='ltr'><strong>vero</strong></span> <span class='ocrx_word' id='word_1_499' title='bbox 1289 4396 1454 4452; x_wconf 93' lang='lat' dir='ltr'><strong>morti</strong></span> <span class='ocrx_word' id='word_1_500' title='bbox 1485 4395 1652 4449; x_wconf 88' lang='lat' dir='ltr'><strong>vitam</strong></span> <span class='ocrx_word' id='word_1_501' title='bbox 1686 4401 1971 4448; x_wconf 74' lang='lat' dir='ltr'><strong>aeternam.</strong></span> 
     </span>
    </p>
   </div>
   <div class='ocr_carea' id='block_1_77' title="bbox 518 4565 2032 4638">
    <p class='ocr_par' dir='ltr' id='par_1_77' title="bbox 518 4565 2032 4638">
     <span class='ocr_line' id='line_1_77' title="bbox 518 4565 2032 4638; baseline -0.014 0"><span class='ocrx_word' id='word_1_502' title='bbox 518 4583 682 4638; x_wconf 73' lang='lat' dir='ltr'><strong>Vens.</strong></span> <span class='ocrx_word' id='word_1_503' title='bbox 731 4581 827 4634; x_wconf 75' lang='lat'><strong>25.</strong></span> <span class='ocrx_word' id='word_1_504' title='bbox 880 4576 1117 4633; x_wconf 83' lang='lat' dir='ltr'><strong>Obsonia</strong></span> <span class='ocrx_word' id='word_1_505' title='bbox 1161 4575 1300 4629; x_wconf 85' lang='lat' dir='ltr'><strong>enim</strong></span> <span class='ocrx_word' id='word_1_506' title='bbox 1359 4586 1454 4627; x_wconf 89' lang='lat' dir='ltr'><strong>seu</strong></span> <span class='ocrx_word' id='word_1_507' title='bbox 1514 4566 1775 4636; x_wconf 87' lang='lat' dir='ltr'><strong>stipendia</strong></span> <span class='ocrx_word' id='word_1_508' title='bbox 1827 4565 2032 4634; x_wconf 82' lang='lat' dir='ltr'><strong>peccati</strong></span> 
     </span>
    </p>
   </div>
   <div class='ocr_carea' id='block_1_78' title="bbox 443 4660 2032 4737">
    <p class='ocr_par' dir='ltr' id='par_1_78' title="bbox 443 4660 2032 4737">
     <span class='ocr_line' id='line_1_78' title="bbox 443 4660 2032 4737; baseline -0.013 -6"><span class='ocrx_word' id='word_1_509' title='bbox 443 4693 586 4730; x_wconf 86' lang='lat' dir='ltr'><strong>mors</strong></span> <span class='ocrx_word' id='word_1_510' title='bbox 626 4681 726 4728; x_wconf 89' lang='lat' dir='ltr'><strong>est.</strong></span> <span class='ocrx_word' id='word_1_511' title='bbox 763 4670 905 4737; x_wconf 86' lang='lat' dir='ltr'><strong>Quia</strong></span> <span class='ocrx_word' id='word_1_512' title='bbox 935 4668 1067 4722; x_wconf 92' lang='lat' dir='ltr'><strong>olim</strong></span> <span class='ocrx_word' id='word_1_513' title='bbox 1126 4664 1346 4734; x_wconf 88' lang='lat' dir='ltr'><strong>quidem</strong></span> <span class='ocrx_word' id='word_1_514' title='bbox 1403 4660 1674 4731; x_wconf 79' lang='lat' dir='ltr'><strong>regnavit,</strong></span> <span class='ocrx_word' id='word_1_515' title='bbox 1730 4673 1876 4713; x_wconf 85' lang='lat' dir='ltr'><strong>nunc</strong></span> <span class='ocrx_word' id='word_1_516' title='bbox 1933 4672 2032 4712; x_wconf 84' lang='lat' dir='ltr'><strong>au-</strong></span> 
     </span>
    </p>
   </div>
   <div class='ocr_carea' id='block_1_79' title="bbox 445 4747 2030 4835">
    <p class='ocr_par' dir='ltr' id='par_1_79' title="bbox 445 4747 2030 4835">
     <span class='ocr_line' id='line_1_79' title="bbox 445 4747 2030 4835; baseline -0.013 -15"><span class='ocrx_word' id='word_1_517' title='bbox 445 4776 552 4820; x_wconf 86' lang='lat' dir='ltr'><strong>tem</strong></span> <span class='ocrx_word' id='word_1_518' title='bbox 587 4757 941 4835; x_wconf 84' lang='lat' dir='ltr'><strong>tyrannidem</strong></span> <span class='ocrx_word' id='word_1_519' title='bbox 1002 4761 1246 4818; x_wconf 79' lang='lat' dir='ltr'><strong>exercet,</strong></span> <span class='ocrx_word' id='word_1_520' title='bbox 1299 4758 1353 4805; x_wconf 87' lang='lat' dir='ltr'><strong>et</strong></span> <span class='ocrx_word' id='word_1_521' title='bbox 1395 4764 1550 4803; x_wconf 89' lang='lat' dir='ltr'><strong>arma</strong></span> <span class='ocrx_word' id='word_1_522' title='bbox 1606 4748 1725 4818; x_wconf 86' lang='lat' dir='ltr'><strong>ejus</strong></span> <span class='ocrx_word' id='word_1_523' title='bbox 1784 4747 2030 4802; x_wconf 88' lang='lat' dir='ltr'><strong>membra</strong></span> 
     </span>
    </p>
   </div>
   <div class='ocr_carea' id='block_1_80' title="bbox 443 4839 2030 4928">
    <p class='ocr_par' dir='ltr' id='par_1_80' title="bbox 443 4839 2030 4928">
     <span class='ocr_line' id='line_1_80' title="bbox 443 4839 2030 4928; baseline -0.013 -16"><span class='ocrx_word' id='word_1_524' title='bbox 443 4871 566 4928; x_wconf 70' lang='lat' dir='ltr'><strong>quae</strong></span> <span class='ocrx_word' id='word_1_525' title='bbox 624 4854 766 4909; x_wconf 84' lang='lat' dir='ltr'><strong>male</strong></span> <span class='ocrx_word' id='word_1_526' title='bbox 838 4856 1107 4922; x_wconf 73' lang='lat' dir='ltr'><strong>reguntur</strong></span> <span class='ocrx_word' id='word_1_527' title='bbox 1185 4843 1524 4917; x_wconf 85' lang='lat' dir='ltr'><strong>appellavit,</strong></span> <span class='ocrx_word' id='word_1_528' title='bbox 1610 4839 1807 4894; x_wconf 89' lang='lat' dir='ltr'><strong>merito</strong></span> <span class='ocrx_word' id='word_1_529' title='bbox 1865 4841 2030 4894; x_wconf 91' lang='lat' dir='ltr'><strong>ctiam</strong></span> 
     </span>
    </p>
   </div>
   <div class='ocr_carea' id='block_1_81' title="bbox 445 4930 2022 5010">
    <p class='ocr_par' dir='ltr' id='par_1_81' title="bbox 445 4930 2022 5010">
     <span class='ocr_line' id='line_1_81' title="bbox 445 4930 2022 5010; baseline -0.015 -6"><span class='ocrx_word' id='word_1_530' title='bbox 445 4947 754 5004; x_wconf 85' lang='lat' dir='ltr'><strong>mercedem</strong></span> <span class='ocrx_word' id='word_1_531' title='bbox 814 4943 1089 4998; x_wconf 81' lang='lat' dir='ltr'><strong>obsonium</strong></span> <span class='ocrx_word' id='word_1_532' title='bbox 1141 4934 1458 5010; x_wconf 84' lang='lat' dir='ltr'><strong>appellavit.</strong></span> <span class='ocrx_word' id='word_1_533' title='bbox 1514 4931 1592 4985; x_wconf 88' lang='lat' dir='ltr'><strong>Ita</strong></span> <span class='ocrx_word' id='word_1_534' title='bbox 1654 4931 1798 4984; x_wconf 88' lang='lat' dir='ltr'><strong>enim</strong></span> <span class='ocrx_word' id='word_1_535' title='bbox 1832 4930 2022 4999; x_wconf 86' lang='lat' dir='ltr'><strong>appel-</strong></span> 
     </span>
    </p>
   </div>
   <div class='ocr_carea' id='block_1_82' title="bbox 443 5014 2023 5094">
    <p class='ocr_par' dir='ltr' id='par_1_82' title="bbox 443 5014 2023 5094">
     <span class='ocr_line' id='line_1_82' title="bbox 443 5014 2023 5094; baseline -0.016 0"><span class='ocrx_word' id='word_1_536' title='bbox 443 5040 558 5094; x_wconf 87' lang='lat' dir='ltr'><strong>lare</strong></span> <span class='ocrx_word' id='word_1_537' title='bbox 591 5037 733 5092; x_wconf 84' lang='lat' dir='ltr'><strong>solet</strong></span> <span class='ocrx_word' id='word_1_538' title='bbox 772 5045 1046 5088; x_wconf 84' lang='lat' dir='ltr'><strong>annonam</strong></span> <span class='ocrx_word' id='word_1_539' title='bbox 1076 5029 1390 5084; x_wconf 89' lang='lat' dir='ltr'><strong>militarem.</strong></span> <span class='ocrx_word' id='word_1_540' title='bbox 1421 5019 1556 5074; x_wconf 82' lang='lat' dir='ltr'><strong>Nam</strong></span> <span class='ocrx_word' id='word_1_541' title='bbox 1587 5026 1643 5072; x_wconf 87' lang='lat' dir='ltr'><strong>et</strong></span> <span class='ocrx_word' id='word_1_542' title='bbox 1669 5016 1722 5070; x_wconf 92' lang='lat' dir='ltr'><strong>in</strong></span> <span class='ocrx_word' id='word_1_543' title='bbox 1776 5014 2023 5084; x_wconf 85' lang='lat' dir='ltr'><strong>Epistola</strong></span> 
     </span>
    </p>
   </div>
   <div class='ocr_carea' id='block_1_83' title="bbox 444 5107 2026 5186">
    <p class='ocr_par' dir='ltr' id='par_1_83' title="bbox 444 5107 2026 5186">
     <span class='ocr_line' id='line_1_83' title="bbox 444 5107 2026 5186; baseline -0.017 0"><span class='ocrx_word' id='word_1_544' title='bbox 444 5133 510 5186; x_wconf 86' lang='lat' dir='ltr'><strong>ad</strong></span> <span class='ocrx_word' id='word_1_545' title='bbox 571 5129 890 5186; x_wconf 83' lang='lat' dir='ltr'><strong>Corinthios</strong></span> <span class='ocrx_word' id='word_1_546' title='bbox 938 5122 1020 5178; x_wconf 88' lang='lat' dir='ltr'><strong>sic</strong></span> <span class='ocrx_word' id='word_1_547' title='bbox 1083 5120 1212 5176; x_wconf 87' lang='lat' dir='ltr'><strong>ait:</strong></span> <span class='ocrx_word' id='word_1_548' title='bbox 1276 5137 1294 5170; x_wconf 77' lang='grc' dir='ltr'><strong>ι</strong></span> <span class='ocrx_word' id='word_1_549' title='bbox 1329 5115 1464 5182; x_wconf 86' lang='lat' dir='ltr'><strong>Quis</strong></span> <span class='ocrx_word' id='word_1_550' title='bbox 1527 5124 1767 5180; x_wconf 87' lang='lat' dir='ltr'><strong>unquam</strong></span> <span class='ocrx_word' id='word_1_551' title='bbox 1829 5107 2026 5161; x_wconf 87' lang='lat' dir='ltr'><strong>militat</strong></span> 
     </span>
    </p>
   </div>
   <div class='ocr_carea' id='block_1_84' title="bbox 445 5195 2025 5283">
    <p class='ocr_par' dir='ltr' id='par_1_84' title="bbox 445 5195 2025 5283">
     <span class='ocr_line' id='line_1_84' title="bbox 445 5195 2025 5283; baseline -0.016 -7"><span class='ocrx_word' id='word_1_552' title='bbox 445 5221 564 5276; x_wconf 82' lang='lat' dir='ltr'><strong>suis</strong></span> <span class='ocrx_word' id='word_1_553' title='bbox 588 5217 862 5281; x_wconf 83' lang='lat' dir='ltr'><strong>obsoniis,</strong></span> <span class='ocrx_word' id='word_1_554' title='bbox 891 5229 986 5270; x_wconf 88' lang='lat' dir='ltr'><strong>seu</strong></span> <span class='ocrx_word' id='word_1_555' title='bbox 1015 5207 1305 5283; x_wconf 87' lang='lat' dir='ltr'><strong>stipendiis</strong></span> <span class='ocrx_word' id='word_1_556' title='bbox 1329 5205 1388 5261; x_wconf 70' lang='grc' dir='ltr'><strong>ιτ</strong></span> <span class='ocrx_word' id='word_1_557' title='bbox 1425 5223 1444 5258; x_wconf 74' lang='grc' dir='ltr'><strong>ι</strong></span> <span class='ocrx_word' id='word_1_558' title='bbox 1479 5201 1669 5257; x_wconf 82' lang='lat' dir='ltr'><strong>Gratia</strong></span> <span class='ocrx_word' id='word_1_559' title='bbox 1714 5205 1887 5252; x_wconf 87' lang='lat' dir='ltr'><strong>autem</strong></span> <span class='ocrx_word' id='word_1_560' title='bbox 1926 5195 2025 5251; x_wconf 86' lang='lat' dir='ltr'><strong>Dei</strong></span> 
     </span>
    </p>
   </div>
   <div class='ocr_carea' id='block_1_85' title="bbox 529 5399 987 5464">
    <p class='ocr_par' dir='ltr' id='par_1_85' title="bbox 529 5399 987 5464">
     <span class='ocr_line' id='line_1_85' title="bbox 529 5399 987 5464; baseline -0.002 -10"><span class='ocrx_word' id='word_1_561' title='bbox 529 5412 564 5454; x_wconf 60' lang='grc' dir='ltr'><strong>ιιι</strong></span> <span class='ocrx_word' id='word_1_562' title='bbox 597 5402 774 5460; x_wconf 86' lang='lat' dir='ltr'><strong>lCor.</strong></span> <span class='ocrx_word' id='word_1_563' title='bbox 813 5416 864 5454; x_wconf 79' lang='lat' dir='ltr'><strong>Ix</strong></span> <span class='ocrx_word' id='word_1_564' title='bbox 889 5439 902 5464; x_wconf 92' lang='lat'><strong>,</strong></span> <span class='ocrx_word' id='word_1_565' title='bbox 939 5399 987 5453; x_wconf 89' lang='grc'><strong>7.</strong></span> 
     </span>
    </p>
   </div>
   <div class='ocr_carea' id='block_1_86' title="bbox 2113 3189 3692 3265">
    <p class='ocr_par' dir='ltr' id='par_1_86' title="bbox 2113 3189 3692 3265">
     <span class='ocr_line' id='line_1_86' title="bbox 2113 3189 3692 3265; baseline -0.004 -17"><span class='ocrx_word' id='word_1_566' title='bbox 2113 3195 2345 3265; x_wconf 77' lang='grc' dir='ltr'><strong>ἐρωτᾷν.</strong></span> <span class='ocrx_word' id='word_1_567' title='bbox 2391 3194 2500 3247; x_wconf 81' lang='grc' dir='ltr'><strong>Καὶ</strong></span> <span class='ocrx_word' id='word_1_568' title='bbox 2531 3192 2794 3262; x_wconf 84' lang='grc' dir='ltr'>σιγῶντες</span> <span class='ocrx_word' id='word_1_569' title='bbox 2814 3193 2922 3264; x_wconf 87' lang='grc' dir='ltr'>γὰρ</span> <span class='ocrx_word' id='word_1_570' title='bbox 2953 3192 3267 3262; x_wconf 77' lang='grc' dir='ltr'>ὁμολογεῖτε</span> <span class='ocrx_word' id='word_1_571' title='bbox 3317 3191 3418 3262; x_wconf 83' lang='grc' dir='ltr'><strong>τὴν</strong></span> <span class='ocrx_word' id='word_1_572' title='bbox 3467 3189 3692 3260; x_wconf 80' lang='grc' dir='ltr'>βλάϐην·</span> 
     </span>
    </p>
   </div>
   <div class='ocr_carea' id='block_1_87' title="bbox 2113 3283 3691 3356">
    <p class='ocr_par' dir='ltr' id='par_1_87' title="bbox 2113 3283 3691 3356">
     <span class='ocr_line' id='line_1_87' title="bbox 2113 3283 3691 3356; baseline -0.002 -17"><span class='ocrx_word' id='word_1_573' title='bbox 2113 3288 2214 3354; x_wconf 84' lang='grc' dir='ltr'><strong>τὴν</strong></span> <span class='ocrx_word' id='word_1_574' title='bbox 2254 3285 2364 3354; x_wconf 87' lang='grc' dir='ltr'>γὰρ</span> <span class='ocrx_word' id='word_1_575' title='bbox 2392 3285 2654 3356; x_wconf 77' lang='grc' dir='ltr'>αἰσχύνην</span> <span class='ocrx_word' id='word_1_576' title='bbox 2685 3284 3019 3356; x_wconf 87' lang='grc' dir='ltr'>περίκεισθε.</span> <span class='ocrx_word' id='word_1_577' title='bbox 3061 3283 3230 3336; x_wconf 74' lang='grc' dir='ltr'>Τοῦτο</span> <span class='ocrx_word' id='word_1_578' title='bbox 3261 3283 3371 3355; x_wconf 81' lang='grc' dir='ltr'>γὰρ</span> <span class='ocrx_word' id='word_1_579' title='bbox 3394 3283 3691 3351; x_wconf 73' lang='grc' dir='ltr'>ἐπήγαγενο</span> 
     </span>
    </p>
   </div>
   <div class='ocr_carea' id='block_1_88' title="bbox 2129 3370 3694 3444">
    <p class='ocr_par' dir='ltr' id='par_1_88' title="bbox 2129 3370 3694 3444">
     <span class='ocr_line' id='line_1_88' title="bbox 2129 3370 3694 3444; baseline -0.001 -16"><span class='ocrx_word' id='word_1_580' title='bbox 2129 3374 2254 3444; x_wconf 67' lang='grc' dir='ltr'><strong>Ἐφ’</strong></span> <span class='ocrx_word' id='word_1_581' title='bbox 2282 3370 2372 3441; x_wconf 76' lang='grc' dir='ltr'><strong>οἷς</strong></span> <span class='ocrx_word' id='word_1_582' title='bbox 2404 3375 2522 3429; x_wconf 83' lang='grc' dir='ltr'><strong>νῦν</strong></span> <span class='ocrx_word' id='word_1_583' title='bbox 2567 3375 3049 3444; x_wconf 55' lang='lat' dir='ltr'><strong>camelos-3003;</strong></span> <span class='ocrx_word' id='word_1_584' title='bbox 3105 3374 3223 3427; x_wconf 73' lang='grc' dir='ltr'><strong>Κᾶν</strong></span> <span class='ocrx_word' id='word_1_585' title='bbox 3275 3374 3388 3444; x_wconf 74' lang='grc' dir='ltr'><strong>γὰρ</strong></span> <span class='ocrx_word' id='word_1_586' title='bbox 3441 3373 3564 3426; x_wconf 87' lang='grc' dir='ltr'>λίαν</span> <span class='ocrx_word' id='word_1_587' title='bbox 3610 3391 3694 3435; x_wconf 82' lang='grc' dir='ltr'><strong>τις</strong></span> 
     </span>
    </p>
   </div>
   <div class='ocr_carea' id='block_1_89' title="bbox 2117 3460 3691 3539">
    <p class='ocr_par' dir='ltr' id='par_1_89' title="bbox 2117 3460 3691 3539">
     <span class='ocr_line' id='line_1_89' title="bbox 2117 3460 3691 3539; baseline -0.004 -18"><span class='ocrx_word' id='word_1_588' title='bbox 2117 3466 2499 3529; x_wconf 75' lang='grc' dir='ltr'>ἀναιδέστατος</span> <span class='ocrx_word' id='word_1_589' title='bbox 2551 3460 2608 3539; x_wconf 84' lang='grc' dir='ltr'>ᾗ,</span> <span class='ocrx_word' id='word_1_590' title='bbox 2655 3467 2790 3537; x_wconf 80' lang='grc' dir='ltr'>μετὰ</span> <span class='ocrx_word' id='word_1_591' title='bbox 2839 3467 2937 3538; x_wconf 78' lang='grc' dir='ltr'>τὴν</span> <span class='ocrx_word' id='word_1_592' title='bbox 2980 3466 3199 3521; x_wconf 77' lang='grc' dir='ltr'>παῦλαν</span> <span class='ocrx_word' id='word_1_593' title='bbox 3236 3466 3336 3537; x_wconf 81' lang='grc' dir='ltr'><strong>τῆς</strong></span> <span class='ocrx_word' id='word_1_594' title='bbox 3368 3465 3561 3535; x_wconf 79' lang='grc' dir='ltr'>ἡδονῆς</span> <span class='ocrx_word' id='word_1_595' title='bbox 3595 3465 3691 3536; x_wconf 64' lang='grc' dir='ltr'><strong>τὴν</strong></span> 
     </span>
    </p>
   </div>
   <div class='ocr_carea' id='block_1_90' title="bbox 2118 3557 3692 3630">
    <p class='ocr_par' dir='ltr' id='par_1_90' title="bbox 2118 3557 3692 3630">
     <span class='ocr_line' id='line_1_90' title="bbox 2118 3557 3692 3630; baseline -0.001 -16"><span class='ocrx_word' id='word_1_596' title='bbox 2118 3558 2380 3630; x_wconf 82' lang='grc' dir='ltr'>αἰσχύνην</span> <span class='ocrx_word' id='word_1_597' title='bbox 2425 3558 2748 3629; x_wconf 80' lang='grc' dir='ltr'>εἰσδέχεται.</span> <span class='ocrx_word' id='word_1_598' title='bbox 2802 3558 3051 3612; x_wconf 84' lang='grc' dir='ltr'>Δείκνυσι</span> <span class='ocrx_word' id='word_1_599' title='bbox 3104 3559 3160 3611; x_wconf 82' lang='grc' dir='ltr'>δὲ</span> <span class='ocrx_word' id='word_1_600' title='bbox 3209 3558 3344 3628; x_wconf 67' lang='grc' dir='ltr'>πρὸς</span> <span class='ocrx_word' id='word_1_601' title='bbox 3376 3557 3546 3629; x_wconf 77' lang='grc' dir='ltr'>ταύτῃ</span> <span class='ocrx_word' id='word_1_602' title='bbox 3603 3575 3692 3612; x_wconf 60' lang='grc' dir='ltr'><strong>και</strong></span> 
     </span>
    </p>
   </div>
   <div class='ocr_carea' id='block_1_91' title="bbox 2118 3649 3682 3723">
    <p class='ocr_par' dir='ltr' id='par_1_91' title="bbox 2118 3649 3682 3723">
     <span class='ocr_line' id='line_1_91' title="bbox 2118 3649 3682 3723; baseline 0 -17"><span class='ocrx_word' id='word_1_603' title='bbox 2118 3654 2210 3706; x_wconf 77' lang='grc' dir='ltr'><strong>τὸν</strong></span> <span class='ocrx_word' id='word_1_604' title='bbox 2243 3653 2465 3723; x_wconf 78' lang='grc' dir='ltr'>μείζονα</span> <span class='ocrx_word' id='word_1_605' title='bbox 2499 3652 2593 3705; x_wconf 70' lang='grc' dir='ltr'>καὶ</span> <span class='ocrx_word' id='word_1_606' title='bbox 2627 3651 3006 3723; x_wconf 78' lang='grc' dir='ltr'>χαλεπώτερον</span> <span class='ocrx_word' id='word_1_607' title='bbox 3029 3652 3124 3721; x_wconf 76' lang='grc' dir='ltr'>τῆς</span> <span class='ocrx_word' id='word_1_608' title='bbox 3165 3649 3439 3722; x_wconf 83' lang='grc' dir='ltr'>ἁμαρτίας</span> <span class='ocrx_word' id='word_1_609' title='bbox 3461 3651 3682 3717; x_wconf 70' lang='grc' dir='ltr'>καρπόν.</span> 
     </span>
    </p>
   </div>
   <div class='ocr_carea' id='block_1_92' title="bbox 2125 3741 3694 3813">
    <p class='ocr_par' dir='ltr' id='par_1_92' title="bbox 2125 3741 3694 3813">
     <span class='ocr_line' id='line_1_92' title="bbox 2125 3741 3694 3813; baseline -0.005 -13"><span class='ocrx_word' id='word_1_610' title='bbox 2125 3743 2196 3801; x_wconf 79' lang='grc' dir='ltr'><strong>Τὸ</strong></span> <span class='ocrx_word' id='word_1_611' title='bbox 2244 3743 2362 3813; x_wconf 81' lang='grc' dir='ltr'>μὲν</span> <span class='ocrx_word' id='word_1_612' title='bbox 2415 3743 2523 3812; x_wconf 77' lang='grc' dir='ltr'>γὰρ</span> <span class='ocrx_word' id='word_1_613' title='bbox 2574 3743 2752 3810; x_wconf 71' lang='grc' dir='ltr'>τέλος</span> <span class='ocrx_word' id='word_1_614' title='bbox 2789 3743 3060 3796; x_wconf 64' lang='grc' dir='ltr'>ἐκείνων</span> <span class='ocrx_word' id='word_1_615' title='bbox 3119 3741 3395 3807; x_wconf 81' lang='grc' dir='ltr'>θάνατος.</span> <span class='ocrx_word' id='word_1_616' title='bbox 3456 3741 3694 3794; x_wconf 65' lang='grc' dir='ltr'>Θάνατον</span> 
     </span>
    </p>
   </div>
   <div class='ocr_carea' id='block_1_93' title="bbox 2119 3831 3699 3906">
    <p class='ocr_par' dir='ltr' id='par_1_93' title="bbox 2119 3831 3699 3906">
     <span class='ocr_line' id='line_1_93' title="bbox 2119 3831 3699 3906; baseline -0.003 -17"><span class='ocrx_word' id='word_1_617' title='bbox 2119 3837 2176 3890; x_wconf 84' lang='grc' dir='ltr'>δὲ</span> <span class='ocrx_word' id='word_1_618' title='bbox 2212 3835 2394 3903; x_wconf 85' lang='grc' dir='ltr'>λέγει,</span> <span class='ocrx_word' id='word_1_619' title='bbox 2435 3835 2496 3888; x_wconf 81' lang='grc' dir='ltr'><strong>ού</strong></span> <span class='ocrx_word' id='word_1_620' title='bbox 2538 3834 2628 3888; x_wconf 76' lang='grc' dir='ltr'><strong>τὸν</strong></span> <span class='ocrx_word' id='word_1_621' title='bbox 2663 3833 2998 3906; x_wconf 83' lang='grc' dir='ltr'>πρόσκαιρον</span> <span class='ocrx_word' id='word_1_622' title='bbox 3028 3831 3236 3899; x_wconf 78' lang='grc' dir='ltr'>τοῦτον,</span> <span class='ocrx_word' id='word_1_623' title='bbox 3275 3831 3413 3885; x_wconf 82' lang='grc' dir='ltr'>ἀλλὰ</span> <span class='ocrx_word' id='word_1_624' title='bbox 3449 3832 3539 3885; x_wconf 69' lang='grc' dir='ltr'>τὶν</span> <span class='ocrx_word' id='word_1_625' title='bbox 3573 3831 3699 3885; x_wconf 75' lang='grc' dir='ltr'><strong>αίὼι</strong></span> 
     </span>
    </p>
   </div>
   <div class='ocr_carea' id='block_1_94' title="bbox 2123 3945 2256 3982">
    <p class='ocr_par' dir='ltr' id='par_1_94' title="bbox 2123 3945 2256 3982">
     <span class='ocr_line' id='line_1_94' title="bbox 2123 3945 2256 3982; baseline 0 0"><span class='ocrx_word' id='word_1_626' title='bbox 2123 3945 2256 3982; x_wconf 84' lang='grc' dir='ltr'>νιον.</span> 
     </span>
    </p>
   </div>
   <div class='ocr_carea' id='block_1_95' title="bbox 2192 4017 3700 4092">
    <p class='ocr_par' dir='ltr' id='par_1_95' title="bbox 2192 4017 3700 4092">
     <span class='ocr_line' id='line_1_95' title="bbox 2192 4017 3700 4092; baseline -0.003 -18"><span class='ocrx_word' id='word_1_627' title='bbox 2192 4020 2298 4092; x_wconf 76' lang='grc' dir='ltr'>κβ¹.</span> <span class='ocrx_word' id='word_1_628' title='bbox 2355 4019 2506 4074; x_wconf 76' lang='grc' dir='ltr'><strong>Νυνὶ</strong></span> <span class='ocrx_word' id='word_1_629' title='bbox 2567 4019 2636 4072; x_wconf 82' lang='grc' dir='ltr'>δὲ</span> <span class='ocrx_word' id='word_1_630' title='bbox 2693 4019 3193 4086; x_wconf 80' lang='grc' dir='ltr'>ἐλευθερωθέντες</span> <span class='ocrx_word' id='word_1_631' title='bbox 3243 4017 3360 4086; x_wconf 79' lang='grc' dir='ltr'>μὲν</span> <span class='ocrx_word' id='word_1_632' title='bbox 3413 4018 3534 4071; x_wconf 80' lang='grc' dir='ltr'><strong>ἀπὸ</strong></span> <span class='ocrx_word' id='word_1_633' title='bbox 3586 4017 3700 4084; x_wconf 83' lang='grc' dir='ltr'>τῆς</span> 
     </span>
    </p>
   </div>
   <div class='ocr_carea' id='block_1_96' title="bbox 2122 4109 3702 4182">
    <p class='ocr_par' dir='ltr' id='par_1_96' title="bbox 2122 4109 3702 4182">
     <span class='ocr_line' id='line_1_96' title="bbox 2122 4109 3702 4182; baseline -0.003 -16"><span class='ocrx_word' id='word_1_634' title='bbox 2122 4112 2410 4182; x_wconf 77' lang='grc' dir='ltr'>ἁμαρτίας</span> <span class='ocrx_word' id='word_1_635' title='bbox 2435 4152 2449 4176; x_wconf 90' lang='grc'><strong>,</strong></span> <span class='ocrx_word' id='word_1_636' title='bbox 2490 4109 2896 4177; x_wconf 76' lang='grc' dir='ltr'><strong>δουλωθέντες</strong></span> <span class='ocrx_word' id='word_1_637' title='bbox 2928 4110 2996 4164; x_wconf 77' lang='grc' dir='ltr'>δὲ</span> <span class='ocrx_word' id='word_1_638' title='bbox 3033 4111 3114 4176; x_wconf 84' lang='grc' dir='ltr'>τῷ</span> <span class='ocrx_word' id='word_1_639' title='bbox 3155 4111 3278 4175; x_wconf 82' lang='grc' dir='ltr'><strong>Θεῷ</strong></span> <span class='ocrx_word' id='word_1_640' title='bbox 3305 4149 3319 4173; x_wconf 90' lang='grc'><strong>,</strong></span> <span class='ocrx_word' id='word_1_641' title='bbox 3383 4112 3554 4180; x_wconf 76' lang='grc' dir='ltr'>ἕχει-ε</span> <span class='ocrx_word' id='word_1_642' title='bbox 3592 4109 3702 4163; x_wconf 84' lang='grc' dir='ltr'>τὸν</span> 
     </span>
    </p>
   </div>
   <div class='ocr_carea' id='block_1_97' title="bbox 2123 4199 3703 4272">
    <p class='ocr_par' dir='ltr' id='par_1_97' title="bbox 2123 4199 3703 4272">
     <span class='ocr_line' id='line_1_97' title="bbox 2123 4199 3703 4272; baseline -0.003 -14"><span class='ocrx_word' id='word_1_643' title='bbox 2123 4202 2357 4272; x_wconf 82' lang='grc' dir='ltr'>καρπὸν</span> <span class='ocrx_word' id='word_1_644' title='bbox 2392 4200 2561 4271; x_wconf 82' lang='grc' dir='ltr'>ὑμῶν</span> <span class='ocrx_word' id='word_1_645' title='bbox 2615 4203 2702 4268; x_wconf 77' lang='grc' dir='ltr'><strong>είς</strong></span> <span class='ocrx_word' id='word_1_646' title='bbox 2754 4203 3074 4271; x_wconf 71' lang='grc' dir='ltr'>ἁγιασμόν,</span> <span class='ocrx_word' id='word_1_647' title='bbox 3111 4202 3176 4255; x_wconf 73' lang='grc' dir='ltr'>τὸ</span> <span class='ocrx_word' id='word_1_648' title='bbox 3215 4201 3284 4254; x_wconf 80' lang='grc' dir='ltr'>δὲ</span> <span class='ocrx_word' id='word_1_649' title='bbox 3319 4201 3494 4267; x_wconf 78' lang='grc' dir='ltr'>τέλος</span> <span class='ocrx_word' id='word_1_650' title='bbox 3547 4199 3703 4266; x_wconf 64' lang='lat' dir='ltr'><strong>(cuin-</strong></span> 
     </span>
    </p>
   </div>
   <div class='ocr_carea' id='block_1_98' title="bbox 2123 4291 3700 4363">
    <p class='ocr_par' dir='ltr' id='par_1_98' title="bbox 2123 4291 3700 4363">
     <span class='ocr_line' id='line_1_98' title="bbox 2123 4291 3700 4363; baseline -0.001 -17"><span class='ocrx_word' id='word_1_651' title='bbox 2123 4293 2384 4347; x_wconf 70' lang='grc' dir='ltr'>αἰώνιον.</span> <span class='ocrx_word' id='word_1_652' title='bbox 2429 4293 2517 4345; x_wconf 84' lang='grc' dir='ltr'>Ἐν</span> <span class='ocrx_word' id='word_1_653' title='bbox 2547 4291 2755 4356; x_wconf 82' lang='grc' dir='ltr'>τούτοις</span> <span class='ocrx_word' id='word_1_654' title='bbox 2782 4292 3076 4363; x_wconf 85' lang='grc' dir='ltr'>ἀντέστησε</span> <span class='ocrx_word' id='word_1_655' title='bbox 3109 4295 3173 4363; x_wconf 83' lang='grc' dir='ltr'>τῇ</span> <span class='ocrx_word' id='word_1_656' title='bbox 3207 4291 3305 4362; x_wconf 83' lang='grc' dir='ltr'>μὲν</span> <span class='ocrx_word' id='word_1_657' title='bbox 3339 4291 3580 4362; x_wconf 70' lang='grc' dir='ltr'><strong>ἁμαρτίᾳ⁵</strong></span> <span class='ocrx_word' id='word_1_658' title='bbox 3609 4291 3700 4344; x_wconf 65' lang='grc' dir='ltr'><strong>τὸν</strong></span> 
     </span>
    </p>
   </div>
   <div class='ocr_carea' id='block_1_99' title="bbox 2125 4382 3701 4468">
    <p class='ocr_par' dir='ltr' id='par_1_99' title="bbox 2125 4382 3701 4468">
     <span class='ocr_line' id='line_1_99' title="bbox 2125 4382 3701 4468; baseline -0.001 -30"><span class='ocrx_word' id='word_1_659' title='bbox 2125 4383 2278 4448; x_wconf 80' lang='grc' dir='ltr'>Θεὸν,</span> <span class='ocrx_word' id='word_1_660' title='bbox 2302 4385 2368 4468; x_wconf 71' lang='grc' dir='ltr'>τῇ</span> <span class='ocrx_word' id='word_1_661' title='bbox 2396 4382 2451 4437; x_wconf 80' lang='grc' dir='ltr'>δὲ</span> <span class='ocrx_word' id='word_1_662' title='bbox 2484 4385 2715 4458; x_wconf 85' lang='grc' dir='ltr'>αἰσχύνῃ</span> <span class='ocrx_word' id='word_1_663' title='bbox 2749 4384 2838 4438; x_wconf 63' lang='grc' dir='ltr'>τὸν</span> <span class='ocrx_word' id='word_1_664' title='bbox 2866 4385 3156 4455; x_wconf 79' lang='grc' dir='ltr'>ἀγιασμδν,</span> <span class='ocrx_word' id='word_1_665' title='bbox 3183 4383 3260 4455; x_wconf 80' lang='grc' dir='ltr'>τῷ</span> <span class='ocrx_word' id='word_1_666' title='bbox 3280 4384 3335 4436; x_wconf 81' lang='grc' dir='ltr'>δὲ</span> <span class='ocrx_word' id='word_1_667' title='bbox 3373 4383 3574 4454; x_wconf 77' lang='grc' dir='ltr'>αἰωνίῳ</span> <span class='ocrx_word' id='word_1_668' title='bbox 3603 4383 3701 4436; x_wconf 81' lang='grc' dir='ltr'>θα-</span> 
     </span>
    </p>
   </div>
   <div class='ocr_carea' id='block_1_100' title="bbox 2127 4475 2960 4548">
    <p class='ocr_par' dir='ltr' id='par_1_100' title="bbox 2127 4475 2960 4548">
     <span class='ocr_line' id='line_1_100' title="bbox 2127 4475 2960 4548; baseline -0.001 -16"><span class='ocrx_word' id='word_1_669' title='bbox 2127 4477 2274 4548; x_wconf 81' lang='grc' dir='ltr'>νάτῳ</span> <span class='ocrx_word' id='word_1_670' title='bbox 2297 4476 2396 4548; x_wconf 87' lang='grc' dir='ltr'><strong>τὴν</strong></span> <span class='ocrx_word' id='word_1_671' title='bbox 2427 4475 2572 4548; x_wconf 79' lang='grc' dir='ltr'>ζωὴν</span> <span class='ocrx_word' id='word_1_672' title='bbox 2601 4478 2699 4548; x_wconf 82' lang='grc' dir='ltr'><strong>τὴν</strong></span> <span class='ocrx_word' id='word_1_673' title='bbox 2727 4478 2960 4532; x_wconf 75' lang='grc' dir='ltr'>αἰώνιον,</span> 
     </span>
    </p>
   </div>
   <div class='ocr_carea' id='block_1_101' title="bbox 2199 4569 3700 4639">
    <p class='ocr_par' dir='ltr' id='par_1_101' title="bbox 2199 4569 3700 4639">
     <span class='ocr_line' id='line_1_101' title="bbox 2199 4569 3700 4639; baseline 0.001 -16"><span class='ocrx_word' id='word_1_674' title='bbox 2199 4576 2306 4638; x_wconf 86' lang='grc' dir='ltr'>κγ’.</span> <span class='ocrx_word' id='word_1_675' title='bbox 2367 4571 2440 4624; x_wconf 63' lang='lat' dir='ltr'><strong>Tit</strong></span> <span class='ocrx_word' id='word_1_676' title='bbox 2481 4572 2592 4639; x_wconf 77' lang='grc' dir='ltr'>γὰρ</span> <span class='ocrx_word' id='word_1_677' title='bbox 2630 4569 2860 4638; x_wconf 67' lang='grc' dir='ltr'>ὀψώνια</span> <span class='ocrx_word' id='word_1_678' title='bbox 2904 4569 3015 4637; x_wconf 79' lang='grc' dir='ltr'>τῆς</span> <span class='ocrx_word' id='word_1_679' title='bbox 3052 4571 3381 4639; x_wconf 76' lang='grc' dir='ltr'>ἁμαρτίας,</span> <span class='ocrx_word' id='word_1_680' title='bbox 3424 4570 3700 4635; x_wconf 79' lang='grc' dir='ltr'>θάνατος.</span> 
     </span>
    </p>
   </div>
   <div class='ocr_carea' id='block_1_102' title="bbox 2143 4653 3706 4731">
    <p class='ocr_par' dir='ltr' id='par_1_102' title="bbox 2143 4653 3706 4731">
     <span class='ocr_line' id='line_1_102' title="bbox 2143 4653 3706 4731; baseline 0.002 -22"><span class='ocrx_word' id='word_1_681' title='bbox 2143 4653 2358 4727; x_wconf 83' lang='grc' dir='ltr'>Ἐπειδὴ</span> <span class='ocrx_word' id='word_1_682' title='bbox 2391 4657 2558 4710; x_wconf 78' lang='grc' dir='ltr'>πάλαι</span> <span class='ocrx_word' id='word_1_683' title='bbox 2586 4658 2682 4728; x_wconf 82' lang='grc' dir='ltr'><strong>μὲν</strong></span> <span class='ocrx_word' id='word_1_684' title='bbox 2720 4657 3059 4722; x_wconf 77' lang='grc' dir='ltr'>ἐϐασίλευσε,</span> <span class='ocrx_word' id='word_1_685' title='bbox 3097 4658 3192 4713; x_wconf 77' lang='grc' dir='ltr'>νῦν</span> <span class='ocrx_word' id='word_1_686' title='bbox 3222 4660 3277 4713; x_wconf 76' lang='grc' dir='ltr'>δὲ</span> <span class='ocrx_word' id='word_1_687' title='bbox 3307 4663 3576 4731; x_wconf 83' lang='grc' dir='ltr'>τυραννεῖ,</span> <span class='ocrx_word' id='word_1_688' title='bbox 3610 4662 3706 4712; x_wconf 71' lang='grc' dir='ltr'><strong>καὶ</strong></span> 
     </span>
    </p>
   </div>
   <div class='ocr_carea' id='block_1_103' title="bbox 2128 4749 3704 4824">
    <p class='ocr_par' dir='ltr' id='par_1_103' title="bbox 2128 4749 3704 4824">
     <span class='ocr_line' id='line_1_103' title="bbox 2128 4749 3704 4824; baseline 0.001 -21"><span class='ocrx_word' id='word_1_689' title='bbox 2128 4749 2270 4803; x_wconf 78' lang='grc' dir='ltr'>ὅπλα</span> <span class='ocrx_word' id='word_1_690' title='bbox 2325 4749 2497 4818; x_wconf 75' lang='grc' dir='ltr'>αὐτῆς</span> <span class='ocrx_word' id='word_1_691' title='bbox 2564 4751 2633 4803; x_wconf 71' lang='grc' dir='ltr'><strong>τὰ</strong></span> <span class='ocrx_word' id='word_1_692' title='bbox 2686 4751 2873 4816; x_wconf 84' lang='grc' dir='ltr'>κακῶς</span> <span class='ocrx_word' id='word_1_693' title='bbox 2945 4750 3233 4820; x_wconf 76' lang='grc' dir='ltr'>ίθυνόμενα</span> <span class='ocrx_word' id='word_1_694' title='bbox 3294 4753 3704 4824; x_wconf 72' lang='grc' dir='ltr'>προσηγόρευσε</span> 
     </span>
    </p>
   </div>
   <div class='ocr_carea' id='block_1_104' title="bbox 2134 4835 3700 4914">
    <p class='ocr_par' dir='ltr' id='par_1_104' title="bbox 2134 4835 3700 4914">
     <span class='ocr_line' id='line_1_104' title="bbox 2134 4835 3700 4914; baseline 0.004 -21"><span class='ocrx_word' id='word_1_695' title='bbox 2134 4840 2291 4911; x_wconf 80' lang='grc' dir='ltr'>μέλη,</span> <span class='ocrx_word' id='word_1_696' title='bbox 2341 4841 2567 4904; x_wconf 72' lang='grc' dir='ltr'>εἰκότως</span> <span class='ocrx_word' id='word_1_697' title='bbox 2619 4843 2713 4894; x_wconf 77' lang='grc' dir='ltr'>καὶ</span> <span class='ocrx_word' id='word_1_698' title='bbox 2752 4843 2843 4896; x_wconf 78' lang='grc' dir='ltr'><strong>τὸν</strong></span> <span class='ocrx_word' id='word_1_699' title='bbox 2889 4835 3080 4914; x_wconf 78' lang='grc' dir='ltr'>μισθὸν</span> <span class='ocrx_word' id='word_1_700' title='bbox 3111 4843 3375 4912; x_wconf 71' lang='grc' dir='ltr'>ὀψώνιον</span> <span class='ocrx_word' id='word_1_701' title='bbox 3413 4843 3700 4912; x_wconf 82' lang='grc' dir='ltr'>κέκληκεν.</span> 
     </span>
    </p>
   </div>
   <div class='ocr_carea' id='block_1_105' title="bbox 2145 4933 3706 5008">
    <p class='ocr_par' dir='ltr' id='par_1_105' title="bbox 2145 4933 3706 5008">
     <span class='ocr_line' id='line_1_105' title="bbox 2145 4933 3706 5008; baseline 0.004 -23"><span class='ocrx_word' id='word_1_702' title='bbox 2145 4933 2463 5003; x_wconf 81' lang='grc' dir='ltr'>Ὀνομάζειν</span> <span class='ocrx_word' id='word_1_703' title='bbox 2495 4935 2603 5004; x_wconf 82' lang='grc' dir='ltr'><strong>γὰρ</strong></span> <span class='ocrx_word' id='word_1_704' title='bbox 2635 4933 2778 4989; x_wconf 73' lang='grc' dir='ltr'>οὕτω</span> <span class='ocrx_word' id='word_1_705' title='bbox 2837 4937 2988 5005; x_wconf 70' lang='grc' dir='ltr'>φίλον</span> <span class='ocrx_word' id='word_1_706' title='bbox 3026 4936 3173 5008; x_wconf 82' lang='grc' dir='ltr'>αύτῷ</span> <span class='ocrx_word' id='word_1_707' title='bbox 3205 4937 3264 4990; x_wconf 77' lang='grc' dir='ltr'>τὸ</span> <span class='ocrx_word' id='word_1_708' title='bbox 3317 4939 3706 5008; x_wconf 72' lang='grc' dir='ltr'>στρατιωτικὸν</span> 
     </span>
    </p>
   </div>
   <div class='ocr_carea' id='block_1_106' title="bbox 2135 5021 3702 5095">
    <p class='ocr_par' dir='ltr' id='par_1_106' title="bbox 2135 5021 3702 5095">
     <span class='ocr_line' id='line_1_106' title="bbox 2135 5021 3702 5095; baseline 0.004 -23"><span class='ocrx_word' id='word_1_709' title='bbox 2135 5022 2464 5089; x_wconf 84' lang='grc' dir='ltr'>σιτηρέσιον.</span> <span class='ocrx_word' id='word_1_710' title='bbox 2514 5021 2628 5074; x_wconf 69' lang='grc' dir='ltr'><strong>Καὶ</strong></span> <span class='ocrx_word' id='word_1_711' title='bbox 2667 5022 2776 5094; x_wconf 83' lang='grc' dir='ltr'>γὰρ</span> <span class='ocrx_word' id='word_1_712' title='bbox 2809 5023 2868 5076; x_wconf 83' lang='grc' dir='ltr'>ὲν</span> <span class='ocrx_word' id='word_1_713' title='bbox 2901 5026 2965 5094; x_wconf 82' lang='grc' dir='ltr'>τῇ</span> <span class='ocrx_word' id='word_1_714' title='bbox 3001 5024 3135 5093; x_wconf 81' lang='grc' dir='ltr'>πρὸς</span> <span class='ocrx_word' id='word_1_715' title='bbox 3165 5025 3488 5095; x_wconf 83' lang='grc' dir='ltr'>Κορινθίους</span> <span class='ocrx_word' id='word_1_716' title='bbox 3537 5027 3702 5095; x_wconf 71' lang='grc' dir='ltr'>φησί’</span> 
     </span>
    </p>
   </div>
   <div class='ocr_carea' id='block_1_107' title="bbox 2140 5107 3708 5180">
    <p class='ocr_par' dir='ltr' id='par_1_107' title="bbox 2140 5107 3708 5180">
     <span class='ocr_line' id='line_1_107' title="bbox 2140 5107 3708 5180; baseline 0.006 -23"><span class='ocrx_word' id='word_1_717' title='bbox 2140 5126 2157 5157; x_wconf 77' lang='grc' dir='ltr'><strong>ι</strong></span> <span class='ocrx_word' id='word_1_718' title='bbox 2192 5107 2285 5170; x_wconf 91' lang='grc' dir='ltr'><strong>Τίς</strong></span> <span class='ocrx_word' id='word_1_719' title='bbox 2333 5109 2687 5180; x_wconf 83' lang='grc' dir='ltr'>στρατεύεται</span> <span class='ocrx_word' id='word_1_720' title='bbox 2748 5113 2896 5176; x_wconf 82' lang='grc' dir='ltr'>ἰδίοις</span> <span class='ocrx_word' id='word_1_721' title='bbox 2948 5113 3198 5180; x_wconf 60' lang='grc' dir='ltr'>ὀψωνίοις</span> <span class='ocrx_word' id='word_1_722' title='bbox 3263 5114 3431 5179; x_wconf 79' lang='grc' dir='ltr'>ποτές</span> <span class='ocrx_word' id='word_1_723' title='bbox 3465 5135 3482 5166; x_wconf 74' lang='grc' dir='ltr'><strong>ι</strong></span> <span class='ocrx_word' id='word_1_724' title='bbox 3533 5116 3600 5169; x_wconf 73' lang='grc' dir='ltr'><em>Τὸ</em></span> <span class='ocrx_word' id='word_1_725' title='bbox 3640 5115 3708 5167; x_wconf 76' lang='grc' dir='ltr'>δὲ</span> 
     </span>
    </p>
   </div>
   <div class='ocr_carea' id='block_1_108' title="bbox 2135 5203 3711 5276">
    <p class='ocr_par' dir='ltr' id='par_1_108' title="bbox 2135 5203 3711 5276">
     <span class='ocr_line' id='line_1_108' title="bbox 2135 5203 3711 5276; baseline 0.006 -24"><span class='ocrx_word' id='word_1_726' title='bbox 2135 5203 2400 5271; x_wconf 76' lang='grc' dir='ltr'>χάρισμα</span> <span class='ocrx_word' id='word_1_727' title='bbox 2439 5204 2544 5258; x_wconf 88' lang='grc' dir='ltr'>τοῦ</span> <span class='ocrx_word' id='word_1_728' title='bbox 2599 5206 2745 5259; x_wconf 80' lang='grc' dir='ltr'>Θεοῖ-</span> <span class='ocrx_word' id='word_1_729' title='bbox 2792 5204 2901 5275; x_wconf 68' lang='grc' dir='ltr'>ζῖοἲι</span> <span class='ocrx_word' id='word_1_730' title='bbox 2939 5205 3178 5274; x_wconf 79' lang='grc' dir='ltr'>αἰώνιος</span> <span class='ocrx_word' id='word_1_731' title='bbox 3215 5206 3283 5260; x_wconf 80' lang='grc' dir='ltr'>ἐν</span> <span class='ocrx_word' id='word_1_732' title='bbox 3322 5207 3551 5276; x_wconf 59' lang='grc' dir='ltr'>Χριστῷ</span> <span class='ocrx_word' id='word_1_733' title='bbox 3602 5205 3711 5276; x_wconf 74' lang='grc' dir='ltr'><strong>Ἰη-</strong></span> 
     </span>
    </p>
   </div>
   <div class='ocr_carea' id='block_1_109' title="bbox 1760 5545 2434 5605">
    <p class='ocr_par' dir='ltr' id='par_1_109' title="bbox 1760 5545 2434 5605">
     <span class='ocr_line' id='line_1_109' title="bbox 1760 5545 2434 5605; baseline -0.003 -1"><span class='ocrx_word' id='word_1_734' title='bbox 1760 5547 1992 5605; x_wconf 73' lang='lat' dir='ltr'><strong>VAle</strong></span> <span class='ocrx_word' id='word_1_735' title='bbox 2033 5545 2434 5605; x_wconf 78' lang='lat' dir='ltr'><strong>LECTIONES.</strong></span> 
     </span>
    </p>
   </div>
   <div class='ocr_carea' id='block_1_110' title="bbox 520 5678 886 5742">
    <p class='ocr_par' dir='ltr' id='par_1_110' title="bbox 520 5678 886 5742">
     <span class='ocr_line' id='line_1_110' title="bbox 520 5678 886 5742; baseline -0.016 -8"><span class='ocrx_word' id='word_1_736' title='bbox 520 5679 567 5712; x_wconf 83' lang='lat'><strong>”</strong></span> <span class='ocrx_word' id='word_1_737' title='bbox 591 5679 632 5733; x_wconf 85' lang='grc' dir='ltr'><strong><em>Β</em></strong></span> <span class='ocrx_word' id='word_1_738' title='bbox 659 5678 886 5742; x_wconf 73' lang='grc' dir='ltr'>ίκείνης.</span> 
     </span>
    </p>
   </div>
  </div>
