4074 6176
292 315 396 380 Ῑξ3
1138 322 1755 386 ΙΝΤΕΒΡΒΕΤΛΤΙΟ
1791 328 1878 386 ΕΡ

1980 329 2030 390 l‘.
2073 332 2171 391 AD
2207 334 2388 394 ROM.
2431 334 2588 394 CAP.
2631 336 2765 397 VII.
3445 286 3544 401 Ili
3611 399 3614 402 .

289 428 411 484 σοῦ
448 428 528 495 τῷ
559 429 750 498 Kvpltp
798 430 982 499 ἡμῶν.
1035 433 1301 490 Ἐνταῦθα
1345 438 1445 490 οὐκ
1497 438 1604 510 ἔφη
1659 439 1866 510 μισθὸν,

1980 444 2077 497 rita
2100 445 2212 515 68
2236 457 2432 500 (eterna
2461 448 2515 501 in
2547 447 2757 502 Christo
2781 446 2907 501 Jesu
2945 446 3166 502 Domino
3201 459 3402 504 nostra.
3433 449 3553 511 Hoc

290 520 430 573 ἀλλά
467 520 744 590 χάρισμα.
785 520 918 575 Θεοῦ
969 523 1074 595 γὰρ
1115 525 1287 598 δῶρον
1333 530 1365 599 ὴ
1403 527 1517 602 ζωὴ
1553 533 1587 600 ἡ
1627 531 1864 597 αἰώνιος.

291 613 414 666 Κᾶν
466 613 572 685 γὰρ
625 613 724 686 τὴν
769 615 944 685 ἄκραν
989 634 1075 682 τις
1125 620 1447 694 κατορθώσῃ
1501 623 1868 697 δικαιοσύνην,

290 707 390 758 οὐκ
443 705 948 763 ἀντιταλαντεύεται
991 713 1103 776 τοῖς
1161 717 1517 787 προσκαίροις
1563 717 1746 784 πόνοις
1805 720 1872 774 τά

292 797 486 852 αἰώνια
538 799 741 868 ἀγαθά.
785 801 972 858 Ταῦτα
1022 807 1149 878 περὶ
1193 807 1285 861 τοῦ
1351 809 1424 882 μὴ
1475 810 1585 864 δεῖν
1619 813 1870 885 ἁμαρτά-

292 907 406 943 νειν
454 893 569 956 τοῖς
611 891 752 946 κατὰ
793 893 954 966 χάριν
1000 897 1436 970 πολιτευομένοις
1483 902 1672 968 εἰπὼν,
1710 905 1872 959 πάλιν

292 983 375 1044 εἰς
424 981 523 1054 τὴν
578 984 936 1055 παρεξέτασιν
987 991 1080 1043 τοῦ
1145 991 1306 1062 νόμου
1360 993 1454 1046 καὶ
1500 994 1603 1064 τῆς
1651 997 1873 1068 χάριτος

297 1076 597 1147 μεταφέρει
649 1077 741 1130 τὸν
792 1078 968 1148 λόγον,
1025 1083 1120 1136 καὶ
1171 1083 1413 1138 δείκνυσι
1469 1087 1570 1156 τῆς
1620 1089 1723 1158 μὲν
1773 1089 1872 1160 τὴν

297 1169 484 1238 ἰσχὺν,
535 1167 630 1222 τοῦ
687 1169 744 1224 δὲ
805 1171 904 1244 τὴν
955 1173 1274 1243 ἀσθένειαν,
1337 1179 1431 1231 καὶ
1491 1179 1729 1234 διδάσκει
1796 1182 1872 1246 ὡς

292 1260 500 1328 ταύτης
531 1263 899 1335 ἀναφανείσης
933 1267 1139 1332 ἐκεῖνος
1175 1269 1472 1326 ἐπαύσατο.
1515 1273 1777 1344 Ἀρχεται
1815 1274 1872 1328 δὲ

293 1367 504 1414 ουτως·
975 1411 986 1424 ,

831 1450 1228 1506 ΚΕΦΑΛΑΙΟΝ
1257 1454 1328 1506 Ζ’.

368 1543 437 1591 α’.
470 1538 540 1592 Ἦ
573 1538 877 1608 ἀγνοεῖτε,
907 1542 1158 1614 ἀδελφοί
1197 1545 1588 1615 (γινώσκουσι
1630 1548 1740 1616 γὰρ
1780 1547 1877 1600 νό-

289 1647 414 1699 μον
447 1631 658 1704 λαλῶ),
692 1633 779 1687 ὅτι
818 1637 850 1687 ό
884 1637 1069 1706 νόμος
1106 1638 1364 1703 κυριεύει
1390 1636 1498 1690 τοῦ
1536 1636 1870 1706 ἀνθρώπου,

295 1722 389 1792 ἐφ’
415 1721 567 1778 ὅσον
599 1725 826 1794 χρόνον
865 1725 928 1795 ζῇ
950 1745 968 1793 ;
1042 1726 1314 1799 Ἀκριϐῶς
1352 1727 1464 1782 ἴστε
1492 1770 1507 1795 ,
1561 1730 1694 1801 φησὶ
1723 1771 1738 1795 ,
1778 1731 1872 1784 καὶ

297 1818 454 1886 ὑμεῖς
488 1817 919 1891 ἐντεθραμμένοι
957 1818 1035 1890 τῷ
1079 1821 1248 1892 νόμῳ,
1285 1821 1358 1886 ὡς
1395 1822 1503 1875 τῶν
1540 1823 1619 1875 ἔτι
1655 1823 1873 1894 περιόν·
1905 1799 1946 1854 Β

295 1926 403 1962 των
458 1911 486 1962 6
518 1909 681 1981 νόμος
731 1913 943 1982 κρατεῖ.
981 1913 1236 1984 Είσφέρει
1279 1914 1334 1968 δὲ
1380 1914 1476 1968 καὶ
1512 1914 1870 1988 παράδειγμα

297 2001 374 2070 τῷ
407 2002 756 2074 προκειμένῳ
783 2003 1137 2076 κατάλληλον,
1162 2007 1256 2060 καί
1285 2023 1449 2078 φησιν
1470 2025 1484 2038 ⁸

369 2094 442 2163 β’.
489 2095 552 2148 Ἠ
591 2093 700 2163 γὰρ
738 2095 1043 2166 ὕπανδρος
1080 2097 1234 2169 γυνὴ
1275 2098 1354 2164 τῷ
1393 2098 1560 2160 ζῶντι
1583 2099 1874 2170 ἀνδρίδέ-

297 2185 462 2237 derat
501 2184 682 2254 νόμῳ·
707 2186 817 2241 ἐὰν
842 2187 912 2241 δὲ
944 2189 1220 2260 ἀποθάνῃ
1247 2193 1278 2245 ό
1305 2191 1482 2260 ἀνὴρ,
1510 2192 1873 2261 κατήργηται

299 2275 417 2327 ἀπὸ
454 2274 562 2329 τοῦ
601 2277 786 2346 νόμου
824 2278 930 2334 τοῦ
965 2280 1206 2350 ἀνδρός.
1245 2277 1378 2335 Εἶτα
1426 2281 1584 2336 τοῦτο
1631 2283 1876 2340 διδάσκει
1917 2279 1922 2286 ’

305 2366 535 2434 σαφέστε
545 2385 654 2439 ρον.
833 2415 850 2428 ,

372 2465 441 2525 γ’.
484 2460 631 2527 Ἀρα
663 2461 779 2522 οῦκ
809 2461 1024 2528 ζῶντος
1060 2463 1164 2516 τοῦ
1188 2463 1408 2532 ἀνδρὸς
1421 2468 1707 2536 μοιχαλὲζι
1737 2487 1876 2540 χρη.

296 2549 552 2618 ιιιιτίζει,
587 2551 694 2605 ἐὰν
731 2551 973 2621 γένηται
1008 2555 1185 2624 ἀνδρί
1217 2555 1396 2625 ἑτέρῳ
1425 2575 1440 2590 ο
1478 2560 1589 2614 ἐὰν
1625 2561 1694 2614 δὲ
1726 2557 1876 2618 tino-

299 2641 447 2710 θιὶνῃ
487 2645 520 2696 ὁ
551 2641 724 2711 ἀνὴρ,
769 2644 1059 2714 ἐλευθέρα
1112 2647 1286 2701 ἐστίν
1331 2649 1451 2704 ἀπὸ
1504 2653 1610 2707 τοῦ
1661 2654 1878 2723 νόμου,

296 2735 405 2789 τοῦ
434 2734 518 2803 μὴ
549 2731 703 2790 εἶναι
735 2736 934 2806 αὐτὴν
966 2740 1314 2808 μοιχαλίδα,
1343 2743 1676 2813 γενομένην
1703 2746 1877 2817 ἀνδρὶ

293 2825 496 2894 ἑτέρῳ.
537 2827 904 2898 Μοιχεύτριαν
943 2829 1131 2893 καλεῖ,
1170 2829 1354 2902 φησὶν,
1391 2835 1419 2886 ὁ
1455 2835 1638 2905 νόμος,
1679 2837 1738 2888 οὐ
1778 2837 1877 2909 τὴν

298 2919 442 2988 μετὰ
500 2921 596 2990 τὴν
652 2919 747 2974 τοῦ
807 2920 1075 2992 ὁμόζυγος
1143 2924 1400 2995 τελευτὴν
1469 2929 1878 3000 συναπτομένην

295 3011 507 3082 ἑτέρῳ.
547 3010 684 3066 ἀλλὰ
731 3011 828 3083 τὴν
875 3011 954 3065 ἔτι
1007 3014 1288 3085 περιόντος
1343 3014 1438 3070 τοῦ
1503 3019 1880 3084 συνοικοῦντος

1973 539 2027 592 in
2088 539 2208 594 loco
2260 555 2368 595 non
2417 540 2548 596 dicit
2602 541 2932 605 mercedem,
2985 540 3081 596 sed
3139 543 3395 611 gratiam.
3455 543 3549 601 Est

1972 632 2116 686 enim
2146 632 2239 688 Dei
2265 633 2469 689 donum
2512 633 2624 688 vita
2663 643 2885 689 aeterna.
2927 632 3042 690 Etsi
3095 634 3242 688 enim
3279 650 3547 691 summam

1971 725 2246 796 quispiam
2283 733 2338 780 et
2379 726 2687 783 absolutam
2713 727 2988 796 justitiam
3044 727 3384 796 praestiterit,
3415 737 3552 783 tem-

1971 817 2253 886 poralibus
2300 818 2578 873 laboribus
2624 825 2827 872 aeterna
2881 817 3023 872 bona
3056 832 3162 870 nou
3212 817 3552 886 mquabiliter

1973 908 2329 978 respondent.
2377 907 2472 963 llis
2505 907 2699 973 dictis,
2737 917 2796 961 ut
2847 907 3073 962 doceret
3116 907 3264 978 quod
3297 922 3392 962 eos
3422 923 3552 978 pec-

1975 1015 2102 1056 care
2135 1017 2244 1056 non
2279 1009 2549 1073 oporteat,
2578 1003 2672 1072 qui
2715 1001 2882 1055 vitam
2923 1016 2990 1056 ex
3017 1000 3198 1071 gratia
3230 1001 3550 1068 instituunt,

1974 1108 2172 1149 rursus
2205 1093 2484 1150 convertit
2518 1093 2828 1149 orationem
2855 1091 2924 1146 ad
2958 1090 3346 1164 conferendam
3380 1090 3550 1162 legem

1974 1200 2100 1239 cum
2131 1186 2303 1255 gratia
2339 1205 2352 1240 :
2386 1195 2554 1256 atque
2589 1186 2755 1256 lmjus
2801 1185 3022 1255 quidem
3065 1183 3307 1240 ostendit
3354 1189 3551 1252 poten-

1975 1277 2144 1338 tiam,
2204 1277 2355 1330 illius
2411 1293 2542 1332 vero
2595 1278 3064 1339 imbecillitatem.
3121 1283 3176 1329 et
3225 1274 3386 1329 docet
3450 1273 3553 1328 bac

1976 1375 2170 1422 exorta
2193 1367 2342 1420 illam
2379 1383 2653 1423 cessasse.
2691 1369 2782 1423 Sic
2810 1375 2993 1422 autem
3029 1365 3265 1436 incipit:

2546 1459 2564 1478 "
2594 1455 2825 1512 CAPUT
2878 1455 2987 1512 Vll.

2055 1549 2216 1605 Vens.
2259 1551 2311 1605 1.
2348 1549 2430 1604 An
2465 1549 2726 1620 ignoratis
2751 1589 2766 1615 ,
2797 1548 2994 1618 {ratres
3049 1546 3370 1616 (scientibus
3415 1548 3554 1602 enim

1983 1649 2138 1710 legem
2200 1642 2444 1712 loquor),
2507 1642 2648 1713 quod
2704 1641 2790 1695 lex
2841 1642 2895 1695 in
2953 1640 3161 1694 homine
3219 1640 3554 1704 dominatur,

1975 1742 2174 1800 quanto
2193 1739 2420 1800 tempore
2442 1731 2605 1786 vivit?
2631 1731 2736 1786 Vos
2766 1731 2952 1796 etiam,
2975 1730 3176 1800 inquit,
3202 1741 3349 1786 recte
3375 1731 3554 1794 scitis,

1974 1823 2065 1893 qui
2101 1823 2156 1878 in
2189 1824 2305 1895 lege
2326 1823 2546 1880 educati
2577 1823 2734 1887 estis,
2754 1823 2902 1895 quod
2926 1824 3008 1879 lex
3027 1821 3094 1878 iis
3117 1822 3435 1878 dominatur
3459 1822 3555 1892 qui

1975 1916 2153 1970 adhuc
2213 1927 2536 1987 supersunt.
2590 1917 2761 1973 Aﬂ‘ert
2818 1925 3002 1971 autem
3032 1917 3196 1972 etiam
3239 1914 3550 1987 exemplum

1975 2008 2050 2061 rei
2096 2007 2391 2078 propositae
2423 2007 2783 2070 conveniens,
2816 2013 2870 2062 et
2897 2005 3033 2061 dicit
3068 2025 3080 2061 :

2046 2097 2212 2155 Vens.
2251 2099 2308 2156 2.
2343 2103 2483 2154 Nunt
2529 2117 2648 2170 qua:
2681 2099 2776 2153 sub
2829 2101 2942 2154 viro
2971 2108 3050 2152 est
3097 2099 3311 2164 mulier,
3365 2099 3555 2154 viventi

1978 2191 2088 2245 viro
2117 2191 2343 2260 alligata
2397 2202 2475 2246 est
2517 2191 2668 2261 lege;
2707 2191 2754 2244 si
2786 2200 2961 2246 autem
3004 2199 3242 2244 mortuus
3277 2190 3442 2260 fuerit
3477 2192 3557 2246 vir

1975 2283 2112 2354 ejus,
2147 2285 2325 2339 saluta
2353 2292 2431 2338 est
2463 2301 2494 2337 a
2531 2283 2639 2354 lege
2665 2283 2784 2338 viri.
2825 2281 3032 2337 Deinde
3071 2281 3175 2337 hoc
3211 2281 3371 2339 docet
3396 2297 3556 2353 aper-

1977 2377 2112 2432 tius.

2049 2469 2216 2527 Vens.
2255 2471 2309 2526 '5.
2353 2469 2528 2542 Igitur
2565 2472 2765 2526 virente
2792 2473 2904 2526 uiro
2936 2479 3157 2526 uocatur
3196 2467 3468 2532 adultera,
3509 2466 3556 2519 si

1977 2563 2140 2633 fuerit
2167 2579 2285 2616 cunt
2329 2562 2436 2616 alio
2473 2563 2608 2617 viro.
2642 2559 2702 2616 Si
2744 2571 2925 2616 autent
2987 2570 3228 2616 mortuus
3263 2557 3424 2626 fuerit
3479 2554 3558 2608 t'ir

1977 2655 2114 2724 ejus,
2162 2653 2391 2708 liberata
2441 2664 2517 2708 est
2579 2670 2612 2707 a
2642 2651 2770 2723 lege,
2811 2663 2866 2708 ut
2909 2668 3014 2706 non
3066 2651 3137 2705 sit
3185 2647 3454 2710 adultera,
3509 2643 3560 2698 si

1980 2748 2144 2816 fuerit
2177 2764 2296 2802 cum
2329 2747 2437 2801 alio
2477 2747 2610 2800 viro.
2639 2745 2984 2808 Adulteram,
3015 2743 3214 2813 inquit,
3253 2746 3416 2795 vocat
3446 2738 3558 2802 lex,

1981 2854 2092 2893 non
2127 2851 2248 2893 eam
2285 2853 2408 2906 qua:
2455 2843 2580 2906 post
2611 2841 2843 2889 mortem
2885 2832 3139 2903 conjugis
3180 2830 3272 2886 alii
3324 2830 3558 2899 conjun-

1980 2929 2150 2999 gitur,
2176 2926 2272 2982 sed
2310 2941 2433 2981 eam
2469 2940 2592 2996 quae
2644 2923 2881 2994 conjuge
2926 2922 3226 2994 superstite
3278 2934 3403 2975 cum
3449 2918 3561 2972 alio

1983 3019 2299 3098 copulatur.
2332 3017 2489 3074 lianc
2523 3016 2691 3082 enim,
2746 3027 2806 3071 ut
2841 3030 2963 3086 qua:
3002 3015 3175 3085 legem
3223 3009 3560 3067 matrimonii

296 3103 445 3173 ἄλλῳ
474 3102 940 3175 συζευγνυμὲνην·
974 3104 1178 3177 ταύτην
1212 3106 1342 3177 γὰρ,
1377 3107 1453 3171 ὡς
1487 3109 1878 3181 ἐξυϐρίζουσαν

1985 3111 2185 3182 injuria
2247 3109 2480 3174 alliciat,
2539 3109 2722 3179 puniri
2781 3108 2958 3179 jubet.
3029 3105 3251 3161 Clarum
3296 3112 3382 3159 est
3429 3118 3562 3173 ergo

293 3197 381 3258 είς
414 3195 504 3247 τὸν
537 3195 699 3265 νόμον
732 3195 826 3248 τοῦ
875 3196 1080 3267 γάμου,
1109 3200 1466 3271 τιμωρεῖσθαί
1499 3201 1731 3258 κελεύει.
1768 3202 1874 3256 Εὕ-

294 3288 458 3357 δηλον
504 3290 681 3342 τοίνυν
715 3289 812 3352 ὡς.
848 3289 942 3342 τοῦ
969 3290 1158 3362 ἀνδρὸς
1192 3290 1488 3363 δεξαμένου
1527 3293 1617 3347 τοῦ
1669 3295 1786 3366 βίου
1817 3296 1878 3349 τὸ

299 3379 498 3449 πέρας,
523 3378 764 3449 ἔννομον,
791 3379 904 3433 ἀλλ’
934 3380 994 3434 οὐ
1030 3380 1364 3452 παράνομον,
1404 3381 1464 3436 τὸ
1487 3382 1656 3455 ἑτέρῳ
1687 3385 1756 3455 γή
1769 3402 1874 3455 μα-

301 3472 429 3525 σθαι
478 3473 576 3541 τὴν
610 3473 968 3544 χηρεύουσαν.
1017 3457 1127 3526 Καὶ
1169 3473 1282 3544 ᾔδει
1321 3475 1418 3544 μὲν
1447 3475 1476 3526 6
1529 3475 1672 3539 θεῖος
1719 3477 1869 3530 ’Λπό-

298 3564 488 3627 στολος
525 3564 600 3626 ὼς
646 3565 831 3620 ἄδειαν
889 3565 982 3620 καὶ
1020 3567 1132 3630 τοῖς
1171 3565 1336 3630 ζῶσιν
1372 3568 1400 3619 6
1425 3567 1587 3638 νόμος
1622 3567 1876 3622 ἐδεδώκει

293 3655 680 3724 διαζευγνῦναι
729 3657 821 3709 τὺν
876 3656 1089 3726 γάμον,
1135 3657 1264 3736 ὃταχ
1314 3656 1376 3709 οὐ
1431 3657 1769 3728 καταθύμιος

309 3748 476 3801 Ἀλλά
529 3747 628 3817 τῆς
685 3748 1020 3819 Δεσποτικῆς
1075 3727 1421 3813 διδασῗιαλίας
1479 3751 1875 3826 ὲπήκουσεν,ἢ

295 3842 394 3894 τὸν
429 3841 668 3894 Mamaea
691 3841 827 3912 πρὸς
855 3840 952 3912 τὴν
998 3841 1268 3897 Ἰουδαίων
1291 3842 1722 3914 σκληροκαρδίαν
1755 3847 1878 3901 τοῦ·

295 3951 392 3986 τον
425 3933 528 4006 ἔφη
567 3933 970 3988 δεδωκέναιτὸν
1032 3934 1214 4005 νόμον,
1270 3936 1360 3989 τὸν
1399 3936 1455 3990 δὲ
1508 3939 1609 4010 τῆς
1661 3939 1878 4008 φύσεως

295 4028 464 4097 νόμον
496 4028 556 4082 οὐ
577 4027 749 4081 ταῦτα
781 4027 1223 4100 προστεθεικέναι
1257 4030 1323 4082 ⁸³.
1359 4029 1497 4084 Ἕνα
1531 4031 1639 4103 γὰρ
1678 4033 1874 4104 ἄνδρα,

299 4121 459 4192 φησι,
491 4121 584 4173 καὶ
619 4119 748 4190 μίαν
803 4123 1038 4188 γυναῖκα
1067 4120 1500 4192 ἐδημιούργησεν
1547 4124 1576 4176 6
1622 4125 1774 4189 Θεὸς,
1820 4127 1878 4179 ὲν

300 4216 438 4284 αὐτῇ
473 4216 537 4284 τῇ
564 4213 849 4267 διαπλάσει
881 4214 971 4269 τὸν
994 4215 1122 4286 περὶ
1147 4215 1242 4269 τοῦ
1269 4217 1450 4288 γάμου
1487 4219 1653 4289 νόμον
1682 4219 1874 4283 τιθείς.

300 4310 402 4360 Διά
434 4325 516 4360 τοι
552 4307 708 4361 τοῦτο
747 4311 928 4362 ἐκεῖνον
955 4309 1286 4375 καταλιπὼν,
1345 4311 1438 4365 ἐπὶ
1481 4314 1574 4368 τὸν
1613 4315 1741 4387 περὶ
1768 4315 1892 4370 τῶν

299 4402 763 4473 τετελευτηκότων
785 4402 1008 4474 ἐλήλυθε
1033 4403 1217 4472 νόμον,
1242 4403 1335 4456 καί
1360 4404 1661 4474 ἐπήγαγεν·

1985 3204 2153 3276 quod,
2189 3210 2475 3274 postquam
2508 3203 2591 3258 vir
2626 3203 2795 3258 vitam
2839 3199 3064 3264 linicrit,
3103 3215 3170 3254 cx
3207 3199 3323 3268 lege
3362 3207 3416 3253 et
3449 3211 3557 3251 non

1985 3301 2178 3349 contra
2213 3293 2385 3364 legem
2429 3290 2598 3346 faciat
2652 3291 2844 3356 vidua,
2891 3307 3016 3363 quae
3050 3289 3141 3344 alii
3191 3288 3464 3358 nupserit.
3494 3285 3562 3338 Et

1985 3385 2200 3442 sciebat
2229 3385 2452 3456 quidem
2508 3383 2621 3456 69
2675 3368 3276 3452 divinus’Apostolus,
3302 3378 3446 3450 quod
3475 3378 3561 3433 lex

1986 3477 2294 3531 viventibus
2348 3490 2572 3546 quoque
2616 3473 2908 3544 separandi
2951 3469 3287 3526 matrimonii
3325 3469 3560 3522 faculta-

1987 3575 2096 3622 tem
2159 3564 2390 3630 dederit,
2450 3561 2672 3634 quando
2738 3561 3033 3631 idgratum
3095 3573 3206 3612 non
3253 3562 3420 3611 esset.
3459 3552 3562 3609 Sed

1988 3658 2330 3714 Dominicam
2373 3656 2684 3712 doctrinam
2729 3652 3009 3717 exaudiit,
3041 3665 3164 3722 qua:
3209 3647 3346 3705 dicit
3377 3644 3564 3701 Mosen

1987 3753 2129 3806 hanc
2161 3749 2336 3820 legem
2381 3747 2603 3804 dedisse
2631 3745 2816 3802 cordis
2833 3744 3146 3800 Iudaeorum
3191 3739 3412 3798 duritiei
3443 3757 3456 3792 :
3485 3737 3561 3792 le-

1987 3857 2107 3913 gem
2149 3855 2285 3896 vero
2318 3847 2528 3894 natura:
2578 3853 2688 3892 non
2725 3836 2801 3892 ita
2837 3835 3122 3891 habuisse.
3179 3832 3361 3889 Unum
3414 3829 3558 3884 enim

1985 3932 2188 3995 virum,
2218 3929 2418 4001 inquit,
2448 3938 2503 3984 et
2534 3941 2700 3983 unam
2750 3925 3009 3982 feminam
3043 3923 3258 3980 creavit
3309 3919 3474 3984 Deus,
3509 3919 3562 3971 iu

1986 4023 2106 4094 ipsa
2136 4022 2418 4077 creatione
2448 4017 2789 4074 matrimonii
2824 4017 3000 4088 legem
3035 4022 3306 4072 statuens.
3338 4009 3405 4064 Et
3437 4024 3563 4078 pro-

1988 4124 2172 4186 pterea
2205 4114 2309 4168 hoc
2339 4113 2555 4174 relicto,
2585 4110 2834 4166 accessit.
2854 4109 2922 4164 ad
2943 4108 3141 4178 legem,
3173 4119 3295 4175 qum
3329 4100 3395 4155 dc
3419 4115 3569 4154 tuor-

1987 4209 2098 4263 tuis
2135 4207 2242 4260 lata
2277 4214 2382 4272 est,
2421 4215 2475 4260 et
2521 4202 2809 4275 subjunin
2837 4219 2858 4256 1

373 4496 437 4551 δ’.
475 4496 678 4559 Ὥστε,
719 4493 976 4564 ἀδελφοί
1024 4512 1165 4564 μου,
1208 4495 1305 4548 καί
1361 4495 1532 4564 ὑμεῖς
1585 4498 1877 4552 ἐθανατώ-

2057 4493 2227 4549 Vsus.
2255 4491 2309 4544 4.
2352 4489 2566 4557 Itaque,
2598 4489 2806 4558 fratres.
2848 4499 2946 4538 utet
2969 4521 2984 4547 ,
3019 4492 3068 4537 et
3100 4499 3189 4538 vos
3247 4481 3570 4550 morti/itali

301 4591 446 4655 Οητε
485 4585 564 4652 τῷ
600 4587 763 4654 νόμῳ
809 4584 907 4639 διὰ
945 4583 1052 4638 τοῦ
1106 4583 1382 4653 σώματος
1436 4584 1544 4638 τοῦ
1599 4587 1877 4654 Χριστοῦ,

301 4681 389 4744 εἰς
424 4677 490 4730 τὸ
531 4677 809 4747 γενέσθαι
847 4674 1000 4746 ὑμεῖς
1027 4675 1228 4742 ἑτέρῳ,
1255 4675 1334 4740 τῷ
1361 4675 1431 4730 ἐκ
1465 4676 1696 4744 νεκρῶν
1729 4678 1886 4747 erep-

304 4771 484 4825 Οὲντι.
535 4769 648 4824 Καὶ
705 4770 812 4840 μὴν
847 4769 924 4840 τῷ
963 4767 1369 4841 παραδείγματι
1425 4768 1762 4840 κατάλληλον
1815 4766 1882 4843 ἦν

306 4864 499 4926 εἰπεῖν,
543 4860 887 4932 Ἐθανατὼθη
916 4863 944 4914 6
991 4863 1176 4931 νόμος,
1236 4861 1532 4924 τουτέστιν,
1568 4860 1879 4916 ἐπαύσατο.

306 4952 470 5008 Ἀλλὰ
518 4954 615 5025 τῆς
658 4954 926 5008 Ἰουδαίων
979 4952 1260 5016 ἀσθενείας
1321 4953 1637 5025 κηδόμενος,
1675 4954 1880 5026 σφόδρα

306 5047 416 5116 γὰρ
449 5048 732 5117 περιεῖπον
765 5045 857 5099 τὸν
885 5044 1067 5116 νόμον,
1118 5046 1210 5098 xui.
1259 5045 1372 5108 τοῖς
1402 5047 1468 5115 τῇ
1507 5045 1720 5117 Παλαιᾷ
1755 5049 1882 5101 Δια-

306 5139 448 5210 θήκῃ
485 5137 812 5208 πολεμοῦσιν
870 5138 1165 5208 αἱρετικοῖς
1205 5136 1480 5208 πρόφασιν
1517 5139 1597 5201 εἰς
1645 5155 1883 5209 κατηγο-

312 5229 432 5300 ρίαν
465 5229 528 5282 οὑ
554 5228 875 5300 βουλόμενος
908 5228 1111 5294 δοῦναι,
1147 5228 1206 5281 οὐ
1246 5227 1338 5281 τὸν
1360 5227 1522 5298 νόμον
1543 5227 1645 5300 ἔφη
1670 5227 1882 5283 πεπαῦ-

311 5322 453 5380 σθαι.
511 5319 625 5374 ἀλλ’
663 5316 816 5375 εἶπεν
844 5321 991 5391 ἡμᾶς
1034 5318 1445 5376 τεθανατῶσθαι
1499 5319 1578 5392 τῷ
1609 5319 1761 5390 νόμῳ
1793 5319 1882 5374 διὰ

305 5411 402 5465 τοῦ
445 5409 714 5481 σωτηρίου
759 5409 1162 5481 βαπτίσματος·
1197 5405 1316 5464 εἶτα
1344 5407 1506 5463 πάλιν
1543 5409 1885 5472 ἀναστάντας

1979 4589 2108 4642 estis
2149 4585 2251 4655 legi
2284 4599 2376 4652 per
2412 4597 2607 4650 corpus
2663 4577 2887 4642 Christi,
2924 4586 2982 4630 ut
3013 4577 3136 4630 sitis
3171 4590 3258 4630 vos
3313 4573 3561 4638 alterius,

1979 4681 2068 4746 qui
2099 4694 2164 4733 ea:
2198 4677 2420 4730 mortuis
2482 4672 2800 4729 resurrexit.
2850 4670 3016 4742 Atqui
3043 4670 3201 4741 juxta
3251 4667 3562 4737 exemplum

1980 4785 2331 4840 consequens
2360 4775 2480 4824 erat
2519 4766 2706 4822 dicere
2739 4782 2752 4818 :
2792 4763 2899 4819 Lex
2937 4762 3266 4819 mortiﬁcata
3293 4767 3378 4816 est
3406 4800 3420 4824 ,
3459 4759 3563 4814 boc
3600 4764 3606 4770 '

1980 4872 2088 4928 est,
2127 4863 2390 4920 cessarit.
2435 4861 2540 4917 Sed
2587 4859 2906 4916 .ludmorum
2943 4853 3312 4912 imbecillitati
3348 4869 3552 4912 consu-

1984 4956 2126 5019 lens,
2173 4953 2348 5024 legem
2383 4953 2530 5009 enim
2585 4951 2806 5023 plurimi
2858 4948 3236 5012 faciebant,,_et
3261 4944 3561 5007 haereticis,

1983 5048 2077 5119 qui
2134 5045 2316 5102 Veteri
2379 5044 2738 5101 Testamento
2771 5050 2902 5095 sunt
2956 5037 3178 5104 infesti,
3218 5036 3344 5106 ejus
3400 5050 3564 5090 accu-

1985 5137 2173 5196 sandae
2209 5135 2558 5192 occasionem
2592 5132 2726 5186 dare
2757 5131 2954 5186 nolens
2975 5169 2990 5193 ,
3049 5142 3162 5182 non
3192 5124 3333 5180 dixit
3389 5125 3562 5196 legem

1988 5229 2321 5291 cessavisse,
2377 5224 2470 5280 sed
2523 5222 2662 5277 dixit
2685 5236 2790 5292 nos
2829 5217 2970 5288 legi“
3028 5216 3392 5272 mortiticatos
3440 5231 3564 5272 esse

1991 5335 2088 5390 per
2115 5319 2452 5388 baptismum
2481 5313 2777 5370 salutarem
2814 5329 2826 5365 :
2852 5309 3054 5365 deinde
3084 5325 3209 5365 cum
3237 5308 3563 5366 resurrexis-

1995 5427 2198 5476 scmus,
2252 5408 2413 5465 alteri
2473 5404 2800 5476 eoujunctos
2863 5417 3010 5471 esse,
3065 5403 3158 5476 qui
3209 5417 3276 5458 ex
3333 5397 3569 5456 mortuis

1551 5591 1784 5650 VARIAZ
1814 5586 2216 5646 LECTIONI‘ZS.

379 5737 422 5771 "
452 5740 494 5796 Β
521 5738 969 5813 προστεταχέναι.

4015 575 4028 682 j

4043 479 4045 540 ἕ

4043 775 4045 790 ‹

4044 799 4045 814 l

4043 817 4045 844 Ι

4043 967 4045 984 Ι
