4074 6176
453 291 556 356 115

1405 296 1894 358 THEODORETI
1935 298 2276 360 EPISCOPI
2324 300 2692 360 CYRENSIS

3606 292 3708 362 llﬁ

454 416 784 475 resurrexit,
822 423 926 464 nec
961 414 1069 478 est,
1100 405 1332 462 Domino
1365 405 1611 465 Christo.
1647 410 1712 465 Et
1762 411 2023 481 quoniam

2148 414 2302 484 ;τέρῳ
2331 412 2671 482 συναφθῆναι
2694 411 2771 482 τῷ
2800 413 2864 464 ἐκ·
2889 410 3097 478 νεκρῶν
3128 407 3427 480 ἐγερθέντι,
3461 411 3709 464 τουτέστι

451 502 904 574 conjunctionem
929 507 983 555 et
1016 499 1429 554 matrimonium
1460 510 1704 556 nostram
1751 502 1805 556 in
1858 502 2024 556 Chri-

454 601 598 649 stum
632 590 790 648 lldem
831 591 1144 662 appellavit,
1192 590 1388 647 merito
1437 593 1774 647 matrimonii
1811 607 2028 664 quoque

459 688 696 740 fructum
758 685 1023 740 ostendit.
1081 684 1141 740 Ut
1187 684 1594 754 fructiﬁcemus,
1641 686 1842 756 inquit,
1894 685 2024 738 Deo.

457 779 590 846 Quis
620 785 705 834 est
730 788 911 833 autem
949 776 1213 832 fructus?
1245 775 1316 834 Ut
1359 779 1606 833 membra
1652 787 1842 833 nostra
1895 778 2029 831 (lant

455 884 609 924 arma
634 868 882 939 justitia.
924 865 1095 924 Valde
1124 879 1302 924 autem
1345 870 1624 942 sapienter
1680 871 2030 925 demonstra-

458 962 534 1016 vit
593 960 764 1030 legem
825 960 1022 1030 jubere
1074 969 1134 1016 ut
1181 960 1406 1016 Christo
1446 964 1874 1033 conjungamur.
1912 960 2030 1015 Non

455 1051 604 1108 enim
636 1053 991 1124 prohibebat:
1030 1054 1242 1125 inquit,
1291 1069 1403 1126 quo
1459 1056 1642 1109 minus
1678 1063 1864 1125 posset
1909 1071 2031 1108 mu-

459 1144 560 1200 lier
583 1146 673 1200 alii
699 1146 820 1200 viro
868 1146 1077 1201 nubere
1116 1155 1240 1216 post
1290 1148 1493 1217 prioris
1543 1149 1722 1202 mariti
1777 1154 2027 1201 mortem.

459 1235 669 1292 Deinde
699 1252 894 1292 rursus
929 1237 1175 1292 ostendit
1213 1237 1604 1294 dill'erentiam.

532 1410 700 1467 Vens.
739 1413 794 1468 5.
828 1411 962 1468 Cum
984 1415 1122 1468 enim
1153 1431 1387 1470 essemus
1419 1417 1473 1470 in
1499 1433 1676 1470 came.
1715 1415 1829 1471 Hoc
1859 1425 1943 1472 est
1980 1416 2034 1469 in

459 1503 569 1572 70
591 1504 1012 1560 conversatione
1039 1507 1346 1560 secundum
1380 1509 1576 1577 legem.
1615 1507 1846 1563 Carnem
1883 1510 2033 1564 enim

460 1593 677 1647 vocavit
701 1608 796 1648 eas
831 1595 976 1665 leges
1003 1610 1128 1668 qua:
1160 1597 1316 1650 carni
1351 1595 1492 1651 datm
1527 1607 1677 1662 sunt,
1708 1598 1777 1653 de
1806 1599 1952 1664 cibo,
1982 1606 2036 1653 et

462 1689 615 1752 potu,
643 1691 695 1739 et
733 1685 909 1756 lepra,
943 1690 1000 1740 'et
1036 1686 1107 1740 iis
1142 1686 1447 1743 similibus.
1502 1689 1792 1744 Passiones
1849 1706 2037 1756 pecca-

463 1787 658 1843 torum,
693 1793 810 1848 qua:
837 1793 930 1846 per
960 1778 1118 1850 legem
1155 1791 1331 1849 erant,
1377 1781 1740 1849 sperabantur
1783 1783 1837 1836 in
1868 1799 2033 1837 mem-
2067 1766 2112 1826 Β

463 1869 574 1924 bris
616 1870 833 1925 nostris.
863 1868 986 1925 Non
1024 1872 1189 1931 dixit.
1244 1875 1348 1929 sub
1378 1874 1522 1945 lege,
1554 1872 1674 1938 sed,
1719 1888 1810 1942 per
1851 1873 2036 1944 legem.

465 1963 587 2032 Ipsa
654 1964 802 2018 enim
859 1980 970 2020 non
1022 1967 1356 2036 operabatur
1409 1974 1734 2038 peccatum,
1781 1967 1874 2022 sed
1920 1966 2040 2036 ipsa

466 2062 751 2124 peccatum
784 2057 1100 2112 accusabat.
1153 2056 1446 2112 Peccatum
1502 2065 1684 2113 autem
1719 2057 1866 2112 bono
1901 2056 2043 2112 male

466 2162 623 2204 usum
659 2158 763 2205 est.
796 2149 984 2220 Neque
1032 2167 1160 2206 vero
1215 2153 1458 2206 membra
1504 2159 1694 2206 nostra
1729 2150 2041 2221 nperaban-

463 2249 557 2294 tur
587 2250 898 2311 peccatum,
933 2241 1027 2298 sed
1075 2258 1170 2313 per
1212 2244 1454 2297 membra
1513 2252 1699 2298 nostra
1735 2244 1933 2297 anima:
1973 2242 2040 2296 ad

464 2331 519 2386 id
571 2331 718 2402 quod
774 2343 861 2390 est
913 2333 1159 2390 deterius
1212 2335 1518 2402 inclinatio,
1563 2335 1861 2406 peragebat
1919 2335 2041 2403 ejus

463 2422 865 2494 operationem.
930 2423 1072 2491 Quid
1135 2435 1316 2481 autem
1368 2442 1522 2482 exeo
1580 2425 1907 2481 eveniebat?
1975 2423 2042 2477 Ut

464 2515 852 2584 fructiﬁcarent
894 2517 1075 2570 morti.
1114 2514 1220 2570 Per
1271 2517 1385 2570 haec
1429 2526 1613 2573 autem
1671 2534 1772 2573 nos
1830 2519 2041 2583 docuit,

465 2604 612 2673 quod
644 2613 772 2659 ante
797 2605 1054 2674 gratiam.
1089 2605 1218 2658 dum
1245 2606 1349 2660 sub
1383 2605 1520 2674 legis
1547 2614 1690 2660 statu
1726 2621 2040 2676 ageremus,

466 2695 684 2764 peccati
752 2694 1198 2750 vehementiores
1287 2695 1526 2766 impetus
1602 2695 2040 2762 snstinebamus,

464 2799 590 2838 cum
627 2784 711 2840 lex
742 2785 874 2855 quid
905 2793 1053 2841 esset
1099 2785 1324 2856 quidem
1375 2788 1645 2858 agendum
1701 2788 2040 2852 ostenderet,

467 2875 729 2931 auxilium
761 2887 943 2932 autem
978 2892 1088 2932 non
1126 2877 1313 2932 terret.

541 3070 707 3127 Vens.
739 3070 792 3127 θ.
828 3070 881 3124 Ν
887 3089 988 3126 unc
1009 3081 1188 3126 autem
1217 3072 1378 3125 soluti
1407 3089 1590 3127 sumus
1623 3090 1654 3126 a
1676 3073 1802 3143 lege.
1830 3071 2043 3128 Rursus

470 3182 525 3220 III
550 3165 810 3220 eatrtione
841 3164 1083 3232 perstitit
1120 3181 1134 3218 :
1170 3173 1223 3217 et
1255 3179 1363 3217 non
1394 3164 1554 3226 dixit,
1603 3166 1785 3218 soluta
1819 3172 1903 3219 est
1935 3165 2042 3228 lex,

470 3257 565 3312 sed
597 3273 695 3310 nos
721 3255 882 3311 soluti
911 3271 1093 3310 sumus
1121 3273 1152 3308 a
1180 3254 1308 3325 lege.
1337 3255 1444 3310 Lex
1497 3255 1712 3311 scilicet
1756 3257 1918 3311 nobis
1964 3257 2048 3310 in-

472 3349 628 3405 utilis
647 3356 756 3414 est,
784 3363 961 3418 neque
1001 3350 1149 3403 enim
1191 3363 1256 3403 ex
1284 3348 1374 3402 illa
1409 3348 1646 3420 amplius
1681 3350 1849 3403 vitam
1882 3349 2046 3404 insti-

473 3439 700 3494 tuimus.
739 3437 804 3493 Et
828 3441 1110 3511 quomodo
1151 3440 1319 3495 soluti
1368 3439 1603 3495 sumus?
1638 3438 1844 3493 Mortui
1897 3441 1946 3494 ei
1995 3441 2049 3493 in

469 3547 574 3601 qua
595 3530 988 3586 detinebantur.
1021 3532 1160 3587 Cum
1191 3531 1337 3587 enim
1373 3532 1474 3601 legi
1508 3532 1733 3586 obnoxii
1777 3547 2050 3594 essemus,

470 3623 812 3679 accessimus
841 3624 908 3677 ad
932 3624 1298 3693 baptismum.
1324 3620 1502 3676 Simul
1538 3632 1717 3679 autem
1745 3641 1868 3678 cum
1898 3624 2056 3679 Chri-

469 3726 557 3769 sto
591 3714 818 3777 mortui,
857 3729 920 3767 ae
973 3729 1098 3767 cum
1149 3713 1269 3784 ipso
1318 3723 1691 3784 resurgentes,
1750 3716 2051 3787 legislatori

474 3804 761 3874 unnjnncti
793 3820 1010 3869 sumus,
1041 3821 1141 3860 nec
1173 3807 1332 3876 legali
1374 3809 1501 3862 vita:
1558 3809 1770 3862 ratione
1816 3809 2053 3879 amplius

475 3909 617 3964 opus
655 3895 947 3951 habemus.
977 3895 1155 3965 ipsam
1191 3898 1338 3952 enim
1401 3897 1642 3969 Spiritus
1691 3900 1922 3970 gratiam
1958 3915 2054 3954 ac-

474 3986 743 4056 cepimus.
777 3985 891 4040 lloc
925 3989 1072 4042 enim
1132 3989 1423 4058 sequentia
1477 3989 1784 4045 declarant.
1842 3991 1929 4044 Ita
1997 4000 2052 4044 ut

475 4078 767 4132 serviamus
821 4080 875 4132 in
910 4081 1142 4134 novitate
1187 4082 1434 4149 spiritus,
1467 4092 1516 4135 et
1553 4099 1656 4135 non
1698 4084 1752 4136 in
1798 4090 2056 4136 eetustate

476 4170 689 4224 titte'a'.
731 4168 794 4223 Et
850 4170 1046 4226 littera:
1105 4175 1364 4245 opposuit
1416 4175 1700 4246 spiritum,
1747 4185 1800 4230 et
1854 4178 2053 4232 veteri'

479 4276 706 4324 novum,
742 4271 800 4316 ut
827 4278 924 4332 per
955 4265 1193 4319 litteram
1226 4266 1449 4336 quidem
1484 4267 1657 4338 legem
1715 4269 1818 4338 71
1871 4278 2058 4324 osten-

478 4351 590 4415 dat,
618 4367 712 4423 per
750 4367 906 4410 vetus
945 4363 1152 4422 autem,
1212 4357 1334 4427 ejus
1378 4362 1766 4414 cessationem.
1828 4359 1962 4414 Nam
2004 4367 2059 4414 et

482 4440 626 4498 Deus
690 4443 829 4499 dicit
870 4461 966 4515 per
1011 4445 1304 4501 Jeremiam

481 4533 646 4592 Israel
670 4543 726 4592 et
778 4537 967 4592 domui
1019 4537 1176 4593 Iuda:
1203 4539 1620 4595 Testamentum
1681 4556 1906 4604 novum,
1944 4557 2051 4595 non

481 4627 782 4681 secundum
827 4636 1221 4684 testamentum
1289 4633 1434 4700 quod
1497 4631 1743 4702 disposui
1805 4633 2056 4702 patrihus

478 4731 692 4785 eorum,
728 4719 781 4774 in
818 4720 906 4775 die
934 4735 1042 4792 qua
1086 4723 1430 4793 apprehensa
1464 4737 1566 4795 ego
1608 4740 1769 4781 manu
1813 4727 2054 4795 ipsorum

478 4807 643 4864 eduxi
683 4823 780 4866 eos
831 4826 862 4866 e
936 4819 1085 4867 terra
1132 4811 1418 4886 Egypti'.
1464 4813 1692 4882 sQuaro
1744 4817 1907 4871 etiam
1962 4831 2059 4886 per

484 4899 805 4970 prophetam
835 4909 1058 4960 ostensa
1091 4914 1178 4960 est
1215 4904 1521 4960 dill‘erentia
1559 4922 1572 4959 :
1607 4914 1805 4960 etcum
1842 4905 2060 4960 Novum

482 4985 896 5047 Testamentum
941 4996 1290 5064 apparuerit,
1325 5003 1542 5067 oportet
1603 4994 1773 5051 Vetus
1839 4996 2057 5051 cedere.

483 5075 608 5134 Hae
645 5093 772 5136 cum
821 5081 1053 5141 dixisset
1097 5087 1320 5142 divinus
1352 5087 1672 5158 Apostolus,
1704 5096 1759 5143 et
1800 5087 2058 5158 praevide-

484 5177 584 5234 ret,
613 5178 803 5243 utpote
833 5174 1018 5230 divina
1066 5177 1240 5246 gratia
1271 5188 1521 5240 ornatus,
1569 5178 1714 5248 quod
1741 5177 1958 5246 quidam
1995 5195 2059 5233 ex

483 5263 756 5323 haereticis
795 5267 911 5322 ha-c
936 5269 1003 5322 ad
1037 5267 1254 5326 Veteris
1281 5266 1620 5324 Testamenti
1649 5270 2058 5326 accusationem

563 5445 587 5474 ⁸
628 5435 832 5493 Jcrem.
874 5451 1034 5500 xxxi,
1079 5439 1176 5502 31,
1221 5439 1312 5494 5'2.

2128 505 2208 576 τῷ
2253 504 2500 576 Δεσπότῃ
2550 503 2787 575 Χριστῷ.
2850 503 2960 556 Kal.
3023 500 3212 573 ἐπειδὴ
3271 503 3569 571 συνάφειαν
3616 504 3710 556 καὶ

2129 597 2306 667 γάμον
2345 598 2443 669 τὴν
2484 600 2565 662 είς
2604 600 2694 652 τὸν
2723 597 2928 668 Κύριον
2971 597 3384 669 προσηγόρευσε
3425 597 3472 628 ⁵⁸
3501 596 3708 660 πίστιν,

2132 691 2357 755 εἰκότως
2405 691 2644 744 δείκνυσι
2685 690 2779 744 καὶ
2822 690 2912 742 τὸν
2947 689 3042 742 τοῦ
3084 689 3263 759 γάμου
3298 690 3529 759 καρπόν.
3573 687 3712 742 Ἵνα

2133 780 2721 851 καρποφορήσωμεν,
2763 781 2926 851 φησι,
2967 780 3046 845 τῷ
3098 779 3241 845 Θεῷ.
3282 779 3377 842 Τίς
3408 780 3465 831 δὲ
3496 782 3529 849 ἡ
3574 796 3704 851 καρ·

2134 873 2404 944 ποφορία;
2441 874 2514 925 T6
2550 873 2619 926 τὰ
2653 874 2787 945 μέλη
2839 872 2997 944 ἡμῶν
3046 871 3186 924 ὅπλα
3232 870 3578 941 δικαιοσύνης
3618 887 3713 938 γεο

2134 965 2342 1022 νέσθαι.
2381 967 2542 1021 Μάλα
2589 967 2644 1020 δὲ
2690 968 2867 1036 σοφῶς
2909 965 3072 1019 αὐτὸν
3118 964 3363 1032 ὑπέδειξε
3408 963 3500 1018 τὸν
3547 965 3711 1033 νόμον

2135 1059 2536 1128 παρεγγυῶντα
2569 1057 2646 1128 τῷ
2685 1057 2906 1127 Χριστῷ
2936 1058 3294 1127 συναφθῆναι.
3333 1056 3448 1110 ούκ
3477 1051 3630 1126 εἶργε
3665 1057 3711 1088 ⁵⁸

2136 1151 2265 1223 γὰρ,
2296 1150 2453 1223 φησι,
2478 1149 2577 1221 τὴν
2610 1152 2843 1218 γυναῖκα
2867 1148 3150 1220 γήμασθαι
3180 1147 3337 1218 ἀνδρὶ
3374 1146 3546 1218 ἑτέρῳ
3575 1149 3712 1217 μετὰ

2136 1243 2233 1308 τὴν
2260 1241 2517 1312 τελευτὴν
2547 1240 2642 1294 τοῦ
2676 1241 2965 1312 προτέρου.
2999 1235 3132 1293 Εἶτα
3169 1239 3332 1293 πάλιν
3354 1238 3416 1292 τδ
3454 1239 3714 1310 διάφορον

2134 1333 2426 1387 δείκνυσιν.

2208 1432 2268 1479 ε’.
2329 1426 2465 1479 Ὅτε
2519 1427 2630 1497 γὰρ
2670 1416 2820 1496 ἦμεν
2877 1424 2947 1476 ἐν
2983 1422 3055 1492 τῇ
3092 1422 3271 1491 σαρκὶ
3325 1421 3596 1490 (τουτέστι
3643 1423 3714 1491 τῇ

2139 1518 2279 1570 κατὰ
2307 1517 2470 1587 νόμον
2509 1517 2773 1589 πολιτείᾳ.
2828 1515 3030 1583 Σάρκα
3068 1514 3176 1584 γάρ
3204 1513 3304 1577 τὰς
3335 1515 3401 1584 τῇ
3433 1513 3598 1584 σαρκὶ
3627 1512 3716 1565 δε-

2139 1608 2368 1680 δομένας
2420 1608 2742 1679 νομοθεσίας
2788 1607 3060 1678 ὠνόμασε,
3099 1607 3198 1669 τὰς
3251 1605 3381 1677 περὶ
3435 1603 3714 1675 βρώσεως,

2142 1701 2236 1754 καὶ
2269 1701 2500 1765 πόσεως,
2534 1701 2630 1754 καὶ
2667 1699 2873 1771 λέπρας
2895 1738 2910 1762 ,
2947 1699 3042 1752 καὶ
3092 1697 3162 1751 τά
3197 1698 3406 1761 τούτοις
3451 1698 3496 1730 ⁸⁷
3547 1713 3718 1768 προσ-

2141 1791 2350 1862 όμοια),
2386 1792 2461 1845 τὰ
2494 1790 2816 1861 παθήματα
2852 1789 2970 1843 τῶν
3006 1787 3329 1858 ἁμαρτιῶν,
3366 1788 3436 1842 τὰ
3467 1786 3565 1841 διὰ
3609 1787 3720 1841 τοῦ

2140 1883 2354 1951 νόμου,
2404 1881 2709 1951 ἐνηργεῖτο
2760 1881 2830 1933 ἐν
2892 1879 3016 1944 τοῖς
3065 1878 3324 1949 μέλεσιν
3375 1876 3562 1947 ἡμῶν.
3603 1877 3722 1930 Οὐκ

2143 1971 2318 2038 εἶπεν,
2354 1974 2459 2028 ὑπὸ
2495 1973 2588 2027 τοῦ
2649 1974 2838 2044 νόμου,
2878 1973 3035 2037 ἀλλὰ,
3093 1972 3190 2026 διὰ
3228 1971 3335 2026 τοῦ
3368 1972 3579 2039 νόμου.
3641 1969 3720 2024 Οὐ

2143 2068 2251 2138 γὰρ
2277 2066 2439 2131 αύτὺς
2469 2067 2691 2139 ἐνήργει
2726 2066 2825 2135 τὴν
2869 2065 3168 2136 ἁμαρτίαν,
3197 2063 3312 2118 ἀλλ’
3373 2062 3537 2126 αὐτὸς
3583 2079 3720 2115 κατ-

2144 2159 2337 2231 ηγόρει
2369 2158 2465 2229 τῆς
2484 2158 2780 2229 ἁμαρτίας.
2798 2158 2860 2210 Ἠ
2886 2157 2940 2210 δὲ
2972 2157 3214 2229 ἁμαρτία
3242 2154 3431 2218 κακῶς
3455 2153 3724 2225 ἐκέχρητο

2142 2251 2220 2322 τῷ
2272 2249 2484 2320 ἀγαθῷ.
2529 2248 2668 2303 υύτε
2727 2249 2832 2322 μὴν
2879 2250 2950 2303 τὰ
2988 2248 3124 2320 μέλη
3157 2247 3315 2318 ἡμῶν
3354 2247 3574 2318 ἐνήργει
3621 2244 3724 2314 τὴι

2145 2342 2440 2415 ἁμαρτίαν,
2477 2341 2610 2394 ἀλλὰ
2632 2341 2718 2395 διά
2756 2342 2864 2393 τῶν
2894 2339 3182 2411 ἡμετέρων
3218 2338 3398 2409 μελῶν
3423 2339 3456 2409 ή
3483 2336 3583 2406 τῆς
3615 2336 3721 2406 ψυ-

2145 2437 2247 2507 χῆς
2283 2436 2374 2489 ἐπὶ
2406 2434 2466 2487 τδ
2495 2438 2676 2504 χεῖρον
2716 2433 2856 2504 ῥοπὴ
2910 2431 3164 2486 ἀπετέλει
3190 2431 3286 2502 τὴν
3313 2430 3515 2500 ταύτης
3565 2429 3722 2498 ἐνέρ-

2144 2543 2317 2594 γειαν.
2368 2525 2412 2577 ἰ’
2419 2525 2433 2577 ί
2493 2523 2549 2576 δὲ
2603 2521 2852 2576 ἐντεῦθεν
2891 2522 3134 2590 ἐγίνετος
3176 2517 3277 2586 Ειῤ
3315 2518 3380 2572 τὸ
3419 2534 3720 2586 καρποφο-

2141 2616 2334 2686 ρῆσαι
2388 2615 2476 2682 τῷ,
2511 2615 2765 2678 θανάτῳ.
2819 2614 2918 2667 Διὰ
2963 2613 3167 2667 τούτων
3204 2613 3260 2666 δὲ
3299 2613 3446 2684 ἡμᾶς
3485 2610 3724 2677 ἐδίδαξεν

2146 2707 2252 2770 ὼς,
2291 2705 2396 2774 πρὸ
2428 2706 2527 2775 τῆς
2566 2705 2806 2776 χάριτος,
2846 2704 2950 2758 ὑπὸ
2987 2704 3063 2774 τῷ
3096 2704 3246 2775 νόμῳ
3286 2701 3716 2772 πολιτευόμενοι.

2148 2797 2513 2869 σφοδροτέρας
2546 2795 2844 2868 ἐδεχόμεθα
2877 2797 2979 2864 τῆς
3013 2797 3286 2867 ἁμαρτίας
3339 2795 3438 2858 τὰς
3493 2792 3726 2864 προσϐο-

2147 2892 2245 2954 λὰς
2278 2931 2293 2955 ,
2350 2889 2445 2944 τοῦ
2504 2890 2669 2961 νόμου
2732 2889 2830 2960 μὲν
2880 2888 2939 2941 τδ
2975 2889 3246 2960 πρακτέον
3286 2886 3724 2948 ὑποδεικνύντος,

2150 2981 2470 3054 ἐπικουρίαν
2503 2981 2558 3034 δὲ
2591 2981 2652 3034 ού
2687 2980 3037 3050 παρέχοντος.

2224 3081 2298 3140 ς’.
2349 3075 2498 3128 Νυνὶ
2549 3072 2617 3126 δὲ
2665 3069 3125 3140 κατηργήθημεν
3172 3069 3293 3124 ἀπὸ
3346 3069 3452 3123 τοῦ
3511 3070 3720 3136 νόμου.

2150 3168 2586 3237 Πάλινὲπέμεινε
2603 3169 2667 3236 τῇ
2689 3167 2876 3234 φειδοῖ·
2911 3165 3002 3218 καὶ
3028 3165 3127 3217 οὐκ
3161 3161 3302 3228 εἷπε,
3329 3162 3662 3234 Κατηργήθη
3681 3161 3727 3194 ⁵⁸

2149 3263 2176 3314 6
2210 3261 2392 3329 νόμος,
2435 3258 2571 3323 ἀλλ’,
2606 3255 2804 3326 Ἡμεῖς
2841 3256 3302 3326 κατηργήθημεν
3334 3255 3452 3308 ἀπὸ
3491 3254 3598 3308 τοῦ
3632 3253 3732 3307 νό-

2145 3369 2286 3422 μου.
2325 3349 2636 3414 Τουτέστιν,
2689 3350 2856 3421 ἀργὸς
2901 3350 3034 3418 ἡμίν
3082 3349 3251 3413 ἐστιν,
3291 3348 3476 3401 ούκέτι
3514 3345 3634 3399 κατ’
3671 3348 3728 3398 ἐ-

2151 3448 2326 3498 κεῖνον
2361 3441 2776 3511 πολιτευόμεθα,
2801 3442 2909 3495 Kal.
2938 3441 3054 3504 πῶς
3088 3441 3518 3511 κατηργήθημεν
3541 3441 3732 3504 ;Ἀπο-

2153 3536 2438 3600 θανόντες
2489 3534 2559 3587 ἐν
2611 3527 2658 3599 ᾧ
2710 3533 3120 3600 κατειχόμεθα.
3188 3530 3568 3599 Ύποκείμενοι
3621 3527 3731 3597 γάρ

2153 3627 2230 3699 τῷ
2283 3626 2455 3697 νόμῳ,
2509 3622 2994 3695 προσεληλύθαμεν
3047 3620 3123 3691 τῷ
3166 3620 3541 3691 βαπτίσματι’
3603 3634 3728 3669 συν-

2155 3718 2514 3783 αποθανόντες
2554 3718 2610 3771 δὲ
2651 3717 2726 3787 τῷ
2765 3714 3008 3786 Χφιστῷ,
3040 3717 3132 3767 καὶ
3164 3712 3596 3774 συναναστάντες
3635 3711 3732 3762 αύ-

2155 3811 2253 3882 τῷ,
2303 3809 2382 3881 τῷ
2438 3808 2706 3880 νομοθέτῃ
2747 3804 3120 3876 συνηιρθημεν,
3158 3805 3252 3858 καὶ
3291 3803 3474 3856 οὐκέτι
3511 3803 3608 3872 τῆς
3641 3817 3733 3853 νο..

2159 3901 2323 3971 μικῆς
2365 3898 2642 3960 πολιτείας
2670 3894 2901 3966 δεόμεθα
2924 3912 2938 3926 ·
2980 3894 3150 3966 αύτὴν
3172 3893 3280 3965 γὰρ
3313 3891 3409 3962 τὴν
3435 3890 3528 3945 τοῦ
3567 3891 3736 3945 Ilvati-

2161 4009 2324 4062 ματος
2369 3989 2528 4060 χάριν
2565 3987 2883 4056 ἐδεξάμεθα.
2926 3984 3096 4038 Τοῦτο
3129 3985 3238 4055 γάρ
3271 3983 3421 4055 δηλοῖ
3457 3983 3528 4036 τά
3580 3981 3732 4054 ἐξῆςο

2161 4085 2340 4137 Ὥστε
2377 4081 2694 4133 δουλεύειν
2731 4077 2890 4146 ἡμᾶς
2929 4077 2998 4129 ἐν
3032 4079 3340 4142 καινότητι
3372 4075 3730 4143 πιιοεύματος,

2158 4174 2256 4228 καὶ
2295 4174 2366 4226 οὐ
2406 4171 2761 4234 παλαιότητι
2800 4165 3161 4236 γράμματος.
3205 4167 3313 4219 Καὶ
3351 4165 3616 4234 ἀντέθηκε
3654 4163 3734 4232 τῷ

2163 4267 2260 4335 μὲν
2286 4263 2575 4335 γράμματι
2615 4261 2685 4317 τὸ.
2704 4258 2944 4330 πνεῦμα,
2983 4257 3060 4327 τῷ
3091 4257 3147 4309 δὲ
3185 4256 3400 4328 παλαιῷ
3433 4258 3493 4309 τὸ
3529 4257 3735 4323 καινὸν,

2160 4359 2247 4410 ἵνα
2283 4356 2429 4426 δείξῃ
2456 4353 2531 4424 τῷ
2561 4354 2660 4424 μὲν
2690 4353 2975 4423 γράμματι
3009 4349 3100 4402 τὸν
3132 4350 3316 4421 νόμον,
3340 4351 3417 4420 τῷ
3441 4350 3499 4402 δὲ
3527 4349 3739 4419 παλαιῷ

1369 4458 1387 4502 ι
1448 4468 1466 4501 s
1523 4448 1817 4519 Disponam
1867 4450 2046 4504 domui

2161 4447 2259 4517 τὴν
2287 4446 2482 4498 τούτου
2521 4441 2755 4498 παῦλαν.
2799 4441 2909 4494 Καὶ
2935 4440 3043 4511 γάρ
3082 4438 3172 4491 διά
3223 4439 3485 4509 Ἰερεμίου
3507 4437 3673 4510 φησὶν
3710 4442 3739 4492 6

2160 4539 2288 4602 Θεὸς
2314 4554 2329 4566 ·
2361 4557 2379 4588 ε
2415 4536 2754 4606 Διαθήσομαι
2790 4533 2869 4604 τῷ
2909 4533 3044 4602 οἴκῳ
3091 4531 3327 4603 Ἰσραὴλ,
3370 4534 3466 4586 καὶ
3493 4532 3569 4604 τῷ
3605 4535 3738 4601 οἴκῳ

2174 4632 2346 4688 Ἰούδα
2386 4630 2654 4701 διαθήκην
2696 4626 2911 4697 καινὴν,
2952 4627 3012 4678 ού
3055 4626 3194 4679 κατὰ
3224 4625 3324 4697 τὴν
3351 4627 3636 4699 διαθήκην,
3673 4628 3740 4699 ἣν

2161 4725 2418 4795 διεθέμην
2464 4727 2576 4783 τοῖς
2619 4720 2889 4790 πατράσιν
2938 4717 3138 4785 αὐτῶν,
3174 4719 3231 4772 ἐν
3264 4720 3449 4792 ἡμέρᾳ
3489 4720 3740 4773 ἐπιλαεο-

2167 4817 2329 4888 μένου
2369 4833 2469 4886 μου
2505 4813 2605 4882 τῆς
2651 4811 2835 4882 χειρὸς
2876 4810 3076 4874 αὐτῶν,
3117 4809 3406 4879 ἐξαγαγεῖν
3444 4813 3640 4876 αὐτοὺς
3679 4814 3743 4866 ἐκ

2163 4909 2270 4977 γῆς
2309 4906 2608 4975 Αἰγύπτου.
2659 4923 2678 4956 ›
2723 4902 2887 4955 Ὥστε
2927 4899 3020 4952 καὶ
3058 4899 3146 4954 διὰ
3179 4901 3277 4954 τοῦ
3329 4902 3616 4973 Προφήτου
3653 4902 3742 4956 δέ·

2163 5002 2375 5055 δεικται
2410 4999 2470 5052 τὸ
2503 4997 2778 5068 διάφορον,
2818 5003 2910 5056 καὶ
2937 5003 3036 5074 τῆς
3063 5001 3272 5072 Καινῆς
3295 4995 3577 5067 Διαθήκης
3611 4997 3742 5050 άνα·

2166 5094 2452 5164 φανείσης.
2474 5093 2828 5166 ὑποχωρῆσαι
2861 5097 3128 5167 προσήκει
3155 5095 3252 5164 τὴν
3267 5090 3530 5145 Παλαιὰν.
3559 5088 3743 5142 Ταῦτα

2164 5187 2192 5239 6
2223 5184 2363 5248 θεῖος
2407 5184 2727 5249 ’Λπόστολος
2755 5185 3014 5258 είρηκὼς,
3043 5186 3134 5237 καὶ
3167 5182 3436 5254 προορῶν,
3471 5179 3546 5243 ὡς
3581 5195 3744 5232 πνευ-

2171 5277 2406 5347 ματικῆς
2435 5277 2656 5348 χάριτος
2686 5275 3008 5345 ἠξιωμένος,
3029 5276 3109 5328 ὃτι
3144 5274 3249 5327 τῶν
3281 5270 3573 5346 αἱρετικῶν
3598 5285 3742 5335 τινες

1795 5554 1876 5608 VA
1891 5556 2023 5611 ΙΗᾸΞ
2063 5555 2466 5612 LECTIONES.

541 5686 587 5719 ⁸⁸
609 5684 656 5739 Β
676 5689 1146 5753 προσαγορεύσας.
1227 5694 1270 5724 ’⁵⁸
1301 5692 1341 5744 Β
1370 5693 1560 5761 εἴργει.

1639 5695 1682 5726 ⁸⁷
1705 5695 1836 5749 UEL'.
1865 5698 1969 5750 Καὶ
2000 5698 2107 5750 τῶν
2132 5695 2397 5750 τοιούτων.

2479 5697 2522 5726 ⁵³
2553 5694 2776 5750 (licunt.
2813 5696 3179 5769 κατήργηται.
