4074 6176
280 293 376 364 117
1081 301 1692 366 ΙΝΤΕΗΡΒΕΤΑΤΙΟ
1730 303 1876 364 EPIE

2007 295 2106 363 AD
2130 303 2309 363 ROM.
2349 303 2506 363 CAP.
2547 303 2671 362 VII.
3406 299 3507 370 118

279 414 362 476 εἰς
389 413 720 483 κατηγορίαν
748 413 920 468 ταῦτα
943 417 1044 486 τῆς
1071 417 1316 479 Παλαιᾶς
1349 416 1606 494 λήψονται
1641 417 1842 488 Διαθή-
1871 467 1876 477 ε

1977 417 2229 487 ηοοεριιιινὶ
2281 422 2501 480 essent,
2534 421 2589 470 et
2630 412 3000 469 existimaturi
3044 419 3277 467 veterem
3333 412 3504 484 legem

283 519 412 570 κης,
435 505 524 557 καὶ
546 503 818 574 νομιοῦσιν
859 505 1018 560 ἄλλου
1061 507 1204 570 τινὸς
1234 501 1372 559 εἶναι
1403 507 1538 560 Θεοῦ
1572 508 1664 561 τὸν
1684 509 1848 578 νόμον

1977 522 2071 562 sse
2135 506 2366 577 alicujus
2403 507 2545 560 alius
2611 501 2740 567 Dei,
2798 502 3111 558 necessario
3173 501 3508 560 obiectiones

284 597 381 650 τὸν
422 595 667 661 παλαιὸν,
707 598 1018 664 ἀναγκαίως
1061 599 1153 651 καὶ
1191 597 1626 662 τάςνὰντιθέσεις
1646 599 1847 670 τίθησι,

283 686 382 739 καὶ
412 687 660 756 ἐπιφέρει
685 686 784 748 τάς
809 685 1010 750 λύσεις.

356 776 420 841 ζ’.
467 778 529 832 Τί
583 773 698 832 οὖν
735 775 1014 845 ἐροῦμεν;
1045 780 1077 830 ό
1117 778 1297 847 νόμος
1332 778 1624 848 ἁμαρτία;
1675 779 1854 832 Πολλά

289 866 530 920 τέθεικεν
577 867 635 919 ὲν
664 867 776 928 τοῖς
825 863 1059 936 πρόσθεν
1102 867 1432 936 εἰρημένοις,
1473 867 1508 921 ἃ
1536 871 1648 930 τοῖς
1684 867 1850 937 βλασ-

1951 600 2232 668 υτοῃοιιίι,
2271 607 2324 654 et
2352 613 2538 654 earum
2570 596 2728 651 aﬂ‘ert
2773 595 3094 651 solutiones.

2029 773 2188 830 Vens.
2215 776 2270 831 7..
2306 775 2445 842 Quid
2499 791 2621 845 ergo
2656 775 2932 830 dicemus?
2965 773 3048 827 lea:
3085 781 3353 840 peccatum
3391 771 3514 826 est?

1954 863 2122 919 Multa
2175 868 2361 935 posuit
2399 866 2454 919 in
2505 866 2908 935 superioribus,
2957 879 3079 933 quae
3119 862 3186 916 iis
3217 863 3308 931 qui
3341 862 3512 932 legem

289 960 492 1029 φημεῖν
533 956 624 1009 τδν
685 955 849 1026 νόμον
894 955 1136 1009 ἐθέλουσι
1186 957 1454 1028 παρέσχεν
1481 957 1547 1010 ἂν
1581 958 1854 1026 πρόφασιν

1977 960 2156 1013 'ellent
2188 957 2492 1014 maledictis
2523 957 2806 1026 impetere,
2842 955 3143 1025 praeberent
3167 952 3512 1008 occasionem

289 1051 370 1111 εις
421 1047 516 1119 τὴν
566 1046 667 1100 τοῦ
723 1045 887 1116 νόμου
930 1048 1302 1118 κατηγορίαν,
1361 1049 1408 1099 εἰ
1449 1047 1522 1117 μὴ
1562 1047 1663 1116 τὴν
1721 1063 1854 1116 προ-

290 1139 552 1212 κειμένην
578 1138 684 1192 τῶν
715 1139 1048 1209 ζητημάτων
1076 1141 1371 1210 ἐποιήσατο
1403 1139 1578 1191 λύσιν.
1616 1157 1633 1189 ι
1673 1139 1854 1209 Νόμος

291 1233 401 1303 γὰρ
441 1230 836 1302 παρεισῆλθεν,
883 1231 970 1285 ἵνα
1010 1230 1280 1304 πλεονάσῃ
1325 1231 1384 1284 τὸ
1418 1233 1789 1302 παράπτωμα.
1833 1249 1850 1282 ι

291 1325 436 1378 Καὶο
473 1344 491 1376 ι
535 1324 593 1376 '0
619 1324 782 1394 νόμος
804 1323 976 1394 ὀργὴν
1018 1325 1438 1395 κατεργάζεται.
1471 1342 1489 1374 ι
1526 1323 1670 1376 Καί·
1708 1342 1724 1374 ι
1769 1322 1858 1386 ἘΞ

293 1410 471 1481 εργων
498 1411 664 1481 νόμου
706 1411 764 1464 οὑ
795 1410 1212 1483 δικαιωθήσεται
1241 1411 1470 1464 ἐνώπιον
1499 1413 1664 1465 αὑτοῦ
1707 1414 1858 1464 πᾶσα

297 1501 466 1572 σάρξ¹
498 1520 518 1553 ι
575 1502 668 1555 καὶ
714 1502 784 1554 τὰ
837 1501 1045 1566 τούτοις
1087 1503 1411 1574 προσόμοια.
1449 1501 1609 1556 Ὅθεν
1652 1503 1745 1555 ἐπὶ
1795 1505 1859 1571 τῇ

295 1592 446 1646 λύσει
512 1593 714 1646 τούτων
767 1594 947 1647 αὑτῶν
999 1595 1208 1647 τέθεικε
1257 1595 1356 1664 τὴν
1402 1593 1699 1646 ἀντίθεσιν.
1754 1593 1862 1647 Καὶ

298 1682 512 1752 πρῶτον
557 1683 656 1752 μὲν
689 1683 1007 1754 βλάσφημον
1056 1684 1224 1749 ἔδειξε
1260 1684 1360 1754 τὴν
1413 1684 1714 1754 ἐρώτησιν,
1770 1685 1862 1738 καὶ

1953 1051 2018 1106 ad
2050 1066 2171 1106 eam
2210 1048 2595 1112 accusandam,
2633 1048 2738 1103 nisi
2770 1045 3106 1118 propositam
3151 1044 3514 1114 quaslionnm

1956 1141 2287 1195 solutionem
2329 1139 2620 1194 attulisset.
2663 1159 2681 1190 ι
2725 1138 2829 1192 Lex
2862 1137 3006 1192 enim
3055 1135 3422 1196 subintravit,
3459 1141 3519 1186 ut

1956 1231 2262 1286 abundaret
2305 1232 2674 1300 peccatum‘;
2717 1249 2734 1282 ι
2770 1238 2822 1284 et
2867 1245 2881 1281 :
2929 1247 2946 1277 ι
2989 1226 3097 1282 Lex
3131 1228 3268 1280 iram
3315 1239 3516 1296 opera-

1957 1332 2130 1386 tur“;
2165 1340 2182 1372 ι
2215 1329 2270 1375 et
2299 1339 2315 1372 ι
2351 1341 2368 1372 ι
2407 1321 2482 1374 Ex
2518 1323 2776 1389 operibus
2814 1320 2952 1389 lcgis
2981 1335 3089 1372 non
3123 1317 3520 1388 justificabitur

1959 1427 2148 1468 coram
2177 1427 2242 1465 eo
2275 1412 2457 1464 omnis
2488 1419 2659 1464 caroV
2685 1451 2698 1473 ,
2732 1429 2750 1460 ι
2782 1419 2833 1462 et
2863 1425 2985 1478 qua:
3017 1417 3149 1463 sunt
3189 1409 3275 1464 bis
3299 1407 3518 1463 similia.

1959 1504 2122 1559 Unde
2146 1502 2210 1556 ad
2248 1501 2604 1571 promendam
2651 1489 2978 1555 solutionem
3030 1500 3227 1552 borum
3277 1499 3521 1567 ipsorum

1961 1597 2329 1666 objectionem
2375 1594 2675 1664 praposuit.
2703 1593 2778 1646 Ac
2807 1592 3040 1662 primum
3095 1590 3339 1660 quidem,
3379 1590 3529 1644 blas-

1961 1690 2209 1758 pbemam
2244 1702 2368 1742 esse
2414 1685 2658 1741 ostendit
2690 1685 3174 1754 interrogationem
3196 1724 3210 1748 ,
3233 1691 3290 1738 et
3324 1685 3528 1752 negati-

297 1773 387 1826 τὸν
417 1774 850 1845 ἀπαγορευτικὸν
871 1775 1082 1827 τέθεικε
1113 1774 1291 1842 λόγον,
1324 1773 1420 1841 Μὴ
1451 1775 1700 1844 γένοιτο.
1730 1772 1862 1829 Εἶτα

1977 1793 2084 1832 vam
2125 1777 2420 1832 dictionem
2451 1775 2654 1837 intulit,
2712 1773 2883 1827 Absit.
2943 1772 3150 1828 Deinde
3183 1772 3341 1826 docet
3393 1773 3528 1842 legis

297 1863 536 1918 διδάσκει
566 1865 658 1918 τοῦ
685 1865 854 1935 νόμον
883 1865 943 1918 τὸ
969 1866 1238 1935 χρήσιμον
1264 1881 1276 1896 ·
1322 1867 1496 1919 Ἀλλὰ
1532 1865 1649 1934 τὴν
1675 1869 1860 1936 ἁμαρ-

298 1955 434 2009 τίαν
469 1958 580 2024 οὐκ
613 1956 822 2024 ἔγνων,
859 1959 910 2009 εὶ
931 1956 1017 2025 μὴ
1058 1955 1153 2010 διὰ
1182 1956 1288 2010 τοῦ
1325 1957 1534 2026 νόμου.
1571 1959 1644 2010 Ub
1679 1960 1860 2028 μόνον,

300 2046 494 2115 φησὶν,
543 2047 572 2098 ὁ
616 2046 778 2114 νόμος
824 2046 923 2099 οὑκ
961 2046 1107 2100 ἔστιν
1141 2047 1416 2118 ἁμαρτίας
1457 2048 1773 2114 διδάσκαλος
1793 2051 1861 2114 ⁸ο,

304 2132 380 2202 μὴ
417 2133 658 2201 γένοιτο,
727 2135 861 2188 ἀλλά
904 2137 1000 2189 καὶ
1045 2138 1354 2190 τούναντίον
1408 2139 1684 2209 ἁμαρτίας
1731 2157 1866 2194 κατ-

304 2220 522 2290 ήγορος.
554 2223 627 2274 Οὑ
654 2227 760 2294 γὰρ
787 2223 852 2276 ἂν
884 2223 1054 2292 ἔγνων
1083 2226 1134 2277 τί
1165 2227 1224 2278 τὸ
1251 2227 1442 2288 κακὸν,
1483 2230 1530 2280 εξ
1564 2230 1636 2300 μὴ
1661 2233 1865 2294 ἐκεῖνος

308 2308 532 2376 ἐδίδαξε.
572 2311 688 2376 Τήν
718 2329 780 2366 τε
823 2314 932 2382 γὰρ
967 2315 1284 2383 ἐπιθυμίαν
1317 2319 1427 2369 οὐκ
1473 2316 1660 2384 ᾔδειν,
1706 2321 1756 2372 ει
1780 2318 1872 2388 μὴ

305 2402 340 2452 ό
371 2401 551 2468 νόμος
579 2401 804 2470 ἔλεγεν·
832 2407 952 2457 Οὐκ
983 2406 1396 2473 ἐπιθυμήσεις.
1421 2406 1511 2468 Τὸ,
1538 2411 1647 2462 οὐκ
1679 2411 1866 2478 ᾔδειν,

302 2489 436 2549 καὶ.
483 2491 594 2543 οὐκ
626 2490 846 2558 ἔγνων,
892 2494 952 2545 οὑ
999 2494 1336 2558 παντελῶς⁶⁰
1382 2497 1605 2564 ἀγνοίας
1635 2500 1869 2554 ἐνταῦθα

297 2579 613 2648 δηλωτικά’
674 2582 813 2637 ἀλλά
877 2583 1036 2638 τοῦτο
1099 2585 1280 2653 λέγει,
1331 2587 1412 2640 ὅτι
1469 2589 1868 2664 ἀκριῦεστέραν

301 2671 400 2739 τῆς
447 2674 682 2744 φυσικῆς
731 2673 1056 2746 διακρίσεως
1091 2677 1359 2748 ἐδεξάμην
1407 2680 1609 2747 γνῶσιν
1647 2681 1738 2736 διὰ
1773 2683 1868 2740 τοῦ

303 2764 361 2814 νο
369 2778 488 2830 μου.

375 2853 444 2924 η’.
489 2855 793 2925 Ἀφορμὴν
827 2857 894 2909 δὲ
935 2859 1209 2912 λαϐοῦσα
1249 2860 1286 2927 ἡ
1327 2861 1581 2930 ἁμαρτία
1625 2863 1720 2916 διὰ
1763 2864 1872 2932 τῆς

305 2943 582 3012 ἐντολῆς,
601 2947 1027 3015 κατειργάσατο
1049 2948 1118 3001 ἐν
1140 2950 1268 3015 ἐμοὶ
1301 2950 1508 3006 πᾶσαν
1532 2953 1868 3022 ἐπιθυμίαν.

309 3033 408 3087 Διά
469 3035 686 3088 πάντων
738 3038 992 3102 πειρᾶται
1039 3038 1308 3092 δεικνύναι
1379 3041 1476 3108 τῆς
1537 3044 1874 3114 κατηγορίας

312 3125 615 3197 ἐλεύθερον.
659 3094 877 3198 Ἐπειδὴ
902 3127 1009 3199 γὰρ
1031 3123 1208 3191 εἶπεν,
1239 3130 1321 3182 ὅτι
1355 3094 1566 3202 ηὑίξῆθη
1602 3094 1874 3204 τὲξιᾴαρί
1903 3094 1944 3150 C

311 3218 534 3287 τὴματα
568 3220 632 3288 τῇ
668 3217 814 3270 θέσει
843 3218 934 3271 τοῦ
963 3218 1147 3288 νόμου,
1180 3221 1268 3273 ἵνα
1297 3223 1370 3292 μή
1405 3239 1486 3284 τις
1513 3222 1755 3294 ὑπολάϐῃ
1786 3225 1878 3276 τὸν

315 3309 476 3378 νόμον
523 3311 696 3362 αἴτιον
760 3309 1125 3378 γεγενῆσθαι,
1175 3313 1488 3379 ἀναγκαίως
1539 3313 1632 3366 τὸν
1675 3315 1879 3383 ταύτης

315 3400 657 3453 ὑποδείκνυσι
731 3400 967 3470 τρόπον·
1029 3403 1112 3454 ὅτι
1170 3405 1446 3474 πρόφασιν
1521 3405 1794 3476 διαμάχης
1845 3408 1909 3476 ἡ·

314 3491 558 3562 ἁμαρτία
586 3491 684 3562 τὴν
715 3491 1033 3562 νομοθεσίαν
1067 3493 1326 3555 λαϐοῦσα,
1366 3496 1458 3549 τὸν
1489 3496 1881 3570 ἀσθενέστερον

313 3584 728 3654 κατηγωνίσατο
742 3585 784 3615 ⁶¹
804 3584 1078 3653 λογισμόν.
1101 3586 1288 3653 Χωρὶς
1309 3587 1417 3655 γὰρ
1438 3587 1624 3656 νόμου
1644 3591 1681 3658 ή
1703 3589 1884 3659 ἁμαρ-

311 3675 415 3728 τία
450 3672 651 3742 νεκρά.
680 3673 863 3744 Νόμου
901 3675 1009 3744 γὰρ
1041 3677 1140 3728 οὑκ
1169 3675 1319 3738 ὄντος
1339 3717 1352 3738 ,
1389 3676 1482 3730 τοῦ
1507 3678 1568 3731 τὸ
1611 3680 1884 3751 πρακτέον

316 3762 751 3829 ὑποδεικνύντος,
775 3763 868 3816 καὶ
891 3764 949 3816 τὸ
971 3765 1031 3817 οὑ
1056 3767 1330 3834 πρακτέον
1353 3768 1791 3840 ἀπαγορεύοντος
1815 3773 1882 3839 ⁶¹,

314 3852 416 3904 οὑκ
441 3851 552 3921 ἔχει
581 3852 762 3923 χώραν
790 3854 822 3923 ἡ
847 3854 1106 3924 ἁμαρτία.
1143 3851 1274 3909 Εἶτα
1303 3858 1410 3916 ἀπὸ
1437 3860 1884 3932 παραδείγματος

319 3943 480 3997 τοῦτο
511 3948 655 3997 ποιεῖ
685 3945 939 4016 φανερόν.

394 4035 458 4088 θ’.
510 4035 656 4105 Ἐγὼ
698 4035 766 4088 δὲ
801 4035 944 4096 ἔζων
996 4038 1176 4105 χωρὶς
1222 4039 1410 4107 νόμου
1459 4040 1623 4095 ποτέ.
1677 4044 1736 4094 '0
1773 4045 1884 4115 γὰρ

335 4125 506 4197 Ἀδὰμ
548 4127 654 4197 πρὸ
703 4129 801 4197 τῆς
833 4129 1196 4199 παραϐάσεως
1237 4131 1338 4184 οὑκ
1383 4127 1492 4202 εἶχε
1527 4132 1620 4186 τοῦ
1655 4133 1884 4190 θανάτου

323 4216 389 4269 τδ
413 4216 546 4280 δέος.

413 4309 741 4376 Ἐλθούσης
761 4309 829 4362 δὲ
865 4310 975 4377 τῆς
1010 4312 1283 4380 ἐντολῆς,
1315 4315 1353 4381 ἡ
1389 4315 1644 4384 ἁμαρτία
1682 4319 1889 4387 ἀνέζὴ-

1965 1872 2256 1926 utilitatcm
2296 1886 2310 1924 :
2338 1867 2443 1923 Sed
2474 1877 2743 1935 peccatum
2788 1881 2892 1918 non
2923 1865 3162 1934 cognovi,
3199 1864 3303 1917 nisi
3331 1879 3422 1933 per
3457 1865 3530 1916 leo-

1965 1980 2105 2034 gem.
2130 1960 2250 2016 Non
2285 1960 2485 2023 solum,
2516 1958 2713 2027 inquit,
2741 1972 2854 2036 non
2901 1965 2983 2012 cst
3015 1957 3098 2010 lex
3148 1955 3360 2026 peccati
3412 1970 3526 2008 ma-

1965 2055 2157 2124 gistra,
2189 2052 2370 2116 absit;
2407 2050 2502 2105 sed
2530 2058 2722 2104 contra
2746 2049 2911 2103 etiam
2957 2047 3163 2117 peccati
3193 2048 3526 2101 accusatrix.

1968 2143 2155 2212 Neque
2177 2142 2318 2197 enim
2347 2141 2754 2210 cognovissent,
2779 2140 2909 2208 quid
2933 2140 3005 2193 sit
3035 2139 3263 2201 malum,
3306 2139 3410 2191 nisi
3440 2138 3529 2192 illa

1969 2234 2265 2288 docuisset.
2300 2229 2441 2283 Nam
2483 2229 2588 2299 72
2618 2238 2664 2282 et
2700 2227 3170 2295 concupiscentiam
3217 2224 3528 2287 nesciebam,

1970 2320 2181 2376 uiriles:
2204 2319 2396 2373 diceret
2421 2334 2438 2371 :
2469 2315 2590 2371 Non
2617 2317 2971 2383 concupisces.
3001 2314 3136 2368 Illud
3162 2330 3264 2368 non
3297 2313 3532 2382 cognovi,

1969 2421 2022 2466 et
2059 2410 2372 2472 nesciebam,
2408 2409 2515 2462 hoc
2572 2408 2694 2462 loco
2743 2422 2852 2460 non
2904 2406 3299 2474 ignorationem
3359 2403 3536 2457 omni-

1971 2500 2188 2556 modum
2250 2500 2594 2572 signiﬁcant;
2655 2497 2750 2555 sed
2806 2497 2909 2552 hoc
2963 2495 3096 2550 dicit
3150 2494 3422 2549 naturalis
3477 2507 3537 2546 se

1972 2593 2326 2648 discretionis
2397 2591 2730 2648 exactiorem
2767 2588 3169 2662 {cognitionem
3252 2583 3537 2657 accepisse

1973 2699 2071 2753 per
2096 2684 2290 2753 legem.

2051 2858 2218 2913 Vens.
2247 2859 2298 2912 8.
2336 2858 2626 2911 Occasione
2660 2865 2835 2909 autem
2869 2863 3082 2922 accepta
3104 2870 3194 2923 per
3228 2852 3540 2905 mandatum

1979 2960 2250 3020 peccatum
2279 2958 2550 3018 operatum
2581 2957 2658 3002 est
2710 2948 2765 3000 in
2795 2963 2874 3000 me
2919 2961 3125 3000 omnem
3165 2943 3539 3012 concupiscen-

1980 3044 2130 3096 tiam.
2161 3041 2267 3096 Per
2303 3042 2485 3094 omnia
2540 3039 2830 3095 ostendere
2858 3050 3092 3092 conatur
3123 3051 3240 3091 eam
3301 3049 3426 3090 esse
3473 3034 3538 3086 ab

1979 3135 2330 3190 accusatione
2381 3134 2636 3188 liberam.
2687 3131 2826 3198 Quia
2873 3131 3018 3186 enim
3051 3129 3188 3184 dixit
3219 3135 3376 3182 aucta
3419 3141 3540 3181 esse

1980 3235 2202 3299 peccata
2265 3239 2360 3294 per
2401 3224 2534 3292 legis
2571 3222 3008 3292 impositionem,
3056 3235 3130 3274 ne
3165 3218 3299 3288 quis.
3345 3215 3539 3270 issisti-

1979 3329 2150 3373 maret
2205 3318 2379 3386 legem
2433 3315 2644 3384 peccati
2699 3328 2922 3368 causam
2976 3311 3173 3377 fuisse,
3226 3308 3544 3364 necessario

1981 3411 2130 3465 illius
2186 3409 2406 3462 modum
2439 3407 2703 3462 ostendit.
2734 3405 2908 3460 Cum'
2945 3403 3092 3457 enim
3143 3408 3428 3472 peccatum
3475 3412 3539 3452 es

1981 3504 2098 3571 lege
2125 3501 2231 3554 lata
2269 3514 2466 3572 pugnat
2498 3497 2851 3552 occasionem
2907 3494 3166 3563 cepisset,
3223 3489 3543 3544 imbecillio-

1983 3608 2096 3647 rem
2130 3592 2396 3646 rationem
2435 3587 2788 3658 expugnavit.
2826 3584 2951 3640 Sine
2980 3583 3088 3654 lege
3120 3581 3258 3636 enim
3277 3590 3543 3650 peccatum

1985 3694 2249 3739 mortuum
2292 3691 2426 3737 erat.
2480 3679 2599 3734 Nisi
2667 3679 2811 3734 enim
2871 3677 2954 3731 lex
3017 3674 3106 3738 sit,
3146 3688 3266 3742 quae
3315 3669 3443 3736 quid
3476 3671 3546 3723 sit

1986 3776 2254 3846 agendum
2281 3772 2525 3828 ostendat
2553 3782 2605 3825 et
2625 3769 2770 3841 quod
2797 3784 2907 3823 non
2938 3767 3206 3838 agendum
3237 3763 3542 3834 prohibeat,

1985 3877 2095 3915 non
2129 3871 2211 3916 est
2248 3862 2406 3914 locus
2453 3866 2700 3929 peccato.
2756 3857 2956 3912 Deinde
3001 3855 3251 3926 exemplo
3291 3854 3394 3909 boc
3427 3865 3545 3907 mn-

1986 3957 2247 4012 nil'estum
2285 3953 2479 4009 reddit.
2543 3978 2546 3982 '

2058 4047 2227 4101 Vens.
2263 4047 2317 4101 9.
2351 4044 2458 4115 Ego
2489 4052 2660 4097 autem
2695 4040 2923 4096 vivebam
2954 4041 3066 4095 sine
3103 4040 3208 4109 lege
3239 4037 3547 4107 aliquando,

1989 4141 2158 4194 Adam
2219 4139 2363 4193 enim
2419 4145 2546 4192 ante
2597 4134 3096 4205 transgressionem
3157 4147 3263 4184 non
3316 4128 3555 4182 habebat

1990 4239 2138 4285 metu
2148 4245 2196 4281 ιιι
2227 4229 2441 4281 mortis.

2061 4320 2164 4375 Sed
2185 4335 2302 4371 cum
2339 4317 2557 4370 venisset
2607 4312 2940 4374 mandatum,
2997 4317 3266 4379 peccatum
3319 4308 3504 4362 revixit
3535 4324 3563 4361 ξ·

324 4413 478 4453 σεν·
513 4399 610 4470 (ι’).
648 4400 761 4470 ἐγὼ
792 4400 860 4454 δὲ
909 4401 1230 4456 ἀπέθανον.
1284 4403 1390 4456 Τοῦ
1438 4407 1548 4478 γὰρ
1603 4408 1738 4462 Θεοῦ
1787 4411 1876 4481 τὴν

1992 4409 2181 4482 (Vsus.
2233 4408 2338 4474 l0.)
2373 4404 2484 4473 Ego
2529 4413 2706 4456 autem
2763 4408 3002 4452 mortuus
3038 4413 3175 4451 sunt.
3223 4398 3357 4450 Cum
3405 4397 3554 4452 enim

328 4489 457 4558 περὶ
497 4489 604 4542 τῶν
653 4489 886 4560 δένδρων
921 4489 1139 4560 ἐντολὴν
1193 4489 1536 4558 τεθεικότος,
1582 4495 1746 4558 εὐθὺς
1795 4498 1892 4567 μὲν

329 4579 693 4650 προσελήλυθε
729 4580 818 4632 διὰ
867 4580 962 4634 τοῦ
1000 4579 1179 4650 δφεως
1217 4583 1245 4634 ὁ
1273 4581 1516 4647 διάϐολος
1549 4587 1614 4654 τῇ
1649 4589 1891 4652 γυναικὶ,

329 4670 423 4724 καὶ
448 4673 562 4733 τοῖς
583 4671 878 4740 ἀπατηλοῖς
903 4672 1137 4735 ἐκείνοις
1160 4673 1435 4743 ἐχρήσατο
1464 4673 1663 4743 λόγοις.
1696 4677 1893 4731 Δελεα-

331 4760 518 4815 σθεῖσα
557 4761 614 4814 δὲ
658 4762 842 4832 ἐκείνη
871 4759 889 4824 ,'
923 4763 1017 4815 καὶ
1051 4762 1146 4815 τοῦ
1179 4763 1396 4834 καρποῦ
1431 4765 1534 4836 τὴν
1583 4766 1732 4837 ὥραν
1767 4768 1893 4822 θεα-
1925 4755 1944 4768 κ

330 4866 538 4923 σαμενη
562 4891 578 4915 ,
623 4853 826 4923 ἡττήθη
875 4853 971 4922 μὲν
1005 4854 1102 4923 τῆς
1139 4854 1333 4924 ἡδονῆς
1358 4896 1373 4920 ,
1430 4858 1648 4930 παρέση
1699 4861 1769 4912 δὲ·
1793 4860 1893 4930 τὴν

329 4940 550 5010 ἐντολήν
575 4955 590 4972 ο
638 4940 854 5006 ἐδέξατο
886 4941 943 4994 δὲ
974 4943 1070 4994 σὺν
1116 4942 1196 5011 τῷ
1247 4943 1418 5012 Ἀδὰμ
1456 4946 1893 5014 παραυτίκα-τὸν

1994 4501 2137 4557 Deus
2177 4501 2244 4554 de
2283 4496 2574 4552 arboribus
2631 4490 2916 4547 statuisset
2960 4497 3320 4560 praeceptum,
3371 4489 3552 4544 statim

1995 4592 2248 4647 diabolus
2278 4605 2373 4658 per
2401 4591 2712 4656 serpentem
2746 4582 2985 4638 accessit
3035 4582 3104 4637 ad
3165 4581 3469 4646 mulierem,
3502 4591 3556 4633 ιιι

1996 4683 2289 4738 fallacibus
2344 4681 2456 4735 illis
2500 4677 2850 4734 sermonibus
2889 4693 3024 4733 usus
3075 4684 3182 4732 est.
3242 4675 3334 4729 Illa
3373 4680 3554 4727 autem

1995 4773 2260 4835 inescata,
2296 4785 2420 4824 cum
2461 4768 2678 4824 fructus
2713 4767 3186 4838 pulchritudinem
3219 4762 3548 4833 aspexisset,

2000 4880 2028 4918 a
2064 4865 2340 4934 voluptate
2383 4870 2640 4933 superata
2679 4869 2786 4924 est,
2827 4871 2879 4914 et
2915 4869 3244 4929 przeceptum
3278 4853 3555 4908 transiliit.

2002 4955 2120 5011 Una
2149 4963 2328 5009 autem
2359 4970 2482 5008 cum
2542 4952 2752 5006 Adamn
2793 4951 2982 5005 statim
3024 4951 3216 5002 mortis
3273 4945 3556 5000 decretum

327 5033 457 5100 ὅρον
497 5031 598 5102 τῆς
645 5032 898 5103 τελευτῆς
926 5049 942 5065 ο
1002 5032 1324 5105 ἐκοινώνησε
1357 5034 1467 5105 γὰρ
1516 5038 1765 5102 κάκεῖνος
1797 5041 1876 5110 rip

2000 5045 2237 5114 accepit.
2282 5041 2482 5097 Fuerat
2517 5045 2662 5097 enim
2719 5041 2810 5094 ille
2865 5039 3025 5093 etiam
3073 5052 3204 5090 esus
3261 5035 3561 5102 particeps.

332 5122 612 5194 βρώσεως.
660 5123 770 5178 Καὶ
806 5123 1016 5192 εὑρέθη
1061 5142 1160 5194 μοι
1190 5126 1230 5193 ἡ
1264 5126 1484 5195 ἐντολὴ
1528 5128 1567 5196 ἠ
1602 5131 1689 5196 εὶς
1720 5129 1895 5199 ζωὴν,

331 5215 482 5282 αὕτη
535 5217 623 5280 εὶς
665 5216 941 5271 θάνατον.
983 5217 1082 5271 Διά
1122 5218 1338 5273 πάντων
1391 5221 1738 5290 ἀπολογεῖται
1797 5225 1896 5293 μὲν

334 5307 474 5376 ὑπὲρ
510 5305 606 5360 τοῦ
635 5308 799 5376 νόμου
844 5308 1059 5377 καὶτῆς
1089 5309 1306 5380 ὶντολῆς
1330 5326 1345 5342 ο
1391 5312 1490 5381 τῆς
1525 5315 1580 5367 δὲ
1620 5315 1896 5387 ἁμαρτίας

414 5419 429 5453 ¹
478 5415 635 5472 Rom.
676 5434 728 5482 ν,
770 5417 863 5472 20.
941 5427 968 5455 ιι
1012 5421 1170 5474 Rom.
1201 5436 1288 5485 \‘l,
1337 5422 1422 5477 15.

2004 5134 2072 5188 Et
2105 5135 2370 5188 inventum
2398 5140 2477 5186 est
2512 5131 2639 5184 mihi
2681 5126 3012 5188 mandatum,
3043 5125 3181 5194 quod
3231 5127 3437 5178 eratad
3485 5127 3564 5178 ci-

2009 5236 2139 5288 tam,
2179 5223 2273 5276 Itoc
2301 5237 2412 5276 esse
2439 5220 2508 5273 ad
2537 5231 2777 5274 mortem.
2807 5216 2998 5287 Legem
3030 5222 3081 5268 et
3117 5215 3428 5270 mandatum
3468 5229 3564 5285 per

2007 5315 2190 5372 omnia
2264 5312 2526 5374 defendit,
2611 5309 2818 5378 peccati
2903 5314 3081 5362 autem
3158 5308 3558 5376 improbitatem

1637 5509 1868 5564 VARIAB
1912 5509 2199 5564 LECTION
2209 5507 2307 5562 ES.
2662 5501 2690 5516 “

407 5600 452 5633 ⁸⁸
484 5602 841 5676 Apgnstanns
873 5602 1071 5676 codex:
1125 5606 1223 5676 οὐκ
1271 5604 1414 5658 ἔστιν
1442 5605 1469 5658 ὁ
1499 5605 1659 5674 νόμος
1694 5603 1962 5676 ἁμαρτίας
2000 5601 2327 5664 διδακτικὸς.
2403 5602 2446 5632 “°
2479 5602 2614 5670 Aug.
2649 5601 2748 5672 τῆς
2804 5599 3121 5666 παντελοῦς.
3189 5598 3233 5630 ⁶¹
3273 5604 3406 5665 Aug.
3443 5608 3582 5645 κἰιτ⁴

341 5669 710 5740 ετροπὼσατο.
807 5675 847 5704 ⁸³
885 5672 922 5725 Α
949 5673 1373 5744 διαγορεύοντος.
