4074 6176
418 258 517 329 119
1378 266 1869 325 THEODORETI
1903 262 2243 326 EPISCOPI
2284 270 2649 331 CYRENSIS
3570 277 3672 345 190

408 382 515 453 73
575 380 778 453 arguit.
831 379 1141 434 Mandatum
1208 382 1355 435 enim
1379 422 1394 444 ,
1427 382 1627 452 inquit,
1656 384 1825 436 vitam
1858 396 1987 450 snp-

2092 381 2192 452 τὴν
2225 385 2489 456 πονηρίαν
2519 387 2750 456 ἐλέγχει.
2787 388 2941 459 Ζωῆς
2984 388 3093 462 γὰρ
3115 429 3132 454 ,
3177 389 3374 460 φησιν,
3417 393 3450 463 ἡ
3482 391 3671 463 ἐντολὴ

406 476 616 544 ρεειιὶισι
653 493 666 528 :
700 472 767 528 ad
796 473 848 527 id
881 480 1060 527 autem
1095 474 1243 544 quod
1274 481 1360 530 est
1390 473 1638 530 deterius
1671 475 1981 539 conversio,

2088 475 2356 545 χορηγὸς,
2405 478 2438 547 ἡ
2479 477 2534 530 δὲ
2597 476 2725 550 περὶ
2763 477 2826 531 τὸ
2871 481 3052 550 χεῖρον
3097 480 3274 552 τροπὴ
3311 480 3402 534 τὸν
3441 480 3673 536 θάνατον

407 573 638 618 mortem
695 561 929 632 peperit.
976 559 1273 637 Pmpterea
1327 563 1552 634 proprie
1605 562 1792 633 posuit
1849 561 1982 616 illud

2089 567 2391 638 ἀπεκύησε.
2436 569 2536 624 Διὰ
2579 570 2740 624 τοῦτο
2772 571 2974 641 κυρίως
3004 572 3086 636 τὸ,
3132 575 3366 643 εἰφέθη,
3399 575 3668 638 τέθεικεν,

406 655 674 708 inventum
699 661 801 717 est,
845 658 902 706 ut
935 652 1189 708 ostendat
1237 653 1386 708 aliud
1416 654 1635 724 quidem
1668 669 1792 710 esse
1846 652 1983 723 legis

2089 659 2176 711 ἵνα
2213 659 2384 733 δείξῃ,
2423 661 2583 716 ἄλλον
2612 662 2712 732 μὲν
2747 663 2837 717 τὸν
2869 664 2965 718 τοῦ
2999 665 3168 737 νόμου
3198 666 3423 732 σκοπὸν,
3452 666 3582 721 ἄλλο
3612 666 3671 720 δὲ

408 745 774 815 propositum,
807 743 956 799 aliud
987 759 1120 800 vero
1149 744 1201 799 id
1231 744 1380 817 quod
1424 754 1650 818 pr0pter
1697 753 1981 817 peccatum

1348 744 1380 799 d
1424 754 1650 818 propter
1697 753 1981 817 peccatum
2085 750 2146 802 τὸ
2179 750 2267 804 διὰ
2287 752 2385 824 τὴν
2421 753 2694 825 ἁμαρτίαν
2727 755 2957 826 συμϐάν.

403 838 629 891 accidit.

481 927 646 982 Vens.
681 929 766 982 ll.
797 928 939 983 Nam
969 939 1264 999 peccatum,
1313 932 1589 985 occasione
1639 940 1853 999 accepta
1893 945 1982 998 per

2162 935 2249 982 ια’.
2296 928 2367 982 ἸΙ
2412 929 2522 999 γὰρ
2567 929 2864 999 ἁμαρτία,
2919 932 3200 1002 ἀφορμὴν
3243 934 3519 988 λαϐοῦσα
3569 934 3667 990 διὰ

405 1015 739 1080 ιηιιηιΙαιιιιη,
781 1014 994 1070 seduxit
1035 1035 1136 1081 me,
1190 1029 1238 1072 ct
1267 1033 1359 1087 per
1389 1019 1528 1073 illud
1560 1020 1773 1074 occidit.
1833 1019 1910 1090 Idi

2085 1021 2195 1087 τῆς
2226 1020 2505 1088 ἐντολῆς,
2543 1021 2892 1090 ἐξηπάτησέ
2919 1041 3018 1092 με,
3051 1022 3151 1077 καί
3191 1023 3266 1078 δι’
3299 1023 3490 1094 αὐτῆς
3549 1026 3665 1080 ἀπ-

403 1107 622 1162 tliverse
652 1107 810 1161 dixit.

2084 1109 2330 1165 ἑκτεινε.
2360 1112 2434 1164 Τὸ
2469 1112 2600 1166 αὐτὸ
2624 1112 2898 1186 διαφόρως
2927 1113 3167 1186 εἴρηκεν.

381 1227 384 1241 ι
475 1198 640 1254 Vsus.
672 1201 756 1256 12.
789 1201 968 1268 Quare
995 1201 1078 1255 (ex
1103 1202 1310 1272 quidem
1339 1213 1551 1268 sancta,
1584 1214 1632 1257 et
1667 1202 1982 1257 mandatum

2161 1202 2246 1272 ιβ’.
2282 1203 2465 1257 ’Ὥστε
2512 1206 2546 1258 ὁ
2584 1204 2704 1274 μὲν
2746 1206 2930 1275 νόμος
2976 1204 3183 1274 ἅγιος,
3234 1206 3331 1262 καί
3372 1208 3409 1275 ἡ
3442 1207 3666 1278 ἐντολὴ

403 1304 669 1359 sanctum,
694 1303 740 1346 et
757 1294 988 1363 justum,
1020 1305 1070 1347 et
1108 1293 1323 1348 bonum.
1367 1293 1565 1366 Legem
1601 1296 1837 1364 appellat
1861 1310 1980 1348 eam

2084 1296 2244 1365 ἁγία,
2278 1295 2376 1350 καὶ
2403 1295 2624 1361 δικαία,
2664 1297 2761 1350 καί
2787 1297 3002 1367 ἀγαθή.
3037 1299 3220 1370 Νόμον
3246 1299 3338 1353 τὸν
3371 1301 3665 1354 Μωσαῖκὸν

401 1400 523 1452 qum
550 1383 791 1440 Mosaica
823 1386 1052 1453 dicitur,
1085 1387 1404 1441 mandatum
1431 1404 1584 1452 vero,
1611 1388 1753 1457 quod
1773 1388 1983 1441 Adamo

2087 1388 2262 1452 καλεῖ,
2290 1388 2510 1460 ἐντολὴν
2544 1389 2601 1442 δὲ
2635 1389 2733 1462 τὴν
2760 1388 2837 1460 τῷ
2892 1390 3067 1458 Ἀδάμ
3118 1390 3432 1463 δεδομένην.
3471 1387 3547 1447 υῧ
3597 1394 3667 1465 δὴ

401 1478 588 1530 clatum
629 1488 733 1534 est.
764 1478 918 1545 Quod
943 1479 1159 1550 quidem
1202 1480 1454 1550 pluribus
1522 1481 1776 1535 laudilms
1817 1495 1980 1534 orna-

2085 1478 2244 1548 χάριν
2293 1480 2388 1532 καὶ
2437 1478 2679 1534 πλείοσιν
2720 1480 3036 1535 ἐταινίωσεν
3066 1482 3240 1553 αὐτὴν
3275 1484 3575 1554 εὐςημίαις
3596 1487 3687 1562 ⁸⁸.-

402 1572 496 1627 vit.
521 1586 587 1625 eo
618 1572 767 1641 quod
792 1573 954 1643 vulgo
986 1574 1238 1643 pluribus
1283 1575 1462 1629 modis
1515 1582 1827 1629 accusetur.
1876 1573 1981 1639 Qui

2083 1570 2159 1634 ὡς
2219 1569 2440 1636 πλείους
2484 1571 2634 1644 παρὰ
2683 1572 2897 1627 πολλῶν
2948 1573 3249 1646 δεχομένην
3301 1577 3659 1648 κατηγορίας.

399 1663 544 1715 enim
569 1663 682 1718 otio
715 1680 774 1720 se
802 1663 1034 1729 dedunt,
1075 1676 1128 1720 et
1168 1666 1387 1720 virtutis
1427 1665 1646 1721 labores
1673 1663 1978 1735 refugiunt,

2053 1735 2054 1738 η
2086 1662 2148 1714 υἱ
2179 1663 2286 1732 γὰρ
2321 1663 2565 1736 ῥαθυμίᾳ
2592 1664 2884 1729 συζῶντες,
2923 1667 3020 1719 καὶ
3047 1667 3171 1730 τοὺς
3200 1670 3298 1738 τῆς
3326 1669 3526 1738 άρετῆς
3560 1669 3662 1722 οὐκ

405 1752 692 1808 hominum
727 1754 895 1809 Deum
924 1766 1187 1812 accusant
1214 1757 1360 1827 quod
1392 1757 1711 1811 mandatum
1748 1757 1978 1811 dederit.

2084 1752 2454 1822 ἀσπαζόμενοι
2491 1753 2722 1817 πόνους,
2762 1754 2859 1808 καὶ
2895 1754 2991 1808 τοῦ
3033 1755 3304 1809 Δεσπὸτου
3355 1755 3490 1808 Θεοῦ
3530 1773 3665 1810 κατ-

402 1842 458 1894 Si
503 1843 672 1909 οιιὶιιι,
711 1844 990 1913 inquiunt,
1030 1846 1174 1916 quod
1210 1854 1332 1901 erat
1370 1845 1616 1901 futurum
1670 1846 1977 1916 ignorabat,

2083 1843 2374 1917 ηγοροῦσιν
2398 1886 2413 1910 ,
2443 1845 2518 1910 ὡς
2550 1846 2863 1911 τεθεικὸτος
2899 1848 2999 1920 τὴν
3038 1849 3282 1919 ἐντολήν.
3319 1850 3382 1902 Εἰ
3423 1848 3521 1919 μὲν
3551 1851 3663 1919 γάρ

399 1936 676 2000 quomodo
711 1937 873 2000 Deus,
918 1939 1010 2009 qui
1048 1939 1231 1992 futura
1281 1956 1388 1995 non
1426 1941 1687 2009 prmscit?
1723 1939 1823 1996 Sin
1877 1957 1978 1995 au-

2082 1937 2285 2006 ἡγνὸει,
2319 1937 2451 2007 φασι
2469 1937 2534 2003 ⁸⁸,
2568 1937 2628 1992 τὸ
2657 1940 3044 2010 γενησόμενον,
3070 1940 3186 2006 πῶς
3212 1940 3344 2005 Θεὸς
3366 1943 3394 1995 ὀ
3412 1942 3486 2013 μὴ
3529 1958 3667 2013 προ-

401 2036 508 2079 tem
543 2028 853 2096 praevidens
895 2031 1394 2106 transgressionem
1439 2029 1592 2086 dedit
1640 2031 1978 2096 mandatum,

2093 2028 2377 2096 γινώσκων
2407 2029 2475 2082 τά
2515 2029 2808 2100 μέλλοντα;
2839 2033 2903 2086 Ei
2950 2031 3008 2085 δὲ
3043 2031 3292 2104 προορῶν
3338 2032 3438 2102 τὴν
3481 2035 3663 2106 παρά-

402 2121 519 2185 ipse
555 2131 639 2173 est
681 2135 849 2175 causa
909 2102 1392 2194 transgressionis.
1440 2124 1745 2194 Oportebat
1795 2133 1977 2178 autem

2082 2119 2261 2182 ϐασιν,
2295 2119 2509 2173 τέθεικε
2554 2121 2654 2192 τὴν
2685 2122 2930 2192 ἐντολὴν,
2957 2122 3121 2187 αὐτὸς
3149 2123 3251 2193 τῆς
3293 2125 3661 2194 παραϐάσεως

399 2226 495 2266 vos
551 2210 858 2284 intelligere
923 2229 1105 2270 rerum
1170 2215 1526 2270 honestarum
1600 2217 1980 2286 malarumque

2082 2214 2272 2276 αἴτιος.
2307 2213 2456 2266 Ἔδει
2481 2212 2538 2265 δὲ
2568 2214 2769 2277 αὐτοὺς
2810 2214 3065 2282 συνιδεῖν,
3097 2214 3173 2279 ὡς
3203 2215 3335 2269 ι’διον
3380 2216 3488 2270 τῶν
3515 2216 3661 2285 λογι-

402 2303 678 2357 notionem
733 2305 1064 2374 propriam”l
1125 2322 1316 2362 eorum
1385 2323 1540 2372 esse,
1600 2308 1693 2378 qui
1762 2308 1979 2364 ratione

2082 2304 2193 2356 κῶν
2240 2305 2273 2374 ἡ
2323 2303 2431 2357 τῶν
2462 2303 2645 2358 καλῶν
2689 2303 2785 2359 Stal.
2813 2305 2922 2361 τῶν
2967 2307 3230 2361 ἐναντίων
3269 2307 3563 2375 διάγνωσις
3584 2309 3655 2364 ⁸⁵.

399 2403 530 2448 sunt
583 2394 818 2465 praediti.
872 2397 1069 2452 Eorum
1139 2399 1284 2454 enim
1342 2415 1461 2470 quae
1509 2401 1721 2456 ratione
1764 2408 1976 2464 carent,

2081 2388 2201 2448 Τῶν
2229 2396 2338 2466 γάρ
2371 2397 2584 2464 ἀλόγων
2618 2397 2652 2468 ἡ
2698 2395 2860 2466 φύσις
2900 2396 3001 2450 οὐκ
3037 2397 3152 2468 ἔχει
3194 2397 3294 2470 τὴν
3325 2398 3533 2452 τούτων
3579 2399 3659 2452 δι-

398 2493 598 2540 natura
624 2503 734 2542 non
767 2487 930 2542 habet
961 2489 1074 2542 lucc
1107 2489 1458 2544 discernendi
1494 2488 1838 2544 facultatem.
1882 2489 1980 2545 Est

2080 2487 2318 2560 ἀκρισιν.
2356 2487 2722 2559 ’Δρπακτικὸς
2746 2487 2856 2558 γάρ
2880 2490 2908 2543 ὁ
2931 2487 3114 2553 λύκος,
3138 2488 3420 2561 ώμοὸόρος
3440 2490 3469 2542 ὁ
3493 2489 3657 2555 λέων,

395 2575 544 2628 enim
583 2592 751 2646 rapax
781 2576 965 2647 lupus,
1000 2579 1086 2634 leo
1117 2581 1469 2643 crudivorus,
1503 2591 1558 2636 et
1594 2581 1708 2636 ursi
1739 2589 1793 2634 et
1822 2581 1977 2652 pardi

2081 2581 2175 2634 καὶ
2204 2579 2396 2652 ἄρκτοι
2448 2581 2541 2634 καὶ
2574 2581 2869 2652 παρδάλεις
2897 2581 2967 2636 τὰ
2993 2582 3156 2652 ὅμοια
3191 2581 3358 2653 δρῶσι
3381 2597 3395 2612 ο
3430 2583 3527 2636 καὶ
3556 2583 3661 2635 οὐκ

403 2668 489 2721 his
533 2667 733 2720 similia
766 2667 1013 2736 faciunt;
1067 2686 1170 2726 nec
1216 2671 1418 2726 habent
1463 2687 1688 2728 sensqu
1742 2673 1974 2743 peccati,

2079 2670 2262 2742 έχουσι
2293 2672 2390 2742 τῆς
2419 2669 2696 2744 ἁμαρτίας
2738 2671 3030 2743 αἴσθησιν,
3069 2672 3132 2725 οὐ
3185 2671 3248 2725 δὲ
3291 2671 3528 2735 συνειδὸς
3557 2672 3660 2725 ὑπὸ

403 2774 504 2812 Izec
557 2760 957 2816 conscientiam
1014 2779 1136 2833 qua:
1199 2778 1228 2816 a
1273 2763 1430 2818 factis
1495 2765 1613 2820 suis
1669 2774 1972 2834 pungatnr.

2078 2763 2187 2817 τῶν
2243 2763 2544 2834 γινομένων
2603 2763 2982 2834 κεντούμενον.
3043 2762 3358 2836 Ἄνθρωποι
3407 2763 3500 2825 δὲ,
3557 2762 3659 2816 κΞιν

400 2849 660 2907 llamiues
691 2860 899 2916 autem,
931 2855 1153 2910 etiamsi
1191 2856 1379 2910 nullus
1414 2857 1582 2912 rebus
1610 2857 1841 2928 agendis
1882 2859 1973 2912 iu-

2081 2854 2270 2927 μηδεὶς
2301 2858 2412 2920 τοῖς
2451 2856 2762 2928 γινομένοις
2791 2858 2963 2927 παρῇ,
2996 2854 3296 2927 ἐρυθριῶσι
3327 2856 3422 2908 καὶ
3452 2854 3657 2907 δεδίασι

397 2939 572 3000 ιριεὶι,
599 2941 956 3005 erubescunt,
985 2951 1039 2999 ct
1065 2959 1188 3014 qua:
1218 2945 1320 3016 ipsi
1363 2946 1658 3004 admittere
1692 2949 1814 3003 ausi
1842 2957 1976 3003 sunt

2075 2947 2146 2999 τά
2177 2946 2521 3018 τολμώμενα.
2559 2947 2668 3016 Τὴν
2696 2947 2806 3018 γάρ
2833 2947 3171 3018 κατηγορίαν
3204 2946 3420 3015 ὑφαίνει
3439 2945 3501 2998 τὸ
3533 2962 3657 2997 συν-

397 3033 1194 3096 pertimescitnt.'Conscientia
1219 3039 1364 3093 enim
1396 3041 1808 3097 accusationem
1831 3057 1975 3096 eom-
2001 3083 2006 3116 γ

2079 3035 2238 3099 ειδὸς.
2270 3035 2394 3099 Πῶς
2426 3035 2606 3089 τοίνυν
2640 3036 2768 3106 ἐνῆν
2796 3037 2924 3100 τοὺς
2952 3035 3209 3106 τοιαύτην
3240 3035 3462 3106 ἔχοντας
3494 3034 3659 3103 φύσιν

398 3130 576 3190 parat.
625 3121 911 3188 Quomodo
969 3141 1100 3197 ergo
1134 3127 1248 3182 ﬁeri
1307 3137 1548 3198 poterat,
1615 3140 1676 3184 ut
1729 3133 1823 3202 qui
1881 3134 1972 3186 tali

2078 3130 2248 3200 χωρὶς
2292 3129 2459 3199 νόμου
2511 3128 2930 3196 πολιτεύεσθαι;
2979 3129 3078 3183 Διά
3129 3145 3212 3182 τοι
3248 3127 3410 3182 τοῦτο
3439 3127 3653 3181 τέθεικε

396 3225 582 3267 essent
639 3223 835 3269 natura
890 3218 1128 3285 prmditi,
1178 3219 1298 3274 sine
1349 3219 1467 3292 lege
1526 3221 1815 3277 viverent?
1846 3223 1978 3277 Pro-

2077 3220 2176 3292 τὴν
2205 3220 2423 3290 ἐντολὴν
2452 3221 2480 3273 ὁ
2509 3219 2643 3284 Θεὸς
2668 3260 2684 3286 ,
2716 3220 2804 3272 ἵνα
2837 3221 2932 3272 καὶ
2965 3221 3065 3290 τὴν
3096 3217 3305 3274 οἰκείαν
3339 3217 3502 3289 φύσιν
3535 3219 3656 3271 ἐπι-

397 3312 579 3366 plerea
642 3303 784 3362 Dens
832 3308 1155 3365 mandatum
1216 3311 1431 3377 statuit,
1483 3320 1543 3366 ut
1589 3321 1643 3368 et
1696 3315 1975 3386 propriam

2081 3311 2353 3384 γινώσκη,
2387 3311 2482 3366 καὶ
2507 3312 2596 3365 τὸν
2617 3311 2921 3383 νομοθέτην
2949 3311 3220 3385 δειμαίνῃ.
3252 3312 3410 3366 Ἔστι
3445 3309 3500 3363 δὲ
3529 3309 3656 3362 ἰδεῖν

397 3408 648 3452 naturam
675 3413 1026 3470 agnosceret,
1059 3413 1113 3458 et
1158 3403 1528 3475 legislatorem
1561 3406 1795 3463 timeret.
1827 3405 1980 3464 Licet

2079 3405 2174 3458 καὶ
2215 3403 2310 3456 τοῦ
2344 3403 2638 3473 νομοθέτου
2669 3401 2767 3472 τὴν
2814 3401 3251 3472 φιλανθρωπίαν.
3285 3401 3357 3455 Οὺ
3390 3399 3500 3471 γάρ
3529 3416 3655 3452 τινα⁴

396 3499 576 3543 autem
629 3489 968 3561 legislatoris
1021 3494 1425 3550 humanitatem
1490 3511 1810 3568 agnoscere.
1871 3498 1980 3571 74

2077 3493 2520 3564 δυσκατόρθωτον
2551 3492 2764 3546 τέθεικε
2795 3493 2959 3562 νόμον
2979 3533 2993 3558 ,
3040 3490 3177 3545 ἀλλὰ
3213 3490 3307 3545 καὶ
3336 3489 3457 3543 λίαν
3491 3489 3654 3544 εὐπε-

395 3574 513 3632 Non
548 3581 695 3634 enim
733 3581 1009 3638 dillicilem
1046 3585 1287 3655 aliquam
1337 3586 1508 3658 legem
1545 3589 1693 3653 tulit,
1735 3589 1829 3645 sed
1858 3605 1978 3658 qua:

2078 3586 2186 3649 τῶς
2219 3584 2554 3656 φυλαχθῆναι
2604 3584 2926 3655 δυνάμενον.
2982 3584 3212 3638 Πάντων
3251 3580 3502 3636 ἐδεδώκει
3546 3580 3654 3634 τῶν

396 3669 660 3725 facillime
684 3675 892 3728 servari
923 3685 1131 3745 posset.
1163 3677 1528 3734 Concesserat
1555 3689 1614 3734 ut
1643 3681 1834 3736 liceret
1865 3681 1974 3735 l'rni

2080 3678 2262 3746 φυτῶν
2296 3677 2392 3748 τὴν
2443 3676 2775 3742 ἀπόλαυσιν,
2831 3676 2948 3738 ἑνὸς
2993 3675 3051 3729 δὲ
3110 3674 3270 3745 μόνου
3321 3672 3653 3728 ἐκεκωλύκει

394 3761 657 3817 ιιιιιιιίὺιιε
688 3763 913 3832 plantis,
949 3766 1118 3822 unius
1167 3771 1552 3825 tantummodo
1591 3789 1744 3828 esum
1789 3782 1975 3830 vetue-

2079 3772 2179 3843 τὴν
2226 3769 2566 3842 μετάληψιν,
2617 3770 2680 3823 οὐ
2731 3768 2942 3838 φθονῶν
2994 3768 3144 3840 αὐτῷ
3193 3767 3286 3822 τοῦ
3335 3767 3453 3830 ἑνὸς
3515 3765 3655 3831 (πῶς

396 3860 483 3906 rat
521 3872 534 3907 :
568 3869 678 3908 non
718 3854 802 3908 illi
839 3872 1002 3910 unam
1037 3857 1318 3926 invidens,
1364 3863 1643 3929 qumnodo
1680 3864 1853 3930 enim,
1882 3864 1976 3935 qui

2081 3863 2188 3934 γάρ
2215 3863 2242 3916 ὃ
2265 3879 2326 3930 γε
2355 3861 2574 3914 πάντων
2601 3860 2749 3932 αὐτῷ
2781 3861 2878 3932 τὴν
2906 3858 3156 3925 ἐξουσίαν
3188 3856 3554 3931 παρεσχηκώς
3583 3855 3624 3928 ;)

397 3945 475 3998 ἰΗί
503 3947 749 4002 omnium
785 3957 1116 4018 potestatem
1149 3951 1421 4007 dederat?
1449 3953 1554 4009 Sed
1585 3971 1708 4022 eum
1741 3958 1976 4013 servitnv

2078 3953 2214 4008 ἀλλὰ
2246 3953 2345 4023 τῆς
2391 3951 2634 4014 δουλείας
2683 3950 2846 4004 αὑτὸν
2892 3948 3230 4004 ἐκπαιδεύων
3253 3949 3380 4012 τοὺς
3409 3949 3568 4019 ὅρους
3606 3947 3652 4008 ⁷,

395 4037 468 4094 tis
499 4038 770 4096 terminos
802 4040 1032 4106 docens,
1070 4051 1123 4098 et
1171 4055 1229 4098 ut
1261 4044 1312 4099 in
1348 4045 1662 4103 Creatorem
1713 4048 1978 4105 benevolo

2080 4047 2176 4100 καὶ
2223 4045 2414 4100 εὔνουν
2465 4041 2605 4098 εῖναι
2654 4043 2784 4113 περὶ
2831 4042 2922 4096 τὸν
2968 4041 3314 4112 Πεποιηκότα
3363 4039 3651 4099 διδάσκων,

394 4140 541 4185 esset
591 4130 778 4188 animo
823 4133 1144 4199 instituens,
1176 4145 1230 4190 et
1265 4138 1502 4193 rationis
1536 4138 1800 4196 facultate
1838 4158 1977 4212 pra:-

2079 4139 2174 4193 zczl.
2217 4136 2470 4210 ἀφορμὴν
2514 4137 2594 4199 εἰς
2647 4132 2954 4205 γυμνασίαν
3003 4132 3261 4204 παρέχων
3307 4131 3386 4201 τῷ
3423 4128 3649 4198 λογικῷ.

395 4225 513 4278 «lito
533 4221 658 4294 ejus
681 4224 1004 4280 exercendre
1059 4228 1411 4284 occasionem
1447 4231 1715 4299 prmbens.
1743 4232 1896 4298 Quod
1929 4235 1976 4287 si

2081 4233 2142 4285 Εἰ
2189 4232 2243 4284 δὲ
2282 4231 2382 4302 τὴν
2432 4227 2650 4299 ἐντολὴν
2701 4227 2775 4298 μὴ
2815 4225 3055 4296 φυλάξας
3101 4225 3207 4278 ὑπὸ
3253 4223 3345 4279 τὸν
3386 4224 3513 4295 ὅρον
3559 4221 3653 4276 τοῦ

397 4331 504 4370 non
547 4327 768 4372 servato
789 4327 1068 4391 praecepto
1103 4322 1302 4377 mortis
1332 4322 1557 4379 decreto
1585 4324 1840 4382 addictus
1869 4337 1972 4391 est,

2080 4322 2315 4376 θανάτου
2355 4320 2593 4390 κατέστη
2616 4361 2630 4384 ,
2678 4320 2740 4373 ού
2774 4316 3080 4389 κατηγορία
3105 4315 3264 4370 τοῦτο
3290 4315 3384 4369 τοῦ
3417 4314 3657 4369 τεθεικό-

396 4425 504 4463 non
541 4419 628 4465 cst
669 4409 775 4464 hoc
809 4410 970 4481 culpa
1005 4411 1130 4481 ejus
1176 4413 1272 4484 qui
1323 4413 1493 4480 dedit,
1549 4416 1643 4472 sed
1699 4418 1823 4487 ejus
1879 4421 1971 4488 qui

2047 4429 2053 4464 ι
2084 4433 2194 4479 τος,
2221 4413 2357 4467 ἀλλὰ
2393 4412 2488 4466 τοῦ
2533 4410 3004 4483 παραϐεϐηκότος.
3041 4409 3115 4462 Οὐ
3147 4407 3258 4479 γάρ
3295 4407 3515 4478 ἰατρὸς,
3552 4408 3656 4460 ἀπ-

393 4509 776 4569 trausgressus
807 4513 915 4558 est.
945 4501 1140 4574 Neque
1191 4505 1338 4560 enim
1377 4505 1648 4572 medicus,
1692 4509 1785 4578 qui
1821 4509 1978 4578 jubet

2083 4505 2302 4576 έχεσθαι
2346 4503 2587 4559 κελεύων
2616 4500 2995 4574 ψυχροποσίας
3036 4499 3118 4570 τῷ
3153 4501 3436 4569 κάμνοντι,
3472 4497 3653 4567 φθόνῳ

395 4603 600 4661 :rgroto
634 4603 691 4647 ut
721 4609 750 4646 a
780 4593 991 4663 frigidae
1014 4603 1145 4665 potu
1175 4597 1476 4664 abstineat,
1509 4600 1560 4655 ei
1594 4600 1848 4657 invidens
1875 4603 1979 4656 hoc

2085 4598 2412 4669 βαλλόμενος
2454 4595 2615 4651 τοῦτο
2650 4596 2828 4657 ποιεῖ,
2861 4592 2998 4646 ἀλλά
3027 4592 3126 4662 τὴν
3169 4592 3360 4660 ὑγείαν
3391 4606 3655 4661 πραγμα-

401 4683 551 4746 facit,
579 4683 674 4738 sed
699 4683 822 4754 ejus
853 4685 1147 4742 sanitatem
1192 4704 1524 4758 procurans.
1564 4692 1751 4760 Quare
1783 4693 1828 4748 si
1862 4695 1973 4759 ille,

2081 4691 2392 4761 τειρόμενος.
2425 4690 2486 4741 Εί
2515 4689 2570 4741 δὲ
2599 4690 2804 4750 ἐκεῖνος
2829 4726 2843 4752 ,
2899 4686 2973 4756 μὴ
3006 4683 3252 4754 φυλάξας
3284 4685 3383 4754 τὴν
3413 4681 3653 4752 ἐντολὴν,

400 4786 506 4824 non
534 4781 754 4828 servato
779 4769 1075 4844 prmeepto,
1098 4773 1349 4847 frigidam
1379 4793 1575 4849 aquam
1600 4781 1827 4847 biberit,
1857 4784 1976 4854 ipse

2088 4782 2382 4854 μεταλάϐοι
2402 4779 2495 4834 τοῦ
2526 4779 2739 4842 ὓδατος,
2762 4778 2925 4841 αὐτὸς
2956 4778 3258 4830 ἐπισπᾶται
3283 4776 3380 4847 τὴν
3411 4772 3616 4844 βλάϐην
3638 4788 3652 4802 ·

399 4865 464 4917 ad
519 4879 579 4919 se
635 4864 897 4920 damnum
952 4867 1185 4923 attrahit
1218 4886 1232 4923 :
1264 4869 1514 4926 medicus
1576 4880 1758 4928 autem
1823 4876 1975 4942 nulla

2079 4875 2107 4926 ὁ
2131 4873 2187 4925 δέ
2222 4889 2284 4939 γε
2315 4870 2496 4940 ἰατρὸς
2537 4869 2635 4940 τῆς
2660 4866 2996 4937 κατηγορίας
3038 4865 3350 4928 ἀνεύθυνος.
3389 4861 3447 4917 '0
3473 4862 3656 4934 μέντοι

397 4955 556 5024 culpa
597 4971 822 5029 vacuus.
861 4955 1129 5014 Dominus
1151 4976 1284 5030 ergo
1314 4960 1479 5026 Deus,
1517 4971 1571 5017 et
1617 4962 1798 5032 ipsum
1832 4965 1977 5019 Ada-

2079 4963 2355 5032 Δεσπότης
2382 4961 2536 5025 Θεὸς,
2566 4960 2659 5014 καὶ
2693 4959 2858 5012 αὐτὸν
2885 4958 2978 5012 τὸν
3033 4957 3206 5028 Ἀδάμ
3233 4997 3248 5020 ,
3283 4956 3378 5009 καὶ⁵
3415 4955 3565 5009 άπαν
3596 4952 3659 5007 τὸ

399 5065 568 5114 uuun,
596 5061 641 5104 et
693 5057 869 5104 totum
904 5050 1052 5107 illius
1093 5067 1288 5123 genus,
1317 5053 1464 5107 omni
1510 5069 1643 5109 cura
1685 5065 1740 5109 et
1797 5057 1980 5112 studio

2078 5055 2286 5108 ἐκείνου
2320 5053 2499 5122 γένος,
2537 5052 2722 5122 πάσης
2761 5049 3082 5121 ἐπιμελείας
3120 5048 3342 5119 ἠξίωσε.
3380 5047 3491 5100 Καὶ
3543 5045 3650 5108 ἵνα,

395 5139 651 5209 dignatus
675 5150 786 5197 est.
821 5142 1002 5213 Atque
1020 5149 1102 5208 ut,
1133 5144 1258 5199 aliis
1291 5143 1539 5209 utilissis,
1571 5145 1636 5199 ad
1681 5147 1732 5202 id
1765 5149 1977 5203 veniam

2077 5146 2146 5200 τά
2174 5145 2303 5201 ἄλλα
2335 5145 2514 5215 ἀφεὶς,
2548 5145 2642 5198 ἐπὶ
2671 5144 2736 5197 τὸ
2769 5141 3108 5213 κυριώτατον
3139 5141 3300 5208 ἔλθω,
3334 5140 3400 5193 δι’
3427 5141 3655 5199 ἐκεῖνον,

395 5234 540 5302 quod
571 5244 654 5289 cst
681 5235 984 5289 maximum
1011 5244 1066 5291 et
1101 5237 1471 5306 praecipuum,
1525 5248 1748 5309 propter
1800 5242 1972 5308 illum,

2083 5242 2177 5294 καὶ
2217 5238 2276 5292 τὸ
2329 5237 2540 5292 ἐκείνου
2594 5237 2751 5307 γένος
2779 5276 2793 5302 ,
2834 5238 2862 5289 ὁ
2920 5235 3218 5307 μονογενὴς
3267 5231 3655 5303 ὲνηνθρώπησε

392 5337 446 5380 et
473 5327 620 5382 illius
651 5343 844 5396 genus,
881 5326 1224 5396 unigenitum
1278 5327 1368 5383 Dei
1417 5325 1655 5385 Verbum
1684 5333 1847 5387 homo
1899 5335 1975 5386 fa-

2084 5333 2275 5401 Λὸγος,
2307 5333 2400 5384 καὶ
2425 5331 2518 5383 τοῦ
2549 5328 2782 5383 θανάτου
2813 5326 2911 5398 τὴν
2937 5324 3256 5380 δυναστείαν
3291 5325 3657 5384 κατέπαυσεν,

393 5433 539 5472 etum
575 5429 679 5481 est,
715 5425 768 5469 et
811 5416 1005 5472 mortis
1040 5417 1384 5475 dominatum
1419 5419 1600 5494 fregit,
1645 5425 1737 5494 qui
1781 5425 1848 5478 ab
1883 5427 1972 5480 illo

2085 5425 2144 5490 ἐξ
2167 5425 2377 5478 ἐκείνου
2409 5423 2506 5495 τὴν
2530 5421 2704 5493 ἀρχὴν
2730 5418 3033 5490 δεξαμένην
3057 5433 3069 5447 ·
3114 5419 3208 5472 καὶ
3236 5417 3334 5489 τὴν
3359 5416 3658 5471 ἀνάστασιν

1679 5599 1912 5658 VARUS
1953 5601 2358 5658 LliCTIONES.

474 5703 519 5734 ’³
546 5705 587 5761 Α
619 5709 915 5780 στεφένοτῖ·
1008 5710 1152 5768 "'1‘"
1184 5717 1250 5771 Ᾱσ
1295 5713 1573 5776 ς’ΠΊηυηίΙί
1607 5718 1738 5772 (τί-Μ·
1774 5720 1927 5794 εητί.
2002 5723 2044 5754 ⁸⁸
2081 5727 2120 5775 Λ
2159 5722 2266 5775 τῶν
2294 5721 2368 5792 μὴ
2397 5720 2651 5776 τοιούτων
2679 5719 2968 5793 διάκρισις.

1983 5801 2046 5812 .,.
