4074 6176
31 4263 46 4488 ἓ

437 308 538 373 1'23
1414 308 1901 370 THEODORETI
1927 300 2291 367 'EPISCOPI
2323 307 2687 367 CYRENSIS
3595 299 3698 371 124

446 420 657 494 peccati
701 420 1090 490 cognitionem,
1120 419 1216 475 sed
1253 427 1543 490 postquam
1573 419 1642 474 ab
1673 418 1764 473 illa
1798 402 2012 488 pertur-

2131 417 2217 486 τῆς
2253 417 2529 487 ἁμαρτίας
2554 434 2568 449 ο
2607 415 2745 487 μετά
2772 414 2829 470 δέ
2858 433 2920 487 γε
2948 418 3045 489 τὴν
3083 417 3292 473 παῦλαν
3320 417 3414 472 τοῦ
3461 417 3696 475 πάθους,

436 513 658 569 batione
688 511 977 579 quieverit,
1017 509 1145 564 mali
1199 518 1331 564 tunc
1359 524 1582 565 sensum
1615 508 1839 578 accipit.
1886 505 2012 562 Non

436 604 576 658 enim
601 602 738 672 quod
773 601 892 656 volo
941 601 1036 656 hoc
1066 618 1186 671 ago,
1236 601 1328 656 sed
1372 599 1512 671 quod
1560 600 1651 654 odi
1686 601 1819 654 illud
1846 601 2011 669 facio.

441 694 556 750 Hoc
589 709 620 748 a
645 694 760 764 lege
789 693 1017 764 pulchre
1041 691 1273 748 edicitur
1300 708 1314 745 :
1351 708 1548 763 nempe
1573 700 1631 746 ut
1659 692 1855 746 doceat
1883 691 2014 761 quid

440 787 513 839 sit
541 784 766 846 malum,
811 792 866 836 et
897 783 1017 851 ejus
1044 782 1231 836 odium
1272 782 1468 835 animae
1511 781 1742 835 inserat.
1786 781 1886 834 Illa
1921 795 2018 833 au—

442 886 572 935 tem.
606 874 743 945 quod
775 891 877 928 non
907 875 1042 939 volo,
1071 882 1124 927 et
1151 873 1290 944 quod
1320 873 1429 939 odi,
1463 890 1570 928 non
1605 873 2014 936 necessitatem,

442 967 538 1020 sed
576 966 1006 1021 imbecillitatem
1042 967 1377 1036 significant.
1429 965 1547 1021 Non
1578 967 1722 1021 enim
1775 965 2021 1020 necessi-

445 1065 575 1120 tate,
609 1064 702 1110 aut
738 1058 788 1111 vi
820 1058 1004 1127 aliqua
1044 1058 1264 1129 impulsi
1302 1073 1617 1128 peccamus,
1651 1057 1747 1113 sed
1794 1074 1824 1112 a
1858 1058 2019 1112 volu-

445 1158 594 1220 ptate
647 1150 863 1206 deliniti
913 1151 1148 1208 facimus
1201 1167 1322 1222 qua:
1377 1160 1437 1206 ut
1490 1151 1760 1221 ﬂagitiosa
1813 1153 2020 1206 abhor-

449 1258 657 1298 remus.

521 1332 688 1389 Vens.
725 1335 807 1390 16.
843 1334 901 1388 Si
931 1345 1106 1389 autem
1141 1336 1280 1406 quod
1311 1336 1432 1390 nolo
1463 1335 1598 1388 illud
1652 1335 1792 1403 facio
1818 1374 1832 1399 ,
1892 1350 2021 1387 con-

448 1425 618 1477 sentio
655 1423 758 1494 legi
789 1425 928 1493 quod
959 1427 1093 1477 bona
1128 1434 1228 1478 est.
1278 1424 1412 1478 Illud
1460 1426 1604 1478 enim
1636 1424 1823 1478 odium
1851 1463 1866 1487 ,
1913 1439 2024 1493 quo

451 1514 504 1566 in
539 1525 817 1582 pet-catum
855 1515 1093 1582 amcior,
1145 1531 1174 1570 a
1210 1517 1326 1586 lege
1359 1518 1570 1587 accepi.
1609 1517 1806 1589 Legem
1838 1519 2024 1588 itaque

447 1603 704 1666 defendo,
735 1614 789 1660 et
817 1621 936 1661 eam
969 1613 1118 1662 recte
1143 1607 1345 1663 habere
1383 1606 1578 1662 fateor.

2116 509 2214 578 τὴν
2241 507 2491 579 αἴσθησιν
2525 508 2740 579 δέχεται
2787 508 2881 561 τοῦ
2925 509 3113 564 κακοῦ.
3159 513 3242 565 Οὐ
3290 509 3400 580 γὰρ
3439 508 3470 564 ὃ
3520 509 3696 576 θέλω,

2117 598 2292 652 τοῦτο
2317 597 2594 667 πράσσω,
2625 601 2762 654 ἀλλ’
2791 600 2822 654 ὃ
2843 600 3002 670 μισῶ
3021 602 3086 666 ⁸⁸,
3124 603 3300 656 τοῦτο
3327 602 3496 657 ποιῶ.
3524 601 3700 657 τοῦτο

2117 689 2210 744 τοῦ
2234 691 2400 762 νόμου
2443 691 2778 763 κατόρθωμα
2799 732 2814 754 ,
2845 693 2906 746 τὸ
2945 693 3154 756 διδάξαι
3185 695 3237 747 τί
3270 694 3332 748 τὸ
3365 696 3568 760 κακὸν,
3603 697 3698 749 καὶ

2123 782 2275 850 μῖσος
2312 780 2546 835 ἐνθεῖναι
2583 785 2648 853 τῇ
2683 782 2827 854 ψυχῇ
2892 785 3021 854 περὶ
3066 784 3224 837 τοῦτο
3244 785 3306 840 θ’.
3359 785 3433 838 Τὸ
3491 785 3695 855 μέντοι,

2121 871 2152 925 6
2175 876 2247 927 οὐ
2270 873 2446 936 θέλω,
2478 875 2592 938 καὶ,
2623 873 2654 928 6
2685 874 2867 943 μισῶ,
2909 875 3008 928 οὐκ
3039 875 3366 944 ἀνάγκης⁷⁰,
3393 877 3514 950 ,ἀλλ’
3539 879 3698 931 ἀσθε-

2121 964 2267 1028 νείας
2289 963 2584 1035 δηλωτικά.
2623 964 2699 1019 Οὐ
2745 965 2852 1035 γάρ
2885 965 2976 1018 ὑπ’
3003 965 3250 1036 ἀνάγκης
3282 966 3424 1030 τινὸς
3448 968 3544 1020 καὶ
3577 967 3698 1038 βίας

2121 1055 2420 1130 ὠθούμενοι
2478 1057 2942 1128 πλημμελοῦμεν,
3006 1058 3121 1112 ἀλλ’
3186 1059 3291 1111 ὑπὸ
3345 1062 3447 1127 τῆς
3501 1059 3698 1130 ἡδονῆς

2125 1152 2577 1224 καταθελγόμενοι
2628 1152 2890 1224 ποιοῦμεν
2941 1153 3085 1223 ἆπερ
3129 1153 3204 1216 ὼς
3245 1153 3542 1225 παράνομα
3576 1153 3698 1224 βδε-

2124 1242 2280 1296 λυττό
2288 1241 2384 1312 μεθ
2392 1259 2441 1297 α.

2195 1341 2290 1399 ις’.
2322 1323 2389 1388 Ei
2423 1333 2490 1386 δὲ
2515 1334 2545 1387 ὃ
2576 1337 2649 1388 οὐ
2675 1333 2826 1388 θέλω
2861 1334 2995 1404 ἐγὼ,
3022 1334 3200 1388 τοῦτο
3225 1333 3396 1400 ποιῶ,
3423 1335 3700 1412 σύμφημι

2123 1423 2204 1490 τῷ
2237 1427 2417 1493 νόμῳ,
2455 1424 2541 1477 ὅτι
2579 1425 2784 1491 καλός.
2821 1425 2960 1478 Δὺτδ
3014 1425 3122 1495 γάρ
3168 1423 3229 1477 τὸ
3278 1427 3456 1494 μῖσος,
3497 1424 3524 1476 6
3571 1424 3700 1495 περὶ

2124 1515 2221 1585 τὴν
2269 1515 2542 1586 ἁμαρτίαν
2587 1514 2736 1585 ἔχω,
2787 1516 2938 1587 παρὰ
2991 1515 3083 1568 τοῦ
3137 1515 3304 1586 νόμου
3339 1514 3520 1570 λαϐὼν
3567 1515 3694 1585 ἔχω.

2127 1605 2334 1660 Οὐκοῦν
2367 1606 2652 1678 συνηγορῶ
2674 1607 2750 1676 τῷ
2780 1607 2950 1678 νόμῳ,
2989 1607 3082 1660 καὶ
3112 1603 3168 1660 εὖ
3204 1607 3362 1660 αὑτὸν
3397 1605 3540 1676 ἔχειν
3564 1605 3698 1676 ὁμο·-

2125 1697 2288 1766 λογῶ.

525 1780 688 1836 Vens.
725 1783 808 1836 17.
851 1780 1006 1835 Nunc
1037 1791 1212 1836 autem
1233 1784 1351 1852 jam
1383 1799 1486 1838 non
1521 1801 1614 1855 ego
1653 1802 1840 1854 operor
1863 1787 2022 1853 illud,

2201 1791 2289 1854 ιζ’.
2339 1790 2489 1844 Νυνὶ
2532 1789 2600 1842 δὲ
2646 1788 2848 1843 οὐκέτι
2910 1789 3025 1859 ἐγὼ
3064 1771 3700 1860 κατερῖσάζομαιάὺτὸ,

453 1872 544 1929 sed
569 1873 706 1940 quod
736 1875 942 1927 habitat
972 1876 1023 1928 in
1057 1893 1138 1930 me
1165 1888 1456 1946 peccatum.
1493 1877 1617 1932 Haec
1650 1880 2028 1934 deelaratione

452 1970 509 2016 et
543 1963 796 2032 pluribus
835 1966 1016 2020 verbis
1067 1966 1332 2037 indigent.
1369 1968 1580 2038 Corpus
1623 1971 1852 2024 mortale
1895 1970 2027 2025 οσο-

451 2061 603 2108 ctutn
643 2067 762 2124 post
819 2057 1080 2128 pra'cepti
1137 2061 1663 2130 transgressionem,
1699 2062 1866 2116 animi
1910 2078 2031 2117 mo-

455 2153 544 2200 tus
573 2154 627 2200 et
670 2146 990 2203 all‘ectiones
1035 2151 1302 2220 suscepit.
1338 2151 1453 2206 Sub
1487 2153 1572 2206 his
1599 2154 1748 2208 enim
1787 2171 2030 2224 praesens

455 2237 566 2289 vita
593 2239 865 2293 subsistit.
901 2238 1035 2310 Eget
1063 2243 1210 2295 enim
1255 2245 1560 2313 cupiditate
1587 2286 1599 2307 ,
1637 2262 1745 2299 non
1782 2247 2026 2301 alimenti

454 2337 664 2381 tantum
703 2345 873 2383 causa
896 2371 910 2394 ,
959 2332 1050 2385 sed
1085 2342 1139 2386 ct
1168 2333 1465 2388 liberorum
1501 2340 1903 2405 procreationis
1926 2381 1939 2404 ,
1975 2349 2030 2395 et

450 2418 821 2487 agriculturm,
839 2429 893 2474 et
911 2420 1140 2474 aliarum
1157 2421 1264 2491 77
1284 2423 1482 2475 artium
1506 2426 1700 2493 gratia.
1725 2425 1850 2480 Ha'c
1879 2427 2026 2480 enim

452 2511 499 2564 si
531 2526 641 2564 non
676 2523 822 2565 esset
845 2551 860 2572 ,
911 2513 1049 2566 nihil
1081 2514 1279 2566 horum
1313 2515 1667 2570 consisteret.
1707 2517 1829 2571 llarc
1869 2518 2030 2573 nobis

453 2603 615 2656 etiam
649 2604 716 2656 ad
747 2604 912 2658 vitam
938 2619 1000 2659 ex
1054 2606 1258 2660 virtute
1308 2606 1698 2662 instituendam
1740 2610 2025 2665 conducit.

453 2692 559 2759 Qui
598 2694 742 2749 enim
767 2709 884 2750 eam
929 2710 1038 2750 non
1075 2696 1384 2762 desiderat,
1424 2699 1642 2754 labores
1691 2702 1810 2770 ejus
1861 2719 2030 2757 causa

455 2785 840 2856 suscipiendos
876 2803 984 2842 non
1033 2789 1250 2844 tolerat.
1289 2790 1411 2859 Ipsa
1443 2808 1664 2861 quoque
1698 2795 1857 2849 nobis
1890 2796 2032 2848 divi-

454 2891 586 2930 num
629 2892 873 2931 amorem
925 2878 1139 2932 inserit.
1191 2878 1480 2948 Cupiditas
1533 2881 1715 2952 itaque
1749 2884 2030 2940 moderata

454 2964 524 3019 ad
565 2981 654 3020 res
684 2966 859 3022 bonas
892 2977 943 3022 et
974 2969 1239 3024 honestas
1292 2972 1513 3038 adjuvat
1545 2991 1559 3040 ;
1592 2975 1813 3027 modum
1848 2984 2028 3032 autem

454 3058 729 3111 excedens
774 3057 1256 3127 intemperantiam
1307 3061 1540 3116 inducit.
1593 3064 1716 3119 Haec
1748 3067 1930 3132 enim,
1970 3076 2029 3122 ut

455 3153 512 3201 et
539 3147 734 3202 alienis
770 3150 982 3218 nuptiis
1012 3150 1226 3206 insidiae
1259 3165 1540 3222 parentur,
1577 3163 1631 3209 et
1664 3173 1785 3226 quo:
1821 3159 1886 3212 ad
1929 3175 2030 3214 nos

458 3251 570 3292 non
605 3239 882 3308 pertinent
916 3250 1267 3311 appetantur,
1310 3254 1362 3300 et
1412 3245 1700 3300 latrocinia
1731 3263 2032 3304 exercean-

457 3336 572 3393 tur,
610 3338 666 3385 et
721 3333 972 3401 sepulcra
1000 3334 1368 3399 ell‘udiantur,
1403 3346 1457 3392 et
1499 3338 1675 3395 caedes
1711 3349 2034 3411 perpetreu-

458 3430 570 3488 tur,
603 3430 658 3476 et
682 3422 951 3491 ejusmodi
985 3426 1089 3479 alia
1123 3426 1276 3492 ﬁant,
1307 3427 1489 3484 eﬂicit.
1533 3428 1598 3483 Et
1641 3431 1765 3487 ideo
1802 3435 2032 3488 univer-

459 3527 646 3568 sorum
678 3512 818 3568 Deus
853 3515 987 3569 iram
1035 3516 1112 3571 illi
1156 3517 1408 3586 adjunxit
1433 3561 1447 3584 ,
1505 3529 1562 3574 ut
1590 3522 1736 3578 illius
1773 3523 2034 3579 immode—

457 3603 729 3659 rationem
769 3607 1115 3675 reprimeret.
1154 3610 1329 3664 liabet
1372 3621 1550 3666 tamen
1581 3622 1634 3668 et
1666 3615 1772 3668 ista
1813 3631 2034 3686 quoque

458 3710 601 3764 opus
648 3697 869 3766 aliquo,
903 3699 994 3768 qui
1025 3701 1146 3768 ejus
1199 3702 1668 3761 insatiabilitatem
1722 3709 2030 3778 prohibeat.

463 3786 620 3842 Sicut
670 3805 800 3859 ergo
850 3791 898 3846 ei
945 3793 1092 3862 quod
1140 3803 1225 3849 est
1268 3797 1434 3853 nimis
1484 3797 1741 3868 frigidum
1793 3803 2031 3858 calidum

461 3879 856 3946 admiseemus,
887 3892 942 3938 et
971 3901 1167 3939 rursus
1201 3888 1364 3941 nimis
1388 3889 1623 3943 calidum
1662 3890 1858 3962 [rigido
1891 3902 2033 3948 tem-

458 3983 722 4036 peramus
754 3990 767 4024 :
803 3972 876 4025 ita
909 3983 1124 4029 creator
1157 3975 1300 4030 Deus
1337 3977 1418 4032 his
1463 3978 1677 4036 duabus
1710 3983 1879 4036 animi
1911 3999 2035 4052 per-

460 4059 906 4125 turbationibus,
966 4079 1087 4132 quae
1136 4074 1264 4119 sunt
1315 4067 1456 4121 inter
1508 4085 1567 4124 se
1645 4085 1718 4125 ex
1762 4073 2035 4128 diametro

459 4153 779 4220 contrarize,
811 4159 827 4176 ‘
849 4155 1010 4211 nobis
1035 4157 1240 4225 insitis,
1273 4158 1464 4214 docuit
1494 4161 1724 4218 alterius
1758 4181 1853 4234 per
1893 4167 2032 4222 alte-

463 4257 579 4296 ram
603 4244 828 4299 nimium
847 4262 1138 4304 excessum
1161 4251 1458 4322 corrigere.
1481 4251 1574 4308 Eis
1595 4255 1740 4309 enim
1770 4268 2032 4328 mentem,

459 4340 723 4402 tanquam
774 4336 932 4404 equis
980 4338 1267 4409 aurigam,
1321 4342 1604 4412 prml‘ecit,
1643 4352 1697 4400 et
1752 4349 2037 4405 servitutis

2130 1880 2266 1935 ἀλλ’
2298 1881 2335 1948 ἡ
2372 1879 2623 1950 οἰκοῦσα
2649 1877 2718 1931 ἐν
2745 1878 2873 1948 ἐμοὶ
2899 1879 3170 1948 ἁμαρτία.
3220 1879 3524 1950 Σαφηνείας
3543 1878 3700 1932 τοῦτο

2129 1971 2296 2024 δεῖται
2318 2009 2332 2031 ,
2366 1969 2461 2023 καὶ
2492 1968 2666 2037 λόγων
2707 1967 2992 2021 πλειόνων.
3023 1968 3226 2039 Θνητδν
3265 1969 3323 2020 τὸ
3350 1969 3506 2038 σῶμα
3546 1969 3702 2035 γενό·

2135 2077 2292 2131 μενον
2325 2061 2462 2129 μετά
2496 2059 2592 2130 τὴν
2636 2058 2946 2131 παράϐασιν
2979 2059 3078 2128 τῆς
3106 2059 3362 2129 ἐντολῆς,
3403 2059 3703 2125 ὑπεδέξατο

2130 2157 2197 2206 τά
2227 2151 2543 2222 παθήματα.
2578 2151 2677 2204 Διά
2700 2151 2906 2205 τούτων
2933 2151 3042 2222 γάρ
3073 2150 3140 2204 τά
3175 2152 3316 2205 κατά
3345 2150 3436 2204 τὸν
3459 2151 3704 2222 παρόντα

2134 2245 2426 2314 συνέστηκε
2469 2243 2602 2314 βίον.
2641 2246 2820 2296 Δεῖται
2870 2243 2978 2314 γάρ
3024 2243 3350 2312 ἐπιθυμίας,
3391 2244 3452 2296 οὐ
3495 2243 3704 2313 τροφῆς

2129 2336 2290 2390 ἓνεκα
2319 2337 2476 2406 μόνον
2502 2375 2516 2399 ,
2561 2335 2697 2389 ἀλλά
2725 2337 2818 2390 καὶ
2869 2334 3211 2398 παιδοποιίας
3231 2376 3245 2397 ,
3291 2335 3385 2387 καὶ
3412 2333 3698 2405 γηπονίας,

2130 2431 2225 2482 καὶ
2248 2429 2354 2481 τῶν
2381 2428 2552 2481 ἄλλων
2579 2429 2736 2499 χάριν
2756 2427 2981 2497 τεχνῶν.
3009 2426 3224 2497 Ταύτης
3250 2426 3356 2496 γάρ
3380 2428 3480 2492 οὐκ
3507 2425 3695 2495 οὔσης,

2131 2521 2282 2573 οὐδὲν
2318 2519 2521 2574 τούτων
2571 2520 2920 2589 συνέστηκεν.
2976 2518 3123 2589 Αὕτη
3178 2520 3307 2587 ἡμῖν
3345 2518 3438 2570 καὶ
3486 2517 3564 2580 εἰς
3602 2516 3702 2588 τὴν

2130 2613 2228 2682 τῆς
2262 2612 2462 2682 ἀρετῆς
2489 2611 2827 2682 κατόρθωσιν
2854 2611 3115 2665 συντελεῖ.
3162 2611 3218 2663 ’0
3248 2609 3354 2680 γάρ
3381 2609 3455 2680 μὴ
3485 2609 3704 2678 ἐφιέμε-

2130 2721 2217 2765 νος
2250 2704 2473 2773 ταύτης,
2503 2703 2611 2754 τῶν
2649 2703 2790 2773 ὑπὲρ
2828 2701 3032 2773 ταύτης
3074 2701 3173 2755 οὐκ
3208 2701 3465 2771 ἀνέχεται
3501 2700 3700 2752 πόνων.

2130 2794 2278 2864 Αὕτη
2306 2796 2400 2848 καὶ
2431 2794 2522 2848 τὸν
2557 2794 2702 2848 θεῖον
2733 2796 2861 2865 ἡμῖν
2891 2792 3242 2863 ἐξεργάζεται
3274 2793 3454 2845 πόθον.
3508 2791 3572 2843 Ἦ
3605 2790 3704 2861 μὲν

2129 2882 2223 2940 οὖν
2271 2889 2582 2957 συμμετρία
2638 2885 2736 2954 τῆς
2790 2884 3087 2955 ἐπιθυμίας
3139 2882 3248 2936 τῶν
3311 2879 3532 2950 ἀγαθῶν
3591 2881 3706 2933 ἐστι

2132 2977 2392 3048 συνεργός
2414 2993 2429 3009 ο
2463 2980 2496 3048 ἡ
2525 2977 2580 3030 δὲ
2615 2975 2818 3047 ταύτης
2865 2975 3104 3048 ἀμετρία
3137 2975 3236 3046 τὴν
3269 2973 3563 3029 ἀκολασίαν
3594 2974 3706 3026 εἱσ-

2135 3070 2275 3138 άγει.
2307 3068 2453 3140 Αὕτη
2479 3071 2586 3141 γάρ
2616 3069 2709 3123 καὶ
2739 3069 2939 3138 γάμοις
2969 3066 3271 3139 ἀλλοτρίοις
3305 3064 3706 3132 ἐπιϐουλεύειν,

2137 3159 2229 3211 καὶ
2267 3158 2375 3210 τῶν
2423 3157 2484 3210 οὐ
2533 3157 2920 3228 προσηκόντων
2951 3155 3240 3225 ἐφίεσθαι,
3276 3155 3372 3209 καὶ
3404 3153 3707 3226 λῃστεύειν,

2134 3249 2228 3301 καὶ
2271 3249 2471 3317 τάφους
2512 3247 2795 3321 ὀρύττειν,
2841 3247 2932 3301 καὶ
2981 3246 3291 3318 μιαιφονίας
3342 3247 3706 3316 κατατολμᾷν,

2135 3341 2229 3395 καὶ
2259 3341 2424 3396 τᾶλλα
2461 3341 2527 3394 τά
2561 3341 2784 3394 τοιαῦτα
2819 3338 3230 3410 παρασκευάζει
3265 3341 3462 3392 ποιεῖν.
3495 3339 3593 3392 Διά
3626 3354 3707 3390 τοι

2133 3432 2291 3486 τοῦτο
2339 3433 2650 3498 συνέζευξεν
2677 3433 2812 3502 αὐτῇ
2841 3431 2931 3484 τὸν
2979 3431 3150 3502 θυμὸν
3175 3433 3202 3484 6
3231 3430 3336 3484 τῶν
3371 3431 3510 3484 ὅλων
3551 3429 3706 3493 Θεὸς,

2134 3525 2200 3578 ἵν’
2227 3525 2397 3594 αὐτῆς
2431 3524 2722 3595 ἀναστείλῃ
2767 3525 2866 3595 τὴν
2917 3523 3206 3594 ἀμετρίαν.
3263 3525 3445 3575 Δείται
3473 3523 3529 3576 δὲ
3559 3523 3706 3592 ὅμως

2135 3615 2228 3668 καὶ
2255 3607 2408 3678 οὗτος
2441 3615 2534 3668 τοῦ
2581 3615 2684 3686 τὴν
2731 3615 3037 3685 ἀπληστίαν
3080 3613 3403 3678 κωλύοντος.
3440 3613 3709 3683 Καθάπερ

2133 3707 2310 3760 τοίνυν
2337 3707 2414 3776 τῷ
2445 3707 2580 3774 ἄγαν
2614 3705 2805 3776 ψυχρῷ
2848 3706 3187 3777 κεράννυμεν
3223 3706 3281 3758 τὸ
3324 3705 3534 3774 θερμὸν
3557 3745 3571 3770 ,
3616 3704 3709 3757 καὶ

2136 3791 2202 3851 αὗ
2234 3799 2397 3851 πάλιν
2445 3799 2506 3850 τὸ
2554 3799 2690 3867 ἄγαν
2742 3798 2948 3869 ψυχρὸν
2999 3799 3299 3866 κολάζομεν
3351 3795 3428 3866 τῷ
3481 3795 3707 3866 θερμῷο

2135 3890 2305 3954 οὕτως
2355 3893 2382 3943 6
2431 3891 2839 3961 δημιουργήσας
2887 3888 3018 3951 Θεὸς
3087 3888 3258 3950 ἐνθεὶς
3311 3889 3444 3958 ἡμῖν
3493 3886 3562 3938 τὰ
3619 3883 3711 3938 δύο

2136 3981 2305 4034 ταῦτα
2344 3981 2658 4051 παθήματα,
2694 3979 2914 4033 ἐναντία
2958 3979 3086 4032 ὅντα
3118 3978 3368 4047 ἀλληλοις
3403 3980 3467 4030 ἐκ
3513 3975 3710 4046 διαμε-

2136 4090 2303 4144 τρου,
2348 4072 2439 4125 τοῦ
2474 4073 2660 4142 ἐτέρου
2715 4072 2962 4136 κολάζειν
3017 4072 3104 4125 διά
3143 4070 3369 4140 θατέρου
3428 4069 3526 4139 τὴν
3577 4070 3713 4138 άμε-

2135 4165 2292 4235 τρίαν
2338 4163 2595 4229 ἐδίδαξεν.
2661 4164 2957 4234 Ἑπέστησε
3013 4162 3122 4236 γάρ
3167 4164 3349 4226 αὐτοῖς
3396 4161 3488 4215 τὸν
3543 4159 3666 4212 νοῦν
3694 4198 3708 4220 ,

2138 4257 2391 4327 καθάπερ
2430 4258 2540 4310 τισὶ
2572 4254 2773 4319 πώλοις
2807 4256 3047 4326 ἡνίοχον,
3084 4255 3178 4308 καὶ
3211 4254 3484 4325 ἐπέθηκεν
3528 4253 3712 4316 αὐτοῖς

2137 4350 2226 4402 τὸν
2258 4351 2355 4420 τῆς
2400 4348 2641 4413 δουλείας
2670 4349 2864 4418 ζυγὸν,
2911 4349 3039 4412 ἴσως
3087 4349 3276 4418 φέρειν
3321 4345 3710 4417 νομοθετήσας.

461 4423 574 4478 illis
597 4424 789 4495 jugum
814 4427 1098 4498 imposuit,
1124 4433 1411 4502 atqualiter
1435 4435 1487 4489 id
1515 4433 1660 4490 ferre
1687 4438 2028 4506 praecipiens.

2147 4441 2207 4494 Εί
2235 4440 2292 4493 δέ
2328 4457 2455 4493 ποτε
2492 4440 2732 4510 συμϐαίη
2760 4440 2904 4511 πέρα
2928 4438 3021 4492 τοῦ
3053 4438 3254 4509 μέτρου
3288 4438 3386 4508 τὴν
3417 4435 3712 4505 ἐπιθυμίαν

459 4513 620 4580 Quod
657 4516 700 4569 si
731 4519 951 4585 quando
978 4523 1210 4586 eveniat,
1238 4533 1297 4578 ut
1331 4526 1602 4596 cupiditas
1633 4528 1775 4582 ultra
1808 4530 2029 4583 modum

463 4607 767 4675 procedat,
808 4610 974 4679 jussit
1026 4612 1161 4666 iram
1210 4629 1484 4688 pungere,
1542 4627 1600 4672 ut
1638 4634 1702 4675 ea
1753 4623 2033 4677 concitala

461 4696 650 4768 iugum
683 4715 880 4756 rursus
915 4703 1123 4772 aequale
1152 4713 1378 4762 statuat.
1419 4709 1574 4777 Quod
1608 4713 1652 4766 si
1685 4713 1800 4769 haec
1835 4731 2033 4771 rursus

463 4789 694 4846 nimium
749 4793 1162 4864 progrediatur,
1202 4798 1360 4865 jubet
1431 4816 1626 4857 rursus
1675 4805 2030 4876 cupiditatem

462 4881 712 4946 moveri,
761 4891 816 4936 et
865 4883 961 4939 ira:
1008 4899 1298 4940 excessum
1335 4890 1629 4959 castigare.
1665 4892 1816 4950 Mens
1848 4896 2034 4965 itaque

462 4969 651 5025 sobria
681 5009 697 5036 ,
746 4981 801 5028 et
831 4976 1091 5044 sapiens,
1144 4976 1248 5032 hoc
1298 4980 1460 5034 modo
1492 4981 1650 5051 regit.
1695 4984 1764 5037 At
1810 4984 1856 5038 si
1916 4985 2039 5054 ipsa

463 5062 747 5133 negligens
777 5067 1015 5120 evaserit
1101 5075 1156 5120 et
1191 5068 1431 5126 habenas
1468 5071 1791 5140 reliquerit,
1823 5079 1881 5126 ut
1909 5074 2032 5143 equi

464 5150 685 5217 quidem
714 5153 975 5208 exsiliant
1016 5153 1218 5218 edicit,
1259 5157 1376 5226 ipsa
1422 5165 1608 5213 autem
1649 5160 1888 5214 trahitur
1914 5202 1928 5226 ,
1978 5170 2035 5217 et

464 5255 573 5295 una
604 5256 728 5296 cum
760 5243 896 5313 ipsis
936 5247 990 5300 in
1024 5248 1308 5319 voragines
1346 5256 1400 5303 et
1450 5252 1749 5322 praecipitia
1798 5253 2034 5309 corruit.

466 5328 583 5386 lloc
614 5329 834 5388 divinus
861 5334 1157 5402 Apostolus
1190 5338 1275 5393 hic
1305 5339 1442 5395 dixit
1478 5361 1490 5395 :
1517 5341 1668 5397 Nunc
1700 5354 1876 5398 autem
1912 5347 2030 5414 jam

536 5476 565 5507 ν
606 5465 762 5523 liom.
799 5483 893 5534 Ill,
922 5469 1009 5522 20.

1779 5622 1865 5674 VA
1873 5620 1933 5673 ιιι

2141 4528 2437 4600 προκύψαι,
2478 4529 2688 4582 νύττειν
2718 4529 2971 4582 ἐκέλευσε
3001 4530 3089 4580 τὸν
3124 4527 3314 4598 θυμόν·
3343 4527 3428 4578 ἵνα
3459 4525 3709 4594 ὁρμήσας

2141 4616 2319 4686 οὗτος,
2356 4622 2469 4674 ἴσον
2499 4621 2661 4674 πάλιν
2691 4621 2996 4691 ἐργάσηται
3021 4621 3112 4672 τὸν
3139 4615 3324 4687 ζυγόν.
3370 4619 3433 4671 Ei
3480 4616 3535 4669 δὲ
3561 4611 3715 4678 οὗτος

2139 4713 2347 4780 δέξαιτο
2374 4714 2472 4785 τῆς
2498 4712 2766 4783 ἀμετρίας
2797 4712 2857 4765 τὸ
2888 4710 3080 4774 πάθος,
3105 4710 3202 4782 τὴν
3229 4709 3521 4778 ἐπιθυμίαν
3553 4706 3716 4760 πάλιν

2140 4804 2406 4857 κινεῖσθαι
2441 4805 2774 4875 παρεγγυᾷ,
2822 4805 2917 4857 καὶ
2950 4803 3044 4857 τοῦ
3099 4802 3270 4873 θυμοῦ
3319 4801 3418 4871 τὴν
3449 4799 3715 4872 ἀμετρίαν

2142 4896 2410 4959 κολάζειν.
2462 4897 2666 4965 Νὴφων
2721 4896 2819 4966 μὲν
2853 4893 2947 4950 οὖν
2987 4897 3014 4949 6
3045 4896 3201 4960 νοῦς,
3252 4894 3342 4948 καὶ
3397 4893 3714 4962 σωφρονῶν,

2134 4987 2320 5041 τοῦτον
2371 4989 2535 5041 ἰθύνει
2582 4989 2672 5041 τὸν
2708 4989 2927 5059 τρόπον.
2978 4988 3284 5058 ’Δμελήσας
3317 4986 3394 5049 δὲ,
3431 4986 3524 5039 καὶ
3555 5001 3717 5038 κατα-

2135 5076 2307 5130 λιπὼν
2338 5077 2435 5141 τάς
2483 5078 2671 5148 ηνίας,
2723 5081 2950 5150 σκιρτᾷν
2997 5080 3095 5148 μὲν
3122 5079 3249 5141 τοὺς
3290 5075 3504 5137 πώλους
3541 5090 3716 5144 παρα-

2139 5167 2428 5232 σκευάζειο
2460 5167 2682 5239 σύρεται
2723 5167 2780 5222 δὲ
2834 5168 3032 5232 αὐτὸς,
3071 5167 3166 5220 καλ⁸
3201 5167 3282 5230 είς
3328 5164 3583 5236 βάραθρα
3623 5162 3717 5214 καὶ

2137 5259 2414 5328 κρημνοὺς
2466 5260 2564 5313 σὺν
2609 5260 2795 5323 αὐτοῖς
2856 5257 3210 5312 καταπίπτει.
3270 5255 3441 5310 Τοῦτο
3482 5251 3718 5308 ἐνταῦθα
3817 5269 3837 5288 υ

2139 5351 2168 5401 6
2194 5349 2336 5415 θεῖος
2398 5351 2723 5414 ’Λποστολος
2771 5351 2957 5422 εἴρηκε
2990 5369 3001 5382 ·
3036 5350 3185 5405 Νυνὶ
3244 5349 3311 5402 δὲ
3363 5348 3566 5403 οὐκέτι
3601 5342 3718 5414 ἐγὼ

2063 5619 2461 5675 LECTIONES.

541 5689 588 5720 δ’
615 5702 654 5750 Α
695 5701 756 5752 οὐ
794 5702 945 5756 θέλω.
1055 5714 1099 5745 ω
1133 5708 1178 5760 Α
1209 5711 1350 5766 κατά
1373 5711 1589 5767 τούτου.
1686 5714 1730 5746 ⁷⁸⁵
1767 5713 1803 5764 Β
1830 5714 1887 5764 οὐ
1921 5714 2037 5764 κατ’
2073 5713 2341 5780 ἀνάγκης.
