4074 6176
318 292 423 360 1Ξ5

1128 299 1739 359 ΙΝΤΕΒΡΗΕΤΑΤΙΟ
1777 301 2014 362 EPIST.
2059 305 2157 364 AD
2194 305 2375 366 ROM.
2418 309 2575 369 CAP.
2619 311 2750 370 VII.

3464 313 3567 380 1‘26

315 405 739 476 κατερπήζομαι
793 406 968 472 αὐτὸ,
1044 409 1184 462 ἀλλ’
1238 411 1276 477 vi
1329 409 1582 464 οικοῦσα
1641 410 1711 464 έν
1765 411 1893 481 ἐμοὶ

1997 431 2098 468 non
2134 432 2224 486 ego
2265 433 2452 485 operor
2481 417 2637 481 illud,
2675 421 2786 490 78
2823 421 2913 474 sed
2938 422 3076 491 quod
3103 421 3364 476 inhabitat
3400 423 3454 478 in
3483 442 3565 478 me

316 497 604 567 ἁμαρτίαο
649 497 922 567 ἁμαρτίαν
961 497 1140 551 καλῶν
1185 498 1280 551 τοῦ
1342 499 1434 552 νοῦ
1489 499 1586 570 τὴν
1622 501 1890 566 δουλείαν,

316 595 416 646 καὶ
440 589 550 644 τῶν
594 587 784 642 παθῶν
825 588 924 660 τὴν
956 588 1292 643 δεσποτείαν.
1345 591 1458 645 Καὶ
1493 593 1656 655 αὐτὸς
1703 592 1802 662 μὲν
1829 593 1890 646 ού

319 680 752 752 κατεργάζεται,
783 679 970 750 ἐπειδὴ
1015 685 1168 751 μισεί
1204 682 1265 735 τὸ
1295 683 1580 753 γινομενον
1603 701 1617 714 °
1644 686 1676 754 ὴ
1699 684 1754 737 δὲ
1783 685 1894 738 τῶν

317 773 504 826 παθῶν
534 769 822 824 δυναστεία
857 771 1061 842 ταύτην
1091 771 1204 840 ἔχει
1239 774 1336 844 τὴν
1369 772 1590 844 πρᾶξιν.

387 971 477 1036 ιη’.
522 961 666 1018 Οἶδα
696 963 804 1032 τὰρ
830 962 920 1017 ὅτι
951 965 1063 1017 οὐκ
1105 962 1260 1017 οικεῒ
1285 964 1357 1016 ἐν
1388 964 1536 1034 ἐμοὶ,
1575 965 1893 1021 τουτέστιν

314 1059 384 1112 ἐν
420 1055 494 1124 τῇ
532 1057 716 1124 σαρκί
753 1072 894 1124 μου,
936 1056 1179 1124 ἀγαθόν.
1217 1056 1338 1108 Τῶν
1379 1057 1568 1111 παθῶν
1607 1057 1754 1126 λέγει
1791 1059 1891 1128 τὴν

315 1149 687 1220 ἐπικράτειαν,
727 1147 762 1201 ἆ
794 1147 1131 1218 ἐπεισήγαγε
1164 1147 1262 1216 μὲν
1302 1147 1490 1219 θνητὸν
1518 1149 1581 1202 τὸ
1606 1149 1764 1221 σῶμα
1796 1168 1891 1220 γε-

317 1241 636 1312 γενημένον,
684 1239 890 1310 ηὔξησε
927 1239 984 1292 δὲ
1025 1240 1058 1310 ὴ
1090 1238 1184 1292 τοῦ
1224 1239 1318 1294 νοῦ
1353 1241 1615 1312 ῥᾳθυμία.
1668 1243 1736 1297 Τὸ
1781 1242 1888 1314 γὰρ

317 1334 514 1388 θέλειν
559 1331 911 1402 παρακειταί
933 1350 1054 1402 μοι.
1104 1332 1171 1385 τὸ
1215 1333 1282 1385 δὲ
1325 1333 1778 1404 κατεργάζεσθαι
1823 1335 1888 1387 τὸ

317 1422 507 1476 καλὸν
530 1423 642 1490 οὐκ
676 1423 954 1489 εὑρίσκω.
988 1421 1098 1492 Τὴν
1127 1421 1234 1492 γὰρ
1265 1423 1392 1490 περὶ
1421 1423 1488 1475 τὰ
1520 1423 1658 1476 καλὰ
1692 1423 1892 1493 προθυ-

317 1513 446 1584 μίαν
491 1513 597 1566 ἀπὸ
628 1513 726 1582 τῆς
769 1510 862 1564 τοῦ
908 1513 1074 1583 νόμου
1116 1511 1462 1574 διδασκαλίας
1510 1513 1846 1581 προσέλαϐον
1875 1529 1888 1543 ·

311 1604 520 1658 ἀσθενῶ
548 1605 605 1657 δὲ
634 1607 783 1675 ὅμως
813 1605 942 1674 περὶ
966 1604 1064 1676 τὴν
1092 1603 1312 1674 πρᾶξιν,
1345 1603 1538 1673 ἑτέραν
1571 1604 1891 1675 ἐπικουρίαν

311 1694 411 1748 ούκ
439 1694 596 1765 ἔχων.

390 1806 476 1868 ιθθ,
504 1813 570 1860 κ’.
621 1807 704 1859 Οὐ
746 1804 854 1874 γὰρ
906 1803 938 1856 ὃ
987 1801 1160 1866 θέλω,
1197 1800 1344 1856 ποιῶ
1379 1802 1625 1871 ἀγαθὸν,
1671 1803 1809 1857 ἀλλ’
1853 1803 1884 1856 ὂ

305 1897 464 1969 μισῶ
490 1897 698 1961 κακὸν,
728 1897 904 1950 τοῦτο
928 1893 1200 1964 πράσσω.
1229 1895 1297 1948 Et
1322 1893 1390 1946 δὲ
1413 1893 1443 1947 ὃ
1477 1897 1550 1949 οὐ
1571 1895 1722 1950 θέλω
1746 1894 1882 1964 ἐγὼ,

308 1991 486 2046 τοῦτο
524 1989 692 2051 ποιῶ,
729 1987 931 2041 οὐκέτι
953 1987 1066 2057 ἐγὼ
1091 1985 1507 2055 κατεργάζομαι
1543 1987 1710 2047 αὐτὸ.
1743 1989 1882 2042 ἀλλ’

307 2083 347 2151 ἡ
388 2081 643 2136 οἰκοῦσα
679 2079 750 2133 ἐν
775 2079 903 2148 ἐμοὶ
938 2079 1212 2148 ἁμαρτία.
1264 2079 1603 2148 Σαφέστερον
1644 2080 1775 2132 αὐτὸ
1807 2080 1883 2133 εῐ-

313 2189 498 2244 ρηκεν.

381 2290 486 2338 κα’.
527 2284 804 2352 Εὑρίσκω
838 2284 952 2352 ἄρα
983 2283 1092 2337 τὸν
1128 2283 1318 2352 νόμον
1359 2281 1440 2348 τῷ
1476 2283 1711 2337 θέλοντι
1755 2284 1884 2352 ἐμοὶ

312 2373 504 2429 ποιεῖν
531 2375 596 2428 τὸ
624 2377 835 2430 καλόν.
867 2377 1132 2430 Ἐνταῦθα
1159 2378 1240 2430 δεῖ
1273 2376 1471 2442 στίξαι.
1505 2377 1631 2428 Ὅτι
1660 2376 1789 2444 ἐμοὶ
1819 2376 1884 2430 τὸ

310 2467 500 2520 κακὸν
522 2466 890 2534 παράκειται.
924 2466 1092 2521 Πάλιν
1138 2467 1228 2520 διὰ
1271 2467 1369 2538 τὴν
1414 2468 1704 2537 συντομίαν
1750 2469 1883 2521 ἀσα-

309 2558 424 2628 φῶς
445 2558 576 2612 αὐτὸ
601 2557 810 2612 τέθεικε
829 2573 844 2590 ’
873 2559 1020 2627 λέγει
1049 2559 1127 2624 δὲ,
1167 2561 1246 2613 ὅτι
1279 2561 1389 2614 Καὶ
1416 2562 1444 2613 ὁ
1473 2560 1632 2630 νόμος
1667 2577 1755 2631 μοι
1785 2578 1884 2613 κα-

304 2649 481 2713 λὸς⁷⁰⁶
512 2645 648 2702 εἶναι
677 2649 840 2703 δοκεῖ.
872 2650 1110 2703 Ἐπαινῶ
1151 2649 1260 2719 γὰρ
1287 2649 1357 2703 τὰ
1386 2651 1477 2704 ὑπ’
1507 2651 1672 2705 αὐτοῦ
1703 2652 1884 2722 διηγο-

308 2741 564 2812 ρευμένα,
614 2740 690 2804 ὡς
718 2737 776 2794 εὖ
808 2741 1019 2811 ἔχοντα,
1069 2742 1168 2795 καὶ
1196 2743 1395 2813 ὁμοίως
1435 2743 1583 2813 αύτῷ
1603 2744 1671 2808 τι,
1692 2746 1786 2797 καὶ
1815 2745 1883 2798 τὰ

287 2831 450 2886 ,καλὰ
483 2831 642 2900 φιλῶ.
695 2833 789 2885 καὶ¹
816 2832 1078 2886 τάναντία
1113 2833 1256 2902 μισῶ
1285 2849 1298 2863 ’
1351 2833 1466 2886 ἀλλ’
1493 2834 1640 2902 ὅμως
1673 2834 1797 2902 ἐμοὶ
1825 2836 1883 2888 τὸ

304 2921 474 2976 κακὸν
519 2923 886 2993 παράκειται,
933 2923 1212 2976 τουτέστιν
1255 2926 1288 2994 ἠ
1329 2925 1590 2996 ἁμαρτία,
1621 2925 1711 2978 διά
1738 2942 1796 2977 τε
1825 2927 1884 2978 τὸ

303 3013 497 3084 θνητον
537 3012 682 3082 ἔχειν
711 3012 773 3066 τὸ
804 3013 965 3084 σῶμα
1016 3014 1106 3066 καὶ
1147 3013 1409 3084 παθητὸν,
1460 3015 1554 3067 καὶ
1601 3015 1758 3085 silv"
1788 3016 1886 3085 τῆς

1993 517 2261 574 peccatum
2285 547 2301 572 ,
2351 519 2634 578 peccatum
2670 512 2951 580 appellans
2993 514 3192 566 mentis
3221 514 3559 576 servitutem,

1993 606 2048 652 et
2085 599 2253 652 animi
2322 601 2804 670 perturbationuru
2836 602 3290 656 dominationem.
3334 605 3402 658 Et
3446 604 3564 674 ipse

1991 690 2213 760 quidem
2244 708 2348 746 non
2373 702 2655 762 operatur,
2694 696 2954 762 quoniam
2982 693 3111 748 odio
3145 695 3307 748 habet
3341 695 3392 748 id
3417 694 3562 764 quod

1991 783 2168 852 agitur
2201 800 2214 835 :
2254 785 2726 853 perturbationum
2756 794 2938 840 autent
2969 794 3214 862 potestas
3248 786 3394 840 hanc
3422 788 3474 841 in
3505 802 3566 842 se

1991 873 2154 927 habet
2183 877 2482 931 actionem.

2065 961 2231 1018 Vens.
2267 965 2350 1018 18.
2395 966 2522 1021 Scio
2566 969 2746 1034 enim,
2793 968 2934 1038 quod
2977 985 3079 1022 non
3123 968 3330 1021 habitat
3375 968 3425 1020 in
3461 985 3566 1026 me.

1987 1052 2086 1106 hoc
2135 1063 2212 1106 est
2269 1057 2323 1108 in
2377 1072 2533 1110 carne
2591 1075 2745 1123 mea,
2811 1058 3021 1112 bonum.
3079 1058 3562 1114 Perturbationuut

1990 1146 2158 1198 animi
2193 1145 2625 1202 dominationem
2661 1150 2813 1210 dicit,
2846 1166 2988 1219 quas
3015 1151 3318 1205 introduxit
3345 1149 3562 1220 quidem

1990 1250 2193 1304 corpus
2230 1240 2461 1292 mortale
2505 1241 2779 1306 ellectum,
2817 1243 2970 1296 auxit
3005 1251 3185 1296 autem
3231 1243 3433 1297 mentis
3473 1258 3566 1294 so-
3653 1299 3666 1308 ο

1987 1327 2202 1380 cordia.
2258 1327 2403 1382 Nam
2436 1331 2564 1384 velle
2605 1334 2811 1400 adjacet
2860 1335 3024 1400 mihi,
3073 1335 3329 1402 perﬁcere
3386 1343 3566 1390 mitem

1993 1414 2181 1466 bonum
2237 1433 2339 1469 non
2387 1420 2610 1472 invenio.
2641 1422 2720 1473 Ad
2753 1438 2816 1475 ea
2851 1424 2998 1475 enim
3030 1440 3150 1493 qum.
3183 1425 3323 1477 bona
3363 1433 3418 1478 et
3464 1423 3566 1477 h0-

1994 1512 2150 1557 nesla
2208 1517 2376 1571 sunt,
2437 1512 2862 1578 propensionem
2932 1527 2994 1565 ac
3047 1513 3286 1566 studium
3353 1529 3381 1565 a
3429 1511 3568 1579 legis

1993 1595 2242 1650 doctrina
2274 1600 2458 1667 accepi
2495 1618 2508 1654 :
2543 1601 2638 1655 sed
2694 1601 2750 1655 in
2798 1602 3014 1656 actione
3059 1617 3168 1656 non
3220 1602 3355 1659 satis
3393 1601 3568 1656 habeo

1993 1689 2210 1752 virium,
2240 1706 2366 1743 cum
2398 1692 2547 1745 aliud
2581 1694 2846 1746 auxilium
2882 1709 2986 1748 non
3016 1694 3269 1748 habeam.

2059 1801 2223 1856 Vens.
2258 1802 2345 1868 19,
2388 1803 2480 1859 20.
2517 1803 2640 1859 Non
2685 1808 2823 1860 enim
2856 1806 2996 1875 quod
3048 1807 3164 1861 volo
3195 1805 3422 1873 bonum,
3469 1805 3567 1860 hoc
3627 1837 3632 1842 -

1985 1889 2161 1958 facio,
2204 1892 2295 1945 sed
2347 1893 2486 1962 quod
2534 1895 2656 1948 nolo
2694 1897 2896 1950 malum
2922 1935 2938 1960 ,
2993 1896 3092 1950 hoc
3140 1913 3259 1966 ago.
3293 1896 3354 1951 Si
3388 1907 3564 1950 autem

1984 1981 2122 2050 quod
2159 1983 2278 2036 noto
2331 1984 2468 2037 illud
2514 1985 2656 2054 facio
2683 2028 2698 2050 ,
2725 1987 2844 2056 jam
2885 2005 2987 2042 non
3019 2003 3206 2056 operor
3235 1987 3370 2040 illud
3399 2028 3413 2051 ,
3470 1987 3564 2042 sed

1985 2074 2122 2144 quod
2172 2075 2378 2130 habitat
2418 2079 2474 2132 in
2505 2095 2585 2132 me
2625 2090 2920 2147 peccatum.
2963 2079 3222 2150 Apertius
3260 2079 3366 2134 hoc
3397 2079 3562 2134 dixit.

2059 2289 2224 2344 Vens.
2247 2289 2337 2344 21.
2375 2289 2590 2344 Inrenio
2620 2291 2782 2361 igitur
2806 2291 2969 2361 legem
3004 2290 3194 2345 volenti
3228 2290 3358 2344 mihi
3390 2291 3566 2360 facere

1987 2382 2202 2434 bonum.
2259 2381 2358 2437 llic
2393 2381 2646 2453 ponenda
2677 2391 2763 2436 est
2793 2383 3100 2436 distinctio.
3137 2381 3402 2446 Quoniam
3433 2381 3564 2434 mihi

1985 2473 2185 2525 malum
2217 2471 2446 2540 adjacet.
2481 2469 2695 2527 Rursus
2755 2472 2898 2526 idem
2954 2478 3177 2540 propter
3237 2470 3563 2524 brevitatem

1985 2564 2221 2618 obscure
2266 2563 2472 2633 posuit.
2531 2563 2671 2618 Dicit
2729 2573 2938 2628 autem,
3017 2572 3072 2618 et
3115 2563 3199 2618 lex
3238 2563 3371 2617 mihi
3420 2563 3563 2617 bona

1985 2669 2106 2709 esse
2149 2653 2384 2709 videtur.
2417 2655 2606 2709 Laudo
2643 2657 2790 2709 enim
2842 2669 2969 2724 quae
3026 2655 3096 2709 ab
3150 2670 3213 2708 ea
3262 2654 3564 2710 constituta

1985 2755 2154 2806 sunt,
2189 2753 2246 2798 ut
2279 2752 2427 2800 recte
2459 2761 2520 2800 se
2569 2745 2828 2800 habentia
2859 2784 2873 2806 ,
2919 2753 2974 2800 et
3007 2746 3260 2799 similiter
3299 2761 3364 2798 ac
3418 2745 3558 2814 ipsa.

1985 2848 2034 2891 et
2071 2855 2195 2907 quae
2225 2848 2354 2892 sunt
2391 2838 2622 2891 honesta
2655 2837 2849 2904 diligo,
2884 2844 2940 2890 et
2971 2849 3095 2904 quae
3125 2843 3255 2888 sunt
3285 2834 3561 2887 contraria

1986 2929 2116 2982 odio
2151 2928 2344 2983 habeo.
2381 2926 2488 2981 Sed
2539 2926 2674 2980 mihi
2710 2935 2892 2980 tamen
2931 2926 3134 2980 malum
3169 2925 3418 2996 adjaeet,
3460 2925 3563 2980 hoc

1987 3025 2072 3071 est
2117 3024 2437 3086 peceatum,
2476 3018 2620 3086 quod
2675 3017 2902 3070 habeam
2938 3030 3144 3086 corpus
3189 3015 3460 3078 mortale,
3507 3023 3564 3072 et

297 3106 479 3175 ψυχῆς
510 3103 782 3176 ῥᾳθυμίαν
800 3121 860 3158 τε
884 3105 978 3158 καὶ
1000 3104 1305 3163 ἀσθένειαν,
1329 3099 1461 3158 Εἶτα
1477 3103 1524 3136 ⁷³
1551 3105 1884 3193 σαφέστερον

1990 3110 2231 3176 patibile.
2269 3109 2574 3180 animaeque
2623 3113 2638 3130 ‘
2665 3109 2974 3164 socordiam
3020 3117 3074 3163 et
3105 3108 3560 3166 imbecillitatem.

301 3194 399 3251 τοῦ
428 3195 520 3250 νοῦ
549 3195 645 3250 καὶ
673 3196 782 3249 τῶν
811 3195 1002 3250 παθῶν
1027 3195 1120 3250 τὸν
1150 3197 1384 3267 πόλεμον
1413 3196 1672 3250 δείκνυσι.

369 3397 476 3468 κβν.
511 3395 850 3464 Συνήδομαι
890 3395 1002 3464 γὰρ
1035 3393 1116 3462 τῷ
1147 3397 1310 3466 νόμῳ
1350 3396 1458 3450 τοῦ
1513 3396 1683 3460 Θεοῦ,
1735 3397 1887 3451 κατὰ

299 3493 409 3546 τὸν
469 3490 590 3543 ἔσω
659 3489 994 3556 ἄνθρωπον.
1059 3489 1208 3542 Ἔσω
1271 3489 1558 3560 ἄνθρωπον
1611 3489 1702 3542 τὸν
1759 3489 1885 3543 νοῦν

297 3585 471 3651 λέγει.
1863 3641 1867 3645 _

368 3703 476 3764 κγ’.
515 3695 728 3748 Βλέπω
748 3693 814 3747 δὲ
838 3694 1045 3763 ἓτερον
1063 3694 1251 3763 νόμον
1276 3692 1344 3746 ἐν
1365 3693 1490 3759 τοῖς
1510 3693 1727 3762 μέλεσι
1741 3709 1882 3761 μου.

295 3789 918 3855 ἀντιστρατευόμενον
956 3785 1036 3851 τῷ
1072 3787 1234 3854 νόμῳ
1269 3785 1376 3839 τοῦ
1422 3785 1564 3850 νοός
1597 3802 1740 3854 μου,
1783 3784 1882 3836 καὶ

296 3878 807 3950 αἰχμαλωτίζοντά
827 3896 903 3947 με
930 3878 1000 3932 ἐν
1022 3877 1100 3944 τῷ
1127 3878 1290 3947 νόμῳ
1321 3876 1431 3946 τῆς
1460 3877 1767 3944 ἁμαρτίας,
1803 3873 1884 3940 τῷ

297 3977 429 4029 ὄντι
481 3975 552 4027 ὲν
602 3973 726 4042 τοῖς
776 3971 993 4042 μέλεσι
1039 3989 1179 4040 μου.
1226 3970 1408 4040 Νόμου
1462 3969 1738 4040 ἁμαρτίας
1783 3969 1883 4040 τὴν

296 4067 576 4137 ἁμαρτίαν
600 4039 780 4118 καλεῖ.
815 4065 1150 4136 Ἐνεργεῖται
1187 4062 1241 4114 δὲ
1273 4061 1431 4132 αύτὴ,
1482 4060 1590 4114 τῶν
1643 4061 1741 4130 μὲν
1788 4059 1881 4113 τοῦ

302 4157 556 4226 σώματος
585 4155 774 4208 παθῶν
807 4153 1174 4226 σκιρτιῦντων,
1197 4152 1296 4224 τῆς
1324 4152 1379 4206 δέ
1408 4169 1472 4222 γε
1502 4151 1681 4221 ψυχῆς
1710 4150 1882 4204 ταύτα

299 4249 392 4302 διὰ
425 4247 520 4316 τὴν
554 4248 609 4313 ἐξ
637 4248 810 4318 ἀρχῆς
839 4247 1211 4317 γεγενημένην
1256 4243 1526 4316 ρᾳθυμίαν
1551 4243 1599 4276 ⁷⁵
1637 4245 1882 4313 ἐπισχεῖν

299 4342 364 4394 ού
395 4341 712 4411 δυναμένης,
745 4339 882 4392 ἀλλὰ
911 4338 1007 4410 τὴν
1042 4339 1138 4409 μὲν
1167 4338 1373 4390 οἰκείαν
1406 4336 1718 4407 ἐλευθερίαν
1748 4339 1883 4391 ἀπο-

1989 3200 2197 3255 Deinde
2255 3201 2456 3256 mentis
2505 3209 2558 3255 et
2591 3199 2762 3253 animi
2806 3198 3284 3268 perturbationum
3326 3212 3563 3268 pugnam

1987 3296 2232 3363 apertius
2269 3293 2532 3349 ostendit.

2058 3404 2220 3458 Vens.
2251 3405 2339 3459 29..
2375 3403 2720 3459 Condelector
2745 3403 2880 3456 enim
2900 3402 3008 3472 79
3041 3402 3140 3471 legi
3164 3401 3255 3454 Dei
3281 3401 3564 3454 secundum

1985 3497 2293 3550 interiorem
2343 3495 2629 3549 hominent.
2683 3491 3006 3547 lnteriorem
3071 3491 3352 3544 hominem
3428 3491 3566 3545 dit-it

1985 3599 2247 3644 mentem.

2057 3699 2223 3754 Vens.
2249 3702 2337 3754 25.
2389 3699 2544 3754 Video
2579 3710 2756 3752 autem
2791 3697 2954 3751 aliam
3007 3699 3171 3765 legem
3214 3695 3266 3748 in
3317 3694 3564 3747 membris

1986 3796 2140 3850 meis,
2172 3802 2544 3860 repugnantem
2585 3791 2685 3860 legi
2726 3790 2912 3842 mentis
2945 3804 3092 3850 mete,
3125 3797 3174 3840 et
3213 3787 3564 3854 captivantem

1986 3899 2064 3936 me
2091 3883 2144 3934 in
2181 3882 2288 3952 lege
2315 3881 2538 3951 peccati,
2568 3897 2686 3951 quae
2713 3889 2792 3933 est
2827 3881 2878 3932 in
2912 3879 3158 3933 membris
3193 3878 3339 3932 meis.
3366 3875 3561 3948 Legem

1986 3975 2190 4043 peccati
2245 3980 2526 4043 peccatum
2568 3971 2833 4041 appellat.
2887 3967 3045 4023 Tum:
3085 3976 3266 4023 autem
3301 3978 3566 4036 operatur

1985 4073 2292 4136 peccatum,
2318 4066 2540 4134 quando
2562 4065 2878 4134 corporales
2910 4062 3077 4116 animi
3115 4059 3564 4130 perturbationes

1984 4156 2270 4218 exsiliunt,
2309 4165 2363 4208 et
2395 4155 2578 4208 anima
2611 4161 2833 4223 propter
2875 4153 3124 4206 inolitam
3159 4149 3229 4202 ab
3267 4147 3424 4200 initio
3475 4164 3567 4199 su-

1983 4245 2225 4299 cordiam
2275 4262 2371 4299 eas
2410 4245 2669 4299 cohibere
2731 4260 2836 4296 non
2899 4248 3125 4312 potest,
3183 4239 3275 4294 sed
3343 4240 3562 4308 propria

1982 4339 2238 4393 libertate
2267 4336 2501 4404 ahjecta,
2537 4336 2614 4389 eis
2645 4345 2703 4388 ut
2726 4335 2928 4404 ser_viat
2956 4331 3228 4385 sustinet:
3256 4330 3350 4384 sed
3379 4337 3561 4382 tamen

299 4431 593 4502 ϐαλούσης.
643 4429 916 4484 δουλεύειν
973 4430 1031 4482 δὲ
1075 4427 1288 4491 τούτοις
1343 4428 1677 4498 ἀνεχομένης
1713 4445 1726 4458 ·
1766 4426 1880 4481 ἀλλ’

1988 4431 2238 4502 quamvis
2277 4427 2502 4488 serviat,
2533 4425 2696 4478 habet
2727 4422 2854 4478 odio
2895 4423 3243 4486 servitutem,
3289 4429 3342 4476 et
3380 4422 3563 4474 laudat

297 4526 450 4592 ὅμως
469 4527 563 4578 καὶ
585 4524 909 4578 δουλεύουσα
939 4524 1040 4596 τὴν
1069 4523 1312 4577 δουλειαν
1346 4524 1512 4592 μισεῖ,
1546 4523 1641 4576 καὶ
1671 4525 1884 4576 ἐπαινεῖ

1988 4537 2105 4575 cum
2140 4519 2230 4590 qui
2267 4517 2591 4575 servitutem
2639 4521 2888 4570 accusat.
2926 4511 3050 4568 Haec
3081 4513 3264 4567 omnia
3295 4528 3421 4567 cum
3445 4511 3563 4566 dis-

295 4615 387 4668 τὸν
435 4615 536 4684 τῆς
567 4615 610 4646 ⁷⁵
659 4615 904 4677 δουλείας
955 4615 1282 4683 κατήγορον.
1353 4611 1538 4665 Ταῦτα
1598 4611 1882 4678 διεξελθὼν

298 4707 482 4760 πάντα
517 4707 546 4759 ὀ
587 4707 930 4770 Ἀπόστολος,
971 4705 1110 4758 ὥστε
1140 4703 1306 4771 δεῖξαι
1339 4704 1487 4768 τίνες
1519 4703 1618 4774 μὲν
1648 4703 1754 4775 πρὸ
1783 4703 1884 4772 τῆς

297 4799 518 4869 χάριτος
546 4795 712 4871 ἦμεν,
763 4800 907 4862 τίνες
937 4799 994 4852 δὲ
1027 4799 1165 4870 μετὰ
1204 4798 1304 4868 τὴν
1330 4797 1490 4869 χάριν
1534 4797 1838 4869 γεγόναμεν
1865 4815 1878 4829 -

1983 4613 2248 4668 seruissct
2276 4610 2595 4680 Apostolus,
2621 4617 2680 4662 ut
2701 4608 3042 4672 ostenderet,
3063 4607 3256 4676 quales
3292 4605 3560 4660 fuerimus

1984 4714 2111 4757 ante
2141 4703 2398 4771 gratiam,
2430 4709 2481 4756 et
2513 4700 2709 4770 quales
2750 4699 3137 4771 post'gratiam
3179 4696 3308 4750 facti
3341 4697 3514 4748 simus
3546 4710 3559 4747 :

1983 4791 2150 4845 veluti
2196 4797 2452 4860 suscepta
2503 4805 2744 4862 persona
2783 4804 2973 4846 eorum
3025 4787 3119 4858 qui
3169 4795 3294 4839 ante
3330 4786 3560 4853 gratiam

1985 4899 2014 4936 a
2047 4891 2273 4953 peccato
2309 4883 2523 4938 obsessi
2557 4883 2800 4944 fuerunt,
2837 4890 3098 4949 tanquam
3135 4893 3166 4932 a
3219 4877 3416 4931 mediis
3470 4876 3561 4928 ho-

1987 4978 2165 5032 stibus
2227 4977 2636 5042 circumdatus,
2691 4982 2747 5029 et
2801 4974 2852 5027 iu
2901 4973 3223 5027 servitutem
3271 4967 3560 5030 abductus,

1983 5077 2036 5125 ct
2068 5071 2274 5127 servire
2309 5077 2558 5132 coactus,
2595 5075 2649 5123 ct
2678 5067 2887 5120 nullum
2928 5063 3150 5137 aliunde
3184 5060 3376 5116 videns
3406 5057 3562 5112 auxi-

297 4893 391 4946 καὶ
418 4890 530 4946 οἷόν
559 4911 610 4946 τι
657 4892 1059 4964 προσωπεῖον⁷⁶
1087 4891 1195 4944 τῶν
1225 4891 1331 4963 πρὸ
1379 4890 1478 4961 τῆς
1523 4889 1745 4962 χάριτος
1773 4889 1879 4943 ὑπὸ

297 4978 395 5049 τῆς
423 4979 704 5049 ἁμαρτίας
734 4978 1204 5052 πολιορκηθέντων
1235 4979 1538 5043 ἀναλαόὼν,
1583 4979 1658 5042 ὡς
1687 4981 1744 5032 ὲν
1779 4980 1875 5050 μέ-

298 5086 413 5135 σοις
461 5074 573 5136 τοῖς
624 5072 902 5143 πολεμίοις
951 5071 1349 5143 γεγενημένος,
1400 5072 1494 5126 καὶ
1542 5071 1875 5145 ἐξηνδραπο-

1611 5268 1844 5324 VARUE
1882 5268 2290 5325 LECTlONl‘IS.

351 5429 420 5462 '°'
453 5431 494 5482 Β
515 5430 717 5494 καλῶς.
791 5432 833 5462 "
867 5431 909 5482 Α
935 5429 1091 5483 αύτά.
1167 5430 1212 5460 ⁷³
1242 5429 1283 5480 Α
1308 5429 1394 5482 διὰ
1414 5430 1534 5498 τήν.
1610 5429 1658 5498 7³
1687 5429 1728 5480 Α
1764 5441 1860 5494 pro
1895 5444 1907 5480 :

1988 5425 2390 5490 ῖτα-σ-δείκνυσι,
2426 5426 2541 5482 inec
2571 5429 2731 5482 habet
2772 5448 2782 5482 :
2815 5401 2899 5483 ξύ
2929 5428 2986 5482 δὲ
3013 5429 3072 5482 τὺ
3111 5430 3207 5496 μὲν
3239 5426 3332 5498 τῷγ
3352 5423 3566 5498 θέλοντι

293 5501 422 5563 ἐμοὶ
449 5501 508 5554 τὸ
535 5503 712 5570 κακὸν
733 5502 1040 5570 ποιεῖνιτῇ
1067 5498 1210 5568 ψυχῇ
1241 5494 1534 5568 πρόσαψον.
1561 5497 1734 5570 ξΓδ-δὲ,
1763 5498 1882 5570 Ὀτι
1919 5499 2042 5570 ἐμοι
2077 5513 2135 5570 το
2168 5498 2335 5570 κακζν
2401 5500 2750 5570 παράκειται,
2782 5502 2848 5570 τῇ
2882 5498 3061 5569 σαρκί.
3093 5494 3254 5566 Ᾱέγει
3278 5494 3573 5570 vam-5156

298 5561 353 5620 νε
365 5587 462 5638 μος
492 5571 634 5641 κατὰ
663 5569 762 5641 μὲν
789 5569 886 5641 τὴν
911 5561 1092 5639 euth
1117 5561 1404 5641 χ’ῥῆσιμος,
1431 5561 1726 5641 ’παιδεύων
1757 5565 1922 5641 αύτὴν
1952 5561 2200 5641 ἐφίεσθαι
2223 5565 2318 5641 τοῦ
2355 5561 2542 5641 καλοῦ.
2579 5561 3017 5641 ἁποστρέζοεσθξαι
3047 5570 3102 5641 δε
3135 5561 3194 5619 τδ
3225 5561 3433 5641 xix/5v:
3467 5561 3569 5629 τὴν

299 5631 518 5710 περιτο
542 5631 876 5710 ἁμαρτάνειν
931 5631 1093 5708 ’ἡμίῶν
1118 5631 1400 5710 ”εύ’κολίαν
1465 5637 1728 5710 οὐδαμῶςΔ
1770 5631 1992 5710 δύναται
2049 5636 2291 5710 ἀφελεῖν,
2351 5637 2469 5706 ἣτις
2504 5641 2632 5708 ἡμῖν
2667 5631 2772 5691 ἀπο
2813 5631 2906 5709 τῆς
2946 5639 3267 5708 θνητότητος
3339 5631 3580 5707 ixi-vito-

297 5709 345 5740 ⁷⁵
376 5704 420 5764 λ
443 5704 757 5778 ἑπιθύμίαν.
835 5711 878 5741 ⁷⁵
903 5704 1061 5763 Α’τὺν
1108 5709 1268 5778 νόμον
1294 5709 1380 5762 τὸν
1412 5711 1525 5779 τῆς,
1558 5704 1609 5758 κΪ
1639 5725 1687 5760 τ.
1717 5705 1764 5760 λ.
1845 5707 1887 5737 7"
1923 5708 1965 5759 Λ
1999 5704 2307 5774 πρόσωπον.
