4074 6176
397 381 493 448 ῙΞἹ

1377 371 1864 434 THEODORETI
1911 364 2247 428 EPlSCOPI
2287 358 2653 422 CYRENSIS

3549 334 3648 398 128

395 487 566 554 lium,
613 486 853 557 graviter
881 483 1047 554 gemit
1099 497 1161 538 ac
1190 482 1566 546 lamentatur,
1625 478 1976 548 ostenditque

2090 471 2346 542 εισμένος,
2379 469 2472 522 καὶ
2498 463 2769 520 δουλεύειν
2793 454 3226 530 ἠναγκασμένος,
3259 448 3352 505 καὶ
3381 448 3652 520 μηδεμίαν

398 582 568 649 iegem
597 592 754 670 opem
786 576 930 632 ferre
956 589 1064 630 non
1098 589 1285 646 posse,
1313 582 1368 630 et
1411 574 1544 628 dicit
1579 590 1591 626 :

471 844 640 901 νεεδ.
671 843 764 908 24,
788 843 877 898 25.
912 841 1114 911 Infelix
1136 858 1228 912 ego
1262 842 1439 908 homo,
1467 841 1587 912 quis
1620 858 1699 896 me
1729 841 1970 896 liberabit

395 938 458 988 de
491 953 706 1006 corpore
746 937 933 991 mortis
955 935 1112 1004 hujus
1139 937 1164 990 7
1197 931 1418 987 Gratias
1463 950 1562 1004 ago
1600 933 1712 988 Deo
1743 949 1854 988 meo
1883 949 1973 1002 per

397 1029 584 1084 Jesum
613 1028 882 1084 Christum
929 1026 1210 1080 Dominum
1240 1035 1500 1078 nostrum.
1535 1024 1744 1092 ‘Mortis
1792 1035 1972 1080 autem

404 1139 602 1194 corpus
635 1130 813 1188 vocat,
848 1128 908 1175 ut
935 1120 1234 1174 obnoxium
1276 1117 1441 1174 morti
1490 1116 1717 1185 factum,
1751 1117 1855 1172 hoc
1889 1127 1975 1174 est

405 1215 635 1269 mortale
671 1233 683 1269 :
713 1214 896 1268 anima
941 1212 1086 1267 enim
1129 1210 1480 1265 immortalis.
1530 1208 1721 1275 Solus,
1770 1210 1972 1279 inquit,

405 1305 670 1360 Dominus
698 1312 887 1359 noster
913 1300 1074 1358 Iesus
1099 1301 1355 1358 Christus
1405 1317 1506 1358 nos
1534 1316 1564 1355 a
1607 1300 1759 1371 gravi
1793 1301 1976 1355 domi-

403 1409 532 1452 natu
561 1397 850 1463 liberavit,
885 1405 1057 1450 morte
1084 1394 1306 1465 quidem
1336 1392 1622 1464 proﬂigata
1643 1433 1656 1452 .
1688 1392 1848 1449 nobis
1874 1409 1976 1448 au-

405 1498 511 1540 lem
557 1486 972 1542 immortalitate
999 1486 1295 1555 promissa,
1329 1484 1441 1554 80
1479 1492 1535 1537 et
1579 1483 1688 1537 vita
1728 1483 1975 1537 laborum

404 1595 467 1632 ac
504 1578 878 1633 molestiarum
911 1575 1149 1646 bellique
1195 1583 1247 1629 et
1277 1573 1490 1644 peccati
1521 1580 1772 1642 experte.
1801 1573 1979 1642 Atque

407 1675 599 1724 horum
628 1670 848 1740 quidem
877 1669 930 1722 in
960 1669 1070 1722 vita
1093 1666 1277 1721 futura
1303 1665 1540 1720 fructum
1574 1665 1976 1734 percipicmus;

407 1767 457 1814 in
492 1761 744 1830 pra-senti
787 1768 996 1823 autem,
1046 1759 1222 1812 sancti
1277 1756 1517 1825 Spiritus
1551 1755 1784 1826 gratiam
1832 1756 1978 1810 reci-

2073 539 2337 635 έτέρωθεν
2385 559 2699 631 συμμαχίαν
2729 551 2890 626 ὁρῶν,
2943 548 3118 602 στένει
3169 544 3268 614 μὲν
3306 540 3503 635 πικρὸν
3559 539 3654 635 καὶ

2071 629 2357 726 ὀδύρεται,
2414 629 2655 706 δείκνυσι
2698 647 2756 702 δὲ
2803 642 2894 696 τὸν
2942 640 3106 710 νόμον
3155 632 3522 703 ἐπικουρῆσαι
3575 629 3652 700 μὴ

2072 747 2392 818 δυνάμενον,
2424 743 2518 798 καί
2549 758 2682 813 φησι
2705 756 2718 770 ⁸

2143 814 2356 903 κδί,,κε’.
2386 834 2762 899 Ταλαίπωρος
2789 827 2902 898 ἐγὼ
2919 825 3246 891 ἅνθρωπος.
3269 816 3360 882 τίς
3375 831 3451 885 με
3467 814 3650 882 ῥύσε-

2073 947 2166 983 ται
2182 929 2248 983 ἐκ
2273 927 2378 982 τοῦ
2403 927 2679 995 σώματος
2707 919 2814 975 τοῦ
2833 915 3090 974 θανάτου
3115 910 3364 971 τούτους
3395 907 3650 973 Εὐχαρι-

2073 1018 2196 1074 στῶ
2217 1018 2297 1084 τῷ
2331 1016 2453 1082 Θεῷ
2471 1017 2515 1048 ’⁷⁷
2535 1033 2654 1085 μου
2675 1012 2770 1066 διὰ
2797 1007 3001 1077 Ἰησοῦ
3020 1001 3277 1074 Χριστοῦ
3301 998 3407 1054 τοῦ
3432 996 3652 1065 Κυρίου

2047 1097 2050 1100 ⁸
2078 1112 2262 1181 ἡμῶν.
2294 1111 2535 1164 Θανάτου
2578 1108 2636 1161 δὲ
2679 1104 2836 1175 σῶμα
2865 1100 3038 1162 καλεῖ,
3069 1095 3143 1160 ὡς
3175 1093 3279 1148 ὑπο
3303 1092 3396 1145 τον
3426 1090 3655 1144 θάνατον

2075 1203 2458 1276 γεγενημένον,
2486 1199 2731 1254 τουτέστι
2757 1193 2948 1266 θνητόν
2965 1209 2978 1222 ⁸
3011 1193 3044 1262 ἡ
3068 1188 3214 1259 ψυχὴ
3237 1184 3345 1255 γὰρ
3367 1183 3652 1245 ἀθάνατος.

2076 1272 2292 1361 Μόνος,
2324 1293 2509 1364 φησὶν,
2545 1293 2574 1345 ὁ
2606 1289 2809 1360 Κύριος
2837 1283 2994 1358 ἡμῶν
3039 1277 3248 1352 Ἰησοῦς
3294 1273 3529 1348 Χριστὸς
3557 1272 3656 1342 τῆς

2078 1391 2280 1459 πικρᾶς
2309 1388 2456 1458 ἡμᾶς
2487 1382 2830 1454 ἠλευθέρωσε
2857 1375 3196 1438 δυναστείας,
3238 1370 3331 1424 τὸν
3363 1368 3463 1440 μὲν
3493 1365 3658 1420 θάνα-

2075 1499 2166 1534 τον
2195 1479 2363 1542 λύσας
2383 1519 2398 1542 ,
2447 1476 2547 1547 τὴν
2576 1474 2630 1528 δὲ
2683 1469 2983 1527 ἀθανασίαν
3021 1469 3154 1539 ἡμῖν
3201 1463 3569 1533 ὑποσχόμενος
3590 1459 3656 1528 ⁷⁸,

2078 1572 2174 1626 xal.
2204 1571 2300 1641 τὴν
2330 1571 2526 1624 ἄπονον
2576 1567 2670 1621 καὶ
2701 1565 2904 1620 ἄλυπον
2937 1560 3139 1632 βιοτὴν,
3171 1559 3265 1612 καὶ
3293 1555 3389 1627 τὴν
3420 1553 3657 1626 πολέμου

2078 1663 2200 1733 δίχα
2229 1662 2324 1716 καὶ
2365 1658 2642 1730 ἁμαρτίας
2688 1655 2855 1724 ζωήν.
2908 1652 3127 1707 Τούτων
3161 1649 3342 1720 μέντοι
3390 1646 3490 1716 τὴν
3521 1645 3660 1699 ἀπό-

2079 1755 2271 1807 λαυσιν
2302 1752 2444 1806 κατὰ
2473 1750 2566 1803 τὸν
2609 1749 2870 1820 μέλλοντα
2898 1743 3162 1815 δεξόμεθα
3207 1741 3320 1813 βίον
3348 1757 3362 1771 ·
3413 1743 3468 1794 ὲν
3498 1739 3554 1792 δὲ
3584 1739 3662 1808 τῷ

407 1856 654 1922 pientes,
706 1866 814 1905 non
856 1849 957 1905 soli
1019 1849 1284 1903 adversus
1321 1846 1488 1900 animi
1530 1845 1974 1916 perturbationes

2090 1846 2311 1916 παρόντι
2340 1843 2438 1914 τῆς
2469 1840 2561 1894 τοῦ
2594 1839 2857 1908 παναγίου
2909 1835 3228 1905 Πνεύματος
3278 1833 3498 1904 χάριτος
3528 1831 3662 1885 ἀπο-

409 1945 461 1995 in
493 1942 608 1996 acie
639 1950 850 1996 stamus
875 1983 889 2008 ,
941 1940 1034 1994 sed
1067 1954 1185 1995 eam
1231 1938 1636 2008 opitulatricem
1691 1937 1978 2003 habentes,

411 2037 508 2088 has
533 2035 750 2088 vincere
779 2047 1096 2104 possumus.
1123 2031 1326 2086 Deinde
1358 2031 1704 2100 superiorum
1733 2029 1980 2084 omnium

411 2130 575 2182 infert
608 2127 961 2182 solutionem.
998 2125 1170 2197 Igitur
1203 2141 1294 2194 ego
1331 2125 1440 2194 ipse
1485 2131 1654 2177 mente
1687 2122 1854 2177 servio
1885 2120 1985 2190 legi

410 2221 528 2284 Dei,
564 2234 720 2273 carne
752 2227 926 2272 autent
962 2217 1061 2289 legi
1090 2218 1310 2287 peccati.

991 2481 1220 2538 CAPUT
1257 2481 1393 2536 V’lll.

486 2573 649 2630 Vsus.
698 2575 750 2628 1.
792 2572 941 2626 Nihil
984 2590 1106 2643 ergo
1135 2589 1274 2626 nunc
1300 2571 1660 2626 damnationis
1695 2581 1772 2627 est
1804 2573 1870 2626 iis
1899 2574 1988 2644 qui

412 2677 532 2718 sunt
579 2668 631 2720 in
673 2664 883 2720 Christo
913 2664 1082 2728 Iesu,
1144 2665 1234 2735 qui
1285 2681 1386 2718 non
1443 2663 1726 2718 secundum
1775 2683 1987 2720 carnem

413 2757 707 2824 ambulant,
747 2757 836 2813 sed
863 2758 1150 2813 secundum
1180 2758 1446 2827 spiritum.
1480 2757 1668 2827 Neque
1713 2759 1856 2812 enim
1887 2774 1988 2814 nos

415 2851 776 2904 nuncinvitos
798 2850 1022 2904 vincunt
1045 2849 1214 2904 animi
1242 2850 1708 2920 perturbationes,
1730 2851 1988 2920 quoniam

414 2943 581 2996 divini
619 2939 854 3011 Spiritus
881 2941 1111 3011 gratiam
1143 2942 1478 3012 accepimus.
1571 2973 1576 2978 ι

490 3031 654 3086 Vens.
693 3032 746 3085 2.
779 3030 889 3085 Lea.
939 3033 1079 3085 enim
1110 3032 1337 3102 spiritus
1367 3034 1487 3086 vita:
1533 3034 1586 3087 in
1618 3032 1829 3088 Christo
1858 3033 1989 3087 Jesu

2080 1935 2354 1998 λαύοντες.
2397 1934 2456 1986 ού
2493 1931 2641 2002 μόνοι
2687 1930 2828 1984 κατὰ
2857 1925 2964 1982 τῶν
3011 1925 3352 1996 παθημάτων
3382 1939 3663 1994 παρατατ-

2080 2025 2286 2097 τόμεθα
2303 2067 2318 2090 ,
2350 2022 2464 2077 ἀλλ’
2488 2021 2703 2091 ἐκείνην
2730 2017 3017 2088 ἐπίκουρον
3044 2015 3259 2085 ἔχοντες
3281 2009 3662 2084 περιγενέσθαι

2083 2119 2286 2172 τούτων
2333 2112 2626 2184 δυνάμεθα.
2696 2108 2830 2164 Εἶτα
2892 2109 3004 2162 τῶν
3055 2106 3362 2176 εἰρημένων
3409 2101 3664 2156 ἁπάντων

2085 2206 2384 2278 προσφέρει
2417 2202 2513 2273 τὴν
2543 2200 2698 2254 λύσιν
2721 2215 2733 2228 '
2773 2201 2924 2266 Ἀρα
2954 2191 3069 2250 οὖν
3114 2193 3298 2258 αὐτὸς
3334 2191 3448 2260 ἐγὼ
3485 2190 3555 2242 ἐν
3585 2186 3665 2252 τῷ

2085 2301 2182 2354 νοῒ
2230 2296 2534 2351 δουλεύων
2584 2293 2745 2361 νόμῳ
2793 2287 2973 2350 Θεοῦ,
3022 2284 3098 2353 τῇ
3156 2282 3225 2336 δὲ
3274 2280 3454 2350 σαρκὶ
3505 2279 3666 2348 νόμῳ

2086 2390 2394 2462 ἁμαρτίας.

2613 2472 3014 2530 ΚΕΦΑΛΑΙΟΝ
3059 2469 3139 2524 η’.

2159 2577 2229 2625 α’.
2273 2568 2468 2623 Οὐδὲν
2509 2566 2624 2634 ἄρα
2658 2561 2988 2630 κατάκριμα
3027 2558 3145 2612 νῦν
3172 2555 3294 2620 τοῖς
3330 2555 3398 2608 ἐν
3435 2549 3668 2619 Χριστῷ

2100 2664 2324 2730 Ἰησοῦ,
2351 2660 2436 2730 μὴ
2461 2660 2610 2712 κατὰ
2633 2656 2829 2724 σάρκα
2857 2649 3310 2720 περιπατοῦσιν,
3336 2647 3496 2701 ἀλλὰ
3517 2643 3670 2699 κατὰ

2091 2755 2344 2824 πνεῦμα.
2397 2753 2472 2805 Ub
2520 2751 2626 2822 γὰρ
2675 2746 3017 2818 περιγίνεται
3063 2741 3156 2796 νῦν
3213 2740 3287 2811 μὴ
3336 2735 3670 2810 βουλομένων

2091 2845 2247 2916 ἡμῶν
2275 2843 2341 2896 τὰ
2373 2842 2691 2911 παθήματα,
2745 2835 2932 2907 ἐπειδὴ
2977 2833 3071 2886 τοῦ
3110 2831 3246 2884 Θεοῦ
3265 2831 3309 2863 τ’
3357 2825 3706 2897 Πνεύματος·

2091 2937 2188 3005 τὴν
2217 2933 2376 3004 χάριν
2406 2928 2724 3000 δεδέγμεθα.

2167 3027 2233 3096 β’.
2285 3027 2350 3078 '0
2380 3029 2488 3094 γὰρ
2518 3023 2702 3090 νόμος
2741 3018 2849 3072 τοῦ
2882 3017 3228 3085 Πνεύματος
3269 3010 3381 3080 τῆς
3425 3007 3570 3074 ζωῆς
3603 3007 3674 3060 ἐν

419 3124 660 3178 liberavit
692 3140 771 3177 me
807 3140 839 3176 a
866 3124 976 3194 lege
1005 3097 1206 3191 peccati
1253 3135 1304 3177 et
1353 3126 1563 3179 mortis.
1620 3125 1776 3179 Sicut
1829 3125 1988 3194 legem

2100 3116 2326 3187 Χριστῷ
2357 3113 2559 3182 Ἰησοῦ
2580 3109 2961 3180 ἠλευθέρωσέ
2975 3125 3051 3178 με
3081 3106 3200 3161 ἀπὸ
3222 3103 3327 3158 τοῦ
3356 3104 3542 3171 νόμου
3565 3097 3674 3167 τῆς

417 3215 616 3283 peccati
650 3222 957 3285 peccatum,
999 3215 1075 3268 ita
1106 3214 1266 3285 legem
1296 3214 1516 3283 spiritus
1561 3215 1680 3268 vita:
1711 3215 1987 3270 \‘iviﬂcum

421 3309 675 3377 spiritum
710 3306 1019 3376 appellavit.
1063 3305 1220 3385 Ejus,
1252 3306 1452 3376 inquit,
1491 3308 1664 3376 gratia
1700 3323 1796 3377 per
1831 3307 1990 3362 {idem

422 3401 476 3453 in
527 3398 806 3453 Chi-istum
872 3396 1011 3452 duas
1067 3395 1166 3450 tibi
1243 3396 1528 3451 libertates
1583 3395 1828 3452 donavit.
1874 3395 1990 3453 Non

423 3492 598 3547 solum
625 3491 770 3548 enim
807 3488 1014 3560 peccati
1047 3486 1392 3542 dominatum
1433 3486 1630 3558 fregit,
1665 3489 1757 3544 sed
1801 3493 1995 3544 mortis

421 3583 584 3636 etiam
616 3579 960 3651 tyrannidem
993 3576 1285 3632 destruxit.
1329 3576 1499 3631 Porro
1533 3587 1712 3633 autem
1755 3578 1996 3634 osiendit

421 3675 584 3730 ctiam
613 3688 849 3744 quanam
880 3685 999 3725 eam
1038 3670 1254 3724 ratione
1281 3669 1636 3724 destruxerit.

495 3935 661 3992 Vens.
693 3936 746 3990 5.
785 3933 929 3988 Nam
961 3934 1100 4006 quod
1143 3933 1467 4002 impossibile
1500 3941 1613 3986 erat
1651 3933 1772 4003 legi,
1807 3933 1859 3987 in
1895 3951 1996 4004 quo

423 4027 796 4098 inﬁrmabalur
835 4043 925 4096 per
970 4044 1202 4081 carnem.
1245 4025 1361 4080 Non
1399 4033 1484 4079 est
1528 4040 1658 4095 ergo
1712 4026 1854 4081 mala
1887 4027 1997 4091 lex,

422 4121 516 4174 sed
563 4120 706 4175 bona
739 4119 959 4190 quidem
985 4159 1000 4183 ,
1033 4134 1222 4174 verum
1257 4120 1550 4188 impotens.
1597 4117 1871 4174 lmbecilla
1902 4136 1992 4175 au-

423 4221 533 4266 tem
573 4221 713 4279 erat,
753 4228 872 4283 qua:
929 4211 1150 4266 mortali
1188 4219 1388 4264 natura
1441 4209 1688 4280 praiditis
1738 4213 1998 4268 mandata

423 4307 600 4360 daret.
637 4308 694 4360 In
742 4307 1032 4377 prmscntia
1067 4305 1212 4359 enim
1245 4320 1340 4375 per
1379 4313 1632 4360 sanctum
1663 4305 1996 4376 baptismum

422 4399 528 4468 81
556 4398 774 4453 arrham
806 4396 1235 4451 immortalitatis
1271 4396 1595 4466 accipimus.
1626 4395 1764 4450 Deus
1800 4396 1997 4452 Filium

2100 3208 2392 3278 ἀιιαρτίᾱς
2410 3205 2627 3260 καὶτοῦ
2648 3201 2930 3258 θανάτου.
2947 3201 3122 3253 Ὠσπε
3131 3216 3162 3270 ρ
3183 3198 3372 3263 νόμον
3385 3193 3684 3263 ἁμαρτίας-

2096 3303 2194 3370 τὴν
2211 3297 2485 3370 ἁμαρτίαν
2510 3295 2783 3357 ἐκάλεσεν,
2798 3293 2939 3346 οὕτω
2955 3293 3143 3360 νόμον
3157 3288 3495 3354 πνεύματος
3527 3281 3676 3348 ᾆοῆς

2095 3392 2154 3445 τὸ
2183 3389 2442 3456 ζωοποιὸν
2473 3385 2884 3457 προσηγόρευσε
2914 3380 3162 3450 Πνεῦμα.
3200 3378 3263 3430 Ἡ
3285 3375 3496 3438 τούτου,
3520 3371 3672 3441 φησι,

2095 3486 2254 3556 χάρις
2284 3483 2370 3535 διὰ
2398 3480 2494 3551 τὴν
2526 3480 2604 3542 είς
2634 3477 2725 3531 τὸν
2769 3475 3002 3546 Χριστὸν
3043 3472 3236 3525 πίστιν
3277 3468 3370 3522 δύο
3409 3483 3492 3520 σοι
3528 3465 3684 3556 ἐλευο

2098 3577 2283 3647 θερίας
2330 3573 2647 3645 δεδώρηται,
2701 3569 2775 3623 Ού
2815 3569 2976 3640 μόνον
3007 3565 3116 3634 γὰρ
3146 3565 3244 3634 τῆς
3277 3558 3550 3630 ἁμαρτίας
3578 3555 3677 3626 τὴν

2096 3667 2413 3723 δυναστείαν
2459 3664 2776 3724 κατέλυσεν,
2822 3660 2957 3714 ἀλλὰ
3009 3657 3104 3712 καί⁸
3156 3654 3248 3709 τοῦ
3301 3653 3529 3707 θανάτου
3579 3647 3677 3718 τὴν

2102 3759 2384 3832 τυραννίδα
2425 3755 2789 3809 κατέπαυσεν.
2836 3748 3211 3803 ’Υποδείκνυσι
3260 3744 3316 3798 δὲ
3346 3742 3440 3796 καὶ
3468 3739 3558 3792 τὸν
3579 3738 3677 3806 τῆς

2100 3854 2447 3914 καταλύσεως
2473 3850 2694 3921 τρόπον.

2171 3953 2239 4016 γ’.
2280 3947 2348 4000 Τὸ
2380 3943 2491 4014 γὰρ
2512 3919 2834 3996 adorator
2867 3935 2974 3990 τοῦ
3010 3933 3219 4003 νόμου,
3259 3929 3328 3982 ἐν
3358 3919 3407 3993 ᾧ
3437 3922 3678 4016 ﬁrmaret

2101 4013 2198 4092 διίι
2231 4037 2341 4104 τῆς
2377 4013 2623 4102 σαρκός.
2674 4031 2750 4084 Οὐ
2786 4027 2964 4104 τοίνυν
2997 4023 3230 4094 πονηρὺς
3258 4021 3286 4072 ὁ
3333 4019 3516 4088 νόμος,
3563 4013 3678 4067 ἀλλ’

2101 4103 2304 4198 ἀγαθὸς
2339 4127 2458 4197 μὲν,
2513 4123 2772 4184 ἀδύνατος
2818 4103 2913 4174 δέἲ
2964 4116 3182 4187 ἠσθένει
3225 4113 3281 4166 δὲ
3325 4113 3434 4174 τοῖς
3481 4107 3682 4178 θνητὴν

2102 4220 2263 4289 φύσιν
2285 4213 2686 4288 περικειμένοις
2708 4210 2804 4282 τὴν
2833 4206 3154 4279 νομοθεσίαν
3184 4201 3528 4274 προσφέρων.
3557 4199 3684 4250 Ἐπὶ

2101 4312 2209 4381 γὰρ
2236 4307 2330 4361 τοῦ
2363 4305 2628 4377 παρόντος
2657 4303 2744 4356 διὰ
2771 4300 2866 4354 τοῦ
2899 4297 3164 4366 παναγίου
3197 4291 3569 4366 βαπτίσματος
3591 4287 3684 4341 τὸν

2102 4380 2202 4472 τῆς
2254 4398 2554 4462 ἀθανασίας
2610 4393 2906 4468 ἀρραϐῶνα
2947 4387 3235 4460 δεχόμεθα.
3290 4385 3354 4438 '0
3390 4383 3532 4448 Θεὸς
3576 4380 3686 4432 τὸν

425 4505 578 4540 suum
607 4489 812 4541 mittens
858 4489 908 4540 in
941 4487 1292 4540 similitudine
1321 4489 1496 4541 carnis
1544 4487 1780 4556 peccati,
1836 4497 1885 4542 et
1935 4489 1988 4543 dt

2103 4471 2319 4545 ἐσυτοῦ
2349 4489 2483 4543 Υίύν
2521 4485 2763 4556 πέμψας
2793 4484 2862 4536 ἐν
2899 4479 3214 4550 ὁμοιώματι
3251 4474 3478 4542 σαρκὸς
3502 4471 3684 4540 ἁμαρ-

423 4587 634 4647 peecato
665 4578 933 4632 damnavit
960 4580 1313 4648 peccatum-in
1339 4595 1517 4633 carne.
1562 4577 1679 4634 Non
1711 4577 1848 4634 dixit
1889 4598 1900 4634 :
1939 4581 1997 4634 ln

427 4669 787 4724 similitudine
820 4670 1025 4732 carnis,
1057 4668 1153 4724 scd
1193 4671 1248 4723 in
1286 4669 1637 4724 similitudine
1667 4669 1848 4724 carnis
1877 4687 1996 4737 pec.

425 4763 551 4816 cati.
580 4761 842 4815 Naturam
881 4763 1024 4816 enim
1070 4761 1365 4816 humanam
1399 4763 1630 4832 accepit,
1669 4763 1763 4817 sed
1806 4777 2000 4832 pecca-

429 4869 540 4911 tum
567 4858 864 4912 Iiumanum
898 4874 1006 4912 non
1031 4858 1242 4929 accepit
1271 4877 1284 4913 :
1308 4867 1360 4913 et
1387 4858 1509 4914 ideo
1539 4857 1684 4928 quod
1711 4867 1995 4927 acceptum

426 4957 541 5016 est,
579 4964 688 5003 non
723 4949 1135 5004 similitudinem
1182 4949 1367 5004 carnis
1393 4989 1407 5012 ,
1449 4947 1544 5002 sed
1580 4947 1993 5003 similitudinem

425 5039 609 5095 carnis
638 5040 844 5110 peccati
883 5040 1198 5112 appellavit.
1234 5039 1369 5093 Cum
1392 5039 1537 5091 enim
1560 5037 1807 5093 eamdem
1835 5053 1996 5104 quam

424 5146 524 5186 nos
571 5131 797 5187 haberet
831 5141 1122 5196 naturam,
1174 5145 1282 5184 non
1315 5129 1508 5184 habuit
1541 5127 1785 5182 eamdem
1833 5142 1997 5197 quam

425 5237 525 5277 nos
554 5223 886 5278 sententiam
905 5232 959 5278 et
985 5229 1248 5276 mentem.
1278 5219 1420 5276 Dicit
1449 5227 1631 5275 autem
1669 5219 1840 5292 quod,
1873 5235 1999 5275 cum

425 5311 506 5365 lex
532 5327 640 5368 non
672 5312 946 5382 potuisset
979 5326 1139 5366 suum
1170 5312 1486 5367 institutum
1516 5311 1762 5382 implere.
1779 5320 2004 5383 propter

421 5419 635 5468 eorum,
655 5401 958 5474 quibuslex
977 5402 1234 5469 dabatur,
1255 5403 1679 5460 imbecillitatem
1702 5403 1998 5476 (habebant

2107 4585 2256 4650 τιῖας,
2293 4582 2390 4636 καὶ
2421 4581 2554 4648 περὶ
2584 4575 2876 4646 ἁμαρτίας
2911 4570 3221 4638 κατέκρινε
3251 4567 3364 4634 τὴν
3393 4563 3690 4633 ἁμαρτίαν

2103 4675 2176 4728 ἐν
2200 4672 2275 4742 τῇ
2303 4671 2504 4740 σαρκί.
2530 4669 2642 4722 υύκ
2663 4663 2837 4731 εἶπεν,
2856 4664 2942 4718 Ἑν
2967 4660 3272 4734 ὁμοιώματι
3300 4656 3520 4727 σαρκὸς,
3545 4654 3686 4716 ἀλλ’,

2117 4766 2220 4819 Ἐν
2246 4764 2561 4833 ὁμοιώματι
2586 4758 2812 4826 σαρκός
2861 4755 3168 4824 ἁμαρτίας.
3216 4750 3380 4804 Φύσιν
3431 4747 3528 4819 μὲν
3575 4747 3684 4815 γὰρ

2103 4856 2449 4926 ἀνθρωπείαν
2531 4851 2759 4914 ἔλαϐεν,
2839 4847 3109 4920 ἁμαρτίαν
3203 4844 3259 4897 δὲ
3342 4839 3686 4909 ἀνθρωπείαν

2101 4947 2202 5000 οὐκ
2279 4944 2459 4998 ἔλαϐε.
2533 4943 2737 4995 Τούτου
2816 4940 2879 5010 δὴ
2955 4939 3147 5009 χάριν,
3213 4936 3272 4988 τὸ
3329 4931 3532 5002 ληφθὲν
3587 4931 3685 4999 οὐχ

2095 5036 2346 5107 ὁμοίωμα
2410 5033 2651 5105 σαρκός,
2729 5029 2842 5083 ἀλλ’
2909 5029 3160 5099 ὁμοίωμα
3230 5023 3429 5094 σαρκὸς
3505 5023 3685 5092 ἁμαρ-

2096 5127 2218 5189 τίας
2248 5126 2474 5178 ἐκάλεσε
2511 5141 2523 5153 ·
2575 5125 2675 5195 τὴν
2705 5122 2811 5193 γὰρ
2845 5122 3013 5191 αὐτὴν
3044 5119 3182 5188 ἔχων
3212 5116 3372 5187 φύσιν
3407 5116 3558 5186 ἡμῖν,
3585 5113 3686 5182 τὴν

2101 5216 2270 5288 αὐτὴν
2305 5217 2403 5270 οὐκ
2433 5215 2556 5285 ἔσχε
2587 5216 2715 5286 ἡμῖν
2746 5210 2989 5282 γνώμην.
3033 5210 3198 5277 Λέγει
3227 5208 3284 5261 δὲ
3317 5207 3398 5260 ὅτι
3419 5246 3433 5268 ,
3475 5199 3568 5257 τοῦ⁹
3600 5202 3688 5254 νό-

2109 5327 2210 5380 μου
2247 5309 2320 5380 μὴ
2352 5307 2672 5377 δυνηθέντος
2701 5304 2793 5357 τὸν
2822 5304 3022 5356 οίκεῖον
3061 5298 3414 5370 ἐκπληρῶσαι
3464 5291 3683 5354 σκοπὸν,

2106 5402 2194 5455 διὸ.
2221 5403 2320 5472 τὴν
2350 5400 2458 5453 τῶν
2490 5393 2964 5470 νομοθετουμένων
3013 5390 3296 5446 ἀσθένειαν
3330 5382 3550 5460 (θνητὴν
3579 5380 3688 5454 γὰρ

1730 5554 1962 5612 VARle
2002 5552 2404 5610 LECTIONES.

460 5713 548 5790 η⁷⁷
575 5715 621 5766 Ε
647 5713 966 5790 Theodoreti
1017 5717 1492 5790 interpretatione
1546 5715 1833 5790 legendum
1862 5732 1987 5790 esse
2016 5714 2333 5790 suspicatur
2376 5709 2844 5790 Mlllllls.:“7_.‘ipt;
2897 5705 2988 5758 τού
3021 5699 3328 5774 Θεοῦ,ιιιιοι1
3380 5707 3431 5756 et
3480 5695 3686 5752 habent

393 5782 486 5835 am
522 5796 695 5848 ’ληίην
719 5784 912 5854 ιίυιεει
994 5779 1042 5832 ⁷λ⁷
1081 5788 1132 5843 Δ
1164 5779 1626 5868 τέαρασχόμευοςῗ
1694 5787 1737 5818 τ’
1768 5788 1811 5840 Δ
1843 5786 1936 5842 τοῦ
1970 5779 2135 5840 Daiei.
2171 5785 2392 5840 licrvct.
2435 5779 2609 5836 divini
2644 5780 2910 5850 Spiritus.
