4074 6176
304 194 406 260 129
947 217 950 222 '
1117 198 1728 262 INTERPBETATIO
1767 197 2006 258 EPIST.
2045 199 2144 257 AD
2184 197 2363 258 ROM.
2408 195 2566 256 CAP.
2609 193 2771 254 VIII.
3466 184 3566 248 130

299 304 448 378 εἰχον
473 306 572 376 τὴν
603 304 760 375 φύσιν
789 305 885 361 καὶ
917 307 1214 380 παθητὴν),
1244 312 1274 363 ὁ
1299 309 1592 381 μονογενὴς
1620 308 1716 362 τοῦ
1745 307 1876 362 Θεοῦ

1987 306 2132 360 enim
2167 306 2450 361 mortalem
2485 312 2541 360 et
2568 303 2846 375 patibilem
2879 296 3180 368 naluram),
3223 297 3561 367 unigenitum

299 401 477 470 Λόγος
493 397 650 453 ἐνανθ
659 399 811 471 ρωπή
819 416 939 464 σας,
954 401 1020 455 δι’
1032 401 1377 473 ἀνθρωπείας
1390 402 1592 474 σαρκὸς
1599 401 1697 473 τὴν
1708 402 1880 472 ἀμαρ-

299 492 426 547 τίαν
450 491 730 554 κατέλυσε,
763 494 944 547 πᾶσαν
977 494 1076 564 μὲν
1102 493 1448 565 δικαιοσύνην
1477 494 1875 566 πεπληρωκὼς,

305 583 496 654 μῶμον
513 583 568 636 δὲ
586 583 643 635 οὗ
661 582 951 653 δεξάμενος
965 584 1256 656 ἁμαρτίας·
1277 586 1370 638 καὶ
1383 585 1476 638 τὸν
1495 583 1602 638 τῶν
1621 585 1878 655 ἀμαρτω-

299 673 408 727 λῶν
443 675 518 738 ὡς
565 675 885 745 ἁμαρτωλὸς
923 675 1148 730 Θάνατον
1186 677 1509 748 ὑπομείνας,
1543 677 1739 748 ἤλεγξε
1776 677 1875 746 τῆς

300 763 574 834 ἁμαρτίας
593 765 690 833 τὴν
709 763 942 827 ἀδικίαν,
964 766 1046 818 ὅτι
1072 767 1164 820 καὶ¹
1187 767 1261 838 μὴ
1285 767 1642 838 ὑποκείμενον
1662 767 1876 837 Θανάτῳ

299 853 460 923 σῶμα
492 853 707 924 θανάτῳ
737 854 1078 924 παρέδωκεν.
1117 856 1281 909 Ἀλλὰ
1309 857 1417 928 γὰρ
1455 858 1518 928 δὴ
1561 857 1718 912 τοῦτο
1745 859 1877 912 αὐτὸ

299 946 393 998 καὶ
422 945 594 1016 αὐτὴν
624 946 913 1008 κατέλυσε,
946 948 1039 1000 καὶ
1067 947 1158 1001 τὸν
1188 948 1433 1003 Θάνατον.
1472 950 1558 1014 Ὠς
1587 952 1695 1023 γάρ
1720 950 1876 1004 θανά·

291 1053 374 1106 Δτῳ
397 1037 472 1106 μὴ
494 1036 850 1107 ὑποκείμενος
872 1038 1169 1108 (ἁμαρτίαν
1197 1037 1306 1110 γὰρ
1334 1040 1434 1094 οὐκ
1464 1041 1730 1112 ἐποίησε),
1757 1039 1877 1094 τοῦ-

299 1145 389 1180 τον
417 1127 478 1202 δέ.
501 1143 564 1195 γε
593 1127 884 1198 δεξάμενος
918 1128 1005 1181 διὰ
1035 1127 1132 1199 τὴν
1160 1129 1341 1183 ἄδικον
1367 1130 1545 1199 ψῆφον
1573 1131 1673 1200 τῆς
1702 1132 1876 1201 ἁμαρ-

299 1221 439 1283 τίας,
487 1220 705 1288 ἐγένετο
733 1221 951 1289 λῦτρον,
985 1221 1061 1284 ὼς
1099 1222 1158 1274 ὲν
1188 1225 1400 1290 νεκροῖς
1431 1221 1732 1292 ἐλεύθερος,
1764 1222 1874 1276 τῶν

299 1309 520 1373 δικαίως
551 1309 656 1362 ὑπὸ
683 1309 778 1363 τοῦ
822 1309 1059 1363 θανάτου
1091 1309 1474 1380 κατεχομένων
1507 1326 1523 1343 ο
1569 1308 1726 1364 τοῦτο
1764 1310 1874 1382 γὰρ

301 1403 392 1455 καὶ
419 1400 509 1454 διὰ
535 1401 644 1454 τῶν
674 1400 804 1470 ἑξῆς
833 1400 1093 1468 ἐδίδαξεν.

377 1572 439 1627 δ’.
481 1573 616 1627 Ἵνα
651 1573 714 1626 τὸ
755 1573 1044 1644 δικαίωμα
1086 1575 1193 1628 τοῦ
1233 1575 1421 1644 νόμον
1469 1573 1757 1643 πληρωθῇ
1807 1575 1877 1628 ἐι·

1987 394 2080 452 Dei
2111 395 2346 452 Verbum
2394 395 2558 450 homo
2604 392 2830 455 factum,
2881 405 2978 461 per
3017 389 3560 443 humauamcaruem

1986 497 2266 558 peccatum
2293 489 2452 558 l‘regit
2474 502 2538 541 ac
2557 484 2887 556 proﬂigavit,
2911 497 3033 536 cum
3057 494 3270 534 omnem
3291 479 3559 549 justitiam

1987 584 2306 653 implesset,
2338 595 2440 635 nec
2477 577 2684 649 peccati
2732 576 2908 630 labem
2940 571 3292 636 admisisset;
3325 578 3379 624 et
3434 585 3559 624 cum

1983 684 2359 744 peccatorum,
2397 688 2462 725 ac
2493 671 2536 726 si
2576 676 2832 740 peccator
2857 705 2872 729 ,
2907 671 3141 717 mortem
3183 661 3558 716 sustinuisset.

1984 763 2194 833 peccati
2252 762 2579 832 injustitiam
2616 757 2908 826 coarguit,
2945 752 3094 823 quod
3146 766 3351 820 corpus
3399 751 3557 802 morti

1982 870 2328 924 nequaquam:
2361 850 2663 908 obnoxium
2700 845 2860 901 morti
2908 840 3220 898 tradiderit.
3270 838 3562 893 Enimvero

1984 948 2085 1002 hoc
2133 948 2313 1016 ipsum
2347 953 2400 999 et
2436 949 2722 1015 peccatum
2779 939 2956 1008 ipsmu
2989 943 3044 990 et
3080 941 3310 988 mortem
3346 931 3564 986 destru-

1983 1037 2082 1092 xit.
2133 1035 2268 1090 Nam
2305 1045 2364 1089 ut
2398 1033 2559 1088 morti
2607 1047 2717 1086 non
2763 1027 3094 1097 ‘subjectus
3151 1024 3370 1096 (neque
3412 1021 3557 1075 enim

1981 1133 2268 1195 peccatqu
2319 1121 2738 1192 commiserat),
2791 1133 2855 1174 ea
2912 1126 3096 1170 tamen
3149 1129 3247 1185 per
3297 1113 3558 1181 injustam

1983 1215 2194 1284 peccati
2228 1213 2559 1269 sententiam
2596 1219 2888 1279 suscepta,
2950 1206 3057 1260 fuit
3093 1219 3308 1260 merces
3348 1201 3559 1257 redem-

1982 1305 2208 1374 ptionis,
2237 1305 2383 1359 velut
2412 1305 2557 1357 inter
2583 1310 2832 1357 mortuos
2863 1300 3022 1361 liber,
3053 1314 3244 1352 eorum
3274 1296 3366 1365 qui
3411 1295 3558 1364 justi:

1983 1409 2012 1446 a
2066 1403 2241 1448 morte
2275 1393 2689 1448 detinebantur.
2739 1390 2855 1445 Hoc
2885 1390 3031 1445 enim
3085 1389 3273 1444 dowit
3302 1388 3468 1442 etiam
3501 1387 3556 1440 in

1983 1483 2367 1551 sequentibus.

2057 1572 2222 1628 Vsus.
2248 1573 2300 1626 4.
2348 1571 2415 1625 Ut
2439 1569 2760 1641 justi/icatio
2793 1567 2921 1636 legis
2965 1567 3270 1636 impleretur
3299 1567 3352 1618 in
3383 1565 3555 1626 nobis,

298 1664 462 1733 ἡμῖν,
503 1664 626 1730 τοῖς
658 1664 744 1733 μὴ
793 1663 945 1719 κατὰ
983 1665 1183 1733 σάρκα
1222 1665 1680 1734 περιπατοῦσιν,
1721 1666 1876 1720 ἀλλὰ

1980 1664 2071 1734 qui
2093 1679 2194 1716 non
2219 1662 2506 1716 secundum
2528 1677 2740 1715 carnem
2766 1658 3125 1721 ambulamus,
3153 1657 3246 1712 sed
3271 1657 3558 1712 secundum

297 1756 448 1810 κατὰ
487 1755 742 1825 πνεῦμα.
785 1757 858 1808 Τδ
885 1756 996 1828 γὰρ
1025 1755 1316 1827 ἡμέτερον,
1350 1757 1534 1829 φησὶν,
1566 1759 1871 1811 ἀποδέδωκε

295 1847 472 1916 χρέος,
511 1847 606 1901 καὶ
633 1847 728 1900 τοῦ
759 1846 925 1915 νόμου
957 1847 1286 1918 πεπλήρωκε
1315 1848 1406 1900 τὸν
1437 1849 1659 1902 σκοπόν.
1692 1849 1788 1913 Τίς
1817 1849 1872 1902 δὲ

294 1931 446 2000 οὗτος
471 1933 574 2006 ἧνς
607 1936 680 1989 Τὸ
709 1935 950 1998 δικαίους
981 1937 1256 2006 ἀποφῆναι
1279 1937 1404 2001 τοὺς
1433 1937 1755 2009 δεξαμένους
1781 1938 1873 1991 τὸν

294 2027 477 2098 νόμον.
514 2029 577 2081 Εἰ
605 2028 788 2080 τοίνυν
815 2030 846 2098 ἡ
885 2027 1023 2082 κατὰ
1049 2028 1139 2081 τὸν
1166 2028 1442 2100 Δεσπότην
1471 2030 1702 2100 Χριστὸν
1735 2031 1874 2084 οίκο-

293 2123 457 2191 νομία
485 2124 564 2184 είς
612 2120 772 2192 ἔργον
821 2123 1018 2192 ήνεγκε
1065 2123 1156 2175 τὸν
1199 2123 1294 2176 τοῦ
1324 2123 1488 2194 νόμου
1541 2124 1760 2186 σκοπὸν,
1811 2126 1871 2178 οὐ

297 2212 632 2282 κατηγορίας
677 2211 846 2277 ἄξιος,
895 2213 1007 2266 ἀλλ’
1039 2213 1342 2284 εὐφημίας,
1377 2215 1409 2266 ὁ
1437 2215 1616 2286 νόμος.
1668 2214 1776 2268 Τοῦ
1818 2216 1875 2268 δὲ

297 2303 426 2371 περὶ
479 2304 576 2373 τῆς
622 2303 970 2374 δικαιοσύνης
1023 2305 1302 2376 ἁψάμενος
1346 2307 1544 2374 λόγου,
1595 2307 1692 2377 τὴν
1748 2309 1874 2379 περὶ

295 2391 500 2464 ταύτης
529 2395 771 2465 εἰσφέρει
803 2396 1122 2464 παραίνεσιν
1145 2413 1159 2425 ·
1203 2398 1295 2450 καὶ
1325 2397 1592 2469 εἰρηκώς·
1636 2397 1764 2462 Τοῖς
1786 2398 1873 2468 μὴ

291 2483 443 2538 κατὰ
471 2483 671 2550 σάρκα
714 2487 1174 2554 περιπατοῦσιν,
1227 2489 1390 2543 ἀλλὰ
1431 2491 1586 2544 κατὰ
1615 2492 1873 2562 πνεῦμα,

289 2573 571 2640 ἐπήγαγεν
593 2589 606 2602 ·
948 2636 960 2648 ἱ

360 2671 423 2717 ε’.
467 2667 532 2719 Oi
577 2665 688 2735 γὰρ
721 2667 872 2722 κατὰ
903 2668 1102 2736 σάρκα
1136 2671 1324 2738 ὄντες,
1370 2671 1442 2726 τὰ
1491 2673 1602 2740 τῆς
1645 2677 1873 2743 σαρκὸς

286 2755 623 2823 φρονοῦσιν
652 2772 666 2785 ’
715 2760 768 2810 οἱ
797 2757 866 2810 δὲ
897 2759 1048 2812 κατὰ
1075 2761 1334 2830 πνεῦμα,
1367 2763 1438 2816 τὰ
1473 2763 1580 2817 τοῦ
1613 2767 1872 2833 πνεύμα-

286 2862 412 2912 τος.
461 2845 617 2900 υῦτω
645 2848 740 2899 καὶ
770 2847 1006 2918 ἀλλαχοῦ
1037 2866 1050 2880 ·
1097 2869 1115 2900 ι
1148 2851 1208 2902 Ei
1244 2850 1427 2920 ζῶμεν
1455 2849 1549 2906 οὖν
1581 2854 1872 2924 πνεύματι,

285 2938 564 3007 πνεύματι
596 2939 689 2990 καὶ
721 2939 1050 3008 στοιχῶμεν.
1090 2959 1108 2992 ι
1164 2942 1388 3011 Πνεῦμα
1419 2943 1476 2996 δὲ
1507 2945 1742 2998 ἐνταῦθα
1773 2946 1872 3016 τὴν

1976 1755 2243 1822 spiritum.
2277 1751 2536 1809 Nostrum
2566 1790 2580 1815 .
2628 1749 2841 1820 inquit,
2896 1747 3144 1802 debitum
3179 1749 3452 1811 exsolvit,
3503 1755 3558 1801 et

1976 1847 2113 1916 legis
2143 1861 2373 1916 scopum
2411 1843 2659 1916 perfecit.
2695 1842 2831 1908 Quis
2867 1851 3051 1899 autem
3094 1849 3214 1897 erat
3251 1841 3336 1895 is?
3362 1841 3430 1897 Ut
3461 1855 3558 1896 eos

1967 1937 2151 2006 justos
2190 1939 2464 2000 redderet,
2502 1935 2595 2007 qui
2629 1936 2798 2005 legem
2850 1944 3236 2006 susceperant.
3274 1932 3330 1986 Si
3371 1936 3556 2002 itaque

1979 2029 2189 2085 Domini
2239 2029 2441 2084 Christi
2490 2029 2833 2099 dispensatio
2888 2028 3025 2098 legis
3070 2042 3297 2096 scopum
3334 2026 3444 2096 82
3487 2025 3552 2079 ad

1976 2140 2116 2194 opus
2149 2123 2375 2178 deduxit
2399 2165 2414 2186 ,
2446 2124 2531 2178 lex
2571 2137 2681 2177 non
2717 2121 3007 2185 accusari,
3043 2120 3139 2176 sed
3184 2119 3396 2174 laudari
3443 2133 3557 2178 me-

1979 2226 2146 2270 retur.
2175 2216 2310 2269 Cum
2349 2222 2532 2269 autem
2562 2215 2863 2284 dejustitia
2889 2213 3036 2283 loqui
3057 2223 3206 2268 esset
3237 2225 3551 2283 aggressus,

1976 2306 2042 2359 ad
2069 2321 2190 2361 eam
2231 2321 2450 2375 quoque
2502 2305 2945 2360 adhortationem
3009 2303 3264 2364 inducit.
3317 2311 3373 2357 et
3431 2319 3554 2372 post

1977 2398 2068 2452 illa
2098 2416 2112 2452 :
2148 2397 2224 2452 Iis
2255 2398 2344 2468 qui
2377 2414 2481 2450 non
2527 2395 2813 2450 secundant
2853 2413 3066 2450 carnem
3095 2396 3373 2450 ambulant
3397 2436 3412 2461 ,
3465 2396 3558 2448 sed

1975 2491 2262 2548 secundum
2285 2491 2555 2560 spiritum,
2592 2489 2880 2560 subjunxit
2906 2508 2919 2543 :

2045 2671 2217 2725 Vens.
2269 2671 2321 2725 5.
2366 2670 2467 2736 Qui
2500 2670 2639 2725 enim
2675 2669 2960 2723 secundum
2992 2685 3203 2723 carnem
3249 2677 3370 2721 sunt
3396 2710 3409 2733 ,
3439 2683 3557 2737 qua:

1974 2773 2096 2817 sunt
2147 2764 2326 2816 curuis
2371 2763 2750 2830 sapiunt:qui
2799 2778 2916 2814 vero
2975 2760 3259 2814 secundum
3311 2761 3556 2827 spiritum

1976 2863 2100 2906 sum
2126 2894 2140 2915 ,
2181 2868 2299 2922 qua:
2342 2859 2467 2904 sunt
2511 2851 2730 2917 spiritus
2762 2851 3015 2903 sentiunt.
3055 2849 3133 2902 Ita
3177 2853 3341 2902 etiam
3377 2850 3506 2902 alibi
3542 2867 3554 2900 :

1983 2963 2001 2994 ι
2041 2943 2095 2996 Si
2122 2943 2323 3011 spiritu
2349 2956 2479 3010 ergo
2511 2933 2773 3003 vivimus,
2801 2941 2998 3009 spiritu
3029 2949 3084 2994 et
3109 2941 3552 2995 ambulemus!»

283 3029 454 3100 χάριν
481 3029 631 3098 λέγει
654 3029 748 3083 τοῦ
784 3030 924 3083 Πνεὺ
935 3049 1129 3101 ματος·
1163 3034 1257 3088 καὶ
1281 3035 1524 3088 διδάσκει
1555 3035 1629 3098 ὡς
1650 3037 1678 3088 ὁ
1706 3036 1876 3111 ταὺτῃ

1983 3033 2248 3105 Spiritum
2283 3042 2462 3088 autem
2516 3033 2621 3087 hoc
2657 3033 2778 3088 loco
2818 3042 2978 3087 vocat
3013 3033 3244 3102 gratiam
3296 3032 3558 3101 Spiritus.

283 3121 578 3192 ἑπόμενος,
609 3121 679 3176 τὰ
707 3123 878 3193 ταύτῃ
912 3123 1218 3194 ἀρέσκοντα
1249 3127 1340 3179 καὶ
1367 3129 1555 3198 φρονεῖ
1578 3130 1672 3182 καὶ
1695 3133 1872 3182 ποιεῖ’

282 3215 315 3267 ὁ
349 3215 408 3268 δὲ
440 3218 504 3285 τῇ
534 3216 698 3286 σαρκὶ
749 3216 1038 3282 δουλεύων,
1075 3219 1322 3273 τουτέστι
1354 3223 1464 3284 τοῖς
1499 3220 1594 3274 τοῦ
1626 3221 1878 3294 σώματος

285 3306 516 3372 πάθεσι,
549 3309 649 3378 τὴν
688 3307 1004 3380 ἐλευθερίαν
1042 3310 1342 3382 ἀφῄρηται.

368 3487 441 3546 ς’.
498 3482 566 3536 Τὸ
592 3482 703 3551 γὰρ
748 3486 1025 3554 φρόνημα
1051 3485 1161 3555 τῆς
1192 3489 1419 3556 σαρκὸς
1450 3488 1728 3556 θάνατος.
1762 3493 1876 3546 Οὐκ

290 3569 474 3632 εἶπεν.
491 3574 556 3627 Ἠ
579 3575 905 3646 σὰρξ,ἀλλὰ,
933 3577 1002 3632 Τὸ
1031 3583 1308 3650 φρόνημα
1324 3580 1433 3649 τῆς
1453 3583 1700 3651 σαρκὸς,
1727 3601 1878 3638 τουτ-

293 3665 420 3719 έστι
471 3666 539 3720 τά
585 3667 697 3721 τῶν
761 3669 1104 3742 παθημάτων
1153 3673 1522 3746 σκιρτήματα.
1589 3676 1709 3730 Τῶν
1767 3677 1875 3749 γὰρ

291 3759 697 3832 ἡμαρτηκότων
729 3762 758 3814 ὀ
789 3761 1016 3828 θάνατος
1052 3765 1348 3836 ἐπιτίμιον.
1391 3767 1461 3820 Τὸ
1491 3766 1559 3820 δὲ
1597 3769 1878 3840 φρόνημα

288 3851 406 3905 τοῦ
445 3851 809 3920 πνεύματος,
856 3849 968 3922 ζωὴ
1000 3855 1097 3909 καὶ
1123 3855 1354 3924 είρήνη.
1402 3857 1460 3910 Ὀ
1490 3858 1600 3929 γὰρ
1629 3859 1876 3931 πνευμαέ

289 3938 465 4002 τικῶς
509 3937 636 4006 ζῶν,
673 3942 774 4011 τῆς
823 3943 960 4015 πρὸς
1006 3946 1098 3999 τὴν
1143 3946 1276 4001 Θεὸν
1322 3948 1546 4020 εἰρήνης
1593 3951 1876 4022 μεταλαγ-

292 4031 471 4103 κάνει.

379 4121 446 4185 ζ’.
486 4125 638 4178 Διότι
687 4124 752 4179 τὸ
799 4129 1077 4198 φρόνημα
1117 4129 1228 4197 τῆς
1263 4132 1510 4200 σαρκὸς,
1557 4133 1744 4204 ἔχθρα
1790 4138 1879 4204 sic

300 4215 473 4267 Θεόν.
497 4215 661 4268 Πάλιν
683 4216 776 4270 τοῦ
798 4221 1140 4291 φρονήματος
1164 4222 1262 4292 τῆς
1284 4223 1488 4294 σαρκὸς
1508 4225 1875 4298 κατηγόρησε,

297 4300 556 4356 τουτέστι
583 4306 676 4376 τῆς
703 4307 812 4361 τῶν
843 4309 1031 4362 παθῶν
1059 4310 1399 4376 δυναστείας,
1430 4313 1524 4366 καὶ
1553 4315 1757 4386 ταύτην
1792 4318 1878 4369 ὲκ-

298 4396 721 4468 πεπολεμῶσοαι
747 4401 883 4472 πρὸς
903 4401 994 4454 τὸν
1023 4401 1156 4454 Θεὸν
1186 4401 1308 4473 ἐφη.
1346 4401 1430 4469 Τῷ
1460 4405 1569 4474 γὰρ
1594 4408 1754 4476 νόμῳ
1775 4408 1882 4462 τοῦ

301 4489 452 4543 Θεοῦ
493 4491 606 4558 οὐχ
649 4491 1086 4547 ὑποτάσσεται·
1133 4493 1275 4547 οὐδὲ
1303 4495 1413 4564 γὰρ
1442 4495 1710 4552 δύναται.
1763 4500 1886 4564 Πῶς

300 4580 406 4649 γὰρ
436 4573 548 4632 οἷόν
573 4597 654 4645 τε,
694 4581 787 4634 τὸν
817 4583 926 4636 τῶν
974 4583 1165 4636 παθῶν
1213 4583 1534 4638 δυναστείαν
1584 4588 1882 4654 καταδεξά-

302 4659 483 4735 μενον,
537 4669 632 4723 τοῦ
662 4671 798 4726 Θεοῦ
837 4673 934 4744 τὴν
966 4675 1264 4745 θεραπείαν
1294 4675 1669 4742 ἀσπάσασθαι,
1706 4677 1786 4732 ἔτι
1815 4683 1882 4752 τῇ

300 4761 548 4834 ἁμαρτία
573 4763 844 4818 δουλεύειν
869 4767 1196 4838 αἱρούμενον
1222 4785 1236 4834 ;

369 4858 438 4921 η’.
497 4857 562 4908 Ol
598 4854 667 4909 δὲ
701 4856 772 4910 ἐν
808 4858 988 4927 σαρκὶ
1035 4858 1226 4926 ὄντες,
1269 4859 1392 4926 Θεῷ
1419 4861 1634 4930 ἀρέσαι
1675 4865 1748 4918 οὺ
1783 4863 1884 4918 δύ-

298 4960 534 4999 νανται.
581 4947 656 5000 Οὐ
689 4948 799 5002 τῶν
848 4951 1118 5022 σωμάτων
1151 4953 1298 5022 ἡμᾶς
1348 4951 1454 5017 ἔξω
1501 4953 1754 5022 γενέσθαι
1792 4973 1886 5009 κε-

300 5035 472 5099 λεύει,
505 5037 640 5092 ἀλλὰ
667 5039 761 5092 τοῦ
791 5041 888 5112 τῆς
921 5043 1122 5113 σαρκὸς
1147 5042 1493 5114 ἀπηλλάχθαι
1517 5047 1885 5117 φρονήματος.

301 5125 476 5180 Τοῦτο
503 5129 610 5200 γὰρ
644 5129 886 5184 διδάσκει
912 5133 1005 5184 καὶ
1037 5133 1104 5186 τὰ
1133 5133 1280 5204 ἑξῆς.
1566 5203 1568 5208 ι

291 5277 295 5308 ἒ
373 5221 438 5277 θ’.
490 5224 688 5294 ’Υμεῖς
732 5227 800 5280 δὲ
827 5229 873 5261 ⁸ο
919 5231 1030 5282 οὐκ
1085 5229 1229 5283 ἐστὲ
1276 5231 1347 5283 ἑν
1393 5233 1594 5302 σαρκὶ,
1647 5234 1785 5288 ἀλλ’
1824 5236 1894 5288 ἐν

293 5371 297 5410 ;
377 5357 547 5416 ’Gal.
590 5379 644 5427 v,
679 5362 770 5420 25.

1980 3137 2032 3182 et
2062 3123 2244 3191 docet,
2277 3123 2422 3194 quod
2455 3126 2502 3178 is
2530 3124 2622 3194 qui
2652 3124 2792 3178 hanc
2821 3125 3092 3194 sequitur,
3124 3141 3186 3179 ea
3213 3132 3270 3179 et
3301 3123 3464 3179 faciat
3506 3135 3560 3178 et

1979 3221 2204 3289 cogitet,
2241 3233 2364 3288 quae
2409 3217 2485 3270 illi
2521 3217 2757 3287 placent.
2792 3216 2895 3283 Qui
2929 3227 3110 3272 autem
3145 3219 3302 3272 carni
3357 3218 3552 3278 servit,
3627 3287 3630 3292 ι

1979 3312 2086 3366 hoc
2138 3318 2224 3365 est
2272 3309 2523 3378 corporis
2581 3307 3007 3374 all‘ectiouibus,
3067 3311 3315 3380 privatus
3367 3320 3450 3365 est
3489 3311 3558 3364 li-

1977 3404 2214 3461 bertate.

2047 3495 2216 3550 Vsus.
2255 3496 2308 3550 6.
2343 3495 2485 3550 Nam
2537 3493 2823 3562 prudentia
2870 3496 3051 3549 carnis
3106 3512 3246 3548 mors
3287 3505 3385 3549 est.
3439 3494 3555 3549 Non

1985 3586 2124 3641 dixit
2157 3601 2288 3640 caro
2313 3628 2327 3651 ,
2367 3585 2460 3641 sed
2490 3585 2770 3654 prudentia
2803 3586 2982 3640 carnis
3003 3628 3018 3652 ,
3055 3585 3158 3640 hoc
3187 3594 3302 3648 est,
3345 3597 3558 3654 pertur-

1979 3679 2260 3733 bationum
2313 3676 2573 3731 insultus.
2624 3675 2828 3732 Eorum
2876 3679 3023 3733 enim
3055 3678 3148 3748 qui
3193 3688 3559 3748 peccaverunt

1979 3785 2130 3826 mors
2164 3785 2323 3844 pugna
2374 3778 2478 3826 est.
2526 3770 2824 3826 Prudentia
2873 3780 3048 3826 autem
3099 3773 3320 3841 spiritus
3371 3773 3478 3826 vita
3508 3783 3561 3825 et

1977 3880 2110 3935 pax.
2137 3864 2236 3932 Qui
2270 3864 2414 3920 enim
2455 3863 2588 3920 vivit
2619 3865 3005 3934 spiritualiter,
3038 3880 3228 3936 pacem
3273 3880 3401 3920 cum
3450 3863 3560 3920 Deo

1978 3957 2354 4027 consequitur.

2051 4134 2217 4190 Vens.
2268 4137 2318 4190 7.
2368 4137 2632 4204 Quoniam
2685 4138 2948 4206 sapientia
3005 4141 3184 4191 carnis
3225 4135 3438 4189 inimica
3481 4141 3562 4189 est

1980 4226 2111 4281 Deo.
2147 4227 2359 4282 ltursus
2393 4230 2578 4284 carnis
2620 4229 2955 4298 sapientiam
3011 4225 3400 4296 reprehendit,
3455 4227 3560 4280 hoc

1982 4327 2067 4374 est
2099 4319 2581 4388 perturbationum
2613 4320 2983 4380 dominatum,
3017 4326 3070 4371 et
3101 4333 3227 4372 eum
3264 4317 3397 4372 dicit
3446 4317 3564 4372 Deo

1984 4425 2108 4466 esse
2142 4409 2425 4465 inlestmn.
2467 4409 2593 4478 Legi
2625 4411 2761 4463 enim
2795 4407 2889 4462 Dei
2921 4425 3023 4461 non
3067 4418 3146 4462 est
3169 4409 3428 4478 subjecta,
3469 4426 3562 4462 nec

1983 4502 2119 4556 enim
2148 4510 2339 4571 potest.
2387 4499 2674 4568 Quomodo
2708 4499 2856 4556 enim
2911 4500 3028 4556 ﬁeri
3071 4508 3294 4572 potest,
3350 4507 3410 4556 ut
3466 4503 3560 4573 qui

1984 4594 2153 4648 animi
2204 4592 2682 4663 perturbationum
2738 4592 3078 4648 dominatum
3123 4595 3444 4660 admiserit,
3509 4597 3562 4650 is

1983 4683 2082 4738 Dei
2113 4685 2323 4739 cultum
2360 4685 2724 4756 amplectatur
2748 4727 2762 4749 ,
2819 4701 2944 4741 cum
2976 4695 3203 4758 peccato
3235 4688 3414 4742 adhuc
3445 4703 3562 4743 ser-

1945 4811 1958 4823 -
1981 4778 2100 4833 vire
2132 4777 2302 4833 velit?

2057 4868 2224 4923 Vens.
2273 4868 2326 4922 8.
2365 4869 2470 4936 Qui
2512 4879 2688 4924 autem
2733 4872 2788 4924 in
2821 4888 2980 4925 carne
3011 4879 3173 4935 sunt,
3219 4869 3326 4924 Deo
3359 4871 3566 4938 placere

1987 4960 2351 5028 non'possunt.
2383 4959 2498 5014 Non
2525 4961 2679 5030 jubet
2708 4977 2810 5015 nos
2839 4976 2903 5014 ex
2932 4961 3256 5026 corporibus
3279 4961 3565 5020 excedere.

1989 5051 2084 5107 sed
2119 5052 2341 5108 liberari
2382 5066 2411 5104 a
2457 5051 2750 5122 prudentia
2785 5051 2992 5105 carnis.
3029 5049 3144 5104 Hoc
3185 5051 3328 5104 enim
3367 5051 3570 5106 docent

1989 5144 2155 5197 etiam
2188 5158 2310 5213 quae
2349 5151 2676 5212 sequuntur.

2075 5236 2245 5290 V'Eus.
2277 5235 2327 5289 9.
2377 5235 2475 5288 l'es
2503 5244 2675 5288 autem
2711 5235 2819 5304 83
2850 5235 2901 5286 in
2949 5249 3107 5286 earue
3158 5252 3258 5289 non
3298 5239 3444 5300 estis,
3483 5237 3570 5291 scd

1617 5477 1854 5532 VARIIE
1896 5476 2300 5531 LECTIONES.

375 5561 428 5637 ff
456 5560 856 5637 Iisdemverbis
887 5567 1033 5620 hunc
1061 5581 1280 5623 versum
1303 5569 1500 5624 reeitat
1532 5567 1864 5624 Theodoret.
1894 5567 2094 5637 dialog.
2122 5567 2174 5629 4,
2201 5566 2321 5620 adv.
2351 5566 2626 5622 Macedon.
2662 5567 2738 5636 (in
2765 5569 3025 5626 Garucrii
3056 5567 3350 5632 Aurtarin,
3381 5584 3436 5637 ῃ.
3462 5566 3588 5635 3‘65)

311 5630 346 5702 ς
372 5633 460 5689 11.
495 5634 602 5689 Sed
637 5635 840 5708 dialog.
867 5638 921 5704 ’5,
947 5637 1078 5694 ibid.
1109 5652 1232 5708 pag.
1272 5639 1398 5709 54⁸5,
1423 5641 1496 5694 ita
1530 5640 1727 5694 habet:
1763 5639 1951 5708 Ὑμεῖς
1975 5636 2028 5689 δὲ
2047 5630 2240 5692 οὐκέτ’
2261 5639 2380 5692 ἐστὲ
2413 5642 2468 5693 ὲν
2495 5630 2678 5707 σαρκὶ,
2710 5640 2871 5695 εἴπεο
2905 5658 2997 5694 πν.
3029 5640 3119 5692 τοῦ
3144 5640 3232 5700 Θ.,
3265 5630 3346 5700 κς
3367 5630 3492 5695 "5.3..

3979 327 3988 478 ξ

3979 503 3988 576 ι
