4074 6176
15 3519 28 3622 ξ

17 3647 26 3780 ἓ

13 3955 24 4026 ί

13 4309 24 4448 Ξ

13 4517 26 4882 ἰ

7 5121 26 5266 ti

487 155 598 247 131.
1536 179 2024 240 THEODORETI
2066 178 2403 239 EPISCOI’I
2443 179 2808 240 CYRENSIS
3639 177 3734 244 133

479 294 536 346 iu
580 291 772 362 spiritu
802 307 820 346 :
854 291 900 346 si
939 298 1113 345 tamen
1146 288 1242 344 Dei
1270 289 1502 358 Spiritus
1539 291 1748 345 habitat
1793 293 1846 345 iu
1884 292 2044 345 vobis.

2163 292 2482 361 Πνεῦματι,
2503 290 2672 359 εἵπρρ
2696 291 2940 361 Πνεῦμα
2961 288 3110 346 Θεοῦ
3130 288 3282 344 οἰκεῖ
3296 290 3367 343 ἐν
3386 287 3552 358 ὑμῖν.
3569 290 3735 362 Δῆλον

479 383 829 439 Manifestum
871 390 956 438 est
987 395 1085 437 eos
1132 397 1239 436 non
1292 382 1464 438 fuisse
1519 384 1880 454 incorporeos
1905 423 1918 448 ,
1957 383 2051 451 qui

478 475 622 529 hanc
656 473 969 528 doctrinam
1005 472 1380 541 suscipiebant
1415 491 1428 528 :
1461 475 1554 528 sed
1601 473 1736 528 dicit
1781 489 1879 527 eos
1927 487 2052 524 car-

478 565 698 620 nalibus
727 564 1241 635 perturbationibus
1265 580 1386 621 esse
1410 566 1744 636 superiores,
1772 573 1826 618 et
1851 563 2055 618 habere

479 656 880 710 inhabitantcm
931 657 1110 710 sancti
1145 656 1390 726 Spiritus
1441 657 1701 728 gratiam.
1755 657 1836 709 lta
1887 654 2054 710 etiam

477 749 614 802 dixit
650 747 968 803 Dominus!
1023 750 1306 818 apostolos
1356 764 1463 802 non
1502 764 1626 804 esse
1665 763 1734 804 ex
1787 748 1993 802 mundo
2036 763 2051 801 :

479 857 588 895 non
619 843 764 911 quod
795 840 1020 895 aliunde
1047 850 1272 908 essent,
1313 840 1410 896 sed
1448 840 1596 911 quod
1637 853 1824 896 essent
1853 839 2055 894 mortui

481 935 707 987 mundo.
739 932 799 987 Si
831 934 948 1003 quis
978 941 1155 986 autem
1181 930 1438 1001 Spiritum
1485 931 1688 988 Christi
1739 948 1841 986 non
1873 929 2050 997 habet,

479 1022 560 1076 hic
589 1038 691 1076 non
735 1033 813 1076 est
859 1022 996 1090 ejus.
1055 1023 1326 1088 Quoniam
1360 1023 1542 1092 posuit
1577 1023 1709 1076 illud
1762 1020 1823 1076 Si
1855 1033 2052 1085 autem,

476 1120 529 1164 t'l
568 1113 669 1166 hoc
715 1112 1077 1166 dubitationis
1107 1119 1232 1176 est,
1283 1113 1480 1168 merito
1527 1113 1852 1182 subjuuxit,
1905 1111 2052 1183 quod

475 1205 731 1274 quisquis
779 1211 863 1259 est
913 1204 1080 1272 hujus
1116 1205 1308 1275 gratias
1337 1220 1571 1276 expers,
1627 1206 1830 1259 nullam
1860 1205 2056 1258 habeat

475 1312 600 1348 cum
648 1296 870 1351 Christo
934 1299 1274 1352 societatem.
1329 1299 1393 1351 Et
1442 1298 1700 1368 quoniam
1763 1298 1864 1352 hoc
1917 1298 2055 1352 satis

474 1395 593 1441 erat
649 1388 715 1440 ad
769 1403 866 1443 eos
918 1390 1011 1458 qui
1066 1389 1365 1444 audiebant
1400 1389 1825 1459 perterrcudos,
1861 1404 1956 1460 per
1987 1403 2052 1442 ea

475 1494 596 1548 qua:
620 1488 926 1549 sequuntur
956 1480 1111 1535 aﬂ'ert
1142 1481 1441 1536 remedium
1474 1499 1487 1534 :
1697 1468 1703 1475 ’

544 1567 713 1625 Vnus.
752 1571 839 1625 10.
866 1570 924 1626 Si
952 1581 1125 1625 autem
1159 1571 1406 1626 Christus
1441 1573 1496 1626 in
1537 1573 1679 1626 vobis
1725 1581 1824 1638 est,
1861 1587 2050 1640 corpus

473 1661 680 1730 quidem
712 1671 979 1714 mortuum
1009 1672 1085 1715 est
1115 1675 1324 1731 propter
1344 1672 1649 1732 peccatum;
1681 1665 1899 1730 spiritus
1935 1680 2050 1717 vero

473 1752 596 1804 vivit
633 1765 846 1819 propter
902 1753 1368 1822 justi/icationem.
1407 1754 1480 1807 Ea
1511 1769 1634 1823 qua:
1680 1755 1845 1809 dubia
1893 1765 2051 1810 erant

475 1839 769 1895 manifesta
824 1840 1083 1907 reddidit,
1119 1855 1170 1896 et
1194 1843 1438 1898 ostendit
1473 1859 1531 1898 se
1556 1859 1780 1898 carnem
1822 1860 1929 1898 non
1960 1859 2051 1898 ac-

471 1946 691 1994 cusare,
715 1931 809 1986 sed
837 1930 1339 2001 peccatumJussit
1365 1934 1510 1987 enim
1538 1950 1740 2004 corpus
1772 1947 2048 1990 mortuum

472 2037 599 2077 esse
652 2030 904 2092 peccato,
937 2022 988 2077 id
1021 2031 1128 2086 est,
1158 2038 1266 2078 non
1304 2023 1482 2079 facere
1520 2034 1830 2095 peccatum.
1879 2026 2045 2093 Spiri-

473 2123 586 2166 tum
607 2123 790 2168 autem
821 2114 913 2168 hic
953 2115 1194 2168 animam
1230 2116 1550 2186 appellavit,
1583 2125 1642 2170 ut
1674 2133 1797 2187 qua:
1823 2119 1895 2174 sit
1935 2120 2048 2189 jam

473 2205 615 2258 facta
641 2205 932 2275 spiritalis.
981 2203 1121 2261 Huic
1169 2207 1419 2277 praecipit
1449 2219 1507 2262 ut
1534 2208 1816 2278 justitiam
1859 2225 2048 2280 perse-

469 2305 691 2365 quatur,
726 2297 887 2364 cujus
924 2296 1135 2352 fructus
1170 2298 1515 2366 expetendus
1549 2309 1633 2354 est
1673 2301 1806 2356 vita.

543 2387 707 2442 Vsus.
749 2387 834 2442 il.
885 2387 1039 2453 Quod
1095 2391 1143 2444 si
1177 2389 1409 2458 Spiritus
1457 2391 1596 2460 ejus,
1641 2393 1730 2464 qui
1769 2395 2047 2449 suscitavit

466 2476 652 2532 Jesum
708 2496 741 2532 a
786 2482 1030 2546 mortuis,
1068 2480 1277 2533 habitat
1319 2482 1374 2534 iu
1418 2481 1563 2535 vobis
1591 2498 1609 2535 :
1644 2484 1735 2552 qui
1771 2486 2046 2539 suscitavit

468 2569 736 2623 Christum
781 2587 814 2623 a
844 2573 1086 2635 mortuis,
1124 2572 1408 2640 viviﬁcabit
1441 2583 1489 2625 et
1539 2575 1792 2628 mortalia
1826 2591 2047 2644 corpora

468 2669 663 2720 vestra,
694 2671 906 2730 propter
955 2661 1280 2716 habitantem
1333 2662 1591 2731 Spiritum
1633 2664 1746 2734 ejus
1787 2666 1842 2719 in
1875 2666 2042 2724 vobis.

469 2753 576 2823 Spe
620 2753 733 2826 84
764 2754 1081 2809 futurorum
1119 2755 1438 2811 consolatus
1472 2763 1578 2820 est,
1621 2764 1677 2811 ct
1705 2758 1786 2813 eis
1837 2769 2042 2813 rectam

465 2846 810 2901 alacritatem
863 2845 1073 2902 addidit
1106 2847 1174 2902 ad
1209 2848 1502 2916 praesentia
1544 2850 1873 2904 certamina.
1903 2848 2043 2905 Pro-

2156 381 2214 434 δὲ
2241 381 2316 445 ὠς
2344 382 2444 435 οὐκ
2475 383 2759 454 ἀσώματοι
2787 379 2930 454 ἦσαν
2975 385 3026 436 οἱ
3065 383 3224 455 τήνδε
3259 383 3355 454 τὴν
3384 381 3736 438 διδασκαλίαν

2157 471 2436 542 δεχόμενοι
2464 489 2478 503 ’
2527 472 2666 526 ἀλλά
2713 473 2995 545 κρείττους
3043 473 3241 538 αὐτοὺς
3287 473 3392 544 ἔφη
3439 468 3580 527 εἶναι
3624 473 3735 528 τῶν

2158 565 2436 633 σαρκικῶν
2466 565 2826 636 παθημάτων,
2867 566 2963 620 καὶ
2991 565 3083 619 τοῦ
3119 564 3384 634 παναγίου
3416 565 3735 637 Πνεύματος

2154 656 2362 712 ενοικον
2393 657 2536 728 ἔχειν
2564 658 2664 730 τὴν
2709 659 2890 729 χάριν.
2941 658 3098 712 Οῦτω
3126 659 3220 712 καὶ
3245 658 3370 722 τοὺς
3403 659 3735 724 ἀποστόλους

2155 749 2260 818 ἔφη
2287 750 2316 801 ό
2351 749 2554 822 Κύριος
2607 748 2681 820 μὴ
2711 746 2852 802 εἶναι
2881 751 2946 802 ἐκ
2974 749 3067 802 τοῦ
3097 749 3306 819 κόσμου
3335 765 3348 778 ·
3399 750 3501 802 οὐκ
3544 750 3732 822 ἐπειδὴ

2155 837 2376 892 ἄλλοθεν
2403 835 2564 910 ἦσαν,
2595 838 2712 892 ἀλλ’
2739 839 2820 892 ὅτι
2841 840 3024 910 νεκροὶ
3053 834 3190 910 ἦσαν
3217 837 3296 907 τῷ
3325 838 3534 910 κόσμῳ.
3568 843 3632 895 Et
3663 839 3731 894 δέ

2155 948 2245 997 τις
2278 931 2521 1001 Πνεῦμα
2559 931 2819 1001 Χριστοῦ
2851 933 2964 985 οὐκ
2996 931 3142 1001 ἔχει,
3195 927 3375 997 οὗτος
3414 933 3525 986 οὐκ
3560 932 3734 986 ἔστιν

2154 1021 2362 1076 αὐτοῦ.
2404 1022 2624 1091 Ἐπειδὴ
2653 1023 2732 1085 τὸ,
2761 1021 2954 1089 εῑττερ,
2989 1021 3252 1086 τέθεικεν,
3302 1020 3632 1091 ἀμφιϐολίας
3674 1021 3732 1075 δι

2154 1112 2312 1166 τοῦτό
2361 1113 2540 1178 ἐστιν,
2585 1113 2810 1176 εἰκότως
2855 1113 3158 1182 ἐπήγαγεν,
3193 1111 3268 1175 ὡς
3317 1113 3345 1164 ό
3377 1111 3578 1182 ταύτης
3623 1111 3727 1181 τῆς

2155 1205 2374 1276 χάριτος
2402 1203 2630 1276 ἄμοιρος
2655 1203 2912 1274 οὐδεμίαν
2944 1203 3058 1274 ἔχει
3105 1203 3243 1274 πρὸς
3289 1203 3379 1256 τὸν
3432 1204 3665 1274 Χριστὸν
3685 1205 3728 1236 ⁶¹

2155 1297 2458 1351 κοινωνίαν.
2513 1298 2621 1350 Καὶ
2659 1296 2848 1367 ἐπειδὴ
2891 1297 3073 1350 istava
3115 1293 3183 1368 ἦν
3229 1296 3387 1351 τοῦτο
3422 1299 3546 1360 τοὺς
3588 1297 3732 1367 δεχο-

2158 1389 2352 1458 μένους
2382 1387 2604 1459 πλῆξαι,
2638 1388 2728 1441 διά
2757 1388 2865 1442 τῶν
2896 1387 3022 1458 ἑξῆς
3050 1387 3340 1459 θεραπεύει
3362 1404 3376 1417 ⁸

2230 1570 2280 1618 ι’.
2309 1565 2377 1617 Et
2414 1562 2482 1617 δὲ
2512 1561 2767 1632 Χριστὸς
2806 1562 3017 1617 eius?"
3038 1563 3109 1617 ἐν
3136 1561 3297 1632 ὑμῖν,
3328 1563 3394 1616 τὸ
3414 1563 3532 1632 μὲν
3559 1563 3732 1632 σῶμα

2153 1656 2368 1723 νεκρὸν
2399 1655 2473 1709 δι’
2509 1655 2802 1724 ἁμαρτίαν
2819 1655 2888 1720 ⁸⁸,
2916 1654 2982 1707 τὸ
3008 1654 3077 1708 δὲ
3103 1653 3340 1724 πνεῦμα
3365 1654 3477 1722 ζ’ωή
3510 1654 3608 1708 διὰ
3647 1654 3732 1708 δι-

2153 1746 2506 1812 καιοσύνην.
2528 1744 2673 1813 Δῆλα
2702 1743 2971 1814 πεποίηκε
3007 1743 3070 1797 τὰ
3089 1744 3388 1815 ἀμφίϐολα,
3408 1746 3500 1797 καὶ
3530 1744 3730 1810 ἔδειξεν

2151 1837 2226 1900 ὡς
2257 1837 2317 1889 οὐ
2372 1835 2473 1906 τῆς
2528 1836 2730 1907 σαρκὸς
2758 1838 3095 1907 κατηγορεῖ,
3125 1835 3260 1889 ἀλλά
3286 1837 3386 1906 τῆς
3433 1837 3728 1907 ἁμαρτίας.

2153 1929 2230 1998 Τῇ
2276 1928 2384 2000 γὰρ
2430 1929 2677 1999 ἁμαρτία
2733 1928 3033 1999 προσέταξε
3080 1927 3142 1980 τὸ
3199 1927 3359 1999 σῶμα
3387 1927 3434 1960 ⁸⁸
3479 1929 3730 1997 γενέσθαι

2151 2021 2363 2092 νεκρὸν,
2390 2020 2510 2075 ἀντὶ
2539 2020 2656 2086 τοῦ,
2677 2020 2775 2091 τὴν
2806 2021 3080 2092 ἁμαρτίαν
3106 2020 3182 2090 μὴ
3211 2019 3731 2091 ὲνεργεῖν.Πνεῦμα

2149 2111 2206 2165 δὲ
2230 2111 2463 2166 ἐνταῦθα
2481 2113 2525 2143 ⁸⁵
2550 2113 2650 2184 τὴν
2681 2113 2859 2184 ψυχὴν
2886 2114 3345 2185 προσηγόρευσεν,
3373 2113 3450 2176 ὠς
3485 2129 3730 2183 ’πνευμαι⁹

2149 2201 2307 2274 τικὴν
2329 2202 2431 2274 ἥδη
2461 2204 2860 2275 γεγενημένην,
2909 2204 3094 2274 Ταύτῃ
3132 2204 3376 2274 μετιέναι
3397 2202 3496 2274 τὴν
3519 2203 3729 2258 δικαιοο

2152 2295 2316 2366 σύνην
2346 2296 2580 2358 κελεύει,
2605 2292 2673 2367 ἧς
2710 2296 2925 2368 καρπὸς
2957 2296 3282 2368 ἀξιέραστος
3313 2297 3346 2366 ἡ
3381 2295 3516 2367 ζωή.

2187 2389 2194 2396 ⁵
2221 2392 2312 2440 ια’.
2335 2387 2465 2439 Et"
2499 2386 2562 2439 δὲ
2595 2386 2661 2440 τὸ
2695 2388 2938 2456 Πνεῦμα
2965 2387 3070 2442 τοῦ
3098 2389 3435 2455 ἐγείραντος
3488 2385 3733 2454 Ἰησοῦν

2147 2475 2215 2530 ἐκ
2250 2476 2479 2544 νεκρῶν
2509 2476 2662 2530 οίκεῖ
2689 2477 2759 2530 ἐν
2803 2478 2967 2546 ὑμῖν,
3000 2481 3033 2531 ό
3070 2479 3304 2547 ἐγείρας
3339 2477 3445 2530 τὸν
3470 2477 3732 2546 Χριστὸν

2147 2568 2216 2622 ἐκ
2236 2568 2466 2637 νεκρῶν
2488 2569 2834 2638 ζωοποιήσει
2862 2569 2958 2622 καί
2980 2569 3052 2622 τὰ
3073 2569 3260 2637 θνητὰ
3279 2567 3521 2638 σώματα
3538 2567 3726 2636 ὑμῶν,

2147 2663 2245 2717 διὰ
2276 2663 2342 2717 τὸ
2367 2663 2576 2716 οἰκοῦν
2607 2664 2796 2717 αὑτοῦ
2829 2663 3074 2732 Πνεῦμα
3094 2663 3165 2716 ἐν
3200 2663 3362 2732 ὑμῖν.
3405 2660 3729 2732 Ἐψυχαγὼ-

2147 2769 2284 2825 γησε
2319 2754 2362 2786 ⁸⁷
2389 2757 2457 2824 τῇ
2508 2752 2619 2807 τῶν
2657 2753 2960 2825 μελλόντων
3019 2752 3230 2819 ἐλπίδι,
3277 2753 3373 2805 καί
3411 2751 3644 2806 δέδωκεν
3681 2749 3728 2783 ⁸⁸

2152 2844 2340 2915 ἱκανὴν
2375 2845 2685 2915 προθυμίαν
2711 2845 2791 2908 εἰς
2839 2845 2967 2907 τοὺς
3020 2844 3296 2915 παρόντας
3339 2841 3574 2910 ἀγῶνας.
3613 2839 3728 2894 Gbss

468 2936 677 3005 pcdicm
707 2937 877 3003 enim,
913 2930 1115 3009 inquit,
1137 2948 1300 2993 erunt
1329 2954 1561 3009 corpora
1585 2948 1767 2996 vestra
1815 2941 2042 2995 immor-

2149 2937 2228 3000 εἰς
2260 2937 2480 3007 μακρὰν
2508 2936 2638 3005 γὰρ,
2671 2937 2856 3006 φησιν,
2887 2936 3130 2990 ἀθάνατα
3162 2933 3317 3004 ὑμῶν
3348 2933 3498 2986 ἔσται
3525 2932 3594 2986 τὰ
3624 2930 3730 2984 σώ-

462 3026 596 3082 talia
650 3035 704 3080 et
742 3030 1028 3098 superiora
1057 3030 1126 3086 iis
1158 3046 1280 3101 qure
1305 3031 1556 3085 molestia
1582 3047 1730 3087 nunc
1774 3031 2042 3100 alliciunt,

469 3118 1001 3188 [erturbatiouibus.
1043 3118 1158 3175 Hoc
1184 3129 1367 3175 autem
1405 3120 1567 3175 faciet
1597 3122 1713 3192 ipse
1749 3121 1892 3177 Deus
1921 3124 2046 3177 uni-

464 3222 773 3273 versorum,
812 3210 906 3280 qui
943 3225 1091 3266 nunc
1118 3212 1278 3268 vobis
1307 3211 1551 3282 Spiritus
1583 3214 1804 3267 arrham
1836 3215 2042 3270 libera-

465 3300 594 3356 liter
648 3302 898 3369 praebuit.
943 3301 1104 3358 Dedit
1133 3309 1316 3358 autem
1361 3304 1497 3374 ipsis
1520 3304 1687 3360 etiam
1723 3305 1925 3376 pignus
1965 3323 2046 3361 re-

463 3395 857 3460 surrectionis,
907 3395 1371 3451 resurrectionem
1424 3397 1632 3451 Christi
1687 3412 1716 3450 a
1782 3399 2037 3454 mortuis.

464 3483 660 3540 Docuit
693 3494 874 3540 autem
918 3501 1021 3542 nos
1051 3486 1220 3541 etiam
1251 3487 1304 3540 in
1337 3486 1423 3541 bis
1455 3487 1641 3541 verbis
1665 3503 1830 3541 unam
1893 3487 2040 3544 Divi-

462 3579 652 3632 uitatis
671 3587 945 3632 naturam.
972 3576 1237 3632 Sanctum
1265 3577 1412 3633 enim
1448 3576 1711 3648 Spiritum
1744 3589 1798 3634 et
1823 3578 1918 3634 Dei
1943 3595 2039 3651 ap-

461 3668 705 3738 pellavit,
755 3679 809 3722 et
838 3667 1091 3724 Christi:
1137 3683 1246 3722 non
1307 3669 1476 3737 quod,
1523 3675 1583 3722 ut
1633 3670 1825 3725 volunt
1878 3686 2040 3727 exse-

459 3760 653 3813 trraudi
706 3759 974 3824 haeretici,
1007 3773 1075 3814 ex
1122 3759 1234 3815 Deo
1286 3775 1383 3831 per
1439 3759 1636 3815 Filium
1668 3772 1889 3818 creatus
1940 3763 2035 3829 sit,

458 3849 556 3905 sed
585 3852 715 3921 quia
745 3859 832 3906 est
860 3851 1109 3921 ejusdem
1140 3866 1265 3906 cum
1297 3850 1461 3908 Patre
1483 3859 1538 3908 et
1588 3853 1729 3908 Filio
1769 3855 2036 3910 substan-

459 3943 566 4008 tiae,
594 3949 649 3996 et
687 3957 752 3996 ex
795 3941 957 3998 Patre
1003 3941 1222 4012 quidem
1259 3942 1526 4012 procedit,
1578 3944 1734 4012 juxta
1783 3943 2034 4016 Evange-

458 4033 657 4087 liorutn
689 4032 998 4087 doctrinam
1031 4047 1045 4084 :
1075 4032 1196 4103 ejus
1229 4040 1411 4088 autem
1451 4035 1627 4104 gratia
1656 4035 1724 4090 iis
1751 4037 1846 4106 qui
1881 4035 2032 4107 digni

458 4129 474 4145 ‘
505 4133 636 4179 sunt
682 4140 777 4194 per
810 4123 1094 4180 Christum
1145 4124 1548 4194 suppeditatur.
1602 4124 1788 4198 Pergit
1845 4138 2029 4183 autem

454 4217 673 4282 docere,
711 4216 993 4287 quomodo
1027 4230 1130 4272 nos
1159 4225 1414 4288 oporteat
1438 4218 1658 4274 vincere
1681 4220 1874 4276 carnis
1913 4235 2034 4291 pcr-

454 4307 800 4363 turbationes
813 4348 828 4364 .

523 4397 688 4455 Vsus.
723 4400 812 4453 19..
849 4397 990 4471 Ergo
1021 4399 1279 4456 debitores
1314 4417 1495 4456 sumus
1523 4417 1627 4455 non
1660 4402 1834 4466 carui,
1862 4412 1920 4456 ut
1943 4421 2027 4456 se-

451 4492 682 4546 cundum
713 4507 922 4545 carnem
953 4493 1208 4546 vivamus.
1250 4491 1388 4546 Nam
1439 4507 1566 4547 cum
1604 4508 1633 4546 a
1667 4491 1894 4548 Christo
1923 4492 2024 4547 Do-

455 4581 604 4636 mino
648 4580 880 4634 salutem
908 4581 1148 4634 assecuti
1181 4581 1381 4644 simus,
1414 4592 1469 4636 et
1513 4579 1757 4651 Spiritus
1792 4585 2026 4654 gratiam

453 4673 854 4745 acceperimus,
883 4671 1203 4728 servitutem
1251 4673 1328 4729 illi
1364 4675 1652 4732 debemus.

529 4844 689 4901 Vsus.
717 4847 804 4902 i5.
838 4843 899 4900 Si
919 4845 1057 4900 enim
1080 4847 1368 4901 secundum
1389 4863 1598 4904 carnem
1622 4852 1815 4920 vivitis,
1835 4856 2028 4908 morie-

451 4940 601 4996 mini.
633 4969 707 4981 —
754 4937 1054 4995 Secundum
1106 4955 1350 5004 carnem,
1419 4941 1522 4995 hoc
1567 4949 1692 5008 est,
1743 4945 1788 4998 si
1841 4947 2026 5000 carnis

499 5130 526 5179 1
551 5121 728 5178 Galat.
767 5139 822 5190 ι’,
855 5122 947 5180 23.

2150 3042 2297 3096 ματα
2319 3066 2332 3090 ,
2360 3027 2454 3079 καὶ
2483 3026 2768 3097 κρείττονα
2798 3025 2906 3078 τῶν
2947 3025 3042 3079 νῦν
3080 3023 3441 3095 ἐνοχλούντων
3471 3021 3728 3093 παθημά-

2145 3134 2254 3170 των
2293 3118 2602 3187 γενήσεται.
2630 3118 2853 3188 Ποιήσει
2895 3117 2952 3170 δὲ
2996 3116 3154 3170 τοῦτο
3200 3115 3362 3179 αὐτὸς
3388 3115 3416 3166 ό
3447 3115 3554 3168 τῶν
3589 3114 3727 3168 ὅλων

2145 3209 2298 3273 Θεὸς,
2320 3209 2349 3262 ό
2376 3208 2472 3263 νῦν
2531 3211 2661 3280 ὑμῖν
2721 3208 2816 3262 τοῦ
2872 3208 3191 3278 Ιινεύματος
3244 3207 3335 3261 τδν
3368 3205 3662 3278 ἀρραϐῶνα
3679 3205 3726 3239 ⁸⁸

2146 3299 2442 3372 παρασχὼν
2474 3300 2793 3371 φιλοτίμως.
2825 3299 3035 3354 Δέδωκε
3059 3299 3114 3352 δὲ
3136 3299 3320 3361 αὐτοῖς
3346 3298 3440 3351 καὶ
3473 3296 3726 3367 ἐνέχυρον

2142 3393 2242 3463 τῆς
2273 3394 2645 3460 ἀναστάσεως,
2678 3393 2774 3447 τοῦ
2825 3392 3062 3464 Χριστοῦ
3103 3392 3204 3461 τὴν
3246 3393 3560 3445 ἀνάστασιν.
3591 3386 3726 3441 Ἐδί-

2141 3483 2266 3548 δαξε
2303 3485 2361 3539 δὲ
2409 3487 2558 3556 ἡμᾶς
2587 3484 2677 3538 διὰ
2716 3484 2826 3539 τῶν
2866 3486 3171 3557 εἰρημένων
3201 3484 3296 3538 καὶ
3338 3481 3435 3554 τὴν
3467 3481 3597 3552 μίαν
3625 3481 3724 3550 τῆς

2142 3575 2396 3646 θεότητος
2426 3577 2608 3644 φύσιν.
2655 3576 2730 3629 Τὸ
2759 3577 2868 3647 γὰρ
2901 3575 3169 3644 πσνάγιον
3215 3573 3441 3644 Πνεῦμα
3462 3573 3556 3627 καὶ
3585 3571 3722 3626 Θεοῦ

2141 3669 2550 3739 προσηγόρευσε
2575 3708 2590 3730 ,
2618 3669 2715 3721 καὶ
2745 3666 2982 3738 Χριστοῦ
3011 3682 3024 3695 ·
3055 3667 3155 3721 οὐκ
3189 3665 3397 3736 ἑπειδὴ,
3426 3664 3567 3718 κατά
3595 3664 3722 3728 τοὺς

2139 3759 2487 3832 δυσωνύμους
2539 3761 2874 3832 αίρετικοὺς,
2907 3763 2971 3814 ὲκ
2999 3761 3096 3815 τοῦ
3146 3759 3282 3814 Θεοῦ
3331 3759 3419 3813 διὰ
3451 3758 3547 3812 τοῦ
3588 3756 3720 3812 Υίοῦ

2137 3852 2596 3925 δεδημιούργηται
2625 3871 2639 3885 ο
2670 3853 2785 3907 ἀλλ’
2819 3853 3006 3924 ἐπειδὴ
3040 3852 3328 3924 όμοούσιόν
3357 3853 3476 3905 ἐστι
3508 3850 3722 3921 Πατρός

2137 3946 2232 3999 καὶ
2255 3945 2406 4009 Υἱοῦ,
2437 3946 2532 3999 καὶ
2557 3948 2620 3999 ὲκ
2666 3946 2877 4017 Πατρός
2909 3946 3009 4016 μὲν
3056 3945 3415 4018 ἐκπορεύεται
3445 3943 3588 3999 κατά
3617 3944 3720 4015 τὴν

2135 4036 2244 4090 τῶν
2279 4036 2629 4105 Εὑαγγελίων
2649 4037 3018 4104 διδασκαλίαν,
3054 4041 3087 4109 ἡ
3118 4039 3175 4092 δὲ
3201 4039 3393 4093 τούτου
3421 4039 3582 4111 χάρις
3605 4041 3720 4101 τοῖς

2135 4128 2306 4194 ἀξίοις
2334 4128 2420 4183 διὰ
2450 4127 2540 4182 τοῦ
2589 4129 2831 4200 Χριστοῦ
2882 4132 3221 4201 χορηγεῖται.
3253 4132 3531 4202 Ἐπιμένει
3560 4130 3616 4184 δὲ
3641 4131 3718 4184 διο

2133 4220 2369 4285 δάσκων,
2399 4221 2547 4285 ὅπως
2575 4220 2680 4293 χρὴ
2717 4222 3098 4294 περιγενέσθαι
3120 4223 3228 4276 τῶν
3252 4222 3349 4294 τῆς
3385 4223 3586 4295 σαρκὸς
3613 4241 3721 4278 πα-

2065 4319 2110 4375 ι)
2137 4308 2416 4379 θημάτων.

2206 4400 2293 4470 ιβ’.
2330 4403 2469 4470 Ἄρα
2491 4399 2606 4460 οὖν
2650 4405 2949 4474 ὀφειλέται
2975 4404 3167 4475 ἐσμὲν
3192 4407 3264 4460 οὐ
3291 4404 3364 4476 τῇ
3385 4405 3584 4475 σαρκί,
3609 4405 3718 4459 τοῦ

2134 4491 2283 4544 κατὰ
2333 4490 2533 4560 σάρκα
2559 4491 2687 4560 ζῇν.
2735 4494 2869 4550 Ἀπὸ
2898 4496 3006 4566 γὰρ
3044 4494 3140 4548 τοῦ
3173 4496 3444 4549 Δεσπότου
3476 4495 3715 4565 Χριστοῦ

2133 4583 2233 4653 τῆς
2261 4584 2534 4655 σωτηρίας
2585 4587 2964 4657 τετυχηκότες,
3007 4587 3101 4640 καὶ
3144 4586 3238 4640 τοῦ
3269 4586 3584 4657 Πνεύματος
3613 4585 3714 4656 τὴν

2135 4674 2292 4744 χάριν
2330 4674 2652 4745 δεξάμενοι,
2678 4676 2827 4746 αύτῷ
2878 4677 2977 4748 τῆς
3009 4676 3256 4741 δουλείας
3293 4677 3354 4730 τὸ
3378 4675 3536 4748 χρέος
3561 4678 3712 4746 ὀφεί-

2136 4783 2318 4835 Λομεν.

2208 4864 2295 4925 ιγ’.
2325 4860 2392 4912 Et
2419 4857 2530 4926 γὰρ
2562 4857 2710 4913 κατὰ
2737 4858 2936 4926 σάρκα
2981 4859 3135 4928 ζῆτε,
3167 4861 3420 4924 μέλλετε
3447 4862 3708 4927 ἀποθνιξο

2135 4966 2326 5003 σχειν.
2369 4978 2441 4991 -
2485 4951 2649 5006 Κατὰ
2675 4950 2893 5020 σάρκα,
2932 4952 3178 5006 τουτέστι
3203 4956 3318 5017 τοῖς
3362 4953 3464 5023 τῆς
3511 4953 3711 5024 σαρκὸς

1760 5194 1990 5252 VARUS
2029 5195 2432 5255 LECTIONES.

520 5306 564 5338 “
589 5306 630 5357 A
651 5305 803 5389 Sedit:
859 5307 931 5389 βξ
955 5307 1094 5389 οἰκεῖ
1118 5308 1380 5389 (Ιερεῑηίιι
1509 5307 1652 5389 etnin
1691 5317 1924 5389 utroqu
1955 5310 2074 5366 loco
2098 5327 2148 5389 e
2173 5312 2412 5389 Diaiogjs
2475 5315 2804 5389 Theodoreti
2835 5317 3023 5373 citato.
3127 5319 3172 5351 “
3202 5319 3240 5372 Α
3272 5320 3358 5374 διὰ
3404 5320 3704 5389 ἁμαρτίας.

445 5379 563 5458 ξιτ.
613 5391 664 5428 σ.
686 5375 876 5458 ,ἔξοδοι
903 5377 1032 5458 Aet
1058 5380 1250 5458 versiq
1270 5377 1489 5458 Πολι-νει.
1542 5375 2065 5458 ξίνιιιοιιρξξΐεκιυξ
2094 5375 2459 5458 δίνηιςτᾶὗτο.
2538 5388 2583 5419 ⁶⁸
2619 5390 2730 5442 ὲντ.
2767 5388 2920 5458 deest
2950 5390 3002 5442 in
3038 5391 3102 5442 Α.
3207 5391 3252 5422 ⁸⁸
3283 5389 3337 5443 In
3367 5375 3464 5444 cit'.
3502 5375 3703 5458 dialogi.

441 5449 479 5500 7p
509 5449 614 5514 leg.
641 5465 655 5500 :
683 5445 744 5498 Εί
769 5475 834 5485 —
860 5447 953 5514 ὲγε

1017 5463 1174 5530 axi-50;.
1217 5448 1346 5528 Ἰησ.
1381 5449 1938 5530 Χριστδνρίκεί-διέι
1969 5453 2063 5506 τοῦ
2089 5453 2424 5530 ἐνοικοῦντος
2451 5457 2616 5530 αὑτοῦ
2656 5457 2968 5530 Πνεύματος
2996 5461 3053 5512 ὲν
3087 5461 3234 5528 ὑμῖν.
3261 5460 3364 5513 Sed
3399 5460 3601 5530 dialog.
3625 5448 3703 5514 Αἶέ

961 5446 975 5496 ί

441 5461 479 5500 ἦ
509 5461 614 5514 leg.
641 5465 655 5500 :
683 5461 744 5498 bl
769 5475 834 5485 —
860 5461 1174 5567 £YE?QV10;
1221 5461 1346 5528 'trLs.
1381 5461 1612 5529 λριστον
1640 5461 1938 5503 οἰκεῖ-δια
1969 5461 2063 5506 τοῦ
2089 5461 2424 5518 ἐνοικοῦντος
2451 5461 2616 5510 αὑτοῦ
2656 5461 2968 5526 Πνεύματος
2996 5461 3053 5512 ὲν
3087 5461 3234 5528 ὑμῖν.
3261 5461 3364 5513 Sed
3399 5461 3601 5530 dialog.
3625 5461 3658 5514 ι
3687 5475 3701 5514 :

439 5518 504 5604 ξεί
522 5515 937 5604 Δ-ηξγείροντος
957 5555 1024 5604 Η.
1070 5515 1586 5604 ’1.1ξκιτι2ν9νεκρων
1613 5519 1723 5604 igniv-
1743 5521 1874 5604 ῦμ.ι
1887 5522 2216 5594 ζωοποιήσει
2246 5554 2316 5568 -ν
2335 5526 2420 5579 διὰ
2474 5526 2566 5580 τοῦ
2623 5529 2958 5594 ἐνοικοῦντος
3011 5547 3063 5584 α.
3118 5531 3435 5602 ιινεύματος
3490 5532 3549 5585 ιν
3604 5531 3701 5604 by.

437 5584 481 5616 ⁶⁷
508 5584 552 5635 Α
592 5584 928 5656 Ψυχαγωγεῖ
951 5583 1026 5642 δέ.
1139 5585 1182 5616 ⁸⁸
1217 5587 1260 5640 Δ
1289 5583 1522 5643 δίδωσιν.
1621 5592 1663 5621 ⁸⁸
1695 5592 1736 5643 Λ
1766 5583 1970 5660 ἀγῶνα.
