4074 6176
297 214 394 281 133

1115 217 1733 279 INTEBPRETATIO
1773 217 2010 276 EPIST.
2051 218 2150 276 AD
2190 217 2370 277 ROM.
2414 219 2569 279 CAP.
2607 221 2748 282 VIII

3460 219 3557 286 I84

299 327 562 396 ἑπόμενοι
612 325 810 380 πάθεσι
837 344 846 356 ·
878 326 1108 381 Θάνατον
1148 328 1205 381 δὲ
1250 328 1344 381 τὸν
1378 327 1593 382 αίὼνιον
1619 327 1787 396 λέγει.
1811 327 1879 380 El

1986 324 2304 380 alTectiones
2333 328 2676 396 sequamini;
2712 337 2940 383 mortem
2963 339 3143 385 autem
3173 340 3433 388 aeternam
3469 333 3554 388 in-

288 418 358 470 o‘é
389 417 679 486 πνεύματι
700 416 806 485 τὰς
827 418 1072 486 πράξεις
1101 419 1208 474 τοῦ
1234 420 1508 488 σώματος
1529 418 1878 483 θανατοῦτε,

291 509 574 576 (ζήσεσθε.
611 509 781 562 Τοῦτο
831 511 972 584 ὑπὲρ
1003 511 1093 564 τὸν
1123 511 1289 582 νόμον
1326 513 1359 580 ή
1395 511 1554 581 χάρις
1579 509 1714 580 ἔχει,
1741 511 1822 562 δτι
1853 509 1882 561 ὁ

297 602 399 671 μὲν
443 601 505 654 τὸ
547 601 664 654 δέον
695 601 957 667 ἐδίδαξεν,
993 605 1026 673 ἡ
1056 601 1111 654 δὲ
1142 601 1236 655 καὶ
1278 601 1372 654 τοῦ
1420 601 1736 670 ΙῙνεύματος
1769 599 1882 670 ἔχει

292 693 662 764 συνεργοῦσαν
691 694 790 764 τὴν
817 695 995 765 χάριν.
1029 694 1139 748 Καὶ
1179 693 1414 746 ἐνταῦθα
1455 695 1639 763 μέντοι
1679 694 1705 744 ὁ
1740 692 1883 756 θεῖος

304 783 649 846 Ἀπόστολος,
704 784 1054 854 Μαρκίωνος,
1106 785 1198 836 καὶ
1247 782 1604 846 Βαλεντίνου,
1640 783 1735 835 καὶ
1783 780 1879 834 τοῦ

292 875 568 938 Μάνεντος
598 875 696 944 τὴν
725 873 1074 946 βλασφημίαν
1095 875 1257 948 ὁρῶν,
1291 877 1386 928 σὺν
1421 875 1679 947 ἀκριϐείᾳ
1711 875 1880 946 πολλῇ

292 969 389 1041 τὴν
417 967 767 1044 διδασκαλίαν
790 970 1185 1040 προσήνεγκεν.
1209 969 1282 1021 Οὐ
1316 967 1423 1038 γὰρ
1455 964 1596 1032 εἷπε,
1615 968 1690 1021 Τὸ
1721 968 1883 1037 σῶμα

295 1060 668 1124 θανατώσατε,
685 1061 842 1124 ἀλλὰ,
879 1061 987 1126 Τὰς
1012 1058 1260 1128 πράξεις
1290 1060 1394 1114 τοῦ
1418 1059 1711 1128 σώματος,
1732 1077 1883 1113 τουτ-

296 1155 410 1207 έστι
449 1153 508 1206 τὸ
553 1153 811 1224 φρόνημα
863 1155 962 1222 τῆς
1013 1152 1215 1220 σαρκὸς
1243 1192 1257 1213 ,
1287 1151 1359 1204 τὰ
1399 1152 1508 1204 τῶν
1540 1151 1878 1222 παθημάτων

297 1246 641 1316 σκιρτήματα
663 1260 675 1272 ·
698 1243 849 1313 ἔχετε
875 1243 983 1314 γὰρ
1024 1241 1392 1313 συνεργοῦσαν
1429 1241 1530 1312 τὴν
1561 1242 1654 1295 τοῦ
1703 1241 1878 1295 Πνεῦ-

297 1353 464 1408 ματος
490 1337 668 1406 χάριν.
698 1335 927 1406 Καρπὺς
948 1335 1057 1405 γὰρ
1083 1333 1183 1404 τῆς
1213 1334 1370 1402 νίκης
1398 1333 1532 1404 ζωή.

366 1426 448 1482 ιδ’.
501 1428 677 1480 Ὅσοι
722 1429 833 1494 γὰρ
873 1426 1174 1495 Πνεύματι
1225 1424 1376 1480 Θεοῦ
1421 1419 1882 1494 ἂγονται,οὗτοί

293 1522 453 1574 εἰσιν
474 1519 589 1572 υἱοί
615 1518 784 1573 Θεοῦ.
812 1519 873 1571 Oi
910 1517 1020 1589 γὰρ
1052 1515 1442 1588 πνευματικῶς
1473 1515 1878 1584 πολιτευόμενοι

293 1611 385 1664 τοῦ
409 1611 508 1682 τῆς
555 1609 831 1673 υἱοθεσίας
868 1609 1374 1680 μεταλαγχάνουσιν
1401 1605 1728 1676 ἀξιώματος.
1762 1605 1880 1657 Ἐν-

1989 414 2208 486 telligit.
2245 413 2340 471 Sin
2375 427 2551 471 autem
2603 420 2794 487 spiritu
2833 419 2976 489 facta
3003 423 3180 476 carnis
3208 425 3559 495 mortiﬁcatis-

1986 507 2128 571 ritis,
2185 507 2382 563 vivatis.
2411 507 2598 563 Gratia
2628 510 2732 565 hoc
2787 511 2952 567 habet
2983 529 3147 584 supra
3185 515 3381 586 legem,
3405 519 3554 589 quod

1983 597 2101 653 lucc
2149 599 2371 670 quidem
2425 601 2556 672 quid
2614 601 2840 658 deceret
2885 603 3162 669 docuerit,
3215 606 3308 659 illa
3374 619 3558 665 autem

1983 689 2147 742 etiam
2183 689 2423 759 Spiritus
2459 692 2810 761 adjuvantem
2838 695 3032 749 habeat
3064 697 3322 766 gratiam.
3355 699 3422 755 Et
3450 701 3556 758 hoc

1981 775 2203 843 quidem
2237 777 2356 830 loco
2377 777 2598 834 divinus
2637 781 2955 850 Apostolus,
3001 782 3323 853 Marcionis,
3351 798 3406 844 et
3450 790 3557 844 Va-

1981 865 2200 929 lentini,
2238 876 2292 922 et
2345 868 2578 926 Manetis
2627 887 2861 929 cernens
2917 875 3342 946 blaSphemiam,
3394 897 3562 937 accu-

1981 966 2099 1012 rate
2146 959 2444 1014 admodum
2481 960 2787 1017 doctrinam
2820 963 2930 1035 85
2963 969 3214 1038 protulit.
3243 969 3364 1025 Non
3415 974 3556 1028 enim

1979 1049 2137 1114 dixit,
2175 1067 2366 1120 corpus
2394 1055 2734 1124 morti/itote,
2763 1060 2858 1112 sed
2891 1061 3035 1128 facta
3057 1063 3318 1131 corporis,
3354 1065 3455 1119 hoc
3476 1076 3561 1122 est.

1981 1141 2332 1210 prudentiam
2381 1148 2590 1209 carnis,
2620 1149 2970 1205 all‘ectionum
3021 1152 3285 1210 iusultus.
3335 1156 3562 1214 Habetis

1982 1235 2128 1286 enim
2173 1248 2566 1306 cooperantem
2596 1241 2836 1312 Spiritus
2863 1245 3116 1314 gratiam.
3150 1245 3389 1305 Fructus
3411 1250 3559 1306 enim

1979 1327 2222 1379 victoria:
2247 1337 2332 1381 est
2365 1331 2492 1383 vita.

2050 1412 2215 1469 Vens.
2259 1417 2342 1469 Μ.
2389 1420 2694 1488 Quicunque
2739 1424 2877 1474 enim
2912 1423 3118 1491 Spiritu
3169 1428 3264 1482 Dei
3304 1443 3558 1500 aguntur,

1977 1505 2019 1557 ii
2053 1514 2177 1557 sunt
2203 1507 2306 1574 ﬁlii
2333 1507 2448 1561 Dei.
2477 1507 2578 1573 Qui
2615 1513 2757 1564 enim
2793 1515 2960 1567 vitam
3005 1519 3369 1586 spiritualiter
3397 1525 3560 1576 insti-

1979 1605 2162 1661 tuunt,
2223 1599 2258 1650 ii
2319 1599 2551 1653 filiorum
2613 1603 2928 1671 adeptionis
2994 1608 3318 1677 dignitatem
3409 1629 3562 1670 assc-

293 1701 465 1756 ταῦθα
498 1702 555 1755 δὲ
609 1702 702 1755 καὶ
733 1703 856 1764 τοὺς
917 1701 1203 1762 Ἰουδαίους
1256 1698 1470 1762 νύττει,
1503 1697 1772 1751 διδάσκων
1803 1696 1878 1768 μὴ

1980 1697 2252 1757 quuntur.
2283 1689 2378 1743 llic
2413 1701 2598 1746 autem
2633 1695 2796 1748 etiam
2838 1675 3433 1771 Judaeos'pcrstringit,
3462 1706 3562 1759 do-

297 1793 439 1863 μέγα
475 1794 714 1862 φρονεῖν,
753 1791 1055 1860 ἐπειδήπερ
1088 1789 1334 1840 κάκεῖνοι
1358 1789 1466 1840 υἱοὶ
1507 1787 1880 1858 προσηγορεύ-

293 1881 480 1951 Θησαν.
513 1882 747 1952 Ἔρημοι
773 1881 882 1950 γάρ
911 1881 1017 1931 εἰσι
1042 1881 1140 1948 τῆς
1168 1879 1333 1948 τιμῆς
1359 1879 1456 1948 τῆς
1485 1876 1576 1930 τοῦ
1608 1877 1875 1946 παναγίου

292 1973 628 2043 Πνεύματος,
666 1971 886 2040 ἄμοιροι
911 1969 1267 2039 τυγχάνοντες
1299 1969 1542 2039 χάριτος.

364 2071 446 2120 ιε’.
488 2066 570 2116 Οὐ
604 2063 713 2130 γὰρ
739 2060 986 2115 ἐλάϐετε
1004 2063 1239 2132 πνεῦμα
1262 2061 1543 2126 δουλείας
1577 2060 1765 2114 πάλιν
1789 2063 1876 2126 είς

292 2157 502 2225 φόϐον,
527 2153 665 2207 ἀλλ’
693 2154 937 2208 ἐλάϐετε
961 2153 1205 2223 Πνεῦμα
1239 2155 1567 2218 υἱοθεσίας.
1601 2153 1770 2204 Πάλιν
1799 2149 1876 2220 τῷ

292 2248 442 2316 νόμῳ
473 2245 572 2314 τὴν
601 2246 758 2316 χάριν
793 2245 1169 2317 παρεξετάζει,
1201 2249 1294 2299 καὶ
1329 2246 1482 2299 καλεῖ
1510 2245 1748 2298 δουλείαν
1781 2243 1876 2315 τὴν

296 2339 389 2392 ὑπ’
414 2339 604 2408 ἐκείνῳ
632 2339 926 2392 πολιτείαν.
962 2339 1212 2391 Διδάσκει
1241 2339 1296 2392 δὲ
1324 2340 1491 2406 ὅμως,
1509 2338 1591 2391 ὃτι
1626 2341 1876 2390 κακεῖνον

292 2432 324 2500 ἡ
350 2430 443 2482 τοῦ
464 2431 782 2500 Πνεῦματος
813 2431 1014 2502 ἔγραψε
1040 2432 1218 2502 χάρις.
1251 2429 1494 2498 Πνεῦμα
1525 2431 1704 2482 τοίνυν
1738 2429 1876 2482 60v-

287 2522 456 2588 λείας
484 2523 542 2574 οὐ
569 2521 629 2573 τὸ
662 2523 924 2589 πανάγιον
982 2520 1208 2590 Πνεῦμα
1239 2522 1411 2585 καλεῖ,
1449 2521 1584 2574 ἀλλὰ
1636 2521 1736 2590 τὴν
1778 2521 1873 2574 τοῦ

285 2613 450 2683 νόμου
483 2611 654 2672 θέσιν,
681 2613 772 2665 καὶ
803 2613 973 2684 αὐτὴν
1004 2613 1091 2667 διὰ
1129 2613 1223 2666 τοῦ
1252 2615 1396 2667 Θείου
1443 2615 1758 2686 Πνεῦματος
1783 2633 1875 2684 γε·

282 2703 514 2774 νομένην
535 2704 602 2757 7°.
623 2704 688 2758 Εί
710 2704 763 2756 δὲ
780 2704 838 2757 τὸ
858 2705 1119 2772 πανάγιον
1139 2706 1367 2777 Πνεῦμα
1394 2707 1611 2776 πνεῦμα
1629 2707 1874 2772 δουλείας

283 2797 460 2858 καλεῖ,
502 2796 632 2851 ἄλλο
675 2797 918 2867 δηλονότι
955 2800 1071 2851 ἐστὶ
1106 2799 1166 2850 τὸ
1206 2799 1305 2866 τῆς
1336 2799 1608 2862 υἱοθεσίας
1633 2799 1870 2869 πνεῦμα.

298 2886 436 2938 Ἀλλ’
477 2887 576 2958 οὐχ
629 2886 772 2940 οὕτω
822 2887 972 2940 ταῦτ’
1021 2889 1154 2958 ἔχει.
1207 2890 1302 2940 ’Ἑν
1346 2891 1456 2960 γὰρ
1487 2891 1548 2942 τὸ
1607 2891 1874 2958 πανάγιον

281 2977 811 3049 ῐΙνεῦμα·διάιρορα
878 2977 934 3029 δὲ
993 2979 1088 3030 καὶ
1129 2977 1347 3030 ποικίλα
1404 2980 1473 3032 τὰ
1528 2978 1717 3032 τούτου
1779 2995 1872 3048 χα-

285 3069 549 3140 ρίσματα.
586 3090 604 3122 ι
641 3063 712 3140 τῼ
744 3070 846 3138 μὲν
889 3068 999 3138 γὰρ
1046 3068 1132 3121 διὰ
1179 3069 1272 3120 τοῦ
1321 3068 1636 3140 Πνεῦματος
1674 3070 1873 3123 δίδοται

279 3162 442 3230 λόγος
474 3162 666 3232 σοφίας
692 3203 704 3227 ,
734 3159 877 3230 ἄλλῳ
917 3161 973 3213 δὲ
1023 3161 1178 3229 λόγος
1210 3160 1476 3229 γνώσεως
1493 3161 1634 3215 κατὰ
1659 3162 1718 3214 τὸ
1743 3160 1874 3213 αὐτὸ

284 3255 545 3325 Πνεῦμα·
588 3253 763 3326 ἑτέρῳ
814 3253 871 3306 δὲ
908 3253 1088 3315 πίστις
1113 3255 1170 3305 ἐν
1215 3253 1294 3323 τῷ
1323 3253 1470 3324 αὐτῷ
1502 3253 1805 3323 Πνεύματι,
1847 3272 1866 3304 ι

281 3347 381 3400 καὶ
401 3346 468 3398 τὰ
503 3345 648 3415 ἑξῆς.
673 3345 897 3407 Δεικνῦς
923 3343 977 3397 δὲ
1013 3345 1094 3397 ὅτι
1127 3344 1202 3408 ὡς
1223 3344 1440 3414 ἀληθῶς
1466 3343 1559 3397 τοῦ
1582 3344 1677 3414 τῆς
1704 3344 1874 3397 υἱοθε-

284 3437 410 3499 σίας
432 3437 811 3506 τετυχήκαμεν
837 3435 1164 3505 ἀξιώματος.
1197 3438 1477 3506 ἐπήγαγεν
1501 3453 1513 3465 ·
1545 3437 1642 3489 Ἐν
1668 3428 1716 3502 ᾧ
1739 3433 1872 3505 κρά-

281 3529 459 3597 (oper
517 3525 720 3591 Ἀϐϐᾶ,
765 3531 797 3580 ό
832 3525 1053 3596 Πατήρ.
1086 3527 1191 3580 Καὶ
1236 3529 1345 3596 γὰρ
1375 3528 1418 3558 ⁷¹
1447 3529 1545 3598 τὴν
1607 3525 1870 3599 μυστικὴν

279 3617 450 3688 εὐχὴν
488 3616 566 3688 τῷ
590 3619 840 3689 Δεσπὸτῃ
864 3618 1284 3690 προσφέροντες,
1313 3612 1737 3691 Πατέρα’καλεῖν
1769 3619 1869 3672 αὑ-

277 3709 374 3762 τὸν
430 3709 907 3780 προσετάχοημεν,
954 3710 1048 3762 καὶ
1089 3709 1324 3779 λέγομεν
1349 3724 1362 3737 ’
1401 3708 1592 3777 Πάτερ
1639 3709 1808 3779 ἡμῶν
1836 3712 1870 3764 ὀ

275 3803 351 3856 ἐν
379 3799 504 3869 τοῖς
543 3802 839 3871 οὐρανοῖς.
882 3803 955 3855 Τὸ
1007 3803 1086 3869 δὲ,
1126 3800 1314 3868 Ἇϐϐᾶ,
1365 3802 1738 3873 προστέθεικε,
1770 3801 1869 3873 τὴν

279 3893 602 3968 παρόησίαν
647 3892 758 3948 τῶν
805 3893 1117 3948 καλούντων
1161 3894 1449 3949 διδάσκων.
1487 3895 1568 3948 Τὰ
1623 3894 1734 3966 γάρ
1787 3911 1868 3947 τοι

280 3986 496 4051 παιδία,
533 3986 740 4040 πλείονι
779 3987 1064 4059 παρρησίᾳ
1093 3987 1407 4059 κεχρημὲνα
1448 3986 1585 4060 πρὸς
1610 3987 1734 4050 τοὺς
1758 4003 1865 4040 πα-

276 4080 449 4150 τέρας
485 4079 717 4148 (οῦδέπω
749 4079 858 4150 γάρ
889 4081 1098 4134 τελείαν
1128 4081 1227 4149 τὴν
1267 4063 1539 4150 διάκρισίν
1572 4079 1705 4150 ἔχει)
1728 4119 1744 4145 ,
1777 4097 1870 4132 συ-

278 4171 538 4238 χνότερον
597 4169 735 4240 πρὸς
799 4172 996 4234 αὐτοὺς
1048 4171 1176 4242 τῇδε
1241 4171 1515 4243 κέχρηται
1562 4172 1628 4241 τῇ
1691 4173 1864 4242 φωνῇ.

280 4255 530 4326 Οῦτωδὴ
559 4257 652 4309 καὶ
703 4259 886 4328 ἡμεῖς,
913 4259 1000 4312 διὰ
1037 4259 1134 4331 τὴν
1177 4259 1417 4331 ἄρρητον
1463 4259 1632 4314 αὑτοῦ
1678 4259 1864 4329 φιλαν-

1980 1795 2115 1835 ccns
2188 1795 2298 1834 non
2348 1783 2549 1838 debere
2603 1800 2698 1840 eos
2755 1803 2813 1841 se
2851 1789 3086 1857 jactare,
3145 1794 3404 1862 quoniam
3456 1797 3558 1865 ipsi

1981 1888 2203 1942 quoque
2237 1873 2331 1926 lilii
2364 1876 2776 1945 sintappellati.
2803 1878 3006 1933 Carent
3028 1883 3172 1935 cnim
3204 1883 3413 1941 honore
3437 1885 3563 1958 Spi—

1979 1963 2120 2016 ritus
2155 1963 2357 2028 sancti,
2393 1979 2517 2017 cum
2552 1967 2786 2034 gratiam
2826 1983 2934 2021 non
2974 1968 3236 2023 habeant.

2050 2051 2216 2108 Vsus.
2261 2055 2344 2109 15.
2381 2053 2500 2108 Non
2529 2057 2668 2109 enim
2701 2060 2978 2128 accepistis
3010 2062 3254 2128 spiritum
3285 2063 3559 2117 servientis

1978 2145 2167 2209 iterum
2191 2142 2247 2198 in
2273 2148 2532 2210 timorem,
2561 2148 2650 2203 sed
2679 2153 2957 2218 accepistis
2978 2151 3236 2222 Spiritum
3257 2155 3559 2225 adoptionis

1979 2235 2236 2303 ﬁliorum.
2271 2235 2406 2289 Cum
2451 2240 2569 2309 lege
2618 2257 2812 2295 rursus
2861 2244 3095 2312 gratiam
3152 2255 3461 2316 comparat,
3506 2259 3562 2303 et

1979 2330 2170 2392 vitam,
2219 2344 2340 2397 qua:
2383 2330 2489 2383 sub
2543 2345 2605 2385 ca
2666 2333 2872 2401 agitur,
2919 2336 3157 2403 appellat
3213 2339 3557 2394 servitutem.

1981 2418 2150 2474 Docet
2197 2430 2378 2475 tamen
2428 2423 2573 2494 quod
2608 2441 2727 2477 eam
2775 2441 2995 2498 quoque
3045 2431 3333 2500 scripserit
3381 2433 3558 2488 sancti

1979 2512 2220 2582 Spiritus
2274 2517 2469 2585 gratia.
2522 2515 2786 2587 Spiritum
2844 2521 3032 2590 itaque
3083 2526 3351 2580 servitutis
3378 2535 3558 2590 vocat,

1978 2622 2086 2659 non
2133 2607 2400 2677 Spiritum
2461 2619 2740 2675 sanctum,
2797 2613 2892 2667 sed
2948 2615 3084 2685 legis
3122 2618 3554 2688 impositionem,

1976 2714 2100 2768 quae
2120 2701 2310 2769 ctipsa
2348 2701 2491 2756 facta
2539 2712 2623 2758 est
2656 2720 2750 2774 per
2781 2705 3029 2759 divinum
3060 2706 3352 2778 Spiritum.
3399 2711 3558 2777 Quod

1975 2790 2019 2842 si
2088 2787 2344 2844 sanctu'm
2416 2791 2684 2860 Spiritum
2733 2803 2890 2845 vocat
2944 2797 3198 2862 spiritum
3252 2799 3556 2858 servitutis.

1978 2880 2122 2933 alius
2165 2890 2314 2935 certe
2350 2881 2671 2950 adoptionis
2722 2882 2960 2936 filiorum
3003 2893 3090 2939 est
3145 2889 3396 2957 spiritus.
3448 2887 3556 2944 Sed

1979 2969 2093 3024 lucc
2135 2986 2242 3024 non
2308 2971 2380 3024 ita
2439 2988 2498 3026 se
2551 2972 2773 3027 habent.
2837 2973 2992 3031 Unus
3019 2976 3163 3030 enim
3193 2985 3278 3034 est
3328 2992 3556 3036 sanctus

1980 3062 2240 3132 Spiritus.
2296 3063 2402 3119 sed-
2426 3065 2644 3120 diversa
2687 3076 2818 3120 sunt
2858 3075 2912 3122 et
2965 3069 3120 3122 varia
3167 3071 3288 3138 ejus
3319 3073 3462 3128 dona
3501 3081 3556 3128 ct

1977 3154 2186 3224 gratiae.
2236 3174 2254 3206 ι
2312 3155 2416 3207 Alii
2451 3155 2598 3208 enim
2641 3171 2738 3226 per
2783 3158 3036 3213 eumdem
3082 3159 3345 3230 Spiritum
3391 3162 3556 3218 datur

1976 3260 2157 3300 sermo
2179 3247 2484 3315 sapientiae,
2519 3247 2613 3300 alii
2653 3257 2837 3302 autem
2875 3265 3062 3305 sermo
3104 3253 3436 3323 cognitionis
3466 3270 3555 3310 se-

1973 3335 2216 3391 cundum
2279 3337 2531 3392 currulem
2602 3336 2893 3407 Spiritum,
2951 3342 3042 3395 alii
3099 3352 3280 3397 autem
3326 3343 3459 3400 fides
3499 3347 3552 3400 in

1972 3429 2164 3483 eodem
2197 3427 2406 3498 Spiritu
2440 3438 2486 3492 ³,
2522 3446 2544 3482 ι
2580 3437 2633 3483 et
2666 3446 2788 3499 qua!
2817 3431 3078 3501 deinceps
3115 3421 3552 3503 consequuntur.

1973 3520 2284 3576 Ostendens
2306 3525 2322 3544 '
2348 3529 2528 3576 autem
2558 3523 2704 3593 quod
2736 3538 2924 3579 revera
2966 3524 3201 3578 ﬁliorum
3242 3525 3554 3592 adoptionis

1971 3613 2292 3685 dignitatem
2323 3614 2498 3669 simus
2534 3615 2795 3682 assecuti,
2833 3615 3122 3687 subiunxit
3164 3636 3178 3673 :
3226 3616 3292 3670 1η
3321 3635 3422 3688 quo
3441 3619 3555 3675 cla-

1973 3723 2202 3771 mamus,
2227 3705 2399 3772 Abba,
2424 3703 2607 3762 Pater.
2645 3706 2856 3763 Etenim
2893 3710 3182 3780 mysticam
3205 3711 3318 3783 86
3348 3715 3555 3768 oratio-

1971 3814 2094 3853 nem
2131 3796 2360 3852 Domino
2393 3797 2686 3855 ollereutes
2720 3799 2863 3870 jussi
2904 3817 3100 3857 sumus
3127 3800 3342 3858 Patrem
3373 3804 3550 3875 ipsum

1971 3905 2193 3955 vocare,
2223 3899 2277 3946 et
2317 3891 2578 3956 dicimus,
2628 3889 2795 3946 Pater
2835 3904 3036 3959 uoster,
3071 3895 3162 3962 qui
3196 3911 3250 3948 es
3285 3896 3337 3948 in
3381 3897 3552 3952 cwlis.

1972 3985 2122 4040 Abba
2181 3995 2362 4042 autem
2414 3985 2637 4056 adjecit,
2671 4002 2862 4041 eorum
2900 3986 2993 4057 qui
3037 3988 3116 4042 sic
3163 3996 3365 4042 vocant
3417 3989 3555 4042 lidu-

1971 4076 2109 4130 ciam
2153 4075 2478 4133 ostendens.
2531 4075 2752 4132 Parvuli
2797 4079 2968 4144 enim,
3014 4080 3216 4148 majori
3268 4079 3415 4148 apud
3453 4095 3552 4149 pa-

1970 4180 2083 4223 tres
2107 4170 2363 4225 libertate
2388 4180 2604 4228 utentes
2632 4172 2899 4243 (nondum
2933 4172 3079 4226 cnim
3119 4171 3418 4242 perfectam
3454 4173 3554 4226 ha—

1972 4257 2102 4310 bent
2134 4257 2489 4313 discernendi
2541 4259 2910 4328 facultatem),
2947 4259 3294 4328 frequentius
3345 4260 3412 4316 ad
3454 4278 3552 4318 eos

285 4346 569 4415 ορωπίαν,
603 4351 692 4402 καί
752 4350 1078 4426 ἀμέτρητον,
1107 4351 1455 4422 ἀγαθότητα,
1501 4352 1714 4422 πατέρα
1769 4351 1868 4420 μὲν

1977 4348 2078 4403 hac
2109 4363 2241 4402 voce
2282 4356 2540 4402 utuntur.
2580 4349 2657 4402 lta
2700 4357 2756 4406 et
2791 4364 2916 4412 nos,
2950 4358 3175 4418 propter
3202 4351 3551 4408 inenarrabi-

283 4437 581 4508 καλοῦμεν,
602 4439 674 4503 ὡς
697 4440 1170 4512 προσετάχθημεν,
1193 4440 1298 4494 τῶν
1319 4442 1456 4494 ὅλων
1478 4443 1568 4496 τὸν
1592 4443 1832 4512 Ποιητήν
1847 4460 1860 4471 ·

281 4530 589 4601 ἀγνοοῦμεν
620 4530 674 4584 δὲ
732 4533 854 4585 ὅσον
889 4531 1054 4586 αὐτοῦ
1084 4549 1142 4584 τε
1192 4533 1285 4586 καὶ
1315 4532 1471 4604 ἡμῶν
1497 4532 1557 4586 τὸ
1590 4533 1864 4604 διάφορον,

357 4725 379 4753 ²
419 4713 579 4770 Joan.
617 4731 728 4781 xv,
754 4714 841 4769 19.

1975 4439 2078 4492 lem
2098 4439 2218 4508 ejus
2237 4437 2624 4508 benignitatem
2640 4449 2693 4495 et
2711 4438 2980 4495 infinitam
3002 4441 3320 4506 bonitatem,
3342 4451 3548 4514 patrem

1974 4531 2197 4601 quidem
2250 4547 2539 4603 vocamus,
2581 4543 2640 4588 ut
2689 4531 2832 4601 iussi
2878 4549 3072 4590 sumus
3101 4575 3115 4602 ,
3165 4535 3549 4592 universorum

1578 4869 1809 4926 VARI/8
1841 4870 2241 4930 LECTIONES.

376 5008 426 5084 "_°
461 5009 505 5061 Δ
527 5007 573 5064 δ.
623 5025 674 5062 τ.
709 5008 1041 5084 liveripajroi
1051 5007 1363 5084 δεδομένην.
1445 5009 1504 5084 "_
1529 5005 1828 5084 Substituit
1852 5009 2406 5084 _cod._Augustanu_s
2432 5025 2551 5084 pro
2598 5012 2702 5084 hac
2737 5009 3216 5084 interpretatione,
3247 5008 3341 5062 καὶ
3371 5009 3552 5084 γᾴρ-

276 5078 660 5164 γινώσκοντες,
679 5081 840 5164 aliam
862 5077 970 5133 sub
999 5077 1335 5164 :l‘lteo’d'ore'ti
1363 5077 1925 5164 norrriqedrisygrbisg
1951 5081 2071 5135 Τῶν
2101 5077 2309 5164 νῆπίων
2345 5077 2472 5164 ξδιόν
2503 5083 2618 5164 ἐηστι
2643 5081 2705 5164 τί)
2734 5077 2905 5135 Ἀϐϐά
2925 5081 3108 5164 καλεῖν
3135 5081 3260 5164 τοὺς
3287 5081 3547 5164 πατέρας

277 5143 487 5232 νήπιοι,⁴
499 5150 556 5202 δὲ
575 5150 732 5232 ,κατὰ
760 5153 851 5204 τὸν
875 5151 1118 5232 παρέντα
1151 5149 1262 5218 βίον
1285 5143 1426 5232 ἦσαν
1455 5150 1504 5201 οἱ
1523 5148 1612 5232 διὰ
1635 5148 1730 5232 τοῦ
1759 5143 2450 5232 ραπξίσματοςιῆξιωμὲνοι
2481 5151 2580 5232 τῆς
2607 5151 2870 5232 υίότητος,
2893 5148 2991 5232 τὴν
3015 5149 3225 5232 τελείαν
3255 5150 3349 5203 καὶ
3371 5143 3548 5232 άληοίῆ

276 5215 370 5304 ἐπὶ
395 5219 490 5274 τοῦ
521 5219 809 5304 μέλλοντος
840 5215 1248 5304 προσδοκῷνξες
1270 5215 1486 5302 αἰῶνοςο
1505 5219 1567 5272 τὸ
1604 5215 1717 5304 οὖν,
1759 5215 1939 5274 ’Ἂϐὁᾶ
2029 5215 2233 5304 πατὴρ,
2255 5215 2488 5304 τέθεικε,
2521 5215 2704 5304 seu»
2734 5215 3079 5304 είςμήνυσιν
3098 5215 3551 5304 ,τῆςπρρσδοκῳῖ

276 5290 452 5360 μένης
481 5287 838 5373 τελειότητος,
871 5287 930 5343 τὸ
961 5289 1030 5373 δὲ.
1047 5288 1316 5373 σῦμδολον
1334 5292 1432 5358 τῆς
1455 5291 1736 5373 παρούσης
1759 5291 2148 5373 καταστάσεως
2162 5287 2286 5373 ’ἐνῇ
2315 5294 2524 5361 νηπίων
2553 5287 2798 5373 δίκηὶοῦχ
2817 5287 3032 5357 ὁλοτελῆ
3055 5287 3171 5373 τῶν
3196 5287 3420 5373 avdiit?»
3449 5293 3550 5362 τὴν

271 5359 573 5428 ,μετουσίαν
601 5362 974 5431 ὲκομίσαντο.‹
1017 5359 1286 5412 lnfantum
1321 5359 1602 5430 proprium
1629 5359 1712 5413 est
1741 5363 1960 5415 nomine
1979 5362 2131 5416 Abba
2157 5359 2394 5415 salutare
2420 5374 2623 5430 patres.
2659 5360 2949 5416 Enimvero
2981 5363 3071 5431 qui
3101 5377 3197 5432 per
3218 5359 3551 5432 baptismum

277 5431 640 5485 obtinuerunt
671 5432 1040 5487 adontionem.
1072 5428 1311 5484 infantes
1344 5438 1503 5482 erant
1537 5445 1632 5487 per
1669 5431 1807 5484 hanc
1835 5431 2026 5487 vitam.
2081 5432 2292 5487 ult-nam
2319 5447 2614 5487 veramque
2641 5432 2984 5487 adoptionem
3021 5433 3073 5487 in
3101 5437 3281 5487 futura
3315 5433 3428 5487 vita
3451 5445 3550 5484 cx-

277 5431 640 5485 obtinuerunt
671 5432 1040 5501 adoptionem,
1072 5431 1311 5484 infantes
1344 5438 1503 5482 erant
1537 5445 1632 5497 per
1669 5431 1807 5484 hanc
1835 5431 2026 5490 vitam,
2081 5432 2292 5500 plenam
2319 5447 2614 5499 veramque
2641 5432 2984 5499 adoptionem
3021 5433 3073 5488 in
3101 5431 3428 5487 l‘utura’vita
3451 5445 3550 5484 cx-

277 5499 798 5572 spectantes.Quarc
830 5501 962 5554 illud
994 5501 1169 5572 Abba,
1208 5499 1397 5572 Pater,
1424 5500 1698 5572 posuitiad
1749 5499 2164 5570 significandam
2219 5509 2330 5572 tum
2365 5515 2508 5562 cam,
2561 5516 2683 5570 quae
2716 5512 3090 5571 exspectatur,
3135 5500 3558 5572 perfectionem,

276 5577 410 5642 tum,
432 5571 582 5627 illam
606 5579 927 5640 pranentem
958 5569 1352 5634 conditionem,
1386 5569 1440 5624 in
1479 5583 1587 5638 qua
1617 5569 1889 5626 infantum
1926 5573 2101 5627 instar
2133 5569 2375 5626 nomium
2411 5569 2736 5640 acceperunt
2778 5569 3074 5642 perfectam
3106 5569 3393 5633 bonorum
3436 5581 3564 5636 pos-

277 5654 602 5699 sessronem.
