4074 6176
63 0 74 316 ¹

65 1191 72 1248 Ι

51 2009 66 2456 Ι

51 3025 58 3142 ἰ

49 3151 58 3264 ι

503 156 606 223 135

1483 157 1965 222 TIlEODORETI
2002 159 2340 224 EPISCOPI
2375 164 2736 229 CYRENSIS

3633 167 3735 240 l36
3789 200 3793 204 ‘

499 276 808 328 Creatorem
837 290 851 328 :
879 272 1154 328 nescimus
1174 281 1351 329 autem
1379 286 1581 342 quanta
1606 276 1681 329 sit
1707 277 1851 330 inter
1874 292 1974 332 nos
2008 287 2052 331 et

2164 276 2286 331 οὕτε
2339 282 2486 349 ἡμᾶς
2513 285 2712 348 αὐτοὺς
2773 285 3013 357 ἀκριϐῶς
3045 285 3426 356 ἐπιστάμενοι,
3451 286 3546 341 καὶ
3569 289 3734 346 αὑτοῦ

503 361 685 432 ipsum
725 359 1066 427 differentia,
1101 361 1196 431 qui
1232 376 1336 417 nec
1384 363 1644 433 nosipsos
1683 365 1921 435 perfecte
1969 382 2067 422 no-

499 453 699 516 vimus,
733 460 786 504 et
814 453 935 521 ejus
967 461 1215 506 naturam
1248 454 1469 522 penitus
1502 456 1843 526 ignoramus.

571 537 738 593 Vens.
777 539 866 593 ἰδέ
899 537 1018 607 Ipse
1043 542 1182 593 enim
1215 541 1448 612 Spiritus
1483 548 1843 600 testimonium
1890 549 2062 602 reddit

498 630 711 697 spiritui
745 640 945 696 nostra,
986 631 1123 701 quod
1161 649 1346 687 sumus
1377 635 1480 702 ﬁlii
1509 635 1626 691 Dei.
1661 639 1913 708 Appellat
1937 640 2064 708 Spi-

498 720 684 786 ritum,
721 729 972 773 naturam
1004 723 1235 791 spiritus
1260 743 1273 776 :
1298 726 1753 794 spiritumautem
1787 737 2061 795 nostrum,

497 810 678 864 datam
709 813 937 881 gratiam
971 829 984 863 :
1022 813 1134 868 bare
1175 816 1319 868 enim
1371 818 1651 886 :equivoee
1691 821 2060 890 appellantur.

499 905 639 958 Dicit
669 917 850 959 autem
882 921 981 960 nos
1006 906 1242 974 spiritali
1285 908 1550 964 doctrime
1581 911 1900 967 obedientes
1933 929 2062 967 ora-

499 996 700 1049 tionem
737 996 957 1050 otIerrc.
992 995 1102 1050 lloc
1132 1013 1264 1051 vero
1305 1009 1529 1069 agentes
1554 1017 1661 1055 non
1703 1003 2062 1072 repreliendi-

499 1102 644 1151 mur,
685 1087 813 1156 quia
839 1102 905 1140 ex
936 1088 1054 1156 lege
1079 1088 1264 1142 divina
1297 1089 1349 1143 id
1379 1089 1636 1146 facimus.

566 1174 732 1231 Vens.
764 1177 848 1230 l'i.
900 1175 958 1231 Si
1005 1188 1181 1232 autem
1224 1179 1352 1248 ﬁlii,
1384 1191 1432 1234 et
1456 1180 1708 1239 hwredes.
1758 1183 1876 1239 Non
1924 1185 2062 1242 satis

497 1264 656 1318 nobis
693 1265 796 1319 fuit
827 1280 853 1318 a
887 1267 1152 1321 servitute
1181 1267 1496 1335 liberari,et
1534 1272 1803 1328 libertatis
1826 1274 2058 1344 gratiam

500 1359 763 1429 assequi:
811 1359 908 1414 sed
959 1359 1194 1413 filiorum
1237 1362 1400 1416 etiam
1453 1364 1767 1434 adoptionis
1797 1367 2062 1437 dignitate

496 1447 674 1498 ornati
707 1461 939 1513 sumus;
975 1458 1030 1502 et
1063 1464 1168 1502 non
1196 1451 1375 1504 solum
1411 1455 1668 1522 appellati
1709 1471 1902 1511 sumus
1939 1456 2061 1520 lilii,

497 1535 590 1590 sed
630 1537 792 1590 etiam
822 1537 912 1592 Dei
940 1539 1202 1604 ltazredes,
1241 1549 1296 1596 et
1333 1543 1443 1612 87
1467 1545 1784 1601 colueredes
1817 1546 2058 1603 Christi.

2167 367 2264 439 τὴν
2287 358 2449 439 φύσιν
2479 373 2758 448 παντελῶς
2792 375 2865 445 μὴ
2895 375 3276 443 γινώσκοντες.

2241 531 2332 590 ις’.
2361 527 2520 581 Αὐτὸ
2547 527 2654 597 γὰρ
2681 530 2747 582 τὸ
2770 529 3009 600 Πνεῦμα
3029 535 3443 602 συμμαρτυρεῖ
3463 535 3542 602 τῷ
3561 538 3737 594 πνεύ-

2167 630 2303 675 ματι
2332 616 2518 685 ἡμῶν,
2548 618 2638 671 ὅτι
2687 618 2876 688 ἐσμὲν
2906 623 3086 675 τέκνα
3126 625 3292 679 Θεοῦ.
3325 626 3547 698 Πνεῦμα
3582 629 3740 682 καλεῖ

2167 706 2264 776 τὴν
2291 707 2450 775 φύσιν
2483 710 2575 762 τοῦ
2610 709 2926 781 Πνεύματος
2947 731 2958 743 ·
2991 713 3206 784 πνεῦμα
3228 716 3283 768 δὲ
3321 717 3497 786 ἡμῶν,
3527 719 3624 790 τὴν
3647 719 3734 772 δε-

2167 795 2396 868 δομένην
2459 800 2617 870 χάριν
2649 817 2662 831 ⁸
2707 801 3010 874 ὁμωνύμως
3068 805 3178 875 γὰρ
3231 805 3407 859 ταῦτα
3464 809 3730 865 καλεῖται.

2166 888 2328 956 Λέγει
2353 889 2409 942 δὲ
2440 891 2520 943 δτι
2553 894 2620 962 τῇ
2673 897 3013 964 πνευματικῇ
3055 895 3375 966 διδασκαλία
3420 899 3732 971 πειθόμενοι

2165 983 2544 1052 προσφέρομεν
2572 983 2668 1053 τὴν
2705 985 2897 1054 εὐχήν*
2927 987 2987 1038 ού
3021 988 3466 1060 κατηγορούμεθα
3493 991 3548 1044 δὲ
3577 992 3734 1048 τοῦτο

2166 1069 2479 1133 ποιοῦντες,
2511 1073 2696 1144 ἐπειδὴ
2729 1074 2871 1128 κατὰ
2907 1075 3065 1146 νόμον
3110 1075 3250 1132 θεῖον
3288 1079 3661 1150 ἐπιτελοῦμεν.

2236 1161 2319 1226 ιζ’.
2351 1165 2419 1216 El
2443 1161 2511 1216 δὲ
2562 1162 2767 1228 τέκνα,
2801 1166 2898 1220 καί
2944 1167 3322 1240 κληρονόμοι.
3363 1172 3475 1225 Ούκ
3501 1173 3736 1244 ἤρκεσεν

2163 1255 2310 1325 ἡμᾶς
2330 1256 2374 1288 ⁷³
2402 1257 2435 1325 ή
2472 1256 2570 1326 τῆς
2597 1256 2838 1322 δουλείας
2879 1259 3187 1331 ἀπαλλαγὴ,
3221 1261 3340 1315 οὐδὲ
3387 1261 3488 1333 τῆς
3518 1263 3733 1318 ἐλευθεο

2165 1346 2284 1416 ρίας
2309 1348 2341 1417 ἡ
2371 1349 2550 1416 χάρις,
2576 1349 2708 1402 ἀλλὰ
2745 1351 2838 1404 καὶ
2867 1350 2943 1423 τῷ
2991 1353 3088 1422 τῆς
3117 1352 3388 1418 υἱοθεσίας
3425 1356 3731 1428 ἐκοσμήθη-

2166 1439 2328 1505 μεντ³
2359 1439 2659 1509 ἀξιώματιο
2694 1441 2788 1493 καὶ
2838 1441 2898 1494 ού
2938 1442 3094 1514 μόνον
3144 1445 3248 1498 υίοὶ
3287 1448 3732 1519 προσηγορεύθη-

2169 1547 2289 1599 μεν,
2329 1531 2464 1586 ἀλλὰ
2514 1534 2608 1586 καὶ
2636 1534 2770 1587 Θεοῦ
2819 1534 3165 1606 κληρονόμοι,
3202 1537 3297 1589 καὶ
3341 1537 3574 1607 Χριστοῦ
3612 1557 3732 1606 συγ-

495 1626 608 1682 Hoc
637 1629 779 1684 enim
803 1630 1104 1698 subjunxit,
1136 1611 1366 1687 hazredes
1395 1611 1604 1704 quidem
1629 1637 1748 1701 Dei,
1769 1639 2052 1694 colueredet

2171 1623 2513 1694 κληρονόμοι.
2545 1623 2712 1677 Τοῦτο
2741 1626 2848 1694 γάρ
2901 1627 3144 1697 ἐπήγαγε
3166 1644 3178 1657 °
3209 1630 3580 1698 Κληρονόμει
3615 1637 3732 1699 μὲν

492 1735 611 1772 rcro
643 1719 860 1773 Christi.
905 1719 1175 1786 Quoniam
1219 1738 1327 1777 non
1361 1726 1542 1781 omnis
1574 1727 1719 1782 filius
1759 1737 1844 1783 est
1888 1729 2060 1785 haeres

492 1809 614 1877 ejus
647 1810 739 1878 qui
783 1826 906 1864 eum
943 1814 1269 1880 procreavit,
1312 1816 1507 1870 merito
1561 1817 1782 1873 divinus
1827 1819 2060 1889 Aposto-

494 1903 580 1956 lus
621 1917 743 1955 cum
777 1902 1008 1956 filiorum
1037 1905 1328 1974 adeptione
1348 1906 1722 1964 lnereditatetn
1749 1909 2055 1980 conjunxit.

495 1991 558 2044 Et
595 1993 854 2061 quoniam
887 2008 1028 2062 saepe
1061 1995 1223 2049 etiam
1253 1995 1490 2052 famulus
1519 1999 1719 2070 accipit
1754 2002 1990 2071 aliquam
2027 2018 2057 2055 a

493 2083 723 2137 Domino
757 2083 1152 2152 ltmreditatem,
1194 2102 1306 2142 non
1342 2097 1526 2144 tamen
1562 2091 1653 2144 lilii
1701 2107 1936 2147 consors
1965 2108 2057 2146 re-

490 2174 801 2244 linquitur,
865 2179 1183 2234 necessario
1239 2179 1488 2248 adjecit,
1530 2180 1820 2236 cohwredes
1882 2194 2056 2236 autem

489 2264 706 2331 Christi,
740 2274 799 2320 ut
837 2267 958 2338 ejus
1004 2269 1429 2326 inenarrabilem
1479 2271 1876 2328 humanitatem
1913 2285 2058 2345 pate-

488 2355 673 2414 faciet.
709 2358 768 2414 Si
792 2371 963 2415 tamen
998 2364 1369 2432 compatimur,
1397 2373 1454 2417 ut
1481 2374 1529 2419 et
1565 2367 2045 2437 congloriﬁcemur.

488 2450 605 2504 Non
634 2451 780 2505 enim
822 2467 1034 2516 omnes,
1065 2455 1158 2523 qui
1204 2455 1436 2508 salutari
1471 2457 1800 2526 baptismate
1843 2461 2053 2531 dignati

491 2549 642 2608 sunt,
672 2543 757 2598 bis
800 2544 960 2598 bonis
991 2543 1278 2610 fruuntur,
1313 2546 1410 2601 sed
1439 2549 1530 2617 qui
1573 2559 1836 2618 praeterea
1869 2551 2054 2607 Domi-

492 2632 740 2687 nicarum
771 2648 991 2704 quoque
1009 2636 1326 2705 passionum
1361 2640 1681 2696 societatem
1720 2643 2049 2715 suscipiunt.

490 2724 603 2780 Hec
649 2732 832 2780 autem
887 2742 994 2783 non
1045 2737 1250 2785 temere
1294 2732 1576 2801 apposuit,
1607 2733 1702 2788 sed
1739 2735 1805 2789 ad
1857 2753 2049 2793 eorum

485 2818 686 2887 quibus
715 2817 992 2874 scribebat
1015 2821 1472 2878 consolationem.
1504 2821 1867 2882 Sustinebant
1905 2830 2050 2884 enim

485 2909 664 2963 omnis
683 2909 1284 2979 generistentationum
1312 2911 1572 2979 insultus,
1598 2913 1816 2984 injuriis
1848 2913 2048 2981 allecti,
2079 2960 2125 3018 ο

485 3001 779 3056 tormentis
825 3001 1025 3067 vexati,
1051 3004 1070 3026 '
1110 3009 1164 3056 et
1209 3002 1261 3055 in
1292 3017 1542 3059 carceres
1585 3006 1844 3082 eoonjecti,
1888 3017 1942 3062 et
1974 3009 2054 3062 in-

487 3093 845 3146 numerabilia
877 3093 1068 3148 mortis
1086 3108 1292 3163 genera
1315 3095 1664 3153 suﬂ'crentes.
1687 3098 2053 3162 Quamobrem

485 3180 655 3234 verba
685 3181 845 3234 etiam
873 3182 1240 3236 consolatoria
1275 3185 1543 3256 adju'ngit,
1576 3203 1640 3241 ex
1683 3186 1885 3244 futuris
1920 3207 2054 3245 con-

486 3272 692 3336 solans,
721 3280 776 3328 et
816 3271 883 3326 ad
914 3274 1204 3343 praesentia
1240 3274 1365 3330 forti
1392 3278 1576 3332 animo
1605 3278 1823 3334 ferenda
1853 3283 2052 3336 adhor-

485 3371 630 3417 tatis.

555 3473 718 3528 Vens.
753 3474 838 3529 £8.
865 3475 1128 3530 Existimo
1157 3477 1293 3530 enim
1325 3479 1463 3547 quod
1489 3494 1592 3532 non
1615 3488 1738 3532 sunt
1773 3481 2048 3551 condigna:

483 3568 752 3632 passiones
783 3566 940 3634 hujus
972 3568 1222 3636 temporis
1258 3568 1328 3621 ad
1362 3568 1600 3637 futuram
1627 3571 1876 3639 gloriam,
1931 3587 2050 3641 qua:

484 3655 797 3709 revelabitur
845 3657 899 3709 in
952 3657 1124 3710 nobis.
1152 3656 1429 3726 Superant
1473 3661 1773 3715 certamina
1811 3677 2046 3728 coronat,

486 3760 592 3798 non
629 3754 1020 3814 comparantur
1049 3761 1176 3800 cum
1201 3747 1484 3801 laboribus
1512 3751 1998 3806 remunerationes
2029 3769 2044 3806 :

485 3850 683 3904 parvus
715 3845 796 3888 est
839 3835 1012 3901 labor,
1055 3837 1147 3892 sed
1179 3851 1436 3908 magnum
1465 3838 1708 3905 lucrum,
1745 3840 1892 3910 quod
1923 3857 2046 3911 spe-

487 3936 661 3979 ratur.
693 3923 754 3978 Et
778 3934 1065 3996 propterea
1096 3942 1204 3981 non
1231 3929 1557 3994 mercedem,
1581 3930 1674 3985 sed
1693 3930 1926 4001 gloriam
1955 3947 2047 3986 vo-

481 4015 627 4070 cavit
657 4031 719 4069 ea
749 4033 868 4086 qlia:
901 4026 1309 4088 exspectantur.

550 4106 715 4163 Vens.
751 4108 837 4163 19.
877 4108 1020 4163 Nam
1045 4113 1364 4181 exspectatio
1393 4123 1652 4168 creatum
1673 4114 2043 4171 rerelationem

479 4198 710 4270 ﬁliorum
743 4199 840 4253 Dei
871 4210 1156 4269 exspectat.
1185 4200 1305 4256 Non
1333 4202 1555 4265 videtis,
1591 4205 1794 4275 inquit,
1814 4208 2039 4274 caelum,

2171 1715 2337 1779 Θεοῦ,
2372 1718 2851 1786 συγκληρονόμοι
2885 1717 2951 1769 δὲ
2981 1719 3256 1786 Χριστοῦ.
3297 1719 3512 1786 Ἐπειδὴ
3538 1721 3598 1774 οὐ
3625 1724 3730 1784 πᾶς

2169 1809 2282 1870 trib;
2306 1808 2637 1879 κληρονόμος
2666 1809 2756 1862 τοῦ
2779 1809 3043 1878 φύσαντος
3064 1810 3287 1879 γίνεται,
3307 1812 3528 1874 είκότως
3547 1813 3573 1864 ὁ
3591 1813 3729 1876 θεῖος

2179 1899 2500 1963 Ἀπόστολος
2528 1905 2594 1971 τῇ
2629 1900 2867 1973 υἱοθεσία
2903 1901 2999 1972 τὴν
3027 1902 3389 1974 κληρονομίαν
3422 1903 3725 1968 συνέζευξα.

2167 1992 2274 2044 Καὶ
2298 1991 2483 2062 ἐπειδὴ
2522 1992 2778 2057 πολλάκις
2811 1995 2902 2046 καὶ
2936 1993 3148 2064 οἰκέτης
3176 1995 3386 2066 δέχεταί
3415 2013 3534 2050 τινα
3580 1999 3731 2067 παρὰ

2163 2081 2256 2134 τοῦ
2287 2081 2542 2134 δεσπότου
2569 2082 2788 2153 κλῆρον,
2821 2083 2880 2136 ού
2909 2084 3012 2154 μὴν
3043 2085 3294 2148 κοινωνὸς
3323 2085 3725 2158 καταλιμπάνε-

2168 2189 2259 2225 ται
2279 2173 2373 2226 τοῦ
2399 2174 2604 2238 παιδὸς,
2637 2174 2946 2242 ἀναγκαίως
2983 2176 3355 2246 προστέθεικε,
3387 2183 3726 2248 συγκληρο-

2162 2265 2331 2334 νόμοι
2363 2265 2430 2319 δὲ
2456 2268 2734 2335 Χριστοῦ,
2759 2269 2846 2321 ἴνα
2880 2268 2974 2340 τὴν
3001 2269 3272 2340 ἄφραστον
3320 2271 3728 2341 φιλανθρωπίαν

2162 2357 2446 2429 γυμνὼσῃ.
2486 2360 2668 2429 Εἴπερ
2693 2359 3154 2430 συμπάσχομεν,
3183 2361 3282 2416 ἵνα
3307 2362 3404 2415 καί
3429 2363 3726 2429 συνδοξα-

2161 2449 2415 2520 σθῶμεν.
2444 2452 2518 2504 υύ
2552 2452 2658 2522 γὰρ
2685 2452 2921 2516 ἅπαντες
2939 2455 2988 2506 oi
3010 2453 3103 2506 τοῦ
3130 2453 3395 2525 σωτηρίου
3417 2453 3726 2526 βαπτίσμα-

2159 2558 2250 2606 τος
2273 2541 2590 2608 ἀξιωθέντες
2624 2543 2826 2597 τούτων
2856 2543 3183 2598 ἀπολαύουσι
3216 2545 3321 2598 τῶν
3344 2546 3578 2614 ἀγαθῶν,
3608 2547 3722 2600 ἀλλ’

2159 2636 2208 2688 οἱ
2240 2635 2378 2706 πρὸς
2409 2635 2582 2707 τούτῳ
2636 2637 2728 2690 καί
2777 2636 2875 2708 τὴν
2927 2638 3209 2692 κοινωνίαν
3235 2638 3340 2691 τῶν
3381 2639 3722 2692 Δεσποτικῶν

2161 2725 2501 2798 παθημάτων
2552 2727 2991 2799 καταδεχόμενοι.
3050 2729 3220 2782 Τοῦτο
3276 2730 3334 2784 δὲ
3383 2731 3480 2801 οὐχ
3539 2730 3722 2792 ἁπλῶς

2159 2817 2542 2887 προστέθεικεν
2567 2860 2580 2884 ,
2614 2819 2728 2872 ἀλλ’
2772 2822 2851 2883 είς
2900 2820 3254 2890 ψυχαγωγίαν
3284 2821 3392 2876 τῶν
3435 2822 3502 2876 τά
3546 2824 3722 2893 γράμ-

2161 2911 2362 2978 pars.”
2387 2910 2710 2981 δεχομένων.
2744 2911 3094 2975 Παντοδαπὰς
3126 2913 3235 2984 γὰρ
3267 2913 3508 2984 ἐδέχοντο
3531 2932 3721 2986 πειρα-

2160 3001 2312 3071 σμῶν
2361 3002 2688 3074 προσϐολάς,
2738 3003 3090 3074 αἰκιζόμενοι,
3122 3006 3214 3058 καὶ
3270 3005 3716 3076 στρεϐλούμενοι,

2157 3095 2250 3146 καὶ
2282 3094 2717 3165 καθειργόμενοι,
2751 3096 2844 3148 καὶ⁸
2887 3096 3058 3166 μυρία
3093 3095 3334 3150 θανάτων
3363 3095 3718 3166 ὑπομένοντες

2156 3182 2292 3248 εἴδη.
2325 3178 2397 3240 Οὗ
2426 3187 2490 3257 δὴ
2514 3185 2670 3258 χάριν
2694 3185 3176 3258 παραμυθητικοὺς
3200 3187 3472 3256 ὲξνφαίνει
3503 3186 3716 3256 λόγους,

2154 3276 2261 3328 ἀπὸ
2286 3275 2392 3328 τῶν
2422 3277 2721 3346 μελλόντων
2743 3278 3106 3348 ψυχαγωγῶν,
3126 3280 3218 3334 καὶ
3250 3279 3436 3350 φέρειν
3460 3280 3717 3348 γενναίως

2153 3371 2218 3424 τὰ
2253 3372 2495 3442 παρόντα
2539 3373 2889 3444 παρακαλῶν.

2225 3469 2313 3533 ιη’.
2337 3463 2641 3533 Λογίζομαι
2671 3464 2779 3534 γὰρ
2831 3465 2917 3518 ὅτι
2965 3467 3074 3520 οὐκ
3120 3466 3259 3530 ἄξια
3292 3467 3364 3520 τὰ
3404 3467 3718 3534 παθήματα

2150 3555 2258 3609 τοῦ
2281 3555 2398 3610 νῦν
2425 3557 2632 3626 καιροῦ
2659 3555 2807 3625 πρὸς
2840 3557 2955 3624 τὴν
2977 3557 3334 3626 μέλλουσαν
3361 3558 3548 3622 δόξαν
3571 3559 3716 3612 ἀπο-

2149 3648 2558 3703 καλύπτεσθαι
2584 3650 2664 3714 είς
2701 3646 2874 3716 ἡμᾶς.
2905 3647 3316 3718 Ὑπερϐαίνουσι
3345 3649 3468 3711 τοὺς
3501 3647 3715 3715 ἀγῶνας

2149 3741 2198 3792 οἱ
2232 3738 2505 3808 στέφανοι,
2541 3740 2602 3792 ού
2641 3739 3020 3812 συγκρίνονται
3059 3742 3170 3802 τοῖς
3219 3739 3397 3801 πόνοις
3421 3741 3477 3791 αί
3509 3739 3713 3792 ἀντιδό-

2151 3849 2295 3895 σειςο
2339 3832 2828 3903 σμικρὸςὸπόνος,
2878 3833 3010 3886 ἀλλὰ
3065 3831 3198 3885 πολὺ
3255 3833 3315 3884 τὸ
3365 3829 3713 3900 ἐλπιζόμενον

2148 3923 2357 3994 κέρδος.
2381 3922 2480 3976 Διά
2502 3939 2583 3974 τοι
2604 3921 2778 3983 τοῦτο,
2796 3923 2857 3974 ού
2886 3921 3094 3991 μισθὸν,
3113 3920 3244 3974 ἀλλὰ
3268 3920 3423 3988 δόξαν
3449 3923 3518 3974 τὰ
3546 3937 3713 3991 προσ-ι

2145 4014 2422 4084 δοκῶμενα
2469 4015 2921 4085 προσηγόρευσεν.

2221 4103 2305 4158 ιϐ’.
2365 4105 2427 4159 Ἡ
2471 4104 2580 4174 γὰρ
2631 4104 3076 4172 ἀποκαραδοκία
3118 4103 3228 4172 τῆς
3287 4104 3540 4168 κτίσεως
3597 4102 3714 4170 τὴν

2145 4195 2535 4266 ἀποκάλυψιν
2589 4195 2706 4249 τῶν
2763 4195 2910 4250 υἱῶν
2943 4195 3048 4249 τοῦ
3100 4193 3248 4248 Θεοῦ
3299 4193 3709 4262 ἀπεκδέχεται..

423 4305 438 4316 ί
480 4303 705 4355 terram,
751 4307 920 4358 mare,
980 4307 1186 4356 aerem,
1237 4294 1432 4357 solem,
1484 4295 1693 4360 lunam,
1745 4305 1798 4352 et
1822 4313 2037 4356 onmem

2156 4287 2256 4357 Οὐχ
2310 4288 2492 4358 ὁρᾶτε,
2543 4285 3000 4357 φησίῃούρανδν,
3053 4287 3174 4354 γῆν,
3229 4285 3516 4350 θάλατταν,
3548 4284 3706 4356 ἀέρα,

478 4398 600 4453 qua:
641 4383 817 4438 oculis
859 4384 1102 4439 cernitur
1145 4394 1476 4451 creaturam,
1504 4399 1558 4442 et
1608 4404 1730 4458 qua:
1779 4398 2040 4458 praeterea

478 4473 581 4527 sub
647 4475 822 4528 visum
877 4491 987 4529 non
1044 4475 1270 4541 cadunt,
1318 4478 1576 4549 Angelos,
1639 4482 2040 4552 Arcltangelos,

478 4559 745 4625 Virtutes,
817 4564 1194 4634 Principatus,
1259 4567 1374 4636 88
1410 4566 1880 4626 Dominationes?
1925 4573 2040 4629 haec

475 4653 658 4707 omnia
693 4662 929 4708 vestram
961 4654 1348 4725 perfectionem
1380 4669 1725 4728 exspectant.

550 4744 711 4799 Vens.
755 4743 846 4798 20.
905 4745 1147 4800 Vanitati
1195 4749 1332 4801 enim
1376 4758 1618 4804 creatura
1658 4753 1895 4824 subjecta
1940 4767 2040 4825 est,

475 4851 575 4887 non
607 4837 799 4899 volens,
834 4835 924 4890 sed
951 4847 1161 4906 propter
1193 4854 1311 4892 eum
1333 4840 1424 4908 qui
1448 4839 1671 4909 subjecit
1700 4859 1817 4897 eam
1845 4846 1898 4898 iu
1927 4864 2036 4916 spe.

475 4924 780 4981 Vanitatem
825 4928 1062 4997 appellat
1084 4929 1513 4998 corruptionem.
1549 4929 1664 4986 Hoc
1688 4933 1832 4986 enim
1877 4938 2039 5004 paulo

472 5027 595 5084 post
645 5018 802 5072 ducet
847 5018 964 5073 fore
999 5029 1055 5072 ut
1095 5021 1260 5074 ctiam
1316 5019 1432 5088 ipsa
1486 5031 1738 5076 creatura
1776 5022 2044 5078 liberetur

474 5122 502 5158 ιι
551 5109 819 5161 servitute
852 5109 1232 5177 corruptionis
1260 5149 1274 5162 .
1307 5109 1476 5165 Docet
1514 5119 1696 5164 autem
1739 5113 1884 5180 quod
1926 5129 2042 5169 om-

469 5197 576 5262 nis,
605 5214 725 5266 quae
750 5197 986 5260 videtur,
1020 5183 1293 5266 creatura,
1327 5200 1612 5254 mortalem
1640 5211 1892 5256 naturam
1914 5221 2035 5260 sor-

469 5287 563 5339 lita
598 5287 666 5340 sit
695 5304 708 5350 ;
743 5288 1000 5354 quoniam
1031 5289 1414 5340 universorum
1439 5292 1670 5344 Greater
1699 5293 2031 5360 prtet'idebat

2145 4378 2315 4449 ἥλιον,
2352 4379 2599 4450 σελήνην,
2649 4380 2828 4432 πᾶσαν
2883 4378 2982 4449 τὴν
3033 4379 3314 4449 ὁρωμένην
3371 4378 3580 4442 κτίσιν,
3614 4377 3708 4429 καὶ

2145 4469 2279 4538 πρὸς
2307 4467 2513 4531 τούτοις
2546 4469 2772 4540 ἀόρατα,
2813 4468 3118 4537 Ἀγγέλους,
3155 4467 3567 4538 Ἀρχαγγέλονς,
3603 4469 3706 4518 Ao-

2141 4563 2353 4633 νάμεις,
2397 4561 2692 4627 Ἐξουσίας,
2740 4562 3111 4631 Κυριότητας;
3157 4560 3339 4613 Ταῦτα
3389 4561 3564 4614 πάντα
3610 4558 3706 4628 τὴν

2142 4654 2411 4724 ὑμετέραν
2443 4654 2737 4724 προσμένει
2769 4651 3062 4704 τελείωσιν.

2213 4753 2279 4801 κ’.
2317 4746 2394 4813 Τῇ
2427 4746 2536 4814 γὰρ
2587 4746 2928 4814 ματαιότητι
2959 4744 2991 4810 ι’]
3042 4744 3237 4809 κτίσις
3275 4743 3561 4812 ὑπετάγη,
3591 4745 3704 4812 οὐχ

2140 4839 2389 4902 ἑκοῦσα,
2422 4837 2581 4893 ἀλλὰ
2633 4837 2730 4890 διὰ
2777 4836 2884 4889 τὸν
2934 4836 3317 4900 ὑποτάξαντα
3361 4837 3452 4889 ἐπ’
3481 4835 3702 4890 ἐλπίδι,

2140 4930 2492 5000 Ματαιότητσ.
2522 4928 2676 4982 καλεῖ
2703 4928 2801 4998 τὴν
2831 4928 3054 4998 φθοράν.
3085 4927 3252 4980 Τοῦτο
3276 4929 3385 4996 γὰρ
3407 4927 3523 4997 μετ’
3550 4927 3704 4992 ὀλίγα

2139 5023 2495 5087 διδάσκει,ότι
2525 5025 2617 5074 καὶ
2647 5022 2840 5092 αύτὴή
2871 5021 3047 5083 κτίσις
3073 5019 3566 5090 ἐλευθερωθήσεται
3597 5022 3705 5072 ἁπὴ

2138 5116 2240 5185 τῆς
2284 5115 2523 5178 δουλείας
2569 5115 2667 5185 τῆς
2707 5114 2929 5184 φθορᾶς.
2963 5114 3211 5166 Διδάσκει
3249 5112 3324 5178 δὲ,
3359 5112 3434 5175 ὡς
3479 5114 3624 5165 πᾶσα
3669 5115 3702 5181 ἡ

2143 5205 2368 5274 κτίσιςὴ
2392 5205 2643 5275 ὁρωμένη
2663 5203 2861 5274 θνητὴν
2886 5204 3043 5273 ἔλαχε
3063 5203 3243 5272 φύσινο
3266 5201 3563 5271 ἐπειδήπερ
3594 5200 3703 5252 τῶν

2139 5297 2275 5351 ὅλων
2304 5299 2331 5351 ὁ
2357 5297 2589 5368 Ποιητὴς
2617 5295 2865 5366 προεώρα
2899 5293 2990 5346 τοῦ
3033 5294 3202 5365 Ἀδὰμ
3241 5295 3336 5362 τὴν
3371 5291 3702 5364 παράϐασιν,

1761 5468 1990 5527 VARI/ii
2029 5474 2428 5531 LECTIONES.

522 5550 634 5603 "A
676 5552 826 5620 ἡμῖν.
908 5554 951 5584 ⁷³
981 5559 1022 5611 Α
1063 5556 1378 5629 ἐκοσμήθη.
1477 5561 1520 5591 ⁷⁵
1555 5562 1597 5612 Α
1643 5561 1962 5632 πράγματα.
