4074 6164
467 229 580 297 «ΠΙ

1082 340 1308 398 CAP-UT
1354 341 1439 395 Kl.

564 442 724 492 Vens.
764 439 810 490 ι.
857 436 982 489 Dico
1011 451 1131 505 ergo
1162 451 1179 487 :
1217 431 1471 503 Nunquid
1507 430 1645 485 Deus
1679 430 1867 499 repulit
1893 444 2056 497 popu-

483 533 590 587 lum
629 532 826 586 suum?
854 527 1026 582 Absit.
1071 525 1273 580 Deinde
1303 540 1426 579 cum
1455 530 1643 593 posset
1667 538 1731 577 ex
1761 520 1888 575 aliis
1921 519 2058 574 mul—

481 624 551 677 tis
581 623 688 676 hoc
719 621 975 690 probare,
1006 625 1060 672 et
1093 616 1146 670 in
1180 613 1419 669 medium
1450 611 1695 684 proferre
1726 612 1830 665 tria
1863 607 2054 672 millia,

461 729 602 783 ~qute
627 696 1022 780 Hierosolymis
1044 706 1416 776 crediderunt“,
1445 713 1500 759 et
1525 703 1727 758 multas
1757 699 2055 772 niyriadas,

473 806 548 862 de
573 808 777 876 quibus
801 803 934 858 dicit
953 808 1176 858 sanctus
1199 799 1440 855 Jacobus
1471 797 1523 861 ἀ,
1545 807 1598 851 et
1617 810 1711 849 eos
1735 794 1827 864 qui
1859 793 1914 846 in
1941 797 2058 844 toto

481 908 753 950 terrarum
783 894 914 947 urbe
940 907 1005 946 ex
1029 889 1234 945 Iudaeis
1261 888 1710 960 praedicationem
1739 897 2056 952 suscepere,

471 1001 581 1056 pro
608 985 700 1040 his
734 983 994 1038 omnibus
1028 983 1270 1052 scipsum
1301 977 1565 1043 ostendit,
1597 984 1652 1031 et
1682 975 1815 1030 dicit
1845 991 1859 1027 :

559 1159 698 1212 Nam
736 1167 786 1212 et
825 1174 919 1228 ego
975 1156 1226 1210 Israelita
1255 1171 1391 1218 sum,
1426 1168 1491 1208 ex
1519 1149 1712 1205 semine
1742 1141 2054 1206 Abrahami,

465 1250 546 1304 de
575 1249 712 1303 tribu
743 1248 1094 1318 Benjamiuis.
1149 1244 1335 1316 (Vens.
1376 1242 1454 1314 Ξ.)
1509 1240 1631 1294 Non
1677 1237 1866 1306 repulit
1919 1235 2056 1287 Deus

475 1343 679 1412 plebem
717 1356 890 1407 suam,
924 1356 1082 1410 quam
1130 1337 1413 1408 prarscivit.
1447 1333 1523 1392 ,Si
1559 1332 1705 1387 enim
1743 1327 2056 1397 repulisset,

481 1449 658 1490 essem
681 1441 734 1488 et
759 1448 858 1502 ego
889 1447 1030 1485 unus
1050 1444 1240 1484 eorum
1276 1427 1368 1497 qui
1399 1433 1750 1481 accusantur.
1780 1421 1891 1489 Ego
1914 1419 2057 1475 enim

455 1545 547 1592 rx
581 1529 672 1581 illa
705 1526 894 1580 radice
920 1522 1124 1594 prodii,
1161 1529 1216 1575 et
1241 1517 1460 1591 generis
1496 1524 1776 1586 parentem
1805 1511 2059 1568 Abraha-

479 1635 629 1676 mum
660 1619 922 1691 praedico,
953 1625 1008 1672 et
1040 1615 1107 1671 de
1139 1613 1457 1681 Benjamiue
1489 1611 1669 1665 tribus
1697 1623 1829 1663 mea:
1859 1614 2053 1662 aucto-

1449 226 1933 287 THEODORETI
1977 223 2312 286 EPISCOPI
2337 225 2709 287 CYRENSIS
3623 221 3730 290 .l-i'!

2669 317 3058 388 numnam
3095 335 3192 386 ur.

2230 435 2294 482 α’.
2329 429 2489 498 Λέγω
2538 424 2680 484 οὖν’
2713 428 2827 496 ’Μὴ
2877 409 3230 481 ἀπώσατσό
3281 425 3420 491 Θεὸς
3457 422 3560 479 τὸν
3579 427 3732 480 λαὸν

2159 523 2383 586 αὐτοῦ;
2418 521 2514 589 Μὴ
2551 521 2800 591 γένοιτο.
2840 517 2970 573 Εἶτα
3015 520 3115 590 τὴν
3141 517 3326 573 τούτου
3373 515 3649 582 ἀπόδειξιν
3676 519 3732 584 ἐξ

2160 615 2363 686 ἑτέρων
2389 614 2597 667 πολλῶν
2629 614 2924 683 δυνάμενος
2982 615 3304 684 παρασχεῖν,
3360 611 3455 664 καὶ
3506 612 3733 679 ἀγαγεῖν

2159 709 2236 770 εἰς
2275 707 2436 776 μέσον
2483 705 2607 769 τούς
2639 723 2695 758 τε
2755 707 2812 758 ἐν
2865 704 3256 775 Ἱεροσολύμοις
3304 703 3768 766 πεπιστευκότας-

2157 795 2507 867 τρισχιλίους,
2542 796 2636 849 καὶ
2686 784 2784 858 τὰς
2835 793 3036 856 πολλὰς
3079 792 3368 864 μυριάδας,
3420 791 3548 862 περὶ
3590 783 3666 844 ὧν
3707 792 3735 842 ὁ

2162 888 2332 957 μέγας
2375 885 2628 948 Ἰάκωϐος
2655 885 2780 956 ἔφη,
2811 887 2908 938 καὶ
2948 884 3074 948 τοὺς
3118 883 3259 936 κατὰ
3287 881 3384 952 τὴν
3411 882 3734 951 οἰκουμένην

2159 979 2219 1044 ἐξ
2270 979 2534 1032 Ἰουδαίων
2567 978 2614 1009 ⁸⁸
2641 975 2966 1046 δεξαμένους
2991 973 3052 1027 τδ
3079 974 3362 1045 κήρυγμα,
3385 972 3505 1026 ἀντὶ
3531 971 3735 1028 τούτων

2159 1072 2377 1124 πάντων
2409 1070 2600 1124 ἑαυτὸν
2639 1069 2994 1131 ἐπιδείκνυσι,
3029 1066 3122 1120 καί
3145 1082 3312 1136 φησι·

2231 1164 2338 1218 Kal
2372 1163 2482 1232 γὰρ
2518 1148 2634 1231 ἐγῶ
2677 1160 3050 1229 Ἰσραηλίταις
3089 1156 3227 1226 εἰμὶ,
3275 1156 3344 1210 ἐκ
3394 1155 3736 1224 σπέρματος

2172 1241 2441 1324 Ἀϐραὰμ,
2473 1241 2673 1324 φυλῆς
2738 1253 3036 1320 Βενιαμίν.
3074 1251 3187 1321 (β’.)
3231 1251 3352 1304 Οὐκ
3387 1249 3670 1303 ἀπώσατο
3704 1253 3736 1302 ό

2162 1347 2307 1414 Θεὸς
2362 1346 2469 1400 τὸν
2511 1345 2666 1400 λαὸν
2717 1341 2923 1406 αὐτοῦ.
2960 1343 3032 1397 ὃν
3071 1340 3354 1412 προέγνω.
3393 1341 3455 1393 Εἰ
3486 1340 3594 1410 γὰρ
3639 1341 3738 1392 ἅπ-

2157 1438 2358 1502 ώσατο,
2415 1433 2494 1500 εἷς
2525 1437 2594 1513 ἂν
2643 1432 2710 1506 ἦν
2752 1435 2858 1489 τῶν
2905 1432 3392 1506 κατηγορουμένων
3428 1431 3601 1499 κάγώ.
3647 1430 3735 1494 Ἐξ

2159 1529 2373 1599 ἐκείνης
2440 1527 2547 1598 γὰρ
2597 1525 2751 1594 κάγὼ
2789 1527 2885 1597 τῆς
2927 1525 3081 1596 ῥίζης
3141 1523 3467 1593 ἐϐλάστησα,
3512 1523 3608 1574 καὶ
3644 1520 3735 1572 τὸν

2175 1620 2426 1691 Ἀδραὰμ
2477 1617 2626 1688 αὑχῶ
2685 1617 2980 1687 πρόγονον,
3031 1617 3124 1668 καὶ
3169 1615 3260 1666 τὸν
3294 1612 3554 1681 Βενιαμὶν
3607 1612 3734 1680 φύλ-

485 1727 560 1774 re,
595 1679 754 1764 et.de
781 1679 1044 1763 Israelita;
1087 1679 1454 1775 appellatione
1483 1700 1707 1771 glorior.
1760 1697 1926 1753 Recte
1958 1711 2055 1753 au-

2163 1727 2353 1780 αρχον,
2387 1709 2481 1762 καὶ
2515 1711 2579 1778 τῇ
2615 1707 2708 1760 τοῦ
2756 1706 2972 1777 Ἰσραὴλ
3001 1704 3341 1776 προσηγορίᾳ
3379 1701 3732 1773 σεμνύνομαι.

483 1814 593 1856 tem
627 1800 832 1869 adjecit
860 1808 912 1854 et
944 1797 1102 1860 illud,
1131 1793 1586 1866 quemrprazscivit,
1623 1791 1678 1845 id
1705 1798 1810 1858 est,
1839 1803 1935 1844 eos
1967 1787 2058 1858 qui

476 1893 633 1962 (ligni
668 1891 888 1944 luerunt
919 1887 1013 1942 Dei
1041 1884 1380 1957 cognitione,
1416 1883 1509 1953 qui
1547 1881 1899 1952 splendorem
1933 1877 2058 1933 ﬁdei

484 1987 872 2052 susceperunt.
909 1977 1023 2035 Hoc
1053 1977 1198 2033 enim
1236 1986 1423 2048 postea
1453 1974 1632 2029 docet.

455 2155 462 2162 ’
556 2157 636 2211 Αη
669 2155 881 2211 nescitis
914 2154 968 2207 in
1000 2153 1122 2208 Elia
1151 2149 1276 2222 quid
1307 2151 1448 2202 dicat
1481 2146 1779 2216 Scriptura,
1809 2143 2061 2213 quemad-

484 2251 697 2306 modum
723 2249 1020 2317 interpellat
1057 2244 1220 2298 Deum
1252 2241 1501 2296 adversus
1540 2238 1836 2294 lsraelem?
1867 2235 2056 2308 (Vsus.

483 2343 536 2403 5.
570 2341 649 2411 4.)
698 2338 942 2402 Domine,
972 2333 1250 2403 prophetas
1288 2341 1402 2384 tuos
1437 2327 1757 2387 occiderunt,
1785 2334 1832 2376 et
1863 2323 2060 2376 altaria

483 2445 575 2488 tua
609 2427 976 2501 stt/foderunt;
1025 2435 1074 2482 et
1113 2441 1213 2496 ego
1239 2423 1450 2476 relictus
1477 2435 1595 2474 sum
1632 2417 1798 2481 solus,
1834 2422 1882 2467 et
1913 2428 2057 2482 qua:-

480 2533 604 2580 runt
635 2525 890 2578 .animam
940 2534 1133 2572 meam.
1189 2513 1290 2570 Sed
1338 2510 1462 2583 quid
1509 2510 1637 2563 dicit
1693 2507 1777 2561 illi
1825 2505 2058 2558 divinum

481 2615 827 2686 responsum?
869 2609 1078 2680 Reliqui
1108 2608 1235 2661 mihi
1264 2614 1456 2676 septem
1491 2601 1659 2654 millia
1690 2601 1943 2680 virorum,
1971 2596 2058 2664 qui

471 2726 588 2764 .non
625 2710 967 2761 curvaverant
993 2717 1127 2772 genu
1156 2707 1277 2752 ante
1322 2675 1568 2750 Baalem.
1615 2691 1716 2745 Illo
1745 2675 1934 2750 etiam,
1969 2689 2058 2742 iu-

481 2802 622 2874 quit,
669 2808 918 2869 tempore
965 2794 1153 2848 multa:
1198 2773 1478 2861 myriades
1525 2793 1682 2840 erant
1729 2781 1971 2844 lsraelis,
2006 2787 2060 2835 et

482 2872 676 2950 omnes
719 2888 888 2946 lsrael
927 2886 1310 2950 vocabantur;
1361 2879 1456 2936 sed
1493 2877 1880 2932 universorum
1915 2872 2058 2927 Deus

2161 1801 2358 1863 Καλῶς
2410 1799 2465 1852 δὲ
2509 1800 2620 1866 καὶ,
2647 1798 2722 1852 ’ὃν
2770 1797 3054 1866 προέγνω,
3095 1795 3466 1866 προστέθεικε,
3492 1794 3735 1845 τουτέστι

2159 1893 2285 1955 τοὺς
2316 1890 2416 1961 τῆς
2451 1889 2780 1959 θεογνωσίας
2820 1888 3026 1954 ἀξίους,
3085 1887 3210 1965 τοὺς
3233 1905 3239 1912 ·
3262 1888 3359 1956 τῆς
3390 1885 3621 1948 πίστεως
3639 1885 3734 1956 ,δε-

2162 1983 2428 2054 ξαμένους
2479 1983 2578 2054 τὴν
2630 1981 2844 2052 αἴγλην.
2897 1979 3066 2034 Τοῦτο
3137 1978 3238 2050 γὰρ
3283 1976 3418 2049 μετὰ
3455 1975 3626 2029 ταῦτα
3657 1974 3734 2029 δι-

2158 2075 2369 2129 δάσκει.

2231 2170 2310 2223 ’Ἡ
2333 2169 2445 2221 οὐκ
2482 2165 2679 2220 οἴδατε
2727 2164 2796 2217 ἐν
2847 2163 3019 2229 Ἠλίᾳ
3045 2162 3101 2215 τί
3129 2160 3288 2230 ,λέγει
3319 2161 3359 2228 ἡ
3395 2158 3627 2229 Γραφὴ,
3654 2158 3733 2224 ὠς

2158 2259 2510 2330 ἐντυγχάνει
2549 2257 2629 2323 τῷ
2677 2255 2798 2320 Θεῷ
2858 2256 3006 2308 κατὰ
3045 2254 3150 2307 τοῦ
3201 2252 3478 2330 Ἰσραήλ,
3523 2250 3612 2323 (γ’,
3634 2250 3732 2327 δ’.)

2158 2329 2357 2419 Κύριε,
2397 2348 2572 2414 τοὺς,
2607 2345 2918 2416 προφήτας
2971 2359 3086 2398 σου
3125 2329 3504 2405 essm-ww.
3534 2341 3631 2394 καὶ
3666 2336 3744 2392 τὰ

2160 2439 2561 2508 θυσιαστήριά
2589 2457 2703 2493 σου
2727 2437 3138 2504 κατέσκαψαν.
3164 2435 3334 2504 Κάγὼ
3364 2434 3735 2500 ὑπελείφθην

2153 2534 2360 2602 μόνος,
2402 2532 2499 2584 καὶ
2553 2528 2794 2594 ζητοῦσι
2831 2526 2949 2596 τὴν
2994 2526 3207 2596 ψυχήν
3239 2543 3384 2596 μου.
3439 2523 3625 2578 Ἀλλὰ
3677 2523 3734 2576 τι

2158 2623 2319 2692 λέγει
2351 2621 2510 2686 αὐτῷ
2531 2621 2575 2652 ⁸⁹
2598 2623 2630 2674 ὁ
2659 2618 3106 2688 χρηματισμός
3137 2616 3471 2671 Κατέλιπον
3499 2612 3734 2684 ἐμαυτῷ

2159 2713 2652 2781 ἑπτακισχιλίους
2671 2708 2912 2778 ἄνδρας,
2932 2709 3144 2772 οἵτινες
3159 2707 3268 2760 οὐκ
3290 2705 3573 2773 ἔκαμψαν
3589 2704 3734 2773 γόνυ

2159 2802 2234 2872 τῇ
2261 2803 2445 2877 Βάαλ.
2478 2802 2583 2854 Καὶ⁹
2615 2800 2732 2853 κατ’
2761 2802 2989 2864 ἐκεῖνον,
3024 2797 3178 2868 φησι,
3201 2796 3294 2850 τὸν
3321 2795 3511 2866 καιρὸν
3541 2793 3734 2846 πολλαὶ

2163 2894 2418 2966 μυριάδες
2440 2887 2581 2962 ἦσαν
2597 2891 2690 2944 τοῦ
2737 2889 2970 2962 Ἰσραὴλ,
3003 2889 3097 2942 καὶ
3129 2887 3328 2950 πάντες
3369 2884 3580 2958 Ἰσραὴλ
3598 2884 3732 2936 ὠνο-

473 2984 649 3056 ,118
695 2996 755 3037 se
798 2983 1006 3048 septem
1057 2975 1288 3031 millium
1341 2971 1510 3025 Deum
1563 2966 1879 3038 appellavit,
1920 2964 2055 3018 alios

2157 2987 2425 3056 μάζοντοι
2471 2985 2586 3038 ἀλλ’
2619 2986 2646 3037 ὁ
2673 2983 2780 3037 τῶν
2805 2981 2941 3035 ὅλων
2975 2979 3110 3044 Θεὸς
3166 2980 3274 3032 τῶν
3318 2975 3734 3046 ἑπτακισχιλίων

482 3055 666 3128 autem
695 3084 886 3126 omnes
917 3065 1248 3138 reprobavit.
1282 3061 1487 3131 Reliqui
1514 3061 1672 3125 enim,
1699 3058 1898 3127 inquit,
1925 3055 2053 3109 mihi

2157 3055 2345 3129 ἑαυτὸν
2386 3075 2518 3128 Θεὸν
2544 3073 2973 3146 προσηγόρευσε,
3015 3071 3137 3134 τοὺς
3170 3070 3225 3123 δὲ
3257 3068 3447 3130 ἄλλους
3484 3065 3734 3120 ἀπεδοκί-
3764 3087 3769 3091 ·

482 3174 674 3234 septem
698 3161 871 3216 millia
895 3161 1148 3222 virorum,
1174 3155 1262 3228 qui
1290 3170 1392 3208 non
1415 3154 1759 3207 incurvarunt
1782 3165 1913 3220 genu
1935 3156 2057 3202 ante

483 3255 726 3312 Baalem.
761 3254 881 3322 Ipse
908 3254 1088 3305 autem
1123 3245 1387 3316 propheta
1411 3245 1518 3298 hoc
1547 3242 1713 3314 etiam
1748 3240 2054 3311 ignorabat,

471 3357 536 3402 .et
564 3347 615 3400 in
647 3361 706 3402 se
741 3345 858 3399 solo
893 3353 1137 3398 servatas
1169 3353 1291 3395 esse
1323 3336 1537 3406 pietatis
1572 3333 1837 3403 reliquias
1866 3331 2057 3386 existi-

483 3439 686 3492 mabat.
718 3434 837 3490 Non
870 3443 954 3490 est
983 3448 1113 3503 ergo
1149 3445 1349 3486 novum
1389 3428 1471 3481 vel
1501 3425 1846 3486 incredibile,
1880 3423 1925 3478 si
1958 3438 2056 3479 vos

481 3545 700 3602 quoque
733 3526 1001 3599 ignoratis
1027 3538 1119 3578 eos
1153 3521 1245 3593 qui
1275 3536 1339 3575 ex
1373 3517 1529 3573 vobis
1557 3516 1838 3572 Servatori
1877 3515 2058 3571 credi-

480 3622 882 3689 derunt,'quos
912 3616 1053 3672 Deus
1089 3615 1472 3668 universorum
1505 3609 1740 3682 appellat
1768 3607 2052 3679 populum.

479 3712 798 3784 Opportune
831 3717 1016 3764 autem
1063 3720 1320 3776 maguum
1365 3701 1540 3757 Etiam
1583 3703 1640 3757 in
1674 3702 1910 3757 medium
1960 3700 2055 3754 ad-

463 3804 659 3867 .duxit,
688 3802 784 3872 qui
811 3815 911 3856 eos
937 3797 1236 3861 accusavit,
1268 3795 1413 3868 quod
1453 3810 1561 3850 non
1604 3794 1780 3850 solum
1817 3790 2053 3861 prephe-

480 3908 565 3952 tas
596 3893 1000 3964 interemerint,
1033 3888 1127 3946 sed
1156 3889 1318 3944 etiam
1361 3887 1556 3940 altaria
1582 3901 1648 3940 ex
1683 3885 1822 3955 ipsis
1857 3882 2054 3937 funda-

480 3985 686 4042 mentis
711 3982 1005 4038 diruerint.
1041 3978 1242 4033 Demus
1271 3976 1415 4032 enim
1449 3990 1543 4030 eos
1571 3973 1740 4028 fuisse
1773 3971 2053 4043 pmphetis

365 4083 369 4087 ’
479 4076 762 4139 infensos,
814 4079 876 4128 ut
918 4070 1012 4142 qui
1059 4069 1238 4124 tristia
1287 4067 1399 4122 illis
1446 4065 1806 4136 praedicerent
1857 4081 1871 4118 :
1917 4061 2052 4133 quid

479 4171 655 4240 culpa:
686 4162 942 4238 pateram
971 4164 1028 4218 in
1059 4161 1246 4216 divina
1278 4160 1478 4214 altaria
1513 4155 1937 4213 coul'erre?’sed
1967 4164 2052 4208 ta-

481 4261 621 4315 libus
666 4257 816 4313 ausis
863 4254 1221 4311 declararunt
1257 4267 1316 4308 se
1372 4251 1570 4305 horum
1619 4248 1788 4303 Deum
1845 4248 2046 4303 odisse.

2159 3185 2327 3240 μασεν
2361 3167 2623 3228 ἅπαντας.
2655 3164 3112 3233 Κατέλιπονγὰρ
3131 3159 3382 3231 ἐμαυτῷ,
3410 3160 3537 3229 ἔφη,
3559 3157 3734 3212 ἐπτα-

2156 3259 2498 3326 κισχιλίους
2519 3255 2761 3323 ἄνδρας,
2805 3255 3022 3319 οἵτινες
3053 3253 3097 3284 ⁸ο
3118 3254 3236 3305 οὐκ
3268 3251 3549 3320 ἔκαμψαν
3583 3249 3731 3317 γόνυ

2154 3348 2229 3418 τῇ
2251 3348 2436 3403 Βάαλ.
2480 3349 2537 3401 '0
2567 3347 2749 3417 μέντοι
2790 3346 3080 3417 Προφήτης
3107 3342 3378 3397 καὶτοῦτο
3402 3339 3608 3412 ἠγνόει,
3639 3339 3732 3393 καὶ

2153 3443 2214 3496 ὲν
2246 3439 2393 3510 αὑτῷ
2419 3438 2562 3510 μόνῳ
2586 3437 2655 3491 τὰ
2695 3437 2922 3507 λείψανα
2975 3434 3241 3489 σεσῶσθαι
3299 3433 3401 3502 τῆς
3453 3431 3730 3493 εὐσεϐείας

2155 3532 2424 3604 ἐνόμιζεν.
2485 3531 2648 3586 Οὐδὲν
2695 3526 2788 3584 οὖν
2836 3529 3041 3592 καινὸν,
3092 3529 3147 3605 ἢ.
3183 3526 3502 3598 παράδοξον,
3541 3526 3588 3578 εί
3638 3523 3728 3577 καὶ

2155 3627 2310 3696 ὑμεῖς
2341 3627 2588 3694 ἀγνοεῖτε
2619 3626 2745 3688 τοὺς
2791 3624 2849 3690 ἐξ
2882 3623 3034 3693 ὑμῶν
3083 3621 3158 3692 τῷ
3191 3622 3402 3691 Σωτῆρι
3443 3634 3729 3672 πεπιστευ-

2155 3715 2340 3778 κότας,
2375 3713 2469 3777 οὓς
2515 3713 2643 3784 λαὸν
2694 3715 2722 3767 ὁ
2765 3713 2875 3767 τῶν
2899 3712 3034 3767 ὅλων
3069 3711 3463 3783 προσαγορεύει
3489 3709 3619 3772 Θεός
3659 3709 3727 3763 ⁸⁸.

2153 3801 2251 3864 Εἰς
2283 3802 2473 3872 καιρὸν
2505 3801 2562 3854 δὲ
2594 3802 2685 3855 τὸν
2738 3801 2911 3872 μέγαν
2958 3801 3142 3856 Ἦλίαν
3193 3803 3272 3864 εἰς
3329 3800 3490 3870 μέσον
3533 3800 3726 3871 ἤγαγε,

2153 3890 2250 3962 τὴν
2282 3893 2403 3946 κατ’
2430 3891 2653 3945 ἐκείνων
2693 3892 3060 3964 πεποιημένον
3093 3893 3332 3963 γραφὴν,
3367 3892 3441 3953 ὡς
3475 3891 3536 3943 οὐ
3570 3883 3727 3961 μόνον

2153 3982 2278 4044 τοὺς
2303 3984 2587 4053 προφήτας
2618 3983 2936 4049 ἀνελόντων,
2963 3984 3100 4050 sine
3137 3985 3229 4038 καὶ
3266 3983 3335 4037 τὰ
3361 3984 3725 4052 θυσιαστήρια

2154 4079 2218 4128 ἐκ
2253 4074 2468 4146 βάθρων
2508 4077 2962 4150 ἀνασπασάντων.
2987 4077 3177 4145 Δῶμεν
3199 4077 3306 4148 γὰρ
3350 4077 3430 4130 ὅτι
3450 4072 3725 4146 δυσμενῶς

2153 4169 2282 4239 περὶ
2310 4170 2435 4233 τοὺς
2466 4170 2750 4239 προφήτας
2778 4169 3058 4236 διέκειντο,
3082 4172 3156 4235 ὠς
3174 4172 3242 4224 τὰ
3265 4169 3562 4242 σκυθρωπὰ
3591 4185 3724 4238 προ-

2154 4257 2532 4323 θεσπίζονταςο
2564 4259 2618 4313 τί
2651 4263 2760 4325 τοϊς
2797 4261 2962 4324 Θείοις
2983 4257 3128 4332 εἶχον
3158 4261 3406 4330 ἐγκαλεῖν
3432 4261 3726 4328 Θυσιαστη-

477 4353 650 4407 Porro
695 4357 873 4405 autem
911 4347 1131 4402 divinus
1159 4344 1459 4414 Apostolus
1491 4357 1518 4396 θ
1559 4341 1864 4410 Scriptura:
1889 4339 2050 4395 testi-

2157 4350 2290 4421 ρίοις
2315 4368 2330 4414 ς
2359 4350 2474 4403 ἀλλ’
2495 4351 2769 4420 ἐδήλωσαν
2799 4351 2867 4405 δι’
2909 4346 2984 4405 ὧν
3031 4353 3354 4423 ἐτόλμησαν,
3384 4355 3460 4415 ὼς
3489 4353 3576 4406 τὸν
3607 4352 3726 4404 τού⁴

479 4441 663 4496 monio
688 4438 753 4493 ad
785 4436 1063 4508 propriam
1093 4435 1292 4489 transit
1320 4430 1649 4495 orationem,
1675 4439 1730 4485 et
1759 4429 1895 4485 dicit
1927 4447 1941 4484 :

539 4717 800 4783 Vns.‘5,
837 4717 892 4772 6.
941 4714 1028 4771 Sic
1055 4732 1177 4786 ergo
1219 4724 1268 4770 et
1321 4716 1374 4769 in
1417 4715 1514 4769 hoc
1549 4723 1776 4784 tempore
1809 4716 2045 4785 reliquie?

475 4811 760 4867 secundum
803 4807 1108 4864 electionem
1157 4807 1347 4879 gratim
1383 4807 1540 4876 facta:
1573 4818 1716 4861 sunt.
1768 4807 1828 4862 Si
1873 4819 2047 4864 autem

2157 4458 2265 4495 των
2290 4441 2512 4512 ἑμίσουν
2529 4442 2682 4498 Θεόν.
2714 4443 2774 4498 ’0
2797 4445 2979 4514 μέντοι
3001 4447 3143 4508 Θεῖος
3173 4446 3490 4507 Ἀπόστολος
3526 4446 3588 4496 ὲκ
3627 4444 3724 4512 τῆς

2156 4533 2436 4604 Γραφικῆς
2508 4535 2814 4606 μαρτυρίας
2880 4536 2972 4588 ἐπὶ
3014 4536 3104 4590 τὸν
3155 4539 3354 4590 οἰκεῖον
3413 4536 3727 4607 μεταϐαίνει

2153 4626 2332 4696 λόγον,
2365 4625 2458 4680 καί
2482 4643 2646 4696 φησιν
2668 4640 2683 4657 ⁸
3458 4677 3467 4688 ,

2222 4723 2284 4782 ε’,
2321 4723 2386 4782 ς’.
2420 4717 2617 4782 Οὕτως
2653 4713 2766 4771 οὗν
2791 4718 2888 4771 καὶ
2909 4719 2952 4750 ⁸³
2980 4717 3049 4770 ἐν
3075 4716 3154 4783 τῷ
3175 4717 3291 4771 νῦν
3308 4717 3486 4785 καιρῷ
3509 4715 3727 4785 λεῖμμα

2153 4810 2280 4862 κατ’
2309 4805 2576 4876 ἐκλογὴν
2601 4806 2841 4876 χάριτος
2879 4807 3144 4878 γέγονεν.
3173 4810 3238 4861 El
3271 4807 3338 4861 δὲ
3352 4807 3563 4877 χάριτι,
3587 4800 3728 4861 οὐκ·

472 4899 670 4970 gratia,
689 4898 807 4968 jam
830 4914 930 4952 non
962 4911 1028 4950 ea:
1055 4898 1292 4966 operibus
1325 4912 1342 4950 :
1374 4896 1571 4966 alioqui
1599 4896 1774 4965 gratia
1796 4897 1913 4964 jam
1945 4913 2050 4950 non

2157 4896 2237 4951 ἐτι
2271 4897 2341 4962 ἐξ
2367 4897 2588 4965 ἔργων’
2616 4897 2745 4952 ἐπεὶ
2766 4900 2803 4966 ἠ
2837 4898 3012 4967 χάρις
3041 4898 3239 4953 οὐκέτι
3269 4899 3401 4953 ἐστὶ
3438 4897 3626 4968 χάρις.
3659 4901 3729 4952 ει

473 5001 548 5046 est
573 4991 785 5082 gratiaz
804 4988 865 5044 Si
898 4997 1073 5043 autem
1095 5003 1160 5042 ea:
1183 4988 1448 5057 operibus,
1485 5003 1586 5040 non
1615 4994 1692 5040 est
1724 4987 1902 5055 utique
1932 5003 2051 5056 gra-

475 5085 570 5147 tia,
597 5075 1014 5153 quandoquidem
1033 5096 1173 5148 opus
1189 5079 1309 5148 jam
1337 5095 1440 5134 non
1477 5085 1555 5131 est
1584 5093 1734 5146 opus.
1769 5075 2049 5142 Quemad-

537 5265 566 5304 ά
609 5261 732 5314 Act.
761 5276 855 5314 ιιι-ι
883 5299 898 5328 ,
929 5259 1029 5313 9.0.

2151 4987 2220 5041 es
2259 4987 2331 5053 ἐξ
2362 4987 2572 5058 ἔργων,
2639 4987 2838 5044 οὐκέτι
2884 4989 3015 5044 ἐστὶ
3054 4989 3246 5058 χάρις,
3275 4989 3406 5044 ἐπεὶ
3446 4989 3513 5044 τὸ
3551 4989 3731 5058 ἔργον

2155 5081 2358 5136 οὐκέτι
2390 5080 2563 5137 ἐστιν
2594 5081 2788 5153 ἔργον.
2842 5081 3113 5153 Καθάπερ
3140 5083 3185 5115 ⁸⁸
3222 5082 3365 5146 τότε,
3398 5072 3587 5153 φησὶν,
3619 5079 3728 5132 ἀπὸ

1739 5376 1974 5432 ΥΑΗΙᾸΕ
2005 5377 2414 5435 LECTlONES.

542 5498 588 5528 ⁸⁸
611 5500 652 5549 A
680 5495 792 5550 τῶν
847 5493 1134 5550 Ἰουδαίων.
1166 5562 1182 5564 _
1211 5491 1258 5526 ⁸⁸
1288 5491 1444 5564 αὐτῷ,
1469 5490 1620 5564 (East
1651 5491 1703 5564 in
1732 5493 1793 5548 Β.
1870 5497 1914 5528 ⁶⁰
1955 5498 2009 5550 οἵ
2047 5515 2190 5564 τινες
2217 5529 2289 5540 -—
2319 5497 2466 5552 Βάαλ
2517 5464 2866 5554 desideratur
2894 5497 2948 5554 in
2979 5501 3044 5556 Α.
3124 5501 3167 5532 ⁸⁸
3199 5501 3243 5553 Α
3274 5498 3382 5553 τῶν
3418 5497 3672 5552 ἁπάντων
3700 5498 3732 5551 ὁ

467 5565 673 5631 Κύριος
719 5579 951 5634 προσαγ.
1004 5564 1094 5618 καὶ
1152 5562 1303 5628 Θιός.

465 5634 513 5666 ⁸⁸
540 5635 580 5685 Δ
612 5635 802 5704 ὥσπερ
830 5634 955 5702 γάρ.

1359 5661 1362 5664 .
1407 5561 1453 5596 δ’
1479 5561 1808 5621 Theodorct.
1831 5567 1894 5622 ad
1928 5567 2043 5622 .lsa.
2080 5561 2191 5634 xu,
2227 5568 2348 5626 ΗΑ
2385 5567 2527 5622 οὕτω
2561 5570 2656 5625 καὶ
2691 5571 2749 5623 ὲν
2786 5569 2880 5624 νῦν
2935 5568 3111 5641 καιρῷ
3141 5571 3190 5625 λ.
3224 5587 3279 5625 κ.
3322 5570 3368 5623 ὲ.
3411 5588 3462 5640 χ.
3512 5571 3728 5637 γέγονε.
