4074 6164
337 314 440 393 173
795 388 798 392 ,
1175 325 1780 388 INTERPRETATIO
1818 322 2052 383 EPIST.
2108 326 2207 384 AD
2239 327 2418 387 ROM.
2473 330 2628 389 CAP.
2665 332 2770 391 x1.
3061 339 3064 341 λ
3480 321 3581 390 17!.

340 439 620 517 μυριάδων
702 439 942 510 ἀπείρων
1015 438 1408 509 ἑπτακισχίλιοι
1475 435 1908 504 κατελείφθησαν

2018 439 2229 490 modum
2279 431 2438 505 tunc,
2494 442 2705 511 inquit,
2752 458 2815 497 ex
2877 442 3212 512 myriadibus
3269 440 3579 494 innumeris

341 534 505 603 μόνον
530 532 628 601 τῆς
660 530 913 592 ἀσεϐείας
941 529 1211 598 ἐλεύθεροι
1235 546 1248 559 ·
1286 528 1428 582 οὕτω
1457 529 1552 581 καὶ
1571 527 1671 579 νῦν
1694 524 1907 586 πλείους

340 625 442 696 μὲν
469 627 515 677 οἱ
540 622 955 692 ἀπιστήσαντες,
1010 622 1260 684 ἐλάττους
1313 621 1370 674 δὲ
1414 616 1462 672 oi
1496 616 1905 679 πιστεύσαντες,

338 717 433 770 καὶ
464 717 562 784 τῆς
591 713 740 776 θείας
770 703 988 784 χάριτος
1015 711 1440 780 ἀπολαύσαντες.
1470 709 1544 762 Ού
1565 707 1673 778 γὰρ
1702 709 1735 775 ὴ
1769 704 1909 758 κατά

337 809 498 878 νόμον
525 807 719 867 αὐτοὺς
751 804 1037 856 ἐδικαίωσε
1093 803 1332 856 πολιτεία
1377 800 1556 870 (τοῦτο
1587 801 1695 868 γὰρ
1739 797 1906 864 λέγει,

335 898 406 962 ἐξ
435 895 642 966 ἔργων)
665 937 679 960 ,
708 895 865 964 ἀλλ’ἢ
891 895 984 948 τοῦ
1007 895 1141 948 Θεοῦ
1171 895 1394 948 διέσωσε
1425 894 1600 963 χάρις.
1635 892 1734 944 Διά
1754 889 1910 942 τοῦτο

337 991 434 1043 καὶ
459 989 618 1058 χάρις
676 989 708 1056 ἡ
775 986 1015 1055 σωτηρία
1045 986 1322 1050 καλεῖται,
1366 985 1550 1054 ἐπειδὴ
1576 983 1717 1036 κατὰ
1761 982 1910 1038 Θείαν

338 1080 650 1149 φιλοτιμίαν
671 1077 980 1147 γεγένηται.
1027 1076 1197 1130 Τοῦτο
1241 1077 1334 1130 καὶ
1385 1078 1442 1128 ὲν
1483 1079 1597 1138 τοῖς
1641 1073 1781 1127 κατὰ
1817 1072 1908 1124 τὸν

340 1170 684 1239 πατριάρχην
730 1165 983 1237 Ἀϐραὰμ
1019 1161 1174 1235 φησί’
1211 1184 1234 1216 ιι
1265 1165 1353 1236 Τῷ
1395 1165 1451 1217 δὲ
1487 1163 1837 1234 ἐργαζομένῳ
1882 1161 1912 1212 6

343 1260 534 1332 μισθὸς
583 1262 644 1312 ού
692 1259 969 1327 λογίζεται
1019 1257 1159 1310 κατὰ
1213 1256 1392 1328 χάριν,
1426 1255 1561 1309 ἀλλά
1591 1253 1728 1310 κατά
1763 1253 1912 1322 ὀφεί-

339 1344 573 1425 λημα.ἱ

413 1532 476 1597 ζ’.
507 1532 568 1585 Τί
599 1526 748 1595 οὗν;
793 1527 1051 1582 Ἐνταῦθα
1082 1528 1434 1582 ύποστικτέον
1457 1544 1468 1558 ι
1498 1531 1616 1580 κατ’
1648 1525 1914 1596 ἐρώτησιν

339 1625 450 1694 γὰρ
480 1626 675 1684 κεῖται,
706 1623 825 1674 ἀντὶ
849 1621 941 1674 τοῦ
970 1639 982 1651 ο
1037 1621 1099 1672 Τί
1155 1619 1333 1672 τοίνυν
1370 1619 1516 1670 ἔστιν
1547 1620 1754 1681 εἰπεῐνς
1785 1611 1915 1667 Εἶτα

341 1713 484 1765 κατά
543 1711 834 1784 ἀπόκρισι’ν
877 1711 946 1763 τά
977 1709 1175 1762 λοιπά·
1218 1711 1287 1761 ‘0
1338 1705 1594 1774 ἐπιζητεῖ
1639 1705 1910 1774 Ἰσραὴλ,

339 1807 556 1860 τούτου
602 1807 713 1857 οὐκ
757 1785 1102 1869 ἐπέτυχεν-ἶ
1135 1802 1174 1869 ἠ
1227 1799 1295 1852 δὲ
1333 1797 1558 1868 ἐκλογὴ
1581 1797 1910 1865 ἐπέτυχενο

340 1900 393 1951 ol
425 1896 492 1950 δὲ
519 1895 717 1950 λοιποὶ
769 1892 1171 1960 ἐπωρώθησαν
1201 1932 1214 1946 .
1248 1922 1319 1932 -
1351 1889 1650 1958 Ἐκλογὴν
1691 1891 1814 1951 τοὺς
1855 1888 1914 1954 ἐξ

342 1989 520 2043 αὐτῶν
576 1974 1010 2048 πεπιστευκότας
1062 1984 1236 2037 καλετ.
1291 1983 1453 2052 Λέγει
1496 1982 1552 2035 δὲ
1603 1981 1794 2034 τοῦτο’
1855 1978 1915 2034 ’0

355 2078 570 2149 Ἰσραὴλ
597 2076 674 2146 τῷ
699 2076 847 2146 νόμῳ
880 2073 1261 2145 προστετηκὼς
1289 2076 1554 2146 διήμαρτε
1573 2073 1666 2126 τοῦ
1688 2070 1910 2126 σκοποῦυ

345 2166 678 2236 παρανόμως
709 2165 816 2234 γὰρ
840 2163 932 2217 νῦν
967 2163 1222 2231 φυλάττει
1257 2163 1346 2216 τὸν
1376 2163 1558 2231 νόμον,
1590 2162 1689 2214 καὶ
1709 2162 1916 2215 δικαιο-

348 2260 512 2325 σύνην
539 2255 790 2324 οὐδεμίαν
843 2254 1168 2330 καρποῦεαι.
1206 2255 1268 2306 Οἱ
1314 2253 1370 2306 δὲ
1419 2253 1490 2316 ἐξ
1536 2251 1712 2304 αὐτῶν
1753 2269 1916 2304 πεπι-

322 2346 635 2409 ·στευκότες
655 2345 934 2414 ἐπέτυχον·
957 2349 1008 2398 oi
1039 2345 1312 2397 δὲλοιποὶ
1335 2341 1734 2410 ἐπωρώθησαν
1754 2359 1766 2372 ·
1799 2343 1919 2395 ἀντὶ

349 2437 467 2504 τοῦ,
525 2437 888 2508 σκληροτέραν
945 2439 976 2506 ἡ
1039 2435 1266 2488 ἀπιστία
1317 2433 1413 2504 τὴν
1477 2432 1703 2502 καρδίαν
1743 2433 1919 2485 αὐτῶν

347 2529 716 2598 ἀπειργάσατο
749 2514 813 2581 δέ.
848 2529 1099 2578 Δείκνυσι
1130 2525 1186 2578 δὲ
1229 2529 1321 2579 καὶ
1363 2525 1518 2577 τοῦτο
1551 2522 1753 2577 ἄνωθεν
1789 2540 1918 2594 προ-

341 2617 730 2692 ηγορευμένον.

413 2711 485 2781 η’.
521 2710 724 2775 Καθὼς
786 2710 1106 2779 γέπραπται
1131 2724 1142 2737 ·
1174 2707 1436 2762 Ἔδωκεν
1479 2704 1682 2769 αὐτοῖς
1719 2707 1749 2760 ὀ
1774 2702 1918 2768 Θεὸς

339 2802 576 2871 πνεῦμα
605 2803 1001 2866 κατανύξεως,
1035 2798 1381 2869 ὀφθαλμοὺς
1402 2798 1508 2851 τοῦ
1532 2797 1616 2865 μὴ
1641 2794 1916 2860 βλέπειν,

340 2893 445 2948 καὶ
469 2889 591 2948 ὦτα
608 2893 714 2947 τοῦ
727 2892 810 2962 μὴ
842 2880 1102 2952 ἀκούειν,
1125 2890 1236 2955 ἕως
1263 2887 1369 2954 τῆς
1389 2888 1653 2956 σήμερον
1676 2884 1916 2954 ἡμέρας.

340 2987 416 3040 Τὸ
432 2985 677 3050 ἔδωκεν,
691 2985 764 3046 ὡς
779 2984 840 3035 τὸ
853 2981 1336 3050 παρέδωκεν-,ἀντὶ
1358 2979 1454 3032 τοῦ
1471 2979 1916 3045 συνεχώρησεν·

2012 537 2218 595 septem
2253 531 2419 584 millia
2451 535 2641 587 relicta
2666 526 2800 589 'sunt
2823 536 2938 588 sola
2969 534 3037 587 ab
3065 533 3344 602 impietate
3371 531 3578 586 libera:

2013 618 2087 669 ita
2117 627 2170 672 et
2201 635 2347 674 nunc
2377 624 2564 689 plures
2599 634 2728 678 sunt
2762 625 2855 694 qui
2899 640 3010 681 non
3046 622 3418 683 crediderunt,
3449 637 3583 690 pau-

1956 771 1962 776 η
2011 709 2366 778 τίοι-εενειη
2414 715 2510 783 qui
2566 716 2941 780 crediderunt,
2983 724 3036 770 et
3066 715 3307 769 divinam
3353 711 3581 782 gratiam

2012 813 2392 871 perceperunt.
2423 803 2608 874 Neque
2633 808 2778 860 enim
2811 807 2933 860 illos
2954 820 3054 861 sua
3083 803 3386 859 secundum
3411 801 3584 869 legem

2011 895 2262 950 instituta
2300 897 2410 951 vita
2439 898 2764 968 justiticavit
2803 899 2930 968 (hoc
2966 899 3165 968 quippe
3189 904 3272 952 est
3305 897 3452 964 quod
3487 895 3582 954 ait,

2011 1000 2076 1038 ea:
2103 987 2386 1054 operibus),
2423 989 2516 1044 sed
2554 989 2643 1044 Dei
2677 990 2854 1059 gratia
2886 989 3160 1053 servavit;
3196 997 3248 1041 et
3277 988 3402 1042 ideo
3433 986 3586 1041 salus

2011 1077 2186 1142 gratia
2216 1093 2434 1147 quoque
2459 1079 2786 1146 appellatur,
2821 1078 3082 1148 quoniam
3106 1092 3169 1130 ex
3194 1075 3377 1129 divina
3410 1071 3573 1126 muni-

2012 1165 2230 1220 ficentia
2264 1169 2508 1236 profecta
2541 1175 2645 1222 est.
2696 1167 2810 1222 Hoc
2841 1153 3020 1238 ipsum
3063 1165 3221 1228 dixit,
3264 1163 3354 1216 ubi
3402 1175 3586 1216 sermo

2013 1266 2132 1310 erat
2182 1259 2342 1328 119
2389 1259 2456 1314 de
2493 1261 2802 1314 Aliraliamo
2838 1259 3149 1330 patriarcha
3196 1277 3209 1312 :
3258 1276 3276 1307 ι
3310 1255 3369 1308 Ei
3401 1261 3583 1308 autem

2013 1347 2106 1415 qui
2134 1359 2413 1414 operatur,
2440 1366 2650 1406 merces
2681 1353 3105 1420 nonimputatur
3134 1349 3432 1404 secundum
3463 1362 3587 1418 gra-

2015 1439 2172 1498 tiam,
2197 1440 2290 1492 sed
2321 1441 2619 1493 secundum
2649 1441 2956 1494 debitume.
2989 1461 3007 1492 ι

2089 1526 2252 1582 Vens.
2289 1530 2340 1582 7.
2389 1529 2528 1594 Quid
2558 1532 2718 1598 ergo?
2766 1529 2865 1584 Hie
2894 1529 3448 1598 subdistinguendum
3478 1538 3584 1581 est.

2017 1619 2245 1673 Ponitur
2270 1620 2413 1674 enim
2442 1621 2852 1688 interrogative,
2889 1637 2986 1690 pro
3017 1637 3081 1674 eo
3111 1619 3256 1690 quod
3288 1629 3370 1674 est
3397 1635 3412 1671 :
3447 1618 3586 1684 Quid

2015 1725 2146 1782 ergo
2175 1712 2357 1765 dicere
2387 1700 2725 1781 possumus?
2755 1711 2961 1766 Deinde
2995 1721 3193 1766 czetera
3226 1725 3322 1780 per
3354 1723 3587 1778 respou-

2017 1802 2228 1856 sionem
2264 1819 2279 1856 :
2321 1802 2475 1868 Quod
2516 1802 2779 1872 quaerebat
2811 1801 3006 1864 Israel,
3037 1802 3132 1853 hoc
3175 1817 3276 1853 non
3305 1807 3382 1853 est
3410 1814 3590 1852 conse-

2016 1904 2166 1947 cutus
2203 1909 2221 1947 :
2255 1893 2438 1947 electio
2470 1903 2643 1947 autem
2674 1902 2949 1947 consecuta
2987 1902 3100 1957 est;
3133 1893 3310 1946 ca'teri
3345 1907 3462 1945 vero
3491 1905 3585 1943 ea:-

2015 1990 2200 2040 ctecati
2249 1997 2390 2042 sunt.
2436 2018 2507 2028 —-
2550 1987 2870 2041 Electionem
2912 2001 3008 2040 eos
3036 1992 3195 2039 vocat
3226 1985 3322 2055 qui
3355 1998 3421 2038 ex
3455 1983 3589 2052 ipsis

2015 2079 2388 2134 crediderunt.
2439 2078 2552 2133 iloc
2603 2088 2783 2132 autem
2818 2078 2953 2132 dicit
2987 2096 3001 2132 :
3036 2077 3204 2132 Israel
3239 2076 3343 2144 legi
3395 2075 3588 2128 aﬂixus

2018 2184 2047 2222 a
2089 2185 2258 2239 scepo
2287 2170 2582 2223 aberravit.
2615 2169 2821 2222 Contra
2853 2169 3023 2236 legem
3053 2166 3199 2222 enim
3233 2181 3381 2220 nunc
3413 2159 3598 2234 Iegem'

2017 2270 2224 2327 servat,
2271 2271 2326 2316 et
2379 2263 2590 2315 nullam
2629 2261 2901 2330 justitiam
2952 2257 3191 2328 percipit
3235 2257 3370 2327 :qtti
3407 2265 3586 2310 autem

2018 2367 2084 2406 ex
2119 2352 2199 2406 eis
2234 2351 2603 2414 crediderunt,
2635 2365 2753 2402 eam
2799 2348 3035 2403 assecuti
3067 2355 3216 2400 sunt.
3262 2344 3467 2415 Reliqui
3494 2362 3591 2398 au~

2020 2449 2119 2492 tem
2147 2439 2400 2492 exccecati
2428 2438 2590 2507 fuere,
2632 2438 2732 2490 hoc
2763 2447 2846 2492 est
2879 2455 2891 2490 :
2929 2436 3228 2490 lnlidelitas
3258 2451 3353 2489 eor
3394 2450 3586 2488 eorum
3648 2491 3659 2503 ,

2018 2531 2211 2584 durius
2260 2530 2514 2584 reddidit.
2568 2530 2816 2583 Ostendit
2865 2540 3046 2584 autem
3106 2527 3210 2583 hoc
3249 2542 3470 2599 quoque
3509 2525 3591 2584 eis

2017 2625 2147 2678 olim
2181 2623 2348 2678 fuisse
2373 2624 2712 2692 prautictum.
2872 2656 2877 2665 ι
3317 2633 3320 2635 ‘

2092 2713 2258 2768 Vens.
2299 2714 2354 2768 8.
2413 2712 2560 2767 Sicut
2607 2715 2858 2780 scriptum
2909 2723 2986 2767 εει
3023 2729 3041 2766 :
3087 2711 3244 2766 Dedit
3293 2713 3404 2765 illis
3450 2711 3589 2764 Deus

2003 2807 2262 2874 spiritum
2301 2807 2756 2873 compunctiouis:
2791 2807 2965 2858 oculos
3011 2816 3069 2858 ut
3115 2822 3216 2858 non
3265 2805 3496 2867 videant,
3543 2797 3600 2857 ει

2021 2914 2177 2950 aures
2216 2907 2272 2949 ut
2315 2913 2418 2948 non
2467 2896 2722 2958 audiant,
2770 2912 2931 2964 usque
2973 2897 3028 2948 iu
3072 2895 3379 2948 hodiernum
3428 2895 3586 2948 diem.

2023 2985 2162 3040 Illud
2188 2985 2352 3050 dedit,
2387 2986 2530 3039 sicut
2561 2994 2616 3040 et
2651 2986 2896 3050 tradidit,
2939 2986 3180 3056 positqu
3219 2993 3304 3040 est
3343 3000 3440 3054 pro
3472 3001 3592 3054 per-

339 3081 404 3133 ού
443 3079 552 3149 γὰρ
604 3078 632 3130 6
681 3077 811 3141 Θεὸς
865 3075 1062 3137 αὐτοὺς
1123 3071 1534 3143 παρεσκεύασεν
1583 3070 1915 3138 ἀπιστῆσαι*

2027 3081 2192 3136 misit.
2224 3078 2407 3148 Neque
2432 3079 2573 3132 enim
2606 3077 2751 3132 Deus
2781 3076 3012 3148 perfecit
3039 3085 3097 3131 ut
3123 3078 3225 3146 ipsi
3259 3093 3368 3132 non
3403 3077 3593 3134 crede-

337 3172 462 3235 πῶς
484 3171 593 3242 γάρ
625 3165 738 3224 οἷόν
773 3185 831 3222 τε
865 3169 958 3221 καὶ
985 3161 1153 3220 ἀὐτὸν
1198 3166 1378 3226 αὐτοῖς
1412 3162 1644 3216 ἐνθεῖναι
1672 3161 1769 3231 τὴν
1795 3161 1921 3213 ἀπι-

344 3263 518 3327 στίαν,
551 3263 645 3314 καὶ
673 3260 834 3314 αὐτὸν
853 3259 1007 3320 δίκας
1025 3259 1164 3330 ὑπὲρ
1182 3258 1384 3325 ταύτης
1407 3252 1696 3325 εἰσπρᾶξαι
1716 3271 1730 3319 ;
1757 3253 1923 3306 Τοῦτο

343 3355 441 3406 καὶ
474 3355 500 3405 6
534 3353 823 3422 Προφήτης
857 3349 1188 3426 σαφέστερον
1226 3345 1460 3411 ἐδίδαξεν
1484 3362 1498 3374 “
1542 3363 1559 3395 ι
1616 3341 1921 3412 Ἐπαχύνοη

344 3446 458 3514 γὰρ
483 3446 516 3514 ἡ
541 3441 735 3514 καρδία
760 3441 852 3494 τοῦ
887 3440 1016 3492 λαοῦ
1048 3437 1257 3502 τούτου,
1302 3437 1529 3498 καὶτοῖς
1559 3434 1662 3487 ὠσὶ
1713 3433 1920 3502 βαρέως

345 3537 607 3604 ἤκουσαν,
651 3530 899 3593 καὶτοὺς
940 3528 1248 3598 ὀφθαλμοὺς
1286 3525 1464 3579 αὐτῶν
1506 3525 1853 3594 ἐκάμμυσαν.
1898 3541 1915 3572 ›

349 3627 464 3678 Uva
499 3611 653 3688 ἄλλος
686 3622 863 3676 τοίνυν
894 3621 1090 3682 αὐτοὺς
1122 3618 1450 3687 ἐτύφλωσεν,
1481 3615 1596 3670 ἀλλ’
1620 3615 1772 3668 αὐτοὶ
1797 3615 1920 3676 τοὺς

347 3714 659 3784 ὀφθαλμοὺς
680 3712 907 3783 ἐμυσαν,
944 3713 1038 3763 καὶ
1069 3709 1128 3762 τὸ
1163 3709 1279 3777 φῶς
1331 3708 1456 3761 ἰδεῖν
1501 3707 1600 3759 οὐκ
1628 3705 1918 3776 ἠθέλησαν.

349 3804 576 3875 Πνεῦμα
604 3804 660 3856 δὲ
688 3801 1034 3866 κατανύξεως
1059 3799 1157 3869 τὴν
1192 3797 1568 3868 ἀμετάϐλητον
1622 3795 1848 3849 ἐκάλεσε
1878 3794 1922 3824 ⁸⁸

347 3895 811 3969 γνὼμην.”Ωσπερ
833 3894 942 3962 γὰρ
986 3893 1014 3945 6
1044 3892 1142 3959 τὴν
1168 3889 1564 3959 ἐπαινουμένην
1596 3887 1730 3956 ἔχων
1756 3885 1924 3940 κατά-

347 3991 527 4054 νυξιν,
559 3987 659 4058 τὴν
694 3985 788 4039 ἐπὶ
851 3985 912 4037 τὸ
950 3985 1127 4054 χεῖρον
1175 3980 1379 4053 τροπὴν
1439 3981 1538 4034 ούκ
1591 3981 1920 4050 είσδέχεται’

347 4080 522 4143 οὕτως
549 4080 578 4131 6
603 4075 883 4137 παντελῶς
906 4075 1096 4128 ἑαυτὸν
1116 4075 1304 4138 ἐκδοὺς
1332 4076 1397 4145 τῇ
1422 4073 1673 4144 πονηρίᾳ,
1699 4072 1796 4142 τὴν
1832 4072 1924 4124 ἐπὶ

348 4173 412 4226 τὸ
445 4174 691 4242 κρεῖττον
720 4171 820 4241 οὐχ
848 4169 1082 4239 αἱρεῖται
1109 4167 1430 4238 μεταϐολήν.

429 4325 496 4418 θ’,
539 4361 587 4409 ι’.
613 4355 720 4408 Καὶ
767 4352 945 4407 Δαόὶδ
980 4352 1177 4420 λέγει’
1230 4347 1547 4415 Γενηθήτω
1596 4348 1635 4415 ἠ
1674 4343 1926 4414 τράπεζα

2024 3182 2162 3228 rent.
2197 3169 2479 3237 Quomodo
2505 3166 2650 3224 enim
2684 3169 2798 3222 ﬂeri
2843 3177 3050 3246 posset,
3079 3175 3138 3221 ut
3167 3175 3221 3223 et
3253 3169 3368 3238 ipse
3397 3169 3476 3222 eis
3509 3169 3592 3223 in-

2021 3265 2336 3319 ﬁdelitatem
2384 3260 2738 3324 immitteret,
2782 3271 2834 3315 et
2880 3275 2980 3330 pro
3027 3277 3090 3316 ea
3142 3275 3335 3330 poenas
3379 3261 3496 3330 ipse
3527 3261 3594 3316 de

2022 3353 2131 3408 illis
2165 3351 2438 3407 sumeret?
2487 3350 2600 3404 Hoc
2647 3363 2825 3405 autem
2874 3353 2991 3420 ipse
3041 3353 3305 3420 propheta
3351 3351 3593 3420 apertius

2021 3446 2250 3500 docuit:
2292 3463 2310 3496 ι
2342 3443 2708 3520 Incrassatum
2737 3450 2819 3494 est
2846 3456 2941 3495 cor
2975 3442 3157 3510 populi
3194 3442 3381 3509 hujus,
3417 3451 3471 3494 et
3496 3456 3594 3494 au-

2024 3537 2174 3590 ribus
2204 3534 2444 3605 graviter
2478 3533 2794 3594 audierunt,
2825 3540 2878 3586 et
2911 3533 3124 3586 oculos‘
3155 3546 3286 3586 suos
3312 3545 3593 3600 compres-

2023 3624 2279 3682 seruntl.
2319 3646 2337 3677 ι
2387 3623 2504 3679 Νοη
2539 3640 2671 3693 ergo
2698 3625 2842 3679 alius
2880 3640 2974 3680 eos
3014 3623 3331 3690 exetecavit,
3361 3625 3457 3678 sed
3478 3625 3591 3694 ipsi

2023 3724 2213 3777 oculos
2237 3737 2367 3777 suos
2398 3723 2738 3783 clauserunt,
2768 3729 2822 3774 et
2848 3721 3019 3776 lucem
3054 3721 3252 3776 intueri
3281 3721 3591 3776 noluerunt.

2025 3810 2282 3880 Spiritum
2317 3820 2499 3864 autem
2537 3812 2954 3880 compunctionis
3006 3812 3301 3880 appellavit
3355 3823 3592 3887 mentem

2024 3894 2443 3957 immutabilem.
2507 3901 2664 3956 Sicut
2715 3903 2861 3956 enim
2907 3903 2998 3972 qui
3054 3903 3384 3958 laudabilem
3435 3904 3596 3959 habet

2025 3993 2501 4064 compunctionem
2535 3993 2856 4064 (soporem),
2904 4009 3022 4048 eam
3059 4011 3181 4062 qua:
3210 4005 3296 4050 est
3332 3996 3398 4049 ad
3441 3997 3597 4049 dete-

2023 4087 2141 4140 rius
2170 4087 2588 4141 conversionem
2635 4101 2745 4142 non
2781 4087 3017 4156 suscipit
3050 4105 3064 4142 :
3101 4087 3175 4141 ita
3221 4087 3312 4156 qui
3351 4089 3593 4157 seipsum

2027 4179 2159 4230 vitio
2191 4181 2405 4247 penitus
2445 4179 2691 4242 tradidit,
2738 4179 3096 4234 mutationem
3143 4179 3198 4233 in
3244 4178 3440 4233 melius
3486 4195 3594 4233 non

2026 4268 2199 4336 eligit.

2099 4357 2267 4414 Vens.
2305 4361 2357 4425 9,
2395 4359 2478 4411 10.
2541 4359 2608 4412 Ει
2650 4359 2814 4412 David
2844 4359 2970 4410 dicit
3014 4359 3173 4428 120
3215 4373 3235 4411 :
3265 4357 3392 4411 Fiat
3421 4376 3598 4413 mensa

353 4443 554 4502 αὐτῶν
587 4445 836 4512 ἐνώπιον
862 4440 1060 4498 αὐτῶν
1086 4443 1173 4505 είς
1201 4439 1439 4510 παγίδα,
1475 4439 1570 4492 καὶ
1602 4439 1687 4503 εις
1712 4437 1916 4503 θήραν,

2028 4470 2206 4508 eorum
2229 4468 2406 4506 coram
2430 4451 2555 4520 ipsis
2580 4452 2633 4505 in
2665 4453 2927 4519 laqueum,
2957 4461 3004 4502 et
3043 4451 3094 4502 in
3117 4451 3428 4516 captionem,
3461 4453 3596 4506 et'in

354 4539 450 4593 καὶ
477 4541 560 4603 εἰς
599 4534 969 4596 σκάνδαλον,
1015 4532 1111 4586 καί
1146 4533 1232 4598 εἰς
1272 4529 1654 4596 ἀνταπόδομα
1698 4525 1921 4588 αὐτοῖς.

354 4628 857 4695 Σκοτισθήτωσαν
889 4627 942 4677 οι
981 4621 1274 4692 ὀφθαλμοὶ
1317 4618 1512 4674 αὐτῶν
1540 4617 1646 4672 τοῦ
1669 4617 1756 4688 μὴ
1777 4618 1925 4682 ,βλέ-

353 4738 508 4786 πειν,
550 4719 649 4774 καὶ
707 4715 1033 4790 τὸνονῶτον
1059 4711 1370 4770 ανὺτῶνδιὰ
1397 4712 1623 4777 παντὸς
1657 4712 1926 4781 σύγκαμι-

353 4819 490 4882 war.
521 4813 812 4882 Τράπεζαν
834 4811 888 4884 δὲ
908 4810 1006 4879 τὴν
1027 4806 1235 4880 τρυφὴν
1261 4805 1720 4878 προσηγόρευσεν,
1750 4802 1817 4885 ἣν
1847 4802 1924 4864 είς

351 4905 660 4960 τούναντίον
694 4901 1200 4974 μεταϐληθήσεσθαι
1226 4897 1606 4970 προεθέσπισε.

424 5005 511 5052 ια’.
542 5000 708 5068 Λέγω
740 4992 882 5052 οὖν’
910 4994 1006 5060 Μὴ
1053 4993 1347 5047 ἔπταισαν
1389 4991 1490 5044 ἵνα
1523 4987 1787 5053 πέσωσι;
1823 4985 1918 5055 Μὴ

355 5089 600 5160 γένοιτο.
654 5090 842 5143 Ἀλλὰ
871 5085 948 5153 τῷ
978 5083 1176 5140 αὐτῶν
1201 5083 1623 5152 παραπτώματι
1650 5082 1687 5149 ἡ
1726 5097 1921 5150 σωτη-

348 5179 450 5246 pla
504 5177 629 5244 τοῖς
667 5177 928 5238 ἔθνεσιν,
971 5180 1057 5242 είς
1108 5175 1173 5228 τὸ
1215 5171 1633 5243 παραζηλῶσαι
1679 5173 1921 5239 αὐτούς.

357 5268 583 5333 Τούτοις
636 5272 744 5342 γὰρ
794 5267 1031 5340 πρώτοις
1074 5267 1125 5318 οἱ
1171 5263 1231 5331 ἐξ
1284 5265 1461 5319 αὐτῶν
1495 5265 1922 5328 πεπιστευκότες

439 5460 467 5492 °
506 5452 667 5508 Rom.
702 5465 776 5515 tv,
808 5449 875 5507 4.
979 5452 999 5493 ἲ
1039 5433 1144 5503 Isa.
1179 5463 1252 5514 vt,
1282 5447 1370 5502 10.

2030 4542 2379 4604 scandalum,
2426 4549 2475 4593 et
2521 4541 2574 4593 in
2625 4538 3012 4592 retributionem
3058 4538 3192 4594 illis.
3240 4537 3600 4594 Obscurentur

2031 4637 2170 4689 oculi
2199 4649 2378 4688 eorum
2407 4648 2468 4685 ne
2493 4632 2720 4694 videant,
2750 4639 2797 4683 et
2826 4628 3042 4684 dorsum
3077 4647 3256 4686 eorum
3287 4647 3487 4700 semper
3521 4635 3600 4685 iit-

2031 4743 2209 4781 curva.
2253 4723 2492 4778 Mensam
2525 4731 2704 4778 autem
2741 4723 2968 4778 delicias
3014 4723 3332 4794 appellavit,
3373 4739 3510 4793 quas
3542 4725 3598 4778 in

2031 4820 2369 4873 contrarium
2402 4815 2694 4872 mutandas
2724 4817 2994 4888 praedixit.

2097 4987 2264 5044 Vens.
2299 4987 2384 5041 il.
2428 4985 2560 5039 Dico
2583 5001 2747 5055 ergo:
2784 4981 3035 5053 Nunquid
3069 4982 3394 5052 o/Tenderunt
3421 4992 3478 5037 ut
3511 5000 3602 5038 ca-

2028 5081 2247 5136 derent?
2275 5078 2443 5135 Absit.
2478 5075 2580 5132 Sed
2612 5077 2826 5130 illorum
2854 5075 3044 5128 delicto
3070 5073 3217 5128 salus
3238 5083 3315 5129 est
3337 5075 3597 5147 gentibus,

2029 5183 2088 5227 ut
2124 5173 2242 5228 illos
2278 5155 2612 5225 aemulentur.
2657 5168 2760 5221 His
2789 5167 2938 5220 enim
2973 5165 3166 5235 primis
3197 5165 3233 5218 ii
3267 5167 3360 5236 qui
3395 5182 3456 5221 ex
3515 5167 3599 5224 eis

2030 5265 2378 5323 crediderant
2441 5261 2734 5317 salutarem
2783 5258 3228 5328 praedicationem
3277 5259 3600 5322 attulerunt.

1658 5602 1891 5662 VARUE
1932 5594 2333 5658 LECTIONES.

462 5724 509 5758 “
534 5722 908 5796 Δείργάσατο.
985 5722 1030 5754 ⁸⁸
1066 5719 1106 5776 Β
1131 5718 1338 5775 ἐκάλει.

4005 287 4014 562 ἓ

4027 69 4032 78 ι

4021 379 4032 398 ι
