4074 6164
451 267 580 332 ηπ

1397 257 1882 318 TIIEODORETI
1921 256 2258 316 EPISCOPI
2296 259 2661 320 CYRENSIS

3620 258 3717 324 1'76

472 383 608 433 Cum
643 385 821 430 autem
857 375 957 444 ipsi
991 370 1472 432 contradixissent,
1504 377 1556 424 et
1589 368 1898 424 doctrinam
1931 382 2034 420 nou

2144 371 2522 439 προσήνεγκαν
2556 373 2614 425 τὸ
2646 375 2910 444 σωτήριον
2935 375 3196 443 κήρυγμα
3214 391 3225 403 ·
3273 372 3638 426 ἀντειπόντων
3662 373 3719 424 δὲ

471 470 840 530 admisissent,
894 465 1139 519 divinum
1189 461 1442 531 gentibus
1507 459 1859 531 Evangelium
1909 473 2038 528 pro-

470 564 807 632 mulgarunt,
832 567 880 611 et
915 557 1006 628 qui
1043 572 1109 610 ex
1143 555 1226 609 his
1259 553 1611 608 crediderunt
1643 552 1874 608 salutem
1908 565 2042 604 con-

465 655 640 710 secuti
673 660 824 707 sunt.
863 649 978 705 lloe
1011 657 1191 704 autem
1225 647 1361 703 satis
1393 654 1476 701 est
1506 645 1572 699 ad
1603 644 2070 730 contradicentes.

459 746 684 802 Judaeos
711 744 1104 808 stimulandos,
1130 748 1184 796 et
1209 739 1276 793 ad
1304 739 1706 794 mmulationem
1743 724 2043 807 provocan-

465 841 585 904 dos,
617 839 921 908 salutisque
952 834 1424 906 participationem
1460 832 1595 903 ipsis
1621 829 2041 885 conciliandam.

473 927 667 984 Vident
696 928 840 982 enim
868 941 965 981 eos
994 924 1241 980 evasisse
1275 923 1482 992 primos
1515 919 1607 990 qui
1644 929 1801 974 erant
1845 918 2039 973 ultimi.

539 1100 705 1154 Vsus.
778 1099 862 1154 12.
918 1098 1075 1163 Quod
1128 1113 1172 1150 si
1222 1095 1474 1149 delictum
1543 1094 1758 1148 illorum
1841 1093 2040 1156 divitia:

466 1204 584 1247 sunt
630 1195 838 1256 mumii,
884 1202 933 1246 et
987 1190 1268 1243 diminutio
1310 1204 1492 1242 eorum
1545 1187 1743 1240 divitire
1788 1187 2041 1255 gentium,

464 1294 658 1351 quanto
689 1286 854 1355 magis
879 1281 1151 1354 plenitudo
1171 1283 1394 1334 eorum?
1431 1279 1486 1331 Si
1512 1280 1680 1342 enim,
1704 1292 1824 1330 eum
1861 1278 2044 1346 plures

467 1395 571 1433 non
606 1377 910 1439 crederent,
941 1374 1034 1442 qui
1058 1387 1124 1425 ex
1155 1372 1233 1425 eis
1256 1368 1600 1425 crediderant
1631 1367 1830 1422 divina:
1858 1367 2044 1437 cogni-

464 1472 630 1525 tionis
653 1469 874 1521 divitias
896 1465 1153 1535 gentibus
1179 1462 1502 1523 attulerunt,
1530 1460 1740 1512 clarum
1766 1467 1850 1513 est
1871 1460 2041 1528 quod,

463 1562 507 1616 si
564 1575 755 1615 omnes
809 1555 1214 1619 credidissent,
1265 1552 1473 1622 majora
1533 1551 1848 1604 hominibus
1899 1551 2042 1604 bona

461 1654 869 1710 conciliasseut.
903 1652 1102 1704 Omnes
1132 1649 1279 1702 enim
1309 1644 1870 1708 iacilius’crederent,
1902 1647 1945 1699 si
1986 1642 2039 1698 hi

2142 459 2368 524 τούτων,
2423 463 2517 514 καὶ
2571 464 2670 534 τὴν
2730 463 3078 519 διδασκαλίαν
3123 463 3184 515 οὑ
3223 461 3554 532 δεξαμένων,
3605 464 3720 526 τοῖς

2145 551 2320 605 ἔθνεσι
2347 554 2408 606 τὺ
2439 554 2580 608 θεῖον
2628 551 3009 626 προσήνεγκαν
3045 554 3376 622 Εὑαγγέλιον
3399 569 3410 581 °
3445 554 3495 606 οί
3540 553 3598 605 δὲ
3634 571 3718 605 πι-

2145 637 2488 710 στεύσαντες,
2524 647 2622 716 τῆς
2667 647 2940 717 σωτηρίας
3001 646 3344 715 ἀπήλαυσαν.
3406 644 3626 698 Ἱκανὸν’
3663 643 3720 695 δὲ

2143 734 2299 789 τοῦτο
2321 738 2650 807 παρακνίσαι
2676 737 2782 790 τῶν
2837 725 3109 790 Ἰουδαίων
3141 737 3266 799 τοὺς
3313 733 3717 802 ἀντιλέγοντας,

2145 828 2238 880 καὶ
2259 829 2337 891 είς
2367 828 2528 898 ζῆλον
2557 829 2820 901 ἐρεθίσαι,
2851 830 2945 882 καὶ
2966 827 3295 899 προξενήσαι
3323 826 3422 897 τῆς
3450 824 3719 895 σωτηρίας

2144 920 2242 990 τὴν
2273 922 2578 991 μετουσίαν.
2619 921 2817 991 ὐρῶσι
2844 921 2952 992 γὰρ
3006 919 3132 982 τοὺς
3166 918 3434 988 ἐσχάτους
3467 915 3717 987 πρώτους

2103 1042 2108 1047 ·
2145 1011 2563 1082 γεγενημένους.

2185 1104 2302 1173 ,ιβη
2337 1106 2403 1157 Et
2431 1103 2498 1154 δὲ
2547 1103 2612 1156 τὸ
2661 1100 3026 1169 παράπτωμα
3061 1098 3262 1153 αὐτῶν
3303 1083 3565 1163 πλοῦτος
3615 1098 3716 1150 κό-

2144 1213 2324 1264 σμου,
2361 1194 2456 1248 καί
2478 1193 2540 1247 τὸ
2566 1194 2795 1266 ἥττημα
2821 1175 3018 1245 αὐτῶν
3043 1187 3526 1256 πλοῦτοςὲθνῶν,
3549 1189 3718 1253 πόσῳ

2139 1287 2378 1356 μᾶλλον
2406 1285 2470 1338 τὸ
2495 1285 2786 1352 πλήρωμα
2817 1267 3054 1353 αἰτῶι-ς
3093 1285 3154 1335 Et
3186 1283 3292 1352 γὰρ
3320 1280 3428 1333 τῶν
3457 1280 3716 1333 πλειόνων

2143 1380 2578 1449 ἀπιστησάντων,
2603 1379 2650 1430 οἱ
2678 1377 2736 1440 ἐξ
2754 1375 2932 1429 αὐτῶν
2959 1374 3382 1435 πεπιστευκότες
3397 1376 3506 1435 τοῖς
3538 1371 3717 1425 ἔθνεσι

2143 1472 2242 1542 τῆς
2271 1470 2598 1539 θεογνωσίας
2621 1469 2711 1521 τὸν
2751 1468 2977 1521 πλοῦτον
3022 1467 3426 1539 προσήνεγκαν,
3473 1463 3717 1534 δηλονότι

2144 1564 2342 1626 πάντες
2373 1561 2764 1622 πιστεύσαντες
2799 1558 3061 1630 μειζόνων
3086 1558 3306 1626 ἀγαθῶν
3332 1560 3494 1610 πᾶσιν
3509 1555 3718 1625 ἀνθρώ·

2145 1671 2265 1716 ποις
2288 1652 2537 1721 ἐγένοντο
2570 1650 2635 1704 ἂν
2666 1648 2935 1719 πρόξενοι.
2969 1647 3126 1717 Ῥᾷον
3147 1646 3255 1716 γὰρ
3271 1644 3554 1698 ἐπίστευον
3584 1643 3716 1695 πάν-

462 1762 568 1802 non
603 1746 839 1815 amplius
870 1740 1352 1811 contradicerent,
1395 1737 1491 1792 sed
1520 1737 1806 1792 veritatem
1853 1736 2034 1792 nobis-

2147 1764 2256 1811 τες,
2291 1744 2475 1798 οὐκέτι
2538 1741 2741 1795 τούτων
2797 1739 3206 1807 ἀντιλεγόντων,
3243 1736 3378 1808 ἀλλά
3419 1735 3534 1806 μεθ’
3558 1733 3714 1803 ἡμῶν

459 1855 582 1894 eum
619 1837 998 1907 praedicarent.
1030 1831 1169 1888 llinc
1201 1847 1296 1887 eos
1327 1831 1653 1886 adhortatur
1683 1831 1774 1900 qui
1805 1845 1867 1884 ex
1905 1845 2037 1899 gen-

461 1931 609 1986 tibus
646 1927 1020 1990 crediderunt,
1051 1925 1263 1980 medice
1307 1922 1545 1978 suadens
1579 1922 1646 1977 de
1681 1922 1878 1992 seipsis
1913 1937 2038 1976 sen-

459 2027 584 2091 tire,
630 2023 741 2079 duo
781 2019 942 2077 simul
985 2025 1241 2089 satagens
1276 2034 1288 2070 :
1319 2024 1433 2070 tum
1489 2023 1546 2069 ut
1589 2016 1670 2069 eis
1707 2015 1902 2069 fastum
1943 2013 2038 2068 de-

433 2115 657 2176 'trahal,
689 2121 802 2166 tum
838 2120 897 2164 ut
926 2109 1175 2163 timorem
1210 2107 1449 2177 ingerat,
1478 2091 1808 2172 “diuosque
1841 2103 1904 2156 ad
1941 2117 2036 2172 pa-

461 2219 624 2262 ternae
655 2203 809 2274 121
851 2197 1184 2255 hatreditatis
1224 2197 1696 2268 participationem
1729 2201 2030 2249 convertat.

461 2298 550 2353 Sic
579 2304 760 2352 autem
791 2294 985 2364 incipit
1020 2308 1032 2345 :

533 2471 697 2526 Vsus.
722 2471 808 2535 15,
838 2470 922 2525 Η.
967 2468 1120 2523 Vobis
1145 2467 1279 2521 enim
1312 2465 1428 2518 dico
1460 2465 1736 2535 gentibus:
1763 2463 2034 2529 Quatenus

457 2563 665 2632 quidem
713 2579 805 2630 ego
857 2578 972 2613 sum
1021 2561 1251 2630 gentium
1307 2556 1620 2626 Apostolus,
1681 2555 2032 2623 ministerium

459 2654 959 2722 meumhonoriﬁco.
989 2651 1048 2707 Si
1069 2668 1170 2721 quo
1197 2649 1349 2704 modo
1377 2648 1444 2712 ad
1471 2647 1828 2702 inmutandum
1848 2663 2033 2716 provo-

459 2765 568 2802 cent
591 2763 802 2801 carnem
826 2761 1016 2808 meam,
1048 2752 1096 2797 et
1123 2742 1296 2797 salvos
1329 2742 1525 2808 [aciem
1552 2739 1756 2810 aliquos
1809 2753 1873 2792 ea:
1904 2737 2030 2792 illis.

459 2837 916 2910 Quandoquidem
969 2835 1114 2890 Deus
1181 2850 1265 2888 me
1321 2833 1562 2902 gentium
1619 2830 2032 2901 praedicatorem

459 2931 763 2994 constituit,
785 2927 1026 2998 gentium
1047 2930 1064 2948 '
1092 2924 1326 2977 salutem
1357 2920 1672 2976 necessario
1709 2933 1963 2990 procuro,
1981 2925 2035 2972 et

459 3038 558 3091 pro
603 3023 686 3099 eis
735 3020 898 3073 verba
945 3017 1110 3080 facio,
1146 3025 1200 3070 et
1237 3015 1453 3070 divinos
1507 3012 1800 3084 prophetas
1845 3009 2033 3063 multis

461 3121 605 3169 retro
631 3110 846 3166 szeculis
881 3109 995 3163 haec
1029 3107 1346 3178 praedixisse
1377 3106 1606 3161 ostendo
1629 3143 1643 3168 ,
1688 3111 1746 3157 ut
1785 3103 1887 3157 hac
1922 3101 2030 3156 uti-

458 3219 564 3274 que
598 3203 808 3258 ratione
849 3199 1067 3255 Judaéos
1101 3199 1169 3254 ad
1197 3198 1597 3254 aemulationem
1631 3210 1946 3267 provocem,
1977 3201 2031 3248 et

457 3293 686 3348 elliciam
738 3302 798 3347 ut.
831 3291 998 3361 aliqui
1035 3306 1098 3346 ex
1135 3291 1245 3345 illis
1293 3289 1358 3344 ad
1407 3289 1642 3344 salutem
1685 3287 2027 3355 perveniant.

459 3384 621 3440 Suam
648 3385 792 3440 enim
835 3399 1050 3437 carnem
1083 3382 1215 3438 dicit
1271 3380 1511 3448 Judzeos,
1544 3387 1602 3434 ut
1633 3379 1749 3450 qui,
1785 3380 1928 3448 quod
1965 3377 2032 3431 ad

449 3478 619 3532 animi
647 3478 974 3533 sententiam
1005 3477 1218 3539 attinet,
1246 3475 1314 3528 ab
1347 3489 1411 3528 eo
1441 3482 1624 3528 essent
1649 3470 1834 3532 alieni,
1857 3470 2028 3525 solam

455 3579 637 3626 autem
665 3569 880 3640 generis
906 3567 1287 3639 cognationem
1323 3566 1585 3621 haberent
1613 3580 1734 3620 cum
1761 3565 1854 3619 illo
1880 3579 2030 3618 enm-
2071 3591 2074 3594 λ

457 3676 700 3716 munem.

527 3752 692 3808 Vens.
731 3751 818 3807 l5.
851 3751 912 3807 Si
936 3752 1076 3805 enim
1106 3751 1324 3806 amissio
1353 3767 1533 3806 eorum
1567 3751 1929 3804 reconciliatio
1951 3760 2028 3805 est

455 3837 658 3907 mundi,
683 3859 800 3912 qua:
820 3843 1129 3909 assumptio,
1158 3842 1261 3896 nisi
1285 3843 1392 3896 vita
1413 3857 1477 3895 ea:
1499 3842 1717 3895 mortuis
1739 3843 1764 3894 ἱ)
1798 3840 1853 3895 Si
1882 3842 2025 3895 enim

455 3937 558 4002 his,
593 3935 792 4005 inqu-it,
830 3951 939 3988 non
972 3932 1348 4001 credentibus,
1396 3939 1586 4001 gentes
1623 3939 1942 4000 assumptre,
1973 3939 2028 3986 et

454 4048 480 4083 ει
534 4030 717 4100 priore
772 4027 1078 4099 ignorantia
1154 4027 1394 4080 liberatae
1447 4033 1596 4091 sunt,
1665 4025 1875 4080 clarum
1945 4032 2030 4081 est

451 4119 619 4193 quod,
667 4121 714 4176 si
761 4135 952 4174 omnes
989 4119 1079 4174 isti
1113 4118 1338 4173 credere
1369 4119 1661 4184 voluerint,
1708 4118 1842 4172 nihil
1877 4118 2026 4172 aliud

454 4216 724 4285 reliquum
769 4213 861 4276 sit,
907 4212 1015 4268 nisi
1067 4219 1127 4266 ut
1162 4212 1255 4266 ﬁat
1291 4211 1622 4268 resurrectio
1656 4219 2023 4267 mortuorum.

453 4305 564 4360 lloc
593 4313 773 4359 autem
823 4302 957 4358 dicit
987 4303 1154 4356 etiam
1191 4300 1457 4355 Dominus
1508 4319 1520 4354 :
1574 4318 1592 4351 ι
1630 4298 2027 4354 Pratdicabitur

2141 1839 2236 1909 τὴν
2269 1835 2526 1906 ἀλήθειαν
2555 1833 2958 1905 κηρυττόντων.
3000 1827 3280 1884 Ἐντεῦθεν
3320 1831 3431 1889 τοῖς
3457 1826 3517 1891 ἐξ
3542 1825 3713 1878 ἐθνῶν

2141 1928 2528 1986 πεπιστευκόσι
2552 1925 2849 1998 προσφέρει
2886 1923 3229 1996 παραίνεσὶν,
3273 1921 3479 1993 μετρίῳ
3521 1919 3715 1989 κεχρῆ-

2140 2024 2262 2077 σθαι
2297 2019 2682 2092 συμϐουλεύων
2701 2019 2746 2049 ⁸⁸
2782 2017 3123 2088 φρονήματι·
3174 2014 3268 2066 δύο
3325 2014 3468 2066 κατά
3510 2010 3701 2064 ταυτὸν

2145 2113 2537 2186 μηχανώμενος
2563 2128 2576 2142 ·
2614 2111 2710 2164 καὶ
2743 2111 2949 2163 τούτων
2980 2109 3078 2179 τὴν
3107 2108 3281 2179 ὀφρὺν
3317 2104 3709 2164 καταστέλλων,

2138 2209 2230 2260 καὶ
2257 2205 2553 2260 δεδοικέναι
2584 2205 2626 2252 “.7
2657 2200 3101 2278 παρασκευᾲζων
3123 2215 3136 2228 ·
3187 2197 3283 2251 καὶ
3313 2196 3596 2259 Ἰουδαίους
3633 2197 3711 2256 εἰς

2136 2297 2233 2368 τὴν
2255 2298 2350 2367 τῆς
2376 2294 2632 2364 πατρῴας
2663 2290 3030 2364 κληρονομίας
3075 2289 3361 2343 κοινωνίαν
3389 2289 3606 2360 τρέπων
3642 2288 3713 2339 ⁸⁸.-

2141 2393 2402 2462 νΑρχεται
2427 2388 2482 2442 δὲ
2505 2387 2677 2449 οὕτως
2699 2404 2710 2416 ·

2210 2489 2298 2551 ιγ’,
2325 2481 2404 2536 ιδ’.
2459 2479 2618 2548 Ὑμῖν
2654 2479 2766 2547 γὰρ
2808 2479 2852 2510 δ’
2903 2479 3057 2546 λέγω
3100 2465 3531 2540 τοῖς-’ἔθνεσιν
3585 2475 3710 2540 Ἐφ’

2137 2574 2288 2626 ὅσον
2311 2571 2424 2642 μέν
2461 2574 2578 2640 ειμι
2613 2570 2727 2638 ἐγὼ
2745 2572 2792 2602 ⁷⁸
2819 2569 3012 2624 ἐθνῶν
3040 2569 3400 2633 ἀπόστολος,
3436 2566 3549 2634 τὴν
3581 2567 3707 2619 δια-

2137 2666 2348 2719 κονίαν
2375 2683 2491 2735 μου
2517 2662 2739 2730 δοξάζω
2772 2664 2838 2715 ⁷¹.
2890 2663 2960 2714 Εῐ
2993 2677 3117 2728 πως
3160 2658 3568 2729 παραζὴλώσω
3590 2677 3709 2728 μου

2137 2758 2250 2826 τὴν
2280 2755 2496 2824 σάρκα.
2535 2756 2631 2809 καὶ
2673 2754 2854 2808 σώσω
2898 2755 3066 2820 τινὰς
3107 2753 3176 2818 ἐξ
3222 2751 3439 2806 αὐτῶν.
3491 2751 3708 2822 Ἐπειδὴ

2140 2867 2205 2919 με
2240 2849 2346 2901 τῶν
2373 2847 2544 2901 ὲθνῶν
2577 2849 2605 2899 ὁ
2637 2847 2769 2909 Θεὸς
2795 2846 3128 2918 προύϐάλετο
3147 2846 3382 2917 κήρυκα,
3403 2845 3711 2911 ἀναγκαίως

2135 2943 2232 3010 τὴν
2259 2939 2532 3010 σωτηρίαν
2560 2938 2669 2991 τῶν
2723 2937 2892 2991 ἐθνῶν
2945 2936 3432 3009 πραγματεύομαι,
3464 2937 3562 2990 καὶ
3586 2936 3712 2998 τοὺς

2059 3047 2104 3108 (ς
2138 3032 2276 3102 ὑπὲρ
2301 3029 2505 3083 τούτων
2543 3028 2804 3098 ποιοῦμαι
2859 3027 3069 3096 λόγους,
3111 3027 3350 3091 καὶτοὺς
3381 3027 3558 3089 θείους
3581 3043 3711 3096 προ-

2137 3128 2311 3194 φήτας
2337 3123 2542 3178 ἄνωθεν
2587 3122 2761 3176 ταῦτα
2789 3117 3046 3191 δείκνυμι
3075 3120 3573 3193 προθεσπίσαντας·
3623 3120 3708 3172 ἵνα

2133 3215 2307 3285 ταύτῃ
2331 3211 2462 3280 γοῦν
2496 3211 2785 3274 Ἰουδαίους
2817 3212 2893 3274 είς
2930 3210 3094 3280 ζῆλον
3155 3210 3401 3282 ὲρεθίσω,
3438 3208 3529 3267 καί
3560 3227 3709 3272 τινας

2133 3304 2192 3368 ἐξ
2237 3303 2413 3356 αὐτῶν
2456 3303 2779 3373 μεταλαχεῖν
2819 3304 3227 3382 παρασκευάσω
3279 3304 3376 3372 τῆς
3411 3304 3704 3374 σωτηρίας.

2134 3396 2337 3463 Σάρκα
2389 3395 2496 3467 γὰρ
2523 3395 2711 3450 αὐτοῦ
2737 3396 2863 3458 τοὺς
2908 3396 3192 3459 Ἰουδαίους
3227 3396 3373 3464 λέγει
3397 3411 3410 3424 ·
3452 3396 3527 3458 ώς
3569 3397 3707 3449 κατὰ

2135 3485 2235 3556 μὲν
2281 3486 2340 3538 τὸ
2398 3487 2652 3556 φρόνημα
2705 3486 3018 3557 ἀλλοτρίους
3057 3487 3235 3553 ὄντας,
3270 3487 3433 3559 μόνης
3474 3489 3528 3541 δὲ
3561 3488 3705 3555 αὐτῷ

2132 3578 2525 3642 κοινωνοῦντας
2544 3578 2645 3648 τῆς
2679 3579 3020 3647 συγγενείας.

2205 3762 2284 3808 ιε’.
2318 3758 2384 3809 Εἰ
2415 3753 2526 3825 γὰρ
2581 3757 2619 3823 ή
2671 3755 2946 3824 ἀποϐολὴ
2994 3747 3192 3811 αὖτῶν
3222 3757 3572 3826 καταλλαγὴ
3604 3757 3704 3810 κό-

2129 3862 2309 3917 σμου,
2337 3850 2429 3914 τίς
2466 3847 2506 3916 ἡ
2537 3850 2904 3918 πρόσληψις,
2942 3853 2993 3903 εὶ
3028 3849 3114 3919 μὴ
3163 3850 3274 3919 ζωὴ
3319 3852 3389 3904 ἐκ
3440 3850 3703 3921 νεκρῶν;

2130 3940 2194 3993 Et
2221 3939 2331 4009 γὰρ
2355 3939 2560 3992 τούτων
2591 3940 3030 4011 ἀπιστησάντων,
3067 3943 3221 4013 φησὶ,
3252 3943 3600 4014 προσελήφθη
3639 3946 3706 3996 τὰ

2128 4030 2278 4100 ἔθνη,
2313 4031 2409 4098 καὶ.
2441 4032 2538 4101 τῆς
2569 4032 2840 4103 προτέρας
2890 4033 3112 4101 ἀγνοίας
3158 4033 3704 4105 ἡλευθερώθη,δῆλον

2127 4119 2202 4183 ὡς
2223 4121 2269 4172 εί
2304 4120 2504 4182 πάντες
2528 4114 2672 4174 οὗτοι
2695 4120 2984 4173 πιστεῦσαι
3010 4119 3314 4190 θελήσαιεν,
3343 4122 3494 4174 οὐδὲν
3519 4123 3703 4192 ἕτερον

2129 4210 2503 4275 ὑπολείπεται,
2529 4210 2562 4280 ἦ
2596 4210 2656 4262 τὺ
2680 4207 2933 4279 γενέσθαι
2971 4209 3080 4262 τῶν
3111 4211 3320 4280 νεκρῶν
3347 4211 3444 4282 τὴν
3471 4212 3703 4284 ἀνᾴστα-

2129 4319 2232 4356 σιν.
2257 4302 2430 4354 Τοῦτο
2461 4301 2517 4354 δὲ
2549 4302 2643 4354 καὶ
2671 4302 2700 4353 6
2727 4301 2931 4372 Κύριος
2966 4302 3091 4372 ἔφη·
3134 4322 3151 4353 ι
3183 4303 3600 4374 Κηρυχθήσεται
3642 4304 3703 4356 τὸ

447 4395 800 4468 Evangelium
828 4394 930 4449 hoc
958 4387 1112 4465 regni
1141 4394 1196 4448 in
1231 4408 1420 4449 omnes
1451 4402 1638 4462 gentes
1671 4392 1724 4446 in
1772 4392 2022 4445 testimo-

2135 4392 2458 4460 Εὑαγγέλιον
2498 4391 2654 4444 τοῦτο
2704 4392 2804 4463 τῆς
2837 4393 3112 4461 βασιλείας
3141 4395 3220 4458 εἰς
3261 4395 3435 4448 πάντα
3466 4394 3531 4447 τὰ
3575 4393 3701 4464 ἔθνη

414 4483 601 4541 nium
645 4485 802 4555 ipsis,
839 4493 891 4539 et
923 4491 1054 4538 tunc
1098 4484 1280 4538 veniet
1327 4483 1453 4537 ﬁnis
1473 4492 1519 4535 ε.
1565 4500 1584 4534 s
1641 4480 1796 4536 Scire
1841 4491 2021 4536 autem

441 4584 680 4647 oportet,
717 4575 860 4646 quod
887 4575 1108 4631 divinus
1152 4575 1268 4629 haec
1297 4575 1496 4630 dixerit
1536 4573 1858 4645 Apostolus,
1890 4588 2024 4642 pru-

446 4669 594 4724 denti
629 4669 861 4723 consilio
894 4669 1201 4722 orationem
1242 4683 1580 4738 componens
1615 4685 1628 4721 :
1659 4678 1772 4722 tum
1803 4682 1900 4722 eos
1929 4665 2022 4737 qui

445 4759 794 4815 crediderunt
823 4773 931 4813 non
964 4759 1132 4814 nimis
1155 4768 1474 4830 arroganter
1501 4759 1567 4814 de
1599 4776 1657 4815 se
1685 4761 1890 4816 sentire
1921 4760 2023 4816 do-

443 4869 594 4918 cens,
621 4862 736 4906 tum
757 4849 961 4906 Judaeis
985 4868 1093 4906 non
1125 4852 1476 4907 credentibus
1502 4866 1722 4905 manum
1749 4852 2022 4922 praebens,

443 4958 507 5000 ac
555 4943 792 4999 salutem
835 4958 905 4998 ex
951 4945 1275 5013 paenitentia
1328 4941 1625 5012 parandam
1680 4944 2022 5015 signiﬁcans.

441 5033 599 5100 Quod
637 5034 932 5105 sequentia
960 5035 1158 5090 docent
1192 5035 1457 5104 apertius.
1589 5112 1598 5120 .

508 5125 674 5181 Vens.
706 5126 884 5182 16-18.
918 5125 1074 5192 Quod
1111 5127 1160 5179 si
1191 5123 1444 5178 delibatio
1474 5135 1682 5190 sancta,
1716 5134 1765 5179 et
1795 5141 1973 5180 massa
2003 5143 2022 5180 .'

513 5284 537 5322 ε
579 5281 767 5335 Matth.
797 5297 942 5344 xxlv,
980 5280 1067 5336 14.

2121 4486 2201 4546 εἰς
2231 4484 2528 4555 μαρτύριον
2547 4485 2752 4550 αὐτοῖς,
2780 4486 2875 4540 καὶ
2890 4485 3009 4538 τότε
3033 4486 3152 4556 ἥξει
3173 4486 3232 4539 τὸ
3260 4487 3428 4549 τέλος.
3455 4506 3471 4537 s
3494 4481 3701 4540 Είδέναι

2129 4577 2312 4648 μέντοι
2359 4576 2490 4647 χρὴ,
2519 4577 2593 4639 ὡς
2620 4575 2794 4630 ταῦτα
2842 4578 2872 4630 ὁ
2921 4576 3060 4640 θεῖος
3095 4576 3414 4640 Ἀπὸστολος
3447 4579 3666 4647 εἴρηκεν
3686 4617 3699 4639 ,

2124 4666 2485 4736 οἰκονομικῶς
2542 4665 2964 4729 κατασκευάζων
3011 4669 3104 4721 τὸν
3147 4668 3332 4736 λόγον’
3365 4670 3456 4721 καὶ
3483 4670 3608 4732 τούς
3640 4686 3700 4722 τε

2123 4757 2184 4822 ἐξ
2209 4756 2377 4811 ἐθνῶν
2408 4759 2842 4822 πεπιστευκότας
2888 4763 3298 4830 μετριοφρονεῖν
3341 4761 3695 4825 ὲκπαιδεύων,

2127 4851 2349 4912 καὶτοῖς
2380 4847 2671 4902 ἀπιστοῦσι
2695 4848 2804 4903 τῶν
2838 4851 3107 4906 Ἰουδαίων
3162 4854 3321 4924 χεῖρα
3350 4853 3578 4925 ὀρέγων,
3605 4856 3700 4908 καὶ

2123 4943 2220 5014 τὴν
2250 4944 2314 4996 ὲκ
2334 4943 2435 5012 τῆς
2489 4944 2852 5014 μεταμελείας
2884 4947 3204 5012 ὑποδεικνὺς
3242 4949 3534 5022 σωτηρίαν.
3589 4952 3698 5004 Καὶ

2121 5033 2282 5088 τοῦτο
2307 5033 2376 5086 τὰ
2405 5033 2533 5102 ἑξῆς
2553 5034 2793 5090 διδάσκει
2829 5037 3184 5109 σαφέστερον.

2195 5130 2394 5196 ις’-ιη’.
2423 5127 2490 5180 Et
2529 5126 2598 5179 δὲ
2631 5129 2667 5196 ἡ
2701 5129 2945 5201 ἀπαρχὴ
2982 5132 3142 5203 ᾀγια,
3168 5132 3268 5186 καὶ
3316 5130 3384 5185 τὸ
3419 5133 3691 5201 φύραμα·

1744 5417 1977 5474 ἾΑΒΙᾹΞ
2015 5419 2417 5486 LECTIONES.

487 5561 533 5591 ⁶⁰
558 5560 719 5627 συμὸ.
752 5557 904 5612 deest
926 5560 982 5612 in
1007 5565 1075 5624 Α.

424 5631 475 5662 το
504 5627 613 5694 ἐγὼ
653 5631 808 5682 deest
842 5629 892 5681 in
926 5629 985 5684 Β.

408 5697 712 5756 lectionem
753 5707 950 5754 servat.

1153 5562 1199 5594 ⁸⁷
1230 5565 1274 5616 Α
1310 5571 1366 5619 et
1399 5563 1438 5616 Β
1467 5563 1697 5618 δεδιέναι
1743 5565 1821 5619 lta
1853 5566 2014 5622 etiam
2050 5575 2233 5623 textus
2253 5569 2435 5624 Sirm.
2463 5570 2528 5624 ad
2564 5586 2710 5626 vers.
2742 5571 2830 5624 2t.

1079 5631 1121 5664 '”
1155 5631 1372 5701 δοξάσω
1403 5634 1532 5705 legit
1575 5637 1713 5690 infra
1747 5638 1799 5690 iu
1835 5650 2156 5708 argumento
2187 5633 2339 5710 Epist
2393 5641 2459 5697 ad
2492 5641 2771 5714 Hebraeos,
2807 5643 2900 5699 sed
2929 5641 2996 5697 ad
3027 5641 3048 5696 ι
3079 5631 3206 5701 Cor:
3243 5660 3336 5712 stt,
3370 5645 3421 5713 6,
3452 5658 3694 5704 nostram

2910 5573 2956 5606 ⁸⁸
2976 5573 3398 5645 ᾼ-προτρέπων.
3477 5575 3524 5608 ⁶⁹
3549 5572 3592 5628 Β
3615 5575 3693 5630 δέ.
