4074 6164
458 307 558 379 179

1475 312 1964 380 THEODORETI
1999 317 2341 380 EPISCOPI
2374 273 2742 385 CYRENSIS

3596 333 3694 401 180

451 437 556 480 nec
587 422 894 491 antiquum,
915 419 1010 476 sed
1034 420 1397 476 domesticum
1416 430 1469 478 et
1498 439 1716 480 recens.
1751 424 1860 480 Eos
1879 426 2006 479 enin

2130 427 2313 482 κολίαν
2347 430 2608 499 ἐπέδειξε,
2652 435 2746 487 καὶ
2773 433 2950 504 τίθησι
2980 422 3346 510 παράδειγμα,
3389 439 3512 496 οὔτε
3543 443 3694 498 ἁλλό-

452 513 602 571 lusos
624 514 691 568 ad
724 511 888 584 hujus
921 513 996 567 rei
1033 511 1407 569 testimonium
1447 523 1624 582 vocat,
1658 525 1710 572 et
1741 516 1916 572 dicit:

521 707 686 764 Vens.
718 708 812 766 οι.
844 707 987 765 Ναηι
1015 712 1060 764 si
1086 720 1140 763 tu
1171 727 1236 764 ex
1262 714 1498 768 naturali
1532 715 1740 769 excisus
1785 733 1838 770 es
1881 718 2022 772 olea-

449 808 578 866 stro,
613 809 663 854 et
693 809 878 854 contra
932 810 1180 855 naturam
1231 804 1456 858 insertus
1495 822 1548 860 es
1596 807 1649 859 in
1699 808 1886 860 bonam
1918 807 2022 862 oli-

448 904 567 944 vam
597 908 615 946 :
641 902 837 962 quanto
865 893 1031 963 magis
1069 894 1128 959 ii,
1159 895 1249 963 qui
1290 907 1410 948 sunt
1439 897 1721 950 secundum
1750 909 2016 962 naturam,

449 981 746 1038 inserentur
798 1000 907 1038 suae
967 985 1154 1040 oliva?
1195 984 1252 1039 Si
1290 995 1368 1051 tu,
1420 1003 1545 1042 cum
1600 1005 1752 1044 esses
1779 992 2020 1046 oleaster

449 1075 653 1145 (neque
687 1074 834 1130 enim
866 1076 1109 1132 habebas
1145 1077 1317 1148 legem
1351 1095 1472 1150 quae
1505 1091 1557 1135 te
1587 1083 1886 1147 excoleret,
1921 1099 2021 1139 nec

446 1166 766 1236 praphetas,
801 1170 892 1235 qui
917 1177 969 1222 te
1007 1167 1303 1239 irrigarent
1330 1178 1385 1225 et
1420 1180 1740 1242 purgarent,
1769 1183 1822 1227 et
1861 1173 2019 1227 debi-

449 1265 558 1309 tam
601 1261 679 1310 tui
721 1273 914 1312 curam
953 1260 1252 1329 gererent),
1279 1260 1348 1314 ab
1384 1261 1569 1331 impiis
1606 1263 1928 1331 parentibus
1961 1273 2018 1318 et

431 1342 702 1418 'eognatis
759 1357 1046 1418 separatus
1101 1365 1184 1414 es,
1238 1351 1470 1421 lldeique
1515 1352 1749 1407 Abraltzc
1791 1353 2018 1408 eﬂ‘ectus

449 1437 744 1508 particeps,
776 1446 830 1493 et
867 1439 1015 1494 hunc
1057 1441 1316 1510 gloriaris
1353 1451 1404 1496 te
1439 1442 1640 1497 habere
1681 1443 2018 1508 radieem,et

449 1537 681 1597 patrem,
708 1543 770 1582 ac
803 1530 1231 1600 progenitorem,
1256 1547 1365 1596 non
1393 1533 1510 1604 lege
1538 1535 1758 1604 quidem
1785 1543 2013 1601 naturae,

450 1617 608 1689 124.
640 1620 734 1675 sed
768 1621 782 1641 ‘
810 1636 876 1675 ex
905 1621 1094 1675 divina
1117 1622 1458 1690 liberalitate
1492 1642 1504 1677 :
1535 1625 1706 1678 multo
1728 1627 2017 1695 u—tiqueju-

446 1710 586 1765 stius
620 1718 673 1764 et
702 1713 1012 1768 naturalius
1043 1712 1098 1765 hi
1129 1727 1255 1767 cum
1292 1709 1544 1782 credent,
1574 1718 1809 1785 propriae
1842 1716 2011 1771 radici

445 1801 867 1872 eonjungentur.
898 1803 1020 1875 Haec
1045 1813 1247 1869 autem,
1279 1816 1336 1859 ut
1367 1806 1636 1872 dicebam,
1659 1823 1724 1861 eo
1762 1808 1916 1871 dicit,
1956 1814 2013 1862 ut

443 1899 497 1945 et
519 1906 614 1946 eos
641 1893 731 1962 qui
761 1909 827 1948 ex
866 1895 1120 1963 gentibus
1160 1895 1530 1960 crediderunt,
1571 1899 1891 1954 modestiam
1922 1901 2013 1953 do-

443 1989 583 2047 ceat,
635 1991 690 2037 et
711 2000 806 2039 eos
831 1985 927 2054 qui
962 2002 1025 2040 ex
1055 1985 1261 2042 Judaeis
1289 2003 1397 2042 non
1427 1990 1799 2056 crediderunt,
1832 1991 1899 2044 ad
1923 2005 2012 2045 sa-

445 2074 612 2128 lutem
661 2074 932 2130 hortetur.
966 2073 1063 2132 His
1107 2085 1287 2134 autem
1337 2081 1672 2136 conveniunt
1697 2082 1857 2136 etiam
1889 2097 2009 2152 qua:

441 2172 769 2235 sequuntur.

517 2256 678 2316 Vens.
708 2261 798 2316 25.
829 2260 970 2316 Nolo
995 2263 1133 2318 enim
1161 2281 1248 2320 vos
1283 2267 1546 2335 ignorare,
1570 2266 1786 2336 fratres,
1812 2275 2008 2339 myste-

440 2353 577 2403 rium
598 2350 714 2415 hoc,
741 2362 794 2406 ut
819 2369 920 2407 non
941 2354 1058 2408 sitis
1086 2354 1224 2408 vobis
1243 2355 1371 2430 ipsis
1390 2357 1666 2424 sapientes.
1688 2354 2006 2426 Mysterium

439 2450 543 2508 est,
583 2443 854 2512 quodnon
891 2452 975 2499 est
1007 2455 1194 2499 notum
1227 2446 1506 2508 omnibus,
1529 2445 1622 2500 sed
1656 2443 1733 2501 iis
1751 2447 1884 2501 solis
1911 2447 2004 2517 qui

437 2533 742 2587 conﬁdunt.
775 2533 919 2589 Dicit
969 2550 1097 2606 ergo
1127 2554 1141 2591 :
1181 2535 1317 2589 Volo
1349 2552 1445 2592 vos
1483 2537 1629 2592 scire
1661 2537 1806 2606 quod
1851 2537 2007 2591 novi-

440 2639 562 2678 mus
590 2623 656 2679 de
687 2640 748 2679 re
780 2627 1079 2696 proposita'
1099 2627 1445 2698 mysterium,
1479 2644 1550 2682 ne
1577 2644 1675 2684 vos
1697 2645 1820 2684 esse
1851 2629 2004 2684 valde

439 2719 740 2786 prudentes
792 2721 922 2785 rati,
978 2722 1116 2776 altos
1190 2721 1317 2776 inde
1365 2715 1603 2793 spiritus
1657 2723 2002 2792 concipiatis.

437 2811 589 2876 Quod
618 2818 702 2866 est
738 2821 920 2865 autem
957 2815 1280 2884 mysterium
1310 2814 1333 2867 ?
1357 2813 1494 2888 Quia
1527 2815 1737 2868 cwcitas
1763 2829 1828 2868 ex
1854 2823 2004 2883 parte

437 2897 651 2966 contigit
683 2900 737 2950 in
764 2896 966 2963 Israel,
989 2900 1151 2954 donec
1190 2901 1461 2970 plenitudo
1491 2905 1722 2973 gentium
1755 2903 2000 2968 intraret,

432 2996 481 3037 et
510 2987 585 3039 sic
631 2987 801 3042 omnis
838 2987 1014 3042 Israel
1045 2991 1224 3045 salvus
1254 2992 1422 3060 ﬁeret.
1455 2993 1593 3047 Illud
1628 3009 1692 3047 ex
1727 3002 1876 3064 parte
1903 3009 2003 3065 po-

436 3079 566 3141 suit,
607 3075 810 3134 docens
857 3097 966 3134 non
1015 3097 1208 3138 omnes
1250 3084 1417 3139 fuisse
1466 3085 1802 3150 incredulos,
1846 3087 2002 3140 multi

434 3171 579 3224 enim
613 3171 776 3225 etiam
829 3188 892 3227 ex
929 3173 1037 3228 illis
1085 3175 1458 3231 crediderunt.
1508 3175 1772 3232 Hortatur
1823 3185 2004 3232 autem

437 3273 496 3318 ut
531 3281 630 3320 nec
667 3266 898 3320 aliorum
929 3271 1160 3324 salutem
1186 3269 1495 3340 desperent.
1531 3270 1823 3342 Postquam
1859 3271 2004 3326 enim

433 3366 624 3427 gentes
665 3359 1105 3429 praedicationem
1139 3363 1504 3432 susceperint,
1535 3363 1612 3417 illi
1666 3364 1830 3418 etiam
1885 3378 2006 3418 cre-

437 3453 589 3516 dent,
620 3451 710 3505 ubi
737 3467 971 3522 magnus
999 3453 1143 3510 [ﬁlias
1184 3455 1416 3519 venerit,
1451 3462 1504 3509 et
1540 3454 1663 3509 ﬁdei
1697 3454 2002 3509 doctrinam

433 3541 542 3596 illis
572 3542 841 3598 attulerit.
874 3542 988 3606 ΙΙοο
1029 3546 1175 3599 enim
1217 3544 1485 3601 Dominus
1518 3561 1736 3616 quoque
1770 3546 1902 3600 dicit
1949 3547 2002 3600 in

435 3633 608 3686 sacris
639 3631 950 3702 Evangeliis
981 3654 994 3688 :
1033 3654 1050 3686 ι
1103 3634 1254 3691 Elias
1281 3644 1551 3691 venturus
1586 3643 1692 3702 est,
1733 3645 1787 3691 et
1843 3638 2003 3696 testi-

434 3731 548 3777 tuet
596 3723 778 3776 omnia
829 3725 878 3778 δ.
917 3704 960 3777 ἰ
992 3774 994 3776 ,
1025 3723 1217 3781 Posuit
1254 3736 1436 3782 autem
1497 3729 1660 3783 etiam
1723 3729 2004 3800 propheta:

431 3812 834 3868 testiinonium.

503 4081 666 4138 Vens.
696 4083 788 4144 26.
814 4083 904 4140 27.
927 4084 1080 4143 Sicut
1103 4089 1354 4156 scriptum
1385 4101 1498 4145 est:
1531 4087 1708 4145 Veniet
1734 4109 1798 4146 ea:
1820 4091 1995 4159 Sione,

2125 534 2294 592 τριον,
2335 519 2458 574 οὔτε
2497 523 2746 589 παλαιὸν,
2792 525 2905 578 ἀλλ’
2947 528 3145 582 οἰκεῖον
3187 533 3281 585 καὶ
3319 532 3455 587 νέον.
3491 535 3698 602 Αὐτοὺς

2125 609 2233 679 γὰρ
2261 611 2341 674 είς
2374 614 2681 683 μαρτυρίαν
2710 615 2898 668 τούτου
2931 617 3103 685 καλεῖ,
3139 621 3231 674 καί
3265 636 3435 692 φησι·

2195 701 2402 757 κδ’..Ει
2443 705 2552 772 γὰρ
2594 705 2675 759 σὺ
2717 707 2786 760 ἐκ
2819 706 2930 775 τῆς
2978 711 3129 764 κατὰ
3173 712 3362 780 φύσιν
3401 714 3696 786 ἐξεκόπης

2123 791 2483 858 ἀγριελαίου,
2533 794 2630 848 καί
2678 795 2836 864 παρὰ
2878 799 3066 866 φύσιν
3109 800 3563 870 ἐνεκεντρίσθης
3606 808 3695 874 εις

2123 883 2534 950 καλλιέλαιον,
2575 888 2752 953 πόσῳ
2775 887 3017 956 μᾶλλον
3037 887 3199 946 οὗτοι
3222 896 3276 946 ol
3307 895 3454 949 κατὰ
3481 899 3689 966 φύσιν,

2121 974 2727 1043 ἐγκεντρισθήσονται
2746 974 2823 1046 τῇ
2843 979 2962 1047 ἰδίᾳ
2977 981 3150 1048 ἐλαίᾳ
3167 1000 3187 1048 ;
3207 984 3270 1036 Ei
3293 986 3356 1039 σὺ
3377 987 3692 1059 ἀγριέλαιος

2121 1064 2198 1116 ὣν
2245 1066 2341 1133 (οὐ
2375 1066 2482 1137 γὰρ
2509 1067 2667 1138 ἔσχες
2701 1071 3048 1141 γεωργοῦντα
3087 1073 3177 1126 τὸν
3205 1077 3388 1145 νόμον,
3419 1079 3536 1133 οὐδὲ
3565 1084 3692 1146 τοὺς

2122 1157 2406 1226 προφήτας
2477 1158 2772 1228 ἄρδοντας,
2835 1162 2928 1214 καὶ
2997 1163 3392 1235 καθαίροντας,
3449 1171 3542 1224 καὶ
3594 1172 3692 1244 τὴν

2120 1248 2505 1317 προσήκουσάν
2538 1266 2632 1302 σου
2672 1251 2988 1321 ἐπιμέλειαν
3019 1257 3420 1327 ποιουμένους),
3457 1261 3563 1314 τῶν
3593 1264 3690 1332 μὲν

2117 1336 2395 1390 δυσσεὸὦν
2424 1340 2726 1410 ἐχωρίσθης
2753 1343 3032 1411 προγόνων
3062 1361 3121 1397 τε
3151 1347 3245 1398 καὶ
3270 1350 3566 1416 συγγενῶν,
3589 1352 3691 1423 τῆς

2118 1425 2173 1478 δὲ
2207 1425 2301 1478 τοῦ
2345 1428 2592 1499 Ἀϐραὰμ
2640 1430 2876 1495 πίστεως
2921 1435 3174 1500 κοινωνὸς
3212 1437 3549 1510 ἀπεφάνοης,
3594 1445 3690 1498 καὶ

2118 1515 2304 1570 τοῦτον
2333 1519 2517 1589 αὐχεῖς
2552 1520 2731 1591 ῥίζαν,
2775 1525 2870 1578 καὶ
2900 1527 3129 1596 πατέρα,
3174 1531 3269 1583 καὶ
3311 1531 3594 1600 πρόγονον,
3624 1535 3686 1587 οὐ

2118 1609 2258 1662 κατὰ
2295 1610 2458 1677 φύσιν
2502 1612 2687 1683 νόμου,
2735 1616 2870 1670 ἀλλὰ
2907 1617 2996 1670 διὰ
3023 1619 3120 1689 τὴν
3150 1619 3299 1674 Θείαν
3333 1623 3644 1694 φιλοτιμίαν
3668 1644 3682 1657 ·

2119 1699 2296 1770 πολλῷ
2350 1701 2615 1772 δήπουθεν
2659 1705 3021 1778 εὐλογώτερον
3056 1727 3114 1762 τε
3174 1712 3267 1764 καὶ
3320 1709 3688 1786 φυσικώτερον

2118 1785 2261 1844 οὗτοι
2311 1794 2712 1859 πιστεύσαντες.
2739 1801 2803 1869 τῇ
2850 1800 3023 1870 οἰκείᾳ
3062 1803 3487 1876 συναφθήσονται
3537 1807 3682 1878 ῥίζῃ.

2119 1883 2302 1937 Ταῦτα
2341 1885 2418 1948 δὲ,
2451 1887 2525 1948 ὡς
2555 1887 2711 1957 ἔφην,
2743 1890 2910 1959 λέγει,
2945 1894 3036 1946 καὶ
3060 1895 3187 1958 τοὺς
3219 1895 3278 1960 ἐξ
3320 1896 3487 1952 ὲθνῶν
3519 1913 3684 1952 πεπι-

2118 1977 2409 2039 στευκότας
2445 1980 2756 2049 μετριάζειν
2800 1983 3085 2050 διδάσκων,
3132 1987 3226 2039 καὶ
3277 1988 3403 2050 τοὺς
3450 1990 3688 2062 ἀπιστή-

2118 2083 2316 2131 σαντας
2375 2069 2482 2122 τῶν
2545 2071 2811 2128 Ἰουδαίων
2866 2078 2945 2139 είς
3005 2078 3278 2149 σωτηρίαν
3339 2080 3679 2152 προτρέπων.

2116 2159 2404 2230 Συμφωνεῖ
2429 2162 2484 2214 δὲ
2516 2163 2724 2227 τούτοις
2753 2165 2845 2218 καὶ
2876 2167 2944 2220 τὰ
2979 2168 3124 2238 ἑξῆς.

2187 2260 2282 2333 κεξ.
2327 2256 2408 2308 Οὐ
2454 2255 2562 2324 γὰρ
2601 2256 2752 2310 θέλω
2793 2257 2946 2327 ὑμᾶς
2989 2260 3249 2328 ἀγνοεῖν,
3302 2263 3569 2333 ἀδελφοί,
3613 2264 3679 2318 τὸ

2108 2345 2448 2414 μυστήριον
2484 2347 2680 2412 τοῦτο,
2725 2348 2933 2418 ἵναμὴ
2955 2346 3069 2419 ’ἦτε
3105 2355 3239 2420 παρ’
3275 2353 3508 2422 ἑαυτοῖς
3536 2357 3680 2424 φρό-

2112 2451 2290 2504 νιμοι.
2341 2439 2654 2509 Μυστήριόν
2698 2442 2815 2493 ἐστι
2853 2441 2915 2494 τδ
2950 2442 3022 2513 μὴ
3053 2444 3184 2497 πᾶσι
3215 2444 3504 2516 γνώριμον,
3542 2446 3679 2500 ἀλλὰ

2079 2595 2082 2600 _
2117 2526 2296 2597 μόνοις
2319 2530 2431 2590 τοῖς
2461 2528 2849 2600 θαρρουμένοις
2863 2532 2928 2586 ⁷⁸.
2956 2533 3117 2603 Λέγει
3143 2535 3337 2599 τοίνυν,
3364 2538 3444 2589 ὃτι
3481 2537 3676 2590 Βούλο-

2116 2636 2211 2689 μαι
2234 2620 2377 2689 ὑμᾶς
2410 2620 2596 2690 μαθεῖν
2620 2623 2753 2693 ὅπερ
2778 2624 2997 2694 οἴδαμεν
3023 2627 3274 2696 περὶτῶν
3301 2629 3677 2698 προκειμένων

2116 2714 2435 2782 μυστήριον,
2471 2713 2557 2766 ἵνα
2601 2715 2674 2784 μὴ
2710 2715 2914 2786 σφόδρα
2957 2717 3248 2787 ἡγούμενοι
3293 2719 3515 2783 ἑαυτοὺς
3556 2738 3680 2773 συν-

2111 2802 2283 2864 ετοὺς,
2314 2802 2513 2872 ὑψηλὸν
2543 2802 2792 2856 ἐντεῦθεν
2818 2805 3125 2875 είσδέξησθε
3146 2808 3190 2838 ⁷⁵
3216 2808 3489 2878 φρόνημα.
3529 2808 3596 2860 Τί
3623 2807 3678 2862 δὲ

2109 2893 2170 2945 τὸ
2204 2895 2534 2964 μυστήριονς
2584 2895 2710 2948 Ὅτι
2749 2896 3019 2964 πώρωσις
3055 2898 3172 2952 ἀπὸ
3198 2899 3418 2968 μέρους
3445 2899 3522 2965 τῷ
3564 2901 3678 2954 Ἰσ-

2103 2984 2264 3052 ραὴλ
2294 2985 2558 3053 γέγονεν,
2598 2986 2772 3056 ἄχρις
2805 2985 2876 3044 οὗ
2915 2989 2981 3043 τὸ
3019 2990 3309 3060 πλήρωμα
3340 2990 3458 3044 τῶν
3489 2991 3679 3046 ἐθνῶν

2111 3075 2380 3143 εἰσέλθῃ.
2407 3079 2506 3131 καί
2551 3079 2703 3132 οὕτω
2743 3078 2861 3145 πᾶς
2914 3081 3162 3148 Ἰσραὴλ
3198 3081 3552 3146 σωθήσεται.
3605 3085 3678 3136 Τὸ

2112 3162 2226 3213 ἀπο
2249 3147 2461 3232 μέρους
2493 3169 2735 3232 τέθεικε,
2777 3171 3042 3224 διδάσκων
3081 3172 3156 3236 ὡς
3205 3173 3264 3226 οὐ
3297 3175 3493 3236 πάντες
3543 3174 3673 3242 ἡπί-

2110 3274 2348 3328 στησαν’
2397 3259 2580 3312 πολλοὶ
2633 3261 2743 3331 γὰρ
2793 3262 2886 3313 καὶ
2935 3261 2993 3327 ἐξ
3047 3263 3269 3315 ἐκείνων
3327 3263 3672 3318 ἐπίστευσαν.

2108 3349 2402 3420 Ηαρεγγυᾷ
2438 3351 2493 3403 δὲ
2525 3351 2596 3421 μὴ
2635 3352 2741 3403 τῶν
2786 3352 2958 3405 ἄλλων
3003 3355 3378 3430 ἀπαγορεῦσαι
3421 3356 3520 3425 τὴν
3570 3373 3673 3409 σω-

2106 3443 2298 3514 τηρίαν
2331 3461 2343 3473 ·
2394 3443 2498 3496 τῶν
2545 3444 2652 3515 γὰρ
2709 3444 2875 3497 ἐθνῶν
2924 3444 3233 3514 δεξαμένων
3283 3447 3343 3499 τὸ
3379 3449 3669 3518 κήρυγμα,

2107 3534 2519 3587 macedonum”
2551 3537 2812 3601 κάκεῖνοι,
2853 3537 3007 3589 Ἠλία
3039 3537 3132 3590 τοῦ
3172 3537 3312 3590 πάνυ
3356 3542 3669 3607 ’παραγενο-

2108 3627 2351 3696 μένου”,
2388 3628 2480 3680 καὶ
2520 3631 2619 3696 τῆς
2669 3628 2902 3692 πίστεως
2949 3629 3131 3692 αὐτοῖς
3177 3630 3274 3700 τὴν
3324 3630 3671 3684 διδασκαλίαν

2104 3717 2526 3786 προσφέροντος.
2559 3718 2730 3772 Τοῦτο
2758 3719 2865 3789 γὰρ
2894 3723 2987 3773 καὶ
3015 3722 3042 3773 ὁ
3072 3720 3272 3791 Κύριος
3298 3723 3355 3774 ὲν
3378 3725 3487 3785 τοῖς
3513 3724 3673 3793 ἱεροῖς

2103 3809 2455 3878 Εὐαγγελίοις
2498 3809 2602 3880 ἔφη
2637 3827 2652 3841 ο
2702 3830 2720 3862 ι
2760 3812 2941 3874 Ἠλίας
2975 3812 3222 3882 ἔρχεται,
3263 3816 3355 3866 καὶ
3398 3816 3673 3868 ἀποκαταο

2105 3903 2290 3972 στήσει
2344 3903 2540 3954 πάντα.
2579 3921 2596 3952 ι
2655 3902 2880 3956 Τέθεικε
2930 3903 2986 3956 δὲ
3033 3904 3124 3956 καὶ
3177 3904 3274 3975 τὴν
3330 3905 3672 3976 προφητικὴν

2103 3993 2427 4064 μαρτυρίαν.

2169 4083 2283 4149 κς·’,
2327 4082 2430 4146 κζ’.
2481 4084 2682 4148 Καθὼς
2719 4083 3072 4151 γέγραπτηιο
3131 4085 3291 4149 Ἥξει
3329 4085 3397 4140 ἐκ
3445 4085 3598 4140 Σιὼν
3639 4089 3672 4139 ό

426 4174 516 4240 qui
554 4175 765 4237 eripiat,
804 4185 853 4230 et
885 4188 1085 4232 avertat
1115 4180 1429 4248 impietatem
1482 4201 1514 4235 a
1550 4182 1770 4238 Iacobo.
1801 4185 1867 4238 Et
1902 4185 1998 4238 hoc

2110 4177 2405 4244 5υόμενος,
2433 4175 2528 4229 καὶ
2552 4173 2915 4243 ἀποστρέψει
2939 4176 3216 4241 ἀσεϐείας
3230 4177 3272 4208 ⁷⁸
3291 4177 3409 4230 ἀπὸ
3445 4179 3664 4230 Ἰακώϐ.

425 4265 536 4318 illis
563 4283 595 4319 α
619 4284 697 4322 me
717 4276 1105 4336 testamentum,
1130 4289 1246 4326 cum
1271 4273 1534 4329 abstulero
1556 4286 1769 4341 peccata
1795 4295 1995 4332 eorum.

428 4356 483 4410 Si
518 4358 629 4412 vita
670 4375 736 4414 ex
769 4361 1162 4432 legetinstituta
1198 4367 1291 4419 dat
1328 4365 1484 4437 125
1516 4379 1864 4438 peccatorum
1906 4386 1994 4426 re-

2102 4267 2208 4320 Kal
2239 4267 2389 4334 αὕτη
2421 4267 2626 4332 αὐτοῖς
2654 4267 2692 4334 ἠ
2723 4268 2859 4334 παρ’
2887 4267 3033 4336 ἐμοῦ
3069 4268 3346 4334 διαθήκη,
3385 4269 3532 4322 ὅταν
3556 4271 3668 4338 ἀρ-

2098 4359 2317 4426 ἐλωμαι
2347 4358 2448 4423 τὰς
2471 4359 2757 4426 ἁμαρτίας
2782 4356 2996 4410 αὐτῶν.
3023 4356 3082 4410 ΕΞ
3106 4359 3138 4428 ἡ
3163 4359 3304 4412 κατὰ
3327 4360 3488 4427 νόμον
3516 4359 3669 4414 πολι-

424 4449 772 4516 rnissionem,
798 4470 917 4508 eam
955 4456 1424 4525 praedixitsermo
1447 4461 1821 4530 propheticus.
1848 4462 1916 4514 At
1949 4463 1990 4514 si

2110 4449 2220 4502 τεία
2249 4449 2500 4518 δωρεῖται
2539 4449 2647 4502 τῶν
2680 4450 3093 4519 ἁμαρτημάτων
3123 4449 3221 4518 τὴν
3249 4450 3460 4516 ᾶτεσιν,
3499 4451 3670 4519 αὐτὴν

423 4540 511 4594 lex
541 4542 760 4609 quidem
788 4545 941 4611 punit
966 4562 1063 4600 eos
1086 4550 1175 4616 qui
1208 4549 1556 4620 delinquunt,
1581 4547 1785 4606 Iudaeis
1811 4561 1991 4606 autem

423 4644 645 4699 semper
681 4633 899 4687 crimini
935 4635 1122 4689 datum
1157 4647 1240 4692 est
1275 4640 1419 4708 quod
1453 4641 1625 4709 legem
1662 4642 1994 4710 transgressi

422 4721 556 4784 sint,
584 4722 793 4777 clarum
835 4733 919 4798 est
941 4727 1084 4793 quod
1118 4744 1180 4781 ca
1215 4731 1468 4785 remissio
1502 4730 1839 4802 signiﬁcetur
1875 4749 1995 4802 ιμιιιι

421 4811 583 4866 datur
628 4829 723 4883 per
758 4814 1114 4883 baptismum.
1151 4819 1322 4874 Vocat
1353 4832 1534 4874 autem
1565 4829 1777 4878 omnem
1819 4821 1993 4878 Israe-

423 4904 526 4957 lem
556 4919 649 4960 eos
674 4907 764 4976 qui
785 4907 1039 4970 credunt,
1065 4911 1180 4965 sive
1202 4912 1316 4966 sint
1344 4929 1407 4965 ex
1436 4910 1660 4977 Judanis,
1689 4915 1990 4968 naturalem

418 4995 802 5062 cognationem
848 4997 1111 5057 habentes
1173 5018 1296 5055 Clllll
1337 5003 1558 5065 lsraele,
1599 5005 1715 5060 sive
1754 5019 1820 5059 ex
1861 5021 1992 5076 gen-

419 5083 590 5150 tibus,
625 5087 801 5144 eidetn
838 5088 960 5146 ﬁdei
997 5093 1330 5163 cognatione
1365 5093 1666 5162 conjuncti.

510 5331 536 5369 δ
587 5333 780 5390 Matth.
813 5346 954 5394 xvu,
981 5333 1037 5385 ‘2.

2099 4544 2127 4594 ὁ
2156 4542 2490 4611 προφητικδς
2521 4541 2876 4611 προεθέσπισε
2921 4540 3096 4608 λόγος.
3144 4542 3204 4593 Ei
3235 4541 3289 4594 δὲ
3324 4543 3540 4604 κολάζει
3570 4543 3670 4611 μὲν

2097 4633 2125 4684 ὁ
2150 4631 2309 4700 νόμος
2341 4633 2466 4691 τοὺς
2497 4630 2954 4700 παραϐαίνοντας,
3001 4631 3088 4682 ἀεὶ⁸
3117 4632 3172 4683 δὲ
3204 4633 3549 4701 παρανομίαν
3583 4634 3670 4684 ὲν-

2099 4721 2406 4790 εκλήθησαν
2441 4720 2700 4784 Ἰουδαῖοι,
2747 4718 2968 4790 εὔδηλον
2994 4719 3068 4783 ὡς
3095 4719 3193 4789 τὴν
3235 4722 3322 4773 διὰ
3351 4723 3443 4774 τοῦ
3477 4721 3668 4792 βαπτί-

2100 4831 2306 4884 σματος
2355 4812 2766 4882 χορηγουμὲνην
2809 4811 3000 4880 ἄφεσιν
3029 4814 3056 4864 ὁ
3086 4812 3242 4880 λόγος
3267 4813 3435 4883 δηλοῖ.
3485 4814 3668 4868 Πάντα

2097 4904 2154 4957 δὲ
2189 4904 2407 4975 Ἰσραὴλ
2431 4902 2587 4955 καλεῖ
2618 4902 2743 4965 τοὺς
2778 4903 3148 4968 πιστεύοντας,
3182 4905 3291 4957 εἴτε
3319 4903 3376 4968 ἐξ
3398 4905 3668 4958 Ἰουδαίων

2098 4991 2226 5059 εἷεν,
2253 4996 2352 5064 τὴν
2382 4993 2613 5063 φυσικὴν
2643 4994 2955 5061 συγγένειαν
2979 4994 3113 5066 πρὸς
3140 4995 3230 5048 τὸν
3271 4996 3485 5067 Ἰσραὴλ
3519 4998 3667 5066 ἔχον-

2094 5103 2207 5148 τες,
2243 5082 2352 5136 εἴτε
2402 5081 2461 5147 ἐξ
2507 5082 2697 5146 ἐθνῶν,
2728 5081 2868 5136 κατὰ
2899 5083 2997 5154 τὴν
3042 5083 3142 5155 τῆς
3187 5084 3422 5150 πίστεως
3468 5086 3666 5155 συγγέ-

2097 5179 2302 5235 νειαντθ
2333 5173 2481 5245 αὑτῴ
2515 5174 2922 5246 συναπτόμενοι.

1736 5432 1964 5488 VARUE
1998 5435 2397 5493 LECTIONES.

487 5582 628 5668 'zlta
663 5585 1252 5668 restituimlusnexA‘et
1298 5593 1360 5648 Β.
1389 5592 1551 5668 Sirm.
1578 5603 1756 5668 textus
1780 5596 2038 5650 habebat:
2071 5596 2480 5668 θεωρουμένοις,
2511 5596 2654 5668 quod
2696 5607 2749 5652 et
2772 5597 3039 5656 Hervetus
3073 5603 3360 5668 expressit.
3436 5601 3484 5632 "
3513 5601 3549 5654 A
3580 5603 3664 5653 δὲ-

406 5647 585 5738 ξῃσρε.
663 5657 709 5688 τι
739 5655 812 5709 lta
843 5666 892 5713 et
923 5657 983 5712 Α.
1013 5659 1118 5714 Sed
1149 5659 1189 5711 Β
1221 5647 1571 5724 ᾖιστεύουσι.
1611 5647 1753 5718 θέλ
1783 5647 2371 5738 ἆᾶῥᾶ-ξέκὲομινέᾀ.’⁶ίθη
2393 5647 2747 5732 esset,"
2773 5647 3039 5725 πὶιᾶἶῦ
3066 5647 3386 5727 ἑίἰδίὶιὶιῖὶῖὶῖἶε
3433 5647 3661 5726 hab-etilli

396 5718 695 5786 εὐγένειαν.
