4074 6164
397 328 507 397 Ῑ81

1281 335 1891 398 INTERPRETATIO
1931 337 2166 398 EPiS'l‘.
2210 337 2316 396 AD
2348 335 2533 396 ROM:
2567 333 2724 394 CAP.
2763 334 2868 394 XI.

3553 333 3656 399 1m

469 443 574 509 κη’.
616 437 914 509 Κατὰ-μεν
943 440 1010 494 τὸ
1035 442 1423 512 Εὑαγγέλιον,
1453 446 1652 516 ἐχθροί
1669 445 1750 502 δι’
1778 446 1932 517 ὑμᾶς
1951 465 1964 478 °

2147 443 2312 502 Vens.
2335 445 2427 502 28.
2465 444 2764 502 Secundum
2790 442 3136 514 Evangellum
3191 444 3418 514 quidem,
3455 446 3656 504 inimici

394 529 548 583 κατά
575 527 646 582 δέ
686 529 798 596 τὴν
836 531 1120 603 ἐκλογὴν,
1159 535 1454 605 ἀγαπητοὶ
1489 529 1599 592 δια
1618 537 1760 606 τοὺς
1797 539 1972 592 πατέ-

387 638 521 690 ρας.
563 622 728 677 Ὅταν
756 625 835 687 είς
877 626 1020 696 ὑμᾶς
1046 629 1357 700 ἀποϐλέψω,
1398 626 1474 688 ὧν
1499 635 1599 705 τὴν
1626 634 1971 690 διδασκαλίαν

391 713 800 787 ἐνεχειρίσθην,
851 719 1079 790 ἐχθροὺς
1144 723 1387 787 ἐκείνους
1450 725 1818 797 ὑπολαμϐάνω
1874 731 1969 781 καὶ

389 804 693 874 δυσμενεῖς,
726 807 903 861 πάντα
923 811 1002 874 είς
1023 811 1291 884 ὑμετέραν
1320 813 1523 884 βλάϐην
1545 816 1966 886 ἐργαζομένους.

392 893 562 947 Ὅταν
589 895 646 977 δέ
685 913 748 965 γε
783 899 864 959 είς
894 900 1020 963 τοὺς
1053 903 1348 971 προγόνους
1379 905 1574 968 ἀπίδω,
1615 905 1706 958 καὶ
1742 904 1969 974 λογίσω-

395 1002 492 1054 μαι
525 984 602 1049 ὡς
646 988 887 1066 ἐκείνους
920 991 978 1055 ἐξ
1010 991 1230 1063 ἀπάσης
1266 993 1368 1062 τῆς
1410 995 1732 1065 οἰκουμένης
1774 997 1802 1049 ὁ
1834 995 1967 1060 Θεὸς

389 1075 667 1143 ἐξελέξᾰτο
683 1079 748 1144 '°,
794 1081 1006 1150 στέργω
1035 1082 1101 1135 δι’
1132 1073 1374 1148 ἐκείνους
1401 1086 1492 1138 καὶ
1529 1086 1768 1150 τούτους.

473 1166 578 1220 κθ’.
645 1167 1082 1239 Ἀμεταμέλητα
1125 1174 1235 1243 γὰρ
1280 1175 1352 1228 τὰ
1396 1177 1734 1245 χαρίσματα
1779 1179 1877 1231 καὶ
1924 1177 1962 1243 ἠ

389 1255 615 1325 κλῆσις
635 1259 742 1312 τοῦ
769 1261 938 1315 Θεοῦ.
963 1259 1148 1316 Ταῦτα
1176 1265 1352 1318 πάντα
1375 1269 1453 1332 είς
1479 1267 1789 1340 προτροπὴν
1813 1268 1963 1335 λέγει

386 1348 495 1402 τῶν
548 1351 834 1407 Ἰουδαίων.
881 1354 1004 1408 Ὅτι
1041 1357 1150 1428 γὰρ
1195 1357 1232 1412 ἃ
1279 1359 1460 1412 δίδωσι
1509 1361 1538 1412 ὁ
1581 1361 1712 1425 Θεὸς
1757 1360 1960 1429 ἀγαθὰ,

388 1440 550 1493 πάλιν
578 1440 864 1512 λαμϐάνει,
899 1446 1024 1500 ὅταν
1055 1448 1138 1519 ἴδῃ
1175 1448 1300 1512 τοὺς
1329 1449 1624 1520 εἰληφότας,
1642 1451 1962 1522 ἀχαριστίαν

384 1524 753 1598 νοσοῦνταςυ,
806 1535 1016 1605 μάρτυς
1060 1540 1088 1592 ὁ
1120 1539 1292 1592 Σαοὺλ
1321 1541 1698 1610 πνευματικῆς
1743 1541 1964 1610 χάριτος

383 1622 716 1690 ἀπολαύσας,
757 1622 876 1679 εἶτα
905 1629 1110 1700 ταύτης
1143 1629 1345 1700 ἕρημος
1378 1631 1518 1700 μετά
1541 1631 1713 1684 ταῦτα
1739 1647 1962 1700 γεγενη-

385 1713 562 1784 μένος.
605 1717 713 1770 Καὶ
742 1717 771 1770 ὁ
801 1718 1051 1789 Σολομὼν
1077 1720 1133 1772 δέ
1160 1720 1442 1784 ὡσαύτως,
1472 1723 1696 1793 εἰρήνης
1724 1721 1959 1774 ἀπολαύ-

2073 546 2286 607 propter
2315 554 2403 593 eos
2437 557 2449 592 :
2487 536 2770 592 secundum
2801 536 3103 591 electionem
3127 543 3323 600 autem,
3356 538 3657 591 charissimi

2072 637 2288 698 propter
2333 638 2530 696 patres.
2569 625 2802 692 Quando
2835 626 2904 680 ad
2937 641 3036 681 vos
3067 625 3328 694 respicio,
3379 624 3472 694 qui
3521 627 3654 679 milii

2071 720 2294 775 docenti
2352 719 2538 774 traditi
2599 718 2756 785 estis,
2809 718 2936 772 illos
2992 716 3251 771 inimicos
3310 723 3367 770 et
3422 716 3654 770 infestos

2068 810 2332 865 existimo
2381 811 2477 880 qui
2526 808 2711 861 omnia
2750 807 2816 862 ad
2853 808 3387 865 damnumvestrum
3423 805 3652 860 iaciunt.

2070 900 2178 956 Sed
2207 915 2331 955 cum
2377 900 2447 955 ad
2477 900 2717 969 majores
2748 899 3005 969 respicio,
3034 905 3089 953 et
3119 898 3302 966 cogito
3337 895 3503 972 Deum
3532 898 3653 952 illos

2066 977 2140 1047 ex.
2169 1000 2286 1046 toto
2319 983 2593 1045 terrarum
2629 991 2762 1046 orbe
2790 991 3049 1060 elegisse,
3083 989 3102 1009 ⁶
3136 987 3242 1043 hos
3285 986 3450 1042 etiam
3483 986 3652 1057 diligo

2066 1091 2290 1153 prepter
2324 1085 2470 1137 illos.

2137 1170 2304 1227 Vens.
2334 1173 2424 1227 29.
2465 1172 2588 1228 Sine
2614 1172 2918 1242 paenitentia
2957 1172 3098 1225 enim
3131 1179 3253 1226 sunt
3301 1170 3441 1226 dona
3480 1181 3652 1226 eteo-

2065 1264 2205 1316 catio
2237 1263 2361 1338 Dei._
2391 1263 2514 1319 llaec
2538 1266 2722 1319 omnia
2749 1265 2884 1320 dicit
2938 1263 3004 1318 ad
3057 1261 3367 1318 Judmorum
3391 1263 3650 1319 exhorta-

2066 1354 2292 1408 tionem.
2319 1354 2480 1420 Quod
2518 1356 2664 1410 enim
2694 1371 2816 1426 quae
2853 1355 2947 1408 dat
2976 1355 3120 1409 bona
3153 1355 3316 1417 Deus,
3337 1369 3399 1408 ea
3424 1369 3646 1410 rursum

2064 1442 2336 1508 retrahat,
2368 1458 2492 1497 cum
2525 1443 2725 1498 viderit
2771 1459 2867 1498 eos
2916 1445 3010 1512 qui
3065 1450 3392 1513 acceperant
3447 1445 3646 1515 ingrati

2065 1533 2238 1586 animi
2287 1527 2420 1588 vitio
2469 1535 2742 1600 laborare,
2779 1535 2938 1589 testis
2971 1543 3057 1588 est
3091 1532 3247 1599 Saul,
3295 1535 3387 1603 qui
3415 1537 3644 1604 gratiam

2063 1625 2370 1687 spiritalem
2398 1628 2663 1698 percepit,
2699 1635 2753 1682 et
2799 1628 2868 1681 ab
2917 1642 2978 1681 ea
3025 1638 3216 1696 postea
3253 1626 3503 1682 desertus
3537 1635 3641 1681 est.

2066 1718 2132 1770 Et
2162 1718 2417 1772 Similiter
2443 1718 2727 1781 Salomon.
2759 1719 2855 1788 qui
2889 1733 3078 1786 pacem
3105 1733 3202 1786 per
3223 1717 3463 1770 divinam
3489 1718 3645 1771 beni-

383 1820 482 1868 σας
526 1805 613 1859 διὰ
642 1808 739 1880 τὴν
772 1809 922 1863 Θείαν
953 1810 1279 1881 φιλοτιμίαν,
1331 1814 1466 1882 μετά
1499 1813 1597 1884 τὴν
1645 1813 1956 1882 παράϐασιν

2061 1809 2322 1876 gnitatem
2369 1816 2680 1874 assecutus,
2724 1816 2845 1878 post
2898 1809 3394 1877 transgressionem
3463 1807 3639 1878 gratia

381 1895 669 1968 ἐγυμνώθη
712 1898 812 1967 τῆς
855 1900 1094 1971 χάριτος.
1150 1903 1259 1956 Καὶ⁸
1309 1903 1460 1957 αὐτοὶ
1491 1904 1546 1956 δὲ
1592 1904 1641 1957 οἱ
1689 1904 1951 1968 Ἰουδαῖοι,

382 1987 726 2057 προφητικῆς
760 1990 1074 2060 ἐπιμελείας
1107 1993 1370 2063 διηνεκῶς
1399 1993 1826 2060 ἀπολαύσαντες,
1861 1997 1954 2048 ἐπὶ

337 2127 342 2134 ,
381 2074 477 2129 τοῦ
523 2078 790 2148 παρόντος
829 2081 929 2151 τῆς
981 2083 1307 2154 κηδεμονίας
1355 2085 1559 2155 ταύτης
1609 2087 1948 2157 ἐστέρηνται.

384 2167 557 2222 Τοῦτο
584 2171 677 2224 καὶ
707 2175 817 2238 τοῖς
859 2173 924 2243 ἐξ
964 2174 1134 2229 ἐθνῶν
1165 2178 1556 2230 πεπιστευκόσι
1586 2178 1691 2248 πρὸ
1723 2178 1952 2248 βραχέος

386 2260 577 2331 ὴπείλη
586 2279 694 2319 σεν.
1203 2312 1207 2316 .

474 2341 610 2408 Ἐὰν
625 2355 933 2430 ἐπιμείνῃς
956 2347 1100 2430 τὰρῖ
1119 2362 1271 2430 φησὶ,
1296 2358 1369 2427 τῇ
1393 2364 1757 2430 χρηστότητι
1777 2381 1789 2392 ·
1821 2363 1952 2417 ἐπεὶ

383 2442 480 2494 καὶ
498 2443 578 2496 σὺ
599 2446 916 2518 ἐκκοπήσῃ
933 2490 946 2504 .
970 2451 1031 2512 λ’.
1050 2451 1149 2505 λα’.
1175 2455 1399 2520 Ὥσπερ
1417 2455 1525 2523 γὰρ
1542 2456 1640 2508 καὶ
1662 2457 1831 2526 ὑμεῖς
1853 2475 1953 2510 πο·

381 2532 444 2583 τὲ
460 2532 819 2602 ἠπειθήσατε
841 2540 919 2606 τῷ
951 2540 1099 2607 Θεῷ,
1116 2543 1233 2597 νῦν
1262 2544 1331 2597 δὲ
1364 2544 1662 2613 ἠλεήθητε
1696 2546 1772 2616 τῇ
1811 2551 1948 2602 τού-

377 2638 498 2674 των
531 2626 825 2696 ἀπειθείᾳ·
865 2632 1017 2686 οὕτω
1037 2635 1132 2687 καί
1161 2631 1326 2691 οὗτοι
1354 2636 1472 2691 νῦν
1500 2639 1842 2706 ἠπείθησαν
1870 2639 1950 2705 τῷ

375 2713 629 2783 ὑμετέρῳ
650 2717 827 2783 ἐλέει,
858 2721 958 2776 ἵνα
979 2723 1078 2777 καὶ
1108 2725 1274 2778 αὐτοὶ
1299 2725 1650 2794 ἐλεηθῶσιν.
1687 2730 1948 2801 Ἀναμνή-

377 2801 539 2873 σθητε
555 2805 632 2872 δὲ,
651 2807 727 2871 ὠς
749 2810 988 2874 ἅπαντες
1008 2813 1100 2864 ἐπὶ⁵
1125 2814 1374 2868 πλεῖστον
1397 2817 1706 2887 ἠσεϐήσατε
1737 2820 1946 2889 χρόνον,

375 2896 469 2945 καὶ
511 2897 609 2948 οὐκ
637 2897 940 2968 ἀπέϐλεψεν
967 2904 996 2954 ὁ
1027 2902 1406 2973 φιλάνθρωπος
1441 2906 1714 2976 Δεσπότης
1745 2909 1824 2970 εἰς
1852 2908 1950 2980 τὴν

371 2985 596 3054 ’μακρὰν
644 2988 860 3058 ἐκείνην
906 2993 999 3045 καὶ
1045 2993 1284 3064 χαλεπὴν
1334 2996 1620 3059 ἀσέϐειαν,
1665 2998 1799 3050 ἀλλά
1851 2999 1951 3069 τῆς

372 3074 614 3143 ἀρρήτου
644 3078 1055 3149 φιλανθρωπίας
1083 3083 1206 3145 τοὺς
1229 3082 1589 3153 βουληθέντας
1617 3085 1839 3154 ἠξίωσε,
1857 3088 1950 3140 καὶ

2062 1898 2312 1967 privatus
2332 1908 2436 1954 est.
2459 1901 2636 1969 Atque
2664 1899 2765 1968 ipsi
2791 1899 2955 1954 etiam
2987 1897 3183 1964 Judaei,
3224 1900 3314 1968 qui
3345 1899 3639 1968 prophetas

2059 2003 2247 2044 eorum
2275 2004 2462 2044 curam
2491 1998 2742 2061 gerentes
2781 1997 3046 2060 perpetuo
3078 1989 3410 2054 habuerunt,
3446 1996 3502 2044 et
3537 1988 3638 2042 liae

2061 2093 2192 2133 cura
2238 2081 2290 2133 in
2326 2083 2613 2150 praesentia
2636 2081 2844 2150 «privati
2896 2090 3044 2134 sunt.
3077 2080 3188 2135 lloc
3221 2083 3398 2150 ipsum
3436 2081 3502 2136 iis
3542 2080 3634 2150 qui

2059 2187 2123 2224 ex
2173 2173 2428 2240 gentibus
2471 2171 2822 2226 crediderunt
2863 2172 3026 2240 paulo
3069 2177 3195 2226 ante
3235 2171 3475 2224 minatus
3526 2174 3633 2225 ests

2130 2349 2191 2406 Si
2210 2351 2585 2419 permanseris,
2623 2349 2820 2419 inquit,
2849 2350 2902 2401 in
2932 2348 3163 2401 bonitate
3189 2365 3205 2405 :
3231 2347 3465 2417 alioquin
3495 2355 3545 2400 et
3577 2353 3632 2401 tu

2056 2442 2333 2497 excideris.
2351 2443 2539 2514 (Vens.
2567 2443 2656 2509 30,
2682 2440 2794 2509 51.)
2817 2439 2966 2494 Sicut
2996 2440 3155 2510 126
3181 2440 3321 2492 enim
3345 2437 3630 2507 aliquando

2055 2544 2103 2586 et
2124 2549 2210 2586 vos
2234 2549 2336 2588 non
2371 2531 2673 2586 credidistis
2701 2529 2830 2595 Deo,
2851 2545 2988 2582 nunc
3015 2539 3188 2582 autem
3213 2525 3631 2580 misericordiam

2056 2625 2319 2678 consecuti
2353 2624 2478 2677 estis
2503 2631 2711 2692 propter
2737 2621 3157 2675 incredulitatem
3189 2621 3440 2674 illorum:
3473 2621 3548 2672 ita
3581 2631 3634 2672 et

2057 2717 2147 2768 isti
2193 2731 2328 2768 nunc
2353 2731 2455 2768 non
2485 2713 2816 2767 crediderunt
2856 2716 2907 2766 in
2941 2721 3110 2766 ucstra
3140 2713 3522 2777 misericordia,
3577 2722 3631 2765 ut

2055 2818 2103 2861 et
2156 2807 2257 2876 ipsi
2314 2806 2735 2860 misericordiam
2790 2814 3195 2874 consequantur.
3240 2803 3632 2858 Recordamini

2057 2895 2240 2953 autem
2286 2897 2566 2968 quomodo
2604 2910 2796 2950 omnes
2819 2893 3159 2964 «longissimo
3190 2902 3435 2964 tempore
3473 2894 3631 2964 impii

2059 2989 2299 3057 fueritis,
2331 2997 2384 3044 et
2415 2989 2482 3042 ad
2520 2989 2740 3059 longam
2772 2987 2920 3041 illam
2945 2995 3000 3048 et
3038 2987 3202 3058 longe
3245 2985 3628 3058 gravissimam

2059 3082 2390 3153 impietatem
2451 3080 2721 3150 benignus
2780 3077 3046 3134 Dominus
3106 3093 3216 3132 non
3288 3077 3625 3148 respexerit;

373 3163 577 3217 τούτων
617 3167 1058 3238 ἀπιστησάντων,
1091 3171 1234 3242 ὑμᾶς
1256 3173 1378 3226 ἀντὶ
1418 3173 1624 3227 τούτων
1667 3176 1944 3232 ἐκάλεσεν.

2053 3151 2151 3229 sed
2192 3171 2550 3227 inenarrabili
2600 3171 2943 3246 benignitate
2969 3185 3066 3225 eos
3093 3171 3183 3239 qui
3218 3170 3511 3224 voluerunt
3540 3169 3626 3224 di~

284 3252 288 3254 ’
373 3256 538 3334 οὐδὲν
587 3259 766 3313 τοίνυν
821 3261 1076 3330 ἀπεικὸς,
1124 3265 1216 3317 καὶ
1254 3265 1379 3329 τοὺς
1426 3265 1521 3320 νῦν
1573 3267 1950 3335 ἀντιλέγοντας

371 3347 624 3417 δεχθῆναι
662 3349 813 3421 παρὰ
837 3351 931 3404 τοῦ
972 3353 1107 3406 Θεοῦ
1155 3356 1441 3409 πιστεύσαι
1467 3356 1820 3426 θελήσαντας.
1853 3359 1948 3413 καὶ

369 3437 471 3507 τῆς
525 3437 694 3508 αὐτῆς
745 3441 1154 3512 φιλανθρωπίας
1184 3437 1387 3516 τυχέἶν.
1435 3447 1508 3500 Τὸ
1533 3447 1591 3501 δὲ
1633 3449 1733 3503 ἵνα
1784 3450 1947 3504 πάλιν

371 3527 512 3582 κατὰ
540 3529 599 3582 τὸ
623 3532 850 3586 οίκείνον
883 3533 1077 3605 ἰδίωμα
1095 3535 1354 3592 τέθεικεν.
1375 3538 1510 3592 Οὐδὲ
1535 3539 1642 3609 γὰρ
1674 3540 1762 3594 διὰ
1790 3540 1946 3594 τοῦτο

367 3616 691 3688 ἠπείθησαν,
739 3619 828 3674 ἵνα
855 3621 1147 3692 ἐλεηθῶσιν
1178 3641 1191 3655 ·
1236 3625 1352 3680 ἀλλ’
1390 3627 1697 3698 ἠπείθησαν
1729 3630 1827 3699 μὲν
1857 3629 1945 3685 διὰ

366 3711 431 3763 τὸ
461 3713 558 3782 τῆς
588 3712 824 3779 διανοίας
861 3717 1172 3787 ἀντίτυπον,
1204 3718 1589 3791 ἐλεηθήσονται
1618 3722 1674 3777 δέ
1707 3739 1945 3795 μεταμε-

366 3801 488 3874 λείᾳ
511 3806 868 3874 χρησάμενοι.

451 4067 547 4138 λβ’.
604 4071 968 4124 Συνέιι.ίεισε
1003 4071 1112 4140 γὰρ
1153 4075 1186 4127 ό
1224 4069 1552 4140 Θεὸςλτοὺς
1588 4076 1819 4144 πάντας
1853 4081 1940 4146 είς

369 4162 689 4226 ἀπείθειαν,
707 4163 807 4215 ἵνα
834 4162 972 4228 τοὺς
995 4163 1226 4231 πάντας
1245 4166 1494 4236 ἐλεήσῃ.
1523 4167 1613 4234 Τὸ,
1632 4170 1940 4226 συνέκλει-

370 4265 506 4317 σεν,
536 4253 648 4306 ἀντὶ
677 4253 791 4316 τοῦ,
827 4253 1067 4324 ἤλεγξε,
1099 4256 1362 4312 τέθεικεν.
1399 4259 1631 4329 Ἥλεγξε
1659 4261 1715 4314 δέ
1750 4264 1844 4316 καὶ
1869 4264 1938 4318 τὰ

371 4347 520 4418 ἔθνη,
549 4351 636 4403 καὶ
656 4351 889 4423 φυσικὴν
913 4341 1500 4422 είληφόταδιάγνωσιν,
1525 4357 1616 4410 καὶ
1641 4358 1738 4427 τὴν
1761 4359 1938 4412 κτίσιν

365 4441 629 4512 ἐσχηκότα
650 4442 978 4512 θεογνωσίας
1002 4445 1339 4509 διδάσκαλον,
1370 4447 1464 4499 καὶ
1497 4449 1633 4519 μήτε
1662 4451 1930 4518 ἐντεῦθεν,

365 4534 504 4602 μήτε
537 4535 743 4588 ἐκεῖθεν
776 4535 1043 4604 ὠφέλειαν
1071 4534 1437 4607 είσδεξάμενα.
1483 4539 1714 4608 ΊΙλεγξε
1755 4542 1810 4595 δέ
1841 4545 1933 4596 καὶ

373 4623 655 4690 Ἰουδαίους
700 4628 942 4690 πλείονος
993 4628 1091 4698 μέν
1136 4629 1484 4706 διδασκαλίας
1524 4635 1928 4704 τετυχηκόταςο

347 4717 496 4788 ,πρὸς
522 4719 630 4790 γὰρ
655 4723 719 4791 τῇ
752 4721 932 4788 φύσει,
966 4721 1058 4773 καὶ
1085 4723 1151 4791 τῇ
1181 4721 1372 4786 κτίσει,
1409 4724 1502 4778 καὶ
1533 4725 1694 4796 νόμον
1718 4726 1934 4793 ἐδέξαν-

358 4825 442 4871 το,
474 4809 568 4862 καὶ
601 4813 887 4880 προφήτας
913 4811 975 4865 τδ
1002 4813 1118 4866 δέον
1146 4814 1496 4878 παιδεύοντας
1530 4832 1545 4847 °
1597 4818 1688 4869 καὶ
1721 4817 1931 4888 μείζοσι

360 4900 652 4971 τιμωρίαις
683 4902 1018 4966 ὑπευθύνους
1052 4905 1448 4974 γεγενημένους
1481 4922 1495 4935 ⁸
1534 4907 1648 4959 ἀλλ’
1675 4909 1824 4977 ὅμως
1849 4912 1939 4963 καὶ

358 4989 581 5054 τούτους
627 4992 912 5056 κάκείνους
956 4993 1332 5066 πανωλεθρίας
1389 4987 1548 5060 ὄντας
1603 4998 1809 5063 ἀξίους,
1839 5001 1936 5070 τῆς

347 5083 630 5152 ’σωτηρίας
650 5083 869 5154 ἠξίωσε,
890 5085 1175 5140 πιστεῦσαι
1201 5087 1360 5158 μόνον
1381 5089 1728 5161 θελήσαντας.
1753 5093 1938 5146 Ταῦτα

356 5172 662 5239 διεξελθὼν,
708 5176 805 5230 καὶ
847 5175 1180 5246 θεασάμενος
1215 5178 1312 5247 τῆς
1348 5178 1497 5241 θείας
1530 5181 1936 5250 φιλανθρωπίας

356 5265 456 5336 τὴν
481 5265 740 5330 ἄϐυσσον,
776 5269 870 5322 καὶ
894 5268 954 5321 τὸ
978 5268 1074 5338 τῆς
1107 5269 1294 5337 σοφίας
1323 5269 1631 5338 ἀνέφικτον,
1674 5273 1897 5342 ἐϐόησεν
1921 5288 1932 5300 ”

429 5442 528 5513 λγ’.
557 5441 629 5500 Ὠ
651 5444 842 5512 βάθος
867 5445 1132 5501 πλούτου
1157 5445 1253 5502 καὶ
1279 5449 1498 5517 σοφίας
1526 5447 1624 5501 καί
1653 5446 1925 5518 γνώσεως

2051 3271 2248 3335 gnatus
2277 3263 2371 3329 sit,
2403 3272 2477 3328 et,
2507 3277 2630 3318 eum
2661 3263 2753 3316 isti
2815 3278 2926 3316 non
2977 3263 3365 3325 credidissent,
3403 3275 3496 3315 ros
3528 3275 3628 3331 pro

2049 3356 2158 3410 illis
2193 3354 2489 3409 vocaverit.
2550 3349 2670 3406 Non
2711 3360 2812 3409 -εει
2875 3354 3061 3423 itaque
3116 3353 3379 3418 alienum,
3422 3360 3483 3406 ut
3531 3353 3624 3422 qui

2049 3427 2197 3503 nunc
2235 3446 2646 3511 contradicunt,
2679 3461 2714 3500 a
2745 3444 2857 3499 Deo
2889 3446 3288 3514 suscipiantur,
3319 3445 3367 3499 si
3402 3443 3627 3498 credere

2046 3539 2343 3598 voluerint.
2373 3546 2428 3592 et
2455 3537 2706 3593 eamdem
2757 3537 3152 3607 benignitatem
3187 3542 3621 3605 consequantur.

2047 3628 2185 3684 lllud
2219 3636 2400 3682 autem
2456 3637 2514 3680 ut
2559 3642 2754 3682 rursus
2812 3627 2922 3682 sibi
2962 3624 3222 3680 familiari
3255 3640 3356 3680 usu
3414 3625 3622 3695 posuit.

2045 3717 2232 3790 Neque
2278 3719 2426 3774 enim
2468 3717 2618 3772 ideo‘
2656 3732 2763 3772 non
2821 3717 3176 3773 crediderunt
3212 3724 3272 3769 ut
3311 3715 3623 3771 misericor-

2045 3813 2192 3869 diam
2222 3817 2674 3883 assequerentur,
2706 3810 2802 3866 sed
2837 3827 2944 3865 non
2997 3808 3352 3865 crediderunt
3400 3817 3622 3879 propter

2047 3906 2248 3960 mentis
2277 3904 2729 3969 contumaciam;
2762 3902 3201 3957 misericordiam
3254 3912 3434 3956 autem
3483 3917 3619 3956 con-

2043 4005 2350 4067 sequentur
2379 4005 2499 4051 acta
2534 3996 2876 4066 pwniteutia.

2115 4087 2282 4145 Vens.
2310 4088 2398 4143 5-2.
2429 4088 2700 4143 Conclusit
2739 4087 2876 4141 enim
2904 4102 3079 4141 omnes
3122 4083 3261 4138 Deus
3296 4084 3351 4136 in
3380 4083 3619 4137 incredu»

2041 4180 2212 4244 litate,
2246 4189 2302 4232 ut
2342 4181 2576 4233 omnium
2637 4180 2970 4232 misereatur.
3006 4205 3076 4217 -——
3111 4174 3382 4229 Conclusit
3434 4177 3620 4244 posuit

2041 4285 2142 4340 pro
2183 4287 2248 4324 eo
2301 4271 2450 4339 quod
2484 4277 2568 4323 cst
2602 4269 2844 4322 convicit.
2905 4266 3158 4321 Convicit
3208 4266 3356 4319 enim
3405 4275 3614 4336 gentes.

2040 4378 2163 4432 qua:
2205 4365 2454 4417 naturale
2496 4360 2767 4428 judicium
2805 4365 3152 4427 acceperant,
3194 4365 3249 4412 et
3283 4373 3371 4413 res
3401 4370 3616 4412 creatas

2039 4454 2240 4510 divinae
2287 4451 2622 4523 cognition-is
2660 4449 2958 4520 magistras
2992 4449 3318 4515 habuerant,
3351 4457 3404 4504 et
3439 4465 3614 4519 neque

2040 4548 2190 4614 hinc,
2233 4561 2412 4617 neque
2463 4544 2615 4599 illinc
2669 4542 2924 4611 utilitatis
2972 4541 3190 4613 aliquid
3259 4552 3612 4614 acceperunt.

2040 4637 2294 4693 Convicit
2323 4645 2376 4690 et
2403 4633 2644 4702 Judaeos,
2671 4634 2763 4706 qui
2797 4635 2922 4705 plus
2949 4633 3110 4689 etiam
3142 4634 3409 4718 doctrinae
3434 4636 3611 4705 adepti

2041 4729 2188 4798 (nam
2236 4737 2432 4798 praeter
2484 4737 2734 4782 natu-ram
2763 4733 2818 4782 et
2851 4734 3133 4781 creaturas
3165 4726 3336 4797 legem
3393 4742 3611 4796 quoque

2041 4827 2389 4888 acceperant,
2445 4827 2498 4872 et
2552 4818 2873 4888 prOphetas,
2926 4816 3018 4886 qui
3073 4831 3169 4871 eos
3227 4817 3610 4872 convenientia

2035 4910 2351 4978 docebant),
2396 4910 2701 4978 majoribus
2757 4923 2978 4979 quoque
3049 4907 3340 4976 suppliciis
3385 4909 3606 4963 obnoxii

2035 5002 2252 5058 inerant
2279 5001 2427 5056 facti.
2451 5000 2557 5056 Sed
2593 5010 2776 5056 tamen
2808 5007 2863 5054 et
2901 4999 3077 5053 hoset
3112 4999 3259 5064 illos,
3292 5001 3385 5068 qui
3427 5000 3627 5054 fundi--~

2033 5098 2123 5147 tus
2147 5093 2328 5162 perire
2356 5095 2373 5112 θ
2396 5099 2735 5156 meruerant,
2753 5090 2930 5144 salute
2956 5087 3215 5156 dignatus
3237 5094 3340 5150 est,
3363 5088 3406 5142 si
3431 5089 3606 5144 solum

2033 5160 2585 5235 Credereovoluerint.
2625 5178 2751 5232 Haec
2804 5181 3155 5246 prosecutus,
3184 5182 3238 5230 et
3265 5175 3464 5234 divina:
3518 5182 3609 5235 lic-

2033 5271 2317 5341 nignilatis
2347 5271 2612 5340 abyssum
2649 5277 2811 5338 atque
2867 5265 3470 5338 incomprehensibilem
3514 5287 3604 5326 sa-

2037 5361 2299 5428 pientiam
2333 5361 2714 5424 Considerans,
2746 5356 3076 5414 exclamavit
3107 5375 3120 5413 :

2112 5449 2272 5506 Vens.
2294 5452 2381 5506 '53.
2411 5450 2454 5505 Ο
2478 5451 2705 5506 altitudo
2733 5451 3042 5506 divitiarum
3073 5452 3348 5522 sapientia!
3371 5463 3420 5510 et
3443 5457 3608 5509 irim-

1641 5622 1884 5684 VARLE
1925 5623 2336 5689 LECTIONES.

427 5737 475 5773 ”
507 5739 551 5792 A
599 5742 906 5813 οἰκονομίας
932 5742 1228 5809 ἐξελέξατο.
1305 5746 1345 5778 ⁵⁸
1381 5747 1422 5799 Α
1453 5746 1944 5818 ἀχαριστήσαντας.
