4074 6164
406 297 506 365 187

1321 291 1806 367 THEODORETI
1879 305 2220 370 EPISCOPI
2260 307 2633 369 CYRENSIS‘

3562 313 3666 377 188

405 417 531 471 ilice
554 415 699 472 enim
730 415 868 470 dixit
889 415 1000 469 Deo
1025 413 1260 483 placere.
1294 415 1462 473 Docet
1494 426 1680 474 autem
1713 431 1969 490 quanam

2092 418 2312 490 ιρείττω
2332 419 2400 474 ⁸⁸.
2434 420 2620 474 Ταῦτα
2678 422 2784 494 γὰρ
2823 421 2925 494 εφη
2983 424 3070 477 τὸν
3099 419 3255 477 ’θεὸν
3313 422 3660 495 θεραπεύειν.

399 524 462 563 ea
501 506 613 562 sint
649 520 664 558 :
695 514 752 560 et
805 512 934 559 ante
985 503 1094 557 alia
1125 507 1309 560 omnia
1363 505 1971 575 fastumexterminat',

397 610 451 656 et
480 600 849 656 humilitatem
884 599 1152 670 pracipit.

469 778 636 837 Vatis.
676 781 730 835 5.
767 781 896 834 Dico
926 782 1062 836 enim
1085 823 1100 847 ,
1145 777 1323 852 inquit
1346 820 1360 846 ,
1411 798 1505 850 per
1535 783 1768 853 gratiam
1797 821 1812 848 ,
1855 799 1975 854 qua

395 872 525 926 data
571 880 652 927 est
702 872 852 938 mihi,
886 872 1126 927 omnibus
1158 874 1249 943 qui
1296 881 1418 926 sunt
1464 873 1604 927 inter
1658 889 1746 927 vos
1787 889 1806 927 :
1868 889 1976 929 non

399 981 584 1034 sapere
631 964 749 1033 plus
804 981 964 1035 quam
1018 973 1221 1033 oportet
1277 982 1492 1035 sapere,
1555 967 1644 1021 sed
1696 981 1877 1036 sapere
1905 966 1976 1020 ad

399 1057 757 1110 sobrietatem.
801 1056 880 1110 Ac
919 1070 986 1110 ne
1030 1055 1132 1111 ista
1167 1054 1390 1125 quidem
1445 1057 1564 1126 ipse
1619 1073 1680 1113 se
1729 1065 1976 1114 statuere

400 1149 495 1210 ait,
531 1147 625 1201 sed
675 1161 772 1216 per
806 1147 982 1216 ipsum
1020 1148 1257 1217 gratiam
1293 1146 1558 1217 Spiritus.
1604 1147 1757 1204 Illius
1799 1149 1971 1214 enim,

400 1237 600 1307 inquit,
657 1253 776 1292 sum
832 1238 1289 1293 instrumentum.
1349 1238 1714 1294 Sobrietatem
1790 1247 1973 1295 autem

399 1329 506 1384 hoc
538 1330 661 1384 loco
693 1330 893 1386 mentis
928 1329 1219 1386 sanitatem
1267 1331 1597 1401 appellavit,
1645 1331 1854 1386 docens
1883 1347 1978 1387 su-

398 1427 644 1498 perbiam
679 1440 804 1480 esse
837 1423 1085 1478 morbum
1141 1423 1368 1478 mentis.
1414 1422 1587 1477 Suum
1633 1439 1827 1494 nempe
1871 1422 1976 1478 Do-

399 1518 610 1571 minum
661 1524 748 1571 est
806 1514 1074 1568 imitatus.
1117 1512 1417 1567 'Dominus
1479 1511 1625 1566 enim
1679 1511 1734 1566 in
1797 1511 1976 1566 sacris

400 1606 714 1676 Evangeliis
761 1619 856 1659 eos
901 1604 996 1674 qui
1054 1603 1206 1672 131
1267 1603 1632 1658 humilitatem
1692 1604 1978 1674 possident

399 1700 590 1755 beatos
623 1699 830 1767 primos
859 1695 1267 1766 pronuntiavit.
1303 1711 1322 1744 ι
1353 1693 1544 1761 Beati,
1591 1695 1810 1764 inquit,
1843 1711 1977 1765 pau-

401 1807 564 1862 peres
614 1789 859 1858 spiritu;
907 1788 1156 1856 ipsorum
1189 1786 1336 1841 enim
1381 1795 1468 1841 est
1522 1802 1753 1857 regnum
1801 1788 1974 1843 cmlo-
2012 1771 2053 1826 Β

403 1897 601 1937 rum-In
639 1900 656 1931 ι
689 1878 960 1935 Omnibus
988 1885 1166 1933 autem
1211 1878 1354 1932 hanc
1395 1878 1565 1948 legem
1615 1879 1878 1948 imponit,
1922 1887 1976 1934 et

404 1972 670 2028 divitibus
709 1980 766 2027 et
815 1970 1170 2041 pauperibus,
1209 1977 1263 2023 et
1310 1969 1488 2024 servis
1522 1976 1576 2023 et
1609 1967 1875 2034 dominis,
1924 1977 1979 2024 et

405 2069 540 2121 viris
569 2072 623 2119 et
653 2062 998 2118 mulieribus.
1037 2060 1154 2117 Hoc
1191 2061 1336 2115 enim
1368 2060 1642 2130 signiﬁcat
1673 2077 1686 2114 :
1718 2045 1976 2115 Omnibus

408 2161 543 2212 inter
582 2172 689 2209 vos.
728 2153 896 2208 Docet
921 2155 1083 2208 etiam
1123 2166 1460 2214 mensuram,
1500 2149 1566 2204 ad
1611 2161 1774 2220 quam
1806 2167 1982 2220 usque

407 2253 475 2306 de
507 2267 565 2305 se
595 2249 801 2304 sentire
829 2254 1071 2318 Oportet.
1113 2244 1404 2316 Unicuique
1446 2245 1583 2299 sicut
1619 2244 1760 2299 Deus
1798 2245 1981 2299 divisit

409 2357 708 2396 mensuram
733 2339 878 2410 ﬁdei.
911 2337 1287 2392 Gratiam.hoc
1314 2337 1368 2390 in
1409 2337 1530 2391 loco
1553 2335 1775 2390 vocavit.
1797 2335 1981 2390 iidem.

410 2433 515 2488 Per
547 2431 703 2487 ﬁdem
735 2432 882 2487 enim
916 2429 1078 2484 datur
1108 2429 1308 2499 gratia,
1336 2437 1391 2482 et
1421 2442 1522 2497 pro
1557 2441 1814 2481 mensura
1859 2425 1982 2480 fidei

408 2525 550 2579 dona
593 2524 784 2595 gratim
835 2520 1281 2591 suppeditantur.
1331 2518 1493 2573 Jubet
1551 2525 1734 2574 autem
1786 2519 1988 2572 animo:

410 2618 477 2673 de
511 2631 582 2671 se
603 2614 934 2671 sententiam
967 2629 1032 2667 ex
1065 2612 1266 2666 donata
1298 2613 1471 2680 gratia
1506 2609 1710 2664 metiri.

483 2709 648 2763 Vsus.
677 2707 730 2771 4,
764 2707 817 2760 5.
847 2702 991 2759 Sicut
1017 2704 1156 2757 enim
1183 2703 1238 2755 in
1260 2718 1362 2755 uno
1391 2716 1607 2769 corpore
1632 2699 1801 2752 multa
1822 2693 2000 2752 "mento.

412 2803 507 2856 bra
539 2800 822 2861 habemus,
866 2795 1043 2848 omnia
1077 2802 1251 2848 autem
1303 2791 1538 2846 membra
1591 2808 1695 2864 non
1749 2790 1984 2845 eumdem

412 2902 588 2950 actum
618 2889 806 2944 habent
835 2905 851 2942 :
880 2888 958 2940 ita
999 2887 1161 2940 etiam
1203 2884 1358 2937 multi
1386 2901 1549 2937 unum
1581 2900 1771 2952 corpus
1803 2900 1986 2938 sumus

411 2987 466 3039 in
495 2983 746 3048 Christo,
805 2980 1001 3051 singuli
1045 2987 1222 3032 autem
1273 2977 1408 3032 alter
1467 2977 1691 3031 alterius
1730 2976 1986 3030 membra.

412 3075 676 3148 Apposita
710 3056 1018 3129 similitudo
1051 3070 1319 3125 doctrinm
1379 3069 1447 3123 de
1495 3069 1788 3123 cbaritate.
1840 3067 1991 3123 Una-

414 3185 645 3240 quzeque
669 3169 816 3223 enim
841 3181 969 3236 pars
1003 3163 1260 3232 corporis
1291 3177 1400 3217 non
1427 3173 1512 3217 est
1543 3163 1646 3218 sibi
1675 3162 1852 3217 solum
1885 3160 1994 3215 uti-

415 3260 486 3314 lis
509 3298 525 3321 .
561 3257 654 3314 sed
702 3256 758 3311 in
795 3270 1089 3310 commune
1145 3252 1301 3308 affert
1336 3252 1626 3307 utilitatem
1663 3271 1674 3306 :
1713 3253 1788 3305 ita
1828 3253 1990 3306 etiam

415 3350 672 3406 convenit
714 3363 839 3404 eum
893 3347 987 3418 qui
1045 3347 1287 3416 aliquam
1345 3344 1576 3416 gratiam
1620 3342 1858 3411 desuper
1903 3358 1995 3397 ac-

415 3444 584 3514 cepit,
607 3449 764 3498 certo
792 3440 935 3496 scire
969 3455 1028 3496 se
1054 3440 1158 3494 hoc
1182 3439 1385 3493 donum
1411 3435 1722 3492 communis
1741 3434 1996 3489 utilitatis

418 3536 592 3608 gratia
626 3534 936 3604 accepisse.
985 3531 1205 3602 Corpus
1251 3531 1406 3585 ‘enim
1451 3543 1622 3582 unum
1675 3536 1804 3582 sunt
1831 3527 1866 3580 ii
1901 3527 1994 3600 qui

396 3615 786 3688 crediderunt,
816 3626 1050 3681 membri
1073 3631 1253 3680 autem
1280 3638 1440 3679 usum
1477 3620 1862 3692 unusquisque
1899 3636 1996 3676 no-

421 3729 594 3776 strum
621 3727 865 3789 praestat.

495 3811 668 3866 Vens;
695 3811 748 3865 6-.
802 3809 1064 3863 [labentes
1118 3815 1294 3860 autem
1351 3805 1663 3860 donationes
1711 3803 1996 3858 secundum

417 3904 672 3973 gratiam,
702 3918 817 3971 qua:
845 3900 974 3953 data
1005 3910 1083 3954 est
1118 3900 1288 3961 nobis,
1319 3898 1640 3967 di/ferentes.
1679 3897 1757 3951 Ita
1791 3904 1877 3952 est
1912 3897 1996 3950 in-

425 3990 774 4060 telligendum
810 4006 834 4042 ει
861 3989 1015 4043 Alter
1049 3989 1277 4044 alterius
1328 3988 1576 4042 membra
1624 4003 1839 4050 sumus,
1888 3987 1998 4040 ba-

426 4084 628 4138 bentes‘
659 4079 988 4135 donationes
1014 4118 1029 4142 ,
1081 4078 1386 4134 secundum
1417 4077 1655 4148 gratiam
1696 4092 1821 4148 quae
1870 4077 1995 4131 data

423 4182 506 4230 est
537 4172 718 4235 nobis,
748 4171 1089 4226 diﬂ'erentes.
1119 4170 1274 4224 Licet
1307 4170 1452 4224 enim
1491 4168 1602 4223 sint
1632 4168 1714 4222 liae
1741 4166 1997 4223 differen-

425 4279 531 4331 tes,
560 4267 625 4320 ad
649 4281 996 4321 communem
1022 4276 1203 4320 tamen
1234 4264 1530 4318 utilitatem
1559 4277 1588 4316 a
1613 4261 1799 4317 divina
1822 4261 1996 4332 gratia

425 4357 646 4413 fuerunt
674 4358 1056 4427 suppeditatae.

494 4448 611 4505 Sive
633 4449 957 4518 prophetiam
977 4447 1260 4504 secundum
1275 4449 1532 4502 rationem
1551 4447 1694 4517 ﬁdei,
1711 4445 1899 4515 (Vens.
1920 4446 1996 4517 7.)
2033 4475 2076 4528 ο

2079 507 2333 563 Διδάσκει
2383 509 2440 563 δὲ
2497 511 2592 564 καὶ
2644 511 2766 565 τίνα
2817 510 3020 568 ταῦτα’
3059 515 3154 568 καὶ
3198 514 3304 585 πρὸ
3341 515 3452 568 τῶν
3489 517 3665 573 ἄλλων

2081 599 2339 660 ἁπάντων
2372 599 2608 671 ἐξορίζει
2629 601 2722 656 τὸν
2751 601 2950 671 τῦφον,
2981 604 3075 657 καὶ
3103 603 3199 675 τὴν
3232 609 3665 678 ταπεινοφροσύ-

2079 706 2190 760 νην,
2204 689 2501 760 νομοθετεῖ.

2150 787 2219 849 γ’.
2253 781 2416 852 Λέγω
2438 783 2571 852 γὰρ,
2608 785 2763 853 φησὶ,
2793 785 2892 840 διὰ
2932 784 3044 853 τῆς
3070 784 3311 854 χάριτος
3338 786 3450 856 τῆς
3471 788 3664 844 δοθει-

2079 887 2198 939 σης
2221 888 2341 941 μοι,
2374 873 2552 926 παντὶ
2577 873 2658 940 τῷ
2682 874 2807 928 ὄντι
2850 875 2920 928 ἐν
2947 875 3109 944 ὑμῖν,
3135 875 3222 944 μὴ
3265 878 3664 946 ὑπερφρονεῖν

2079 965 2218 1032 παρ’
2249 963 2281 1016 ὃ
2315 962 2413 1017 δεῖ
2431 960 2698 1033 φρονεῖν’,
2728 966 2887 1020 ἀλλὰ
2923 966 3170 1034 φρονεῖν
3206 968 3295 1033 εὶς
3326 967 3394 1021 τὸ
3425 985 3660 1038 σωφροο

2078 1053 2227 1109 νεῖν.
2259 1055 2369 1108 Καὶ
2416 1055 2537 1108 οὐδὲ
2572 1056 2748 1120 αὐτὸς
2771 1055 2942 1109 ταῦτα
2970 1055 3116 1123 λέγει
3157 1056 3489 1126 νομοθετεῖν,
3524 1059 3670 1112 ἀλλὰ

2080 1145 2148 1198 δι’
2175 1146 2344 1200 αὐτοῦ
2375 1146 2478 1217 τὴν.
2510 1147 2671 1218 χάριν
2713 1147 2809 1201 τοῦ
2835 1147 3173 1218 Πνεύματος.
3213 1149 3485 1218 Ὀργανον
3526 1151 3658 1222 γὰρ,

2080 1235 2264 1306 φησὶν,
2287 1226 2499 1307 ἐκεῦιης
2524 1236 2656 1306 ἐγώ.
2694 1237 3054 1309 Σωφροσύνην
3073 1239 3130 1292 δὲ
3165 1237 3404 1293 ἐνταῦθα
3427 1240 3525 1311 τὴν
3549 1241 3661 1295 τῶν

2079 1327 2290 1396 φρενῶν
2317 1328 2508 1394 ὑγείαν
2529 1328 2777 1391 ἐκάλεσε,
2805 1329 3069 1382 διδάσκων
3097 1329 3173 1393 ὼς
3196 1331 3227 1400 ὴ
3272 1331 3660 1401 ὑπερηφάνεια

2079 1416 2233 1480 νόσος
2258 1418 2490 1489 φρενῶν.
2517 1419 2622 1472 Τὸν
2648 1421 2848 1472 οίκεῖον
2877 1419 3060 1488 μέντοι
3080 1422 3359 1490 Δεσπότην
3392 1421 3658 1492 ἐζήλωσε.

2079 1507 2191 1561 Καὶ⁸
2218 1508 2327 1578 γὰρ
2354 1512 2382 1563 ό
2409 1509 2613 1580 Κύριος
2665 1511 2724 1563 ἐν
2774 1514 2886 1574 τοίς
2941 1512 3106 1581 ἱεροῖς
3154 1512 3506 1580 Εὑαγγελίοις
3535 1513 3676 1576 τοὺς,

2078 1599 2176 1671 τὴν
2211 1601 2711 1673 ταπεινοφροσύνην
2755 1602 3132 1672 κεκτημένους
3175 1605 3482 1674 ἐμακάρισε
3513 1604 3664 1675 πρὼ-
3724 1671 3728 1676 _

2080 1708 2226 1755 τους.
2252 1711 2270 1741 ι
2301 1693 2578 1763 Μακάριοι
2603 1695 2732 1765 γὰρ,
2758 1693 2944 1765 φησιν,
2967 1695 3024 1747 οἱ·
3047 1695 3251 1764 πτωχοὶ
3274 1694 3351 1765 τῷ
3372 1694 3660 1764 πνεύματι,

2083 1783 2163 1836 ὅτι
2187 1784 2366 1837 αὐτῶν
2403 1786 2608 1855 ἐστινὴ
2640 1784 2888 1855 βασιλεία
2929 1785 3038 1838 τῶν
3070 1785 3338 1856 οὐρανῶν.
3383 1807 3400 1839 ι
3436 1789 3578 1840 Πᾶσι
3606 1788 3679 1840 63-

2085 1878 2256 1932 ταῦτα
2284 1879 2584 1949 νομοθετεῖ,
2612 1881 2707 1934 καὶ
2751 1880 3028 1944 πλουσίοις
3051 1883 3144 1935 καὶ
3173 1882 3393 1954 πένησι,
3428 1884 3521 1937 καὶ
3543 1884 3663 1938 δούς

2085 1970 2198 2035 λοις
2226 1974 2319 2025 καὶ
2351 1972 2659 2036 δεσπόταις,
2699 1974 2794 2032 καὶ
2842 1973 3068 2044 ἀνδράσι
3102 1974 3196 2028 καὶ
3237 1975 3471 2043 γυναιξί.
3495 1977 3678 2032 Τοῦτο

2085 2064 2195 2134 γὰρ
2226 2063 2377 2133 δηλοῖ
2405 2064 2485 2126 τὸ,
2517 2063 2695 2116 παντὶ
2737 2063 2818 2129 τῷ
2848 2063 2975 2117 όντι
2996 2063 3069 2118 ἐν
3087 2061 3248 2132 ὑμῖν.
3274 2065 3546 2118 Δίδωσιδέ
3573 2067 3666 2118 καὶ

2087 2155 2156 2209 τὰ
2203 2155 2298 2208 τοῦ
2352 2156 2700 2226 φρονήματος
2747 2155 2946 2227 μέτρα.
3009 2156 3278 2223 Ἐκάστῳ
3317 2159 3397 2222 ὡς
3447 2159 3481 2211 ὁ
3523 2157 3668 2224 Θεὸς

2089 2248 2327 2318 ἐμέρισε
2352 2248 2572 2317 μέτρον
2593 2248 2872 2314 πίστεως.
2897 2249 3008 2319 Τὴν
3035 2249 3195 2319 χάριν
3227 2247 3459 2303 ἐνταῦθα
3485 2249 3668 2303 πίστιν

2091 2340 2338 2394 ἐκάλεσε.
2363 2339 2461 2392 Διὰ
2494 2339 2604 2411 γὰρ
2644 2339 2880 2402 πίστεως
2911 2341 2942 2408 ἡ
2978 2341 3080 2409 τῆς
3119 2340 3342 2411 χάριτος
3368 2339 3533 2404 δόσις,
3577 2340 3668 2408 καὶ

2092 2432 2228 2503 πρὸς
2276 2432 2338 2485 τὸ
2377 2431 2575 2501 μέτρον
2635 2431 2736 2497 τῆς
2791 2431 3029 2494 πίστεως
3078 2435 3391 2502 χορηγεϊται
3423 2431 3490 2484 τὰ
3517 2432 3672 2502 δῶρα.

2091 2525 2188 2594 τῆς
2226 2523 2464 2593 χάριτος.
2520 2523 2743 2575 Κελεύει
2772 2523 2828 2575 δὲ
2857 2526 2923 2593 τῇ
2977 2521 3186 2594 δοθείσῃ
3229 2523 3404 2593 χάριτι
3445 2526 3664 2593 μετρεῖν

2092 2614 2154 2667 τὸ
2176 2613 2430 2686 φρόνηιῑα
2463 2614 2559 2682 τῆς
2591 2614 2790 2683 ψυχῆς.

2125 2711 2130 2714 ’
2164 2705 2226 2769 δ’,
2254 2711 2314 2758 ε’.
2343 2703 2619 2770 Καθάπερ
2659 2705 2768 2772 γὰρ
2796 2705 2865 2757 ἐν
2899 2705 2991 2757 ἐνὶ
3029 2704 3254 2774 σώματι
3286 2705 3484 2759 πολλὰ
3511 2704 3668 2775 μέλη

2081 2794 2334 2866 ’ἐχομεν,
2362 2796 2435 2849 τὰ
2491 2795 2555 2849 δὲ
2601 2795 2757 2866 μέλη
2796 2796 2994 2850 πάντα
3031 2799 3103 2850 οὐ
3166 2795 3280 2864 τὴν
3317 2796 3514 2863 αὐτὴν
3543 2795 3668 2866 ἔχει

2097 2889 2316 2959 πρᾶξιν
2350 2907 2364 2921 ·
2399 2877 2692 2954 οὕτωςρὶ
2745 2890 2960 2946 πολλοὶ
3019 2888 3090 2942 ἐν
3135 2887 3308 2957 σῶμά
3359 2888 3547 2958 ἐσμεν
3601 2888 3671 2942 ἐν

2098 2978 2352 3046 Χριστῷ,
2379 2983 2413 3033 ὀ
2435 2978 2510 3031 δὲ
2541 2981 2669 3033 καθ’
2695 2973 2782 3044 εἷς
2817 2979 3106 3046 ἀλλήλων
3127 2979 3306 3048 μέλη.
3353 2979 3668 3051 Πρόσφορος

2102 3069 2316 3142 ἡείκὼν
2344 3074 2410 3142 τῇ
2437 3089 2501 3124 πε
2510 3072 2563 3140 pi.
2583 3072 2679 3142 τῆς
2699 3071 2916 3142 ἀγάπης
2937 3070 3269 3142 διδασκαλίᾳ.
3292 3070 3400 3124 Καὶ
3421 3070 3528 3142 γὰρ
3544 3071 3672 3124 ἐκα-

2101 3181 2224 3218 στον
2241 3164 2348 3219 τῶν
2371 3164 2572 3234 μορίων
2597 3163 2690 3216 τοῦ
2715 3165 2985 3233 ’σώματος
3014 3165 3112 3233 οὐχ
3139 3163 3314 3233 ἐαυτῷ
3346 3164 3505 3234 μόνον
3533 3163 3670 3235 χρή-

2101 3273 2278 3325 σιμον,
2299 3255 2434 3308 ἀλλὰ
2462 3256 2543 3326 τῷ
2564 3255 2728 3326 κοινῷ
2753 3256 3049 3326 προσφέρει
3076 3255 3179 3326 τὴν
3203 3255 3488 3324 ὠφέλειαν.
3519 3253 3678 3307 Οὕτω

2100 3346 2276 3398 τοίνυν
2301 3347 2568 3415 προσήκει
2593 3346 2683 3399 τὸν
2719 3345 2940 3416 χάριτός
2968 3361 3113 3408 τινος
3143 3345 3346 3398 ἄνωθεν
3361 3327 3406 3378 ’ί
3437 3344 3675 3398 ἀπολαύ-

2103 3455 2273 3493 σαντα.
2299 3439 2494 3492 είδὲναι
2527 3439 2730 3508 σαφῶς,
2763 3439 2838 3502 ὡς
2857 3440 2959 3510 τῆς
2988 3438 3176 3506 κοινῆς
3206 3438 3394 3508 χρείας
3423 3439 3585 3491 ἕνεκα
3613 3438 3678 3490 τὸ

2100 3531 2272 3601 δῶρον
2307 3530 2466 3584 τοῦτο
2490 3531 2723 3595 ἐδέξατο.
2754 3531 2920 3602 Σῶμα
2954 3531 3063 3601 γὰρ
3093 3531 3150 3582 ἐν
3183 3533 3234 3583 οἱ
3259 3531 3670 3594 πιστεύσαντες.

2105 3619 2299 3690 μέλους
2326 3619 2383 3674 δὲ
2413 3621 2596 3690 χρείαν
2623 3620 2850 3685 ἕκαστος
2881 3621 3038 3692 ἡμῶν
3075 3621 3292 3691 πληροῖ.

2176 3806 2251 3863 ς’.
2291 3799 2577 3865 Ἔχοντες
2608 3799 2964 3866 ’χαρίσματα
3001 3798 3145 3852 κατὰ
3189 3798 3304 3866 τὴν
3347 3798 3524 3867 χάριν
3562 3795 3686 3863 τὴν.

2103 3888 2385 3943 δοθεῖσαν
2423 3888 2561 3956 ἡμῖν
2585 3888 2856 3956 διάφορα.
2872 3888 3027 3942 Οὕτω
3053 3890 3270 3958 νοητέον
3293 3907 3304 3918 ·
3325 3890 3479 3959 Μέλη
3512 3890 3678 3958 ἐσμὲν

2103 3982 2368 4056 ἀλλήλων,
2394 3982 2605 4051 ἔχοντες
2632 3981 2949 4052 χαρίσματα
2977 3981 3119 4033 κατὰ
3155 3981 3254 4050 τὴν
3278 3981 3439 4051 χάριν
3469 3981 3564 4051 τὴν
3590 3981 3675 4034 δο-

2105 4074 2290 4127 θεῖσαν
2321 4076 2450 4144 ἡμῖν
2479 4073 2730 4143 διάφορα.
2758 4073 2818 4125 lii
2843 4074 2950 4144 γὰρ
2973 4074 3066 4125 καὶ
3093 4073 3322 4142 διάφορα
3348 4073 3539 4135 ταῦτα,
3562 4072 3676 4123 ἀλλ’

2103 4162 2196 4220 οὖν
2230 4167 2310 4228 είς
2359 4164 2544 4234 κοινὴν
2597 4163 2862 4233 ὠφέλειαν
2895 4163 3000 4216 ὑπὸ
3029 4165 3126 4234 τῆς
3161 4163 3311 4225 Θείας
3338 4162 3675 4233 κεχορήγην-

2103 4274 2194 4310 ται
2223 4257 2268 4289 ⁹⁰
2298 4256 2538 4328 χάριτος.

2177 4436 2312 4489 Εἴτε
2337 4433 2703 4503 προφητείαν
2740 4431 2888 4485 κατὰ
2906 4433 3049 4498 .τὴν
3077 4433 3409 4500 ἀναλογίαν
3439 4431 3547 4500 τῆς
3581 4433 3676 4484 πί·

425 4542 531 4596 ιίιιε
558 4542 910 4595 ministerium
947 4543 999 4594 in
1045 4541 1396 4594 ministrando
1420 4581 1433 4602 ,
1479 4541 1584 4593 sive
1623 4539 1711 4608 qui
1744 4537 1894 4590 docet
1943 4537 1990 4591 in

2105 4543 2314 4591 στεως,
2347 4524 2458 4596 (ζ’.)
2481 4525 2600 4578 εἴτε
2625 4524 2997 4578 (irascor/arm
3023 4525 3093 4576 ἐν
3127 4521 3198 4590 τῇ
3233 4522 3528 4590 διακονίᾳ,
3562 4523 3680 4575 εἴτε

425 4631 700 4694 doctrina,
733 4633 837 4685 sive
869 4631 1025 4700 132
1058 4633 1146 4700 qui
1175 4630 1490 4684 exhortatur
1534 4632 1589 4682 in
1643 4628 1996 4682 exhortando.

425 4721 532 4776 Pro
559 4722 995 4790 uniuscujusque
1030 4723 1134 4776 llde
1179 4724 1414 4792 gratiam
1465 4721 1693 4776 metitur
1728 4719 1997 4775 bonorqu

426 4812 672 4880 largitor.
708 4812 960 4880 Appellat
1009 4819 1190 4866 autem
1245 4812 1615 4881 prophetiam,
1669 4827 1776 4864 non
1818 4811 1997 4865 solum

425 4918 617 4956 eorum
651 4917 774 4970 qua:
800 4902 986 4958 futura
1021 4915 1148 4958 sunt
1187 4903 1608 4973 praescientiam,
1660 4902 1756 4957 sed
1807 4917 1997 4955 eorum

426 4995 590 5047 ctiam
616 5009 736 5062 quas
764 5002 897 5050 sunt
930 4995 1147 5049 occulta
1182 4994 1589 5063 cognitionem;
1648 4991 2000 5045 ministerium

425 5089 643 5144 autem,
681 5082 1011 5151 praedicandi
1047 5098 1278 5146 munus;
1327 5081 1648 5149 doctrinam,
1687 5082 1998 5136 divinorum

425 5170 740 5239 dogmatum
773 5173 1162 5245 disciplinam;
1210 5170 1647 5235 exhortationem.
1685 5173 1998 5229 suasionem

499 5353 536 5377 ·
579 5345 770 5403 Matth.
804 5364 855 5413 ν,
887 5347 943 5402 3.

2106 4620 2139 4670 ὀ
2173 4615 2477 4669 διδάσκων
2505 4617 2574 4668 ἐν
2603 4615 2674 4683 τῇ
2695 4615 3077 4682 διδασκαλίᾳ,
3109 4614 3229 4666 she
3252 4617 3283 4667 ό
3321 4613 3684 4682 παρακαλῶν

2105 4709 2175 4762 ἐν
2208 4707 2279 4776 τῇ
2309 4709 2704 4776 παρακλήσει.
2748 4709 2824 4778 Τῇ
2876 4709 3105 4760 ἑκάστου
3144 4707 3322 4759 πίστει
3371 4709 3561 4776 μετρεῖ
3585 4707 3684 4775 τὴν

2105 4801 2265 4870 χάριν
2294 4803 2320 4852 ὁ
2351 4799 2457 4852 τῶν
2488 4800 2707 4865 ἀγαθῶν
2732 4800 2985 4870 χορηγός.
3013 4797 3184 4852 Καλεῖ
3214 4797 3270 4850 δὲ
3293 4797 3681 4865 προφητείαν,

2106 4893 2166 4944 οὐ
2200 4892 2357 4961 μόνον
2385 4891 2494 4942 τῶν
2521 4889 2794 4958 ἐσομένων
2819 4888 2917 4958 τὴν
2948 4887 3277 4955 πρόγνωσιν,
3305 4886 3441 4940 ἀλλὰ
3460 4887 3552 4940 καὶ
3575 4885 3684 4938 τῶν

2107 4984 2504 5055 κεκρυμμένων
2543 4981 2639 5052 τὴν
2695 4981 2893 5050 γνῶσιν
2929 4998 2941 5011 ⁸
2974 4981 3286 5036 διακονίαν
3316 4981 3390 5044 δὲ,
3442 4980 3540 5051 τὴν
3589 4979 3682 5032 τοῦ

2107 5075 2460 5148 κηρύγματος
2504 5074 2846 5146 λειτουργίαν
2878 5093 2890 5105 ·
2927 5074 3351 5140 διδασκαλίαν,
3379 5075 3490 5127 τῶν
3524 5073 3682 5126 θείων

2106 5168 2391 5238 δογμάτων
2429 5167 2525 5237 τὴν
2561 5167 2795 5238 μάθησιν
2832 5184 2844 5196 ·
2879 5166 3294 5235 παράκλησιν,
3326 5167 3423 5236 τὴν
3456 5167 3551 5219 ἐπὶ
3587 5164 3683 5234 τὴν

1738 5512 1972 5569 VARUE
2016 5509 2415 5567 LECTIONES.
2465 5513 2472 5518 '

533 5619 576 5648 "
609 5621 987 5697 .lzpzfrtova:
1056 5625 1100 5658 "
1125 5622 1334 5686 ἄνωθεν
1368 5624 1518 5682 deest
1545 5627 1616 5682 in‘
1641 5627 1703 5681 A.
1740 5625 1848 5684 Nec
1888 5626 2264 5697 interpretatio
2291 5625 2510 5679 Hervct.
2558 5620 2722 5676 Sirm.
2760 5620 2812 5676 id
2857 5617 3148 5690 expressit.
3229 5619 3274 5649 ⁹⁹
3307 5621 3350 5672 Α
3380 5618 3681 5688 κτχορήγηη

433 5702 521 5738 ται
627 5693 665 5722 ⁹⁷
696 5692 740 5744 Β
768 5690 1038 5748 διακονῶν.
