4074 6164
371 293 473 392 a9

1181 332 1796 397 INTERPRE’I‘ATIO
1820 303 2056 398 EPIST.
2089 342 2188 402 ΑΙ)
2216 338 2396 408 non.
2427 345 2582 406 CAP.
2605 347 2741 407 x11.

3509 333 3608 400 190

366 435 574 506 ἀρετὴν
626 435 956 507 προτροπὴν.
997 435 1060 489 ὀ
1108 431 1463 506 μετώιδὸὺς
1502 441 1572 494 ἐν
1625 442 1936 510 ἁπλότητι.

2045 451 2110 503 ad
2144 453 2421 506 virtutem.
2463 454 2568 518 Qui
2603 450 2785 504 tribuit
2831 451 2885 503 in
2917 449 3272 517 sinzpllcitate.
3321 447 3436 502 Non
3468 449 3609 501 alio-

367 529 464 599 Μὴ
513 527 612 598 τὴν
657 527 765 580 τῶν
810 527 987 583 ἀλλων
1012 529 1056 560 ⁸³
1087 529 1401 601 θηρώμενος
1453 533 1630 600 δόξαν,
1655 533 1792 587 ἀλλά
1839 535 1941 605 τὴν

367 621 562 694 χρείαν
590 619 685 674 τοῦ
719 620 973 689 δεομένου
1005 621 1253 693 πληρῶνο
1275 624 1408 696 μηδὲ
1437 629 1716 696 λογισμοῖς
1740 643 1940 697 κεχρη-

277 735 290 745 ο
371 714 554 797 μένος,
583 713 695 765 εἴτε
741 713 956 783 ἀπόχρη
990 713 1059 766 τά
1090 715 1216 768 ὄντα
1243 755 1257 779 ,
1294 717 1403 769 εἴτε
1445 718 1542 770 καὶ
1577 718 1682 788 μήι
1707 717 1842 771 ἀλλά
1862 717 1941 788 τῷ

367 805 486 875 Θεῷ
516 803 756 876 θαρρῶν,
802 805 897 857 καὶ
932 805 1228 888 φιλοτίμως
1263 808 1364 879 τὴν
1386 809 1649 878 χορηγίαν
1686 807 1941 878 ποιούμε-

368 915 478 961 νος.
1553 944 1557 948 .
1815 909 1824 918 ·

437 988 607 1058 η’,ξθκ
649 990 712 1042 Ὀ
760 987 1200 1057 προϊστάμενος
1261 989 1330 1042 ἐν
1375 991 1658 1059 σπουδῇα
1684 996 1717 1046 ό
1754 992 1941 1048 ἐλεῶν

367 1082 438 1135 ἐν
468 1083 790 1147 ἱλαρότητι.
853 1079 916 1134 Ἠ
961 1080 1160 1148 ἀγάπη
1192 1081 1616 1157 ἀνυπόκριτος.
1655 1085 1788 1136 Μετ’
1817 1085 1939 1157 επι-

368 1172 576 1234 τάσεως
623 1172 800 1224 πάντα
833 1171 1140 1241 νομοθετεῖ.
1196 1174 1290 1224 καὶ
1342 1149 1441 1242 τὴν
1487 1152 1586 1243 μὲν
1615 1149 1938 1245 κηδεμονίαν

370 1261 662 1315 σπουδαίαν
703 1257 842 1314 εἶναι
873 1261 1104 1326 κελεύει,
1132 1263 1273 1316 ὥστε
1311 1264 1385 1334 μὴ
1426 1264 1598 1334 ὄνομα
1628 1261 1764 1319 εἶναι
1799 1269 1940 1338 πρά-

303 1397 306 1401 .
367 1371 573 1423 γματος
603 1353 806 1424 ἔρημον
822 1370 841 1386 ·-
870 1356 935 1424 τῇ
965 1354 1022 1406 δὲ
1049 1355 1264 1426 εὐποιία
1293 1358 1392 1425 τὴν
1433 1356 1769 1427 εὐφροσύνην
1816 1374 1940 1409 συν-

363 1445 676 1515 τάττει,τῆς
701 1444 1035 1514 μεταδόσεως
1059 1446 1372 1514 ὑποφαίνων
1400 1445 1460 1498 τὸ
1481 1447 1668 1515 κέρδος
1695 1464 1706 1476 ·
1727 1449 1966 1518 χαίρειν.

365 1539 473 1610 γὰρ
505 1537 757 1592 εἰώθασιν
790 1541 838 1592 oi
859 1538 1264 1610 κερδαίνοντες.
1285 1537 1456 1590 Τοῦτο
1491 1540 1582 1590 καὶ
1634 1538 1939 1608 Κορινθίοις

363 1628 691 1682 ἐπιστέλλων
744 1627 846 1698 ἔφη
872 1645 886 1656 ·
923 1647 942 1679 ι
985 1627 1076 1698 Μὴ
1121 1629 1186 1681 ὲκ
1225 1627 1426 1696 λύπης,
1463 1627 1495 1696 ἢ
1549 1628 1607 1693 ἐξ
1652 1628 1943 1696 ἀνάγκης*

366 1720 547 1791 ῑλαρὸν
575 1719 686 1790 γὰρ
711 1719 870 1790 δότην
901 1719 1092 1788 ἀγαπᾷ
1130 1721 1158 1770 ὁ
1188 1717 1341 1779 Θεός.
1383 1735 1401 1767 ι
1439 1716 1546 1768 Καὶ
1580 1716 1678 1787 τὴν
1717 1718 1939 1786 ἀγάπην

363 1813 418 1864 δὲ
441 1812 672 1882 γνησίαν
699 1806 838 1862 εἶναι
888 1810 1199 1879 παρεγγυᾷ,
1226 1808 1318 1860 καὶ
1363 1808 1461 1878 τῆς
1503 1808 1846 1876 ὑποκρίσεως
1877 1807 1938 1862 τὸ

363 1905 701 1974 προσωπεῖον
723 1900 994 1954 ἐκϐάλλει.
1027 1898 1541 1968 Ἀποστυγοῦντες
1561 1899 1626 1952 τὸ
1647 1899 1933 1967 πονηρὸν,

362 1970 727 2061 κολλώμενοι
771 1987 851 2054 τῷ
896 1988 1113 2058 ἀγαθῷ.
1155 1989 1324 2043 Πάλιν
1355 1990 1452 2059 οὐχ
1497 1970 1682 2052 ἁπλῶς
1708 1985 1852 2055 εἷπε,
1875 1989 1937 2042 τὸ

365 2086 462 2156 μὲν
493 2083 739 2152 φεύγειν,
766 2082 827 2134 τὸ
872 2081 930 2134 δὲ
982 2082 1334 2152 μεταδιώκειν
1359 2099 1372 2110 ·
1399 2081 1533 2135 ἀλλὰ
1571 2082 1668 2152 τὴν
1703 2081 1800 2152 μὲν
1838 2098 1936 2135 πο-

360 2178 552 2248 νηρίαν
587 2175 722 2243 ἄγαν
752 2177 928 2244 μισεῖν
951 2174 1314 2245 παρηγγύησε
1334 2215 1346 2235 ,
1375 2177 1440 2245 τῇ
1485 2175 1541 2227 δὲ
1571 2173 1680 2226 τῶν
1712 2171 1936 2240 ἀγαθῶν

360 2265 589 2338 ἐργασίᾳ
631 2266 898 2336 συνῆφθαι
947 2266 1068 2320 λίαν
1105 2265 1456 2337 προσέταξεν,
1480 2260 1592 2318 οἷόν
1638 2283 1742 2318 τινι
1770 2265 1936 2338 κόλλῃ

360 2359 425 2427 τῇ
465 2355 699 2410 διαθέσει
726 2355 1062 2426 χρωμένους.

432 2445 480 2500 ι’.
523 2445 601 2514 Τῇ
640 2446 1004 2514 φιλαδελφίᾳ
1046 2449 1135 2512 εἰς
1175 2447 1488 2513 ἀλλήλους
1520 2450 1930 2517 φιλόστοργοι,

357 2533 430 2602 τῇ
465 2533 606 2603 τιμῇ
645 2535 962 2601 ἀλλήλους
1000 2538 1456 2606 προηγούμενοι.
1507 2537 1728 2608 Θερμὴν
1781 2537 1931 2608 ἔχετε

354 2625 448 2679 καὶ
479 2626 726 2694 ἀδελφοῖς
757 2621 1072 2697 πρέπουσαν
1091 2629 1190 2697 τὴν
1215 2629 1340 2700 περὶ
1365 2628 1627 2700 ἀλλήλους
1657 2629 1896 2682 διάθεσιν
1913 2647 1926 2660 ·

317 2723 324 2728 “
353 2717 747 2788 παραχωρείτω
773 2716 828 2768 δὲ
852 2718 1085 2781 ἕκαστος
1102 2720 1210 2772 τῶν
1247 2719 1528 2789 πρωτείων
1557 2719 1633 2789 τῷ
1657 2720 1701 2783 ’,³
1734 2719 1924 2782 πέλας.

348 2807 522 2862 Τοῦτο
560 2807 668 2878 γὰρ
701 2807 801 2877 τῆς
819 2807 1054 2879 ἀληθοῦς
1077 2809 1460 2879 φιλοστοργίας
1497 2813 1818 2879 τεκμήριον.

423 2907 512 2954 ια’.
546 2899 623 2968 Τῇ
653 2897 896 2968 σπουδῇ
923 2899 1008 2968 μὴ
1039 2901 1300 2967 ὀκνηροί.
1344 2901 1650 2970 ’Δκραιφνῆ
1685 2899 1927 2954 δεικνύν-

341 3011 438 3058 τες
469 2993 570 3066 τὴν
600 2993 729 3060 περὶ
774 2993 841 3045 τὰ
871 2992 1012 3046 καλὰ
1062 2991 1370 3062 προθυμίαν
1393 3032 1408 3054 ,
1446 2993 1599 3044 xal"
1633 2992 1734 3044 τὸν
1771 2993 1928 3044 ὄκνον

2046 539 2164 596 rum
2197 551 2427 612 captans
2462 543 2713 613 gloriam,
2745 541 2844 596 sed“
2873 541 2993 607 ejus
3039 541 3133 608 qui
3180 536 3608 608 indiget‘inOpiae

2043 635 2375 692 subveniens
2403 653 2416 689 :
2445 650 2545 690 nec
2571 636 2718 704 apud
2739 649 2799 689 se
2834 633 3174 686 ratiocinans
3203 646 3271 683 an
3298 645 3417 698 quae
3443 629 3606 682 habet

2041 727 2152 781 sibi
2183 727 2476 790 sulliciant,
2506 741 2575 779 an
2605 740 2714 778 non
2748 743 2760 778 :
2800 724 2894 780 sed
2928 725 2981 777 in
3021 721 3130 776 Deo
3175 735 3326 790 spem
3372 706 3604 788 ponens.

2039 820 2120 873 ‘et
2153 817 2400 874 studiose
2435 833 2554 888 qua:
2592 826 2885 888 suppetunt
2913 829 3166 886 erogans.

2111 996 2278 1052 Vsus.
2314 997 2370 1064 8,
2406 996 2462 1050 9.
2507 995 2611 1061 Qui
2661 1004 2847 1064 prwest
2933 993 2990 1046 in
3041 990 3400 1045 sollicitudine
3444 1031 3457 1044 .
3515 989 3607 1059 qui

2041 1090 2320 1143 miseretur
2377 1091 2433 1142 in
2490 1079 2780 1140 hilaritate.
2829 1084 3054 1137 Dilectio
3089 1083 3200 1136 sine
3246 1080 3602 1135 simulatione.

2039 1181 2174 1235 Cum
2217 1179 2563 1234 vehementia
2625 1177 2813 1231 omnia
2873 1174 3100 1236 statuit,
3151 1181 3206 1227 et
3259 1172 3606 1226 curationem

2039 1270 2264 1340 quidem
2290 1283 2414 1324 esse
2439 1268 2600 1336 jubet
2627 1267 2966 1336 diligentem,
2998 1279 3065 1317 ne
3097 1263 3273 1318 solum
3305 1263 3385 1338 sit.
3409 1275 3608 1314 nomen

2042 1364 2250 1429 absque
2282 1376 2362 1414 re.
2395 1359 2774 1412 Beneﬁcentia:
2823 1365 3002 1410 autem
3043 1356 3286 1408 lar-titiam
3339 1353 3614 1423 adjungit;

2041 1450 2383 1520 erogationis
2411 1450 2624 1500 lucrum
2648 1446 2965 1502 ostendens.
2992 1443 3181 1498 Solent
3205 1446 3350 1497 enim
3372 1445 3609 1510 gaudere

2043 1544 2138 1613 qui
2172 1545 2476 1596 lucrantur.
2509 1538 2622 1593 lloc
2658 1538 2822 1593 etiam
2861 1537 2997 1591 dicit
3039 1535 3290 1588 scribens
3322 1535 3387 1586 ad
3416 1534 3611 1588 Corin-

2042 1637 2188 1690 thios
2221 1650 2235 1686 :
2269 1653 2288 1684 ι
2325 1631 2442 1686 Νοιι
2489 1647 2554 1686 ex
2611 1629 2836 1685 tristitia
2865 1669 2879 1694 ,
2941 1635 3038 1681 aut-
3086 1642 3156 1681 ex
3222 1625 3554 1679 necessitate
3593 1641 3608 1675 :

2043 1727 2270 1781 hilarem
2304 1724 2450 1779 enim
2480 1710 2724 1777 datorem
2757 1720 2938 1790 diligit
2965 1719 3106 1772 Deus
3126 1728 3176 1769 ο.
3213 1735 3232 1768 ι
3273 1715 3444 1769 Porro
3475 1715 3610 1769 dile-

2038 1819 2277 1895 ctionem
2315 1830 2539 1886 quoque.
2565 1814 2840 1869 sinceram
2875 1826 2997 1865 esse
3038 1807 3308 1879 praa'cipit,
3353 1805 3406 1861 et
3433 1807 3610 1861 simu-

2038 1910 2259 1966 lationis
2287 1921 2579 1978 personam
2615 1905 2819 1975 rej'icit.
2863 1900 3110 1958 0dientes
3152 1899 3354 1953 malum
3379 1939 3394 1964 ,
3429 1896 3610 1950 αάΙιιτ-

2037 2012 2206 2058 rentes
2250 2002 2402 2079 bona.
2439 1998 2653 2074 Rursus
2706 2011 2813 2051 non
2872 1995 3009 2049 dixit
3063 1991 3436 2061 simpliciter,
3501 1987 3606 2042 hoc

2039 2097 2257 2168 quidem
2309 2095 2514 2163 fugere,
2553 2091 2698 2145 illud
2725 2103 2852 2144 vero
2896 2085 3151 2157 perSequi
3201 2099 3216 2136 :
3274 2080 3369 2136 sed
3411 2079 3604 2134 vitium

2037 2188 2257 2258 quidem
2293 2187 2645 2240 vehementer
2673 2182 2891 2244 odisse,
2945 2179 3214 2233 bonorum
3251 2181 3436 2228 autem
3471 2185 3606 2242 ope-

2037 2281 2237 2337 rationi
2291 2277 2447 2332 valde
2481 2275 2761 2330 adhaerere
2813 2270 3106 2341 praecipit,
3154 2265 3448 2322 aliectione
3479 2273 3607 2318 tan-

2037 2391 2200 2445 quam
2232 2372 2443 2445 glutine
2471 2369 2659 2438 aliqno
2698 2356 2934 2420 utentes.

2110 2467 2278 2520 Vens.
2307 2464 2393 2518 10.
2431 2461 2707 2518 Charitate
2745 2456 3103 2528 fraternitatis
3129 2454 3349 2508 invicem
3381 2450 3607 2519 diligen-

2037 2566 2133 2623 tes,
2167 2557 2362 2609 honore
2401 2554 2621 2609 invicem
2652 2549 3046 2620 pra’venientes.
3077 2545 3283 2600 llabete
3326 2542 3606 2596 ardentem

2034 2660 2087 2707 et
2126 2649 2391 2704 [rat-ribus
2424 2645 2845 2701 convenientem
2893 2641 3038 2695 inter
3086 2652 3184 2692 vos
3216 2621 3558 2690 all‘cctionem
3589 2648 3610 2683 τ’

2033 2743 2190 2799 cedat
2213 2753 2396 2796 autem
2428 2738 2810 2808 unusquisque
2842 2734 3091 2804 proximo
3127 2729 3333 2800 primas
3369 2733 3556 2798 partes
3592 2745 3601 2777 :

2034 2837 2141 2891 hoc
2173 2842 2257 2889 est
2285 2835 2429 2888 enim
2467 2830 2622 2899 133
2650 2841 2792 2882 verm
2821 2825 3074 2878 amicitia:
3102 2821 3388 2875 indicium.
3647 2801 3650 2806 ’

2105 2926 2275 2981 Vens.
2320 2924 2408 2976 ll.
2435 2917 2802 2974 Sollicitudine
2849 2931 2952 2968 non
2984 2912 3142 2983 pigri.
3176 2911 3376 2964 Puram
3407 2915 3461 2963 et
3493 2908 3608 2962 sin-.-

2035 3032 2218 3073 ceram
2255 3011 2424 3067 animi
2457 3006 3048 3082 promptitudinem-ad
3085 3018 3146 3057 ea
3190 3016 3312 3072 qua:
3346 3007 3474 3054 sunt
3506 2998 3602 3052 lio--

343 3084 630 3148 παντελῶς
659 3084 1076 3146 ἀπελαύνοντες.
1130 3083 1214 3147 Τῷ
1253 3085 1544 3152 πνεύματι
1589 3082 1837 3148 ζέοντες.
1860 3111 1930 3122 -

2037 3115 2193 3164 nesta
2250 3103 2621 3164 ostendentes,
2674 3107 2728 3154 et
2775 3097 3089 3154 socordiam
3145 3093 3370 3149 omnino
3425 3090 3608 3160 expel-

341 3179 592 3246 Πνεῦμα
613 3174 673 3228 τὸ
705 3176 949 3252 χάρισμα
980 3175 1440 3246 προσηγόρευσεν.
1476 3174 1649 3244 Ὕλην
1677 3175 1732 3226 δὲ
1759 3173 1934 3244 τούτῳ

345 3267 705 3340 προσφέρειν,
767 3265 1019 3336 καθάπερ
1077 3265 1211 3330 ξύλα
1265 3266 1438 3336 πυρὶ,
1471 3266 1570 3335 τὴν
1618 3265 1932 3335 προθυμίαν

344 3361 602 3415 ἐκέλευσε
616 3360 682 3413 ³³³.
703 3357 872 3411 Τοῦτο
891 3358 948 3410 δὲ
983 3357 1076 3416 καὶ
1098 3356 1326 3428 ἑτέρωθι
1350 3357 1524 3424 λέγειι
1555 3375 1572 3407 ι
1599 3357 1671 3408 Τὸ
1707 3356 1930 3426 Πνεῦμα

350 3456 428 3528 μὴ
461 3455 732 3508 σϐέννυτε.
761 3473 780 3504 ι
816 3452 1106 3504 Σϐέννυται
1137 3451 1193 3503 δὲ
1217 3451 1278 3504 τὸ
1303 3451 1525 3520 Πνεῦμα
1553 3453 1663 3513 τοῖς
1696 3449 1936 3514 ἀναξίοις

345 3550 446 3617 τῆς
475 3548 718 3618 χάριτος.
751 3545 864 3596 Ούκ
887 3543 1102 3613 ἔχοντες
1131 3543 1241 3613 γὰρ
1281 3541 1522 3612 καθαρὸν
1554 3544 1653 3611 τῆς
1693 3541 1930 3613 διανοίας

345 3639 408 3692 τὸ
435 3638 608 3708 ὄμμα,
637 3637 736 3708 τὴν
769 3636 964 3704 αἴγλην
997 3634 1214 3704 εκείνην
1247 3634 1307 3686 ού
1343 3633 1614 3702 δέχονται.
1657 3631 1814 3686 Οὕτω
1837 3631 1938 3686 καὶ,

347 3735 460 3795 τοῖς
483 3731 544 3783 τὸ
582 3729 744 3800 σῶμα
775 3726 1143 3795 τυφλώττουσι
1183 3725 1375 3788 σκότος
1419 3726 1537 3778 ἐστὶ
1567 3725 1661 3777 καὶ
1696 3725 1758 3777 τὸ
1794 3724 1929 3796 φῶς,

349 3824 445 3882 καὶ
475 3823 532 3876 ὲν
576 3820 894 3892 μσημὸρίᾳ
936 3819 1092 3898 ’μέσῃ
1139 3817 1218 3887 τῷ
1265 3817 1421 3898 ¹ζόφῳ
1467 3817 1800 3871 δουλεύουσι.
1832 3817 1931 3870 Διά

350 3913 508 3966 τοῦτο
548 3911 691 3976 ζέειν
724 3911 872 3982 ἡμᾶς
917 3896 1129 3962 κελεύει
1162 3907 1242 3980 τῷ
1265 3894 1570 3978 πνεύματι,
1596 3907 1694 3962 καὶ
1727 3907 1932 3978 θερμὸν

349 4006 490 4076 ἔχειν
513 4004 642 4076 περὶ
661 4003 730 4056 τά
754 4003 872 4056 θεῖα
897 4001 985 4055 τὸν
1025 4001 1208 4054 πόθον.
1243 3999 1415 4054 Τοῦτο
1438 4000 1547 4070 γὰρ
1579 3999 1854 4069 ἐπήγαγε·

430 4204 515 4268 Τῷ
547 4205 732 4272 Κυρίῳ
764 4203 1180 4268 δουλεύοντες,
1205 4200 1340 4272 (ιβ’.)
1362 4200 1438 4270 τῇ
1461 4199 1664 4255 ἐλπίδι
1692 4199 1932 4267 χαίρονο

357 4311 478 4360 τες,
506 4293 580 4361 τῇ
613 4297 808 4363 θλίψει
841 4293 1271 4363 ὑπομένοντες,
1301 4291 1376 4360 τῇ
1407 4289 1722 4359 προσευχῇ
1754 4303 1934 4358 προσο

356 4385 796 4455 καρτεροῦντες.
838 4387 896 4440 ’0
929 4388 1038 4456 γὰρ
1063 4385 1141 4456 τῷ
1180 4384 1452 4455 πνεύματι
1479 4383 1637 4448 ζέων,
1666 4383 1762 4437 καὶ
1795 4399 1930 4454 προ-

354 4478 544 4549 θύμως
562 4479 638 4548 τῷ
658 4479 899 4549 Δεσπότῃ
931 4475 1192 4539 δουλεύει,
1227 4478 1322 4528 καὶ
1351 4474 1651 4546 προσμένει
1693 4474 1803 4526 τῶν
1841 4474 1927 4526 ὲλ-

355 4567 660 4639 πιζομένων
695 4570 916 4638 ἀγαθῶν
947 4569 1044 4640 τὴν
1101 4567 1421 4631 ἀπόλαυσιν,
1460 4567 1556 4620 καὶ
1599 4565 1708 4617 τῶν
1759 4583 1930 4634 προσ-

355 4661 666 4714 πιπτόντων
718 4659 1056 4732 περιγίνεται
1122 4655 1480 4728 πειρασμῶν,
1544 4657 1666 4718 ταῖς
1723 4654 1930 4708 τούτων

355 4755 683 4827 προσϐολαῖς
711 4757 810 4826 τὴν
843 4753 1119 4825 ὑπομονὴν
1152 4754 1506 4814 ἀντιτάττων,
1527 4751 1621 4804 καὶ
1649 4751 1747 4820 τὴν
1777 4749 1930 4802 θείαν

355 4849 512 4919 χάριν
571 4845 836 4918 διηνεκῶς
868 4849 943 4909 εἰς
995 4845 1312 4916 συμμαχίαν
1360 4843 1560 4898 καλῶν.
1603 4827 1773 4896 Τοῦτο
1821 4840 1931 4912 γὰρ

356 4939 497 5005 εἷπε,
535 4939 609 5009 τῇ
649 4939 963 5010 προσευχῇ
1011 4938 1633 5009 προσκαρτεροῦντες,
1660 4935 1926 4999 τουτέστι,

354 5033 616 5102 διηνεκῶς
653 5032 812 5086 τοῦτο
850 5027 1102 5102 δρῶντες.

429 5131 513 5192 ιγ’.
553 5124 685 5190 Ταῖς
718 5124 943 5192 χρείαις
995 5121 1112 5175 τῶν
1144 5119 1329 5190 ἁγίων
1370 5119 1819 5184 κοινωνοῦντες.
1852 5119 1930 5189 Τῇ

357 5219 544 5288 μνήμῃ
575 5219 671 5288 τῆς
705 5216 991 5278 κοινωνίας
1026 5215 1106 5275 είς
1155 5212 1466 5282 φιλοτιμίαν
1489 5212 1802 5284 προτρέπει.
1838 5211 1936 5274 Τίς

355 5310 462 5377 γὰρ
491 5310 604 5379 οὐχ⁸
621 5310 851 5379 αἱρεῖται
892 5305 1211 5378 μεταδοῦναι
1255 5305 1574 5377 χρημάτων,
1606 5305 1700 5356 καὶ
1753 5320 1934 5357 κοινω-

429 5497 455 5525 ι
497 5489 540 5543 Il
581 5488 708 5544 Cor.
747 5505 802 5543 ix
827 5527 840 5552 ,
868 5487 922 5540 7.
996 5495 1017 5515 °
1055 5483 1074 5537 l
1115 5482 1309 5540 Thess.
1347 5499 1399 5549 γ,
1431 5467 1516 5538 19.

2036 3203 2229 3256 lentes.
2263 3195 2469 3266 Spiritu
2504 3194 2782 3262 ferventes.
2833 3221 2905 3231 --
2947 3187 3207 3258 Spiritum
3244 3183 3472 3255 gratiam
3508 3197 3612 3249 ap-

2035 3288 2256 3361 pellavit
2289 3305 2301 3341 :
2339 3288 2386 3340 ei
2427 3281 2964 3346 autem'materiam,
2994 3287 3256 3348 tanquam
3294 3274 3404 3344 igni
3438 3272 3608 3342 ligna,

2034 3381 2280 3452 praebere
2309 3377 2478 3432 animi
2517 3373 3005 3446 promptitudinem
3054 3368 3245 3438 jussit.
3289 3365 3402 3418 lloc
3425 3371 3607 3418 antem

2031 3476 2192 3529 etiam
2238 3473 2367 3525 alibi
2415 3470 2592 3523 dicit:
2641 3486 2659 3518 ι
2709 3466 2975 3535 Spiritum
3027 3477 3094 3516 ne
3143 3458 3472 3528 exstinguite
3508 3463 3555 3509 °.
3586 3474 3602 3503 ι

2033 3565 2417 3636 Exstinguitur
2454 3573 2636 3615 autem
2669 3558 2913 3629 Spiritus
2969 3554 3039 3609 iis
3092 3552 3194 3624 qui
3231 3558 3360 3605 sunt
3404 3549 3608 3617 indigni

2035 3658 2230 3731 gratia.
2269 3657 2403 3712 Cum
2439 3655 2583 3710 enim
2621 3668 2817 3724 purum
2856 3650 3058 3704 mentis
3105 3645 3324 3700 oculum
3380 3656 3490 3696 non
3507 3640 3612 3694 ha-

2033 3753 2223 3815 beant,
2263 3747 2614 3820 splendorem
2666 3745 2821 3798 illum
2864 3757 2974 3796 non
3016 3736 3344 3807 suscipiunt.
3403 3733 3478 3786 Ita
3543 3732 3610 3785 iis

2032 3845 2197 3901 etiam
2229 3842 2322 3912 qui
2350 3853 2586 3910 corpore
2635 3835 2954 3895 carentium,
3003 3833 3092 3885 lux
3115 3843 3335 3900 quoque
3367 3833 3498 3881 sunt
3534 3835 3610 3878 te.

2033 3939 2238 4001 nebrte,
2277 3943 2332 3990 et
2365 3934 2420 3988 in
2457 3934 2578 4003 ipso
2605 3927 2836 3985 meridie
2865 3923 3086 3996 caligini
3119 3916 3512 3978 suntobnoxii.
3543 3914 3610 3968 Et

2033 4028 2155 4082 ideo
2199 4025 2355 4095 jubet
2399 4038 2500 4078 nos
2553 4021 2751 4090 spiritu
2801 4017 3031 4078 fervere,
3065 4022 3120 4067 et
3172 4012 3375 4065 habere
3407 4007 3608 4060 ardens

2031 4133 2216 4174 rerum
2243 4115 2552 4170 divinarum
2578 4107 2932 4165 desiderium.
2962 4104 3075 4158 lloc
3106 4103 3252 4156 enim
3282 4095 3607 4166 subjunxit:

2105 4208 2330 4262 Domino
2369 4204 2668 4266 servientes,
2702 4199 2895 4267 (Vens.
2930 4197 3042 4264 ιε.)
3073 4210 3162 4263 spe
3205 4189 3514 4262 gaudentes,
3554 4186 3610 4240 in

2036 4298 2378 4354 tribulatione
2419 4295 2700 4363 patientes,
2740 4289 2974 4344 orationi
3007 4289 3286 4338 instantes.
3324 4279 3428 4346 Qui
3460 4278 3608 4333 enim

2036 4393 2208 4449 fervet
2241 4389 2460 4460 spiritu,
2499 4393 2555 4439 et
2578 4384 2809 4437 Domino
2838 4379 3094 4433 alacriter
3127 4375 3320 4440 servit,
3350 4382 3405 4429 et
3438 4373 3610 4426 bono-

2031 4499 2154 4539 rum
2194 4497 2317 4552 quze
2373 4484 2672 4548 sperantur
2705 4473 2946 4527 fructum
2989 4475 3294 4537 exspectat,
3339 4471 3402 4520 ct'
3430 4463 3611 4517 insur—

2029 4563 2217 4648 gentes
2264 4571 2598 4627 tentationes
2634 4572 2879 4638 superat,
2905 4578 3094 4618 carum
3130 4562 3182 4615 in
3197 4558 3439 4616 sultibus
3476 4555 3611 4609 tole-

2029 4651 2263 4722 rantiam
2325 4662 2614 4732 objiciens,
2655 4664 2673 4684 ⁶
2727 4667 2782 4715 et
2846 4658 3044 4713 divina:
3084 4655 3272 4728 gratia:
3343 4649 3607 4704 auxilium

2033 4758 2257 4818 assidue
2303 4755 2628 4824 implorans.
2683 4753 2798 4808 lloc
2841 4752 2986 4806 enim
3039 4749 3210 4815 dixit,
3256 4743 3488 4800 orationi
3523 4741 3608 4794 in-

2033 4833 2348 4914 stantes,'id
2380 4854 2482 4914 est,
2515 4846 2733 4902 assidue
2762 4845 2865 4899 hoc
2899 4842 3180 4932 iacientes.

2108 5115 2393 5170 “135.15.
2451 5106 2872 5165 Necessitatibus
2943 5103 3252 5156 sanctorum
3321 5092 3609 5150 communi-

2035 5218 2236 5264 cantes.
2274 5205 2550 5260 Mentione
2584 5201 2724 5256 facta
2759 5190 3304 5256 communicationis,
3356 5188 3608 5243 hortatur

2044 5299 2109 5354 ad
2143 5299 2554 5355 liberalitatem.
2582 5293 2719 5359 Quis
2747 5289 2892 5344 cnim
2921 5302 3026 5342 non
3059 5285 3291 5342 libenter
3313 5281 3603 5352 pecuniam

1626 5572 1861 5650 vitam
1901 5587 2310 5647 LECTIONES.

435 5761 483 5794 "
511 5765 553 5815 Α
587 5761 692 5814 τῶν
723 5761 1040 5832 ἀνθρώπων.
1115 5757 1160 5790 ’³
1185 5756 1266 5812 ita
1296 5760 1349 5812 et
1381 5755 1446 5810 Α.
1483 5751 1589 5809 Sed
1618 5749 1658 5805 Β
1691 5749 1805 5805 τοῦ.
1835 5785 1845 5796 ο
1879 5749 1922 5782 9"
1951 5747 2060 5804 Pro
2099 5749 2194 5801 καὶ
2244 5746 2405 5803 habet
2436 5741 2479 5797 Α
2512 5739 2716 5803 ἁπλῶς.
2793 5739 2835 5770 ’⁵
2864 5735 2952 5792 Sic
2988 5743 3041 5791 el
3085 5734 3146 5789 Α.
3182 5731 3284 5786 Sed
3326 5732 3370 5785 Β
3405 5735 3650 5790 iniust-
