4074 6164
462 234 573 299 I93

1306 240 1917 306 INTERPRETATIO
1938 244 2174 309 EPIST.
2202 248 2307 309 AD
2337 249 2520 312 ROM.
2550 253 2707 314 CAP.
2737 256 2905 339 XIII.

3599 265 3698 333 ιει

460 348 556 402 τὸν
582 345 773 419 θυμὸν,
809 319 872 402 οῦ
898 349 981 422 τῷ
1025 350 1214 423 ἀγαθῷ
1244 352 1308 407 τὸ
1361 356 1528 411 κακὸν
1566 358 1797 428 αὐξῆσαι
1829 356 2023 429 πειρῶ·

2816 336 2821 339 ,
3075 324 3099 347 ο
3600 319 3697 333 ---

2100 371 2265 428 .gere
2297 346 2549 416 studen's.
2582 362 2737 429 Quod
2772 365 2918 419 enim
2967 380 3068 419 nos
3096 368 3377 437 sapientiae
3414 375 3697 432 studiosos

467 456 649 509 μενος.
684 441 799 496 ’Ότι
856 442 967 513 γὰρ
1011 443 1318 528 φιλοσοφεῖν
1370 446 1584 503 κελεύει
1609 490 1625 513 ,
1657 450 1751 505 καὶ
1788 450 1857 504 τὰ
1901 449 2023 519 ἑξῆς

2132 461 2254 503 esse
2269 449 2482 520 jubeat,
2508 452 2711 509 docent
2747 458 2915 509 etiam
2962 470 3085 522 quae
3111 469 3438 528 sequuntur.

461 530 721 588 διδάσκει.

530 619 635 676 καί.
665 623 763 690 Μὴ
794 624 941 681 νικῶ
968 625 1086 680 ὑπὸ
1120 626 1226 682 τοῦ
1250 629 1459 694 κακοῦ,
1491 632 1654 686 ἀλλὰ
1682 632 1823 687 νίκα
1849 634 1921 687 ἐν
1950 631 2029 698 τῷ
2100 672 2113 685 .

454 713 657 781 ἀγαθῷ
688 715 754 769 τὸ
778 718 988 771 κακόν.
1017 717 1090 771 Τὸ
1122 718 1220 789 μὲν
1246 720 1354 792 γὰρ
1380 723 1701 793 ἀμύνεσθαι,
1730 725 1829 795 τὴν
1858 721 2024 799 ἧτταν

461 806 715 875 σημαίνει
740 823 754 837 ·
790 806 912 879 νίκη
941 807 998 862 δὲ
1028 812 1343 883 προφανὴς,
1380 815 1440 868 τὸ
1468 818 1580 879 τοῖς
1608 816 1835 885 ἀγαθοῖς
1868 818 2027 889 ἀμεί-

457 894 647 948 ϐεσθαι
685 895 756 951 τὰ
788 898 954 954 κακά.
988 899 1145 954 Οὕτω
1175 901 1263 956 διὰ
1309 903 1515 959 τούτων
1542 906 1602 960 τὸ
1628 902 1762 978 ἦθος
1802 908 2021 962 παιδεύο

457 988 1072 1058 σας,,παρακελεύεται
1121 994 1215 1046 καὶ
1268 998 1382 1059 τοῖς
1446 996 1672 1068 ἄρχουσι
1698 997 1797 1070 τὴν
1855 1017 2024 1070 προσ-

456 1080 694 1146 ήκουσαν
731 1079 1024 1151 ἀπονέμειν
1055 1084 1239 1155 τιμήν.
1280 1086 1508 1157 Προῄδει
1538 1092 1666 1161 γὰρ,
1700 1089 1795 1144 are
1823 1092 1886 1161 δὴ
1926 1092 2020 1165 τοῦ

455 1170 722 1238 παναγίου
753 1172 1069 1244 Πνεῦματος
1093 1175 1361 1240 πλουσίως
1386 1177 1483 1250 τὴν
1515 1179 1676 1251 χάριν
1702 1179 2017 1252 δεξάμενος,

452 1257 529 1321 ῶς
559 1275 735 1323 τινες,
787 1260 942 1332 τύφῳ
986 1263 1248 1335 μᾶλλονῆ
1292 1254 1437 1338 ζήλῳ
1490 1271 1852 1342 κεχρημένοι,
1912 1272 2020 1326 τῶν

452 1351 720 1422 βιωτικῶν
766 1354 1042 1425 ἀρχόντων
1078 1360 1590 1428 καταφρονήσουσι,
1629 1362 1849 1431 μείζους
1889 1364 2018 1416 ἑαυ-

449 1444 580 1513 τοὺς,
620 1444 710 1498 διὰ
749 1446 847 1518 τὴν
911 1447 1112 1515 γνῶσιν
1177 1449 1684 1520 ὑπολαμϐάνοντὲς²
1734 1454 1910 1517 ἄλλως
1958 1470 2019 1506 τε

448 1536 542 1588 καὶ
557 1538 601 1569 ⁹⁹
625 1536 725 1608 τὴν
755 1540 1151 1611 καταχυθείσαν
1175 1543 1353 1619 αὐτῶν
1381 1544 1540 1608 δόξαν
1564 1547 2014 1617 ἀποτριϐόμενος,

445 1627 601 1681 τοῦτο
627 1631 785 1683 ποιεῖ.
816 1631 1167 1687 Διεὸἀλλοντο
1199 1635 1309 1707 γὰρ
1328 1676 1343 1700 ,
1376 1634 1451 1699 ὡς
1482 1638 1606 1700 τοὺς
1639 1626 1850 1700 κοινοὺς
1880 1638 2014 1711 ἀνατ

443 1719 735 1789 τρέποντες
768 1722 986 1793 νόμους.
1027 1726 1138 1778 Καὶ
1166 1726 1215 1778 oi
1246 1726 1346 1796 μὲν
1373 1725 1581 1797 ἔλεγον·
1622 1729 1686 1781 Ol
1708 1728 1807 1799 τὴν
1835 1731 2014 1782 οξκου-

445 1813 614 1885 μένην
647 1815 1155 1881 ἀναστατώσαντες,
1186 1812 1329 1872 οῦτοι
1374 1819 1468 1872 καὶ
1498 1817 1733 1889 ἐνταῦθα
1754 1821 1771 1852 ¹
1821 1820 2012 1890 πάρει-

436 1919 526 1957 σιν
547 1920 561 1935 ·
588 1904 640 1956 oi
662 1903 740 1970 δὲ,
767 1904 854 1958 ὅτι
876 1904 1038 1975 ἕτερα
1064 1906 1157 1977 ἔθη
1189 1908 1484 1977 εἰσάγουσι.
1510 1908 1794 1983 Πρυῦργου
1829 1911 2010 1966 τοίνυν

441 1992 660 2065 ἐνόμισε
689 1995 785 2050 καὶ
816 1996 945 2068 περὶ
975 1997 1165 2052 τούτου
1195 2001 1580 2073 νομοθετῆσαι.

963 2170 1357 2227 ΚΕΦᾹΛΑΙΟΝ
1387 2176 1484 2228 II".

510 2263 578 2312 α’.
615 2257 787 2313 Πᾶσα
817 2264 989 2330 ψυχὴ
1024 2263 1336 2332 ἐξουσίαις
1381 2269 1818 2338 ὑπερεχούσαις
1861 2275 2005 2329 ὑπο-

441 2348 758 2405 τασσέσθω
774 2352 815 2404 ².
855 2352 979 2405 Ehe
1011 2354 1189 2424 ἱερεύς
1221 2355 1307 2420 τίς
1343 2358 1512 2424 ἐστιν,
1543 2361 1653 2414 sive
1694 2363 2002 2435 ἀρχιερεὺς,

438 2437 546 2490 εἴτε
582 2439 673 2493 τὸν
706 2443 913 2513 μονήρη
947 2443 1064 2513 βίον
1093 2447 1564 2517 ἐπαγγελλόμενος
1586 2494 1600 2517 ,
1641 2456 1753 2518 τοῖς
1780 2457 1877 2519 τὰς
1906 2459 2005 2528 ἀρ⁹

435 2528 536 2597 χάς
565 2534 1021 2603 πεπιστευμένοις
1053 2537 1268 2592 είκέτω.
1306 2532 1580 2613 Πρόδηλον
1608 2546 1656 2598 εί
1699 2550 1817 2618 μετ’
1845 2551 2002 2604 εὐσε-

425 2618 611 2683 ϐείας⁸
644 2620 704 2674 οὐ
739 2621 847 2694 γὰρ
890 2626 1267 2694 ήὲναντίωσις
1297 2631 1407 2684 τῶν
1450 2634 1681 2689 ἐντολῶν
1727 2639 1822 2692 τοῦ
1867 2639 2001 2695 Θεοῦ

429 2711 673 2765 ὑπείκειν
726 2718 1003 2787 συγχωρεί
1057 2723 1168 2784 τοῖς
1218 2722 1500 2794 ἄρχουσιν.
1539 2730 1623 2783 Οὐ
1673 2731 1784 2801 γὰρ
1827 2731 2003 2789 ἐστιν

423 2801 695 2869 ἐξουσία,
723 2808 776 2858 εί
793 2807 879 2875 μὴ
909 2808 1029 2862 ἀπὸ
1052 2811 1073 2842 ³
1108 2813 1278 2867 Θεοῦ.
1319 2818 1385 2869 Al
1413 2817 1482 2870 δὲ
1518 2817 1698 2875 οὖσαι
1726 2824 1999 2888 ἐξουσίαι

421 2893 545 2949 ὑπὸ
581 2895 691 2949 τοῦ
730 2896 879 2951 Θεοῦ
926 2904 1277 2970 τεταγμέναι
1302 2909 1460 2972 ,είσί.
1517 2912 1627 2965 Καὶ
1675 2913 1848 2968 ταῦτα
1899 2918 2001 2988 τῆς

2204 625 2371 684 Vens.
2408 629 2500 683 21.
2553 629 2683 686 Noli
2734 633 2873 687 vinci
2919 651 2951 687 a
2987 634 3261 699 malo,sed
3302 641 3444 694 uince
3472 642 3524 695 in
3563 644 3695 699 bona

2128 719 2348 775 malum.
2388 721 2595 779 Ulcisci
2627 725 2796 792 enim,
2833 726 3150 783 inferiorem
3180 728 3353 785 fuisse
3375 730 3649 801 signiﬁcat
3679 755 3692 790 :

2126 810 2351 868 evidens
2379 815 2821 871 autem'victoria
2845 825 2952 883 est,
2980 834 3080 885 pro
3099 821 3257 875 malis
3280 822 3421 877 bona
3444 825 3688 881 reddere.

2125 900 2263 957 Cum
2303 920 2484 961 mores
2516 906 2615 961 hac
2641 909 2857 963 ratione
2902 909 3286 977 iniormasset,
3328 913 3486 982 jubet
3527 922 3691 971 etiam

2124 992 2393 1052 honorem
2447 997 2516 1053 iis
2575 999 2667 1069 qui
2724 1010 2969 1069 praesunt
3025 1006 3448 1061 convenientem
3499 1009 3691 1065 tribui.

2122 1080 2467 1143 Praevidebat
2495 1090 2667 1159 enim,
2703 1074 2890 1161 utpote
2935 1094 3028 1162 qui
3055 1094 3227 1151 divini
3275 1096 3517 1173 Spiritus
3564 1117 3692 1171 gra-

2123 1177 2257 1232 tiam
2293 1178 2498 1235 aﬂ‘atim
2531 1193 2840 1254 acceperat,
2862 1184 2978 1241 fore
3011 1193 3071 1239 ut
3099 1189 3382 1256 nonnulli,
3416 1190 3558 1245 fastu
3590 1208 3691 1262 po-

2122 1267 2237 1331 tius
2309 1284 2473 1339 quam
2534 1273 2654 1327 zelo
2687 1280 2943 1339 utentes,
2995 1277 3349 1353 magistratus
3386 1283 3688 1335 saecularcs

2114 1368 2560 1423 .contemnerenl,
2596 1365 2832 1433 majores
2856 1381 2915 1421 se
2942 1367 3051 1421 illis
3078 1380 3299 1440 propter
3336 1371 3578 1429 scientiae
3596 1390 3690 1429 co-

2120 1450 2425 1519 gnitionem
2450 1454 2834 1510 existimantes
2869 1474 2883 1510 :
2914 1467 2970 1510 et
2997 1458 3202 1528 alioqui
3231 1476 3481 1531 sparsam
3511 1467 3578 1521 de
3602 1468 3689 1537 ip-

2121 1539 2201 1593 sis
2227 1541 2541 1609 Opinionem
2569 1546 2785 1600 amoliri
2811 1548 3000 1603 volens
3036 1551 3138 1605 hoc
3166 1550 3319 1606 facit.
3354 1553 3496 1610 Male
3538 1559 3687 1611 enim

2119 1628 2440 1697 audiebant,
2479 1641 2741 1702 tanquam
2773 1639 2866 1707 qui
2908 1639 3059 1709 leges
3101 1656 3428 1699 communes
3472 1654 3689 1701 everte-

2117 1726 2239 1774 rent
2275 1737 2290 1774 :
2329 1732 2384 1776 et
2424 1723 2516 1777 alii
2565 1726 2787 1794 quidem
2834 1728 3137 1787 dicebant:
3189 1751 3208 1783 ι
3239 1732 3343 1798 Qui
3372 1736 3686 1792 universum

2113 1819 2389 1868 terrarum
2421 1816 2612 1872 orbem
2664 1826 3014 1888 everterunt,
3045 1822 3154 1891 ipsi
3205 1824 3294 1878 hic
3329 1840 3550 1897 quoque
3587 1830 3685 1884 ad-

2110 1913 2244 1961 sunt
2273 1913 2332 1973 ³;
2362 1925 2382 1959 ι
2416 1907 2509 1963 alii
2532 1924 2684 1978 vero,
2717 1911 2863 1980 quod
2894 1912 3033 1969 alias
3062 1917 3493 1975 consuetudines
3515 1918 3687 1986 intro-

2109 1995 2317 2053 ducunt
2335 2001 2376 2052 ι.
2406 1997 2547 2057 Utile
2574 2000 2760 2073 itaque
2780 2002 3118 2060 existimavit
3145 2004 3215 2061 de
3243 2007 3353 2063 hoc.
3380 2012 3544 2065 etiam
3576 2011 3681 2066 ali-

2108 2091 2243 2162 quid
2275 2091 2599 2151 decernere.
2942 2152 2947 2156 .

2548 2186 2709 2258 133
2744 2186 2974 2244 CAPUT
3004 2187 3144 2246 xm.

2187 2275 2353 2347 Vens.
2401 2277 2455 2330 1.
2512 2276 2700 2333 Omnis
2767 2281 2951 2334 anima
2995 2284 3345 2348 potestatibus
3405 2287 3680 2342 sublimio-

2108 2366 2257 2422 ribus
2300 2367 2515 2422 subdita
2550 2370 2639 2425 sit.
2690 2369 2821 2427 Sive
2862 2380 2949 2428 est
2990 2375 3253 2431 sacerdos
3295 2377 3516 2447 aliquis,
3563 2380 3679 2433 sive

2107 2458 2370 2525 antistes,
2405 2459 2522 2515 sive
2555 2461 2916 2515 monasticam
2948 2461 3113 2517 vitam
3145 2465 3455 2534 professus,
3483 2468 3551 2523 iis
3587 2484 3679 2525 ee-

2104 2551 2201 2605 dat.
2236 2551 2439 2621 quibus
2477 2553 2725 2609 mandati
2765 2561 2896 2608 sunt
2927 2556 3294 2626 principatus.
3329 2558 3557 2617 Cla‘rum
3593 2568 3680 2617 est

2102 2650 2308 2709 autem,
2334 2645 2381 2700 si
2409 2660 2534 2701 cum
2566 2648 2770 2716 pietate
2802 2666 2816 2702 :
2851 2664 2960 2704 non
2984 2650 3154 2717 enim,
3182 2652 3227 2706 si
3271 2651 3364 2707 Dei
3391 2654 3676 2723 praeceptis

2102 2743 2428 2805 repugnent,
2464 2740 2884 2809 magistratibus
2905 2741 3133 2819 obsequi
3162 2745 3520 2812 permittitur.
3551 2744 3675 2802 Non

2100 2832 2177 2876 est
2197 2825 2333 2877 enim
2371 2836 2626 2892 potestas,
2663 2829 2767 2881 nisi
2807 2845 2839 2881 α
2881 2828 3011 2884 Deo.
3047 2832 3180 2896 Qua:
3229 2842 3402 2887 autem
3429 2846 3550 2888 sunt
3583 2850 3676 2903 po-

2104 2922 2341 2981 testates,
2374 2932 2406 2968 a
2438 2915 2547 2970 Deo
2581 2920 2598 2939 ⁶
2633 2917 2896 2972 ordinata:
2931 2928 3077 2975 sunt.
3108 2921 3175 2977 Et
3205 2922 3320 2978 haec
3348 2939 3379 2978 ιι
3406 2923 3502 2979 Dei
3544 2941 3673 2995 pro-

420 2984 518 3041 τοῦ
571 2985 707 3041 Θεοῦ
751 2990 1094 3061 προμηθείας
1147 2994 1464 3068 ἐξήρτηται.
1524 3002 1699 3083 ᾼύτὺς
1744 3006 1853 3075 γὰρ
1901 2984 1999 3080 τῆς

2104 3003 2346 3059 videntia
2384 3005 2722 3076 dependent.
2770 3006 2890 3079 Ipse
2915 3011 3063 3065 enim
3105 3015 3418 3071 communis
3460 3016 3672 3073 ordinis

419 3078 607 3150 κοινῆς
657 3081 1115 3153 προμηθούμενος
1153 3087 1409 3154 εὐταξίας
1431 3129 1445 3156 ,
1493 3078 1621 3157 τοὺς
1650 3097 1749 3166 μὲν
1783 3078 1993 3170 ἄρχειν,

417 3171 517 3224 καὶ
551 3169 814 3241 ἄρχεσθαι
863 3172 1247 3245 ᾠκονόμησεν,
1297 3174 1417 3241 οἷόν,
1452 3199 1573 3236 τινα
1624 3169 1998 3256 χαλινὺνντοτς

418 3258 666 3314 ἀδικοῦσι
711 3262 822 3317 τῶν
862 3264 1142 3335 ἀρχόντων
1186 3270 1247 3322 τὸ
1274 3270 1392 3335 δέος
1439 3277 1755 3345 περιτιθείς.
1800 3282 1995 3337 Ἰστέον

418 3349 641 3420 μέντοι,
688 3353 767 3417 ὼς
820 3354 880 3407 τὸ
926 3356 1113 3427 ἄρχειν
1145 3362 1252 3413 ικαὶ
1292 3362 1557 3433 ἄρχεσθαι
1593 3366 1694 3439 τῆς
1720 3371 1815 3424 τοῦ
1855 3370 1991 3428 Θεοῦ

417 3442 762 3512 προμηθείας
807 3445 1108 3517 ἐξήρτησεν
1143 3451 1173 3503 ὁ
1215 3451 1364 3518 θεῖος
1413 3456 1763 3527 Ἀπόστολος,
1816 3464 1880 3516 οὐ
1930 3464 1991 3518 τὸ

416 3531 508 3585 τὸν
536 3533 706 3617 δεῖνα,
737 3534 769 3606 ἢ
806 3536 899 3590 τὸν
927 3538 1073 3593 δεῖνα
1105 3540 1314 3613 ἄρχειν.
1347 3548 1422 3601 Οὐ
1452 3551 1561 3622 γὰρ
1597 3542 1689 3605 τοῦ
1714 3554 1850 3608 θεοῦ
1880 3574 1990 3627 χει-

418 3624 630 3696 ροτονίᾳ
685 3626 795 3680 τῶν
842 3628 1044 3685 ἀδίκων
1092 3635 1124 3703 ἡ
1175 3634 1416 3703 ἐξουσία,
1454 3641 1571 3694 ἀλλ’
1617 3645 1754 3715 αὐτὴ
1813 3624 1989 3718 quia;

414 3717 711 3788 ἡγεμονίας
743 3723 1047 3794 οἰκονομία.
1086 3726 1328 3801 Εὐμενὴς
1379 3733 1561 3803 μέντοι
1613 3735 1722 3803 ὢν,
1775 3717 1988 3807 δίδῳσιν

412 3808 676 3881 ἄρχοντας
714 3815 991 3886 τιμῶντας
1028 3818 1090 3872 τὸ
1124 3819 1352 3879 δίκαιον.
1390 3844 1408 3876 ι
1435 3827 1605 3881 Δώσω
1639 3829 1746 3901 γὰρ
1777 3833 1983 3897 αὐτοῖς,

412 3902 567 3994 φησι,
590 3904 852 3994 ποιμένας
868 3906 1008 3963 κατά
1026 3909 1122 3983 τὴν
1142 3913 1365 3984 καρδίαν
1384 3933 1507 3987 μου,
1531 3922 1625 3974 καὶ
1661 3940 1748 3975 ποι
1756 3924 1985 3994 μανοῦσι

409 3987 606 4051 αὖτοὺς
636 3990 1017 4061 ποιμαίνοντες
1066 4000 1183 4069 μετ’
1213 4002 1543 4079 ἐπιστήμης.
1598 4030 1617 4061 ›
1652 3987 1981 4069 Καίπὰλιψ

412 4095 433 4128 ι
469 4077 636 4132 Δώσω
686 4083 815 4146 τοὺς
857 4089 1049 4157 κριτάς
1096 4104 1190 4169 σου
1217 4133 1231 4158 ,
1272 4094 1348 4160 ὠς
1397 4077 1489 4151 τδή
1517 4103 1822 4173 πρότερον,
1888 4108 1982 4162 καὶ

407 4168 552 4262 τοὺς
580 4171 913 4242 συμϐούλους
942 4196 1055 4243 σου,
1099 4168 1176 4245 ὡς
1201 4185 1262 4238 τὸ
1306 4168 1582 4262 ἀπαρχῆς.
1629 4214 1646 4247 ι
1684 4168 1979 4255 Παιῦεῦσαι

2099 3109 2293 3150 curam
2331 3111 2552 3166 gerens,
2608 3100 2711 3157 hos
2751 3100 2974 3171 quidem
3022 3103 3320 3174 imperare,
3363 3106 3486 3164 illos
3540 3123 3672 3164 vero

2063 3207 2073 3217 υ
2098 3201 2294 3258 parere
2319 3191 2577 3258 instituit,
2611 3192 2785 3247 veluti
2813 3195 3096 3273 quoddam
3124 3196 3338 3253 frenum
3370 3198 3441 3255 iis
3469 3200 3559 3271 qui
3588 3202 3670 3256 in-

2091 3278 2242 3348 justo
2257 3288 2446 3351 agunt,
2467 3281 2856 3351 imperantium
2879 3287 3133 3343 timorem
3159 3289 3455 3347 incutiens.
3494 3289 3665 3347 Porro

2093 3380 2274 3425 autem
2309 3373 2592 3428 sciendum
2628 3362 2733 3440 est,
2771 3379 2919 3448 quod
2949 3388 3005 3435 et
3036 3381 3333 3450 imperare,
3370 3385 3666 3454 etimpcrio

2092 3461 2344 3529 subesse,
2389 3479 2419 3516 a
2462 3464 2648 3520 divina
2679 3468 3021 3537 providentia
3048 3470 3286 3539 pendere
3311 3472 3502 3527 doceat
3526 3474 3663 3526 divi—

2092 3570 2196 3610 nus
2230 3555 2551 3626 Apostol‘us,
2590 3574 2701 3613 non
2738 3569 2923 3616 autem
2978 3569 3039 3615 ut
3082 3561 3172 3616 hic
3209 3563 3293 3617 vel
3332 3564 3426 3619 ille
3454 3566 3659 3634 ιιι-ῖηοί-

2090 3655 2524 3719 patumteneat.
2554 3649 2746 3721 Neque
2786 3652 2954 3707 enim-
2995 3652 3312 3722 iniquorum
3378 3654 3659 3709 hominum

2091 3749 2336 3810 potestas
2367 3757 2399 3796 a
2441 3743 2533 3798 Dei
2566 3743 2836 3799 electione
2863 3744 3136 3814 procedit,
3168 3745 3265 3801 sed
3298 3746 3415 3814 ipsa
3452 3746 3661 3815 princi~

2089 3837 2251 3899 palus
2281 3834 2629 3887 constitutio.
2662 3832 2941 3903 Pr0pitius
2962 3834 3186 3904 quidem
3219 3847 3369 3890 certe
3400 3835 3447 3889 si
3468 3835 3657 3898 fuerit,

2086 3920 2179 3975 dat
2196 3922 2477 3992 principes
2496 3923 2813 3994 quiju’stum
2832 3925 3022 3979 colunt
3038 3933 3090 3980 et
3113 3924 3432 3981 observant.
3455 3943 3473 3977 ι
3511 3925 3660 3989 Dabo

2085 4014 2231 4068 enim
2263 4015 2364 4082 eis,
2409 4015 2609 4086 inquit,
2640 4025 2899 4087 pastores
2926 4018 3231 4073 secundum
3258 4032 3353 4072 cor
3379 4032 3580 4082 meum,
3605 4027 3659 4072 ct

2086 4115 2312 4175 pascent
2336 4122 2431 4163 eos
2458 4116 2749 4177 pascentes
2776 4092 2901 4163 cum
2925 4110 3159 4165 scientia
3187 4118 3239 4165 ιι.
3271 4128 3291 4162 ι
3318 4107 3379 4163 Et
3416 4124 3609 4163 rursus
3639 4128 3650 4163 :

2089 4214 2107 4247 ι
2157 4192 2306 4250 Dabo
2345 4197 2564 4266 judices
2617 4184 2743 4253 tuos
2778 4200 2924 4254 sicut
2985 4200 3161 4271 prius,
3209 4208 3262 4255 et
3303 4201 3652 4257 consiliarios

411 4256 470 4363 et
501 4259 944 4363 πλημμελοῦντας
980 4271 1305 4346 βουλόμενος
1328 4318 1342 4345 ,
1394 4256 1493 4334 καί
1517 4256 1681 4356 *παρά
1725 4290 1978 4361 πονηρῶν
2014 4357 2023 4363 _

2100 4301 2209 4340 .uos
2243 4288 2389 4342 sicut
2415 4287 2486 4341 ab
2519 4288 2681 4342 initio
2712 4298 2766 4344 τ.
2800 4308 2819 4341 ι
2851 4288 2987 4343 Cum
3024 4298 3209 4343 autem
3258 4290 3376 4343 vult
3413 4306 3508 4347 eos
3557 4294 3652 4363 qui

410 4349 683 4456 ἀρχρντων
737 4357 1001 4430 ἄρχεσθαι
1061 4373 1355 4439 συγχωρεῖ.
1404 4389 1424 4423 ι
1475 4349 1784 4449 Ἑπιστήσω
1841 4349 1968 4454 νιὰρ.
2012 4357 2023 4411 ¹

2100 4388 2305 4435 )eccant
2333 4380 2627 4448 castigare,
2651 4394 2746 4434 eos
2765 4380 2931 4456 etiam
2957 4395 2991 4434 a
3014 4380 3175 4434 malis
3198 4381 3537 4451 principibus
3568 4400 3653 4441 rc-

406 4440 589 4538 φησι,⁸
629 4449 941 4516 νεανίσκους
970 4452 1235 4525 ἄρχοντας
1262 4460 1443 4516 αὐτῶν
1471 4503 1485 4527 ,
1542 4467 1636 4519 καὶ
1671 4440 1971 4538 έμπαϊιιται

405 4533 780 4635 κυριεύσουσιν
811 4542 1009 4599 αὐτῶν.
1027 4565 1046 4598 ι
1066 4547 1207 4627 Ἀλλ’
1237 4550 1331 4604 ἐπὶ
1354 4551 1421 4607 τὰ
1446 4557 1641 4627 συνεχῆ
1668 4533 1765 4631 της
1795 4563 1969 4635 ἑρμη-

404 4623 554 4688 νείας
590 4627 905 4687 ἐπανελθεῖν
939 4639 1149 4702 καιρός.

472 4802 540 4905 ξ’.
569 4805 750 4863 Ὥστε
793 4814 828 4866 ό
874 4810 1384 4905 ἀντιτασσόμενος
1426 4820 1501 4895 τῆ
1551 4826 1836 4900 ἐξουσίᾳ,
1894 4834 1971 4905 τῇ

393 4896 502 4955 τοῦ
545 4902 694 4956 Θεοῦ
726 4902 995 4976 διαταγῇ
1053 4910 1452 4982 ἀνθέστηκεν.
1512 4919 1734 4986 Ἱκανῶς
1770 4896 1965 4981 videbit-'-

393 4988 541 5055 ξατο.
599 4997 664 5049 οι
716 4993 785 5049 δὲ
836 4996 1316 5071 ἀνθεστηκότες,
1364 5008 1600 5078 ἑαυτοῖς
1638 5013 1815 5085 κρῖμα
1856 5020 1967 5085 λή-

388 5083 627 5150 ψονται.
656 5085 968 5157 Τουτέστιν,
998 5092 1287 5150 ὑπεύθυνοι
1308 5102 1591 5170 τιμωριῶν
1621 5110 1964 5180 γενήσονται.

386 5170 522 5227 Εἶτα
544 5172 786 5233 διδάσκει
822 5179 916 5235 καὶ
941 5180 1039 5254 τῆς
1082 5186 1380 5257 ἡγεμονίας
1405 5191 1506 5265 τὴν
1535 5170 1747 5268 χρετίανί

445 5356 473 5389 υ
507 5349 627 5406 Act.
656 5368 804 5422 xvtt,
834 5354 887 5411 6.
967 5356 987 5395 ¹
1028 5358 1151 5415 Act.
1185 5379 1309 5434 xu,
1340 5364 1428 5423 ει.
1503 5381 1530 5410 ιι
1569 5368 1768 5429 Jcrem.
1808 5392 1901 5444 ιιι,
1932 5379 2020 5436 l5.

2100 5392 2125 5423 ν
2156 5383 2262 5437 Isa.
2303 5396 2349 5447 ι,
2378 5381 2469 5436 26.

2079 4471 2131 4542 gi
2180 4471 2467 4541 permittit.
2510 4488 2528 4521 ι
2581 4468 2928 4524 Constituarn
2961 4470 3135 4533 enim,
3194 4471 3412 4541 inquit,
3465 4474 3651 4531 adole-

2079 4562 2358 4627 scentulos
2377 4560 2658 4631 principes
2691 4574 2906 4625 eorum,
2924 4568 2981 4617 et
3008 4561 3263 4617 illusores
3288 4563 3651 4620 dominabun-

2081 4659 2169 4705 tur
2203 4653 2282 4707 eis
2312 4659 2360 4707 ι.
2403 4671 2421 4704 ι
2458 4650 2563 4706 Sed
2589 4651 2702 4721 jam
2726 4659 2943 4724 tempus
2976 4661 3063 4710 est
3100 4660 3158 4708 ut
3191 4653 3257 4707 ad
3283 4657 3531 4727 proxima
3560 4657 3646 4715 in-

2080 4744 2435 4813 terpretanda
2457 4753 2817 4799 revertamur.

2145 4833 2317 4891 Vens.
2372 4836 2428 4892 2.
2479 4835 2669 4909 Itaque
2698 4838 2789 4909 qui
2822 4839 3020 4894 resistit
3062 4843 3328 4910 potestati,
3382 4841 3481 4899 Dei
3509 4844 3648 4899 ordi-

2072 4929 2279 4983 nationi
2308 4929 2526 4985 resistit.
2578 4930 2812 4986 Abunde
2840 4920 3126 4987 exterruit.
3159 4935 3265 4999 Qui
3297 4946 3483 4991 autem
3518 4939 3645 4991 resi~

2070 5030 2236 5087 stunt,
2258 5022 2360 5091 ipsi
2375 5020 2475 5076 sibi
2505 5020 2900 5076 damnationem
2922 5024 3220 5094 acquirunt.
3248 5023 3363 5080 Iloc
3386 5014 3490 5088 est,
3511 5043 3644 5096 sup-

2064 5114 2247 5185 pliciis
2279 5122 2444 5169 erunt
2473 5113 2726 5169 obnoxii.
2757 5114 2916 5185 137
2951 5114 3160 5173 Deinde
3193 5115 3355 5185 docet
3380 5100 3667 5191 quantatn'

2063 5210 2131 5264 sit
2176 5209 2526 5282 principatus
2554 5210 2796 5265 utilitas.

2568 5398 2596 5426 ι
2636 5380 2742 5438 lsa.
2779 5395 2870 5447 ut,
2912 5382 2965 5437 ι.

705 5562 711 5567 .
1685 5518 1922 5588 VARUE
1964 5532 2260 5592 LECTION
2266 5536 2369 5592 ES.

449 5622 499 5655 ”
518 5626 563 5677 Α
596 5625 712 5697 ἀμα
738 5627 794 5683 δὲ
818 5630 930 5687 καί.
1013 5634 1029 5665 ¹
1050 5633 1096 5688 Δ
1118 5633 1325 5694 ἐνθάδε.
1400 5642 1435 5716 ³,
1456 5636 1662 5700 Theod.
1693 5644 1763 5700 ad
1790 5645 1926 5706 Dan.
1961 5665 2035 5715 tv,
2054 5648 2146 5720 21,
2190 5651 2589 5712 ὐποταττέσθω.
2665 5656 2684 5688 ³
2712 5655 2752 5710 Β
2779 5656 2903 5713 ὑπό.
