4074 6164
426 283 532 351 195

1460 270 1946 338 THEODORETI
1965 273 2306 341 EPISCOPI
2336 279 2703 346 CYRENSIS

3581 273 3680 342 196

501 394 662 450 Vsus.
701 396 754 451 5.
800 394 942 448 Nam
975 392 1237 461 principes
1263 374 1366 443 non
1397 397 1520 441 sunt
1550 386 1707 440 timor
1737 385 1980 440 bonorum

2167 394 2236 455 γ’.
2273 392 2338 443 Ol
2377 393 2486 462 γὰρ
2525 393 2811 462 ἄρχοντες
2856 393 2966 446 οὐκ
3013 389 3131 446 είσὶ
3171 391 3358 459 φόϐος
3387 385 3505 440 τῶν
3535 389 3680 458 ἀγυ-

425 502 636 555 operum
658 527 672 550 ,
709 485 798 540 sed
826 485 1110 538 malorum.
1143 483 1388 548 Quorum
1421 480 1568 534 enim
1607 479 1716 532 vita
1754 486 1838 534 est
1890 479 1994 532 im-

423 577 593 645 proba
615 616 629 640 ,
657 590 755 630 eos
785 576 1039 645 puniunt.

501 664 591 720 Vis
621 675 794 719 autem
827 681 930 719 non
960 665 1140 718 timere
1165 670 1477 733 potestatem
1505 661 1533 715 .7
1554 661 1760 714 Bonum
1791 660 1880 730 [ac
1899 700 1914 723 ,
1944 667 1995 714 et

422 756 636 811 habebis
675 757 888 812 laudem
918 771 984 810 ea:
1013 757 1150 824 ipsa.
1189 752 1380 826 (Vens.
1413 752 1492 824 4.)
1526 752 1623 806 Dei
1661 754 1801 806 enim
1836 753 1994 805 mini-

419 857 527 902 ster
551 838 627 902 est
659 849 753 901 tibi
783 849 837 900 in
865 848 1080 900 bonum.
1115 847 1248 899 Eum
1276 851 1402 899 ess‘e
1427 844 1652 914 dignum
1682 843 1992 898 reverentia

417 937 690 1001 ostendit,
729 953 857 992 cum
891 937 983 992 Dei
1017 937 1333 990 ministrum
1369 936 1684 1005 appellavit.
1718 935 1994 988 Adhorta-

417 1037 508 1084 tus
541 1037 624 1084 est
655 1030 817 1083 etiam
865 1029 931 1083 ad
965 1029 1106 1082 bona
1137 1043 1303 1098 opera
1326 1069 1339 1091 ,
1377 1042 1500 1081 cum
1537 1015 1679 1080 dixit
1713 1028 1991 1096 principes

416 1133 540 1173 esse
573 1118 890 1173 laudatores
928 1118 1222 1172 bonorum.
1253 1117 1312 1171 Si
1343 1128 1517 1170 autem
1548 1117 1746 1168 malum
1781 1116 1988 1184 feceris,

418 1209 542 1261 time
569 1225 586 1262 :
619 1225 718 1261 non
746 1209 882 1261 enim
911 1207 1024 1261 sine
1048 1224 1210 1260 causa
1233 1205 1471 1276 gladium
1500 1215 1701 1273 portat.
1734 1206 1827 1259 Dei
1851 1207 1989 1260 enim

416 1298 658 1349 minister
691 1307 765 1351 est
789 1337 802 1359 ,
840 1298 1031 1350 vindex
1066 1297 1118 1348 in
1155 1297 1294 1347 iram
1327 1297 1373 1348 ei
1401 1297 1488 1364 qui
1520 1295 1720 1347 malum
1753 1296 1887 1364 agit.
1929 1295 1987 1348 Si
2034 1353 2043 1362 ,

415 1403 569 1443 amas
608 1389 783 1451 bona,
819 1388 1031 1442 'nonora
1077 1394 1450 1456 potestatem,
1492 1393 1553 1437 ut
1585 1400 1704 1453 qua:
1754 1399 1818 1438 ea
1870 1385 1990 1454 lege

413 1478 695 1533 decernat.
734 1480 828 1533 Sin
866 1488 1049 1532 autem
1087 1475 1370 1530 contraria
1409 1477 1834 1543 sequeris,time
1869 1474 1990 1543 ejus

412 1569 886 1629 sententiam.,Ad
922 1569 1194 1622 malorum
1228 1565 1374 1621 enim
1413 1567 1744 1635 supplicium
1777 1573 1863 1621 est
1899 1565 1986 1618 di-

412 1665 616 1718 vinitus
650 1665 918 1717 ordinata.

478 1838 643 1894 Vens.
689 1839 740 1893 5.
783 1838 909 1893 Ideo
945 1856 1151 1894 necesse
1180 1849 1254 1893 est
1286 1840 1556 1893 subditum
1587 1855 1697 1893 esse
1723 1878 1737 1902 ,
1760 1834 1872 1890 non
1901 1851 1987 1889 so-

409 1932 518 1985 lum
561 1940 771 1999 propter
798 1933 935 1983 iram
958 1971 972 1994 ,
1004 1932 1094 1984 sed
1124 1934 1286 1984 etiam
1329 1943 1545 2000 propter
1569 1929 1977 1984 conscientiam.

291 2095 297 2102 .
349 2061 351 2063 ι
407 2051 478 2063 -
507 2020 657 2074 Iram
687 2023 1013 2090 supplicium
1047 2025 1307 2093 appellat.
1331 2023 1489 2078 Jubet
1525 2022 1676 2077 enim
1713 2025 1729 2043 '
1758 2027 1983 2090 propter

410 2122 708 2183 utrumque
736 2114 991 2168 subditos
1017 2130 1140 2169 esse
1162 2153 1176 2176 ,
1207 2123 1258 2168 et
1287 2126 1512 2184 propter
1537 2127 1712 2183 paenae
1738 2120 1946 2165 met‘um
1966 2151 1981 2176 ,

407 2214 463 2260 et
495 2214 552 2260 ut
590 2220 655 2260 ea
688 2205 951 2275 impleant
991 2221 1113 2275 quae
1144 2207 1506 2261 conveniunt.
1540 2203 1657 2259 Hoc
1697 2202 1846 2258 enim
1885 2217 1986 2273 ap-

408 2299 635 2370 pellavit
665 2299 1063 2352 conscientiam.

481 2391 652 2448 Vens.
691 2392 746 2446 6.
781 2391 908 2446 Ideo
934 2393 1071 2446 enim
1101 2401 1150 2445 et
1178 2394 1376 2445 tributa
1407 2390 1676 2460 prwstatis
1705 2405 1722 2442 :
1750 2389 1988 2443 ministri

406 2485 546 2537 enim
577 2483 676 2537 Dei
703 2491 860 2549 sunt,
895 2483 949 2536 in
983 2483 1080 2536 hoc
1111 2485 1285 2552 ipsum
1343 2484 1646 2535 servientes.
1699 2481 1780 2534 Tu
1833 2481 1982 2536 enim

406 2561 652 2639 dormis,
680 2582 736 2628 et
766 2574 858 2628 ille
884 2587 1234 2628 communem
1281 2587 1472 2626 curam
1510 2572 1746 2626 sustinet
1775 2591 1787 2625 :
1823 2581 1878 2625 et
1925 2580 1982 2625 tu

407 2663 554 2718 domi
580 2665 799 2733 quidem
833 2664 992 2719 sedes
1012 2704 1027 2731 ,
1053 2663 1147 2718 ille
1171 2670 1353 2716 autem
1384 2675 1484 2730 pro
1513 2674 1649 2730 pace
1679 2658 1982 2714 obtinenda

408 2753 611 2809 bellum
644 2753 904 2823 suscipit.

482 2949 640 3005 Vens.
675 2950 727 3004 7.
763 2947 986 3003 Reddite
1015 2964 1138 3018 ergo
1169 2947 1410 3001 omnibus
1439 2947 1618 3002 debita
1647 2963 1663 3000 :
1699 2946 1785 3000 cui
1816 2946 1983 2998 tribuo

407 3049 515 3094 tum
537 3084 551 3107 ,
579 3041 872 3103 tributum;
897 3040 981 3091 cui
1005 3039 1227 3109 vectigal
1251 3079 1264 3100 ,
1293 3039 1516 3108 vectigal
1542 3054 1560 3102 ;
1589 3039 1678 3090 cui"
1700 3039 1976 3102 timorem,

408 3134 694 3192 timorem;
726 3133 810 3184 cui
846 3131 1129 3194 honorem,
1168 3132 1437 3184 honorem.
1468 3161 1537 3170 -—-
1573 3129 1852 3183 Tributum
1884 3145 1982 3198 ap-

406 3226 607 3295 pellat,
638 3223 783 3294 quod
819 3239 915 3293 pro
951 3225 1100 3292 agris
1139 3222 1405 3292 penditur
1436 3239 1451 3288 ;
1502 3222 1722 3288 rectigal
1756 3229 1977 3286 autem,

390 3309 554 3388 quod
588 3330 688 3384 pro
723 3326 1033 3369 mercatura
1073 3314 1358 3368 confertur
1390 3331 1404 3379 ;
1442 3311 1618 3366 debita
1666 3328 1826 3374 vero,
1869 3329 1982 3367 non

407 3408 523 3463 haec
547 3407 724 3461 solum
749 3447 763 3472 ,
802 3405 896 3460 sed
930 3414 984 3460 et
1016 3390 1229 3459 metum
1253 3415 1304 3459 et
1342 3392 1604 3460 honorem
1637 3415 1815 3460 vocat.
1854 3404 1981 3462 llaec

404 3507 548 3562 enim
584 3504 654 3560 iis
684 3502 777 3574 qui
807 3513 1050 3574 praesunt
1087 3503 1247 3573 133
1277 3501 1552 3556 debentur
1581 3517 1610 3556 a
1643 3502 1905 3557 subditis.

474 3682 640 3737 Vens.
671 3683 726 3737 8.
760 3674 972 3734 Nemini
1006 3679 1294 3750 quidquam
1323 3678 1558 3733 debeatis
1581 3721 1594 3745 ,
1623 3680 1817 3734 nisi-ut
1846 3680 1979 3734 invi-

405 3792 516 3830 cem
542 3773 800 3844 diligatis.
820 3771 938 3826 Non
965 3781 1023 3824 ut
1046 3771 1366 3827 dileCtionis
1396 3772 1637 3825 debitum
1667 3787 1773 3825 non
1797 3774 1977 3826 exsol-

403 3849 598 3923 vamus
629 3884 643 3920 :
697 3871 921 3936 Oportet
969 3863 1114 3918 enim
1153 3863 1204 3917 id
1260 3874 1389 3918 ante
1423 3862 1607 3917 omnia
1643 3863 1750 3916 alia
1781 3865 1970 3918 exsol-

404 3975 533 4016 vere
563 3977 576 4014 :
611 3957 706 4014 sed
737 3967 795 4011 ut
834 3957 949 4026 ipsa
983 3956 1258 4011 solutione
1286 3956 1339 4010 id
1369 3969 1687 4025 augeamus.
1723 3955 1978 4010 Redditio

402 4055 547 4109 enim
577 4049 822 4106 debitum
852 4049 1182 4118 multiplicat
1210 4047 1629 4110 ;ardentiorem
1658 4046 1859 4116 quippe
1886 4047 1973 4100 di-

405 4144 695 4200 lectionem
727 4140 912 4197 eﬂicit.
954 4140 1059 4206 Qui
1078 4141 1216 4193 enim
1242 4137 1418 4208 diligit
1445 4138 1748 4206 proximum
1769 4179 1783 4204 ,
1813 4139 1976 4210 legent

401 4214 656 4305 implevit.
693 4231 982 4299 Quomodo
1028 4239 1083 4285 et
1112 4245 1348 4300 quanam
1383 4229 1644 4285 ratione?

471 4326 637 4382 Vens.
669 4327 722 4382 9.
757 4321 943 4378 Nam:
983 4321 1107 4376 Non
1155 4320 1522 4386 adulterabis,
1574 4338 1678 4376 non
1726 4323 1968 4390 occides,

2101 477 2220 531 θῶν
2251 481 2470 548 ἔργων,
2523 484 2683 536 ἀλλὰ
2719 482 2838 535 τῶν
2877 481 3096 536 κακῶν.
3130 481 3269 544 Τοὺς
3296 479 3407 550 γὰρ
3442 479 3680 550 πονηρίᾳ

2100 568 2375 634 συζῶντας
2406 573 2714 636 κολάζουσι.

2171 665 2374 731 Θέλεις
2431 667 2498 720 δὲ
2539 669 2982 738 μὴ’φοϐεἴσθαι
3039 665 3153 733 τὴν
3223 663 3555 728 ἐξουσίαν;
3610 661 3672 714 τὸ

2097 753 2319 822 ἀγαθὸν
2363 756 2554 820 ποίει,
2604 757 2701 808 καὶ
2741 756 2900 819 ἔξεις
2928 753 3176 806 ἔπαινον
3217 750 3284 814 ἐξ
3317 747 3529 815 αὐτῆς.
3565 747 3672 818 (δ’.)

2096 842 2246 896 Θεοῦ
2271 844 2380 913 γὰρ
2403 844 2682 910 διάκονός
2706 845 2839 897 ἐστι
2866 859 2963 897 σοι
2987 846 3076 907 εἰς
3103 841 3171 894 τὸ
3201 840 3448 908 ἀγαθόν.
3482 837 3676 898 Αἰδοῦς

2095 934 2256 987 αὑτὸν
2279 935 2554 1005 ἀπέφηνεν
2580 935 2748 1000 ἄξιον,
2772 934 2907 988 Θεοῦ
2933 931 3378 1005 προσαγορεύσας
3401 930 3669 982 διάκονον.

2095 1025 2406 1094 Προέτρεῷε
2457 1025 2514 1078 δὲ
2571 1028 2664 1079 καὶ
2715 1025 2807 1078 ἐπὶ
2868 1024 2966 1095 τὴν
3019 1022 3218 1093 πρᾶξιν
3270 1021 3378 1075 τῶν
3425 1018 3668 1087 ἀγαθῶν,

2094 1116 2272 1183 φήσας
2307 1111 2443 1169 εἶναι
2484 1117 2610 1178 τοὺς
2642 1117 2906 1185 ἄρχοντας
2955 1112 3246 1174 ἐπαινέτας
3285 1110 3394 1163 τῶν
3424 1107 3665 1176 ἀγαθῶν.

2107 1205 2248 1260 Ἐὰν
2288 1207 2356 1260 δὲ
2397 1209 2461 1260 τὸ
2505 1207 2696 1260 κακὸν
2731 1206 2908 1273 ποιῇς
2937 1245 2951 1268 ,
2999 1203 3188 1273 φοϐοῦ
3218 1219 3232 1233 ·
3281 1203 3352 1257 οὐ
3387 1201 3499 1270 γὰρ
3534 1199 3668 1268 εἰκῆ

2091 1299 2208 1366 τὴν
2235 1300 2541 1370 μάχαιραν
2571 1301 2774 1370 φορεῖ·
2824 1299 2971 1353 Θεοῦ
3013 1302 3123 1367 γὰρ
3167 1289 3446 1359 διάκονός
3474 1294 3665 1354 ἐστιν,

2091 1394 2177 1458 είς
2222 1392 2408 1462 ὀργὴν
2450 1392 2690 1458 ἔκδικος
2726 1391 2805 1457 τῷ
2848 1391 2914 1444 τὸ
2969 1389 3164 1444 κακὸν
3207 1387 3568 1454 πράσσοντι.
3605 1383 3667 1436 El

2089 1482 2196 1534 τῶν
2247 1471 2466 1550 ἀγαθῶν
2499 1483 2688 1553 ἐρᾷς,
2738 1482 2872 1552 τίμα
2911 1481 3009 1551 τὴν
3052 1477 3330 1544 ἐξουσίαν,
3371 1475 3447 1537 ὡς
3493 1472 3667 1526 ταῦτα

2091 1573 2520 1642 νομοθετοῦσαν·
2559 1577 2606 1626 εί
2639 1573 2989 1627 δὲ.ταναντία
3023 1571 3263 1642 μετέρχῃ
3291 1609 3305 1631 ,
3339 1567 3504 1621 δέδιθι
3538 1564 3669 1618 ταύ-

2091 1681 2190 1734 της
2241 1665 2338 1735 τὴν
2381 1665 2562 1735 ψῆφον
2597 1681 2610 1692 ·
2665 1666 2758 1718 ἐπὶ
2804 1663 3043 1736 τιμωρίᾳ
3092 1663 3201 1732 γὰρ
3253 1660 3361 1712 τῶν
3417 1656 3667 1726 πονηρῶν

2019 1737 2062 1792 Β
2093 1755 2274 1809 θεόθεν
2304 1758 2762 1829 κεχειροτόνηται.

2158 1857 2218 1905 ε’.
2260 1851 2359 1904 Διὸ
2403 1851 2634 1921 ἀνάγκη
2688 1848 3182 1910 ὑποτάσσεσθαι,
3229 1847 3301 1899 οὐ
3342 1843 3537 1914 μόνον
3571 1841 3668 1895 διὰ

2086 1936 2204 2011 τὴν
2221 1943 2427 2012 ὀργὴν,
2446 1944 2604 1997 ἀλλὰ
2624 1943 2719 1994 καὶ
2740 1941 2836 1994 διὰ
2856 1940 2970 2008 τὴν
2984 1938 3439 2004 συνείδησιν.-
3453 1931 3670 2002 Ὀργὴν

2088 2034 2185 2104 τὴν
2225 2034 2494 2105 τιμωρίαν
2541 2033 2716 2086 καλεῖ.
2771 2033 2851 2084 Δι’
2895 2030 3178 2101 ἀμφότερα
3209 2028 3264 2080 δὲ
3304 2024 3668 2094 ὑποτετάχθαι

2087 2122 2298 2176 κελεύει
2325 2163 2338 2185 ,
2394 2121 2481 2176 διὰ
2510 2141 2568 2176 τε
2599 2122 2657 2175 τὺ
2689 2122 2808 2184 δέος
2856 2123 2955 2192 τῆς
3005 2118 3276 2190 τιμωρίας
3302 2157 3316 2182 ,
3359 2116 3452 2169 καὶ
3479 2113 3569 2166 διὰ
3605 2111 3667 2164 τὸ

2087 2216 2325 2286 πληροῦν
2372 2215 2440 2268 τὰ
2497 2217 2881 2286 προσήκοντα·
2939 2211 3095 2267 τοῦτο
3141 2210 3251 2283 γὰρ
3287 2207 3668 2279 ⁹συνείδησιν

2087 2307 2518 2379 προσηγόρευσε.
3140 2299 3142 2302 ’

2160 2407 2232 2464 ς’.
2263 2401 2364 2454 Διά
2389 2400 2564 2452 τοῦτο
2589 2397 2698 2467 γὰρ
2724 2397 2819 2450 καὶ
2845 2397 3068 2466 φόρους
3106 2399 3330 2449 τελεῖτε
3359 2411 3371 2424 ·
3399 2397 3666 2460 λειτουρ-

2085 2492 2174 2562 γοὶ
2211 2493 2320 2562 γὰρ
2355 2491 2503 2544 Θεοῦ
2544 2475 2833 2554 ε·1σινέ1ς
2883 2489 3029 2542 αὐτὸ
3070 2485 3245 2540 τοῦτο
3295 2499 3662 2553 προσκαρτε-

2077 2581 2352 2649 ροῦντες.
2403 2581 2473 2633 Σὺ
2530 2580 2638 2649 γὰρ
2677 2577 2993 2640 καθεύδεις,
3034 2577 3283 2638 κάκεῖνος
3329 2573 3427 2644 τὴν
3473 2570 3660 2642 κοινὴν

2084 2672 2372 2742 περιφέρει
2425 2665 2712 2740 φρόντίδα’
2771 2670 2866 2722 καὶ
2932 2669 3005 2721 σὺ·
3057 2667 3155 2738 μὲν
3213 2667 3350 2719 οῐκοι
3397 2663 3659 2733 κάθησαι,

2083 2765 2290 2826 ἐκεῖνος
2339 2763 2394 2814 δὲ
2440 2770 2530 2817 τὸν
2581 2763 2720 2833 ὑπὲρ
2769 2763 2867 2832 τῆς
2917 2762 3141 2834 εἰρήνης
3191 2757 3511 2828 ἀναδέχεται
3562 2753 3659 2806 πύ-

2082 2860 2138 2912 λε
2150 2877 2268 2931 μον.
2915 2915 2920 2918 ,

2154 2951 2218 3017 ζ’.
2268 2951 2550 3007 Ἀπόδοτε
2581 2951 2787 3004 τοίνυν
2812 2946 2962 3004 πᾶσι
2989 2944 3097 3011 τὰς
3123 2943 3366 3015 ὀφειλάς
3399 2957 3411 2971 ⁸
3447 2939 3527 3007 τῷ
3556 2942 3660 2994 τὸν

2084 3046 2274 3114 φόρον
2297 3088 2311 3110 ,
2339 3033 2459 3098 ’τὸν
2493 3045 2680 3113 φόρον
2704 3057 2719 3072 ο
2768 3040 2856 3106 τῷ
2876 3042 2942 3094 τὸ
2990 3039 3198 3103 τέλος,
3233 3038 3297 3090 τὺ
3331 3034 3506 3099 τέλος
3533 3048 3546 3062 ο
3579 3029 3660 3095 τῷ

2084 3137 2192 3190 τὸν
2225 3139 2432 3206 φόϐον,
2457 3138 2566 3191 τὸν
2588 3138 2780 3205 φόϐον
2801 3150 2815 3164 ·
2848 3131 2927 3198 τῷ
2957 3133 3072 3200 τὴν
3095 3129 3296 3200 τιμὴν,
3326 3127 3439 3195 τὴν
3459 3124 3656 3194 τιμήν.

2081 3262 2152 3271 -
2174 3216 2366 3299 ψύρον
2391 3230 2544 3283 καλεῖ
2567 3270 2581 3293 ,
2613 3230 2712 3298 τὴν
2743 3227 2881 3299 ὑπὲρ
2909 3227 3006 3296 τῆς
3037 3225 3141 3294 γῆς
3171 3223 3429 3294 εἰσφοράν
3454 3238 3467 3250 ·
3487 3220 3660 3280 τέλος

2081 3323 2170 3386 δὲ,
2217 3321 2312 3392 τὴν
2344 3322 2483 3391 ὑπὲρ
2530 3319 2796 3390 ἐμπορίας
2839 3317 3182 3370 συντέλειαν·
3221 3312 3536 3382 ὀφλήματα
3578 3307 3655 3371 δὲ,

2081 3415 2142 3466 ού
2175 3414 2332 3484 μονον
2365 3413 2557 3475 ταῦτα,
2593 3411 2731 3466 ἀλλὰ
2769 3411 2863 3489 καὶ
2888 3409 2982 3462 τὸν
3019 3406 3201 3477 φόϐον,
3234 3406 3329 3457 καὶ
3354 3403 3452 3472 τὴν
3493 3399 3656 3471 τιμὴν

2082 3507 2355 3578 ὀνομάζει.
2387 3505 2573 3559 Ταῦτα
2604 3505 2710 3573 γὰρ
2741 3506 2851 3567 τοῖς
2901 3502 3130 3574 ἄρχουσι
3164 3499 3314 3568 παρὰ
3356 3497 3466 3550 τῶν
3495 3497 3656 3567 ἀρχο-

2083 3599 2262 3668 μένων
2289 3597 2580 3668 ὀφείλεται.

2153 3697 2222 3761 η’.
2253 3689 2484 3757 Μηδενὶ
2509 3685 2702 3757 μηδὲν
2735 3685 3024 3754 ὀφείλετε,
3053 3684 3104 3736 ει
3134 3680 3219 3752 μὴ
3252 3679 3318 3734 τὸ
3343 3678 3654 3748 ἀλλήλους

2061 3781 2340 3853 ἀγαπᾷν.
2386 3783 2498 3851 Οὐχ
2551 3781 2639 3833 ἵνα
2691 3779 2767 3849 μὴ
2821 3777 3123 3847 ἐκτίνωμεν
3171 3776 3270 3844 τῆς
3325 3774 3546 3842 ἀγάπης
3597 3771 3657 3825 τὸ
3754 3853 3758 3858 1

2081 3877 2239 3946 χρέος
2293 3873 2471 3945 (τοῦτο
2505 3872 2616 3941 γὰρ
2645 3869 2876 3924 ἐκτίνειν
2913 3869 3176 3939 προσήκει
3211 3865 3315 3936 πρὸ
3345 3863 3452 3917 τῶν
3481 3863 3656 3916 ἄλλων

2081 3968 2358 4037 ἁπάντων)
2387 4006 2400 4030 ,
2437 3963 2554 4019 ἀλλ’
2606 3963 2692 4016 ἵνα
2724 3961 2976 4032 αύξωμεν
3037 3961 3103 4030 τῇ
3155 3957 3380 4010 ἐκτίσει.
3438 3955 3508 4008 Ἦ
3546 3953 3655 4026 γὰρ

2079 4059 2332 4120 ἀπόδοσις
2363 4056 2792 4120 πολυπλασιάζει
2821 4052 2880 4106 τὸ
2908 4051 3068 4124 χρέος
3095 4067 3110 4080 ·
3155 4047 3495 4120 θερμοτέραν
3544 4046 3655 4118 γὰρ

2077 4152 2177 4222 τὴν
2226 4139 2454 4220 ἀγάπην
2506 4149 2667 4201 ποιεῖ.
2722 4146 2784 4199 '0
2829 4144 2940 4215 γὰρ
2981 4140 3230 4212 ἀγαπῶν
3275 4140 3384 4194 τὸν
3428 4139 3652 4207 ἕτερον,

2077 4246 2268 4312 νόμον
2308 4239 2680 4307 πεπλήρωκε.
2714 4236 2840 4299 Πῶς
2863 4235 2956 4290 καὶ
2981 4235 3103 4288 τίνα
3131 4232 3370 4306 τρόπδνς

2151 4328 2216 4381 θ’.
2259 4327 2328 4382 Ti)
2358 4326 2467 4396 γάρ
2487 4341 2499 4354 ·
2537 4329 2617 4379 Οὐ
2641 4325 2990 4394 μοιχεύσεις
3013 4363 3026 4387 ,
3077 4325 3148 4377 οὐ
3180 4321 3499 4392 φονεύσεις
3518 4359 3533 4384 ,
3582 4319 3654 4372 οὐ

399 4437 502 4474 non
539 4416 802 4489 furaberis
824 4454 840 4479 ,
878 4431 980 4468 non
1013 4413 1210 4482 falsum
1242 4413 1600 4466 testimonium
1632 4413 1774 4469 dices
1798 4455 1812 4479 ,
1843 4426 1891 4469 et
1922 4418 1968 4470 si

2084 4419 2345 4488 κλέψεις,
2382 4421 2493 4472 οὐκ
2536 4417 2964 4486 ἐπιθυμήσεις,
3010 4415 3107 4468 καὶ
3136 4414 3308 4480 εἴτις
3345 4412 3518 4480 ἑτέρα
3557 4411 3654 4466 ἐν·

399 4509 534 4580 quod
566 4518 644 4563 est
680 4507 830 4561 aliud
865 4504 1180 4558 mandatum
1203 4543 1217 4567 ,
1248 4505 1299 4557 in
1348 4505 1444 4558 hoc
1493 4504 1647 4559 verbo
1693 4506 1971 4559 instaura-

401 4612 527 4656 tur:
574 4599 775 4670 Diliges
831 4597 1131 4666 proximum
1177 4603 1322 4648 tuu‘m
1372 4596 1507 4648 sicut
1554 4596 1799 4665 teipsum.
1864 4596 1968 4661 Qui

397 4694 543 4750 enim
573 4707 701 4763 erga
738 4691 976 4760 aliquem
1011 4689 1148 4744 bene
1180 4687 1410 4743 all‘cctus
1443 4697 1562 4754 est,
1600 4703 1711 4744 non
1755 4687 1968 4745 interm

399 4785 475 4840 cit
503 4799 666 4856 quem
700 4783 915 4854 diligit,
949 4796 1061 4836 non
1096 4781 1372 4836 adulterat
1405 4782 1525 4851 ejus
1554 4796 1820 4848 uxorem,
1855 4795 1969 4836 non

399 4877 638 4946 subripit
663 4875 866 4946 aliquid
893 4889 956 4930 ex
994 4874 1158 4931 bonis
1199 4873 1322 4942 ejus
1351 4887 1513 4943 quem
1565 4881 1743 4938 amat,
1789 4887 1970 4942 neque

398 4955 606 5039 aliquid
634 4966 770 5021 facit
815 4967 965 5039 quod
989 4967 1040 5022 ei
1067 4965 1378 5022 molesdam
1429 4963 1639 5017 all'erat.
1676 4961 1791 5018 Hoc
1822 4965 1968 5018 enim

397 5059 684 5129 sulijunxit
709 5077 724 5114 :
793 5064 796 5067 ’

439 5145 638 5204 'Vt-zns.
676 5148 764 5204 10.
802 5147 1030 5202 Dilectio
1060 5144 1292 5214 proximi
1323 5143 1526 5196 malum
1560 5158 1663 5196 non
1693 5152 1967 5210 operatur.

393 5241 602 5296 Deinde
636 5241 1016 5296 concludens:
1055 5235 1341 5290 Plenitudo
1371 5251 1492 5306 ergo
1542 5235 1672 5304 legis
1718 5246 1795 5290 est
1833 5238 1971 5290 dile-

393 5336 520 5388 ctio.
554 5333 629 5388 Ita
664 5333 829 5412 etiam
864 5330 1161 5393 Dominus,
1197 5330 1571 5400 interrogatus
1599 5330 1874 5400 quodnam
1902 5330 1974 5386 sit

395 5428 638 5495 primum
673 5430 1012 5494 praeceptum
1036 5463 1051 5487 ,
1095 5433 1149 5479 et
1185 5424 1422 5494 primum
1466 5423 1643 5488 dixit,
1681 5431 1734 5478 et
1775 5439 1970 5478 secun-

396 5513 527 5566 dum
555 5513 843 5580 conjunxit
869 5530 882 5566 :
916 5531 934 5564 ι
962 5511 1168 5584 Diliges
1197 5513 1485 5567 Dominum
1515 5511 1684 5568 Deum
1717 5520 1872 5568 tuum
1903 5529 1970 5569 ex

395 5607 512 5654 toto
539 5602 705 5658 corde
735 5611 850 5668 tuo,
871 5611 924 5658 et
956 5611 1067 5658 tota
1099 5605 1287 5662 anima
1323 5614 1442 5672 tua,
1477 5612 1531 5658 et
1565 5621 1631 5660 ex
1661 5613 1774 5659 tota
1810 5604 1968 5661 forti-

390 5689 580 5749 tudine
610 5700 720 5763 tua,
755 5707 806 5751 et
827 5710 891 5752 ex
913 5704 1020 5752 tota
1043 5702 1226 5758 mente
1263 5709 1362 5760 tua
1392 5715 1403 5752 :
1430 5705 1482 5752 et
1511 5699 1825 5768 proximum
1859 5701 1966 5756 sic-

2076 4511 2249 4580 τολὴ,
2280 4512 2349 4565 ἐν
2371 4511 2558 4574 τούτῳ
2581 4508 2660 4576 τῷ
2689 4509 2850 4580 λόγῳ
2871 4505 3436 4576 ἀνακεφαλαιοῦται,
3461 4503 3530 4557 ἐν
3550 4500 3651 4568 τῷ,

2089 4599 2458 4672 Ἀγαπήσεις
2497 4601 2602 4656 τὸν
2631 4601 2902 4670 πλησίον
2950 4615 3066 4654 σου
3117 4599 3197 4665 ὡς
3249 4597 3530 4652 σεαυτόν.
3593 4593 3651 4647 '0

2075 4697 2206 4768 γὰρ-
2249 4692 2308 4749 εὖ
2365 4695 2494 4764 περί
2550 4711 2670 4748 τινα
2722 4693 3101 4762 διακείμενος,
3161 4690 3262 4744 οὑκ
3326 4690 3545 4760 ἀναιρεί
3593 4687 3651 4740 ὅν

2080 4788 2254 4858 φιλεῖ,
2297 4787 2356 4840 οὐ
2407 4785 2646 4858 μοιχεύει
2688 4783 2785 4856 τὴν
2830 4783 3020 4838 τούτου
3075 4787 3348 4852 γυναῖκα,
3393 4783 3495 4836 οὐκ
3543 4782 3651 4851 ὰφ-

2079 4863 2395 4950 αιρεϊταίτι
2436 4875 2545 4930 τῶν
2597 4875 2983 4948 προσηκόντων
3031 4873 3110 4946 τῷ
3143 4873 3488 4946 φιλουμένῳ,
3544 4871 3652 4926 οὐδ’

2079 4966 2208 5022 ἄλλο
2235 4983 2288 5020 τι
2316 4966 2452 5038 δρᾷ,
2495 4965 2524 5019 ὃ
2550 4964 2728 5036 λύπην
2755 4965 2950 5036 ἐκείνῳ
2980 4967 3166 5037 γεννᾷ.
3203 4963 3375 5018 Τοῦτο
3411 4963 3522 5036 γὰρ
3551 4965 3651 5017 ἑπ-

2078 5060 2324 5130 ήγαγεν’
2457 5065 2460 5068 ’

2151 5151 2202 5204 ι’.
2248 5150 2310 5204 Ἠ
2340 5140 2541 5219 ἁγῖάπη
2568 5147 2650 5214 τῷ
2682 5149 2954 5217 πλησίον
2975 5149 3168 5224 κακόν
3195 5150 3306 5203 οὐκ
3329 5146 3648 5218 ἐργάζεται.

2076 5235 2209 5294 Εἶτα
2235 5239 2678 5309 συλλογιστικῶς*
2703 5236 3000 5310 Πλήρωμα
3029 5225 3146 5295 οὖν
3160 5239 3350 5308 νόμου
3367 5240 3404 5307 ἠ
3428 5235 3649 5307 ἀγάπη.

2075 5331 2231 5386 Οὕτω
2256 5331 2350 5385 καὶ
2376 5333 2404 5384 ὅ
2435 5329 2637 5403 Κύριος
2656 5372 2670 5397 ,
2715 5331 3014 5402 ἐρωτηθεὶς
3045 5331 3178 5384 ποία
3209 5326 3402 5398 ἐντολὴ
3430 5325 3650 5398 πρώτη,

2075 5425 2169 5478 καὶ
2191 5422 2288 5494 τὴν
2324 5421 2547 5494 πρώτην
2593 5417 2713 5474 εἷπε
2735 5461 2749 5487 ,
2801 5422 2896 5474 καὶ
2937 5421 3037 5493 τὴν
3069 5420 3334 5489 δευτέραν
3369 5418 3608 5487 συνῆψεν
3633 5432 3648 5447 ⁸

2083 5534 2102 5567 ι
2151 5515 2483 5585 Ἀγαπήσεις
2510 5513 2712 5586 Κύριον
2743 5513 2833 5566 τὸν
2859 5513 2991 5568 Θεόν
3023 5531 3115 5567 σου
3147 5514 3205 5580 ἐξ
3238 5514 3366 5585 ὅλης
3393 5513 3492 5582 τῆς
3517 5527 3655 5582 καρ-

2077 5607 2195 5670 δίας
2229 5623 2323 5659 σου
2345 5646 2360 5672 ,
2393 5606 2486 5659 καὶ
2515 5607 2572 5670 ἐξ
2611 5607 2740 5678 ὅλης
2763 5606 2864 5677 τῆς
2901 5605 3080 5677 ψυχῆς
3113 5623 3206 5659 σου
3233 5645 3248 5670 ,
3297 5605 3390 5659 καὶ
3422 5603 3482 5668 ἐξ
3525 5603 3653 5672 ὅλης

2077 5700 2177 5771 τῆς
2207 5699 2390 5770 ἰσχύος
2433 5715 2555 5759 σου,
2617 5700 2707 5754 καὶ
2742 5698 2802 5763 ἐξ
2839 5699 2968 5770 ὅλης
2997 5699 3093 5770 τῆς
3124 5696 3361 5761 διανοίας
3395 5709 3523 5749 σου·
3557 5693 3653 5747 καὶ
