4074 6164
401 212 510 280 197

1245 217 1862 282 ΙΝΤΕΒΡΒΕΤΑΤΙΟ
1905 221 2144 282 EPIST.
2171 223 2272 282 AD
2300 223 2486 285 ROM.
2510 225 2668 288 CAP.
2705 228 2875 286 XIII.

3555 228 3654 293 198

409 332 503 383 τὸν
547 327 774 398 πλησίον
816 346 907 382 σου
951 331 1026 394 ὡς
1058 329 1306 387 σεαυτόν.
1346 353 1369 387 θ
1421 337 1530 388 Καὶ
1561 336 1837 390 δείκνυσιν
1862 380 1877 400 ,
1932 340 1990 390 ἐν

2096 345 2156 390 ut
2204 338 2440 408 teipsum
2472 349 2522 394 J.
2550 359 2568 392 ι
2611 339 2676 393 Ει
2707 341 2762 394 in
2793 343 2969 410 primo
2999 344 3216 412 quidem
3250 347 3503 401 \irtutem
3531 361 3653 400 con-

415 423 516 492 μὲν
545 423 614 492 τῇ
651 419 842 494 πρώτῃ
881 422 980 490 τὴν
1014 421 1355 496 θεωρητικὴν
1382 427 1582 498 ἀρετὴν
1609 429 1979 501 κατορθουμέ-

370 526 373 527 '
414 531 510 583 νην
529 530 546 547 ·
581 515 638 568 ὲν
674 514 730 566 δέ
759 531 824 582 γε
857 517 925 586 τῇ
955 514 1186 587 δευτέρᾳ
1221 517 1319 587 τὴν
1349 521 1684 590 πρακτικήν.
1710 519 1866 574 Οὕτω
1891 523 1985 575 καὶ

411 605 439 654 ὁ
467 603 610 666 θεῖος
646 602 972 666 Ἀπόστολος
1000 619 1013 633 ο
1041 602 1337 674 Πλήρωμα
1355 601 1469 673 οὖν
1485 609 1676 677 νόμου
1699 609 1736 676 ἡ
1760 608 1980 678 ἀγάπη.

413 688 545 746 Εἶτα
575 680 773 762 ὲπάγει
787 711 802 727 ο
1929 731 1938 737 -

475 791 569 838 tat.
613 780 723 838 Καὶ
760 784 937 839 τοῦτο
963 828 978 852 ,
1031 786 1256 854 ειδότες
1285 790 1392 841 τὸν
1429 775 1638 858 καιρόν
1660 830 1676 853 ,
1729 791 1819 844 ὅτι
1863 792 1984 860 ὥρα

415 873 572 944 ἡμᾶς
615 875 734 944 ἤδη
781 876 851 941 ἐξ
898 876 1094 933 ὕπνου
1141 879 1470 948 ἐγερθῆναι.
1523 882 1668 934 Ἀντὶ
1717 883 1847 946 τοῦ,
1888 887 1984 940 καὶ

417 966 650 1036 μάλιστα
683 965 763 1018 ὅτι
787 965 816 1017 ό
845 965 1034 1032 καιρὸς
1066 967 1162 1036 οὐχ
1193 966 1385 1030 ὕπνου,
1416 967 1530 1020 ἀλλ’
1577 969 1980 1040 ἐγρηγόρσεως.

414 1057 543 1111 Νῦν
575 1057 683 1126 γὰρ
705 1056 1026 1124 ἐγγύτερον
1053 1057 1222 1125 ἡμῶν
1259 1058 1297 1125 ἠ
1336 1059 1620 1125 σωτηρία,
1668 1060 1706 1126 ἢ
1737 1059 1835 1113 ὅτε
1858 1060 1982 1114 ἐπι-

401 1149 776 1218 στεύσαμεν.
808 1147 944 1200 Καθ’
967 1147 1202 1218 ἑκάστην
1234 1147 1343 1219 γὰρ
1369 1149 1582 1219 ἡμέραν
1607 1150 1983 1223 πλησιαίτεροι

412 1238 513 1308 τῆς
540 1237 872 1306 Δεσποτικῆς
902 1235 1166 1306 γινόμεθα
1201 1238 1522 1308 παρουσίας.

486 1328 571 1400 ιβ’.
616 1328 679 1381 Ἡ
723 1327 838 1390 νὺξ
885 1325 1263 1396 προέκοψεν,
1320 1329 1357 1396 ἠ
1398 1328 1465 1381 δὲ
1514 1330 1702 1398 ἡμέρα
1750 1331 1979 1401 ﬁmum.

413 1451 480 1462 --
505 1420 706 1474 Νύκτα
741 1419 899 1472 καλεῖ
929 1417 1020 1473 τὸν
1044 1419 1143 1490 τῆς
1173 1419 1396 1488 ἀγνοίας
1426 1421 1615 1492 καιρὸν
1634 1461 1648 1485 ,
1676 1423 1890 1493 ἡμέραν
1927 1423 1986 1476 δὲ

413 1511 666 1586 τὸν-μετά
693 1510 792 1582 τὴν
823 1511 1125 1582 παρουσίαν
1159 1510 1251 1563 τοῦ
1281 1512 1554 1564 Δεσπότου
1578 1513 1792 1583 χρόνον.
1835 1514 1986 1566 Ἀνα-

412 1601 590 1664 τείλας
623 1600 730 1671 γὰρ
759 1599 860 1670 τῆς
888 1600 1233 1671 δικαιοσύνης
1261 1603 1289 1655 ό
1317 1601 1468 1671 ἥλιος
1511 1605 1630 1665 ταῖς
1664 1603 1847 1656 ἀκτῖσι
1887 1603 1985 1674 τῆς

2088 430 2461 499 templativam
2519 433 2707 501 perlici
2757 436 3044 500 ostendit;
3089 437 3142 488 in
3185 438 3431 491 secundo
3471 449 3653 491 autem

2085 520 2343 577 activam.
2379 521 2454 575 lta
2501 523 2646 576 enim
2702 524 2926 578 divinus
2978 527 3314 594 Apostolus:
3373 527 3655 581 Plenitudo

2085 627 2210 680 ergo
2243 614 2373 678 leuis
2403 624 2479 668 est
2511 613 2744 667 dilectio.
2781 613 2984 669 Deinde
3018 616 3346 688 subjungit:

2155 781 2318 837 Vens.
2359 784 2444 837 Η.
2478 782 2549 838 Et
2581 784 2707 848 hoc,
2740 787 2958 839 scientes
2991 797 3193 854 tempus
3219 827 3232 850 ,
3265 787 3394 856 quia
3425 786 3555 842 Itora
3582 797 3659 842 est

2076 872 2192 941 jam
2223 890 2316 928 nos
2345 874 2408 928 de
2440 892 2624 928 somno
2655 893 2884 946 surgere.
2918 882 2936 896 '
2963 876 3134 942 Quasi
3165 878 3310 930 dicat
3337 896 3350 932 :
3384 877 3450 930 Et
3478 878 3654 932 maxi-

2085 981 2171 1019 tne
2206 965 2337 1034 quia
2381 983 2486 1019 non
2519 974 2605 1020 est
2635 975 2850 1036 tempus
2884 967 3228 1030 dormiendi,
3262 968 3356 1022 sed
3401 969 3659 1037 expergi-

2085 1057 2296 1112 scendi.
2337 1057 2494 1110 Nunc
2526 1059 2664 1113 enim
2697 1063 2912 1128 propior
2945 1068 3021 1113 est
3057 1068 3241 1113 nostra
3275 1061 3421 1113 salus
3447 1100 3460 1122 ,
3497 1076 3658 1131 quam

2085 1163 2200 1200 cum
2236 1149 2578 1202 credidimus.
2627 1151 2684 1202 ln
2721 1150 2841 1204 dies
2875 1150 3025 1205 enim
3061 1150 3288 1219 propius
3321 1150 3389 1204 ad
3435 1149 3652 1204 Domini

2085 1237 2382 1291 adventum
2421 1237 2580 1306 139
2607 1239 2942 1292 accedimus.

2157 1327 2326 1382 Vens.
2364 1329 2452 1380 12.
2496 1327 2619 1388 No3:
2651 1331 2918 1396 pra-cessit
2945 1369 2958 1393 ,
2997 1330 3107 1385 dies
3149 1341 3326 1384 autem
3373 1347 3658 1401 approptn-

2086 1421 2286 1488 quavit.
2317 1447 2386 1456 —
2429 1417 2649 1471 Noctem
2681 1428 2840 1472 vocat
2880 1427 3095 1489 tempus
3125 1422 3484 1489 ignorantiae;
3525 1425 3661 1476 diem

2090 1499 2313 1574 autem,
2371 1520 2585 1579 tempus
2639 1518 2763 1580 post-
2810 1510 3099 1564 adventum
3127 1510 3366 1565 Domini.
3421 1512 3660 1573 Exortus

2086 1604 2230 1666 enim
2262 1601 2344 1657 sol
2374 1601 2605 1670 iustitia:
2627 1639 2641 1664 ,
2674 1600 2873 1655 divina:
2901 1601 3238 1670 cognitionis
3270 1601 3443 1656 radiis
3473 1601 3658 1655 orbem

414 1694 740 1762 θεογνωσίας
777 1691 876 1764 τὴν
921 1692 1246 1762 οἰκουμένην
1284 1692 1570 1762 ἐφώτισεν.
1622 1694 1986 1763 Ἀποθώμεθα

2087 1705 2359 1748 terrarum
2395 1691 2746 1746 illuminavit.
2797 1691 3124 1759 Abjiciamus
3169 1707 3293 1759 ergo
3329 1706 3484 1759 opera
3518 1699 3660 1743 terte-

411 1779 526 1839 οὖν
556 1783 626 1837 τὰ
653 1783 799 1852 ἔργα
853 1780 958 1834 τοῦ
1004 1781 1266 1847 σκότους
1292 1823 1308 1848 ,
1366 1783 1463 1836 καὶ
1496 1783 1880 1853 ἐνδυσώμεθα
1911 1784 1984 1838 τὰ

413 1873 573 1927 ὅπλα
601 1871 708 1926 τοῦ
740 1871 954 1940 φωτός.
993 1869 1193 1934 Σκότος
1223 1871 1375 1924 καλεῖ
1409 1873 1504 1944 τὴν
1547 1873 1796 1941 ἄγνοιαν,
1843 1873 1981 1942 ἔργα

413 1966 470 2018 δὲ
502 1963 594 2016 τοῦ
644 1962 869 2026 σκότους
907 1961 1007 2025 τὰς
1035 1963 1389 2034 παρανόμους
1434 1964 1697 2034 πράξεις’
1739 1966 1834 2018 καὶ
1863 1964 1981 2034 φῶς
2019 2001 2030 2011 .

409 2055 516 2124 ,μὲν
537 2049 794 2122 ὀνομάζει
826 2053 921 2123 τὴν
954 2052 1178 2122 γνῶσιν,
1238 2053 1377 2106 ὅπλα
1409 2054 1466 2108 δὲ
1500 2035 1676 2126 ξωτὸς
1706 2055 1814 2110 τῶν
1845 2056 1982 2124 ἀγα-

416 2146 523 2199 θῶν
552 2144 649 2215 τὴν
680 2144 976 2214 ἐνέργειαν.
1200 2135 1206 2140 ’

492 2235 579 2303 ιγ’.
621 2236 718 2300 Ὠς
741 2235 812 2288 ἐν
833 2235 1021 2303 ἡμέρᾳ
1043 2236 1433 2302 εὐσχημόνως
1463 2236 1977 2305 περιπατήσωμεν.
2051 2263 2056 2267 ·

432 2324 563 2377 Ἀπὸ
592 2324 696 2376 τῶν
733 2323 1058 2394 σωματικῶν
1087 2324 1322 2378 δείκνυσι
1361 2326 1430 2379 τὰ
1472 2328 1836 2396 πνευματικά.
1875 2327 1982 2380 Καὶ

418 2418 526 2485 γὰρ
563 2417 611 2468 οί
637 2415 730 2476 τὸν
764 2417 1082 2487 παράνομον
1109 2416 1478 2486 ἀσπαζόμενοι
1519 2417 1632 2486 βίον
1657 2458 1671 2481 ,
1699 2419 1882 2474 ἐκεῖνα
1925 2421 1982 2474 ὲν

412 2509 564 2560 νυκτὶ
593 2507 857 2578 δρῶντες,
892 2508 1011 2577 μεθ’
1043 2507 1254 2580 ἡμέραν
1297 2509 1355 2560 τὸ
1380 2508 1480 2578 τῆς
1505 2509 1801 2580 εὐκοσμίας
1828 2527 1982 2581 περιο

411 2581 644 2650 τίθενται
693 2597 900 2668 σχῆμα.
956 2597 1213 2650 Βούλεται
1261 2601 1476 2664 τοίνυν,
1532 2599 1608 2662 ὡς
1654 2603 1751 2672 τῆς
1787 2600 1980 2665 νυκτὸς

409 2688 750 2759 διελθούσης,
799 2690 893 2742 καὶ
935 2692 1032 2760 τῆς
1062 2691 1283 2758 ἀγνοίας
1309 2690 1579 2762 ληξάσης,
1627 2693 1980 2763 ἀπηλλάχθαι

410 2779 595 2832 κακῶν
620 2778 660 2834 ⁸.
692 2781 942 2834 Διδάσκει
981 2781 1037 2834 δὲ
1085 2781 1180 2834 καὶ
1224 2782 1346 2834 τίνα
1385 2782 1578 2836 ταῦτα.
1633 2783 1729 2852 Μὴ
1765 2784 1982 2852 κώμοις

410 2869 506 2922 καί
548 2869 780 2940 μέθαις,
817 2869 900 2940 μὴ
931 2870 1155 2935 κοίταις
1189 2870 1288 2923 καί
1319 2872 1691 2940 ἀσελγείαις,
1717 2873 1802 2942 μὴ
1835 2873 1982 2940 ἔριδι

410 2963 505 3016 καί
535 2960 706 3029 ζήλῳ.
737 2961 1030 3029 κωμάζειν
1074 2962 1217 3026 τινὲς
1255 2961 1506 3016 εἰώθασιν
1538 2963 1594 3016 ἐν
1638 2965 1980 3034 συμποσίοις,

411 3053 504 3106 καὶ
530 3055 776 3123 αἰσχροῖς
822 3042 1030 3124 ᾀσμασι
1061 3052 1455 3122 καταμολύνειν
1501 3052 1598 3123 τὴν
1642 3052 1914 3121 γλῶτταν·
1951 3056 1982 3125 ἡ

415 3145 640 3216 μέθηδὲ
669 3141 876 3220 τούτων
906 3143 1186 3216 πρόξενος,
1223 3145 1318 3197 καὶ
1363 3144 1545 3214 μέντοι
1572 3145 1664 3197 καὶ
1698 3145 1984 3214 ἀσελγείας

411 3235 549 3305 αὕτη
605 3236 824 3306 μήτηρ,
893 3235 986 3288 καὶ
1047 3235 1219 3306 ἔριδος
1293 3236 1385 3288 καὶ
1445 3235 1775 3305 φιλονεικίας
1834 3236 1981 3290 διδά-

414 3328 579 3380 σκαλο
591 3345 627 3390 ς.
1099 3391 1107 3398 ⁸

487 3421 563 3473 ιδ’.
610 3418 772 3473 Ἀλλ’
801 3418 1140 3471 ἐνδύσασθε
1171 3417 1277 3477 τὸν
1318 3419 1536 3486 Κύριον
1586 3416 1823 3486 Ἰησοῦν
1852 3420 1983 3483 Χρι-

411 3512 565 3564 στόν
586 3527 601 3540 ·
642 3511 739 3579 οὐχ
784 3509 870 3562 ἵνα
899 3508 1026 3563 ἄλλο
1053 3509 1311 3574 δέξωνται
1357 3509 1659 3578 βάπτισμα,
1697 3508 1811 3562 ἀλλ’
1838 3508 1924 3561 ἴνα
1954 3507 1982 3560 ὃ

412 3601 747 3672 περίκεινται
793 3600 1005 3670 ἱμάτιον
1051 3601 1225 3654 ἴδωσι.
1272 3599 1381 3653 Kal
1425 3599 1535 3667 τῆς
1573 3599 1800 3667 σαρκὸς
1839 3601 1982 3666 πρό-

409 3692 678 3762 νοιανμὴ
703 3691 967 3746 ποιεῖσθε
983 3694 1069 3757 είς
1094 3692 1428 3760 ἐπιθυμίας.
1465 3679 1730 3744 Ἐνταῦθα
1757 3692 1849 3745 καὶ
1875 3691 1982 3745 τῶν

410 3783 508 3853 τῆς
560 3783 761 3854 σαρκὸς
809 3782 1259 3854 κατηγορούντων
1311 3782 1604 3853 αἱρετικῶν
1678 3783 1982 3852 ἐμφράττει

410 3877 478 3930 τά
507 3875 770 3946 στόματα.
823 3877 896 3929 Οὐ
926 3875 1035 3946 γὰρ
1079 3876 1426 3946 ἀπηγόρευσε
1469 3875 1566 3946 τὴν
1607 3875 1700 3928 τοῦ
1733 3875 1983 3945 σώματος

405 3968 774 4038 ἐπιμέλειαν,
817 3966 957 4020 ἀλλά
1007 3967 1105 4038 τὴν
1137 3967 1374 4038 ’τρυφὴν
1427 3969 1520 4019 καὶ
1566 3967 1664 4038 τὴν
1711 3967 1982 4037 ἀκρασίαν

412 4059 684 4125 ἐξέϐαλεν.
725 4059 798 4112 Οὐ
832 4058 942 4130 γὰρ
985 4053 1140 4112 εἴπεο
1183 4060 1275 4130 Μὴ
1313 4059 1593 4112 ποιεῖσοε¹
1639 4059 1736 4128 τῆς
1783 4059 1984 4130 σαρκὸς

415 4150 690 4220 πρόνοιαν,
728 4150 864 4216 ἀλλ’,
904 4152 1008 4216 Είς
1035 4151 1389 4220 ἐπιθυμίας⁸
1422 4151 1506 4220 μὴ
1532 4151 1796 4204 ποιεῖσθε
1811 4165 1828 4204 .·
1865 4152 1984 4204 ἀντὶ

418 4239 552 4303 τοῦ,
601 4242 691 4310 Μὴ
743 4243 968 4313 σκιρτᾷν
1023 4242 1191 4312 αὐτὴν
1239 4243 1687 4313 παρασκευάζετε
1752 4243 1840 4296 διὰ
1885 4244 1982 4312 τῆς

2085 1785 2335 1846 brarum,
2369 1792 2417 1838 et
2471 1782 2755 1836 induantus
2807 1797 2958 1835 arma
3005 1782 3158 1836 lucis.
3196 1780 3457 1834 Tenebras
3505 1790 3659 1835 vocat

2083 1875 2446 1946 ignorantiam
2471 1891 2490 1940 ;
2519 1891 2679 1945 opera
2710 1881 2895 1928 autem
2943 1872 3276 1926 tenebrarum
3301 1911 3315 1937 ,
3365 1873 3653 1942 improbas

2081 1975 2135 2022 et
2188 1967 2426 2037 injustas
2476 1968 2768 2031 actiones;
2819 1972 2874 2020 et
2925 1964 3094 2018 lucem
3145 1961 3658 2034 quidemappelln

2083 2060 2368 2116 scientiam
2395 2076 2409 2124 ;
2436 2076 2587 2113 arma
2615 2074 2745 2114 vero
2767 2058 2899 2112 lucis
2921 2095 2936 2123 ,
2960 2058 3232 2114 bonorum
3257 2056 3655 2124 operationem.

2155 2238 2319 2294 Vens.
2354 2239 2441 2294 15.
2476 2238 2626 2294 Sicut
2669 2241 2724 2292 in
2773 2240 2858 2293 die
2909 2239 3123 2294 honeste
3168 2219 3518 2308 ambulemus.
3567 2237 3644 2291 Ex

2083 2331 2468 2400 corporalibus
2517 2331 2761 2386 ostendit
2811 2331 3107 2400 spiritalia.
3158 2329 3263 2396 Qui
3297 2317 3652 2386 enim'vitam

2082 2422 2408 2494 ﬂagitiosam
2442 2408 2781 2492 agunt,'illa
2813 2430 2978 2476 noctu
3012 2428 3397 2492 perpetrantes
3421 2459 3435 2484 ,
3472 2419 3649 2474 inter-

2083 2515 2172 2570 diu
2207 2515 2514 2570 honestatis
2545 2514 2786 2586 speciem
2820 2515 3078 2568 induunt.
3115 2512 3243 2566 Vult
3273 2513 3459 2582 itaque
3479 2553 3494 2578 ,
3525 2525 3652 2565 cum

2091 2622 2196 2680 nox
2229 2606 2579 2675 praeterierit,
2605 2615 2659 2660 et
2687 2605 3001 2676 ignorantia
3024 2603 3362 2667 cessaverit,
3388 2603 3652 2658 abstineri

2083 2711 2112 2750 a
2143 2698 2323 2751 rutilis.
2360 2696 2527 2752 Docet
2562 2697 2727 2750 etiam
2753 2712 3008 2767 quamam
3036 2685 3280 2752 ea‘sunt.
3312 2695 3436 2750 Non
3469 2697 3524 2749 in
3555 2711 3651 2749 co-

2085 2790 2493 2845 messationibus
2552 2801 2600 2844 et
2658 2790 3025 2854 ebrietatibus,
3069 2806 3173 2842 non
3217 2791 3272 2842 in
3305 2790 3560 2842 cubilibus
3606 2799 3654 2842 et

2085 2881 2428 2948 impudicitiis
2454 2920 2468 2943 ,
2505 2898 2606 2935 non
2640 2882 2693 2933 in
2725 2882 3056 2934 contentione
3082 2889 3132 2933 et
3160 2865 3664 2934 azmulatione.'So-'

2086 2973 2203 3026 lent
2251 2973 2530 3026 nonnulli'
2556 2973 2610 3026 in
2665 2973 2941 3028 conviviis
2980 2972 3274 3039 lascivire,
3319 2980 3373 3027 et
3413 2973 3654 3042 linguam

2056 3063 2348 3131 turpibus
2400 3062 2634 3118 canticis
2687 3063 2976 3133 polluere:
3035 3062 3230 3116 horum
3269 3071 3452 3117 autem
3487 3077 3657 3118 causa

2085 3159 2169 3206 est
2195 3151 2464 3216 ebrietas,
2497 3153 2628 3220 quin
2681 3153 2800 3206 haec
2831 3154 2996 3206 etiam
3047 3159 3225 3206 mater
3265 3161 3350 3208 est
3394 3154 3653 3223 petulan-

2086 3245 2204 3302 tiaz.
2237 3241 2460 3312 litisque
2489 3252 2543 3298 et
2573 3245 2951 3298 contentionis
2981 3244 3264 3313 magistra.
3311 3251 3321 3260 '

2153 3415 2320 3473 Vens.
2370 3417 2455 3471 14.
2498 3417 2600 3472 Sed
2631 3417 2930 3471 induamini
2965 3417 3253 3472 Dominum
3281 3417 3465 3472 Jcsum
3495 3418 3652 3473 Clari—

2085 3516 2243 3560 stum.
2281 3506 2399 3561 Non
2429 3513 2487 3562 tit
2519 3509 2685 3562 alium
2719 3509 3052 3578 baptismum
3085 3508 3428 3578 suscipiant,
3469 3512 3562 3564 sed
3599 3517 3656 3562 ut

2083 3607 2289 3653 vestem
2318 3614 2428 3669 qua
2466 3599 2644 3653 induti
2677 3609 2805 3654 sunt
2839 3584 3214 3655 considerent.
3247 3599 3318 3652 Et
3344 3600 3523 3652 carnis
3557 3617 3653 3652 cu—

2085 3708 2201 3744 ram
2249 3708 2312 3745 ne
2359 3692 2588 3760 feceritis
2644 3692 2698 3744 in
2743 3690 3043 3746 desideriis.
3075 3689 3206 3746 ~Hic
3260 3691 3651 3746 haereticorum

2085 3781 2285 3846 etiam,
2331 3780 2422 3851 qui
2469 3797 2692 3836 carnem
2735 3790 3033 3848 accusant,
3095 3795 3192 3834 ora
3239 3781 3486 3836 obturat.
3545 3780 3653 3836 Ne-

2085 3889 2191 3943 que
2238 3874 2382 3930 enim
2442 3871 2722 3943 prohibuit
2775 3875 3074 3944 quominus
3121 3875 3308 3930 carnis
3363 3889 3498 3930 cura
3568 3889 3655 3944 ge-

2085 3972 2287 4018 ratur:
2341 3964 2438 4019 sed
2486 3963 2716 4019 delicias
2769 3976 2823 4020 et
2874 3966 3354 4036 intemperantiam
3416 3965 3652 4033 expulit.

2082 4053 2202 4108 Non
2233 4055 2378 4109 enim
2414 4049 2586 4110 dixit:
2641 4057 2722 4112 Ne
2777 4059 2962 4113 carnis
3017 4073 3206 4118 curam
3263 4057 3502 4127 geratis,
3556 4056 3653 4110 sed

2087 4160 2153 4198 ne
2202 4145 2268 4198 ad
2303 4145 2463 4216 1&0
2493 4147 2972 4214 concupiscentias
3019 4147 3336 4217 gesseritis,
3383 4145 3489 4199 hoc
3532 4154 3655 4208 est,

2086 4233 2165 4288 Ne
2193 4233 2338 4287 illam
2372 4251 2469 4305 per
2494 4233 2723 4290 delicias
2751 4238 3026 4292 exsultare
3055 4237 3290 4291 faciatis.
3315 4234 3414 4290 His
3434 4250 3563 4306 ergo
3589 4235 3657 4290 de

419 4331 650 4402 τρυφῆς.
680 4333 861 4388 Ταῦτα
902 4332 1065 4386 πάλιν
1107 4333 1234 4403 περὶ
1277 4333 1376 4402 τῆς
1416 4333 1724 4403 πρακτικῆς
1755 4333 1979 4387 διελθὼν

2088 4324 2292 4376 virtute
2328 4323 2511 4377 activa
2539 4326 2801 4398 expositis
2822 4366 2837 4391 ,
2875 4327 3072 4379 iterum
3106 4325 3172 4378 ad
3202 4325 3512 4395 dogmatica
3544 4333 3656 4378 trao

414 4423 646 4494 ἀρετῆς,
708 4425 782 4488 είς
836 4422 961 4486 τοὺς
1007 4423 1368 4491 δογματικοὺς
1417 4420 1571 4486 αὖθις
1615 4423 1980 4493 ἐπανελήλυθε

411 4516 625 4582 λόγους.
654 4515 775 4585 Χρὴ
801 4513 857 4567 δὲ
885 4513 1149 4584 πρότερον
1176 4505 1348 4565 είπεῖν
1378 4513 1468 4565 τὸν
1496 4514 1592 4584 τῆς
1609 4497 1984 4582 ,ἀποστολικῆς

411 4603 760 4668 διδασκαλίας
811 4605 1010 4658 σκοπὸν
1033 4643 1048 4666 ,
1084 4604 1150 4656 ἶν’
1177 4602 1508 4668 εὐσύνοπτος
1541 4604 1766 4674 γένηται
1809 4605 1842 4674 ἡ
1876 4603 1983 4656 τῶν

331 4711 334 4714 ·
415 4691 594 4764 ῥητῶν
641 4693 925 4764 ἑρμηνεία.
970 4693 1032 4745 Οί
1081 4691 1140 4756 ἐξ
1183 4692 1353 4746 ἐθνῶν
1403 4691 1830 4754 πεπιστευκότες
1883 4692 1982 4762 τὴν

414 4782 772 4854 εὐαγγελικὴν
821 4783 1094 4837 πολιτείαν
1144 4784 1470 4853 ἠσπάζοντο.
1533 4783 1726 4836 Πολλοὶ
1777 4783 1840 4837 δὲ
1874 4783 1982 4836 τῶν

415 4875 474 4941 ἐξ
514 4874 886 4946 Ἱουδαίωνπῷ
919 4874 1256 4953 εὐαγγελικῷ
1305 4875 1781 4946 προσεληλυθότων
1813 4875 1982 4946 κηρύ-

415 4982 621 5035 γματι,
654 4968 774 5029 ταῖς
807 4969 1058 5036 νομικαῖς
1087 4965 1363 5020 ἐδούλευον
1403 4966 1678 5032 διατάξεσι
1704 5007 1719 5030 ,
1755 4967 1982 5020 καὶτῶν

414 5058 638 5129 ἡμερῶν
664 5057 762 5128 τὴν
789 5057 1187 5130 παραφυλακὴν
1225 5054 1592 5127 ἀσπαζόμενοι
1611 5097 1626 5123 ,
1655 5058 1748 5112 καὶ
1773 5057 1981 5128 τροφῆς

419 5148 920 5219 μεταλαγχάνοντες
942 5189 957 5215 ,
987 5149 1053 5220 ἢν
1086 5148 1114 5200 ό
1145 5147 1307 5218 νόμος
1341 5147 1644 5200 ἐκέλευσεν.
1702 5147 1980 5203 Ἐντεῦθεν

2081 4415 2280 4471 ctanda
2325 4415 2486 4469 redit.
2533 4413 2762 4484 Oportet
2802 4423 2988 4469 autem
3028 4415 3297 4471 doctrinm
3335 4414 3658 4485 apostolicae

2081 4524 2311 4578 scepum
2370 4507 2526 4578 prius
2563 4507 2870 4576 explicare,
2914 4515 2974 4560 ut
3011 4522 3203 4569 eorum
3257 4523 3376 4578 quae
3423 4507 3657 4563 dicenda

2081 4605 2211 4653 sunt
2267 4596 2486 4655 facilior
2538 4598 2612 4652 sit
2663 4597 3067 4669 interpretatio.
3122 4598 3225 4666 Qui
3283 4614 3350 4654 ex
3401 4600 3656 4670 gentibus
3712 4665 3716 4668 I

2079 4689 2454 4755 crediderant,
2486 4691 2860 4762 evangelicam
2905 4691 3031 4746 vitae
3075 4691 3482 4748 institutionem
3535 4707 3655 4745 am-

2078 4779 2479 4850 plectebantur.
2530 4781 2686 4836 Multi
2731 4769 2947 4858 fantem
3008 4799 3074 4838 ex
3137 4782 3375 4850 Judzeis,
3433 4782 3528 4853 qui
3575 4783 3657 4856 .ad

2091 4873 2465 4943 evangelicam
2521 4874 2968 4945 praedicationem
3019 4881 3409 4942 accesserant,
3446 4875 3466 4896 '
3510 4874 3657 4944 lega-

2092 4963 2238 5020 libus
2289 4965 2560 5021 institutis
2606 4967 2950 5029 serviebant,
3006 4963 3224 5018 dierum
3283 4963 3656 5019 observationi

2089 5055 2462 5123 adhaarentes,
2497 5065 2550 5111 et
2579 5057 2928 5127 praescriptos
2969 5054 3088 5123 lege
3117 5055 3269 5109 cibos
3301 5061 3654 5124 usurpantes.

2089 5149 2230 5204 Hinc
2270 5149 2341 5206 lis
2381 5149 2686 5216 oriebatur,
2731 5156 2894 5220 atque
2937 5146 3102 5203 etiam
3146 5160 3368 5218 pugna:
3427 5162 3553 5204 cum
3605 5157 3660 5203 et

481 5333 507 5374 r
544 5322 732 5380 Matth.
767 5339 915 5393 xxtt,
943 5323 1109 5380 37-59
1139 5341 1153 5390 ;
1187 5321 1322 5378 Luc.
1351 5339 1407 5387 ι,
1433 5322 1538 5391 27;
1577 5321 1743 5377 Marc.
1777 5339 1850 5378 ιιι
1879 5364 1894 5390 ,
1926 5321 1994 5376 50
2017 5361 2032 5388 ,
2065 5323 2152 5380 5|.

1692 5493 1954 5573 "vitam
1995 5494 2397 5551 LECTIONES.

492 5615 511 5646 ⁸
537 5615 579 5668 Α
605 5623 656 5670 ct
685 5615 726 5670 Β
747 5615 856 5670 τῶν
886 5617 1163 5688 προτέρων
1201 5618 1346 5689 ἡμᾶς
1370 5609 1570 5685 ἀπηλλ.
1599 5628 1653 5664 κ.
1733 5612 1752 5642 ⁵
1785 5609 1826 5662 Α
1852 5612 2073 5665 ποιεῖτε.
2155 5609 2176 5640 ⁸
2208 5611 2251 5664 Α
2286 5609 2600 5682 ἐπιθυμίαν.
