4074 6164
321 185 422 252 iiii
1143 182 1755 246 INTERPRE’I‘ATIO
1787 179 2027 241 EPIST.
2065 179 2163 238 ΑΙ)
2191 178 2371 240 ROM.
2426 181 2581 240 CAP.
2615 180 2768 240 XIV.
3481 186 3594 249 202

320 302 416 372 τὴν
451 295 703 364 ἐξουσίαν
733 294 1014 364 ἀπένειμε.
1047 293 1219 348 Τοῦτο
1241 295 1349 366 γάρ
1370 313 1450 347 τοι
1485 298 1578 348 καὶ
1620 296 1781 364 μέχρι
1801 292 1901 346 -τοῦ

2015 292 2171 365 142
2202 293 2488 348 sententia:
2517 300 2840 360 potestatem
2891 290 3060 345 dedit.
3105 289 3227 346 Haec
3264 293 3409 347 enim
3456 309 3589 349 con-

325 390 594 462 παρόντος
625 390 683 440 ὲν
707 389 824 449 ταῖς
868 385 1214 456 Ἐκκλησίαις
1244 389 1306 440 τὸ
1327 387 1447 451 ἔθος
1481 387 1778 457 μεμένηκε”
1812 388 1907 439 καὶ

319 486 352 538 ὁ
377 484 477 552 μὲν
512 478 814 542 ἀσπάζεται
846 478 943 548 τὴν
973 479 1324 549 ἐγκράτειαν,
1347 481 1375 532 ὁ
1396 479 1453 532 δὲ
1483 479 1702 532 πάντων
1732 477 1904 540 ἀδεῶς

325 569 732 643 μεταλαμϐάνει
764 567 871 622 τῶν
905 568 1179 639 ἐδωδίμων
1208 569 1251 599 ¹⁰
1269 585 1282 598 ⁸
1307 569 1400 621 καὶ
1421 567 1545 621 οὔτε
1567 562 1722 631 οὗτος
1755 568 1903 619 ἐκεί-

320 681 413 720 νον
445 663 620 734 κρίνει
653 661 721 726 ¹¹,
747 661 870 714 οὔτε
897 663 1102 725 ἐκεῖνος
1123 661 1502 732 ἐπιμέμφεται
1541 661 1736 730 τούτῳ,
1769 659 1906 713 ἀλλά

319 750 399 827 τῷ
426 754 576 824 νόμῳ
599 753 700 822 τῆς
717 751 974 823 ὁμονοίας
994 750 1427 824 λαμπρύνονται.

395 855 469 912 ς’.
511 847 574 899 '0
613 843 853 914 φρονῶν
880 843 990 912 τὴν
1026 845 1276 914 ἡμέραν,
1306 845 1501 912 Κυρίῳ
1527 843 1741 914 φρονεῖ
1762 862 1774 874 ο
1807 845 1903 898 καὶ

322 942 358 995 ό
377 938 465 1010 μὴ
498 934 742 1007 φρονῶν
765 935 881 1004 τὴν
912 937 1160 1004 ἡμέραν,
1197 935 1392 1002 Κυρίῳ
1426 936 1500 988 οὐ
1531 935 1746 1004 φρονεῖ
1766 952 1777 964 ·
1804 935 1904 990 καὶ

321 1037 358 1087 ό
385 1032 627 1094 ἐσθίων,
663 1029 866 1099 Κυρίῳ,
884 1029 1071 1083 ἐσθίει
1092 1046 1105 1058 ο
1130 1027 1482 1098 εὐχαριστεῖ
1513 1028 1622 1098 γὰρ
1653 1026 1735 1092 τῷ
1758 1026 1902 1093 Θεῷ·

321 1124 425 1178 καὶ
457 1125 490 1176 ό
522 1121 610 1190 μὴ
648 1121 890 1183 ἐσθίων,
921 1121 1115 1188 Κυρίῳ
1141 1123 1252 1174 οὐκ
1281 1120 1494 1186 ἐσθίει,
1527 1121 1623 1176 καί
1659 1121 1903 1188 εὐκαρις

321 1213 463 1269 στεῖ
490 1213 569 1278 τῷ
616 1211 758 1278 Θεῷ.
816 1212 1314 1281 Συγκαταϐατικῶς
1355 1213 1529 1266 ταῦτα
1576 1213 1754 1279 λέγει,
1805 1215 1906 1282 τὴν

326 1303 646 1375 συμφωνίαν
682 1305 748 1374 τῇ
807 1302 1100 1374 Ἐκκλησία
1155 1303 1702 1374 πραγματευόμενος.
1759 1298 1902 1366 Οἵδε,

269 1423 271 1425 ι
324 1399 512 1467 φησὶν,
548 1397 576 1448 ό
604 1395 712 1447 τῶν
763 1395 898 1447 ὅλων
928 1395 1062 1458 Θεὸς
1089 1395 1182 1448 τὸν
1211 1395 1320 1448 τῶν
1348 1393 1638 1448 ἐσθιόντων
1669 1395 1763 1447 καὶ
1813 1393 1906 1446 τὸν

319 1489 432 1542 τῶν
476 1489 576 1542 οὐκ
627 1487 912 1540 ἐσθιόντων
955 1487 1184 1542 σκοπόνο
1237 1487 1332 1541 καὶ
1357 1486 1419 1539 οὐ
1470 1486 1546 1556 τῷ
1573 1486 1723 1557 ἔργῳ
1758 1486 1908 1556 μόνῳ

321 1579 604 1653 προσέχει,
643 1579 779 1634 ἀλλά
821 1581 914 1633 καὶ
935 1580 1035 1649 τὴν
1066 1580 1160 1634 τοῦ
1190 1579 1478 1649 γινομένου
1516 1579 1758 1632 διάνοιαν
1820 1577 1908 1640 ἒξ-

321 1671 524 1736 ετάξει.

396 1763 462 1828 ζ’,
486 1770 557 1835 η’.
599 1761 809 1828 Οὐδείς
833 1761 946 1830 γὰρ
993 1759 1164 1830 ήμῶν
1195 1757 1387 1824 ἑαυτῷ
1416 1757 1506 1826 (ﬁ,
1547 1758 1648 1812 καὶ
1706 1757 1904 1820 οὐδεὶς

322 1855 492 1924 ἡμῶν
513 1854 705 1920 ἑαυτῷ
739 1852 1134 1921 ἀποθνήσκει.
1178 1850 1312 1904 Ἐάν
1344 1868 1409 1904 τε
1444 1850 1553 1921 γὰρ
1590 1849 1794 1918 ζῶμεν,
1825 1849 1905 1914 τῷ

324 1948 520 2014 Κυρίῳ
566 1945 751 2013 ζῶμεν
774 1961 787 1973 ·
819 1943 929 1996 ἐάν
958 1960 1023 1997 τε
1063 1943 1564 2012 ἀποθνήσκωμεν,
1592 1939 1670 2006 τῷ
1707 1939 1904 2008 Κυρίῳ

321 2035 812 2104 ἀποθνήσκομεν.
855 2031 996 2086 Ἐάν
1031 2049 1095 2086 τε
1115 2028 1230 2087 οὖν
1269 2029 1475 2102 ζῶμεν,
1509 2031 1620 2085 ἐάν
1667 2047 1730 2084 τε
1757 2031 1905 2085 dna“-

315 2128 704 2194 θνήσκωμεν,
742 2124 848 2179 τοῦ
903 2125 1129 2193 Κυρίου
1169 2125 1380 2193 ἐσμέν.
1415 2124 1530 2188 Οὐκ
1571 2123 1741 2194 ἐσμὲν
1776 2124 1904 2176 ἐαυ-

308 2219 434 2271 τῶν
482 2217 680 2288 κύριοι,
730 2218 894 2288 τιμῆς
942 2216 1352 2287 ὴγοράσθημεν.
1412 2217 1523 2270 Καὶ
1569 2215 1770 2279 ζῶντες
1810 2210 1904 2269 οὖν

311 2306 421 2359 τοῦ
461 2306 661 2376 Κυρίου
713 2306 899 2376 ἐσμὲν,
934 2307 1029 2359 καὶ
1082 2305 1519 2376 ἀποθνήσκοντες
1562 2305 1656 2360 τοῦ
1700 2305 1904 2375 Κυρίου

322 2397 538 2467 ἰωμένη
561 2397 702 2449 Ἀντὶ
749 2396 863 2450 τοῦθ
924 2396 1062 2450 Οὔτε
1110 2399 1175 2450 σὺ
1208 2397 1417 2451 ἐκείνου
1452 2396 1752 2461 δεσπόζεις,
1781 2394 1905 2448 οὔτε

321 2490 531 2552 ἐκεῖνος
560 2489 672 2542 σοῦ⁹
703 2489 797 2543 ἕνα
818 2487 928 2559 γὰρ
955 2491 1155 2552 πάντες
1185 2488 1384 2560 ἔχομεν
1409 2489 1632 2560 Κύριον.

394 2579 460 2636 θ’.
497 2583 603 2646 Είς
646 2579 819 2634 τοῦτο
855 2581 967 2650 γὰρ
1025 2582 1287 2650 Χριστὸς
1331 2581 1430 2635 καί
1485 2581 1766 2645 ἀπέθανε,
1803 2583 1905 2636 και

317 2667 570 2736 ἀνέστη,
593 2671 690 2724 καὶ
719 2668 1029 2739 ἀνέζησεν,
1050 2672 1150 2725 ἵνα
1171 2671 1272 2726 καὶ
1296 2669 1525 2740 νεκρῶν
1547 2673 1646 2725 καὶ
1673 2670 1905 2733 ζώντων

318 2763 634 2831 κυριεύσῃ.
680 2763 918 2828 Ἐκεῖνός
968 2765 1114 2818 ἐστιν
1171 2766 1200 2816 ὁ
1258 2765 1476 2818 πάντων
1527 2767 1834 2838 Δεσπότης,
1875 2768 1905 2819 ὁ

316 2855 447 2918 δοὺς
471 2855 664 2909 ἑαυτὸν
684 2855 826 2926 ὑπὲρ
847 2855 1004 2927 ἡμῶν
1033 2855 1112 2926 τῷ
1136 2855 1372 2926 θανάτῳ,
1404 2859 1432 2909 ὁ
1462 2857 1772 2932 καταλύσας
1808 2859 1902 2912 τοῦ

319 2945 558 3000 θανάτου
593 2949 654 2998 τὸ
683 2946 904 3016 κράτος,
943 2946 1036 2998 καὶ
1067 2947 1233 2998 πᾶσιν
1270 2947 1404 3015 ἡμῖν
1434 2947 1904 3017 ἐπαγγειλάμενος

315 3037 419 3110 τὴν
470 3039 786 3092 ἀνάστασιν.
825 3037 983 3107 Αὐτῷ
1019 3038 1197 3092 τοίνυν
1248 3037 1609 3107 ὑποκείμεθα,
1663 3040 1739 3104 ὡς
1772 3054 1906 3109 παρ’

219 3145 246 3208 .“
318 3129 490 3184 αὑτοῦ
522 3129 806 3200 δεξάμενοι
833 3129 932 3202 τὴν
963 3127 1130 3201 ζωήν.

397 3224 449 3271 ι’.
475 3218 558 3271 Σὺ
584 3218 653 3270 δὲ
692 3217 750 3271 τί
779 3219 1003 3286 κρίνεις
1030 3217 1139 3272 τὸν
1168 3217 1438 3288 ἀδελφόν
1465 3233 1622 3284 σου;
1650 3219 1742 3291 Τῷ
1775 3221 1907 3274 ἰου-

317 3306 460 3376 δαίῳ
485 3304 660 3359 ταῦτα
682 3304 898 3372 λέγειη.
916 3305 1145 3370 Πάντες
1166 3307 1273 3375 γὰρ
1293 3308 1799 3375 παραστησόμεθα
1827 3307 1908 3373 τῷ

314 3393 549 3461 βήματι
587 3392 693 3446 τοῦ
732 3393 1014 3461 Χριστοῦ.
1053 3389 1189 3447 Εἶτα
1230 3394 1326 3448 καὶ
1379 3394 1590 3464 βεϐαιοί
1627 3395 1718 3448 τὸν
1750 3394 1906 3462 λόγον

327 3485 579 3555 Γραφικῇ
618 3483 912 3558 μαρτυρίᾳ.

393 3569 732 3638 Γέγραπται
755 3570 884 3641 γάρ·
915 3571 1052 3641 (ια’.)
1085 3572 1176 3624 Ζῶ
1214 3570 1325 3640 γὰρ
1358 3571 1401 3604 ¹³
1421 3563 1558 3640 ἐγῶ,
1585 3572 1750 3641 λέγει
1791 3574 1905 3627 Κύ-

319 3679 469 3729 ριος,
488 3663 576 3716 ὅτι
595 3662 724 3732 ἐμοὶ
751 3662 974 3732 κάμψει
1007 3661 1130 3718 πᾶν
1150 3665 1318 3733 γόνυ,
1335 3663 1434 3718 καὶ
1455 3662 1626 3719 πᾶσα
1652 3662 1907 3734 γλῶσσα

319 3755 832 3826 ἐξομολογήσεται
880 3754 962 3822 τῷ
1002 3754 1142 3821 Θεῷ.
1194 3755 1434 3820 Ἐκεῖνος
1483 3757 1640 3828 ἡμῶν
1687 3758 1902 3830 κριτὴς,

324 3849 533 3926 ἐκεῖνος
567 3848 726 3920 ἡμῶν
751 3848 1032 3918 δικαστὴς,
1061 3845 1255 3919 ἐκείνῳ
1276 3847 1355 3919 τῷ
1380 3848 1586 3919 βήματι
1617 3851 1904 3921 παραστῆ-

323 3958 412 3994 ναι
437 3944 586 4012 ἡμᾶς
617 3942 850 4012 ἀνάγκη.
896 3943 964 3995 Ἦ
1013 3942 1196 4013 μέντοι
1247 3943 1562 4013 προφητικὴ
1619 3944 1903 4015 μαρτυρία

320 4036 425 4106 τῆς
468 4035 562 4090 τοῦ
605 4035 947 4104 Μονογενοῦς
981 4035 1232 4107 θεότητος
1260 4018 1501 4090 διδάσκει
1529 4035 1592 4089 τὸ
1622 4035 1777 4106 ὕψος.
1820 4038 1906 4090 Ei-

328 4115 530 4200 ρηκὼς
558 4129 667 4199 γὰρ
700 4128 787 4182 διὰ
834 4127 928 4182 τοῦ
955 4129 1240 4198 Προφήτου
1270 4143 1285 4158 ο
1342 4147 1360 4178 ι
1407 4127 1549 4196 Ἐγὼ
1577 4127 1710 4191 Θεὸς
1766 4145 1901 4200 προ-

331 4219 575 4284 αιώνιος,
599 4221 689 4274 καὶ
723 4220 835 4289 ἐγὼ
857 4220 989 4284 Θεὸς
1010 4220 1246 4291 πρῶτος,
1263 4220 1360 4272 καὶ
1388 4220 1501 4288 ἐγὼ
1537 4219 1674 4290 μετά
1706 4221 1899 4281 ταῦτα.

326 4307 432 4360 καὶ
445 4309 522 4370 εἰς
534 4309 600 4360 τὰ
613 4311 948 4381 ἐπερχόμενα
965 4309 1076 4378 ἐγώ
1092 4311 1226 4379 εἰμι’
1253 4309 1366 4363 καίο
1389 4327 1407 4360 ι
1422 4308 1776 4381 Ἐμπροσθέν
1799 4327 1902 4382 μου

323 4401 432 4452 οὐκ
459 4399 672 4467 ἐγένετο
698 4401 856 4465 ἄλλος
884 4401 1036 4464 Θεὸς,
1066 4402 1158 4455 καὶ
1185 4401 1300 4470 μετ’
1336 4401 1436 4470 ἐμὲ
1469 4402 1568 4454 οὐκ
1601 4401 1774 4466 ἔσται,
1809 4402 1903 4454 καὶ

322 4492 468 4564 πλὴν
491 4493 624 4563 ἐμοῦ
640 4495 741 4547 οὐκ
761 4493 876 4547 ἔστι
892 4509 908 4525 ·
933 4511 950 4544 ι
970 4491 1064 4545 καί
1095 4491 1447 4554 «Δίκαιοςκαὶ
1472 4491 1654 4562 σωτὴρ
1667 4493 1766 4546 οὐκ
1789 4491 1905 4546 ἐστι

322 4583 502 4655 παρὲξ
533 4584 689 4652 ὲμοῦο
711 4604 730 4636 ι
760 4585 880 4637 τότε
908 4585 1174 4654 ἐπήγαγεο
1205 4600 1224 4634 ι
1255 4579 1390 4635 Κατ’
1421 4582 1659 4652 ἐμαυτοῦ
1690 4581 1902 4653 ὤμοσα,

320 4671 472 4740 λέγει
503 4673 724 4745 Κύριος,
762 4675 844 4726 ὅτι
874 4674 998 4743 ἐμοὶ
1043 4672 1251 4742 κάμψει
1284 4673 1390 4726 πᾶν
1432 4672 1581 4739 γόνυ,
1616 4671 1708 4725 καὶ
1735 4657 1903 4726 ’πᾶσα

322 4764 543 4832 γλῶσσα
575 4767 1031 4837 ἐξομολογήσεται
1063 4764 1138 4834 τῷ
1165 4764 1303 4834 Θεῷ.
1331 4784 1350 4813 ι
1393 4764 1532 4817 Ἀλλ’
1560 4764 1651 4816 ἐπὶ
1679 4762 1746 4817 τὰ
1779 4780 1902 4816 συν-

321 4853 428 4924 εχῆ
459 4855 554 4923 τῆς
583 4855 879 4926 ἑρμηνείας
913 4852 1238 4925 βαδίσωμεν.
1697 4842 1702 4847 ’

397 4945 484 5015 ιβ’.
520 4949 659 5016 Ἄρα
696 4943 810 5002 οὖν
841 4947 1097 5012 ἕκαστος
1125 4944 1294 5014 ἡμῶν
1313 4945 1445 5013 περὶ
1467 4944 1686 4998 ἑαυτοῦ
1713 4947 1900 5015 λόγον

320 5035 504 5092 δώσει
533 5037 614 5102 τῷ
651 5038 794 5104 Θεῷ.
835 5039 1054 5107 Ἐπειδὴ
1089 5037 1150 5089 τὸ
1177 5035 1503 5090 Δεσποτικὸν
1535 5035 1796 5102 ὑπέδειξε·
1816 5037 1896 5090 δι-

1937 4320 2062 4401 Det
2108 4311 2164 4392 in
2212 4311 2460 4364 futurum
2511 4327 2612 4382 ego
2643 4323 2848 4376 suma;

2008 385 2241 439 suetudo
2273 384 2326 437 in
2362 383 2686 438 hodiernum
2721 397 2896 452 usque
2923 382 3067 437 diem
3090 385 3291 438 mansit
3319 385 3372 439 in
3401 383 3586 441 Eccle-

2006 475 2106 530 siis
2142 495 2154 530 :
2185 482 2238 529 ct
2271 476 2358 531 hic
2384 475 2606 545 quidem
2640 474 3036 528 abstinentiam
3087 473 3461 544 amplectitur,
3496 476 3588 532 ille

2010 582 2138 622 vero
2168 565 2428 623 omnibus
2449 566 2752 622 esculentis
2777 565 2988 636 absque
3014 566 3281 636 scrupulo
3305 567 3546 622 vescitur
3571 588 3583 620 :

2005 669 2062 716 et
2121 675 2302 730 neque
2362 658 2453 713 hic
2513 657 2667 712 illum
2724 658 2960 728 judicat,
3017 674 3197 728 neque
3227 659 3318 719 ille
3352 661 3584 714 alterum

2007 753 2356 824 reprehendit
2398 772 2410 807 :
2447 753 2541 807 sed
2585 752 2701 822 lege
2747 753 3061 806 concordia!
3093 753 3380 822 conspicui
3434 761 3584 808 sunt.

2079 845 2246 900 Vsus.
2291 845 2343 898 6.
2388 843 2492 910 Qui
2541 844 2682 912 sapit
2722 842 2882 905 diem,
2941 841 3171 896 Domino
3212 845 3372 912 sapit,
3409 854 3460 898 et
3497 846 3590 914 qui

2006 954 2109 992 non
2141 937 2279 1004 sapit
2314 936 2474 1000 diem,
2517 934 2739 988 Domino
2779 951 2881 987 non
2917 935 3094 1001 sapit;
3138 942 3187 987 et
3223 935 3314 1004 qui
3354 935 3586 987 mandu-

2006 1036 2114 1089 ραι,
2149 1024 2370 1078 Domino
2415 1021 2702 1076 vianducat
2733 1037 2750 1075 :
2785 1021 2990 1092 gratias
3025 1019 3165 1074 enim
3204 1021 3315 1091 agit
3349 1019 3456 1074 Deo
3478 1063 3494 1086 ,
3535 1036 3586 1079 et

2006 1117 2095 1184 qui
2113 1131 2218 1168 non
2236 1113 2546 1176 manducet,
2573 1113 2796 1166 Domino
2830 1129 2933 1166 non
2961 1110 3275 1176 manducat,
3307 1121 3357 1166 et
3377 1113 3587 1182 gratias

2007 1207 2116 1275 agit
2179 1205 2306 1259 Deo.
2356 1203 2863 1259 Condescendendo
2917 1203 3036 1257 hinc
3097 1202 3266 1267 dicit,
3326 1202 3589 1260 Ecclesiae

2009 1295 2364 1349 concordiam
2391 1309 2724 1364 procurans.
2755 1293 2942 1358 Novit,
2977 1295 3175 1363 inquit,
3197 1295 3584 1351 universorum

2009 1385 2157 1441 Deus
2181 1400 2370 1439 eorum
2394 1385 2491 1453 qui
2519 1383 2814 1438 comedunt
2845 1392 2900 1438 el.
2926 1399 3117 1438 eorum
3157 1386 3250 1454 qui
3291 1401 3398 1440 non
3423 1379 3581 1442 com-

2010 1479 2184 1536 edunt
2220 1479 2563 1548 prepositum
2604 1495 2616 1531 :
2651 1492 2753 1531 nec
2820 1477 2999 1531 solum
3038 1476 3276 1535 iactum
3331 1482 3594 1543 attendit,

2011 1572 2112 1630 sed
2143 1573 2311 1627 etiam
2351 1570 2480 1626 facti
2515 1571 2808 1627 consilium
2841 1571 3146 1626 examinat.

2086 1746 2254 1802 Vens.
2291 1745 2421 1809 7,8.
2463 1744 2627 1799 Nemo
2694 1745 2836 1799 enim
2870 1755 3110 1799 nostrum
3172 1746 3276 1799 sibi
3333 1746 3492 1808 vivit,
3544 1754 3593 1796 et

2013 1855 2163 1894 nemo
2189 1847 2430 1892 nostrum
2459 1837 2564 1892 sibi
2590 1838 2837 1892 moritur.
2865 1837 2985 1893 Sive
3025 1839 3164 1892 enim
3211 1838 3452 1905 vivimus,
3489 1837 3594 1891 Dc-

2012 1933 2154 1986 mino
2183 1931 2401 1986 vivimus
2425 1949 2443 1985 :
2477 1933 2582 1986 sive
2608 1932 2887 1994 morimur,
2911 1931 3136 1985 Domino
3160 1932 3439 1986 morimur.
3474 1929 3594 1986 Sive

2010 2040 2134 2094 ergo
2183 2025 2430 2088 vivimus,
2465 2025 2572 2078 sive
2627 2023 2906 2087 morimur,
2951 2023 3164 2077 Domini
3235 2039 3441 2078 sumus.
3470 2023 3591 2078 Non

2013 2132 2209 2172 sumus
2261 2117 2317 2171 in
2370 2126 2556 2172 nostra
2590 2124 2898 2186 potestate,
2946 2115 3128 2186 pretio
3172 2117 3338 2186 empti
3374 2131 3588 2174 sumus.

2015 2207 2081 2262 Et
2133 2208 2381 2264 viventes
2435 2223 2566 2279 ergo
2621 2207 2842 2263 Domini
2895 2223 3120 2270 sumus,
3182 2215 3237 2262 ct
3289 2209 3592 2265 morientes

2016 2299 2233 2355 Domini
2287 2315 2504 2357 sumus.
2541 2298 2710 2366 Quasi
2753 2298 2907 2354 dicat
2942 2318 2954 2352 :
2985 2297 3096 2354 Nec
3125 2307 3182 2352 tu
3221 2299 3368 2355 illius
3399 2315 3460 2357 es
3497 2300 3594 2354 do-

1982 2395 2219 2470 .minus,
2253 2407 2356 2448 nec
2398 2393 2490 2448 ille
2519 2391 2623 2447 tui.
2667 2390 2945 2448 Habemus
2999 2391 3146 2447 enim
3198 2406 3390 2449 omnes
3422 2409 3593 2450 unum

2015 2487 2331 2541 Dominum.

2084 2574 2251 2630 Vens.
2282 2576 2337 2632 9.
2371 2575 2436 2628 In
2469 2575 2565 2629 hoc
2611 2575 2758 2629 enim
2806 2574 3054 2629 Christus
3112 2583 3350 2630 mortuus
3391 2585 3492 2645 est,
3541 2585 3594 2634 et

2013 2667 2324 2729 resurrexit,
2351 2677 2400 2720 et
2438 2668 2650 2732 revixit,
2681 2677 2740 2720 ut
2788 2677 2838 2721 et
2887 2679 3217 2721 mortuorum
3268 2679 3318 2722 et
3359 2670 3593 2724 vivorum

2012 2757 2332 2812 dominetur.
2365 2757 2459 2812 Ille
2492 2767 2576 2812 est
2621 2757 2870 2812 omnium
2925 2757 3210 2821 Dominus,
3261 2760 3356 2830 qui
3406 2776 3466 2816 se
3494 2775 3594 2830 pro

2013 2848 2177 2904 nobis
2207 2849 2369 2902 morti
2404 2847 2654 2912 tradidit,
2683 2847 2777 2919 qui
2801 2850 2994 2902 mortis
3018 2848 3320 2916 potentiam
3339 2850 3357 2868 ⁶
3389 2849 3596 2906 dissol-

2014 2941 2116 3003 vit,
2145 2949 2200 2996 et
2253 2941 2412 2995 nobis
2441 2940 2704 2994 omnibus
2755 2941 3222 2996 resurrectionem
3258 2949 3343 2996 est
3377 2943 3595 3013 pollici-

2018 3038 2129 3084 tus.
2185 3030 2264 3084 llli
2319 3046 2453 3102 ergo
2495 3031 2730 3102 subjecti
2761 3047 2978 3097 sumus,
3013 3042 3072 3087 ut
3096 3032 3192 3102 qui
3222 3033 3388 3088 vitam
3421 3035 3490 3090 ab
3527 3051 3595 3092 eo

2017 3124 2414 3192 acceperimus.

2089 3211 2251 3266 Vens.
2285 3213 2368 3267 10.
2401 3211 2444 3266 T
2447 3228 2481 3265 ιι
2519 3222 2696 3267 autem
2726 3212 2854 3282 quid
2877 3213 3096 3283 judicas
3135 3213 3359 3284 fratrem
3401 3219 3594 3273 tuum.’

2018 3303 2174 3376 143
2219 3302 2410 3359 Iudaeo
2438 3303 2554 3360 haec
2583 3305 2743 3360 dicit.
2777 3306 2970 3360 Omnes
3007 3307 3147 3362 enim
3171 3307 3431 3363 stabimus
3467 3319 3593 3362 ante

2015 3397 2252 3450 tribunal
2311 3394 2534 3452 Christi.
2603 3396 2808 3452 Deinde
2873 3397 3021 3468 quod
3096 3398 3237 3452 dixit
3297 3398 3594 3453 conﬁrmat

2015 3487 2318 3559 Scripturae
2353 3489 2693 3544 testimonio.
3337 3559 3340 3561 Α

2082 3577 2350 3648 Scriptum
2383 3587 2461 3634 est
2496 3579 2636 3633 enim
2676 3595 2693 3632 :
2733 3577 2926 3649 (Vsus.
2965 3580 3080 3650 Η.)
3120 3580 3249 3636 Vivo
3291 3582 3428 3636 enim
3474 3600 3592 3654 ego,

2010 3670 2138 3724 dicit
2173 3671 2457 3735 Dominus,
2493 3672 2745 3740 quoniam
2775 3673 2904 3726 mihi
2938 3673 3186 3742 [lectetur
3229 3690 3382 3730 omne
3434 3692 3589 3747 genu,

2008 3770 2059 3814 et
2089 3759 2260 3832 omnis
2292 3759 2476 3830 lingua
2535 3761 2871 3828 conﬁtebitur
2924 3761 3056 3818 Deo.
3101 3763 3198 3818 Ille
3265 3774 3348 3820 est
3404 3773 3593 3822 noster

2003 3852 2195 3922 judex,
2228 3851 2318 3908 ille
2351 3851 2417 3907 de
2443 3853 2602 3909 nobis
2632 3854 2958 3909 sententiam
2983 3854 3144 3920 feret,
3178 3873 3280 3914 nos
3305 3866 3433 3915 ante
3458 3859 3589 3914 illud

2009 3945 2251 4002 tribunal
2282 3945 2449 4000 statui
2474 3961 2698 4003 necesse
2727 3955 2836 4004 est.
2878 3947 3268 4018 Pr0pheticum
3313 3966 3479 4020 porro
3510 3959 3592 4006 te-

2009 4037 2332 4092 stimonium
2372 4035 2652 4108 Unigeniti
2681 4038 2983 4093 divinitatis
3015 4039 3364 4094 altitudinem
3404 4040 3588 4094 docet.

2005 4127 2142 4183 Cum
2193 4129 2340 4182 enim
2401 4127 2631 4184 dixisset
2692 4144 2788 4197 per
2822 4129 3144 4198 praphctam
3189 4148 3202 4183 :
3237 4149 3254 4180 ι
3296 4129 3406 4199 Ego
3445 4129 3590 4188 Deus

2007 4228 2136 4273 ante
2171 4219 2396 4283 saecula,
2438 4228 2494 4273 et
2525 4235 2628 4290 ego
2667 4218 2813 4274 Deus
2859 4220 3101 4287 primus,
3143 4228 3197 4273 et
3235 4234 3336 4289 ego
3375 4228 3586 4291 postea,

2898 4329 2917 4362 ι
2955 4319 3056 4365 et:
3090 4329 3110 4360 ι
3158 4311 3301 4366 Ante
3352 4327 3440 4367 me
3479 4327 3586 4367 non

2009 4403 2112 4458 fuit
2151 4403 2292 4459 alius
2348 4404 2512 4468 Deus,
2555 4412 2608 4458 et
2641 4411 2764 4472 post
2813 4418 2899 4456 me
2935 4417 3054 4456 non-
3091 4403 3231 4468 erit,
3292 4411 3348 4459 et
3387 4416 3589 4476 praeter

2007 4511 2094 4552 me
2140 4512 2253 4551 non
2303 4495 2433 4551 estb
2463 4513 2477 4562 ;
2515 4515 2533 4548 ι
2561 4505 2647 4552 et:
2677 4510 2712 4547 ·‹
2747 4491 2944 4549 Justus
2977 4502 3032 4551 et
3061 4507 3312 4552 servator
3339 4514 3450 4554 non
3503 4507 3589 4554 est

2003 4596 2204 4657 praeter
2255 4603 2342 4642 me
2365 4598 2412 4652 c;
2447 4605 2465 4638 ι
2514 4596 2648 4642 tunc
2681 4587 2972 4658 subjunxit
3002 4604 3016 4640 :
3075 4607 3093 4640 ι
3131 4587 3236 4644 Per
3268 4606 3354 4646 me
3378 4591 3588 4662 juravi,

2003 4677 2141 4731 dicit
2192 4675 2478 4742 Dominus,
2525 4678 2671 4746 quod
2736 4678 2869 4732 mihi
2923 4677 3174 4734 ﬂectetur
3209 4696 3372 4737 omne
3417 4697 3585 4752 genu,

2009 4775 2064 4822 et
2101 4767 2281 4822 omnis
2325 4767 2512 4839 lingua
2561 4769 2918 4826 confitebitur
2965 4769 3141 4826 Deod.
3175 4791 3192 4822 ι
3227 4770 3333 4827 Sed
3395 4773 3462 4828 ad
3503 4788 3588 4829 se-

2011 4857 2296 4928 quentium
2341 4858 2840 4929 interpretationem
2869 4877 3180 4931 pergamus.

2079 4946 2247 5005 Vsus.
2301 4948 2388 5002 1‘2.
2440 4946 2630 5020 Itaque
2697 4953 3052 5021 unusquisque
3099 4961 3339 5006 nostrum
3394 4969 3488 5021 pro
3533 4970 3588 5009 se

2009 5043 2269 5096 rationem
2324 5033 2663 5098 reddet'Deo.
2719 5042 2992 5109 Quoniam
3041 5041 3394 5101 Dominicum
3433 5046 3586 5117 judi-

395 5232 423 5260 ι
467 5220 570 5277 lsa.
608 5221 815 5288 xuv,6.
895 5221 923 5262 ιι
965 5221 1069 5276 lsa.
1105 5234 1235 5274 mn
1261 5261 1274 5285 ,
1311 5219 1400 5276 η.
1478 5231 1502 5263 ο
1541 5220 1644 5275 lsa.
1684 5181 1772 5287 tv,
1810 5219 1900 5273 2-1.
1978 5217 2003 5256 ιι
2048 5217 2182 5273 ibid.
2219 5217 2308 5272 25.

1538 5374 1777 5431 VARIA‘Z
1817 5371 2226 5428 LECTIONES.

393 5485 648 5569 τῷν
668 5488 1000 5541 ἐδεσμάτων.
1077 5489 1117 5518 ¹¹
1155 5489 1198 5540 Λ
1228 5491 1564 5556 κατακρίνει.
1670 5490 1714 5523 ⁸³
1736 5490 1779 5540 Δ
1813 5487 1946 5557 πρὸς
1981 5455 2072 5540 τὸν
2105 5483 2460 5548 Ἰουδαΐζοντα
2493 5487 2906 5569 ἀποτεινόμενος
2952 5491 3130 5546 ταῦτα
3164 5495 3335 5564 λέγει.
3418 5494 3461 5528 ⁸³
3481 5495 3588 5566 γάρ

323 5555 530 5611 omittit
558 5558 617 5612 Β.

604 5655 847 5722 ΡΑϊιιυι
862 5701 876 5716 .
920 5655 1037 5717 Gn.
1083 5654 1362 5716 LXXXII.

3146 5640 3180 5700 7
