4074 6164
365 275 372 280 .
413 225 515 287 Ἃθῖ
1391 225 1874 286 TIIEODORETI
1909 225 2242 285 EPYSCOPI
2279 226 2646 286 CYRENSIS
3544 227 3653 293 208

416 341 584 391 tlinne
609 347 783 392 autem
813 337 949 406 quod
977 353 1094 389 .non
1123 346 1199 390 est
1232 352 1293 389 ea:
1317 339 1440 406 fide,
1467 349 1736 406 peccatum
1758 348 1853 392 est.
1881 339 1971 403 Qui

2085 336 2215 390 Πᾶν
2240 337 2307 389 δὲ
2329 338 2359 389 ὃ
2389 339 2498 390 οὐκ
2532 339 2598 389 ἐκ
2634 337 2911 400 πίστεως,
2943 333 3197 402 ἁμαρτία
3220 333 3411 387 ἐστίν.
3449 329 3518 386 ’0
3550 339 3657 406 γὰρ

413 431 557 484 cuitu
582 429 777 488 credit,
797 429 916 483 sine
942 428 1147 482 damno
1191 430 1433 484 vescitur
1466 448 1478 484 :
1513 431 1608 500 qui
1641 441 1822 486 autem
1857 445 1971 484 cum

2090 427 2380 490 πιστεύων,
2416 426 2669 490 ἀϐλαϐῶς
2713 425 3119 497 μεταλαμϐάνει
3153 441 3166 454 ⁸
3204 427 3232 478 ό
3261 424 3318 478 δὲ
3348 424 3488 495 μετά
3514 443 3660 492 τινος

391 524 592 591 \aliqua
626 519 1389 591 distinctione(dubitatione)
1425 524 1690 584 vescitur,
1738 521 1842 577 fert
1885 522 1981 575 ad-

411 628 600 667 versus
626 613 866 683 seipsum
908 612 1260 666 sententiam.
1291 612 1359 667 Et
1388 613 1616 678 docens,
1641 630 1698 669 se
1729 629 1848 684 qua:
1876 612 1984 668 Deo

410 715 561 774 grata
592 706 700 759 sint
736 704 1050 767 decernere,
1101 719 1301 774 magno
1339 705 1523 760 studio
1571 721 1668 776 pro
1694 706 1829 776 ipsis
1855 721 1981 758 ora-

381 792 384 796 ί
409 797 615 850 tionem
638 795 815 849 oﬂ'ert.
853 794 916 848 Ei
939 804 1110 850 autem
1129 798 1218 868 qui
1241 806 1407 865 potest
1437 813 1523 851 vos
1549 798 1883 866 confirmare.
1919 797 1983 851 Et

406 888 531 957 quis
548 897 630 943 est
653 888 846 942 modus
869 890 884 907 ¹
907 889 1266 943 conﬁrmandi
1287 889 1785 962 i147Secundum
1822 908 1976 944 evan-

404 979 599 1050 gelium
634 995 826 1032 meum.
860 978 998 1045 Quid
1047 988 1230 1034 autem
1277 981 1652 1051 evangelizat?
1683 980 1748 1034 Et
1788 983 1980 1048 prwdi-

406 1065 664 1118 cationem
691 1062 821 1118 Jesu
851 1063 1072 1120 Christi.
1104 1065 1168 1118 Et
1199 1065 1404 1122 docens
1435 1069 1815 1139 antiquitatem
1847 1085 1982 1138 pra:-

405 1155 721 1220 dicationis,
749 1155 919 1221 addit,
973 1157 1258 1211 secundum
1312 1159 1674 1213 reuelationem
1719 1163 1977 1229 mysterii.

404 1247 522 1301 Non
559 1262 708 1302 nunc
741 1248 884 1302 enim
921 1247 1122 1302 factum
1175 1257 1280 1316 est,
1341 1250 1436 1305 sed
1474 1267 1621 1305 nunc
1672 1255 1976 1310 revelatum

405 1346 511 1402 est,
541 1338 685 1408 quod
718 1340 950 1394 celatum
987 1340 1164 1394 fuerat
1198 1342 1538 1410 mysterium.
1579 1342 1692 1398 Hoc
1729 1345 1877 1400 enim
1923 1346 1976 1399 in

405 1430 770 1499 sequentibus
809 1432 886 1482 ait
913 1448 926 1483 :
965 1429 1301 1494 Temporibus
1327 1433 1534 1486 quernis
1566 1433 1744 1488 celari.
1773 1433 1980 1491 Deinde

402 1515 867 1592 subjungitetiam
927 1529 1095 1577 testcs
1148 1523 1585 1593 praedicationis.
1619 1525 1776 1582 Nunc
1802 1538 1977 1584 autem

402 1610 733 1680 manifestali
757 1626 848 1680 per
875 1609 1184 1680 Scripturas
1208 1611 1542 1681 propheticus
1568 1613 1857 1668 secundum
1887 1632 1976 1668 or-

393 1679 719 1758 dinationem
899 1679 1031 1768 Qua:
1051 1703 1192 1757 enim
1211 1679 1322 1773 per
1347 1705 1977 1774 pr0phetasadumbrate
2011 1679 2050 1734 Β

401 1795 672 1863 praedixit,
709 1809 770 1848 ea
807 1809 954 1848 nunc
998 1793 1366 1850 manifestavit
1395 1798 1719 1851 saeculorum
1759 1794 1972 1868 OpiTex.

385 1885 464 1940 Et
483 1887 606 1956 quis
647 1901 812 1956 porro
844 1891 928 1941 est
981 1884 1199 1941 fructus
1243 1887 1691 1956 praedicationis?
1741 1889 1824 1942 Ad
1852 1889 1972 1944 obe-

395 1979 646 2034 diendum
677 1979 820 2047 fidei.
887 1983 1106 2048 Oportet
1159 1979 1304 2034 enim
1339 1981 1462 2038 illos
1487 1983 1578 2051 qui
1626 1983 1878 2044 audiunt,
1907 1984 1975 2039 iis

399 2085 522 2138 quae
578 2069 837 2122 dicuntur
894 2069 1138 2125 credere.
1185 2070 1417 2137 Quinam
1488 2089 1616 2127 vero
1685 2085 1815 2130 sunt
1872 2075 2022 2144 hi‘l_

403 2160 656 2216 Omnibus
685 2147 924 2231 gentibus
958 2162 1264 2232 signi/icui.
1297 2163 1372 2218 Ita
1407 2173 1490 2221 cst
1525 2165 1968 2235 intelligendum:

400 2251 714 2306 Secundum
773 2253 1116 2323 evangelium
1185 2270 1362 2308 meum
1417 2266 1473 2312 et
1531 2257 1970 2327 praedicationem

389 2337 525 2395 Jesu
564 2341 798 2406 Christi,
849 2343 1108 2399 omnibus
1159 2345 1422 2413 gentibus
1478 2346 1795 2417 signiticati.
1858 2346 1973 2402 Soli

396 2434 622 2503 sapienti
647 2432 752 2487 Deo
777 2448 869 2502 per
899 2433 1085 2489 Iesum
1131 2434 1426 2501 Christum,
1464 2439 1549 2491 cui
1578 2438 1753 2507 gloria
1791 2439 1844 2493 in
1873 2455 1973 2493 sa:-

396 2524 539 2580 cula.
570 2525 756 2579 Amen.
789 2525 924 2579 Cum
953 2527 1289 2581 ostendisset
1315 2528 1739 2596 dispensationis
1766 2536 1972 2599 myste-

398 2617 540 2670 rium
575 2615 642 2669 ab
670 2615 831 2669 initio
886 2616 1108 2686 quidem
1150 2601 1281 2671 olim
1341 2617 1742 2688 dispensatum,
1775 2619 1973 2674 deinde

395 2721 497 2777 pcr
540 2706 836 2776 prophetas
893 2707 1236 2777 praedictum,
1282 2717 1468 2780 postea
1509 2721 1689 2766 autem
1741 2726 1840 2782 per
1883 2727 1972 2767 res

396 2799 547 2868 ipsas
582 2796 1013 2862 manifestatum,
1035 2799 1143 2855 'Dei
1167 2802 1494 2870 sapientiam
1527 2801 1880 2865 collaudavit,
1915 2811 1971 2858 et

393 2905 556 2961 quam
580 2905 677 2960 par
704 2897 787 2944 cst
815 2891 1002 2959 gloria:
1025 2891 1387 2948 redditionem
1406 2893 1679 2950 exhibuit.
1710 2894 1769 2948 Si
1787 2905 1968 2950 autem

2085 517 2412 590 διακρίσεως
2451 519 2665 582 ὲσθίων,
2715 517 2834 571 καθ’
2865 517 3053 570 ἑαυτοῦ
3081 517 3180 589 τὴν
3203 518 3382 588 ψῆφον
3412 520 3658 590 ἐκφέρει.

2087 611 2199 666 Καὶ
2249 611 2514 665 διδάσκων
2540 611 2614 674 ὡς
2644 611 2948 682 ἀρέσκοντα
2976 609 3052 679 τῷ
3082 609 3202 679 Θεῷ
3236 609 3534 686 νομοθετεῖ,
3575 612 3663 664 εύ-

2085 703 2185 774 χὴν
2234 705 2373 775 ὑπὲρ
2419 704 2599 757 αὐτῶν
2632 702 2923 756 σπουδαίαν
2956 702 3274 772 προσφέρει.
3317 700 3401 766 Τῷ
3451 701 3520 755 δὲ
3557 700 3663 756 δυ-

2083 794 2319 864 ναμένῳ
2367 792 2523 863 ὑμᾶς
2573 791 2870 860 στηρίξαι.
2932 793 3038 844 Καὶ
3098 791 3182 854 τίς
3235 793 3261 844 ὁ
3306 793 3507 860 τρόπος
3559 793 3661 862 τῆς

2085 885 2459 954 βεδαιώσεωςς
2495 885 2655 939 Κατὰ
2687 883 2752 936 τὸ
2780 884 3138 952 εὐαγγέλιόν
3162 899 3302 951 μου.
3323 883 3388 935 Τί
3420 884 3475 937 δὲ
3499 884 3662 950 εὐαγ-

2083 978 2328 1046 γελίζει;
2382 977 2491 1032 Καὶ
2538 975 2605 1029 τὸ
2654 975 2929 1045 κήρυγμα
2970 973 3174 1042 Ἰησοῦ
3230 975 3523 1042 Χριστοῦ.
3550 976 3659 1028 Καὶ

2081 1070 2347 1123 διδάσκων
2371 1067 2469 1138 τὴν
2499 1067 2592 1121 τοῦ
2633 1067 2989 1136 κηρύγματος
3036 1065 3395 1136 ἀρχαιότητα,
3427 1067 3620 1133 ἐπάγει
3641 1083 3653 1094 ·

2084 1159 2246 1214 Κατὰ
2292 1159 2686 1226 ἀποκάλυψιν
2714 1157 3076 1226 μυστηρίου,
3112 1156 3188 1209 Ού
3241 1157 3351 1226 γὰρ
3381 1157 3476 1209 νῦν
3532 1158 3657 1226 ἐγέ-

2083 1267 2219 1313 νετο,
2259 1251 2392 1303 ἀλλὰ
2432 1249 2525 1302 νῦν
2552 1247 2913 1318 ἀπεκαλύφθη
2955 1247 3015 1300 τὸ
3051 1248 3411 1318 σεσιγημένον
3451 1253 3658 1318 μυστή-

2086 1358 2218 1412 ριον.
2252 1341 2422 1394 Τοῦτο
2475 1340 2583 1411 γὰρ
2625 1341 2685 1392 ὲν
2735 1341 2846 1401 τοῖς
2885 1337 3013 1407 ἑξῆς
3045 1353 3214 1408 φησι·
3251 1339 3498 1404 Χρόνοις
3522 1339 3658 1389 αἰω-

2081 1433 2234 1496 νίοις
2285 1431 2712 1502 σεσιγημένου.
2775 1425 2906 1483 Εἶτα
2975 1429 3170 1496 ἐπάγει
3230 1429 3325 1481 καὶ
3377 1428 3503 1490 τοὺς
3559 1427 3656 1480 τοῦ

2081 1524 2433 1596 κηρύγματος
2476 1523 2781 1596 μάρτυρας.
2809 1521 3257 1589 Φανερωθέντος
3294 1519 3362 1571 δὲ
3404 1519 3521 1572 νῦν
3556 1519 3656 1572 διά

2079 1633 2144 1670 τε
2169 1615 2425 1685 Γραφῶν
2464 1613 2846 1684 προφητικῶν
2879 1613 3006 1666 κατ’
3029 1610 3323 1680 ἐπιταγὴν
3363 1609 3471 1664 τοῦ
3515 1613 3654 1663 alio.

2079 1708 2213 1761 νίου
2247 1704 2416 1762 Θεοῦ.
2439 1708 2504 1758 "A
2531 1706 2640 1776 γὰρ
2675 1703 2762 1757 διὰ
2793 1703 2899 1756 τῶν
2930 1700 3223 1772 προφητῶν
3259 1700 3655 1769 συνεσκιασμέ-

2078 1817 2183 1862 νως
2237 1798 2640 1870 προηγόρευσε.
2694 1795 2867 1849 ταῦτα
2917 1795 3010 1849 νῦν
3065 1794 3410 1864 ἐφανέρωσεν
3462 1795 3490 1846 ό
3542 1795 3654 1846 τῶν

2078 1888 2288 1942 αἰώνων
2338 1887 2698 1959 Δημιουργός.
2759 1887 2867 1940 Καὶ
2930 1885 3014 1949 τίς
3065 1884 3159 1938 τοῦ
3214 1885 3570 1956 κηρύγματος
3624 1887 3654 1938 ὀ

2077 1981 2320 2050 καρπός;
2353 1983 2454 2047 Εἰς
2479 1979 2761 2047 ὑπακοὴν
2790 1980 3073 2044 πίστεως.
3099 1978 3238 2041 Τοὺς
3268 1977 3378 2048 γάρ
3427 1976 3653 2030 ἀκούον-

2075 2092 2171 2138 τας
2211 2072 2476 2143 προσήκει
2509 2069 2797 2122 πιστεῦσαι
2839 2071 2952 2132 τοῖς
2998 2067 3332 2137 λεγομένοις.
3388 2066 3544 2125 Τίνες
3594 2065 3652 2120 δὲ

2075 2157 2259 2228 abaci;
2301 2164 2398 2228 Εἰς
2447 2161 2642 2216 πάντα
2693 2161 2764 2215 τὰ
2809 2160 2954 2227 ἔθνη
3007 2159 3464 2230 γνωρισθέντος.
3494 2158 3652 2212 Οὕτω

2075 2254 2312 2324 νοητέον·
2346 2253 2502 2306 Κατά
2533 2251 2592 2305 τὸ
2639 2251 2953 2319 εὐαγγέλιόν
3007 2266 3107 2320 μου
3126 2289 3140 2314 ,
3169 2251 3264 2303 καὶ
3295 2249 3357 2302 τὸ
3391 2252 3650 2320 κήρυγμα

2088 2344 2261 2415 Ἰησοῦ
2305 2342 2563 2416 Χριστοῦ,
2609 2344 2689 2405 εἰς
2742 2342 2917 2395 πάντα
2960 2342 3029 2394 τά
3062 2341 3190 2411 ἔθνη
3231 2341 3647 2412 γνωρισθέντος.

2073 2438 2250 2504 Μόνῳ
2277 2434 2447 2505 σοφῷ
2497 2432 2618 2500 Θεῷ
2663 2433 2761 2488 διὰ
2793 2431 2994 2502 Ἰησοῦ
3019 2433 3298 2500 Χριστοῦ,
3335 2428 3384 2500 ᾧ
3424 2433 3462 2500 ἠ
3498 2434 3650 2491 δόξα

2073 2530 2161 2592 είς
2190 2526 2330 2591 τοὺς
2361 2525 2601 2590 αἰῶνας.
2650 2523 2856 2593 Ἀμήν.
2903 2522 3090 2586 Δείξας
3121 2522 3182 2575 τὸ
3210 2522 3309 2592 τῆς
3337 2523 3647 2591 οἰκονομίας

2078 2621 2393 2691 μυστήριον,
2433 2617 2641 2673 ἀνωθεν
2675 2616 2774 2686 μὲν
2808 2615 3358 2685 προῳκονομημένον,
3388 2609 3508 2667 εἶτα
3559 2614 3650 2666 διὰ

2072 2712 2182 2768 τῶν
2212 2710 2505 2782 προφητῶν
2558 2707 2974 2780 προειρημένον,
3013 2706 3152 2778 μετά
3178 2706 3235 2760 δὲ
3264 2705 3436 2760 ταῦτα
3484 2724 3649 2775 φανε⁴

2077 2805 2168 2875 ρδν
2225 2803 2314 2858 διὰ
2381 2801 2724 2873 πραγμάτων
2767 2800 3157 2870 γεγενημένον,
3221 2799 3314 2852 τοῦ
3369 2799 3505 2852 Θεοῦ
3552 2802 3649 2867 τὴν

2074 2894 2264 2964 σοφίαν
2302 2892 2600 2963 ἐθαύμασε,
2627 2891 2720 2943 καὶ
2752 2891 2849 2962 τὴν
2875 2891 3189 2962 πρέπουσαν
3220 2890 3528 2958 δοξολογίαν
3555 2893 3649 2944 dv-

346 2983 348 2986 ’
393 2981 637 3038 dixerint
682 2983 946 3048 haeretici,
976 2983 1120 3052 quod
1160 2983 1316 3038 solus
1345 2983 1488 3040 Deus
1539 2985 1759 3055 sapiens
1783 2986 1967 3040 nomi-

2075 2985 2334 3056 ἐπεμψεν.
2367 2985 2430 3037 El
2473 2983 2529 3035 δὲ
2556 2983 2758 3036 εἴποιεν
2787 2983 2836 3033 οἱ
2870 2980 3159 3050 αἱρετικοὶ,
3187 2981 3269 3034 ὅτι
3295 2980 3458 3051 μόνος
3487 2984 3650 3049 σοφῖς

397 3083 577 3136 netur,
608 3073 784 3128 seicnt
843 3073 991 3142 quod
1045 3073 1305 3129 Christus
1341 3073 1604 3131 Dominus
1633 3091 1742 3130 non
1784 3077 1961 3131 solum

395 3166 637 3232 sapiens,
669 3164 764 3219 sed
793 3166 958 3219 etiam
991 3165 1263 3236 sapientia
1301 3174 1543 3221 vocetur.
1578 3167 1736 3233 Quod
1774 3168 1820 3222 si
1863 3169 1965 3224 hac

394 3255 658 3324 sapientis
703 3256 1069 3326 appellatione
1124 3254 1326 3312 Filium
1412 3257 1630 3328 privare
1685 3274 1744 3314 se
1800 3275 1964 3329 posse

393 3347 735 3415 existimant,
759 3348 934 3418 ipsum
959 3347 1123 3408 etiam
1151 3349 1511 3406 immortalem
1531 3365 1639 3405 non
1667 3351 1960 3421 appellent.

396 3437 541 3492 Idem
572 3439 716 3494 enim
779 3440 1076 3509 Apostolus
1130 3441 1199 3496 de
1255 3440 1365 3497 Deo
1399 3441 1535 3496 dicit
1565 3457 1578 3494 :
1615 3459 1634 3493 ι
1674 3441 1777 3508 Qui
1811 3443 1964 3497 solus

395 3530 556 3585 habet
613 3531 1076 3587 immortalitatem
1111 3534 1158 3585 8.
1194 3551 1212 3584 ι
1279 3531 1384 3586 Sed
1433 3547 1534 3587 nos
1594 3532 1719 3588 illos
1772 3533 1964 3602 nugari

394 3624 660 3690 sinentes,
689 3624 977 3694 sequentia
1028 3639 1443 3694 persequamur.
1483 3623 1621 3680 Cum
1660 3626 1847 3696 itaque
1880 3627 1964 3681 di-

395 3716 554 3769 vinus
578 3715 874 3784 Apostolus
908 3715 1021 3771 haec
1056 3716 1217 3788 148
1245 3733 1341 3786 pro
1369 3719 1477 3774 illis
1503 3727 1761 3788 precatus
1792 3730 1961 3787 esset,

392 3803 547 3859 allert
575 3804 1034 3872 exhortationem,
1061 3821 1155 3861 eos
1205 3807 1298 3877 qui
1331 3823 1394 3862 ex
1425 3807 1678 3879 gentibus
1709 3809 1962 3864 credide-

392 3905 516 3951 rant
544 3896 705 3952 laude
764 3913 1122 3968 prosequens,
1157 3906 1212 3954 et
1242 3899 1446 3955 validos
1497 3899 1792 3954 nominans
1835 3917 1963 3970 pro-

393 3997 512 4058 pter
549 3988 727 4043 fidem.

1033 4101 1184 4164 CAP.
1224 4103 1337 4159 XV.

461 4189 623 4246 Vens.
645 4190 756 4244 l-Q.
782 4191 1032 4247 Debemus
1059 4203 1232 4248 autent
1263 4212 1356 4250 nos
1387 4197 1648 4265 ﬁrmiores
1689 4197 1963 4252 imbecilli-

389 4291 522 4337 tates
581 4283 912 4351 inﬁrmorum
971 4285 1246 4348 sustinere,
1293 4295 1343 4339 et
1392 4302 1497 4339 non
1531 4280 1678 4340 nobis
1735 4288 1959 4355 placere.

2073 3083 2102 3134 ό
2127 3080 2258 3142 θεὸς
2293 3081 2336 3112 ⁸⁷
2368 3075 2716 3146 ὀνομάζεται,
2749 3075 3172 3144 μανθανέτωσαν
3210 3076 3293 3128 ὅτι
3318 3076 3346 3127 ὁ
3373 3076 3647 3146 Δεσπότης

2073 3170 2307 3243 Χριστὸς
2337 3170 2397 3223 οὐ
2456 3169 2616 3240 μόνον
2662 3167 2843 3238 σοφὸς,
2884 3166 3020 3220 ἀλλά
3072 3168 3164 3220 καὶ
3194 3168 3351 3238 σοφία
3383 3169 3643 3222 καλεῖται.

2074 3262 2136 3316 El
2168 3263 2224 3316 δὲ
2273 3261 2475 3332 ταύτης
2505 3261 2550 3292 ’⁸
2581 3260 2858 3330 νομίζουσι
2892 3259 2994 3330 τῆς
3034 3259 3129 3313 τοῦ
3175 3261 3340 3330 σοφοῦ
3375 3278 3648 3332 προσηγο-

2077 3355 2208 3426 ρίας·
2237 3355 2562 3426 ἀποστερεῖν
2624 3354 2714 3406 τὸν
2767 3352 2914 3414 Υῑδν,
2968 3353 3102 3423 μηδὲ
3155 3353 3424 3408 ἀθάνατον
3484 3358 3646 3408 αὐτὸν

2073 3443 2429 3498 καλείτωσαν.
2477 3443 2536 3496 '0
2581 3443 2688 3513 γάρ
2737 3441 2897 3505 αὐτὸς
2941 3442 3258 3505 Ἀπόστολος
3285 3444 3329 3474 ²⁹
3375 3445 3502 3514 περὶ
3550 3444 3644 3496 τοῦ

2071 3534 2205 3590 Θεοῦ
2258 3550 2455 3605 φησιν’
2495 3552 2512 3584 ι
2553 3533 2614 3585 '0
2644 3534 2802 3604 μόνος
2868 3534 3005 3604 ἔχων
3047 3534 3367 3588 ἀθανασίαν.
3418 3553 3436 3586 ι
3485 3535 3646 3589 ’Λλλά

2070 3627 2292 3690 τούτους
2339 3625 2727 3690 καταλιπόντες
2755 3626 2962 3697 ληρεῖν,
3013 3625 3110 3696 τῆς
3143 3625 3464 3689 ἀκολουθίας
3509 3627 3646 3696 ὲχῶο

2073 3719 2234 3790 μεθα.
2268 3717 2451 3772 Ταῦτα
2481 3716 2589 3788 γὰρ
2622 3718 2803 3781 αὐτοῖς
2834 3718 3202 3788 ἐπευξάμενος
3225 3719 3253 3770 ὁ
3292 3717 3432 3780 θεῖος
3486 3718 3643 3770 Ἀπό-

2073 3812 2282 3876 στολος,
2339 3809 2642 3883 προσφέρει
2697 3811 3038 3880 παραίνεσιν,
3075 3811 3354 3882 εὐφημίαν
3404 3812 3644 3880 ὑφαίνων

2069 3908 2180 3970 τοῖς
2234 3903 2293 3970 ἐξ
2349 3902 2537 3966 ὲθνῶν,
2593 3901 2686 3954 καὶ
2737 3902 2996 3966 δυνατοὺς
3059 3903 3342 3972 ὀνομάζων
3394 3903 3483 3957 διὰ
3546 3903 3647 3973 τὴν

2072 3998 2270 4050 πίστιν.

2105 4173 2108 4177 _
2649 4108 2896 4162 ΚΕΦΑΛ.
2933 4107 3030 4161 ιε’.

2142 4209 2210 4265 α’,
2241 4201 2306 4272 β’.
2357 4199 2698 4272 Ὀφείλομεν
2725 4200 2792 4252 δὲ
2818 4200 2985 4270 ἡμεῖς
3015 4203 3068 4254 οΙ
3097 4199 3340 4256 δυνατοὶ
3372 4203 3443 4256 τὰ
3468 4202 3644 4256 ἀσθε-

2072 4270 2307 4362 νήματα
2338 4270 2479 4344 τῶν.
2510 4289 2824 4346 ἀδυνάτων
2861 4290 3206 4356 βαστάζειν,
3257 4291 3355 4344 καὶ
3387 4292 3472 4360 μὴ
3507 4292 3641 4346 ἐαυ-

387 4373 757 4445 Unusquisque
782 4385 1006 4428 vestrum
1029 4377 1270 4444 proximo
1307 4393 1402 4431 suo
1428 4380 1638 4447 placeat
1677 4380 1731 4432 in
1767 4380 1956 4433 bonum

2075 4356 2194 4449 roic
2257 4381 2556 4448 ἀρέσκειν.
2631 4381 2932 4447 Ἕκαστος
3002 4380 3170 4450 ὑμῶν
3231 4380 3311 4446 τῷ
3375 4356 3642 4452 πλησίον
3704 4439 3710 4444 ,

385 4465 456 4519 ad
484 4469 911 4536 wdi/icatiouem.
943 4467 1071 4524 Scio
1095 4469 1242 4538 quod
1275 4469 1490 4524 validus
1515 4471 1614 4533 sis,
1647 4480 1700 4524 ct
1729 4480 1782 4524 te
1823 4471 1958 4525 fides

387 4567 662 4628 potentem
695 4559 1014 4615 reddiderit.
1049 4560 1156 4615 Sed
1188 4561 1380 4616 hortor
1407 4568 1459 4616 te
1494 4570 1551 4614 ut
1592 4561 1812 4616 inlirmo
1840 4579 1956 4617 ma-

383 4665 514 4702 num
547 4650 811 4719 praebeas,
837 4657 1017 4705 etnon
1039 4653 1164 4704 tua‘
1187 4652 1364 4706 solum
1398 4666 1636 4722 quaeras,
1669 4651 1761 4707 sed
1791 4653 1956 4708 etiam

382 4739 616 4806 proximi
678 4741 965 4794 utilitatem
1045 4756 1333 4810 procures.
1391 4741 1508 4796 Non
1575 4743 1713 4798 dixit
1772 4752 1956 4800 autem

383 4830 731 4899 simpliciter.
763 4835 1004 4900 proximo
1032 4835 1263 4902 placere,
1292 4839 1409 4901 sed,
1448 4837 1502 4889 in
1521 4836 1739 4901 bonum,
1773 4845 1850 4899 et,
1885 4837 1955 4888 ad

380 4919 802 4989 aediﬁcationem.
830 4924 1050 4979 Placere
1081 4926 1226 4979 enim
1257 4934 1436 4995 potest
1465 4927 1590 4996 quis
1619 4926 1672 4979 in
1695 4926 1954 4979 damnum

381 5027 539 5064 suum
573 5021 625 5065 et
649 5014 903 5080 proximi.
941 5015 1146 5071 Deinde
1181 5017 1491 5086 exemplum
1531 5034 1540 5067 :

449 5232 614 5289 Vsus.
644 5233 696 5287 5.
725 5233 930 5287 Etenim
947 5233 1188 5289 Christus
1208 5252 1310 5289 non
1338 5236 1678 5305 sibiplaeuit,
1701 5241 1787 5288 sed
1814 5235 1953 5286 sicut

378 5327 630 5393 scriptum
659 5334 735 5378 est
764 5341 780 5378 :
821 5323 1148 5394 Improperia
1180 5328 1649 5396 impmperanlium
1683 5326 1779 5380 tibi
1810 5327 1946 5378 ceci-

448 5443 474 5480 ε
517 5440 533 5492 l
572 5438 714 5492 Tim.
749 5453 799 5491 τι
830 5479 844 5501 ,
883 5438 970 5492 16.

1187 5597 1230 5630 ’⁸
1256 5599 1294 5648 Α
1327 5597 1520 5664 ταύτῃ

435 5601 477 5631 ³⁷
504 5600 542 5649 Α
583 5599 729 5654 addit
764 5600 852 5650 καὶ
888 5602 1083 5666 tario.

2067 4475 2370 4544 ἀρεσκέτω
2409 4475 2496 4539 εἰς
2534 4472 2600 4526 τὸ
2643 4472 2869 4541 ἀγαθὸν
2905 4472 3056 4540 πρὸς
3105 4472 3446 4542 οἰκοδομήν.
3510 4470 3644 4528 Οἶδα

2065 4568 2140 4632 ὡς
2191 4566 2452 4637 ἔρρωσαι,
2509 4565 2604 4618 καὶ
2660 4563 2882 4617 δυνατόν
2920 4550 2979 4615 σε
3030 4562 3286 4634 ἠπίστις
3341 4563 3637 4632 ἀπέφηνεν.

2078 4658 2236 4711 Ἀλλὰ
2283 4656 2583 4728 παρακαλῶ
2643 4671 2701 4707 σε
2750 4653 2936 4726 ὀρέξαι
2988 4657 3145 4725 χεῖρα
3193 4654 3270 4724 τῷ
3303 4655 3638 4716 ἀσθενοῦντι,

2066 4751 2158 4804 καὶ
2193 4750 2267 4820 μὴ
2305 4751 2373 4802 τά
2431 4750 2605 4800 οἰκεῖα
2651 4747 2786 4816 μόνα
2819 4747 3022 4816 ζητεῖν,
3055 4747 3189 4799 ἀλλά
3228 4748 3321 4799 καὶ
3348 4746 3442 4799 τοῦ
3473 4747 3642 4810 πέλας

2068 4839 2410 4915 μήχανᾶσθαι
2455 4842 2552 4918 τῂν
2581 4839 2869 4907 ὠφέλειαν.
2923 4840 3033 4909 Οὐχ
3079 4839 3264 4901 ἁπλῶς
3309 4840 3364 4892 δὲ
3397 4837 3517 4892 εἷπε
3563 4840 3642 4904 τῷ

2064 4935 2337 5000 πλησίον
2368 4931 2670 4998 ἀρέσκειν,
2690 4929 2824 4995 ἀλλ’,
2853 4931 2940 4994 είς
2963 4929 3029 4981 τὸ
3054 4929 3304 4996 ἀγαθὸν,
3340 4929 3457 4992 καὶ,
3475 4929 3642 4995 πρὸς

2061 5023 2401 5089 οἰκοδομήν.
2457 5021 2614 5073 Ἔστι
2663 5019 2772 5090 γὰρ
2819 5019 3076 5090 ἀρέσκειν
3107 5020 3200 5072 καὶ
3231 5019 3324 5070 ἐπὶ
3354 5019 3501 5089 λύμῃ
3546 5020 3640 5072 καὶ

2060 5113 2258 5168 ἑαυτοῦ
2290 5113 2386 5166 καὶ
2424 5111 2516 5165 τοῦ
2543 5110 2791 5181 πλησίον.
2822 5106 2954 5162 Εἶτα
2984 5110 3044 5162 τὸ
3075 5109 3426 5180 παράδειγμα
3445 5124 3458 5138 ·

2130 5236 2199 5297 γ’.
2235 5226 2344 5282 Kal
2371 5224 2480 5296 γὰρ
2511 5227 2542 5280 ό
2575 5224 2828 5293 Χριστὸς
2854 5225 2966 5292 οὐχ
2989 5221 3181 5287 ἐαυτῷ
3209 5221 3449 5289 ἤρεσεν,
3483 5218 3638 5272 ἀλλὰ

2060 5321 2255 5388 καθὼς
2278 5318 2617 5391 γέγραπται,
2643 5319 2709 5370 Οἱ
2735 5314 3065 5384 ὀνειδισμοὶ
3096 5313 3210 5367 τῶν
3237 5310 3636 5371 ὠνειδιζὶὲντων

1663 5501 1900 5556 VARIE
1945 5455 2345 5584 LECTIONES.

1624 5599 1667 5628 ’τ’
1702 5597 1741 5646 Α
1783 5594 2106 5653 ’Λπόστολος
2142 5586 2311 5652 οὗτος.
