4074 6164
369 380 480 446 209

1201 379 1813 441 INTERPRETATI’O
1853 379 2087 440 EPIST.
2127 380 2235 439 ΑΒ·
2267 377 2449 438 ROM.
2482 379 2638 438 CAP.
2662 377 2783 438 XV.

3529 372 3633 440 213

374 512 444 551 σε
482 489 782 547 ἐπέπεσον
807 490 899 545 ἐπ’
929 491 1051 560 ἐμέ.
1096 493 1265 556 Αὐτὸς
1299 496 1406 564 γὰρ
1433 496 1460 547 6
1488 495 1762 564 Δεσπότης
1793 495 1854 546 ού
1888 494 1950 545 τὸ

2057 479 2250 546 (ιω-ιωιί
2274 508 2430 561 super
2479 507 2578 545 me.
2642 490 2759 560 ipse
2779 487 2922 542 cnim
2955 486 3220 541 Dominus
3251 502 3356 540 non
3385 491 3634 558 qua’shut

373 586 571 638 οἰκεῖον
601 583 887 654 ἐζήτησεν,
918 581 1034 636 ἀλλ’
1061 583 1199 654 ὑπὲρ
1247 587 1344 654 τῆς
1373 585 1647 656 ἡμετέρας
1679 584 1958 656 σωτηρίας

375 677 569 730 ἑαυτὸν
613 674 829 745 θανάτῳ
887 674 1226 746 παρέδωκεν.
1280 676 1573 746 ’Δκούομεν
1628 676 1738 747 γὰρ
1787 676 1952 730 αὐτοῦ

375 769 526 839 παρὰ
551 768 613 822 τὸ
647 766 816 832 πάθος
864 768 1298 839 προσευχομένου
1338 769 1432 823 καὶ
1465 769 1744 838 λέγοντος’
1793 788 1810 820 ι
1842 769 1952 822 Πά-

379 875 497 930 τερ,
533 859 582 910 εί
613 855 858 920 δυνατὸν,
917 857 1230 929 παρελθέτω
1269 858 1330 912 τὸ
1369 859 1628 929 ποτήριον
1672 857 1830 912 τοῦτο
1857 857 1950 912 ἀπ’

377 951 512 1020 ἐμοῦ
531 969 545 982 ο
579 949 717 1020 πλὴν
741 950 838 1018 οὐχ
861 948 937 1013 ὡς
958 947 1068 1017 ἐγὼ
1089 949 1247 1013 θέλω,
1269 949 1382 1002 ἀλλ’
1407 949 1482 1014 ὼς
1517 950 1600 1004 σύ.
1633 971 1650 1002 υ
1701 951 1952 1017 Ἐδὲξατο

373 1045 433 1095 δὲ
466 1041 687 1095 καὶτῶν
730 1040 998 1094 Ἰουδαίων
1020 1040 1120 1104 τὰς
1153 1040 1523 1111 βλασφημίας,
1560 1042 1654 1096 καὶ
1685 1041 1751 1106 ἃς
1782 1030 1951 1098 πάλαί

375 1133 452 1203 τῷ
505 1132 682 1202 Πατρὶ
724 1130 888 1184 αὑτοῦ
934 1132 1255 1203 προεξένουν
1311 1133 1645 1204 παρανόμως
1684 1134 1948 1204 βιοῦντες,

374 1221 598 1285 ταύταις
627 1223 928 1293 ἐχρήσαντο
961 1223 1078 1276 κατ’
1108 1221 1296 1276 αὑτοῦ.
1333 1215 1411 1278 Oi}
1448 1223 1512 1294 δὴ
1543 1223 1702 1295 χάριν
1728 1225 1823 1279 καὶ
1850 1226 1949 1296 τὴν

373 1313 718 1385 προφητικὴν
746 1312 1025 1385 παρέθηκε
1059 1316 1384 1387 μαρτυρίαν.

443 1404 506 1457 δ’.
551 1407 706 1458 Ὅσα
746 1407 856 1475 γὰρ
892 1405 1234 1476 προεγράφη
1259 1406 1325 1470 ³⁰,
1376 1408 1462 1472 είς
1501 1405 1618 1475 τὴν
1656 1406 1952 1477 ἡμετέραν

373 1492 777 1549 διδασκαλίαν
813 1495 1176 1564 προεγράφη,
1223 1495 1323 1548 ἵνα
1352 1494 1452 1549 διὰ
1496 1495 1606 1563 τῆς
1637 1495 1953 1564 ὑπομονῆς

372 1585 468 1639 καὶ
509 1585 618 1654 τῆς
663 1586 1100 1654 παρακλήσεως
1128 1586 1248 1640 τῶν
1284 1585 1544 1656 Γραφῶν
1573 1585 1704 1656 τὴν,
1732 1587 1952 1641 ἐλπίδα

369 1670 617 1740 ἔχωμεν.
656 1673 768 1741 Τῆς
806 1672 1085 1743 ἡμετέρας
1122 1671 1405 1740 ὠφελείας·
1433 1670 1886 1742 προμηθούμενος
1922 1674 1950 1726 ό

369 1763 520 1829 Θεὸς,
558 1766 652 1818 καὶ
687 1764 1035 1819 διδασκαλίαν
1069 1765 1200 1833 ἡμῖν
1242 1763 1520 1833 ἔγγραφον
1560 1764 1944 1834 προσενήνοχε,

369 1858 462 1908 καὶ
485 1857 552 1910 τὰ
580 1855 690 1908 τῶν
718 1855 889 1922 ἁγίων
921 1856 1236 1925 διηγήματα
1271 1857 1558 1925 συγγραφῇ
1599 1853 1942 1925 διετήρησεν.
1977 1840 2020 1894 Β

439 1944 500 2002 ε’.
545 1947 607 1999 '0
637 1946 704 1999 δὲ
733 1946 876 2012 Θεὸς
898 1946 1009 2014 τῆς
1037 1944 1348 2016 ὑπομονῆς
1369 1945 1464 1998 καί
1495 1943 1603 2013 τῆς
1632 1945 1945 2014 παρακλή-

368 2052 524 2102 σεως
547 2034 666 2102 δῴη
699 2034 842 2104 ὑμῖν
862 2037 925 2088 τὸ
943 2035 1089 2090 αὐτὸ
1113 2035 1358 2105 φρονεῖν
1378 2035 1447 2088 ἐν
1471 2035 1766 2102 ἀλλήλοις
1795 2034 1948 2089 κατὰ

383 2126 627 2194 Ἰησοῦν
647 2127 922 2194 Χριστόν.
946 2127 1110 2180 Πάλιν
1122 2127 1367 2197 τῇ,κατὰ
1385 2126 1644 2194 Χριστὸν
1671 2127 1941 2196 Ἰησοῦν,

374 2215 658 2288 προσθήκῃ
695 2211 965 2280 διδάσκει,
1005 2215 1089 2290 ⁴ὡς
1145 2216 1245 2269 οὐκ
1298 2217 1566 2286 ἀορίστως
1613 2217 1796 2280 αὐτοῖς
1848 2217 1948 2288 τὴν

373 2305 628 2375 ὁμόνοιαν
674 2305 930 2373 γενέσθαι
982 2307 1363 2378 προσεύχεται,
1416 2307 1550 2361 ἀλλὰ
1599 2307 1700 2379 τὴν
1747 2309 1948 2382 εὐσεϐῆ

375 2397 688 2467 συμφωνίαν
736 2400 896 2452 αἰτεῖ.
955 2400 1032 2470 Τῇ
1065 2399 1122 2452 δὲ
1171 2401 1360 2474 μνήμῃ
1388 2401 1486 2471 τῆς
1530 2402 1807 2474 ὑπομονῆς
1855 2409 1949 2460 καὶ

369 2486 468 2555 τῆς
499 2484 896 2558 παρακλήσεως
931 2491 1024 2542 καὶ
1067 2489 1157 2544 τὸν
1219 2493 1346 2562 περὶ
1397 2493 1512 2562 τῆς
1547 2495 1766 2565 ἀγάπης
1815 2513 1945 2550 συν-

365 2579 626 2650 εισήγαγε
651 2578 831 2648 λόγον,
859 2581 947 2635 ἴνα
965 2581 1137 2662 ταύτῃ
1168 2583 1530 2655 κοσμούμενοι
1562 2585 1632 2640 τὰ
1652 2587 1754 2656 τοῦ,
1777 2588 1946 2653 πέλας

366 2669 604 2742 φέρωσιν
652 2671 1035 2743 ἐλαττώματα,
1093 2675 1184 2728 καὶ
1209 2675 1296 2730 διὰ
1355 2677 1685 2750 συμϐουλῆς,
1733 2679 1829 2734 καὶ
1857 2681 1946 2735 διὰ

356 2761 790 2832 ’παρακλήσεως,
813 2765 902 2816 ἐπὶ
933 2765 1032 2835 τὴν
1055 2765 1372 2835 τελειότητα
1404 2767 1734 2837 ποδηγῶσιν.

437 2859 512 2916 ς’.
555 2854 680 2908 Ἵνα
710 2855 1090 2926 ὁμοθυμαδὸν
1125 2857 1198 2910 ἐν
1246 2857 1337 2910 ἐνὶ
1365 2860 1622 2926 στόματι
1660 2859 1947 2928 δοξάζητε

364 2944 473 2996 τὸν
507 2944 657 2998 Θεὸν
703 2945 801 2999 καὶ
832 2946 1063 3016 Πατέρα
1103 2948 1211 3002 τοῦ
1256 2951 1480 3018 Κυρίου
1516 2949 1685 3019 ἡμῶν
1743 2951 1946 3017 Ἰησοῦ

364 3033 645 3099 Χριστοῦ.
687 3034 752 3086 Ἣ
760 3033 878 3104 μῶν
903 3035 1035 3089 Θεὸν
1073 3037 1300 3091 ἐκάλεσε
1329 3039 1421 3092 τὸν
1446 3039 1597 3108 Θεὸν,
1627 3037 1720 3092 τοῦ
1747 3039 1804 3091 δὲ
1839 3041 1948 3091 Κυ-

364 3124 482 3194 ρίου
526 3124 702 3194 Ἰησοῦ
732 3125 981 3198 Πατέρα·
1017 3129 1045 3181 6
1077 3119 1186 3199 γὰρ
1218 3129 1434 3183 πάντων
1461 3131 1494 3200 ἡ
1505 3128 1620 3199 μῶν
1662 3129 1815 3195 Θεὸς,
1847 3131 1946 3183 a6-

363 3215 460 3268 τοῦ
500 3217 712 3288 Πατήρ.
1018 3287 1024 3292 _
1206 3237 1210 3240 '

435 3309 499 3372 ζ’.
537 3309 634 3362 Διὸ
664 3309 1206 3378 προσλαμϐάνεσθε
1245 3311 1583 3381 ἀλλήλους,
1621 3314 1815 3381 καθὼς
1844 3313 1946 3368 καί

363 3402 397 3452 ὀ
434 3401 687 3468 Χριστὸς
738 3401 1142 3468 προσελάϐετο
1195 3403 1353 3473 ἡμᾶς
1384 3405 1472 3470 εἰς
1519 3405 1728 3478 δόξαν,
1770 3407 1941 3462 Θεοῦ.

365 3492 474 3544 Καὶ
503 3493 532 3544 6
565 3491 846 3562 Δεσπότης
885 3493 1140 3562 Χριστὸς,
1171 3495 1234 3548 ού
1257 3495 1498 3560 δικαίους
1537 3497 1692 3562 ὄντας
1722 3498 1947 3570 ἠγάπη-

365 3601 480 3650 σεν,
509 3585 624 3640 ἀλλ’
676 3587 1032 3658 ἁμαρτωλοὺς
1081 3588 1260 3642 λαϐὼν
1312 3590 1617 3646 ἐδικαίωσε.
1670 3593 1946 3665 Προσήκει

361 3676 540 3730 τοίνυν
563 3676 658 3732 καὶ
691 3678 850 3748 ὑμᾶς,
879 3679 1066 3752 φέρειν
1093 3679 1202 3733 τῶν
1233 3681 1476 3750 ἀδελφῶν
1503 3683 1604 3754 τὴν
1636 3684 1942 3749 ἀσθένειαν,

363 3770 456 3822 καὶ
482 3771 660 3824 πάντα
687 3770 828 3842 ὑπὲρ
853 3771 950 3842 τῆς
982 3771 1204 3826 ἐκείνων
1235 3773 1722 3844 πραγματεύεσθαι
1767 3794 1948 3848 σωτη-

364 3862 508 3932 ρίας.
559 3864 777 3936 Ἐπειδὴ
815 3865 872 3918 δὲ
901 3866 950 3917 oi
986 3865 1045 3931 ἐξ
1088 3867 1352 3920 Ἰουδαίων
1395 3869 1818 3933 πεπιστευκότες
1851 3871 1946 3925 καὶ

361 3952 458 4005 τοῦ
487 3954 694 4025 Κυρίου
731 3954 832 4026 τὴν
876 3957 1181 4028 περιτομὴν
1231 3957 1644 4029 προεϐάλλοντο,
1695 3959 1946 4030 λέγοντες

364 4045 460 4098 καὶ
512 4047 672 4099 αὑτὸν
702 4046 802 4118 τήν
856 4048 996 4101 κατὰ
1035 4048 1199 4118 νόμον
1245 4049 1600 4103 ἀσπάσασθαι
1643 4051 1940 4118 πολιτείαν,

365 4137 641 4210 προύργου
680 4139 975 4210 νενόμικεν
1025 4141 1054 4193 6
1099 4141 1240 4206 θεῖος
1293 4142 1614 4207 Ἀπόστολος
1669 4145 1764 4198 καὶ
1817 4126 1945 4218 περὶ

367 4231 558 4284 τούτου
587 4231 655 4285 τὰ
685 4233 1029 4304 προσήκοντα
1059 4233 1286 4303 γράψαι,
1317 4234 1411 4286 καί
1446 4249 1611 4305 φησι·

444 4327 512 4392 η’,
557 4322 618 4376 θ’.
659 4323 817 4393 Λέγω
849 4323 918 4377 δὲ
947 4327 1206 4394 Χριστὸν
1249 4325 1492 4392 Ἰησοῦν
1526 4326 1810 4381 διάκονον
1845 4346 1942 4397 γε·

365 4411 654 4482 γενῆσθαι
686 4415 1011 4485 περιτομῆς
1039 4415 1194 4483 ὑπὲρ
1223 4416 1510 4483 ἀληθείας
1549 4419 1717 4485 Θεοῦ,
1760 4422 1849 4484 εἱς
1876 4419 1942 4473 τὸ

2057 586 2203 655 quod
2254 599 2414 640 suum
2470 589 2610 645 erat,
2641 581 2737 636 sed
2795 581 3037 650 seipsqu
3081 595 3180 649 pro
3219 585 3410 634 nostra
3459 579 3636 636 salute

2057 675 2219 728 morti
2245 672 2482 729 tradidit.
2519 671 2787 726 Audimus
2802 671 2948 726 enim
2967 685 3091 724 eum
3121 684 3292 740 prope
3323 670 3634 739 passionem

2054 773 2300 820 orantem
2354 771 2408 820 et
2459 763 2734 818 dicentem
2780 778 2793 815 :
2840 779 2860 813 ι
2906 759 3088 824 Pater,
3122 759 3169 814 si
3229 760 3493 829 possibile
3523 768 3632 818 est.

2055 867 2302 913 transeat
2368 872 2398 910 a
2453 870 2538 910 me
2587 855 2728 910 calix
2778 855 2933 909 iste:
2977 867 3164 906 verum
3204 868 3314 906 non
3363 853 3634 922 sicutego

2054 952 2199 1013 volo,
2233 949 2330 1004 sed
2369 948 2514 1003 sicut
2547 954 2601 1000 tu
2627 948 2676 999 ιι.
2708 965 2726 996 ι
2755 944 3069 999 ,Ιυίιποτιιηι
3100 958 3319 1013 quoque
3345 943 3633 997 maledicta

2053 1041 2336 1105 sustinuit,
2365 1047 2418 1094 et
2451 1052 2573 1108 quae
2599 1037 2732 1092 olim
2759 1037 2814 1090 in
2851 1033 3072 1088 Patrem
3103 1034 3228 1104 ejus
3259 1031 3634 1102 congerebant

2053 1134 2240 1203 inique
2266 1131 2534 1192 viventes,
2583 1127 2778 1183 iisdem
2815 1125 3081 1181 adversus
3135 1128 3314 1194 ipsum
3349 1125 3434 1179 usi
3482 1131 3632 1178 sunt.

2053 1221 2420 1288 Quamobrem
2473 1218 2638 1274 etiam
2707 1217 3084 1287 propheticum
3133 1215 3507 1270 testimonium
3537 1215 3635 1266 ad-

2049 1312 2204 1382 jecit.

2127 1399 2292 1454 Vens.
2321 1401 2374 1454 4.
2406 1398 2738 1468 Qua’cttnque
2769 1397 3115 1464 enimscripta
3140 1405 3282 1461 sunt,
3303 1395 3369 1448 ad
3396 1404 3632 1448 nostram

2053 1493 2355 1546 doctrinam
2383 1492 2582 1558 scripta
2621 1498 2767 1553 sunt,
2800 1498 2854 1540 ut
2873 1503 2969 1554 per
3017 1488 3330 1553 patientiam
3367 1496 3414 1538 et
3442 1503 3632 1539 conso-

2053 1585 2302 1639 lationem
2329 1584 2732 1652 Scripturarum
2761 1596 2902 1650 spent
2933 1579 3238 1633 habeamus.
3263 1576 3403 1632 Deus
3436 1587 3634 1631 nostra!

2054 1676 2276 1731 utilitati
2314 1673 2680 1744 prospiciens,
2717 1679 2772 1727 et
2824 1671 3130 1727 doctrinam
3164 1669 3326 1724 nobis
3368 1668 3631 1738 scriptam

2053 1765 2308 1838 praebuit,
2343 1763 2504 1837 149
2550 1772 2604 1820 et
2634 1771 2950 1819 sanctorum
3013 1762 3362 1817 narrationes
3404 1761 3460 1815 in
3493 1761 3632 1816 scri-

2048 1857 2156 1926 ptis
2186 1857 2557 1912 conservavit.

2119 1945 2284 2003 Vsns.
2319 1945 2370 2000 5.
2402 1944 2538 2000 Deus
2568 1955 2745 1998 autem
2790 1943 3061 2013 patientia:
3090 1954 3137 1997 et
3165 1943 3345 1996 solatii
3370 1940 3454 1996 det
3485 1941 3628 1996 robis

2047 2037 2102 2092 id
2122 2039 2295 2108 ipsum
2321 2052 2507 2106 sapere
2531 2036 2582 2090 in
2603 2036 2916 2089 alterutrum
2947 2034 3231 2089 secundum
3258 2032 3440 2087 Iesum
3471 2033 3629 2088 Chri-

2048 2141 2213 2187 stum.
2247 2130 2465 2187 Rursus
2529 2130 2741 2184 addens
2794 2128 3079 2183 secundum
3126 2127 3392 2182 Christum
3417 2125 3624 2191 Iesum,

2047 2220 2292 2276 ostendit
2324 2235 2384 2276 se
2412 2233 2522 2273 non
2559 2219 2842 2272 indeﬁnite
2873 2218 2982 2273 illis
3010 2217 3358 2272 concordiam
3391 2219 3623 2288 precari.

2049 2312 2144 2369 sed
2173 2313 2320 2384 piam
2352 2311 2774 2366 consensionem
2802 2309 3100 2379 postulare.
3132 2307 3251 2364 Una
3289 2318 3468 2364 autem
3498 2323 3623 2364 cum

2047 2406 2326 2477 patientia:
2354 2413 2407 2460 et
2457 2403 2852 2459 consolationis
2887 2401 3162 2457 mentione
3215 2417 3523 2457 sermonem
3559 2400 3627 2457 de

2046 2495 2650 2568 charitate'conjuuxit,
2696 2503 2755 2550 ut
2809 2509 2873 2551 ea
2921 2494 3102 2550 ornati
3152 2501 3206 2549 et
3249 2493 3481 2564 proximi
3530 2493 3626 2548 de-

2049 2590 2224 2646 fectus
2252 2589 2450 2654 ferant,
2507 2598 2562 2644 et
2593 2589 2830 2646 consilio
2861 2602 2926 2642 ac
2958 2585 3346 2642 exhortatione
3394 2585 3459 2640 σει
3496 2599 3624 2656 per-

2048 2682 2340 2739 fectionem
2376 2682 2672 2738 deducant.

2123 2881 2287 2935 Vsus.
2323 2880 2375 2935 6.
2417 2879 2484 2934 Ut
2508 2879 2783 2934 unanimes
2814 2894 2917 2932 uno
2955 2893 3043 2931 ore
3072 2875 3428 2946 honoriﬁcetis
3465 2875 3626 2930 Deum

2049 2982 2098 3028 et
2130 2973 2348 3026 Patrem
2379 2971 2592 3025 Domini
2651 2971 2817 3024 nostri
2875 2969 3005 3024 Iesu
3051 2965 3272 3024 Christi.
3329 2968 3493 3023 Deum
3530 2984 3628 3024 no-

2051 3071 2225 3118 strum
2253 3062 2547 3132 appellavit
2571 3060 2760 3127 Deum,
2793 3059 3002 3116 Domini
3037 3072 3214 3114 autem
3243 3057 3625 3118 JcsuPatrcm.

1975 3184 2016 3242 ε
2050 3154 2305 3209 Omnium
2333 3154 2476 3208 enim
2515 3161 2763 3207 nostrum
2803 3151 2972 3218 Deus,
3010 3151 3186 3222 ipsius
3215 3158 3298 3207 est
3334 3149 3514 3207 Pater.

2121 3323 2288 3379 Vsus.
2323 3323 2374 3376 7.
2411 3321 2632 3390 Propter
2652 3321 2789 3392 quod
2827 3321 3076 3390 suscipite
3109 3321 3347 3385 invicem,
3407 3321 3543 3373 sicut
3575 3327 3626 3373 et

2033 3413 2294 3468 Christus
2342 3413 2567 3479 suscepit
2618 3426 2706 3464 vos
2769 3411 2825 3462 in
2883 3410 3131 3464 honorent
3189 3409 3304 3463 Dei.
3366 3409 3627 3465 Christus

2049 3523 2267 3577 quoque
2289 3506 2568 3570 Dominus,
2597 3503 3022 3574 haudquaquam
3054 3517 3176 3558 cum
3195 3501 3331 3572 justi
3350 3515 3624 3568 essemus,

2049 3616 2150 3655 nos
2203 3597 2426 3662 amavit,
2459 3595 2556 3652 sed
2627 3607 2891 3665 tanquam
2945 3601 3264 3664 peccatores
3342 3594 3626 3664 accipiens

2045 3690 2387 3762 justilicavit.
2419 3689 2645 3759 Oportet
2675 3689 2859 3759 itaque
2913 3703 3009 3742 vos
3049 3701 3266 3758 quoque
3321 3686 3466 3744 ferre
3497 3683 3624 3742 "fras

2051 3793 2196 3839 trum
2229 3782 2632 3848 iulirmitatcm,
2673 3788 2727 3835 et
2772 3780 2956 3835 omnia
3018 3794 3117 3849 pro
3163 3780 3382 3835 illorum
3449 3782 3626 3836 salute

2050 3875 2249 3931 moliri.
2294 3873 2434 3940 Quia
2487 3880 2691 3940 autem,
2743 3872 2837 3942 qui
2883 3887 2948 3926 ex
3005 3869 3210 3927 Iudaeis
3249 3871 3623 3934 crediderant.

2049 3965 2262 4022 Domini
2290 3964 2765 4022 circumcisionem
2797 3963 3152 4034 objiciebaut,
3175 3964 3416 4018 dicentes
3445 3963 3623 4031 ipsum

2049 4069 2270 4124 quoque
2293 4054 2522 4124 legalem
2552 4051 2771 4108 vivendi
2805 4055 3074 4106 rationem
3128 4054 3437 4120 amplexum
3477 4066 3622 4116 esse,

2047 4158 2230 4211 operas
2289 4144 2529 4211 pretium
2576 4141 2918 4198 existimavit
2964 4140 3186 4194 divinus
3235 4139 3529 4207 Apostolus
3557 4140 3625 4194 de

2049 4236 2154 4288 hoc
2185 4236 2349 4288 etiam
2375 4248 2620 4302 congrua
2645 4232 2912 4294 scribere,
2942 4242 2996 4286 et
3019 4231 3153 4284 dicit
3185 4247 3198 4282 :

2118 4323 2284 4379 Vens.
2307 4325 2360 4388 8,
2385 4325 2437 4378 9.
2457 4325 2584 4378 Dico
2603 4336 2775 4378 autent
2802 4324 3069 4379 Christum
3091 4323 3275 4378 Iesum
3292 4325 3454 4394 fuisse
3471 4327 3627 4378 mini-

2049 4429 2218 4472 strum
2243 4415 2660 4471 circumcisionis
2684 4432 2778 4484 pro
2809 4416 3026 4468 ueritate
3054 4415 3167 4481 Dei,
3203 4415 3271 4468 ad
3301 4417 3624 4485 conﬁrman-

357 4506 688 4572 βεϐαιῶσαι
743 4505 850 4575 τὰς
892 4508 1255 4578 ἐπαγγελίας
1282 4508 1403 4562 τῶν
1434 4511 1728 4577 πατέρων·
1759 4513 1832 4564 τὰ
1872 4511 1940 4563 δὲ

2046 4509 2146 4564 das
2180 4509 2555 4580 promissiones
2609 4517 2822 4576 patrum
2852 4522 2868 4560 :
2899 4519 3074 4577 gentes
3105 4516 3291 4561 autem
3332 4523 3488 4576 super
3518 4509 3625 4561 mi-

358 4596 504 4664 ἕθνη
536 4597 689 4668 ὑπὲρ
712 4598 884 4653 ἐλέου
912 4598 1166 4664 δοξάσαι
1187 4598 1294 4652 τὸν
1319 4600 1488 4654 Θεόν.
1534 4600 1834 4671 ’Υπέσχετο
1861 4601 1940 4672 τῷ

373 4686 626 4758 Ἀϐραάμ
657 4690 686 4741 6
734 4690 842 4742 τῶν
874 4689 1010 4742 ὅλων
1057 4689 1208 4752 Θεὸς,
1243 4689 1302 4743 ὲν
1341 4689 1420 4759 τῷ
1466 4691 1742 4761 σπέρματι
1773 4689 1938 4743 αὑτοῦ

362 4776 676 4850 εὐλογήσειν
709 4781 782 4833 τὰ
807 4779 966 4850 ἔθνη·
999 4779 1218 4847 ἐδέξατο
1235 4780 1292 4834 δὲ
1315 4780 1409 4834 καὶ
1438 4781 1600 4844 αὐτὸς
1621 4781 1649 4834 6
1675 4781 1940 4852 πατριάρ-

361 4888 485 4941 χης,
533 4873 631 4925 καὶ
673 4873 784 4925 πᾶν
822 4872 882 4925 τὸ
936 4872 1142 4925 ἐκείνου
1185 4872 1364 4939 γένος,
1413 4873 1512 4942 τῆς
1547 4873 1849 4945 περιτομῆς
1877 4875 1940 4928 τὸ

363 4966 610 5032 σημεῖον.
647 4964 795 5016 Ἔδει
821 4963 998 5017 τοίνυν
1046 4964 1141 5016 καὶ
1182 4964 1271 5016 τὸν
1301 4965 1512 5018 ἐκείνου
1543 4965 1764 5036 σπέρμα
1797 4966 1960 5026 κατὰ⁴

363 5052 542 5122 σάρκα
585 5052 1150 5124 προσαγορευόμενον,
1190 5053 1285 5106 καὶ
1312 5056 1424 5117 τοῖς
1454 5053 1631 5108 ἔθνεσι
1658 5055 1757 5126 τήν
1785 5056 1939 5109 εὐλο-

367 5141 486 5209 γίαν
533 5143 872 5212 πηγάζοντα,
916 5143 1061 5214 ἔχειν
1092 5143 1154 5196 τὸ
1184 5146 1409 5214 σημεῖον
1447 5148 1546 5216 τῆς
1600 5149 1937 5215 συγγενείας,

361 5231 451 5284 ἵνα
483 5231 667 5303 δειχθῇ
695 5235 880 5301 σαφῶς
920 5235 952 5304 ή
985 5237 1083 5304 τῆς
1127 5235 1278 5298 θείας
1315 5237 1645 5306 ἐπαγγελίας
1687 5240 1937 5310 ἀλήθεια,

362 5323 454 5375 καὶ
484 5325 586 5393 τὴν
613 5325 772 5394 χάριν
814 5326 882 5378 τὰ
908 5325 1033 5396 ἔθνη
1062 5327 1331 5396 δεξάμενα
1362 5328 1577 5401 ὑμνήσῃ
1610 5330 1708 5398 τῆς
1748 5331 1938 5398 φιλαν-

363 5411 610 5479 θρωπίας
647 5414 740 5466 τὸν
799 5415 1052 5490 χορηγόν.
1121 5411 1251 5468 Εἶτα
1317 5417 1619 5486 ι“ραφικαίς
1674 5421 1937 5488 κέχρηται

425 5547 452 5585 ⁸
497 5547 690 5603 Matth.
722 5566 870 5618 xxvt,
939 5551 1026 5605 59.

2046 4602 2334 4656 sericordia
2360 4601 2622 4654 honorare
2673 4599 2861 4654 Deunt.
2903 4598 3190 4656 Pollicitus
3224 4609 3308 4656 est
3335 4601 3627 4656 universo-

2049 4709 2170 4746 rum
2201 4691 2345 4748 Deus
2367 4691 2700 4756 Abrahamo,
2731 4707 2788 4748 se
2818 4708 2914 4762 per
2942 4707 3127 4748 semen
3161 4692 3284 4762 ejus
3305 4691 3624 4748 benedictu-

2049 4799 2168 4836 rum
2202 4781 2456 4854 gentibus
2492 4801 2506 4838 :
2545 4783 2758 4853 accepit
2803 4793 2986 4839 autem
3017 4794 3070 4840 et
3125 4783 3244 4853 ipse
3288 4783 3621 4852 patriarcha,

2045 4884 2102 4928 et
2124 4860 2470 4929 totumillius
2495 4887 2693 4944 genus,
2721 4873 3168 4929 circumcisionis
3199 4870 3625 4942 signum.0por-

2013 4968 2195 5023 ~»tehat
2220 4963 2381 5046 150
2401 4979 2531 5035 ergo
2560 4965 2726 5020 etiam
2749 4963 3016 5033 eum,qui
3043 4977 3227 5018 semen
3260 4961 3408 5014 illius
3425 4975 3623 5015 secun-

2045 5059 2175 5114 dum
2199 5071 2423 5114 carnem
2472 5055 2702 5122 dicitur,
2762 5055 3132 5125 gentibusque
3181 5051 3620 5107 benedictionem
3731 5119 3735 5122 λ

2044 5149 2452 5211 subministrat,
2483 5147 2688 5202 habere
2703 5148 2920 5216 signum
2939 5145 3307 5216 cognationis,
3336 5153 3394 5199 ut
3421 5145 3624 5200 divinat

2045 5235 2433 5309 promissionis
2470 5235 2674 5291 veritas
2715 5241 2905 5302 aperte
2957 5234 3302 5299 ostendatur,
3333 5243 3388 5289 et
3409 5242 3620 5305 gentes,

2043 5346 2164 5399 qua:
2189 5329 2421 5399 gratiam
2453 5334 2838 5396 susceperunt,
2869 5324 3132 5381 laudibus
3160 5327 3438 5384 celebrent
3462 5327 3620 5382 bene

2048 5420 2280 5474 licentiae
2320 5419 2654 5486 largitorem.
2689 5416 2894 5474 Deinde
2924 5419 3096 5474 utitur
3123 5417 3422 5490 Scriptura:
3463 5416 3616 5475 testi«

1683 5667 1911 5722 V'AttlAﬂ
1954 5662 2354 5725 LEtlTIONtzs,

443 5785 484 5816 ³³
525 5786 896 5841 'l'hcodurctus
925 5788 985 5841 ad
1026 5787 1155 5842 Dan.
1195 5805 1251 5853 ll,
1301 5788 1376 5852 ιτ),
1417 5787 1597 5842 6716‘;
1639 5803 1883 5855 apo-.11.,
1925 5803 1976 5841 κ.

2012 5803 2056 5839 τ,
2093 5781 2142 5832 λ.
