4084 6196
394 261 498 325 Θῖἳῖ

1385 259 1976 323 ΕρριΕδιΑετῐείιξ
2007 265 2389 328 HISTORHS
2429 271 2572 331 LIB.
2604 269 2650 330 Ι.

3554 278 3660 344 938

390 380 484 431 καὶ
521 375 919 446 ἁμαρτήματος
955 374 1225 445 ἐπιμιξία.
1261 373 1477 430 Τούτων
1516 375 1660 430 οὕτω
1702 379 1955 449 στοιχούνι

2080 398 2314 437 cernens
2342 385 2720 438 crudelitatem
2744 403 2771 437 a
2796 384 2979 438 divina
3013 387 3250 454 potentia
3279 405 3442 459 opera
3470 404 3658 448 nostra

385 489 516 532 των,
563 468 815 536 ἁσμένως
852 465 1070 536 δέχεσθε
1101 466 1197 536 τὴν
1227 466 1477 536 οὐράνιον
1509 467 1669 537 χάριν
1703 473 1794 522 καὶ
1825 469 1974 522 θείαν

383 562 462 623 ὡς
486 559 702 630 άληθῶς
732 557 966 626 ἐντολήν.
1007 557 1122 610 Πᾶν
1155 557 1262 628 γὰρ
1295 558 1321 610 ὅ
1346 575 1400 610 τι
1429 557 1494 611 ἂν
1526 559 1546 590 ⁵
1579 560 1637 612 ἐν
1663 562 1773 622 τοῖς
1800 560 1974 628 ἁγίοις

385 652 498 705 τῶν
523 651 833 704 ἐπισκόπων
861 647 1155 717 συνεδρίοις
1177 650 1502 718 πράττηται,
1528 649 1684 702 τοῦτο
1718 651 1853 718 πρὸς
1876 651 1972 722 τὴν

2079 472 2442 541 proﬂigata-nt.
2477 475 2691 541 vigente
2738 476 2938 546 ubique
2991 477 3092 531 tide
3149 488 3361 545 nostra,
3414 492 3468 537 et
3528 500 3659 552 pace

2077 573 2242 634 atque
2319 567 2634 619 concordia.
2711 566 2850 622 Deus
2922 584 3016 625 vos
3082 571 3383 629 incolumes
3442 589 3654 638 servet,

2077 656 2387 711 cliarissimi
2416 656 2636 713 fratres.

384 742 536 796 θείαν
567 740 817 811 βούλησιν
847 739 956 808 ἔχει
982 738 1080 808 τὴν
1105 741 1402 809 ἀναφοράν.
1432 741 1522 792 Διὸ
1551 742 1682 792 πᾶσι
1713 744 1824 804 τοῖς
1846 742 2152 813 ἀγαπητοῖς
2183 747 2339 816 ἡμῶν
2360 749 2606 814 ἀδελφοῖς
2635 751 3033 818 ἐμφανίσαντες
3064 755 3130 806 τὰ
3164 761 3649 829 προγεγραμμένα,

388 838 485 909 ἤδη
541 839 634 892 καὶ
695 836 785 889 τὸν
831 835 1228 906 προειρημένον
1290 835 1483 904 λόγον,
1533 838 1628 889 καὶ
1685 838 1784 908 τὴν
1831 843 2206 911 παρατήρησιν
2252 843 2350 907 τῆς
2405 846 2714 917 ἁγιωτάτης
2766 848 2999 918 ἡμέρας,
3051 851 3404 921 ὑποδέχεσθαί
3450 873 3509 908 τε
3561 859 3654 910 καὶ

383 937 683 988 διατάττειν
707 933 978 1002 ὀφείλετε’
1016 931 1103 984 ἵνα
1134 930 1354 985 ἐπειδὰν
1383 932 1518 1003 πρὸς
1547 934 1646 1003 τὴν
1683 927 1849 987 πάλαι
1883 953 1970 1003 μοι
1997 937 2339 1009 ποθουμένην
2374 941 2473 1009 τῆς
2504 943 2774 1012 ὑμετέρας
2796 943 3088 1008 διαθέσεως
3111 945 3230 1014 ὅιέιν
3269 948 3570 1018 ἀφίκωμαι,
3597 952 3653 1002 ἐν

386 1031 484 1101 μιᾷ
514 1031 606 1084 καὶ
634 1032 699 1101 τῇ
731 1029 868 1098 αὐτῇ
909 1026 1092 1098 ἡμέρᾳ
1129 1027 1231 1096 τὴν
1267 1027 1428 1094 ἁγίαν
1461 1026 1579 1096 μεθ’
1614 1027 1766 1096 ὑμῶν
1799 1023 1991 1098 ἑορτὴν
2030 1030 2339 1084 ἐπιτελέσαι
2381 1029 2612 1102 δυνηθῶ,
2671 1035 2764 1088 καὶ
2812 1035 3028 1088 πάντων
3090 1037 3276 1090 ἕνεκεν
3327 1038 3444 1108 μεθ’
3501 1039 3655 1108 ὑμῶν

382 1122 680 1191 εὖδοκήσω,
714 1117 955 1188 συνορῶν
983 1119 1083 1186 τὴν
1112 1115 1422 1186 διαϐολικὴν
1450 1116 1712 1185 ὠμότητα
1740 1115 1846 1168 ὑπὸ
1868 1116 1968 1185 τῆς
2003 1115 2156 1180 θείας
2205 1118 2489 1190 δυνάμεως
2551 1121 2642 1175 διὰ
2701 1123 2810 1176 τῶν
2842 1124 3124 1194 ἡμετέρων
3161 1125 3413 1196 πράξεων
3451 1127 3652 1198 ἀνῃρη-

385 1214 578 1284 μένην,
601 1209 960 1281 ἀκμαζούσης
983 1205 1383 1282 πανταχοῦτῆς
1406 1205 1681 1277 ἡμετέρας
1707 1206 1961 1270 πίστεως,
1993 1207 2086 1258 καὶ
2114 1209 2366 1280 εἰρήνης,
2417 1212 2514 1265 καὶ
2569 1213 2844 1284 ὁμονοίας.
2917 1213 2974 1266 Ὀ
3016 1213 3148 1278 Θεὸς
3204 1215 3349 1286 ὑμᾶς
3393 1216 3648 1286 διαφυλά-

382 1309 526 1376 ξειεν
553 1309 596 1372 ⁸,
633 1305 912 1376 ἀγαπητοὶ
941 1301 1181 1370 ἀδελφοί.

1001 1397 1253 1450 ΚΕΦΔΔ.
1298 1396 1350 1450 Ι’.

383 1493 522 1562 Περὶ
573 1491 714 1570 τῶν·⁸
737 1489 1111 1570 ’σιτηρεσίωγ
1155 1487 1388 1570 ζῶν-’ἐξῇ
1418 1490 1548 1556 ταῖς
1578 1490 1970 1570 ’ξ’κκληοςίᾳις

455 1557 927 1686 ἕορηῖηθέντων,
982 1560 1082 1614 καὶ
1119 1557 1229 1625 τῆς
1272 1557 1471 1646 ἄλλης
1517 1560 1623 1614 τοῦ
1660 1560 1970 1626 ,ϐασιλέως

498 1650 698 1699 perac.

458 1651 492 1686 α
523 1651 622 1686 et:
685 1672 698 1685 .

458 1651 776 1791 Τιάῦτάςμὲν
825 1721 936 1782 τοῖς
964 1719 1370 1790 ἀπολειφθεῖσιν
1414 1719 1716 1775 ἐπέστειλε.
1743 1721 1879 1784 Τοὺς
1911 1717 1969 1774 δὲ

2310 1396 2474 1468 774
2505 1396 2657 1452 CAP.
2717 1397 2784 1454 x.
2817 1397 2918 1471 [Β.
2955 1398 3038 1456 St.
3066 1399 3164 1455 cu.
3201 1401 3262 1456 v.
3308 1403 3434 1476 ιι]

2069 1485 2144 1541 De
2184 1504 2396 1543 annona
2429 1487 2739 1550 ,Ecclesiiv
2753 1491 3035 1613 αμνίὺιὶια,
3064 1502 3114 1545 et
3145 1493 3270 1548 aliis
3317 1495 3650 1564 imperatori;

2747 1570 2928 1613 uirtuti
2968 1577 3050 1613 us.

2747 1570 3050 1615 uirtutibus.

2143 1707 2268 1766 Haec
2303 1711 2471 1782 igitur
2494 1713 2564 1767 ad
2602 1713 2859 1771 absentes
2891 1715 3135 1786 scripsit.
3167 1715 3273 1773 Eos
3310 1733 3438 1774 vero
3461 1723 3552 1792 qui
3583 1725 3648 1778 ad

390 1811 834 1882 συνεληλυθότας,
866 1810 1239 1864 ὀκτωκαίδεκα
1274 1811 1332 1866 δέ
1355 1806 1494 1883 ἦσαν
1524 1813 1618 1866 καὶ
1643 1813 1955 1884 τριακόσιοι,

2073 1803 2370 1858 concilium
2401 1813 2688 1870 venerant,
2714 1822 2966 1871 numero,
3001 1817 3058 1863 ut
3087 1809 3294 1865 dictum
3317 1821 3424 1878 est,
3459 1813 3647 1869 decem

389 1905 608 1966 πολλοῖς
641 1903 740 1967 μὲν
780 1902 1248 1974 ἐφιλοφρονήσατο
1277 1905 1370 1958 καὶ
1409 1904 1588 1973 λόγοις
1619 1905 1712 1958 καὶ
1737 1904 1930 1975 δώροις
1949 1922 1964 1937 ο

391 1994 591 2058 πολλάς
628 1993 684 2047 δὲ
712 1993 967 2056 στιϐάδας
1021 1995 1443 2067 εὐτρεπισθῆναι
1493 1995 1780 2062 κελεύσας,
1822 1996 1967 2050 κατὰ

385 2089 582 2142 ταύτὸν
604 2087 878 2141 εἱστίασεν
909 2087 1176 2152 ἅπαντας,
1198 2090 1321 2152 τοὺς
1351 2091 1450 2160 μὲν
1484 2089 1811 2159 ἀξιωτέρους
1836 2089 1968 2159 ὁμο-

385 2181 695 2252 τραπέζους
746 2179 956 2246 λαϐὼν,
991 2182 1121 2244 τοὺς
1163 2181 1222 2234 δὲ
1263 2181 1458 2244 ἄλλους
1493 2181 1681 2235 διελὼν
1738 2183 1818 2244 είς
1866 2181 1966 2245 τὰς

383 2272 572 2335 ἄλλοις.
600 2271 948 2341 Θεασάμενος
981 2271 1040 2324 δέ
1074 2289 1227 2336 τινας
1259 2275 1386 2336 τοὺς
1411 2272 1622 2337 δεξιοὺς
1652 2273 1965 2344 ὀφθαλμοὺς

385 2361 849 2432 ὲκκεκομμένους,
875 2361 969 2413 καὶ
1004 2360 1191 2431 μαθὼν
1219 2361 1294 2424 ὡς
1319 2362 1380 2414 τὸ
1407 2363 1536 2433 περὶ
1558 2362 1656 2433 τὴν
1683 2363 1963 2416 εὐσέϐειαν

384 2452 598 2522 ἑδραῖον
627 2449 720 2503 τοῦ
743 2450 969 2515 ,πάθους
1003 2450 1220 2517 ἐγένετο
1259 2449 1537 2520 πρόξενον,
1570 2451 1640 2504 τά
1669 2451 1822 2521 χείλη
1851 2453 1964 2515 τοῖς

377 2543 657 2614 τραύμασι
697 2543 1117 2611 προσενήνοχεν,
1149 2541 1398 2594 έλκύσειν
1445 2541 1654 2594 ἐκεῖθεν
1683 2541 1763 2610 τῷ
1803 2544 1962 2613 φιλή-

384 2653 512 2705 ματι
536 2635 556 2667 ⁷
588 2632 686 2704 τὴν
734 2633 987 2700 εὐλογίαν
1019 2632 1313 2686 πιστεύων.
1362 2633 1542 2702 Πέρας
1581 2633 1637 2686 δὲ
1667 2632 1762 2687 τοῦ
1813 2650 1957 2704 συμ-

379 2728 571 2780 ποσίου
611 2724 886 2786 λαϐόντος,
935 2723 1097 2794 ἔτερα
1133 2723 1294 2776 πάλιν
1335 2727 1517 2787 αὐτοῖς
1539 2725 1560 2756 ⁸
1595 2725 1958 2796 προσενήνοχε

377 2803 562 2888 δῶραέ
601 2817 695 2869 καὶ
747 2815 932 2884 μέντοι
983 2816 1076 2866 καὶ
1116 2814 1422 2883 γράμματα
1481 2814 1619 2884 πρὸς
1669 2817 1796 2878 τοὺς
1849 2815 1959 2868 τῶν

377 2908 549 2962 ἐθνῶν
587 2905 1054 2979 προστατεύοντας
1081 2906 1315 2959 δέδωκεν
1349 2906 1635 2976 ἄρχοντας,
1667 2907 1788 2961 καθ’
1824 2909 1957 2962 ἐκάο

377 3017 516 3069 στην
547 2999 702 3052 πόλιν
728 2997 1076 3069 χορηγεῖσθαι
1106 2998 1434 3065 παρεγγυῶν
1458 3000 1613 3061 ταῖς⁹
1642 3000 1727 3052 ἀεὶ
1749 3001 1955 3071 παρθέ-

377 3109 488 3156 νοις
524 3094 617 3145 ml.
638 3092 854 3162 χήραις,
895 3093 1124 3152 καὶτοῖς
1149 3089 1548 3159 άφιερωμένοις
1584 3091 1650 3161 τῇ
1687 3091 1808 3162 θεία
1846 3093 1955 3145 λει-
1983 3125 2024 3182 c

374 3182 605 3252 τουργίᾳ
641 3182 834 3250 ἐτήσια
857 3179 1156 3251 σιτηρέσια,
1184 3180 1462 3250 φιλοτιμίᾳ
1496 3179 1696 3249 μᾶλλον
1724 3181 1756 3251 ἢ
1797 3182 1954 3252 χρείᾳ

374 3274 547 3326 ταῦτα
571 3275 867 3344 μετρήσας.
896 3271 1112 3324 Τούτων
1141 3271 1202 3324 τὸ
1226 3271 1578 3341 τριτημόριον
1613 3272 1776 3344 μέχρι
1799 3273 1892 3325 καί
1910 3274 1952 3303 ¹⁰

372 3368 614 3435 τήμερον
656 3367 996 3436 χορηγεῖται.
1036 3362 1325 3416 Ἶουλιανοῦ
1376 3363 1474 3432 μὲν
1513 3364 1608 3417 τοῦ
1660 3365 1955 3429 δυσσεϐοῦς

379 3458 556 3510 πάντα
588 3456 844 3520 καθάπαξ
872 3455 1228 3525 ἀφελομένου,
1271 3455 1368 3508 τοῦ
1399 3456 1454 3508 δέ
1489 3457 1606 3526 μετ’
1650 3457 1856 3510 ἐκεῖνον
1882 3458 1952 3510 τὰ

375 3547 470 3600 νῦν
521 3545 899 3617 χορηγούμενα
958 3545 1372 3615 παρασχεθῆναι
1435 3547 1892 3616 προστεταχότος⁶
1923 3549 1952 3601 ὁ

375 3640 484 3710 γὰρ
506 3638 662 3708 λιμὸς
700 3636 887 3706 ὀλίγην
917 3637 1088 3689 ἐποίει
1121 3637 1244 3688 τότε
1283 3638 1383 3707 τὴν
1418 3637 1681 3709 εἰσφοράν
1711 3639 1772 3692 ¹¹.
1805 3639 1869 3693 Ei
1893 3639 1950 3692 δὲ

370 3730 466 3782 τοῦ
498 3729 592 3782 νῦν
624 3727 742 3800 [56]
786 3728 1196 3799 χορηγουμένου
1233 3729 1556 3800 τριπλάσιον
1593 3725 1661 3802 ἦν
1693 3729 1756 3783 τὸ
1801 3747 1952 3800 τηνι-

371 3823 546 3876 καῦτα
578 3820 945 3893 παρασχεθέν,
989 3820 1173 3892 ῥᾴδιον
1203 3822 1312 3890 τὴν
1347 3821 1440 3874 τοῦ
1480 3822 1744 3892 βασιλέως
1788 3837 1951 3893 μεγα-

367 3911 628 3982 λοψυχίαν
663 3909 739 3980 τῷ
780 3909 1093 3980 βουλομένῳ
1127 3913 1490 3983 καταμαθεῖν.
1515 3916 1591 3968 Οὐ
1621 3917 1728 3987 μὴν
1758 3917 1799 3947 ¹²
1828 3916 1950 3969 οὐδὲ

365 4007 548 4056 ἐκεῖνο
599 4003 810 4056 δίκαιον
857 4001 1102 4070 ἡγοῦμαι
1157 4003 1490 4074 παραδοῦναι
1539 4009 1685 4077 σιγῇ.
1741 4007 1947 4060 Φιλαπ-

370 4095 666 4164 εχθήμονες
719 4092 829 4162 γὰρ
876 4091 1068 4162 ἄνδρες
1117 4093 1431 4164 ἐγράψαντο
1475 4095 1586 4149 τῶν
1630 4098 1945 4152 ἐπισκόπων

369 4185 546 4250 τινὰς,
589 4183 683 4237 καὶ
711 4181 790 4253 τῷ
846 4182 1053 4255 βασιλεῖ
1093 4184 1189 4246 τάς
1246 4186 1558 4258 ἐγγράφους
1612 4193 1944 4261 κατηγορίας

369 4274 653 4329 ἐπέδοσαν.
704 4273 764 4328 ’0
812 4273 868 4327 δὲ
904 4276 1010 4346 πρὸ
1049 4276 1092 4306 ¹³
1135 4277 1232 4346 τῆς
1280 4279 1652 4350 γεγενημένης
1693 4282 1942 4351 ὁμονοίας

367 4365 572 4430 ταύτας
611 4366 925 4437 δεξάμενος,
955 4363 1073 4421 εἶτα
1109 4368 1310 4439 δεσμὸν
1343 4369 1551 4435 ἐπιθεὶς
1595 4373 1690 4425 καὶ
1732 4373 1808 4444 τῷ
1850 4375 1942 4428 δα-

2069 1899 2123 1943 et
2155 1897 2282 1943 octo
2309 1905 2478 1960 supra
2510 1901 2809 1960 trecentos,
2837 1895 3020 1953 verbis
3048 1913 3114 1952 ac
3169 1901 3488 1955 muneribus
3523 1917 3648 1972 per-

2064 1990 2320 2038 amanter
2360 1986 2657 2051 tractavit,
2735 1987 3098 2059 stibadiisque
3156 1993 3407 2062 pluribus
3467 1999 3645 2066 parari

2063 2073 2256 2142 jussis,
2285 2089 2393 2130 una
2428 2073 2686 2132 omnibus
2713 2080 2931 2148 epulum
2963 2081 3134 2147 dedit,
3173 2083 3505 2140 illustriores
3535 2102 3650 2143 sua:

2067 2165 2242 2236 ipsius
2278 2181 2482 2222 mensa:
2510 2167 2799 2235 adhibens,
2828 2171 3115 2227 caterisin
3144 2172 3280 2228 alias
3307 2174 3645 2231 distributis.

2067 2257 2134 2311 Et
2173 2272 2298 2312 cum
2330 2259 2537 2315 videret
2569 2261 2790 2317 dextros
2820 2264 3010 2319 oculos
3034 2264 3362 2334 quibusdam
3390 2268 3643 2336 eﬁossos,

2067 2349 2542 2421 intellexissetque
2573 2351 2698 2407 ﬁdei
2729 2355 3041 2410 constantia
3095 2357 3238 2412 hanc
3285 2359 3411 2414 illos
3434 2361 3642 2415 cladem

2066 2441 2376 2508 pertulisse,
2406 2442 2559 2497 labra
2584 2445 2902 2500 vulneribus
2923 2446 3185 2514 admovit,
3211 2447 3642 2508 benedictionem

2063 2534 2258 2590 osculo
2290 2534 2416 2590 inde
2444 2535 2770 2589 hausturum
2803 2551 2862 2592 se
2886 2537 3189 2594 conlidens.
3238 2539 3468 2598 Peracto
3508 2553 3644 2599 con-'

2064 2626 2227 2692 vivio,
2261 2628 2384 2681 aliis
2435 2642 2629 2683 rursus
2687 2627 2811 2683 illos
2861 2630 3183 2686 muneribus
3238 2631 3504 2690 donavit:
3577 2649 3642 2689 ac

2063 2711 2276 2774 litteras
2297 2721 2460 2774 etiam
2511 2718 2580 2774 ad
2642 2720 3050 2791 provinciarum
3084 2726 3102 2745 ‘
3158 2725 3420 2793 praesides
3469 2726 3640 2794 dedit,

2059 2807 2264 2876 quibus
2297 2809 2610 2879 imperaret,
2652 2818 2713 2864 ut
2748 2825 2847 2880 per
2877 2812 3124 2883 singulas
3151 2814 3315 2870 urbes
3337 2817 3640 2888 virginibus

2059 2916 2124 2955 ac
2145 2901 2348 2966 viduis,
2394 2908 2448 2955 et
2478 2901 2548 2956 iis
2581 2901 2676 2971 qui
2709 2903 2898 2958 divino
2915 2904 3225 2960 ministerio
3254 2916 3414 2962 erant
3445 2923 3638 2965 conse-

2059 2995 2220 3058 crati,
2255 3009 2500 3047 annuum
2547 2993 2882 3050 frumentum
2918 2997 3380 3067 suppeditaretur,
3415 3001 3638 3056 muniﬁ~

2058 3085 2237 3138 centia
2265 3085 2448 3154 potius
2487 3100 2653 3154 quam
2680 3086 3012 3143 necessitate
3034 3103 3147 3144 rem
3185 3093 3435 3148 metiens.
3465 3092 3636 3164 Cujus

2061 3174 2432 3228 beneﬁcentia:
2463 3190 2590 3245 pars
2615 3177 2774 3230 tertia
2799 3177 2865 3231 ad
2895 3178 3041 3233 hunc
3063 3195 3242 3250 usque
3267 3183 3408 3238 diem
3429 3185 3636 3238 submi-

2056 3266 2345 3320 nistratur.
2375 3264 2510 3320 Nam
2543 3283 2668 3321 cum
2699 3267 2900 3337 impius
2931 3267 3186 3326 Julianus
3211 3275 3394 3327 omnia
3417 3277 3634 3344 penitus

2057 3357 2395 3421 abstulisset,
2429 3357 2524 3426 qui
2561 3358 2637 3412 illi
2677 3358 2948 3414 successit
2981 3374 3044 3413 ea
3079 3377 3200 3429 qua:
3227 3380 3372 3418 nunc
3397 3380 3632 3434 erogan—

2055 3455 2146 3502 tur
2168 3451 2397 3518 praeberi
2435 3451 2626 3516 jussit.
2673 3451 2808 3506 Nam
2843 3454 3013 3509 fames
3046 3455 3139 3507 illo
3173 3462 3415 3524 tempore
3449 3457 3628 3510 immi-

2055 3551 2250 3596 nuerat
2311 3542 2616 3598 illationem
2643 3545 3014 3600 tributariam.
3046 3545 3204 3612 Quod
3262 3548 3309 3603 si
3365 3562 3431 3602 eo
3483 3550 3629 3618 quod

2055 3649 2201 3688 nunc
2228 3634 2391 3689 datur
2439 3636 2605 3706 triplo
2654 3638 2831 3706 majus
2881 3646 3000 3694 erat
3031 3641 3176 3709 quod
3207 3655 3237 3693 a
3269 3639 3633 3695 Constantino

2049 3721 2308 3786 dabatur,
2332 3740 2454 3794 quae
2482 3724 2808 3782 fueritillius
2830 3728 3231 3798 magniﬁcentia
3253 3729 3412 3784 facile
3433 3733 3632 3800 poterit

2052 3814 2144 3882 qui
2205 3815 2350 3870 volet
2406 3819 2737 3887 perspicere.
2809 3816 2916 3874 Sed
2980 3835 3156 3889 neque
3205 3821 3352 3878 istud
3413 3823 3631 3878 silentio

2049 3907 2332 3976 praeterire
2362 3907 2444 3962 fas
2473 3918 2624 3976 puto.
2660 3909 3048 3965 Insimularant
3068 3912 3448 3983 episcoporum
3468 3914 3630 3984 775

2051 3998 2264 4069 aliquos
2285 4000 2460 4055 odiosi
2479 4003 2697 4071 quidam
2717 4002 3116 4068 criminatores,
3141 4013 3193 4058 et
3217 4005 3624 4059 accusationum

2050 4098 2263 4156 libellos
2308 4100 2625 4168 imperatori
2678 4100 3013 4156 obtulerant.
3057 4100 3106 4155 Is
3160 4113 3290 4154 vero
3345 4113 3467 4151 cum
3501 4106 3628 4150 ante

2050 4189 2404 4244 constitutam
2427 4188 2779 4244 concordiam
2811 4190 2910 4244 hos
2951 4189 3272 4258 accepisset,
3307 4189 3422 4242 lino
3469 4187 3626 4242 colli-

2047 4289 2249 4351 gatos,
2305 4280 2619 4350 annuloque
2685 4281 3004 4352 obsignatos
3073 4280 3281 4336 servari
3345 4281 3620 4350 praecepit.

2049 4373 2286 4436 Deinde,
2324 4387 2448 4427 cum
2501 4387 2692 4442 pacem
2751 4371 3195 4442 composuisset,
3251 4373 3492 4442 prolatos
3567 4371 3622 4424 in

366 4460 574 4531 κτυλίῳ
655 4461 1076 4532 σημηνάμενος,
1151 4461 1490 4534 φυλαχθῆναι
1581 4465 1934 4537 προσέταξεν.

2055 4464 2282 4520 medium
2320 4478 2502 4518 coram
2535 4463 2794 4518 omnibus
2825 4463 3059 4530 exussit,
3081 4461 3618 4532 datojurejurando,

369 4551 603 4606 Ἔπειτα
645 4550 744 4617 τὴν
792 4549 1064 4622 σύμϐασιν
1107 4553 1505 4624 ἐργασάμενος,
1551 4555 1752 4622 ταύτας
1785 4558 1942 4629 κομί-

365 4661 464 4708 σας
490 4643 534 4674 ⁸⁸
578 4642 866 4713 παρόντων
919 4643 1100 4696 αὐτῶν
1148 4645 1505 4708 κατέκαυσεν,
1549 4644 1939 4720 ὀμωμοκὼςνῆ

366 4735 473 4805 μὴν
527 4733 694 4804 μηδὲν
736 4733 846 4786 τῶν
882 4734 1350 4804 ἐγγεγραμμένων
1380 4738 1421 4768 ¹⁵
1450 4738 1834 4807 ἀνεγνωκέναι.
1865 4742 1938 4792 Οὐ

362 4829 473 4897 γάρ
500 4825 603 4896 ἔφη
629 4827 826 4898 χρῆναι
855 4827 965 4879 τῶν
1003 4827 1192 4896 ἱερέων
1222 4828 1290 4880 τά
1323 4828 1776 4901 πλημμελήματα
1804 4831 1938 4901 δῆλα

360 4917 606 4986 γίνεσθαι
641 4922 751 4982 τοῖς
782 4919 1017 4984 πολλοῖς,
1061 4920 1148 4973 ἵνα
1191 4921 1264 4991 μὴ
1320 4921 1616 4976 σκανδάλου
1666 4923 1938 4993 πρόφασιν

361 5008 614 5064 ἐντεῦθεν
665 5009 919 5073 λαϐόντες
953 5014 1018 5076 ¹⁸,
1069 5013 1236 5076 ἀδεῶς
1292 5015 1666 5084 ἁμαρτάνωσι.
1709 5015 1842 5067 Φασὶ
1875 5015 1930 5067 δὲ

359 5102 522 5155 αὐτὸν
564 5101 659 5154 καὶ
684 5101 802 5154 τόδε
848 5103 1164 5172 προσθεῖναι
1193 5106 1257 5171 ⁸⁷,
1291 5105 1363 5168 ὡς
1406 5107 1451 5158 εἰ
1493 5107 1768 5175 αὐτόπτης
1809 5108 1931 5158 ἐπι-

2041 4556 2175 4610 nihil
2205 4571 2327 4612 esse
2349 4555 2648 4626 quidquam
2674 4554 2892 4610 illorum
2918 4572 2947 4609 α
2983 4571 3042 4611 se
3073 4556 3297 4610 lectum.
3351 4553 3620 4610 Sacerdo-

2041 4657 2155 4701 tum
2191 4647 2390 4718 quippe
2418 4647 2641 4713 delicta,
2672 4657 2729 4702 ut
2765 4647 2967 4714 aiebat,
3004 4648 3204 4719 papulo
3233 4645 3476 4717 pateﬁeri
3507 4659 3618 4702 nan

2037 4739 2258 4802 debent,
2286 4755 2356 4794 ne
2385 4738 2629 4794 scandali
2649 4754 2842 4793 ansam
2871 4740 3164 4810 arripiens,
3193 4738 3258 4794 ad
3280 4737 3617 4808 peccandum

2039 4828 2128 4882 ﬁat
2160 4829 2440 4883 audacior.
2475 4829 2617 4896 Quin
2651 4830 2752 4883 hoc
2783 4831 2946 4884 etiam
2989 4829 3256 4900 adjecisse
3291 4826 3475 4883 ferunt
3501 4870 3516 4894 ,
3559 4843 3619 4882 se

2033 4921 2078 4974 si
2106 4920 2421 4990 episcopum
2454 4922 2660 4976 alienas
2699 4922 2918 4990 nuptias
2956 4921 3249 4975 violantem
3286 4921 3461 4974 oculis
3501 4918 3615 4974 suis

2039 5021 2308 5080 cerneret,
2327 5014 2713 5084 paludamento
2731 5013 2997 5067 nefarium
3018 5011 3230 5066 facinus
3248 5011 3611 5072 obtecturum,

2041 5123 2109 5162 ne
2137 5108 2213 5161 rei
2241 5115 2496 5178 aspectus
2536 5107 2734 5162 damno
2789 5120 3116 5177 quemquam
3169 5103 3423 5158 alliceret.
3476 5101 3612 5154 Cum

1657 5255 1890 5312 νΑιιιΑῑ
1927 5252 2220 5312 LECTION
2227 5257 2328 5312 ES.

434 5372 454 5403 '
481 5371 509 5424 ὅ
529 5385 580 5420 τι
603 5367 646 5438 δ’
672 5368 758 5422 ἄν.
798 5369 965 5424 Basil.
999 5369 1200 5431 ϐιαιο..
1237 5369 1418 5433 Socr.,
1448 5385 1571 5424 cum
1603 5371 1950 5438 sequacibus.
2034 5370 2170 5423 Είτι
2196 5373 2242 5424 δ’
2263 5372 2326 5424 ἄν
2359 5372 2647 5426 Eusebius.
2727 5365 3106 5438 θἰδιαφυλάξει.
3134 5371 3259 5426 Bas.
3287 5371 3459 5427 Graec.
3485 5375 3609 5425 Διαηι

355 5437 829 5511 φυλάξοιΕυειξιὺ..
852 5440 1011 5493 Socr.
1092 5439 1110 5470 '
1140 5438 1216 5506 τῷ
1248 5441 1510 5511 φιλήματι
1549 5437 1702 5494 abest
1731 5442 1902 5511 aBas.
1934 5439 2110 5494 Grazc.

934 5511 975 5542 “
1020 5512 1253 5561 ἐποιεῖτο
1276 5508 1375 5577 τὴν
1425 5511 1700 5578 εἰσφοράν.
1738 5510 1798 5562 C.
1831 5510 1968 5563 Pini.

1833 5580 1876 5610 ¹⁶
1898 5579 2286 5649 λαμϐάνοντες.
2308 5580 2498 5645 Savil.,
2519 5583 2581 5636 (Σ.
2609 5580 2748 5635 l’ini.
2826 5582 2867 5612 ³⁷
2890 5579 3266 5652 προστετμῆναι.
3287 5583 3410 5636 Bas.
3429 5581 3582 5636 Gt‘wc

356 5512 510 5564 abest
545 5510 612 5562 ab
639 5509 853 5564 eodem.

357 5580 400 5611 “
419 5577 808 5659 κομισάμενος.
832 5577 1000 5635 Idem.

356 5659 582 5703 I‘CCHllS.

679 5743 926 5803 Parnm.
989 5745 1097 5804 (in.
1133 5744 1399 5806 LXXX“

1083 5579 1125 5610 η
1145 5579 1564 5650 γεγραμμένων.
1587 5579 1754 5635 Idem.

2222 5442 2242 5472 ³
2271 5443 2454 5502 αὐτός.
2483 5440 2648 5494 Idem.
2709 5441 2747 5476 -’
2767 5440 2836 5493 τὰ
2867 5445 3006 5504 ταῖς.
3036 5443 3157 5497 Bas.
3191 5442 3366 5497 Graec.
3446 5443 3487 5474 ³ο
3514 5440 3610 5494 καί

2050 5512 2090 5583 ’μ’
2117 5511 2173 5564 δέ
2206 5511 2498 5583 interponit
2549 5511 2876 5583 Bas-Graec.
2957 5513 3000 5544 ¹³
3033 5512 3092 5574 ὃς
3123 5514 3248 5583 πρό.
3274 5513 3394 5568 Bas.
3430 5511 3603 5583 Graec.

3217 5745 3288 5803 30

4075 4413 4077 4428 l

4075 4457 4077 4464 .

4075 4525 4077 4546 |

4075 4553 4077 4568 l

4075 4579 4077 4598 l

4075 4689 4077 4740 !

4075 4779 4077 4788 .

4075 4793 4077 4802 ι

4075 4941 4077 4960 l
