4084 6196
455 271 558 340 941

1418 261 2010 331 ECCLESIASTICE
2048 264 2429 334 HISTORIA?
2474 266 2619 334 LIB.
2654 266 2700 333 Ῑ.

3618 275 3723 339 ’94ξ

457 382 615 448 Θεοῦ,
650 383 765 453 φῶς
791 382 854 435 ὲκ
888 380 1082 450 φωτὸς,
1119 380 1260 451 ζωὴν
1288 381 1351 434 ἐκ
1389 380 1553 452 ζωῆς,
1584 381 1714 435 Υἱὸν
1745 382 2029 452 μονογενῆ,

2141 383 2208 439 de
2227 384 2449 449 lumine,
2481 384 2646 439 vitam
2669 385 2737 439 de
2757 384 2887 447 vita,
2912 382 3107 437 Filium
3133 383 3493 453 unigenitum,
3521 389 3724 456 primo.

457 473 804 546 πρωτότοκον
855 471 1036 537 πάσης
1061 469 1105 500 ³⁸
1166 470 1418 537 κτίσεως,
1476 471 1589 541 πρὸ
1648 472 1865 525 πάντων
1930 471 2040 524 τῶν

454 565 670 619 αἰώνων
709 564 773 616 ἐκ
824 561 920 615 τοῦ
953 561 1167 633 [ἰατρὸς
1218 562 1586 632 γεγενημένον
1612 564 1658 595 ⁸⁸
1684 579 1699 594 ο
1728 564 1796 617 δι’
1843 558 1902 618 οὗ
1945 566 2041 617 καὶ

456 656 674 725 ἐγένετο
702 654 882 708 πάντα
900 669 912 682 ⁸
948 652 1040 706 τὸν
1067 652 1157 707 διὰ
1180 653 1279 724 τὴν
1313 652 1587 724 ἡμετέραν
1612 654 1885 726 σωτηρίαν
1907 671 2038 725 σαρ-

458 749 724 815 κωθέντα,
754 749 849 801 καὶ
884 750 942 802 ὲν
970 746 1283 816 ἀνθρώποις
1308 746 1781 816 πολιτευσάμενον,
1809 748 1903 801 καὶ
1935 762 2041 801 πα-

456 839 641 902 θόντα,
687 837 785 893 καὶ
832 838 1141 892 ἀναστάντα
1178 840 1244 908 τῇ
1286 836 1444 909 τρίτη
1483 837 1667 910 ἡμέρα
1690 853 1704 869 ο
1754 839 1847 891 καὶ
1884 839 2042 891 ἀνελ-

458 933 618 987 θόντα
664 931 800 1003 πρὸς
831 931 923 985 τὸν
962 932 1210 1001 Πατέρω
1262 929 1358 983 καὶ⁹
1402 929 1600 999 ἥξοντα
1646 928 1808 983 πάλιν
1830 930 1887 982 ὲν
1913 929 2042 1002 δόξῃ

457 1027 643 1096 κρῖναι
689 1023 900 1089 ζῶντας
947 1023 1041 1075 καὶ
1073 1023 1328 1093 νεκρούς.
1374 1020 1711 1091 Πιστεύομεν
1742 1021 1839 1074 καὶ
1871 1022 1950 1085 είς
1979 1020 2040 1073 ἓν

458 1114 681 1185 Πνεῦμα
730 1114 904 1184 ἅγιον.
946 1113 1161 1167 Τούτων
1194 1113 1423 1167 ἕκαστον
1469 1109 1605 1166 εἶναι
1636 1112 1731 1166 καὶ
1775 1113 2041 1183 ὑπάρχειν

457 1206 823 1269 πιστεύοντες,
849 1204 1070 1275 Πατέρα
1088 1204 1356 1276 ἀληθινῶς
1380 1204 1616 1276 Πατέρα,
1637 1204 1732 1257 καὶ
1757 1203 1882 1256 Υίδν
1908 1203 2041 1272 ἀλη-

456 1298 619 1362 θινῶς
646 1299 796 1364 Υἱὸν,
821 1297 1045 1367 Πνεῦμά
1068 1314 1127 1351 τε
1152 1298 1306 1365 ἆγιον
1328 1297 1594 1368 ἀληθινῶς
1618 1295 1839 1365 Πνεῦμα
1862 1295 2037 1363 ἅγιον,

456 1393 600 1447 καθά
627 1392 719 1446 καὶ
743 1393 771 1444 ὁ
801 1390 1005 1461 Κύριος
1030 1388 1187 1460 ἡμῶν
1212 1389 1557 1443 ἀποστέλλων
1589 1390 1669 1450 εἰς
1697 1387 1758 1440 ab
1779 1388 2039 1459 κήρυγμα

454 1486 582 1547 τοὺς
618 1480 812 1536 ἑαυτοῦ
867 1480 1137 1552 μαθητὰς,
1183 1475 1340 1533 εἷπε·
1390 1499 1408 1531 t
1463 1480 1828 1551 Πορευθέντες
1859 1478 2038 1550 μαθη-

453 1574 684 1626 τεύσατε
725 1572 904 1627 πάντα
945 1571 1014 1624 τὰ
1040 1570 1188 1641 ἔθνη,
1224 1570 1576 1641 βαπτίζοντες
1618 1570 1817 1633 αὐτοὺς
1845 1571 1926 1631 είς
1976 1566 2039 1622 τὸ

453 1667 626 1737 δνομα
646 1665 740 1719 τοῦ
766 1662 999 1735 Πατρὸς,
1030 1662 1123 1716 καὶ
1147 1662 1241 1715 τοῦ
1265 1661 1416 1727 Υίοῦ,
1442 1661 1536 1715 καὶ
1563 1660 1655 1713 τοῦ
1681 1661 1837 1728 ἁγίου
1870 1658 2039 1713 Πνεύ-

458 1774 649 1825 ματος.
692 1775 711 1807 ι
758 1756 893 1827 Περὶ
920 1748 996 1808 ὧν
1038 1755 1135 1809 καὶ
1180 1752 1640 1823 διαϐεϐαιούμεθα
1675 1751 1847 1815 οὕτως
1891 1751 2037 1822 ἔχειν

458 1850 552 1901 καὶ
593 1847 767 1911 οὕτως
815 1849 1056 1918 φρονεῖν,
1102 1846 1197 1898 καὶ
1240 1844 1408 1899 πάλαι
1432 1844 1475 1876 ³⁸
1515 1843 1685 1908 οὕτως
1717 1845 2034 1915 ἐσχηκέναι,

457 1940 551 1992 καὶ
594 1940 757 2009 μέχρι
814 1937 1043 1991 θανάτου
1105 1937 1244 2008 ὑπὲρ
1282 1935 1488 2005 ταύτης
1543 1935 1894 1988 συνίστασθαι
1937 1935 2037 2005 τῆς

456 2031 714 2095 πίστεως,
731 2030 1215 2100 ἁναθεματίζοντες
1233 2030 1414 2083 πᾶσαν
1430 2028 1587 2083 ἄθεον
1604 2029 1835 2099 αἰρεσιν.
1853 2027 2039 2082 Ταῦτα

454 2123 566 2178 ἀπὸ
586 2123 813 2193 καρδίας
834 2123 926 2176 καὶ
947 2121 1125 2192 ψυχῆς
1146 2122 1573 2194 πεφρονηκέναι,
1604 2120 1663 2186 ἐξ
1681 2116 1852 2191 οὗπερ
1881 2120 2038 2191 ἴσμεν

455 2216 702 2278 ἑαυτοὺς,
750 2215 845 2267 καὶ
872 2212 967 2267 νῦν
1006 2216 1222 2285 φρονεῖν
1250 2231 1309 2266 τε
1341 2214 1435 2268 καὶ¹
1465 2213 1642 2282 λέγειν
1670 2212 1726 2278 ἐξ
1756 2212 2037 2281 ἀληθείας,

454 2308 553 2361 ἐπὶ
603 2305 697 2359 τοῦ
738 2306 872 2360 Θεοῦ
919 2306 1011 2359 τοῦ
1061 2306 1502 2376 παντοκράτορος
1554 2303 1648 2357 καὶ
1695 2302 1790 2356 τοῦ
1830 2302 2037 2374 Κυρίου

454 2397 612 2469 ήμῶν
645 2397 821 2467 Ἰησοῦ
850 2397 1087 2468 Χριστοῦ
1110 2396 1563 2468 μαρτυρούμεθα,
1590 2394 1861 2448 δεικνύναι
1890 2394 2038 2463 έχον-

452 2507 545 2554 τες
571 2490 665 2543 καὶ
708 2489 772 2542 δι’
820 2490 1168 2556 ἀποδείξεως,
1200 2489 1297 2543 καὶ
1327 2488 1536 2541 πείθειν
1568 2487 1711 2556 ὑμᾶς
1735 2487 1798 2547 ³⁷,
1833 2486 1914 2538 ὅτι
1946 2484 2040 2537 καὶ

451 2582 578 2644 τοὺς
608 2580 1050 2653 παρεληλυθότας
1092 2581 1316 2653 χρόνους
1353 2578 1527 2643 οῦτως
1574 2577 1932 2647 ἐπιστεύομεν
1977 2592 2039 2629 τε

452 2673 551 2727 καὶ
579 2674 981 2745 ἐκηρύσσομεν.

526 2784 744 2855 Ταύτης
777 2783 867 2853 ὑφ’
895 2783 1053 2855 ἡμῶν
1098 2782 1415 2854 ὲκτεθείσης
1455 2778 1554 2855 τῆς
1581 2782 1836 2849 πίστεως,
1862 2779 2039 2847 οὐδεὶς

455 2875 639 2945 παρῆν
684 2874 993 2944 ἀντιλογίας
1037 2874 1221 2938 τόπος.
1283 2874 1422 2926 Ἀλλ’
1466 2874 1628 2938 αὑτός
1654 2892 1716 2928 τε
1747 2874 1964 2946 πρῶτος
2009 2875 2039 2929 ὁ

452 2965 866 3035 θεοφιλέστατος
906 2964 1063 3035 ήμῶν
1108 2964 1380 3035 βασιλεὺς,
1572 2964 1835 3036 ὀρθότατα
1882 2982 2039 3035 περι·

452 3052 601 3123 ἐχειν
637 3051 804 3124 αὐτὴν
843 3051 1242 3131 ἐμαρτύρησεν.
1283 3050 1442 3106 Οῦτω
1469 3069 1529 3105 τε
1557 3053 1651 3106 καὶ
1691 3053 1881 3107 ἑαυτὸν
1905 3071 2037 3125 φρο-
2063 3080 2107 3139 c

452 3148 566 3199 νεῖν
601 3143 1054 3216 συνωμολόγησεο
1104 3143 1201 3198 καὶ
1228 3143 1397 3216 ταύτῃ
1426 3144 1552 3207 τοὺς
1582 3145 1789 3209 πάντας
1827 3162 2033 3214 συγκα-

453 3237 788 3302 τατίθεσθαι,
833 3236 1172 3309 ὑπογράφειν
1218 3252 1280 3305 τε
1309 3241 1419 3301 τοῖς
1466 3237 1719 3307 δόγμασι,
1751 3238 1846 3290 καὶ
1893 3254 2033 3310 συμ-

455 3333 655 3399 φωνεῖν
678 3328 723 3361 ³⁸
771 3329 979 3392 τούτοις
1031 3331 1214 3392 αὐτοῖς
1265 3330 1684 3401 παρεκελεύετο,
1723 3330 1841 3395 ἑνὸς
1869 3332 2033 3402 μόνου

456 3422 969 3493 προσεγγραφέντος
991 3423 1234 3492 ῥήματος
1254 3421 1359 3475 τοῦ
1382 3423 1637 3486 ὁμοουσί
1640 3439 1733 3485 ου,
1749 3421 1777 3474 ὃ
1796 3422 1888 3475 καὶ
1904 3423 2036 3477 αὐτὸ

455 3515 770 3586 ἡρμήνευσε
802 3513 1008 3580 λέγων,
1048 3513 1128 3566 ὅτι
1167 3512 1240 3584 μὴ
1271 3513 1413 3566 κατὰ
1460 3514 1729 3584 σωμάτων
1762 3514 1908 3586 πάθη
1944 3514 2035 3567 λέ·-

456 3618 607 3671 γοιτο
633 3602 937 3674 ὀμοούσιος,
969 3602 1091 3657 οὔτε
1121 3593 1261 3657 κατὰ
1286 3603 1573 3675 διαίρεσιν,
1603 3604 1727 3659 οὔτε
1752 3608 1891 3661 κατά
1912 3625 2033 3661 τινα

456 3692 739 3763 ἀποτομὴν
779 3694 843 3746 ὲκ
885 3693 979 3745 τοῦ
1023 3694 1235 3764 Πατρδς
1253 3693 1297 3725 ¹⁹
1350 3695 1682 3766 ὑποστῆναι·
1744 3699 1879 3770 μηδὲ
1925 3698 2034 3769 γάρ

453 3784 713 3839 δύνασθαι
736 3786 835 3855 τὴν
862 3785 1042 3847 ἇῦ).ον,
1069 3787 1164 3839 καὶ
1190 3786 1399 3857 νοεράν,
1426 3788 1520 3841 καὶ
1541 3788 1829 3859 ἀσώματον
1849 3790 2032 3860 φύσιν,

456 3878 767 3948 σωματικόν
791 3895 844 3931 τι
871 3878 1041 3941 πάθος
1071 3877 1417 3946 ὑφίστασθαι’
1450 3879 1613 3943 θείοις
1642 3880 1699 3935 δὲ
1741 3882 1836 3935 καὶ
1863 3882 2035 3953 ἀποῤ·

455 3967 641 4038 ρήτοις
674 3963 1155 4038 λόγοις⁶προσήκει
1183 3967 1251 4020 τὰ
1283 3967 1507 4022 τοιαῦτα
1539 3970 1700 4025 νοεῖν.
1731 3972 1840 4024 Καὶ
1875 3972 1905 4024 ὁ
1932 3971 2030 4042 μὲν

457 4057 763 4125 σοφώτατος
793 4057 949 4127 ἡμῶν
987 4057 1081 4111 καὶ
1113 4057 1499 4121 εὐσεϐέστατος
1529 4058 1783 4129 βασιλεὺς
1812 4060 1882 4113 τὰ
1914 4077 2030 4114 τοι-

455 4148 594 4211 αῦτα
618 4150 997 4219 διεφιλοσόφει.
1030 4150 1094 4204 Ol
1122 4150 1180 4203 δὲ
1206 4151 1477 4222 προφάσει
1500 4153 1596 4222 τῆς
1620 4151 1714 4205 τοῦ
1743 4151 2029 4222 ὁμοουσίου

455 4241 771 4313 προσθήκης
790 4240 946 4312 τήνδε
986 4241 1083 4313 τήν
1108 4242 1328 4313 γραφὴν
1354 4244 1736 4314 πεποιήκασιν.

603 4353 666 4408 Ἠ
693 4353 764 4406 ἐν
784 4352 858 4421 τῇ
882 4354 1122 4421 συνόδῳ
1146 4355 1626 4424 ὑπαγορευθεῖσα
1661 4357 1886 4424 πίστις.

2142 474 2384 546 genitum
2434 476 2617 530 omnis
2675 483 2967 539 creatum,
3020 484 3147 529 ante
3193 463 3376 530 omnia
3423 479 3624 533 saecula
3656 495 3723 535 ex

2141 566 2304 623 Patre
2336 574 2546 629 natum,
2578 581 2674 636 per
2704 581 2866 636 quem
2894 573 2948 621 et
2999 566 3183 620 omnia
3237 568 3379 621 facta
3413 577 3542 624 sunt
3576 589 3588 624 :
3628 572 3723 641 qui

2141 668 2364 731 propter
2412 668 2658 715 nostram
2700 658 2931 714 salutem
2976 657 3299 715 incarnatus
3336 671 3442 725 est,
3474 671 3528 717 et
3581 664 3725 718 inter

2143 750 2393 805 homines
2441 757 2820 813 conversatus,
2851 750 2944 819 qui
2975 766 3172 817 passus
3198 759 3303 812 est.
3328 760 3382 807 et
3422 756 3726 810 resurrexit

2141 839 2303 893 tertia
2330 840 2439 907 die,
2462 852 2519 894 et
2554 840 2804 894 ascendit
2834 840 2901 895 ad
2935 839 3175 907 Patrem,
3207 849 3262 896 et
3303 843 3499 899 iterum
3526 855 3722 901 ventu—

3785 880 3799 917 Ι

2141 940 2236 980 rus
2261 933 2347 981 est
2379 927 2435 979 in
2484 927 2683 997 gloria,
2710 926 2963 994 judicare
2988 927 3143 982 vivos
3168 936 3227 983 et
3262 940 3531 987 mortuos.
3590 932 3724 989 Crc-
3781 921 3794 951 ’

2139 1016 2319 1072 dimus
2351 1018 2514 1072 etiam
2571 1016 2628 1070 in
2675 1032 2844 1071 unum
2880 1015 3145 1085 Spiritum
3178 1029 3453 1073 sanctum.
3514 1019 3721 1076 Ilorum

2139 1122 2589 1177 unumquemque
2614 1122 2738 1163 esse
2775 1115 2831 1163 et
2853 1107 3118 1165 exsistere
3167 1108 3478 1175 credentes,
3508 1111 3722 1167 Patrem

2140 1215 2268 1257 vere
2309 1198 2549 1265 Patrem,
2600 1210 2656 1256 et
2694 1199 2894 1255 Filium
2936 1216 3064 1257 vere
3095 1200 3316 1265 Filium,
3368 1212 3420 1258 et
3456 1202 3722 1274 Spiritum

2140 1300 2392 1347 sanctum
2419 1305 2543 1346 vere
2573 1288 2837 1359 Spiritum
2872 1303 3145 1358 sanctum,
3180 1294 3324 1346 sicut
3352 1300 3407 1346 et
3454 1292 3721 1349 Dominus

2140 1391 2327 1438 noster
2366 1382 2670 1451 discipulos
2725 1398 2857 1439 suos
2908 1384 2974 1437 ad
3007 1384 3415 1452 praedicandum
3450 1385 3674 1441 mittens
3706 1391 3721 1407 '

2139 1475 2259 1530 ait:
2298 1493 2317 1527 ι
2338 1474 2435 1538 Ite,
2461 1477 2653 1531 docete
2681 1490 2875 1532 omnes
2900 1484 3112 1547 gentes,
3154 1477 3500 1547 baptizantes
3533 1493 3628 1534 eos
3666 1481 3721 1534 in

2141 1567 2360 1622 nomine
2383 1566 2581 1632 Patris,
2605 1577 2659 1623 et
2674 1567 2823 1632 Filii,
2851 1576 2907 1623 et
2936 1568 3176 1639 Spiritus
3194 1571 3370 1624 sancti
3392 1579 3442 1623 γ.
3460 1570 3563 1625 »οο
3592 1572 3719 1641 qui-

2141 1655 2244 1713 bus
2272 1656 2661 1713 conﬁrmamus
2708 1674 2811 1714 nos
2854 1658 2959 1713 hoc
3019 1660 3203 1713 animo
3242 1675 3384 1723 esse,
3438 1668 3603 1730 atque
3643 1660 3717 1714 ita

2070 1732 2111 1792 Β
2138 1747 2365 1813 sentire,
2407 1748 2648 1819 olimque
2682 1750 2787 1805 hoc
2844 1751 3031 1805 animo
3061 1749 3256 1817 fuisse,
3287 1761 3341 1806 et
3372 1752 3427 1806 in
3482 1754 3585 1807 hac
3618 1752 3721 1805 title

2139 1836 2207 1892 ad
2235 1848 2466 1895 mortem
2502 1854 2682 1910 usque
2705 1840 3057 1911 perstituros,
3093 1841 3314 1911 impiam
3362 1856 3581 1897 omnem
3617 1841 3722 1895 haia

2128 1930 2287 1985 resin
2317 1932 2669 1989 anathemate
2710 1933 3059 1989 damnantes.
3092 1932 3169 1988 De
3220 1934 3305 1988 his
3350 1949 3451 1989 nos
3506 1933 3725 1990 sincere

2138 2030 2305 2095 atque
2338 2039 2405 2079 ex
2434 2025 2620 2081 animo
2651 2025 2725 2079 ita
2762 2027 3025 2093 sensisse,
3059 2041 3124 2081 ex
3151 2040 3261 2096 quo
3290 2027 3395 2096 ipsi
3430 2042 3533 2082 nos
3563 2030 3719 2083 novi-

2139 2136 2287 2187 mus,
2334 2128 2390 2178 et
2432 2137 2580 2177 nunc
2622 2118 2791 2194 778
2821 2137 2949 2178 vere
2995 2122 3199 2178 sentire
3245 2136 3309 2177 ac
3343 2123 3511 2193 loqui,
3548 2122 3719 2178 Deum

2137 2215 2566 2287 omnipotentem
2619 2224 2674 2271 et
2723 2215 3012 2271 Dominum
3045 2224 3294 2271 nostrum
3321 2212 3513 2270 Jesum
3558 2214 3721 2268 Chri-

2140 2318 2285 2361 stum
2326 2314 2616 2374 testamur,
2681 2317 2948 2377 certaque
3004 2306 3481 2362 demonstratione
3529 2315 3719 2361 osten-

2141 2397 2275 2454 dere
2299 2413 2620 2468 possumus,
2650 2408 2706 2454 et
2728 2399 2886 2455 vobis
2911 2399 3267 2472 persuadere,
3294 2414 3396 2455 nos
3424 2400 3717 2471 praeteritis

2138 2490 2313 2544 etiam
2362 2490 2703 2561 temporibus
2733 2490 2805 2546 ita
2832 2490 3139 2548 credidisse
3171 2498 3228 2547 et
3254 2489 3603 2563 praedicasse.

2211 2776 2325 2836 Hac
2349 2796 2379 2836 a
2410 2778 2571 2837 nobis
2599 2781 2850 2853 exposita
2882 2778 3010 2848 ﬁde,
3057 2782 3244 2841 nullus
3273 2795 3394 2841 erat
3436 2793 3719 2847 contradi-

2139 2870 2299 2927 cendi
2355 2872 2534 2925 locus.
2593 2868 2701 2924 Sed
2752 2869 2966 2940 primus
3020 2872 3139 2942 ipse
3187 2872 3297 2929 Deo
3354 2874 3720 2937 charissimus

2140 2962 2440 3032 imperator
2499 2961 2813 3017 rectissima
2871 2962 3018 3017 illam
3072 2967 3361 3024 continere
3412 2969 3717 3037 allirmavit,

2140 3069 2312 3125 seque
2344 3053 2522 3125 ipsum
2556 3052 2630 3107 ita
2696 3054 2901 3110 sentire
2954 3056 3247 3114 confessus
3277 3068 3383 3127 est,
3417 3069 3471 3116 et
3502 3071 3561 3117 ut
3591 3064 3721 3119 huic

2140 3159 2333 3201 omnes
2396 3144 2822 3209 assentirentur,
2880 3146 3229 3221 decretisque
3284 3153 3718 3219 subscriberent.

2138 3246 2194 3292 et
2224 3238 2276 3290 in
2306 3235 2395 3292 his
2418 3235 2552 3306 ipsis
2580 3237 2962 3306 conspirarent
3011 3238 3357 3307 hortabatur,
3390 3259 3495 3299 una
3518 3246 3717 3301 dunta-

2141 3338 2233 3384 xat
2256 3328 2495 3398 ascripta
2519 3343 2650 3384 voce
2671 3330 3163 3398 consubstantialis,
3183 3350 3350 3405 quam
3376 3336 3551 3407 ipsam
3576 3355 3714 3409 quo-

2137 3436 2247 3491 que
2266 3420 2657 3491 interpretatus
2676 3430 2781 3487 est,
2801 3419 3004 3477 docens
3035 3422 3233 3479 Filium
3264 3429 3715 3484 consubstantia-

2140 3512 2243 3566 lem
2275 3526 2383 3566 non
2431 3512 2589 3582 juxta
2640 3526 2937 3583 corporum
2994 3513 3315 3572 allectiones
3345 3517 3476 3587 diei,
3537 3536 3716 3591 neque

2137 3618 2235 3672 per
2285 3602 2612 3657 divisionem
2660 3615 2758 3657 aut
2802 3604 3101 3661 sectionem
3146 3606 3385 3677 aliquam
3435 3624 3503 3665 ex
3552 3610 3715 3667 Patre

2138 3696 2463 3752 subsistere.
2494 3694 2637 3750 Fieri
2660 3696 2804 3750 enim
2826 3712 2932 3750 non
2962 3712 3143 3767 posse,
3171 3708 3228 3753 ut
3256 3701 3500 3757 materie
3514 3718 3714 3775 expers

2137 3786 2608 3856 intelligibilisque
2655 3792 2714 3839 et
2764 3785 3089 3855 incorporea
3140 3797 3337 3844 natura
3385 3806 3711 3865 corpoream

2136 3876 2482 3933 all‘ectionem
2528 3876 2693 3931 ullam
2749 3878 3024 3948 recipiat:
3074 3880 3168 3935 sed
3216 3882 3348 3937 talia
3387 3883 3588 3941 divinis
3658 3897 3713 3941 et

2133 3970 2351 4023 arcanis
2392 3968 2573 4024 verbis
2628 3969 2842 4038 concipi
2897 3969 3117 4026 debere.
3174 3971 3254 4025 Ad
3285 3974 3431 4028 hunc
3487 3975 3709 4030 modum

2134 4061 2577 4131 sapientissimus
2603 4067 2658 4114 et
2693 4060 3151 4131 religiosissimus
3184 4063 3441 4133 princeps
3466 4065 3710 4133 philoso-

2134 4153 2426 4222 phabatur.
2458 4150 2710 4221 Episcopi
2730 4166 2861 4206 vero
2886 4152 3184 4220 adjiciendi
3207 4154 3707 4212 consubstantialis

2133 4245 2307 4315 gratia
2338 4244 2454 4298 haec
2489 4244 2697 4313 scripto
2726 4246 3079 4298 mandarunt.

2589 4352 2751 4411 Fides
2777 4358 2832 4410 in
2861 4358 3087 4411 concilio
3110 4357 3274 4413 edita.

520 4466 857 4538 Πιστεύομεν
884 4468 964 4530 είς
997 4468 1095 4522 ἕνα
1138 4468 1293 4532 Θεὸν,
1324 4469 1544 4541 Πατέρα
1584 4471 2023 4542 παντοκράτορα,

2200 4468 2491 4524 Credimus
2516 4469 2568 4524 in
2600 4483 2769 4523 unum
2801 4467 3233 4529 Deum.Patrem
3252 4474 3706 4545 omnipotentem,

450 4558 668 4614 πάντων
706 4558 920 4630 ὁρατῶν
959 4575 1018 4611 τε
1060 4559 1157 4612 καὶ
1206 4560 1455 4631 ἀοράτων
1505 4562 1734 4633 ποιητήν
1756 4577 1771 4591 ·
1806 4562 1901 4615 καὶ
1946 4564 2027 4627 είς

445 4647 543 4701 ἕνα
574 4648 776 4721 Κύριον
815 4648 1023 4721 Ἰησοῦν
1054 4649 1311 4720 Χριστὸν,
1336 4650 1427 4705 τὸν
1452 4651 1578 4705 Υίὸν
1599 4651 1693 4705 τοῦ
1717 4651 1874 4716 Θεοῦ,
1897 4670 2025 4721 γενο

446 4738 678 4807 νηθέντα
722 4741 787 4794 ἐκ
836 4740 1116 4812 Πατρδςδθ
1174 4742 1463 4813 μονογενῆ,
1514 4742 1794 4797 τουτέστιν
1822 4745 1888 4797 ὲκ
1926 4744 2027 4815 τῆς

449 4828 635 4893 οὐσίας
662 4830 755 4883 τοῦ
791 4832 1026 4903 Πατρὸς,
1058 4831 1191 4885 Θεὸν
1224 4834 1289 4886 ὲκ
1314 4832 1473 4897 Θεοῦ,
1497 4832 1537 4866 ⁸³
1570 4834 1689 4905 φῶς
1727 4834 1792 4889 ὲκ
1826 4836 2024 4904 φωτὸς,

445 4917 582 4973 Θεὸν
637 4920 884 4991 ἀληθινὸν
927 4925 991 4975 ὲκ
1048 4922 1184 4976 Θεοῦ
1225 4924 1500 4994 ἀληθινοῦ,
1561 4925 1910 4996 γεννηθέντα,
1962 4927 2023 4981 οὐ

448 5009 764 5080 ποιηθέντα,
822 5014 1106 5083 ὁμοθύσιον
1156 5015 1235 5086 τῷ
1298 5018 1491 5087 Πατρὶ,
1535 5018 1603 5071 δι’
1648 5010 1708 5071 οὗ
1746 5020 1816 5073 τά
1851 5020 2029 5073 πάντα

538 5202 567 5242 1
593 5190 787 5247 Matth.
827 5209 1018 5260 xxvm,
1056 5195 1143 5249 i9.

2127 4560 2376 4616 omnium
2416 4561 2717 4617 visibilium
2749 4569 2805 4616 et
2829 4560 3186 4619 invisibilium
3233 4564 3529 4635 factorem;
3565 4580 3620 4625 et
3656 4573 3710 4624 in

2132 4669 2302 4709 unum
2336 4652 2630 4709 Dominum
2656 4652 2848 4708 Jesum
2881 4654 3184 4724 Christum,
3221 4656 3418 4715 Filium
3453 4661 3543 4716 Dei
3584 4664 3702 4715 uni-

2129 4746 2396 4818 genitum,
2426 4754 2612 4800 natum
2646 4746 2715 4800 de
2763 4746 2944 4809 Patre.
2973 4747 3077 4803 hoc
3105 4759 3188 4806 est
3214 4790 3230 4815 ,
3278 4748 3353 4807 de'
3403 4752 3708 4807 substantia

2132 4836 2330 4902 Patris,
2356 4835 2522 4893 Deum
2557 4836 2625 4892 de
2655 4836 2785 4904 Deo,
2809 4837 2974 4910 779
2992 4838 3170 4895 lumen
3190 4841 3258 4897 de
3286 4842 3512 4906 lumine.
3537 4843 3707 4899 Deum

2133 4942 2320 4981 verum
2368 4927 2435 4983 de
2465 4926 2576 4983 Deo
2605 4943 2757 4994 vero,
2790 4930 3058 5000 genitum,
3114 4945 3221 4986 non
3266 4930 3498 5001 factum,
3540 4934 3704 4988 unius

2142 5020 2463 5077 substantiae
2488 5037 2612 5075 cum
2641 5019 2825 5085 Patre,
2859 5035 2956 5089 per
2974 5036 3135 5090 quem
3164 5023 3346 5078 omnia
3379 5023 3522 5081 facta
3545 5033 3696 5087 sunt,

1754 5357 1989 5413 VABUE
2033 5357 2435 5413 LEC'I'IONES.

522 5479 567 5512 ³³
586 5480 686 5550 τῆς
717 5479 924 5535 addunt
972 5477 1138 5550 Basil.
1181 5486 1235 5533 et
1277 5476 1463 5550 Steph.
1542 5476 1586 5510 ³³
1614 5474 2033 5550 γεγεννημένον.
2071 5473 2235 5531 Iidem
2288 5492 2414 5550 cum
2461 5476 2618 5550 Socr.
2666 5476 2893 5550 rectius.

1304 5547 1347 5578 ³³
1374 5545 1744 5618 συμφρονεῖν,
1795 5546 1919 5600 Bas.
1964 5546 2157 5618 ﬁrme.
2204 5553 2258 5601 et
2304 5546 2426 5602 Lat.
2470 5545 2664 5617 Steph.
2724 5546 3182 5618 Sedaupcpwusiy
3240 5548 3404 5601 etiam
3464 5547 3704 5600 Casaub.

440 5551 603 5620 tiose.
644 5548 757 5620 '_”
791 5551 984 5620 ἡμᾶς.-
1022 5548 1189 5620 Idem.

442 5616 630 5695 habet,
669 5614 922 5695 ἔρροι-ἴοι
944 5616 1190 5695 Niceph._
1322 5614 1667 5695 taliaes“.
1689 5614 2089 5695 _literque__Ba§.
2121 5625 2176 5671 et
2208 5618 2401 5695 S_teph.

1881 5686 2000 5741 asil.
2029 5686 2124 5742 Gr.
2157 5696 2209 5741 et
2236 5685 2354 5745 Lat.
2388 5701 2513 5743 cum
2549 5685 2811 5758 Stephan.

440 5685 666 5756 Niceph.
702 5687 1047 5760 "ist..Eccl.,
1083 5685 1215 5753 VIII,
1242 5687 1323 5741 I7.
1402 5689 1444 5718 ⁸⁸
1476 5685 1570 5743 καί
1603 5687 1805 5742 addunt

2986 5474 3032 5507 “
3070 5474 3248 5531 πάλιν.
3292 5473 3422 5533 Bas.
3469 5478 3585 5530 Lat.
3624 5477 3706 5529 vi-

2515 5614 2651 5689 ‘°_'éx
2683 5616 2776 5689 τοῦ
2810 5614 3041 5689 Πατρός.
3091 5614 3261 5672 Iidem
3295 5631 3423 5672 cum
3453 5618 3606 5670 Socr.
3649 5625 3709 5667 et
