4084 6196
459 273 562 342 {iii

1422 263 2014 334 ECCLESIASTICE
2052 265 2433 336 HISTORIA?
2478 270 2624 335 LIB.
2658 268 2704 335 Ῑ.

3624 276 3727 339 θίὶ

461 384 619 451 Θεοῦ,
654 384 770 455 φῶς
796 384 859 437 ὲκ
893 382 1087 452 φωτὸς,
1124 382 1265 453 ζωὴν
1294 383 1355 436 ἐκ
1394 383 1558 455 ζωῆς,
1589 383 1718 437 Υἱὸν
1750 384 2033 454 μονογενῆ,

2145 385 2212 442 de
2231 386 2453 450 lumine,
2486 385 2651 439 vitam
2674 386 2741 440 de
2762 384 2892 449 vita,
2917 384 3112 439 Filium
3138 384 3497 456 unigenitum,
3526 388 3729 457 primo-

462 474 809 548 πρωτότοκον
860 473 1041 539 πάσης
1066 472 1111 503 ⁸⁸
1170 472 1422 536 κτίσεως.
1486 473 1594 543 πρὸ
1653 474 1869 528 πάντων
1934 473 2044 526 τῶν

459 567 674 622 αἰώνων
714 567 778 619 ἐκ
828 564 924 618 τοῦ
958 564 1171 636 Πατρδς
1223 564 1591 635 γεγενημένον
1617 566 1662 598 ³⁸
1689 581 1703 597 ο
1732 566 1800 619 δι’
1847 561 1906 621 οῦ
1950 568 2045 619 καὶ

459 658 678 727 ἐγένετο
707 656 886 711 πάντα
905 672 917 685 ο
953 655 1045 708 τὸν
1072 655 1161 709 διά
1185 656 1284 727 τὴν
1318 654 1592 726 ἡμετέραν
1617 656 1890 728 σωτηρίαν
1911 673 2043 727 σαρ-

462 752 729 817 κωθέντα,
759 751 854 804 καὶ
889 752 946 804 ὲν
974 749 1287 819 ἀνθρώποις
1313 748 1785 818 πολιτευσάμενον,
1814 750 1908 803 καὶ
1939 765 2045 803 πα-

460 842 646 905 θόντα,
691 840 789 896 καὶ
837 841 1145 895 ἀναστάντα
1184 842 1249 910 τῇ
1290 838 1448 911 τρίτῃ
1488 840 1709 912 ἡμέρᾳο
1759 841 1851 893 καὶ
1889 840 2046 894 ἀνελ-

462 936 623 989 θόντα
669 934 805 1005 πρὸς
836 934 928 987 τὸν
967 934 1214 1004 Πατέρα“
1267 931 1363 985 καὶ
1407 932 1605 1001 ἥξοντα
1651 931 1813 985 πάλιν
1834 932 1892 984 ὲν
1918 931 2046 1005 δόξῃ

462 1030 647 1099 κρῖναι
694 1026 904 1091 ζῶντας
952 1025 1046 1078 καὶ
1078 1026 1333 1096 νεκρούς.
1378 1022 1716 1093 Πιστεύομεν
1747 1024 1844 1076 καὶ⁵
1876 1024 1955 1087 είς
1985 1022 2044 1075 ἓν

462 1117 686 1188 Πνεῦμα
735 1116 909 1186 ἀγιον.
950 1115 1166 1170 Τούτων
1198 1116 1428 1169 ἕκαστον
1474 1111 1735 1169 εἶναικαὶ
1779 1115 2045 1185 ὑπάρχειν

461 1209 828 1271 πιστεύοντες,
854 1206 1075 1278 Πατέρα
1093 1206 1361 1278 ἀληθινῶς
1385 1207 1621 1278 Πατέρα,
1641 1206 1736 1259 καὶ
1760 1205 1886 1258 Υίδν
1913 1205 2045 1274 ἀλη-

460 1301 623 1365 θινῶς
651 1301 801 1366 Υίὸν,
826 1299 1050 1370 Πνεῦμά
1072 1316 1132 1353 τε
1157 1300 1310 1368 ἆγιον
1333 1299 1599 1370 ἀληθινῶς
1623 1297 1844 1367 Πνεῦμα
1867 1297 2041 1366 ἅγιον,

461 1396 604 1450 καθά
632 1395 723 1448 καὶ
748 1396 776 1447 ὁ
806 1392 1009 1464 Κύριος
1034 1390 1192 1463 ἡμῶν
1217 1391 1561 1445 ἀποστέλλων
1594 1392 1673 1452 είς
1702 1388 1762 1443 τὸ
1784 1390 2043 1461 κήρυγμα

459 1488 587 1549 τοὺς
622 1483 817 1539 ἑαυτοῦ
872 1483 1141 1554 μαθητὰς,
1188 1478 1344 1536 εἷπε·
1395 1501 1412 1533 ι
1468 1482 1833 1553 Πορευθέντες
1865 1481 2043 1552 μαθη-

457 1577 688 1630 τεύσατε
730 1574 909 1629 πάντα
950 1574 1019 1627 τά
1044 1572 1192 1643 ἔθνη,
1229 1572 1580 1643 βαπτίζοντες
1623 1572 1821 1635 αὐτοὺς
1850 1573 1931 1633 είς
1982 1569 2045 1624 τὸ

458 1670 631 1739 θνομα
651 1667 745 1722 τοῦ
770 1664 1004 1737 Πατρὸς,
1035 1664 1128 1718 καὶ
1151 1664 1245 1717 τοῦ
1269 1663 1421 1730 Υίοῦ,
1446 1663 1541 1717 καὶ
1568 1662 1660 1716 τοῦ
1685 1663 1841 1731 ἁγίου
1876 1660 2043 1715 Πνεύ-

2146 476 2388 549 genitum
2439 477 2622 531 omnis
2680 484 2972 542 creaturae,
3025 486 3153 532 ante
3198 478 3380 532 omnia
3427 479 3627 534 saecula
3660 496 3727 536 ex

2146 568 2309 625 Patre
2339 576 2551 631 natum,
2582 584 2679 637 per
2709 583 2871 638 quem
2899 575 2953 623 et
3005 569 3188 623 omnia
3241 570 3382 623 facta
3417 578 3545 625 sunt
3580 590 3591 624 :
3632 572 3726 641 qui

2146 670 2369 733 propter
2418 670 2662 718 nostram
2705 660 2936 716 salutem
2982 660 3303 717 incarnatus
3340 672 3445 727 est,
3479 672 3532 718 et
3585 665 3728 718 inter

2146 752 2398 807 homines
2446 759 2825 815 conversatus,
2857 752 2949 821 qui
2981 768 3176 820 passus
3202 761 3307 814 est.
3333 762 3386 808 et
3427 756 3730 811 resurrexit

2145 841 2307 894 tertia
2335 841 2444 907 die,
2468 854 2524 897 et
2559 842 2809 897 ascendit
2839 842 2905 897 ad
2940 841 3180 910 Patrem,
3212 851 3266 898 et
3307 844 3503 900 iterum
3529 855 3725 902 ventu-

2145 941 2240 982 rus
2265 935 2352 983 est
2383 929 2439 982 in
2489 930 2688 999 gloria,
2715 928 2967 997 judicare
2993 930 3148 984 vivos
3173 938 3230 986 et
3266 942 3535 988 mortuos.
3593 932 3727 989 Cre-

2143 1019 2324 1074 dimus
2356 1020 2518 1073 etiam
2576 1020 2633 1073 in
2681 1034 2849 1073 unum
2885 1018 3150 1087 Spiritum
3183 1031 3457 1076 sanctum.
3518 1020 3724 1076 IIorum

2143 1125 2594 1179 unumquemque
2619 1124 2742 1166 esse
2780 1118 2836 1165 et
2857 1110 3123 1167 exsistere
3172 1111 3482 1177 credentes,
3513 1112 3726 1167 Patrem

2144 1218 2273 1259 vere
2314 1201 2553 1268 Patrem,
2605 1212 2661 1259 et
2700 1202 2899 1257 Filium
2940 1218 3068 1259 vere
3100 1202 3321 1268 Filium,
3372 1214 3424 1259 et
3460 1203 3726 1275 Spiritum

2145 1301 2396 1349 sanctum
2423 1308 2548 1348 vere
2577 1291 2842 1362 Spiritum
2877 1305 3150 1360 sanctum,
3184 1296 3328 1348 sicut
3356 1302 3411 1347 et
3458 1293 3725 1349 Dominus

2145 1393 2331 1440 noster
2370 1384 2675 1454 discipulos
2730 1400 2862 1440 suos
2913 1386 2979 1439 ad
3013 1386 3419 1454 praedicandum
3455 1386 3678 1442 mittens
3711 1392 3725 1408 '

2144 1477 2263 1533 ait:
2303 1495 2321 1529 ι
2343 1476 2440 1541 Ite,
2465 1480 2658 1533 docete
2686 1492 2880 1534 omnes
2906 1486 3117 1549 gentes,
3160 1479 3505 1549 baptizantes
3539 1494 3634 1535 eos
3672 1482 3726 1535 iu

2146 1569 2364 1624 nomine
2388 1568 2586 1633 Patris,
2610 1579 2664 1625 et
2679 1568 2828 1634 Filii,
2855 1579 2912 1625 et
2941 1570 3182 1641 Spiritus
3199 1572 3375 1625 sancti
3398 1580 3447 1623 γ.
3466 1570 3569 1625 »υε
3598 1572 3723 1642 qui-

2146 1657 2249 1715 bus
2277 1659 2666 1715 conﬁrmamus
2713 1675 2816 1716 nos
2860 1660 2964 1715 hoc
3025 1661 3208 1715 animo
3247 1675 3389 1724 esse,
3444 1669 3609 1730 atque
3648 1660 3722 1714 ita

462 1734 654 1828 ματος.
697 1778 716 1810 ι
763 1734 1001 1829 Περὶ-ὧν
1044 1758 1139 1811 καὶ
1185 1754 1644 1826 διαϐεϐαιούμεθα
1680 1753 1852 1818 οὕτως
1896 1754 2040 1824 ἔχειν

2143 1749 2370 1815 sentire,
2412 1750 2653 1821 olimque
2687 1752 2791 1807 hoc
2849 1753 3036 1807 animo
3066 1750 3261 1819 fuisse,
3292 1762 3346 1807 et
3378 1753 3432 1806 in
3488 1755 3591 1807 hac
3623 1753 3725 1806 l‘nle

462 1853 557 1904 καὶ¹
598 1849 771 1913 οὕτως
820 1852 1061 1921 φρονεῖν,
1107 1848 1202 1901 καὶ
1246 1846 1413 1901 πάλαι
1437 1847 1480 1878 ’⁸
1519 1846 1690 1910 οὕτως
1722 1847 2038 1917 ἐσχηκέναι,

461 1942 556 1995 καὶ
598 1942 763 2011 μέχρι
818 1939 1048 1993 θανάτου
1109 1939 1250 2010 ὑπὲρ
1287 1938 1493 2008 ταύτης
1548 1937 1899 1991 συνίστασθαι
1942 1937 2041 2007 τῆς

461 2033 718 2097 πίστεως,
736 2033 897 2087 ἀναθε
906 2033 1220 2103 ματίζοντες
1238 2033 1419 2085 πᾶσαν
1435 2030 1592 2085 ἄθεον
1608 2030 1840 2101 αἵρεσιν.
1857 2029 2044 2084 Ταῦτα

459 2125 570 2181 ἀπὸ
591 2125 817 2195 καρδίας
839 2126 931 2178 καὶ
952 2124 1130 2195 ψυχῆς
1151 2124 1578 2196 πεφρονηκέναι,
1609 2122 1667 2189 ἐξ
1686 2118 1857 2193 οὗπερ
1886 2122 2043 2193 ἴσμεν

459 2218 707 2280 ἑαυτοὺς,
755 2217 849 2269 καὶ
877 2215 971 2270 νῦν
1012 2218 1228 2287 φρονεῖν
1255 2233 1314 2269 τε
1346 2216 1441 2270 καὶ⁵
1470 2215 1647 2284 λέγειν
1674 2214 1731 2281 ἐξ
1761 2214 2041 2283 ἀληθείας,

459 2310 558 2363 ἐπὶ
608 2308 702 2362 τοῦ
743 2308 877 2363 Θεοῦ
924 2309 1016 2362 τοῦ
1067 2308 1507 2378 παντοκράτορος
1560 2306 1653 2359 καὶ
1700 2304 1794 2359 τοῦ
1835 2303 2042 2376 Κυρίου

458 2400 617 2472 ἡμῶν
650 2400 826 2469 Ἰησοῦ
855 2400 1092 2471 Χριστοῦ
1115 2398 1568 2471 μαρτυρούμεθα,
1596 2396 1867 2450 δεικνύναι
1895 2396 2043 2465 ἔχονο

458 2510 551 2557 τες
576 2493 670 2546 καὶ
712 2492 777 2545 δι’
826 2493 1173 2559 ἀποδείξεως,
1206 2491 1303 2545 καὶ
1333 2490 1541 2543 πείθειν
1574 2489 1717 2559 ὑμᾶς
1740 2489 1803 2549 ³⁷,
1838 2488 1920 2541 ὅτι
1951 2486 2045 2539 καὶ

456 2586 583 2647 τοὺς
613 2582 1055 2656 παρεληλυθότας
1097 2584 1322 2656 χρόνους
1358 2580 1532 2645 οὕτως
1579 2578 1937 2649 ὲπιστεύομέν
1982 2594 2043 2631 τε

458 2676 557 2730 καὶ
585 2677 986 2748 ἑκηρύσσομεν.

532 2786 750 2858 Ταύτης
782 2786 873 2856 ὑφ’
900 2786 1058 2857 ἡμῶν
1105 2784 1421 2856 ὲκτεθείσης
1461 2780 1559 2857 τῆς
1586 2783 1842 2851 πίστεως,
1867 2780 2044 2849 οὐδεὶς

461 2878 645 2949 παρῆν
690 2877 998 2946 ἀντιλογίας
1042 2877 1227 2940 τόπος.
1290 2876 1428 2929 Ἀλλ’
1471 2876 1633 2939 αὑτός
1660 2894 1722 2929 τε
1752 2875 1968 2948 πρῶτος
2013 2877 2044 2931 ὁ

458 2968 871 3038 θεοφιλέστατος
912 2966 1069 3037 ἡμῶν
1114 2966 1386 3037 βασιλεὺς,
1422 2964 1539 3038 [38]
1578 2965 1841 3038 ὀρθότατα
1888 2984 2044 3037 περι-

2144 1838 2211 1894 ad
2240 1850 2470 1896 mortem
2507 1855 2687 1911 usque
2709 1842 3062 1912 perstitures,
3098 1842 3319 1911 impiam
3368 1857 3586 1897 omnem
3622 1841 3727 1895 has-

2132 1932 2292 1988 .resin
2322 1933 2673 1990 anathemate
2715 1935 3064 1990 damnantes.
3097 1933 3174 1991 De
3225 1935 3310 1989 his
3356 1950 3456 1990 nos
3512 1934 3729 1991 sincere

2143 2032 2310 2097 atque
2343 2042 2409 2081 ex
2439 2026 2625 2082 animo
2655 2027 2729 2081 ita
2766 2027 3030 2094 sensisse,
3064 2042 3129 2083 ex
3156 2041 3266 2097 quo
3296 2028 3401 2097 ipsi
3435 2042 3538 2083 nos
3568 2030 3723 2083 novi-

2144 2138 2292 2189 mus,
2339 2131 2395 2179 et
2436 2138 2585 2179 nunc
2626 2120 2796 2195 778
2826 2138 2954 2179 vere
3000 2123 3204 2179 sentire
3251 2138 3314 2178 ac
3348 2124 3516 2193 loqui,
3554 2122 3723 2178 Deum

2143 2216 2571 2288 omnipotentem
2623 2226 2679 2272 et
2728 2216 3017 2272 Dominum
3051 2225 3299 2272 nostrum
3327 2213 3518 2271 Jesum
3562 2215 3725 2269 Chri-

2145 2320 2289 2363 stum
2332 2316 2621 2375 testamur,
2686 2317 2953 2379 certaque
3009 2307 3486 2364 demonstratione
3534 2315 3725 2361 osten-

2146 2398 2280 2456 dere
2304 2414 2626 2470 possumus.
2656 2408 2711 2455 et
2734 2400 2891 2456 vobis
2917 2400 3273 2473 persuadere,
3299 2415 3402 2456 nos
3430 2401 3723 2472 praeteritis

2143 2490 2317 2546 etiam
2368 2492 2709 2562 temporibus
2738 2490 2810 2547 ita
2838 2491 3144 2550 credidisse
3177 2498 3233 2548 et
3260 2490 3609 2564 praedicasse.

2216 2777 2329 2837 Hac
2352 2797 2384 2837 a
2415 2782 2576 2839 nobis
2604 2782 2855 2853 exposita
2888 2780 3015 2849 nde,
3063 2783 3250 2842 nullus
3279 2795 3399 2842 erat
3442 2793 3725 2847 contradi-

2144 2871 2304 2928 cendi
2360 2873 2539 2926 Iocus.
2599 2869 2707 2925 Sed
2759 2871 2972 2941 primus
3026 2873 3145 2943 ipse
3193 2872 3302 2930 Deo
3359 2875 3726 2937 charissimus

2145 2963 2445 3034 imperator
2505 2962 2818 3018 rectissima
2877 2962 3024 3018 illam
3078 2967 3367 3024 continere
3418 2970 3723 3038 aﬂirmavit,

459 3055 607 3125 ἐχειν
643 3054 810 3126 αὐτὴν
848 3054 1247 3126 ἐμαρτύρησεν.
1289 3053 1447 3108 Οῦτω
1475 3071 1535 3107 τε
1563 3055 1657 3108 καὶ
1696 3054 1887 3109 ἑαυτὸν
1910 3073 2040 3127 φρο-

2146 3070 2317 3126 seque
2349 3054 2527 3126 ipsum
2562 3053 2636 3108 ita
2701 3055 2907 3111 sentire
2960 3057 3252 3114 confessus
3283 3069 3390 3128 est,
3423 3070 3478 3117 et
3508 3071 3566 3117 ut
3597 3064 3727 3118 huic

458 3152 572 3202 νεῖν
607 3146 1026 3218 συνωμολόγησε
1045 3163 1059 3178 ο
1110 3145 1207 3200 καὶ
1235 3145 1402 3218 ταύτῃ
1432 3146 1558 3210 τοὺς
1588 3146 1794 3211 πάντας
1833 3163 2039 3216 συγκα-

459 3239 794 3304 τατίθεσθαι,
839 3238 1178 3311 ὑπογράφειν
1224 3256 1286 3292 τε
1316 3242 1425 3303 τοῖς
1472 3238 1725 3309 δόγμασι,
1758 3239 1852 3293 καὶ
1899 3256 2038 3311 συμ-

462 3335 660 3401 φωνεῖν
684 3331 729 3363 ⁸⁸
777 3331 985 3394 τούτοις
1037 3333 1220 3394 αὐτοῖς
1271 3332 1690 3403 παρεκελεύετο,
1730 3330 1847 3397 ἑνὸς
1875 3334 2039 3404 μόνου

461 3424 975 3495 προσεγγραφέντος
997 3424 1240 3495 ῥήματος
1261 3423 1365 3477 τοῦ
1388 3425 1643 3488 ὀμοουσί
1646 3442 1739 3486 ου,
1756 3423 1784 3476 ὃ
1802 3424 1894 3477 καὶ
1910 3424 2042 3479 αὐτὸ

461 3518 775 3589 ἡρμήνευσε
808 3515 1013 3583 λέγων,
1053 3515 1134 3568 ὅτι
1172 3515 1246 3586 μὴ
1277 3515 1419 3568 κατά
1466 3516 1735 3587 σωμάτων
1769 3515 1914 3588 πάθη
1950 3515 2041 3569 λέ-

462 3620 612 3673 γοιτο
638 3605 943 3676 ὁμοούσιος,
974 3604 1096 3660 οὕτε
1127 3596 1267 3660 κατὰ
1292 3606 1578 3677 διαίρεσιν,
1608 3606 1733 3661 οὔτε
1758 3610 1897 3663 κατά
1919 3626 2039 3663 τινα

462 3694 745 3766 ἀποτομὴν
784 3696 848 3749 ἐκ
890 3695 984 3748 τοῦ
1029 3696 1241 3767 Πατρὸς
1259 3696 1303 3728 ¹⁹
1357 3698 1688 3769 ὑποστῆναι’
1751 3700 1885 3771 μηδὲ
1932 3699 2040 3769 γὰρ

460 3786 719 3841 δύνασθαι
743 3788 840 3858 τὴν
868 3788 1048 3850 ἄῦλον,
1075 3790 1169 3842 καὶ
1195 3788 1405 3860 νοεράν,
1432 3790 1526 3843 καὶ
1547 3790 1835 3862 ἀσώματον
1855 3792 2039 3862 φύσιν,

464 3881 774 3950 σωματικόν
797 3898 849 3934 τι
877 3880 1046 3944 πάθος
1076 3880 1423 3950 ι’)φίστασθαι⁵
1456 3881 1619 3946 θείοις
1648 3883 1705 3936 δὲ
1748 3883 1842 3937 καὶ
1870 3883 2042 3954 ἀπορ-

461 3969 648 4040 ρήτοις
680 3966 1161 4041 λόγοις⁶προσήκει
1189 3970 1257 4023 τά
1289 3970 1513 4025 τοιαῦτα
1545 3973 1705 4026 νοεῖν.
1737 3973 1846 4026 Καὶ
1882 3974 1911 4026 ὁ
1939 3972 2037 4043 μὲν

462 4060 770 4128 σοφώτατος
799 4060 955 4130 ήμῶν
994 4061 1087 4113 καὶ
1120 4059 1505 4123 εὐσεϐέστατος
1535 4060 1789 4131 βασιλεὺς
1819 4061 1888 4115 τὰ
1921 4078 2037 4116 τοι·

460 4151 601 4215 αῦτα
623 4153 1005 4222 διεφιλοσόφει.
1038 4153 1101 4205 Oi
1129 4153 1187 4205 δὲ
1213 4153 1484 4223 προφάσει
1507 4154 1603 4223 τῆς
1626 4151 1721 4206 τοῦ
1750 4153 2036 4224 ὀμοουσίου

460 4243 777 4314 προσθήκης
796 4242 953 4313 τήνδε
993 4243 1090 4313 τὴν
1116 4243 1335 4314 γραφὴν
1361 4244 1743 4315 πεποιήκασιν.

609 4355 672 4410 Ἠ
700 4354 771 4407 ἐν
790 4352 864 4422 τῇ
890 4354 1129 4422 συνόδῳ
1154 4355 1633 4425 ὑπαγορευθεῖσα
1668 4358 1893 4425 πίστις.

2145 3161 2337 3203 omnes
2401 3145 2829 3210 assentirentur,
2885 3146 3234 3221 decretisque
3290 3154 3724 3217 subscriberent.

2143 3247 2199 3293 et
2228 3239 2283 3292 in
2312 3237 2400 3293 his
2423 3236 2557 3307 ipsis
2586 3238 2968 3307 conspirarent
3017 3239 3364 3309 hortabatur,
3397 3259 3501 3299 una
3524 3246 3723 3300 dunta-

2146 3339 2238 3385 xat
2261 3330 2500 3400 ascripta
2525 3344 2655 3385 voce
2676 3330 3169 3399 consubstantialis,
3190 3350 3356 3405 quam
3382 3336 3557 3407 ipsam
3582 3355 3721 3409 quo-

2143 3438 2252 3493 que
2272 3422 2663 3492 interpretatus
2682 3430 2787 3488 est,
2807 3420 3011 3478 docens
3041 3422 3240 3479 Filium
3271 3429 3722 3483 consubstantia-

2146 3512 2248 3567 lem
2280 3527 2389 3567 non
2436 3513 2595 3582 juxta
2646 3527 2943 3584 corporum
3000 3513 3321 3573 all‘eetiones
3352 3517 3483 3586 dici,
3544 3535 3722 3591 neque

2142 3618 2241 3673 per
2291 3603 2618 3658 divisionem
2666 3615 2763 3657 aut
2808 3604 3107 3661 sectionem
3153 3606 3392 3677 aliquam
3442 3624 3508 3665 ex
3559 3609 3721 3666 Patre

2144 3696 2468 3753 subsistere.
2500 3695 2643 3751 Fieri
2666 3696 2811 3750 enim
2832 3711 2939 3750 non
2969 3712 3150 3767 posse,
3177 3708 3235 3753 ut
3263 3701 3507 3757 materie
3521 3718 3720 3775 expers

2144 3786 2614 3856 intelligibilisqne
2661 3793 2720 3839 et
2770 3785 3095 3856 incorporea
3147 3797 3343 3845 natura
3392 3807 3717 3865 corpoream

2143 3877 2487 3933 aﬂ‘ectionem
2534 3877 2699 3931 ullam
2755 3878 3030 3949 recipiat:
3080 3881 3175 3935 sed
3222 3882 3355 3937 talia
3393 3883 3594 3940 divinis
3664 3897 3719 3940 et

2139 3971 2357 4025 arcanis
2398 3968 2579 4024 verbis
2635 3970 2849 4038 concipi
2904 3970 3123 4026 debere.
3180 3971 3260 4025 Ad
3292 3973 3437 4028 hunc
3494 3975 3715 4030 modum

2141 4061 2583 4133 sapientissimus
2610 4068 2664 4115 et
2699 4061 3157 4132 religiosissimus
3190 4064 3448 4134 princeps
3472 4065 3716 4134 philoso-

2141 4154 2432 4223 phabatur.
2464 4151 2717 4221 Episcopi
2736 4167 2868 4207 vero
2893 4152 3191 4221 adjiciendi
3214 4154 3714 4212 consubstantialis

2140 4246 2314 4316 gratia
2345 4245 2460 4299 hinc
2496 4244 2703 4314 scripto
2733 4247 3086 4298 mandarunt.

2597 4353 2758 4413 Fides
2784 4358 2838 4411 in
2868 4358 3094 4412 concilia
3117 4358 3281 4414 edita.

527 4467 865 4539 Πιστεύομεν
892 4469 973 4530 είς
1005 4467 1102 4523 ἕνα
1146 4468 1301 4533 Θεὸν,
1332 4470 1551 4541 Πατέρα
1591 4472 2031 4543 παντοκράτορα,

2207 4469 2498 4525 Credimus
2523 4471 2575 4525 in
2608 4484 2776 4524 unum
2808 4467 3240 4530 Deum.Patrem
3259 4474 3712 4545 omnipotentem,

457 4561 676 4615 πάντων
713 4558 928 4631 ὁρατῶν
967 4575 1026 4611 τε
1068 4559 1164 4613 καὶ
1214 4560 1462 4631 ἀοράτων
1512 4562 1741 4633 ποιητήν
1763 4578 1778 4593 ⁸
1813 4563 1908 4617 καὶ
1953 4565 2034 4627 είς

452 4648 550 4703 ενα
581 4650 784 4722 Κύριον
822 4649 1030 4721 Ἰησοῦν
1061 4649 1318 4721 Χριστὸν,
1343 4649 1435 4705 τὸν
1459 4651 1585 4704 Υίδν
1606 4651 1700 4705 τοῦ
1723 4652 1881 4718 Θεοῦ,
1904 4670 2033 4722 γεν-

2134 4561 2382 4617 omnium
2424 4562 2724 4618 visibilium
2756 4569 2812 4616 et
2835 4561 3193 4619 invisibilium
3239 4564 3535 4636 factorem;
3572 4579 3627 4625 et
3662 4573 3716 4625 in

2139 4671 2309 4710 unum
2343 4653 2637 4710 Dominum
2664 4653 2855 4709 Jesum
2888 4654 3191 4724 Christum,
3228 4656 3425 4715 Filium
3460 4661 3551 4717 Dei
3591 4665 3709 4716 uni.

454 4739 685 4810 νηθέντα
729 4742 794 4795 ἐκ
844 4740 1123 4812 Πατρὸς⁸⁴
1181 4741 1470 4813 μονογενῆ,
1521 4742 1801 4797 τουτέστιν
1829 4746 1894 4799 ὲκ
1933 4745 2034 4817 τῆς

2143 4747 2403 4820 genitum,
2434 4754 2619 4801 natum
2653 4746 2721 4801 de
2771 4746 2950 4810 Patre.
2980 4748 3084 4803 hoc
3112 4759 3195 4805 est
3222 4789 3237 4815 ,
3286 4750 3359 4807 de
3410 4752 3714 4808 substantia

455 4830 642 4895 οὐσίας
668 4832 761 4885 τοῦ
798 4832 1033 4903 Πατρδς,
1065 4831 1197 4886 Θεὸν
1230 4834 1296 4887 ὲκ
1322 4833 1480 4898 Θεοῦ,
1504 4832 1545 4867 ⁸⁸
1576 4834 1695 4904 φῶς
1733 4835 1798 4890 ἐκ
1832 4837 2030 4906 φωτὸς.

453 4919 588 4974 Θεὸν
643 4922 891 4993 ἀληθινὸν
934 4926 998 4976 ἐκ
1054 4922 1191 4977 Θεοῦ
1231 4924 1507 4995 ἀληθινοῦ,
1567 4925 1916 4996 γεννηθέντα,
1968 4928 2030 4982 οὐ

455 5010 771 5082 ποιηθέντα,
828 5014 1112 5085 ὀμοούσιον
1162 5015 1241 5087 τῷ
1304 5018 1497 5088 Πατρὶ,
1541 5017 1609 5071 δι’
1654 5010 1715 5071 οὗ
1752 5020 1822 5073 τά
1858 5021 2036 5074 πάντα

546 5204 575 5245 γ
600 5192 794 5249 Matth.
834 5210 1024 5261 xxvi",
1062 5196 1149 5250 I9.

2139 4837 2337 4903 Patris,
2363 4836 2529 4893 Deum
2564 4836 2631 4892 de
2662 4837 2791 4905 Deo,
2815 4837 2980 4910 7'79
2998 4838 3177 4895 lumen
3197 4840 3265 4897 de
3294 4841 3520 4906 lumine,
3546 4843 3713 4899 Deum

2139 4942 2327 4982 verum
2375 4927 2442 4983 de
2473 4926 2583 4984 Deo
2612 4944 2764 4995 vero,
2797 4930 3065 5001 genitum,
3120 4946 3229 4986 non
3274 4930 3505 5002 factum,
3547 4934 3711 4988 unius

2148 5021 2470 5077 substantia:
2495 5037 2619 5076 eum
2647 5019 2832 5086 Patre,
2865 5036 2963 5090 per
2981 5037 3142 5091 quem
3171 5023 3353 5079 omnia
3387 5022 3529 5081 facta
3552 5033 3703 5088 sunt.

1760 5357 1995 5413 VARUE
2039 5357 2441 5413 LEC'I'IONES.

530 5480 574 5513 “
594 5480 693 5551 τῆς
724 5480 931 5536 addunt
979 5477 1145 5551 Basil.
1187 5485 1242 5532 et
1282 5476 1469 5551 Steph.
1548 5476 1592 5510 ³⁸
1620 5474 2040 5551 γεγεννημένον.
2078 5472 2242 5531 Iidem
2295 5491 2420 5551 cum
2467 5476 2626 5551 Socr.
2674 5476 2899 5551 rectius.
2993 5475 3040 5508 ⁸⁸
3078 5474 3257 5551 πάλιν.
3301 5474 3431 5551 Bas.
3477 5478 3594 5551 bat.
3634 5477 3715 5551 vi.

447 5552 610 5622 tiose.
651 5549 659 5551 ’
682 5551 762 5622 _"
799 5551 1010 5622 ήμᾶςμ
1030 5549 1195 5622 Idem.

447 5686 673 5758 Niceph.
709 5688 1055 5760 Ilist..Ech.,
1090 5685 1221 5753 VIII,
1247 5686 1329 5740 i7.
1409 5688 1450 5718 “
1482 5685 1575 5745 καί
1609 5688 1812 5743 addunt

1310 5547 1354 5619 Ῥ
1380 5544 1751 5619 ’σρμφρονείξιί
1801 5544 1926 5600 Bas.
1971 5545 2164 5619 βιαιο.
2211 5553 2265 5619 et
2310 5546 2433 5602 Lat.
2476 5544 2670 5619 Steph.
2731 5545 3190 5619 ξοιὶσυμφωνείν
3248 5548 3414 5601 etiam
3465 5546 3715 5619 ACasatIl).

450 5618 637 5691 habet,
676 5615 927 5691 socrl'et
951 5617 1196 5691 Niceph._
1328 5617 1391 5668 ὲκ
1412 5615 1671 5691 Πατρός.
1698 5615 2095 5691 Ulerqueﬁag.
2128 5625 2182 5672 et
2214 5617 2407 5691 Steph.

1888 5685 2006 5741 asil.
2036 5686 2130 5742 Gr.
2164 5696 2215 5743 et
2243 5684 2361 5749 La't.
2394 5702 2519 5744 cum
2554 5684 2817 5759 Stephan.

2522 5615 2655 5690 “[éx
2688 5617 2782 5690 τοῦ
2817 5615 3049 5690 Πατρός.
3100 5615 3271 5674 Iidem
3306 5631 3433 5673 cum
3463 5617 3619 5669 Socr.
3662 5625 3720 5667 et

3788 880 3803 919 ί

3784 922 3798 951 ›
3850 958 3863 971 κ

3780 1014 3789 1064 Ι
