  <div class='ocr_page' id='page_1' title='image "/cluster/home/n/w/nwhite01/storage/ocr_20150623/82/hvd.32044020703054/531.png"; bbox 0 0 4084 6196; ppageno 0'>
   <div class='ocr_carea' id='block_1_1' title="bbox 375 319 482 387">
    <p class='ocr_par' dir='ltr' id='par_1_1' title="bbox 375 319 482 387">
     <span class='ocr_line' id='line_1_1' title="bbox 375 319 482 387; baseline -0.037 0"><span class='ocrx_word' id='word_1_1' title='bbox 375 319 482 387; x_wconf 66' lang='grc'><strong>947</strong></span> 
     </span>
    </p>
   </div>
   <div class='ocr_carea' id='block_1_2' title="bbox 1339 278 2596 381">
    <p class='ocr_par' dir='ltr' id='par_1_2' title="bbox 1339 278 2596 381">
     <span class='ocr_line' id='line_1_2' title="bbox 1339 278 2596 381; baseline -0.001 -2"><span class='ocrx_word' id='word_1_2' title='bbox 1339 320 1823 381; x_wconf 77' lang='lat' dir='ltr'><strong>THEODORETI</strong></span> <span class='ocrx_word' id='word_1_3' title='bbox 1858 278 2197 377; x_wconf 73' lang='grc' dir='ltr'>Εριδουνι</span> <span class='ocrx_word' id='word_1_4' title='bbox 2230 319 2596 378; x_wconf 74' lang='lat' dir='ltr'><strong>CYRENSIS</strong></span> 
     </span>
    </p>
   </div>
   <div class='ocr_carea' id='block_1_3' title="bbox 3529 313 3637 377">
    <p class='ocr_par' dir='ltr' id='par_1_3' title="bbox 3529 313 3637 377">
     <span class='ocr_line' id='line_1_3' title="bbox 3529 313 3637 377; baseline 0.009 -2"><span class='ocrx_word' id='word_1_5' title='bbox 3529 313 3637 377; x_wconf 67' lang='lat' dir='ltr'><strong>9l8</strong></span> 
     </span>
    </p>
   </div>
   <div class='ocr_carea' id='block_1_4' title="bbox 380 423 1956 500">
    <p class='ocr_par' dir='ltr' id='par_1_4' title="bbox 380 426 1956 500">
     <span class='ocr_line' id='line_1_4' title="bbox 380 426 1956 500; baseline -0.003 -17"><span class='ocrx_word' id='word_1_6' title='bbox 380 444 480 483; x_wconf 87' lang='lat' dir='ltr'><strong>nec</strong></span> <span class='ocrx_word' id='word_1_7' title='bbox 506 444 535 482; x_wconf 88' lang='lat' dir='ltr'><strong>a</strong></span> <span class='ocrx_word' id='word_1_8' title='bbox 563 426 821 482; x_wconf 85' lang='lat' dir='ltr'><strong>Patribus</strong></span> <span class='ocrx_word' id='word_1_9' title='bbox 853 433 987 481; x_wconf 86' lang='lat' dir='ltr'><strong>tunc</strong></span> <span class='ocrx_word' id='word_1_10' title='bbox 1008 427 1311 497; x_wconf 86' lang='lat' dir='ltr'><strong>‘temporis</strong></span> <span class='ocrx_word' id='word_1_11' title='bbox 1337 429 1686 500; x_wconf 72' lang='lat' dir='ltr'><strong>congregatis</strong></span> <span class='ocrx_word' id='word_1_12' title='bbox 1712 428 1956 490; x_wconf 86' lang='lat' dir='ltr'><strong>inventa,</strong></span> 
     </span>
    </p>
   </div>
   <div class='ocr_carea' id='block_1_5' title="bbox 2056 423 3637 500">
    <p class='ocr_par' dir='ltr' id='par_1_5' title="bbox 2066 423 3637 496">
     <span class='ocr_line' id='line_1_5' title="bbox 2066 423 3637 496; baseline -0.001 -18"><span class='ocrx_word' id='word_1_13' title='bbox 2066 441 2258 496; x_wconf 81' lang='grc' dir='ltr'>ρησις,</span> <span class='ocrx_word' id='word_1_14' title='bbox 2294 426 2414 480; x_wconf 69' lang='grc' dir='ltr'>οὐδὲ</span> <span class='ocrx_word' id='word_1_15' title='bbox 2469 426 2575 479; x_wconf 79' lang='grc' dir='ltr'>ὑπὸ</span> <span class='ocrx_word' id='word_1_16' title='bbox 2610 425 2717 480; x_wconf 81' lang='grc' dir='ltr'>τῶν</span> <span class='ocrx_word' id='word_1_17' title='bbox 2773 424 2890 478; x_wconf 78' lang='grc' dir='ltr'>τότε</span> <span class='ocrx_word' id='word_1_18' title='bbox 2928 423 3428 495; x_wconf 66' lang='grc' dir='ltr'><strong>συναθροισθέντων</strong></span> <span class='ocrx_word' id='word_1_19' title='bbox 3459 424 3637 477; x_wconf 78' lang='grc' dir='ltr'>Πατέ-</span> 
     </span>
    </p>
   </div>
   <div class='ocr_carea' id='block_1_6' title="bbox 378 518 1958 591">
    <p class='ocr_par' dir='ltr' id='par_1_6' title="bbox 378 518 1958 591">
     <span class='ocr_line' id='line_1_6' title="bbox 378 518 1958 591; baseline 0 -18"><span class='ocrx_word' id='word_1_20' title='bbox 378 518 473 574; x_wconf 85' lang='lat' dir='ltr'><strong>sed</strong></span> <span class='ocrx_word' id='word_1_21' title='bbox 515 535 545 572; x_wconf 88' lang='lat' dir='ltr'><strong>a</strong></span> <span class='ocrx_word' id='word_1_22' title='bbox 586 518 889 588; x_wconf 83' lang='lat' dir='ltr'><strong>majoribus</strong></span> <span class='ocrx_word' id='word_1_23' title='bbox 931 520 1064 574; x_wconf 88' lang='lat' dir='ltr'><strong>olim</strong></span> <span class='ocrx_word' id='word_1_24' title='bbox 1100 519 1167 574; x_wconf 87' lang='lat' dir='ltr'><strong>ad</strong></span> <span class='ocrx_word' id='word_1_25' title='bbox 1204 531 1456 591; x_wconf 75' lang='lat' dir='ltr'><strong>posteros</strong></span> <span class='ocrx_word' id='word_1_26' title='bbox 1486 521 1744 585; x_wconf 87' lang='lat' dir='ltr'><strong>deducta,</strong></span> <span class='ocrx_word' id='word_1_27' title='bbox 1784 518 1958 573; x_wconf 81' lang='lat' dir='ltr'><strong>Euse-</strong></span> 
     </span>
    </p>
   </div>
   <div class='ocr_carea' id='block_1_7' title="bbox 380 609 1957 682">
    <p class='ocr_par' dir='ltr' id='par_1_7' title="bbox 380 609 1957 682">
     <span class='ocr_line' id='line_1_7' title="bbox 380 609 1957 682; baseline -0.003 -15"><span class='ocrx_word' id='word_1_28' title='bbox 380 609 504 667; x_wconf 81' lang='lat' dir='ltr'><strong>bius</strong></span> <span class='ocrx_word' id='word_1_29' title='bbox 556 610 848 680; x_wconf 82' lang='lat' dir='ltr'><strong>perspicue</strong></span> <span class='ocrx_word' id='word_1_30' title='bbox 879 618 1115 666; x_wconf 87' lang='lat' dir='ltr'><strong>testatus</strong></span> <span class='ocrx_word' id='word_1_31' title='bbox 1156 619 1260 667; x_wconf 90' lang='lat' dir='ltr'><strong>est.</strong></span> <span class='ocrx_word' id='word_1_32' title='bbox 1287 610 1442 679; x_wconf 87' lang='lat' dir='ltr'><strong>Quod</strong></span> <span class='ocrx_word' id='word_1_33' title='bbox 1476 628 1605 667; x_wconf 89' lang='lat' dir='ltr'><strong>vero</strong></span> <span class='ocrx_word' id='word_1_34' title='bbox 1648 610 1957 682; x_wconf 72' lang='lat' dir='ltr'><strong>expositam</strong></span> 
     </span>
    </p>
   </div>
   <div class='ocr_carea' id='block_1_8' title="bbox 378 698 1958 773">
    <p class='ocr_par' dir='ltr' id='par_1_8' title="bbox 378 698 1958 773">
     <span class='ocr_line' id='line_1_8' title="bbox 378 698 1958 773; baseline 0.001 -19"><span class='ocrx_word' id='word_1_35' title='bbox 378 698 542 756; x_wconf 81' lang='lat' dir='ltr'><strong>tidem</strong></span> <span class='ocrx_word' id='word_1_36' title='bbox 570 716 763 757; x_wconf 88' lang='lat' dir='ltr'><strong>omnes</strong></span> <span class='ocrx_word' id='word_1_37' title='bbox 788 701 952 773; x_wconf 74' lang='lat'><strong>783</strong></span> <span class='ocrx_word' id='word_1_38' title='bbox 985 702 1075 771; x_wconf 88' lang='lat' dir='ltr'><strong>qui</strong></span> <span class='ocrx_word' id='word_1_39' title='bbox 1109 712 1240 759; x_wconf 89' lang='lat' dir='ltr'><strong>tunc</strong></span> <span class='ocrx_word' id='word_1_40' title='bbox 1265 714 1639 759; x_wconf 77' lang='lat' dir='ltr'><strong>convenerant</strong></span> <span class='ocrx_word' id='word_1_41' title='bbox 1673 717 1783 757; x_wconf 93' lang='lat' dir='ltr'><strong>uno</strong></span> <span class='ocrx_word' id='word_1_42' title='bbox 1821 717 1958 757; x_wconf 90' lang='lat' dir='ltr'><strong>con-</strong></span> 
     </span>
    </p>
   </div>
   <div class='ocr_carea' id='block_1_9' title="bbox 377 794 1956 862">
    <p class='ocr_par' dir='ltr' id='par_1_9' title="bbox 377 794 1956 862">
     <span class='ocr_line' id='line_1_9' title="bbox 377 794 1956 862; baseline 0.001 -17"><span class='ocrx_word' id='word_1_43' title='bbox 377 809 545 851; x_wconf 77' lang='lat' dir='ltr'><strong>sensu</strong></span> <span class='ocrx_word' id='word_1_44' title='bbox 609 794 721 849; x_wconf 89' lang='lat' dir='ltr'><strong>sint</strong></span> <span class='ocrx_word' id='word_1_45' title='bbox 780 794 1037 862; x_wconf 82' lang='lat' dir='ltr'><strong>amplexi,</strong></span> <span class='ocrx_word' id='word_1_46' title='bbox 1097 802 1155 850; x_wconf 89' lang='lat' dir='ltr'><strong>et</strong></span> <span class='ocrx_word' id='word_1_47' title='bbox 1217 795 1410 852; x_wconf 90' lang='lat' dir='ltr'><strong>eodem</strong></span> <span class='ocrx_word' id='word_1_48' title='bbox 1470 797 1527 852; x_wconf 91' lang='lat' dir='ltr'><strong>in</strong></span> <span class='ocrx_word' id='word_1_49' title='bbox 1588 797 1708 852; x_wconf 86' lang='lat' dir='ltr'><strong>loco</strong></span> <span class='ocrx_word' id='word_1_50' title='bbox 1766 794 1956 858; x_wconf 87' lang='lat' dir='ltr'><strong>tradit,</strong></span> 
     </span>
    </p>
   </div>
   <div class='ocr_carea' id='block_1_10' title="bbox 376 883 1955 957">
    <p class='ocr_par' dir='ltr' id='par_1_10' title="bbox 376 883 1955 957">
     <span class='ocr_line' id='line_1_10' title="bbox 376 883 1955 957; baseline 0.002 -22"><span class='ocrx_word' id='word_1_51' title='bbox 376 891 430 935; x_wconf 75' lang='lat' dir='ltr'><strong>et</strong></span> <span class='ocrx_word' id='word_1_52' title='bbox 472 884 529 937; x_wconf 90' lang='lat' dir='ltr'><strong>in</strong></span> <span class='ocrx_word' id='word_1_53' title='bbox 585 883 696 937; x_wconf 90' lang='lat' dir='ltr'><strong>alio</strong></span> <span class='ocrx_word' id='word_1_54' title='bbox 732 899 929 939; x_wconf 86' lang='lat' dir='ltr'><strong>rursus</strong></span> <span class='ocrx_word' id='word_1_55' title='bbox 986 899 1151 952; x_wconf 80' lang='lat' dir='ltr'><strong>Opere</strong></span> <span class='ocrx_word' id='word_1_56' title='bbox 1197 893 1465 952; x_wconf 86' lang='lat' dir='ltr'><strong>testatur,</strong></span> <span class='ocrx_word' id='word_1_57' title='bbox 1500 887 1558 941; x_wconf 90' lang='lat' dir='ltr'><strong>in</strong></span> <span class='ocrx_word' id='word_1_58' title='bbox 1617 902 1728 957; x_wconf 89' lang='lat' dir='ltr'><strong>quo</strong></span> <span class='ocrx_word' id='word_1_59' title='bbox 1786 885 1955 940; x_wconf 88' lang='lat' dir='ltr'><strong>vitam</strong></span> 
     </span>
    </p>
   </div>
   <div class='ocr_carea' id='block_1_11' title="bbox 376 974 1957 1045">
    <p class='ocr_par' dir='ltr' id='par_1_11' title="bbox 376 974 1957 1045">
     <span class='ocr_line' id='line_1_11' title="bbox 376 974 1957 1045; baseline 0.003 -18"><span class='ocrx_word' id='word_1_60' title='bbox 376 975 729 1030; x_wconf 75' lang='lat' dir='ltr'><strong>Constantini</strong></span> <span class='ocrx_word' id='word_1_61' title='bbox 779 976 965 1045; x_wconf 78' lang='lat' dir='ltr'><strong>magni</strong></span> <span class='ocrx_word' id='word_1_62' title='bbox 1004 977 1239 1033; x_wconf 90' lang='lat' dir='ltr'><strong>summis</strong></span> <span class='ocrx_word' id='word_1_63' title='bbox 1303 978 1560 1033; x_wconf 83' lang='lat' dir='ltr'><strong>laudibus</strong></span> <span class='ocrx_word' id='word_1_64' title='bbox 1619 976 1798 1031; x_wconf 87' lang='lat' dir='ltr'><strong>el&#39;l‘ert.</strong></span> <span class='ocrx_word' id='word_1_65' title='bbox 1864 974 1957 1031; x_wconf 88' lang='lat' dir='ltr'><strong>Sic</strong></span> 
     </span>
    </p>
   </div>
   <div class='ocr_carea' id='block_1_12' title="bbox 377 1063 1952 1124">
    <p class='ocr_par' dir='ltr' id='par_1_12' title="bbox 377 1063 1952 1124">
     <span class='ocr_line' id='line_1_12' title="bbox 377 1063 1952 1124; baseline 0.003 -8"><span class='ocrx_word' id='word_1_66' title='bbox 377 1065 523 1118; x_wconf 75' lang='lat' dir='ltr'><strong>enim</strong></span> <span class='ocrx_word' id='word_1_67' title='bbox 582 1065 794 1120; x_wconf 81' lang='lat' dir='ltr'><strong>scribit.</strong></span> <span class='ocrx_word' id='word_1_68' title='bbox 851 1063 976 1119; x_wconf 63' lang='lat' dir='ltr'><strong>Haec</strong></span> <span class='ocrx_word' id='word_1_69' title='bbox 1043 1066 1133 1121; x_wconf 92' lang='lat' dir='ltr'><strong>ille</strong></span> <span class='ocrx_word' id='word_1_70' title='bbox 1179 1066 1354 1122; x_wconf 90' lang='lat' dir='ltr'><strong>latino</strong></span> <span class='ocrx_word' id='word_1_71' title='bbox 1415 1084 1670 1124; x_wconf 83' lang='lat' dir='ltr'><strong>sermone</strong></span> <span class='ocrx_word' id='word_1_72' title='bbox 1711 1068 1822 1122; x_wconf 86' lang='lat' dir='ltr'><strong>alio</strong></span> <span class='ocrx_word' id='word_1_73' title='bbox 1870 1067 1952 1121; x_wconf 86' lang='lat' dir='ltr'><strong>in-</strong></span> 
     </span>
    </p>
   </div>
   <div class='ocr_carea' id='block_1_13' title="bbox 380 1159 1957 1232">
    <p class='ocr_par' dir='ltr' id='par_1_13' title="bbox 380 1159 1957 1232">
     <span class='ocr_line' id='line_1_13' title="bbox 380 1159 1957 1232; baseline 0.004 -23"><span class='ocrx_word' id='word_1_74' title='bbox 380 1165 712 1227; x_wconf 87' lang='lat' dir='ltr'><strong>terpretante</strong></span> <span class='ocrx_word' id='word_1_75' title='bbox 747 1160 991 1221; x_wconf 88' lang='lat' dir='ltr'><strong>locutus,</strong></span> <span class='ocrx_word' id='word_1_76' title='bbox 1020 1159 1278 1229; x_wconf 86' lang='lat' dir='ltr'><strong>loquendi</strong></span> <span class='ocrx_word' id='word_1_77' title='bbox 1313 1161 1528 1232; x_wconf 88' lang='lat' dir='ltr'><strong>copiam</strong></span> <span class='ocrx_word' id='word_1_78' title='bbox 1564 1160 1759 1232; x_wconf 81' lang='lat' dir='ltr'><strong>synodi</strong></span> <span class='ocrx_word' id='word_1_79' title='bbox 1817 1175 1957 1231; x_wconf 55' lang='lat' dir='ltr'><strong>pra-</strong></span> 
     </span>
    </p>
   </div>
   <div class='ocr_carea' id='block_1_14' title="bbox 302 1246 1958 1318">
    <p class='ocr_par' dir='ltr' id='par_1_14' title="bbox 302 1246 1958 1318">
     <span class='ocr_line' id='line_1_14' title="bbox 302 1246 1958 1318; baseline 0.005 -18"><span class='ocrx_word' id='word_1_80' title='bbox 302 1264 305 1265; x_wconf 60' lang='lat'><strong><em>&#39;</em></strong></span> <span class='ocrx_word' id='word_1_81' title='bbox 338 1276 347 1318; x_wconf 52' lang='grc' dir='ltr'><strong><em>ε</em></strong></span> <span class='ocrx_word' id='word_1_82' title='bbox 379 1246 590 1302; x_wconf 89' lang='lat' dir='ltr'><strong>sidibus</strong></span> <span class='ocrx_word' id='word_1_83' title='bbox 632 1246 780 1302; x_wconf 78' lang='lat' dir='ltr'><strong>fecit.</strong></span> <span class='ocrx_word' id='word_1_84' title='bbox 827 1249 899 1303; x_wconf 91' lang='lat' dir='ltr'><strong>lbi</strong></span> <span class='ocrx_word' id='word_1_85' title='bbox 943 1256 1058 1303; x_wconf 91' lang='lat' dir='ltr'><strong>tum</strong></span> <span class='ocrx_word' id='word_1_86' title='bbox 1094 1250 1210 1315; x_wconf 86' lang='lat' dir='ltr'><strong>alii,</strong></span> <span class='ocrx_word' id='word_1_87' title='bbox 1236 1250 1363 1305; x_wconf 86' lang='lat' dir='ltr'><strong>hinc</strong></span> <span class='ocrx_word' id='word_1_88' title='bbox 1389 1253 1599 1318; x_wconf 78' lang='lat' dir='ltr'><strong>exorsi,</strong></span> <span class='ocrx_word' id='word_1_89' title='bbox 1626 1253 1837 1307; x_wconf 88' lang='lat' dir='ltr'><strong>vicinos</strong></span> <span class='ocrx_word' id='word_1_90' title='bbox 1865 1268 1958 1309; x_wconf 82' lang='lat' dir='ltr'><strong>ac—</strong></span> 
     </span>
    </p>
   </div>
   <div class='ocr_carea' id='block_1_15' title="bbox 378 1341 1954 1415">
    <p class='ocr_par' dir='ltr' id='par_1_15' title="bbox 378 1341 1954 1415">
     <span class='ocr_line' id='line_1_15' title="bbox 378 1341 1954 1415; baseline 0.005 -22"><span class='ocrx_word' id='word_1_91' title='bbox 378 1353 577 1394; x_wconf 90' lang='lat' dir='ltr'><strong>cusare</strong></span> <span class='ocrx_word' id='word_1_92' title='bbox 625 1349 934 1409; x_wconf 76' lang='lat' dir='ltr'><strong>cmperuut,</strong></span> <span class='ocrx_word' id='word_1_93' title='bbox 972 1341 1065 1396; x_wconf 88' lang='lat' dir='ltr'><strong>alii</strong></span> <span class='ocrx_word' id='word_1_94' title='bbox 1112 1343 1449 1413; x_wconf 87' lang='lat' dir='ltr'><strong>respondere</strong></span> <span class='ocrx_word' id='word_1_95' title='bbox 1490 1352 1545 1400; x_wconf 91' lang='lat' dir='ltr'><strong>et</strong></span> <span class='ocrx_word' id='word_1_96' title='bbox 1591 1345 1954 1415; x_wconf 88' lang='lat' dir='ltr'><strong>recriminari,</strong></span> 
     </span>
    </p>
   </div>
   <div class='ocr_carea' id='block_1_16' title="bbox 298 1426 1958 1509">
    <p class='ocr_par' dir='ltr' id='par_1_16' title="bbox 298 1426 1958 1509">
     <span class='ocr_line' id='line_1_16' title="bbox 298 1426 1958 1509; baseline 0.007 -27"><span class='ocrx_word' id='word_1_97' title='bbox 298 1432 305 1439; x_wconf 82' lang='lat'><strong>‘</strong></span> <span class='ocrx_word' id='word_1_98' title='bbox 342 1426 345 1429; x_wconf 61' lang='grc'><strong>⁷</strong></span> <span class='ocrx_word' id='word_1_99' title='bbox 380 1432 632 1499; x_wconf 82' lang='lat' dir='ltr'><strong>plurimis</strong></span> <span class='ocrx_word' id='word_1_100' title='bbox 680 1448 812 1488; x_wconf 88' lang='lat' dir='ltr'><strong>sane</strong></span> <span class='ocrx_word' id='word_1_101' title='bbox 860 1434 929 1487; x_wconf 92' lang='lat' dir='ltr'><strong>ab</strong></span> <span class='ocrx_word' id='word_1_102' title='bbox 963 1443 1197 1503; x_wconf 90' lang='lat' dir='ltr'><strong>utraque</strong></span> <span class='ocrx_word' id='word_1_103' title='bbox 1232 1444 1387 1505; x_wconf 90' lang='lat' dir='ltr'><strong>parte</strong></span> <span class='ocrx_word' id='word_1_104' title='bbox 1420 1437 1678 1505; x_wconf 87' lang='lat' dir='ltr'><strong>objectis.</strong></span> <span class='ocrx_word' id='word_1_105' title='bbox 1706 1438 1958 1509; x_wconf 86' lang='lat' dir='ltr'><strong>Cumque</strong></span> 
     </span>
    </p>
   </div>
   <div class='ocr_carea' id='block_1_17' title="bbox 334 1522 1956 1596">
    <p class='ocr_par' dir='ltr' id='par_1_17' title="bbox 334 1522 1956 1596">
     <span class='ocr_line' id='line_1_17' title="bbox 334 1522 1956 1596; baseline 0.006 -21"><span class='ocrx_word' id='word_1_106' title='bbox 334 1526 340 1533; x_wconf 91' lang='lat'>&#39;</span> <span class='ocrx_word' id='word_1_107' title='bbox 379 1522 535 1576; x_wconf 91' lang='lat' dir='ltr'><strong>initio</strong></span> <span class='ocrx_word' id='word_1_108' title='bbox 583 1537 784 1594; x_wconf 77' lang='lat' dir='ltr'><strong>magna</strong></span> <span class='ocrx_word' id='word_1_109' title='bbox 820 1531 965 1579; x_wconf 85' lang='lat' dir='ltr'><strong>esset</strong></span> <span class='ocrx_word' id='word_1_110' title='bbox 1011 1523 1332 1589; x_wconf 89' lang='lat' dir='ltr'><strong>dimicatio,</strong></span> <span class='ocrx_word' id='word_1_111' title='bbox 1373 1528 1649 1596; x_wconf 82' lang='lat' dir='ltr'><strong>patienter</strong></span> <span class='ocrx_word' id='word_1_112' title='bbox 1698 1529 1956 1584; x_wconf 87' lang='lat' dir='ltr'><strong>audiebat</strong></span> 
     </span>
    </p>
   </div>
   <div class='ocr_carea' id='block_1_18' title="bbox 376 1612 1954 1691">
    <p class='ocr_par' dir='ltr' id='par_1_18' title="bbox 376 1612 1954 1691">
     <span class='ocr_line' id='line_1_18' title="bbox 376 1612 1954 1691; baseline 0.009 -29"><span class='ocrx_word' id='word_1_113' title='bbox 376 1613 561 1666; x_wconf 84' lang='lat' dir='ltr'><strong>omnia</strong></span> <span class='ocrx_word' id='word_1_114' title='bbox 614 1612 950 1683; x_wconf 86' lang='lat' dir='ltr'><strong>imperator,</strong></span> <span class='ocrx_word' id='word_1_115' title='bbox 986 1615 1213 1687; x_wconf 89' lang='lat' dir='ltr'><strong>acrique</strong></span> <span class='ocrx_word' id='word_1_116' title='bbox 1270 1618 1459 1673; x_wconf 89' lang='lat' dir='ltr'><strong>studio</strong></span> <span class='ocrx_word' id='word_1_117' title='bbox 1508 1634 1632 1690; x_wconf 78' lang='lat' dir='ltr'><strong>qua:</strong></span> <span class='ocrx_word' id='word_1_118' title='bbox 1682 1636 1954 1691; x_wconf 86' lang='lat' dir='ltr'><strong>propone-</strong></span> 
     </span>
    </p>
   </div>
   <div class='ocr_carea' id='block_1_19' title="bbox 378 1703 1953 1782">
    <p class='ocr_par' dir='ltr' id='par_1_19' title="bbox 378 1703 1953 1782">
     <span class='ocr_line' id='line_1_19' title="bbox 378 1703 1953 1782; baseline 0.008 -27"><span class='ocrx_word' id='word_1_119' title='bbox 378 1703 576 1758; x_wconf 89' lang='lat' dir='ltr'><strong>bantur</strong></span> <span class='ocrx_word' id='word_1_120' title='bbox 629 1706 979 1775; x_wconf 82' lang='lat' dir='ltr'><strong>excipiebat,</strong></span> <span class='ocrx_word' id='word_1_121' title='bbox 1032 1716 1088 1763; x_wconf 89' lang='lat' dir='ltr'><strong>et</strong></span> <span class='ocrx_word' id='word_1_122' title='bbox 1147 1709 1391 1765; x_wconf 85' lang='lat' dir='ltr'><strong>vicissim</strong></span> <span class='ocrx_word' id='word_1_123' title='bbox 1439 1711 1730 1782; x_wconf 90' lang='lat' dir='ltr'><strong>utriusque</strong></span> <span class='ocrx_word' id='word_1_124' title='bbox 1781 1712 1953 1781; x_wconf 89' lang='lat' dir='ltr'><strong>partis</strong></span> 
     </span>
    </p>
   </div>
   <div class='ocr_carea' id='block_1_20' title="bbox 373 1787 2030 1872">
    <p class='ocr_par' dir='ltr' id='par_1_20' title="bbox 373 1787 2030 1872">
     <span class='ocr_line' id='line_1_20' title="bbox 373 1787 2030 1872; baseline 0.007 -25"><span class='ocrx_word' id='word_1_125' title='bbox 373 1795 524 1850; x_wconf 88' lang='lat' dir='ltr'><strong>dicta</strong></span> <span class='ocrx_word' id='word_1_126' title='bbox 562 1795 889 1861; x_wconf 81' lang='lat' dir='ltr'><strong>defendens,</strong></span> <span class='ocrx_word' id='word_1_127' title='bbox 918 1802 1268 1856; x_wconf 88' lang='lat' dir='ltr'><strong>contentiose</strong></span> <span class='ocrx_word' id='word_1_128' title='bbox 1306 1802 1642 1859; x_wconf 89' lang='lat' dir='ltr'><strong>dissidentes</strong></span> <span class='ocrx_word' id='word_1_129' title='bbox 1690 1804 1952 1872; x_wconf 89' lang='lat' dir='ltr'><strong>paulatim</strong></span> <span class='ocrx_word' id='word_1_130' title='bbox 1990 1787 2030 1845; x_wconf 77' lang='grc' dir='ltr'><strong><em>Β</em></strong></span> 
     </span>
    </p>
   </div>
   <div class='ocr_carea' id='block_1_21' title="bbox 377 1889 1956 1966">
    <p class='ocr_par' dir='ltr' id='par_1_21' title="bbox 377 1889 1956 1966">
     <span class='ocr_line' id='line_1_21' title="bbox 377 1889 1956 1966; baseline 0.009 -28"><span class='ocrx_word' id='word_1_131' title='bbox 377 1889 789 1952; x_wconf 79' lang='lat' dir='ltr'><strong>reconciliabat,</strong></span> <span class='ocrx_word' id='word_1_132' title='bbox 807 1899 861 1946; x_wconf 91' lang='lat' dir='ltr'><strong>ct</strong></span> <span class='ocrx_word' id='word_1_133' title='bbox 890 1892 1138 1962; x_wconf 77' lang='lat' dir='ltr'><strong>singulos</strong></span> <span class='ocrx_word' id='word_1_134' title='bbox 1160 1893 1395 1965; x_wconf 76' lang='lat' dir='ltr'><strong>benigne</strong></span> <span class='ocrx_word' id='word_1_135' title='bbox 1413 1895 1720 1966; x_wconf 87' lang='lat' dir='ltr'><strong>alloquens,</strong></span> <span class='ocrx_word' id='word_1_136' title='bbox 1740 1896 1956 1952; x_wconf 69' lang='lat' dir='ltr'><strong>Graeco-</strong></span> 
     </span>
    </p>
   </div>
   <div class='ocr_carea' id='block_1_22' title="bbox 376 1982 1953 2059">
    <p class='ocr_par' dir='ltr' id='par_1_22' title="bbox 376 1982 1953 2059">
     <span class='ocr_line' id='line_1_22' title="bbox 376 1982 1953 2059; baseline 0.007 -27"><span class='ocrx_word' id='word_1_137' title='bbox 376 1995 481 2047; x_wconf 89' lang='lat' dir='ltr'><strong>que</strong></span> <span class='ocrx_word' id='word_1_138' title='bbox 509 1990 667 2036; x_wconf 87' lang='lat' dir='ltr'><strong>utens</strong></span> <span class='ocrx_word' id='word_1_139' title='bbox 700 1997 957 2037; x_wconf 78' lang='lat' dir='ltr'><strong>sermone</strong></span> <span class='ocrx_word' id='word_1_140' title='bbox 985 1982 1132 2053; x_wconf 91' lang='lat' dir='ltr'><strong>(nam</strong></span> <span class='ocrx_word' id='word_1_141' title='bbox 1168 1985 1331 2055; x_wconf 85' lang='lat' dir='ltr'><strong>hujus</strong></span> <span class='ocrx_word' id='word_1_142' title='bbox 1357 2002 1577 2058; x_wconf 90' lang='lat' dir='ltr'><strong>quoque</strong></span> <span class='ocrx_word' id='word_1_143' title='bbox 1598 1990 1822 2059; x_wconf 81' lang='lat' dir='ltr'><strong>ignarus</strong></span> <span class='ocrx_word' id='word_1_144' title='bbox 1844 2003 1953 2043; x_wconf 91' lang='lat' dir='ltr'><strong>non</strong></span> 
     </span>
    </p>
   </div>
   <div class='ocr_carea' id='block_1_23' title="bbox 373 2071 1953 2144">
    <p class='ocr_par' dir='ltr' id='par_1_23' title="bbox 373 2071 1953 2144">
     <span class='ocr_line' id='line_1_23' title="bbox 373 2071 1953 2144; baseline 0.006 -18"><span class='ocrx_word' id='word_1_145' title='bbox 373 2072 537 2135; x_wconf 88' lang='lat' dir='ltr'><strong>erat),</strong></span> <span class='ocrx_word' id='word_1_146' title='bbox 567 2071 783 2127; x_wconf 91' lang='lat' dir='ltr'><strong>dulcem</strong></span> <span class='ocrx_word' id='word_1_147' title='bbox 834 2088 899 2128; x_wconf 89' lang='lat' dir='ltr'><strong>ac</strong></span> <span class='ocrx_word' id='word_1_148' title='bbox 938 2089 1163 2131; x_wconf 84' lang='lat' dir='ltr'><strong>suavem</strong></span> <span class='ocrx_word' id='word_1_149' title='bbox 1203 2093 1264 2133; x_wconf 89' lang='lat' dir='ltr'><strong>se</strong></span> <span class='ocrx_word' id='word_1_150' title='bbox 1304 2078 1622 2144; x_wconf 87' lang='lat' dir='ltr'><strong>exhibebat,</strong></span> <span class='ocrx_word' id='word_1_151' title='bbox 1663 2081 1749 2137; x_wconf 92' lang='lat' dir='ltr'><strong>his</strong></span> <span class='ocrx_word' id='word_1_152' title='bbox 1793 2082 1953 2137; x_wconf 82' lang='lat' dir='ltr'><strong>ﬁdem</strong></span> 
     </span>
    </p>
   </div>
   <div class='ocr_carea' id='block_1_24' title="bbox 377 2164 1957 2243">
    <p class='ocr_par' dir='ltr' id='par_1_24' title="bbox 377 2164 1957 2243">
     <span class='ocr_line' id='line_1_24' title="bbox 377 2164 1957 2243; baseline 0.008 -25"><span class='ocrx_word' id='word_1_153' title='bbox 377 2164 605 2231; x_wconf 74' lang='lat' dir='ltr'><strong>faciens,</strong></span> <span class='ocrx_word' id='word_1_154' title='bbox 637 2165 763 2221; x_wconf 91' lang='lat' dir='ltr'><strong>illos</strong></span> <span class='ocrx_word' id='word_1_155' title='bbox 800 2167 981 2224; x_wconf 84' lang='lat' dir='ltr'><strong>verbis</strong></span> <span class='ocrx_word' id='word_1_156' title='bbox 1026 2167 1337 2235; x_wconf 84' lang='lat' dir='ltr'><strong>inﬂectens,</strong></span> <span class='ocrx_word' id='word_1_157' title='bbox 1381 2173 1477 2243; x_wconf 91' lang='lat' dir='ltr'><strong>qui</strong></span> <span class='ocrx_word' id='word_1_158' title='bbox 1526 2182 1678 2229; x_wconf 90' lang='lat' dir='ltr'><strong>recte</strong></span> <span class='ocrx_word' id='word_1_159' title='bbox 1708 2174 1957 2231; x_wconf 88' lang='lat' dir='ltr'><strong>dicerent</strong></span> 
     </span>
    </p>
   </div>
   <div class='ocr_carea' id='block_1_25' title="bbox 374 2254 1952 2335">
    <p class='ocr_par' dir='ltr' id='par_1_25' title="bbox 374 2254 1952 2335">
     <span class='ocr_line' id='line_1_25' title="bbox 374 2254 1952 2335; baseline 0.008 -27"><span class='ocrx_word' id='word_1_160' title='bbox 374 2254 713 2320; x_wconf 86' lang='lat' dir='ltr'><strong>collaudans,</strong></span> <span class='ocrx_word' id='word_1_161' title='bbox 746 2270 941 2312; x_wconf 90' lang='lat' dir='ltr'><strong>omnes</strong></span> <span class='ocrx_word' id='word_1_162' title='bbox 958 2258 1027 2313; x_wconf 92' lang='lat' dir='ltr'><strong>ad</strong></span> <span class='ocrx_word' id='word_1_163' title='bbox 1057 2259 1410 2316; x_wconf 88' lang='lat' dir='ltr'><strong>concordiam</strong></span> <span class='ocrx_word' id='word_1_164' title='bbox 1442 2261 1750 2333; x_wconf 87' lang='lat' dir='ltr'><strong>impellens.</strong></span> <span class='ocrx_word' id='word_1_165' title='bbox 1773 2265 1952 2335; x_wconf 86' lang='lat' dir='ltr'><strong>quoad</strong></span> 
     </span>
    </p>
   </div>
   <div class='ocr_carea' id='block_1_26' title="bbox 374 2348 1955 2423">
    <p class='ocr_par' dir='ltr' id='par_1_26' title="bbox 374 2348 1955 2423">
     <span class='ocr_line' id='line_1_26' title="bbox 374 2348 1955 2423; baseline 0.009 -25"><span class='ocrx_word' id='word_1_166' title='bbox 374 2348 442 2401; x_wconf 87' lang='lat' dir='ltr'><strong>de</strong></span> <span class='ocrx_word' id='word_1_167' title='bbox 489 2348 747 2403; x_wconf 89' lang='lat' dir='ltr'><strong>omnibus</strong></span> <span class='ocrx_word' id='word_1_168' title='bbox 796 2363 916 2417; x_wconf 68' lang='lat' dir='ltr'><strong>qua:</strong></span> <span class='ocrx_word' id='word_1_169' title='bbox 959 2350 1015 2405; x_wconf 93' lang='lat' dir='ltr'><strong>in</strong></span> <span class='ocrx_word' id='word_1_170' title='bbox 1071 2353 1508 2410; x_wconf 90' lang='lat' dir='ltr'><strong>controversiam</strong></span> <span class='ocrx_word' id='word_1_171' title='bbox 1558 2364 1853 2423; x_wconf 81' lang='lat' dir='ltr'><strong>venerant,</strong></span> <span class='ocrx_word' id='word_1_172' title='bbox 1885 2356 1955 2412; x_wconf 89' lang='lat' dir='ltr'><strong>ad</strong></span> 
     </span>
    </p>
   </div>
   <div class='ocr_carea' id='block_1_27' title="bbox 373 2445 1956 2519">
    <p class='ocr_par' dir='ltr' id='par_1_27' title="bbox 373 2445 1956 2519">
     <span class='ocr_line' id='line_1_27' title="bbox 373 2445 1956 2519; baseline 0.007 -28"><span class='ocrx_word' id='word_1_173' title='bbox 373 2452 538 2519; x_wconf 74' lang='lat' dir='ltr'><strong>uuam</strong></span> <span class='ocrx_word' id='word_1_174' title='bbox 579 2453 773 2494; x_wconf 88' lang='lat' dir='ltr'><strong>omnes</strong></span> <span class='ocrx_word' id='word_1_175' title='bbox 805 2448 1044 2497; x_wconf 85' lang='lat' dir='ltr'><strong>mentem</strong></span> <span class='ocrx_word' id='word_1_176' title='bbox 1076 2445 1525 2513; x_wconf 85' lang='lat' dir='ltr'><strong>sententiamque</strong></span> <span class='ocrx_word' id='word_1_177' title='bbox 1568 2446 1849 2516; x_wconf 88' lang='lat' dir='ltr'><strong>perduxit,</strong></span> <span class='ocrx_word' id='word_1_178' title='bbox 1898 2456 1956 2502; x_wconf 91' lang='lat' dir='ltr'><strong>ut</strong></span> 
     </span>
    </p>
   </div>
   <div class='ocr_carea' id='block_1_28' title="bbox 372 2533 1956 2603">
    <p class='ocr_par' dir='ltr' id='par_1_28' title="bbox 372 2533 1956 2603">
     <span class='ocr_line' id='line_1_28' title="bbox 372 2533 1956 2603; baseline 0.007 -19"><span class='ocrx_word' id='word_1_179' title='bbox 372 2540 427 2584; x_wconf 87' lang='lat' dir='ltr'><strong>et</strong></span> <span class='ocrx_word' id='word_1_180' title='bbox 459 2545 696 2587; x_wconf 88' lang='lat' dir='ltr'><strong>concors</strong></span> <span class='ocrx_word' id='word_1_181' title='bbox 734 2533 879 2589; x_wconf 89' lang='lat' dir='ltr'><strong>inter</strong></span> <span class='ocrx_word' id='word_1_182' title='bbox 933 2548 1030 2590; x_wconf 86' lang='lat' dir='ltr'><strong>eos</strong></span> <span class='ocrx_word' id='word_1_183' title='bbox 1081 2533 1217 2591; x_wconf 81' lang='lat' dir='ltr'><strong>ﬁdes</strong></span> <span class='ocrx_word' id='word_1_184' title='bbox 1267 2536 1647 2603; x_wconf 85' lang='lat' dir='ltr'><strong>obtineret,et</strong></span> <span class='ocrx_word' id='word_1_185' title='bbox 1694 2538 1956 2595; x_wconf 86' lang='lat' dir='ltr'><strong>salutaris</strong></span> 
     </span>
    </p>
   </div>
   <div class='ocr_carea' id='block_1_29' title="bbox 376 2622 1953 2701">
    <p class='ocr_par' dir='ltr' id='par_1_29' title="bbox 376 2622 1953 2701">
     <span class='ocr_line' id='line_1_29' title="bbox 376 2622 1953 2701; baseline 0.004 -22"><span class='ocrx_word' id='word_1_186' title='bbox 376 2622 501 2679; x_wconf 80' lang='lat' dir='ltr'><strong>festi</strong></span> <span class='ocrx_word' id='word_1_187' title='bbox 575 2630 793 2694; x_wconf 83' lang='lat' dir='ltr'><strong>tempus</strong></span> <span class='ocrx_word' id='word_1_188' title='bbox 853 2623 996 2680; x_wconf 87' lang='lat' dir='ltr'><strong>idem</strong></span> <span class='ocrx_word' id='word_1_189' title='bbox 1054 2640 1253 2683; x_wconf 86' lang='lat' dir='ltr'><strong>omnes</strong></span> <span class='ocrx_word' id='word_1_190' title='bbox 1319 2627 1724 2684; x_wconf 85' lang='lat' dir='ltr'><strong>observandum</strong></span> <span class='ocrx_word' id='word_1_191' title='bbox 1783 2645 1953 2701; x_wconf 73' lang='lat' dir='ltr'><strong>agno-</strong></span> 
     </span>
    </p>
   </div>
   <div class='ocr_carea' id='block_1_30' title="bbox 371 2716 1957 2787">
    <p class='ocr_par' dir='ltr' id='par_1_30' title="bbox 371 2716 1957 2787">
     <span class='ocr_line' id='line_1_30' title="bbox 371 2716 1957 2787; baseline 0.002 -14"><span class='ocrx_word' id='word_1_192' title='bbox 371 2723 611 2773; x_wconf 87' lang='lat' dir='ltr'><strong>scerent.</strong></span> <span class='ocrx_word' id='word_1_193' title='bbox 652 2716 784 2782; x_wconf 68' lang='lat' dir='ltr'><strong>Quae</strong></span> <span class='ocrx_word' id='word_1_194' title='bbox 814 2731 980 2787; x_wconf 86' lang='lat' dir='ltr'><strong>porro</strong></span> <span class='ocrx_word' id='word_1_195' title='bbox 1021 2718 1305 2772; x_wconf 88' lang='lat' dir='ltr'><strong>communi</strong></span> <span class='ocrx_word' id='word_1_196' title='bbox 1342 2720 1559 2774; x_wconf 83' lang='lat' dir='ltr'><strong>calculo</strong></span> <span class='ocrx_word' id='word_1_197' title='bbox 1598 2719 1957 2778; x_wconf 88' lang='lat' dir='ltr'><strong>decreverant</strong></span> 
     </span>
    </p>
   </div>
   <div class='ocr_carea' id='block_1_31' title="bbox 374 2808 1953 2883">
    <p class='ocr_par' dir='ltr' id='par_1_31' title="bbox 374 2808 1953 2883">
     <span class='ocr_line' id='line_1_31' title="bbox 374 2808 1953 2883; baseline 0.004 -22"><span class='ocrx_word' id='word_1_198' title='bbox 374 2810 641 2879; x_wconf 88' lang='lat' dir='ltr'><strong>impressa</strong></span> <span class='ocrx_word' id='word_1_199' title='bbox 667 2808 1079 2880; x_wconf 87' lang='lat' dir='ltr'><strong>subscriptione</strong></span> <span class='ocrx_word' id='word_1_200' title='bbox 1108 2810 1323 2865; x_wconf 77' lang='lat' dir='ltr'><strong>ﬁrmata</strong></span> <span class='ocrx_word' id='word_1_201' title='bbox 1355 2821 1504 2866; x_wconf 83' lang='lat' dir='ltr'><strong>sunt.</strong></span> <span class='ocrx_word' id='word_1_202' title='bbox 1536 2811 1599 2865; x_wconf 86' lang='lat' dir='ltr'><strong>Et</strong></span> <span class='ocrx_word' id='word_1_203' title='bbox 1628 2821 1751 2882; x_wconf 88' lang='lat' dir='ltr'><strong>post</strong></span> <span class='ocrx_word' id='word_1_204' title='bbox 1780 2828 1953 2883; x_wconf 89' lang='lat' dir='ltr'><strong>pauca</strong></span> 
     </span>
    </p>
   </div>
   <div class='ocr_carea' id='block_1_32' title="bbox 371 2900 1952 2974">
    <p class='ocr_par' dir='ltr' id='par_1_32' title="bbox 371 2900 1952 2974">
     <span class='ocr_line' id='line_1_32' title="bbox 371 2900 1952 2974; baseline 0.005 -20"><span class='ocrx_word' id='word_1_205' title='bbox 371 2915 567 2957; x_wconf 86' lang='lat' dir='ltr'><strong>rursus</strong></span> <span class='ocrx_word' id='word_1_206' title='bbox 595 2900 749 2956; x_wconf 86' lang='lat' dir='ltr'><strong>addit</strong></span> <span class='ocrx_word' id='word_1_207' title='bbox 783 2920 796 2957; x_wconf 89' lang='lat'><strong>:</strong></span> <span class='ocrx_word' id='word_1_208' title='bbox 829 2902 965 2958; x_wconf 79' lang='lat' dir='ltr'><strong>Cum</strong></span> <span class='ocrx_word' id='word_1_209' title='bbox 1006 2904 1074 2959; x_wconf 88' lang='lat' dir='ltr'><strong>ad</strong></span> <span class='ocrx_word' id='word_1_210' title='bbox 1127 2905 1274 2959; x_wconf 87' lang='lat' dir='ltr'><strong>hunc</strong></span> <span class='ocrx_word' id='word_1_211' title='bbox 1328 2907 1547 2961; x_wconf 87' lang='lat' dir='ltr'><strong>modum</strong></span> <span class='ocrx_word' id='word_1_212' title='bbox 1582 2908 1952 2974; x_wconf 87' lang='lat' dir='ltr'><strong>valedixisset,</strong></span> 
     </span>
    </p>
   </div>
   <div class='ocr_carea' id='block_1_33' title="bbox 370 2984 1950 3069">
    <p class='ocr_par' dir='ltr' id='par_1_33' title="bbox 370 2984 1950 3069">
     <span class='ocr_line' id='line_1_33' title="bbox 370 2984 1950 3069; baseline 0.006 -22"><span class='ocrx_word' id='word_1_213' title='bbox 370 2984 628 3050; x_wconf 86' lang='lat' dir='ltr'><strong>omnibus</strong></span> <span class='ocrx_word' id='word_1_214' title='bbox 653 2993 721 3049; x_wconf 88' lang='lat' dir='ltr'><strong>ad</strong></span> <span class='ocrx_word' id='word_1_215' title='bbox 752 2994 913 3052; x_wconf 89' lang='lat' dir='ltr'><strong>sedes</strong></span> <span class='ocrx_word' id='word_1_216' title='bbox 948 3011 1081 3053; x_wconf 87' lang='lat' dir='ltr'><strong>suas</strong></span> <span class='ocrx_word' id='word_1_217' title='bbox 1112 2997 1374 3054; x_wconf 90' lang='lat' dir='ltr'><strong>redeundi</strong></span> <span class='ocrx_word' id='word_1_218' title='bbox 1414 3008 1743 3069; x_wconf 90' lang='lat' dir='ltr'><strong>potestatem</strong></span> <span class='ocrx_word' id='word_1_219' title='bbox 1797 3001 1950 3058; x_wconf 77' lang='lat' dir='ltr'><strong>fecit.</strong></span> 
     </span>
    </p>
   </div>
   <div class='ocr_carea' id='block_1_34' title="bbox 372 3084 1955 3160">
    <p class='ocr_par' dir='ltr' id='par_1_34' title="bbox 372 3084 1955 3160">
     <span class='ocr_line' id='line_1_34' title="bbox 372 3084 1955 3160; baseline 0.008 -23"><span class='ocrx_word' id='word_1_220' title='bbox 372 3084 649 3158; x_wconf 65' lang='grc' dir='ltr'><strong>78411ιί</strong></span> <span class='ocrx_word' id='word_1_221' title='bbox 687 3103 818 3143; x_wconf 87' lang='lat' dir='ltr'><strong>vero</strong></span> <span class='ocrx_word' id='word_1_222' title='bbox 861 3088 1050 3144; x_wconf 66' lang='lat' dir='ltr'><strong>laetitia</strong></span> <span class='ocrx_word' id='word_1_223' title='bbox 1078 3090 1379 3160; x_wconf 78' lang='lat' dir='ltr'><strong>gestientes</strong></span> <span class='ocrx_word' id='word_1_224' title='bbox 1415 3090 1717 3149; x_wconf 85' lang='lat' dir='ltr'><strong>redierunt.</strong></span> <span class='ocrx_word' id='word_1_225' title='bbox 1738 3094 1955 3150; x_wconf 77' lang='lat' dir='ltr'><strong>Valuit-</strong></span> 
     </span>
    </p>
   </div>
   <div class='ocr_carea' id='block_1_35' title="bbox 369 3176 1949 3259">
    <p class='ocr_par' dir='ltr' id='par_1_35' title="bbox 369 3176 1949 3259">
     <span class='ocr_line' id='line_1_35' title="bbox 369 3176 1949 3259; baseline 0.009 -30"><span class='ocrx_word' id='word_1_226' title='bbox 369 3191 478 3246; x_wconf 91' lang='lat' dir='ltr'><strong>que</strong></span> <span class='ocrx_word' id='word_1_227' title='bbox 507 3176 576 3233; x_wconf 89' lang='lat' dir='ltr'><strong>de</strong></span> <span class='ocrx_word' id='word_1_228' title='bbox 618 3188 820 3234; x_wconf 65' lang='lat' dir='ltr'><strong>caetero</strong></span> <span class='ocrx_word' id='word_1_229' title='bbox 846 3180 991 3251; x_wconf 90' lang='lat' dir='ltr'><strong>apud</strong></span> <span class='ocrx_word' id='word_1_230' title='bbox 1022 3194 1214 3237; x_wconf 87' lang='lat' dir='ltr'><strong>omnes</strong></span> <span class='ocrx_word' id='word_1_231' title='bbox 1246 3199 1356 3238; x_wconf 86' lang='lat' dir='ltr'><strong>una</strong></span> <span class='ocrx_word' id='word_1_232' title='bbox 1402 3187 1694 3252; x_wconf 85' lang='lat' dir='ltr'><strong>sententia,</strong></span> <span class='ocrx_word' id='word_1_233' title='bbox 1726 3186 1794 3243; x_wconf 88' lang='lat' dir='ltr'><strong>de</strong></span> <span class='ocrx_word' id='word_1_234' title='bbox 1840 3202 1949 3259; x_wconf 90' lang='lat' dir='ltr'><strong>qua</strong></span> 
     </span>
    </p>
   </div>
   <div class='ocr_carea' id='block_1_36' title="bbox 369 3271 2003 3350">
    <p class='ocr_par' dir='ltr' id='par_1_36' title="bbox 369 3271 2003 3350">
     <span class='ocr_line' id='line_1_36' title="bbox 369 3271 2003 3350; baseline 0.006 -26"><span class='ocrx_word' id='word_1_235' title='bbox 369 3285 557 3325; x_wconf 88' lang='lat' dir='ltr'><strong>coram</strong></span> <span class='ocrx_word' id='word_1_236' title='bbox 607 3271 941 3341; x_wconf 90' lang='lat' dir='ltr'><strong>imperatore</strong></span> <span class='ocrx_word' id='word_1_237' title='bbox 992 3284 1415 3343; x_wconf 81' lang='lat' dir='ltr'><strong>consenserant,</strong></span> <span class='ocrx_word' id='word_1_238' title='bbox 1463 3278 1517 3332; x_wconf 88' lang='lat' dir='ltr'><strong>in</strong></span> <span class='ocrx_word' id='word_1_239' title='bbox 1581 3295 1751 3333; x_wconf 91' lang='lat' dir='ltr'><strong>unum</strong></span> <span class='ocrx_word' id='word_1_240' title='bbox 1791 3280 1948 3350; x_wconf 89' lang='lat' dir='ltr'><strong>quasi</strong></span> <span class='ocrx_word' id='word_1_241' title='bbox 1986 3298 2003 3319; x_wconf 80' lang='grc' dir='ltr'><strong><em>ο</em></strong></span> 
     </span>
    </p>
   </div>
   <div class='ocr_carea' id='block_1_37' title="bbox 369 3364 1946 3438">
    <p class='ocr_par' dir='ltr' id='par_1_37' title="bbox 369 3364 1946 3438">
     <span class='ocr_line' id='line_1_37' title="bbox 369 3364 1946 3438; baseline 0.008 -25"><span class='ocrx_word' id='word_1_242' title='bbox 369 3376 576 3432; x_wconf 89' lang='lat' dir='ltr'><strong>corpus</strong></span> <span class='ocrx_word' id='word_1_243' title='bbox 634 3364 1078 3438; x_wconf 76' lang='lat' dir='ltr'><strong>coalescentibus</strong></span> <span class='ocrx_word' id='word_1_244' title='bbox 1113 3366 1202 3432; x_wconf 91' lang='lat' dir='ltr'><strong>iis,</strong></span> <span class='ocrx_word' id='word_1_245' title='bbox 1255 3367 1349 3438; x_wconf 91' lang='lat' dir='ltr'><strong>qui</strong></span> <span class='ocrx_word' id='word_1_246' title='bbox 1408 3367 1567 3423; x_wconf 90' lang='lat' dir='ltr'><strong>divisi</strong></span> <span class='ocrx_word' id='word_1_247' title='bbox 1617 3368 1946 3438; x_wconf 86' lang='lat' dir='ltr'><strong>jampridem</strong></span> 
     </span>
    </p>
   </div>
   <div class='ocr_carea' id='block_1_38' title="bbox 371 3453 1948 3531">
    <p class='ocr_par' dir='ltr' id='par_1_38' title="bbox 371 3453 1948 3531">
     <span class='ocr_line' id='line_1_38' title="bbox 371 3453 1948 3531; baseline 0.004 -20"><span class='ocrx_word' id='word_1_248' title='bbox 371 3453 611 3511; x_wconf 74' lang='lat' dir='ltr'><strong>inerant.</strong></span> <span class='ocrx_word' id='word_1_249' title='bbox 635 3457 705 3508; x_wconf 85' lang='lat' dir='ltr'><strong>At</strong></span> <span class='ocrx_word' id='word_1_250' title='bbox 736 3457 1057 3527; x_wconf 84' lang='lat' dir='ltr'><strong>imperator,</strong></span> <span class='ocrx_word' id='word_1_251' title='bbox 1096 3474 1156 3514; x_wconf 90' lang='lat' dir='ltr'><strong>re</strong></span> <span class='ocrx_word' id='word_1_252' title='bbox 1182 3459 1322 3514; x_wconf 89' lang='lat' dir='ltr'><strong>bene</strong></span> <span class='ocrx_word' id='word_1_253' title='bbox 1351 3467 1506 3529; x_wconf 80' lang='lat' dir='ltr'><strong>gesta</strong></span> <span class='ocrx_word' id='word_1_254' title='bbox 1544 3460 1723 3524; x_wconf 58' lang='lat' dir='ltr'><strong>la‘tus,</strong></span> <span class='ocrx_word' id='word_1_255' title='bbox 1755 3461 1823 3517; x_wconf 90' lang='lat' dir='ltr'><strong>iis</strong></span> <span class='ocrx_word' id='word_1_256' title='bbox 1854 3464 1948 3531; x_wconf 86' lang='lat' dir='ltr'><strong>qui</strong></span> 
     </span>
    </p>
   </div>
   <div class='ocr_carea' id='block_1_39' title="bbox 370 3543 1951 3619">
    <p class='ocr_par' dir='ltr' id='par_1_39' title="bbox 370 3543 1951 3619">
     <span class='ocr_line' id='line_1_39' title="bbox 370 3543 1951 3619; baseline 0.005 -21"><span class='ocrx_word' id='word_1_257' title='bbox 370 3543 584 3615; x_wconf 80' lang='lat' dir='ltr'><strong>synodo</strong></span> <span class='ocrx_word' id='word_1_258' title='bbox 628 3561 734 3599; x_wconf 92' lang='lat' dir='ltr'><strong>non</strong></span> <span class='ocrx_word' id='word_1_259' title='bbox 786 3545 1171 3612; x_wconf 73' lang='lat' dir='ltr'><strong>interfuerant,</strong></span> <span class='ocrx_word' id='word_1_260' title='bbox 1200 3546 1441 3601; x_wconf 80' lang='lat' dir='ltr'><strong>fructum</strong></span> <span class='ocrx_word' id='word_1_261' title='bbox 1476 3548 1695 3604; x_wconf 90' lang='lat' dir='ltr'><strong>uberem</strong></span> <span class='ocrx_word' id='word_1_262' title='bbox 1732 3566 1830 3619; x_wconf 91' lang='lat' dir='ltr'><strong>per</strong></span> <span class='ocrx_word' id='word_1_263' title='bbox 1861 3552 1951 3606; x_wconf 88' lang='lat' dir='ltr'><strong>lit-</strong></span> 
     </span>
    </p>
   </div>
   <div class='ocr_carea' id='block_1_40' title="bbox 371 3633 1952 3709">
    <p class='ocr_par' dir='ltr' id='par_1_40' title="bbox 371 3633 1952 3709">
     <span class='ocr_line' id='line_1_40' title="bbox 371 3633 1952 3709; baseline 0.008 -24"><span class='ocrx_word' id='word_1_264' title='bbox 371 3641 519 3687; x_wconf 85' lang='lat' dir='ltr'><strong>teras</strong></span> <span class='ocrx_word' id='word_1_265' title='bbox 555 3633 809 3703; x_wconf 75' lang='lat' dir='ltr'><strong>praebuit,</strong></span> <span class='ocrx_word' id='word_1_266' title='bbox 835 3636 1145 3705; x_wconf 86' lang='lat' dir='ltr'><strong>populoque</strong></span> <span class='ocrx_word' id='word_1_267' title='bbox 1176 3635 1437 3690; x_wconf 86' lang='lat' dir='ltr'><strong>universo</strong></span> <span class='ocrx_word' id='word_1_268' title='bbox 1468 3652 1564 3706; x_wconf 83' lang='lat' dir='ltr'><strong>per</strong></span> <span class='ocrx_word' id='word_1_269' title='bbox 1597 3652 1758 3709; x_wconf 81' lang='lat' dir='ltr'><strong>agros</strong></span> <span class='ocrx_word' id='word_1_270' title='bbox 1793 3651 1845 3696; x_wconf 92' lang='lat' dir='ltr'><strong>et</strong></span> <span class='ocrx_word' id='word_1_271' title='bbox 1870 3642 1952 3696; x_wconf 87' lang='lat' dir='ltr'><strong>ci—</strong></span> 
     </span>
    </p>
   </div>
   <div class='ocr_carea' id='block_1_41' title="bbox 368 3724 1947 3796">
    <p class='ocr_par' dir='ltr' id='par_1_41' title="bbox 368 3724 1947 3796">
     <span class='ocr_line' id='line_1_41' title="bbox 368 3724 1947 3796; baseline 0.008 -21"><span class='ocrx_word' id='word_1_272' title='bbox 368 3724 567 3779; x_wconf 87' lang='lat' dir='ltr'><strong>vitates</strong></span> <span class='ocrx_word' id='word_1_273' title='bbox 624 3724 878 3793; x_wconf 89' lang='lat' dir='ltr'><strong>disperso</strong></span> <span class='ocrx_word' id='word_1_274' title='bbox 931 3728 1209 3795; x_wconf 72' lang='lat' dir='ltr'><strong>ingentem</strong></span> <span class='ocrx_word' id='word_1_275' title='bbox 1256 3727 1504 3796; x_wconf 76' lang='lat' dir='ltr'><strong>pecunia:</strong></span> <span class='ocrx_word' id='word_1_276' title='bbox 1548 3729 1657 3784; x_wconf 91' lang='lat' dir='ltr'><strong>vim</strong></span> <span class='ocrx_word' id='word_1_277' title='bbox 1693 3731 1947 3788; x_wconf 89' lang='lat' dir='ltr'><strong>distribui</strong></span> 
     </span>
    </p>
   </div>
   <div class='ocr_carea' id='block_1_42' title="bbox 364 3814 1951 3887">
    <p class='ocr_par' dir='ltr' id='par_1_42' title="bbox 364 3814 1951 3887">
     <span class='ocr_line' id='line_1_42' title="bbox 364 3814 1951 3887; baseline 0.008 -20"><span class='ocrx_word' id='word_1_278' title='bbox 364 3814 556 3883; x_wconf 86' lang='lat' dir='ltr'><strong>jussit,</strong></span> <span class='ocrx_word' id='word_1_279' title='bbox 589 3815 961 3870; x_wconf 86' lang='lat' dir='ltr'><strong>vicennalium</strong></span> <span class='ocrx_word' id='word_1_280' title='bbox 1015 3818 1231 3887; x_wconf 88' lang='lat' dir='ltr'><strong>imperii</strong></span> <span class='ocrx_word' id='word_1_281' title='bbox 1280 3819 1366 3873; x_wconf 85' lang='lat' dir='ltr'><strong>sui</strong></span> <span class='ocrx_word' id='word_1_282' title='bbox 1416 3819 1560 3877; x_wconf 89' lang='lat' dir='ltr'><strong>diem</strong></span> <span class='ocrx_word' id='word_1_283' title='bbox 1599 3822 1800 3878; x_wconf 83' lang='lat' dir='ltr'><strong>festum</strong></span> <span class='ocrx_word' id='word_1_284' title='bbox 1847 3824 1951 3880; x_wconf 91' lang='lat' dir='ltr'><strong>hoc</strong></span> 
     </span>
    </p>
   </div>
   <div class='ocr_carea' id='block_1_43' title="bbox 370 3904 1954 3976">
    <p class='ocr_par' dir='ltr' id='par_1_43' title="bbox 370 3904 1954 3976">
     <span class='ocr_line' id='line_1_43' title="bbox 370 3904 1954 3976; baseline 0.006 -16"><span class='ocrx_word' id='word_1_285' title='bbox 370 3905 535 3960; x_wconf 86' lang='lat' dir='ltr'><strong>modo</strong></span> <span class='ocrx_word' id='word_1_286' title='bbox 563 3904 957 3969; x_wconf 66' lang='lat' dir='ltr'><strong>cohonestans.</strong></span> <span class='ocrx_word' id='word_1_287' title='bbox 986 3906 1169 3975; x_wconf 86' lang='lat' dir='ltr'><strong>Quare</strong></span> <span class='ocrx_word' id='word_1_288' title='bbox 1216 3909 1474 3976; x_wconf 83' lang='lat' dir='ltr'><strong>Arianos,</strong></span> <span class='ocrx_word' id='word_1_289' title='bbox 1524 3914 1630 3969; x_wconf 85' lang='lat' dir='ltr'><strong>etsi</strong></span> <span class='ocrx_word' id='word_1_290' title='bbox 1678 3915 1800 3972; x_wconf 90' lang='lat' dir='ltr'><strong>aliis</strong></span> <span class='ocrx_word' id='word_1_291' title='bbox 1850 3914 1954 3970; x_wconf 82' lang='lat' dir='ltr'><strong>Pa-</strong></span> 
     </span>
    </p>
   </div>
   <div class='ocr_carea' id='block_1_44' title="bbox 372 3999 1954 4073">
    <p class='ocr_par' dir='ltr' id='par_1_44' title="bbox 372 3999 1954 4073">
     <span class='ocr_line' id='line_1_44' title="bbox 372 3999 1954 4073; baseline 0.006 -20"><span class='ocrx_word' id='word_1_292' title='bbox 372 3999 549 4054; x_wconf 88' lang='lat' dir='ltr'><strong>tribus</strong></span> <span class='ocrx_word' id='word_1_293' title='bbox 597 4001 975 4057; x_wconf 81' lang='lat' dir='ltr'><strong>contradicere</strong></span> <span class='ocrx_word' id='word_1_294' title='bbox 1004 4002 1234 4071; x_wconf 89' lang='lat' dir='ltr'><strong>impium</strong></span> <span class='ocrx_word' id='word_1_295' title='bbox 1284 4018 1408 4059; x_wconf 90' lang='lat' dir='ltr'><strong>esse</strong></span> <span class='ocrx_word' id='word_1_296' title='bbox 1438 4019 1548 4059; x_wconf 92' lang='lat' dir='ltr'><strong>non</strong></span> <span class='ocrx_word' id='word_1_297' title='bbox 1580 4005 1787 4073; x_wconf 88' lang='lat' dir='ltr'><strong>dicant,</strong></span> <span class='ocrx_word' id='word_1_298' title='bbox 1826 4007 1954 4062; x_wconf 88' lang='lat' dir='ltr'><strong>huic</strong></span> 
     </span>
    </p>
   </div>
   <div class='ocr_carea' id='block_1_45' title="bbox 370 4096 1954 4166">
    <p class='ocr_par' dir='ltr' id='par_1_45' title="bbox 370 4096 1954 4166">
     <span class='ocr_line' id='line_1_45' title="bbox 370 4096 1954 4166; baseline 0.006 -19"><span class='ocrx_word' id='word_1_299' title='bbox 370 4099 540 4155; x_wconf 88' lang='lat' dir='ltr'><strong>certe,</strong></span> <span class='ocrx_word' id='word_1_300' title='bbox 595 4108 755 4163; x_wconf 93' lang='lat' dir='ltr'><strong>quem</strong></span> <span class='ocrx_word' id='word_1_301' title='bbox 812 4096 1097 4166; x_wconf 87' lang='lat' dir='ltr'><strong>suspicere</strong></span> <span class='ocrx_word' id='word_1_302' title='bbox 1158 4098 1356 4166; x_wconf 86' lang='lat' dir='ltr'><strong>solent,</strong></span> <span class='ocrx_word' id='word_1_303' title='bbox 1404 4098 1719 4155; x_wconf 89' lang='lat' dir='ltr'><strong>unanimem</strong></span> <span class='ocrx_word' id='word_1_304' title='bbox 1781 4099 1954 4157; x_wconf 82' lang='lat' dir='ltr'><strong>fuisse</strong></span> 
     </span>
    </p>
   </div>
   <div class='ocr_carea' id='block_1_46' title="bbox 369 4178 1950 4262">
    <p class='ocr_par' dir='ltr' id='par_1_46' title="bbox 369 4178 1950 4262">
     <span class='ocr_line' id='line_1_46' title="bbox 369 4178 1950 4262; baseline 0.007 -25"><span class='ocrx_word' id='word_1_305' title='bbox 369 4200 701 4240; x_wconf 89' lang='lat' dir='ltr'><strong>consensum</strong></span> <span class='ocrx_word' id='word_1_306' title='bbox 741 4178 909 4241; x_wconf 87' lang='lat' dir='ltr'><strong>illum</strong></span> <span class='ocrx_word' id='word_1_307' title='bbox 930 4187 1171 4257; x_wconf 84' lang='lat' dir='ltr'><strong>docenti,</strong></span> <span class='ocrx_word' id='word_1_308' title='bbox 1198 4191 1356 4245; x_wconf 89' lang='lat' dir='ltr'><strong>tidem</strong></span> <span class='ocrx_word' id='word_1_309' title='bbox 1392 4191 1655 4248; x_wconf 90' lang='lat' dir='ltr'><strong>adhibere</strong></span> <span class='ocrx_word' id='word_1_310' title='bbox 1688 4207 1787 4262; x_wconf 86' lang='lat' dir='ltr'><strong>par</strong></span> <span class='ocrx_word' id='word_1_311' title='bbox 1812 4200 1950 4248; x_wconf 85' lang='lat' dir='ltr'><strong>erat.</strong></span> 
     </span>
    </p>
   </div>
   <div class='ocr_carea' id='block_1_47' title="bbox 372 4275 1957 4354">
    <p class='ocr_par' dir='ltr' id='par_1_47' title="bbox 372 4275 1957 4354">
     <span class='ocr_line' id='line_1_47' title="bbox 372 4275 1957 4354; baseline 0.005 -23"><span class='ocrx_word' id='word_1_312' title='bbox 372 4275 480 4331; x_wconf 77' lang='lat' dir='ltr'><strong>Sed</strong></span> <span class='ocrx_word' id='word_1_313' title='bbox 511 4291 635 4330; x_wconf 91' lang='lat' dir='ltr'><strong>cum</strong></span> <span class='ocrx_word' id='word_1_314' title='bbox 673 4276 923 4347; x_wconf 79' lang='lat' dir='ltr'><strong>ipsorum</strong></span> <span class='ocrx_word' id='word_1_315' title='bbox 961 4295 1183 4351; x_wconf 80' lang='lat' dir='ltr'><strong>quoque</strong></span> <span class='ocrx_word' id='word_1_316' title='bbox 1236 4281 1459 4337; x_wconf 76' lang='lat' dir='ltr'><strong>Patrum</strong></span> <span class='ocrx_word' id='word_1_317' title='bbox 1512 4298 1741 4339; x_wconf 90' lang='lat' dir='ltr'><strong>suorum</strong></span> <span class='ocrx_word' id='word_1_318' title='bbox 1778 4285 1795 4306; x_wconf 86' lang='lat'><strong>“</strong></span> <span class='ocrx_word' id='word_1_319' title='bbox 1836 4284 1957 4354; x_wconf 65' lang='lat' dir='ltr'><strong>opi-v</strong></span> 
     </span>
    </p>
   </div>
   <div class='ocr_carea' id='block_1_48' title="bbox 370 4368 1956 4443">
    <p class='ocr_par' dir='ltr' id='par_1_48' title="bbox 370 4368 1956 4443">
     <span class='ocr_line' id='line_1_48' title="bbox 370 4368 1956 4443; baseline 0.004 -20"><span class='ocrx_word' id='word_1_320' title='bbox 370 4368 566 4424; x_wconf 88' lang='lat' dir='ltr'><strong>niones</strong></span> <span class='ocrx_word' id='word_1_321' title='bbox 623 4369 964 4441; x_wconf 74' lang='lat' dir='ltr'><strong>impuguent,</strong></span> <span class='ocrx_word' id='word_1_322' title='bbox 998 4373 1289 4441; x_wconf 89' lang='lat' dir='ltr'><strong>oportebat</strong></span> <span class='ocrx_word' id='word_1_323' title='bbox 1338 4375 1531 4430; x_wconf 88' lang='lat' dir='ltr'><strong>saltem</strong></span> <span class='ocrx_word' id='word_1_324' title='bbox 1570 4375 1686 4429; x_wconf 86' lang='lat' dir='ltr'><strong>Arii</strong></span> <span class='ocrx_word' id='word_1_325' title='bbox 1745 4374 1956 4443; x_wconf 87' lang='lat' dir='ltr'><strong>turpis-</strong></span> 
     </span>
    </p>
   </div>
   <div class='ocr_carea' id='block_1_49' title="bbox 2063 518 3640 591">
    <p class='ocr_par' dir='ltr' id='par_1_49' title="bbox 2063 518 3640 591">
     <span class='ocr_line' id='line_1_49' title="bbox 2063 518 3640 591; baseline -0.002 -19"><span class='ocrx_word' id='word_1_326' title='bbox 2063 536 2173 589; x_wconf 90' lang='grc' dir='ltr'><strong>ρων</strong></span> <span class='ocrx_word' id='word_1_327' title='bbox 2228 519 2575 591; x_wconf 79' lang='grc' dir='ltr'>ὲξευρεθεῖσα</span> <span class='ocrx_word' id='word_1_328' title='bbox 2598 560 2614 583; x_wconf 94' lang='grc'><strong>,</strong></span> <span class='ocrx_word' id='word_1_329' title='bbox 2670 518 2785 572; x_wconf 76' lang='grc' dir='ltr'>ἀλλ’</span> <span class='ocrx_word' id='word_1_330' title='bbox 2853 518 3060 572; x_wconf 73' lang='grc' dir='ltr'>ἄνωθεν</span> <span class='ocrx_word' id='word_1_331' title='bbox 3109 521 3175 571; x_wconf 79' lang='grc' dir='ltr'>ὲκ</span> <span class='ocrx_word' id='word_1_332' title='bbox 3229 521 3513 588; x_wconf 81' lang='grc' dir='ltr'>προγόνων</span> <span class='ocrx_word' id='word_1_333' title='bbox 3558 520 3640 579; x_wconf 88' lang='grc' dir='ltr'><strong>εἰς</strong></span> 
     </span>
    </p>
   </div>
   <div class='ocr_carea' id='block_1_50' title="bbox 2061 607 3687 685">
    <p class='ocr_par' dir='ltr' id='par_1_50' title="bbox 2061 607 3687 685">
     <span class='ocr_line' id='line_1_50' title="bbox 2061 607 3687 685; baseline -0.015 -5"><span class='ocrx_word' id='word_1_334' title='bbox 2061 611 2319 679; x_wconf 67' lang='grc' dir='ltr'><strong>ὲΥγόνους</strong></span> <span class='ocrx_word' id='word_1_335' title='bbox 2363 612 2747 682; x_wconf 79' lang='grc' dir='ltr'>καταγομένη,</span> <span class='ocrx_word' id='word_1_336' title='bbox 2783 608 2968 679; x_wconf 78' lang='grc' dir='ltr'>σαφῶς</span> <span class='ocrx_word' id='word_1_337' title='bbox 3014 608 3442 679; x_wconf 66' lang='grc' dir='ltr'><strong>μεμαρτύρηκεν</strong></span> <span class='ocrx_word' id='word_1_338' title='bbox 3475 608 3505 659; x_wconf 76' lang='grc' dir='ltr'><strong>ὁ</strong></span> <span class='ocrx_word' id='word_1_339' title='bbox 3532 607 3636 659; x_wconf 76' lang='grc' dir='ltr'>Εύ-</span> <span class='ocrx_word' id='word_1_340' title='bbox 3670 672 3687 685; x_wconf 9' lang='grc' dir='ltr'>γ’</span> 
     </span>
    </p>
   </div>
   <div class='ocr_carea' id='block_1_51' title="bbox 2063 698 3671 771">
    <p class='ocr_par' dir='ltr' id='par_1_51' title="bbox 2063 698 3671 771">
     <span class='ocr_line' id='line_1_51' title="bbox 2063 698 3671 771; baseline -0.002 -16"><span class='ocrx_word' id='word_1_341' title='bbox 2063 703 2260 767; x_wconf 78' lang='grc' dir='ltr'>σέόιος.</span> <span class='ocrx_word' id='word_1_342' title='bbox 2288 704 2410 757; x_wconf 85' lang='grc' dir='ltr'>Ὅτι</span> <span class='ocrx_word' id='word_1_343' title='bbox 2440 704 2496 757; x_wconf 81' lang='grc' dir='ltr'>δὲ</span> <span class='ocrx_word' id='word_1_344' title='bbox 2528 703 2622 757; x_wconf 73' lang='grc' dir='ltr'>καὶ</span> <span class='ocrx_word' id='word_1_345' title='bbox 2667 703 2907 764; x_wconf 73' lang='grc' dir='ltr'>ἅπαντες</span> <span class='ocrx_word' id='word_1_346' title='bbox 2934 703 2985 755; x_wconf 89' lang='grc' dir='ltr'><strong>οί</strong></span> <span class='ocrx_word' id='word_1_347' title='bbox 3015 699 3316 771; x_wconf 81' lang='grc' dir='ltr'>τηνικαῦτα</span> <span class='ocrx_word' id='word_1_348' title='bbox 3350 698 3629 768; x_wconf 80' lang='grc' dir='ltr'>συναθροι·</span> <span class='ocrx_word' id='word_1_349' title='bbox 3658 720 3671 732; x_wconf 66' lang='grc' dir='ltr'><strong>ι</strong></span> 
     </span>
    </p>
   </div>
   <div class='ocr_carea' id='block_1_52' title="bbox 2063 790 3642 866">
    <p class='ocr_par' dir='ltr' id='par_1_52' title="bbox 2063 790 3642 866">
     <span class='ocr_line' id='line_1_52' title="bbox 2063 790 3642 866; baseline -0.003 -18"><span class='ocrx_word' id='word_1_350' title='bbox 2063 794 2282 859; x_wconf 83' lang='grc' dir='ltr'>οθέντες</span> <span class='ocrx_word' id='word_1_351' title='bbox 2346 794 2656 866; x_wconf 77' lang='grc' dir='ltr'><strong>συμφώνως</strong></span> <span class='ocrx_word' id='word_1_352' title='bbox 2723 794 2825 866; x_wconf 76' lang='grc' dir='ltr'>τὴν</span> <span class='ocrx_word' id='word_1_353' title='bbox 2896 792 3212 847; x_wconf 84' lang='grc' dir='ltr'>ὲκτεθεῖσαν</span> <span class='ocrx_word' id='word_1_354' title='bbox 3282 790 3642 855; x_wconf 68' lang='grc' dir='ltr'><strong>κατεδέξαντο</strong></span> 
     </span>
    </p>
   </div>
   <div class='ocr_carea' id='block_1_53' title="bbox 2060 883 3751 954">
    <p class='ocr_par' dir='ltr' id='par_1_53' title="bbox 2060 883 3751 954">
     <span class='ocr_line' id='line_1_53' title="bbox 2060 883 3751 954; baseline -0.004 -14"><span class='ocrx_word' id='word_1_355' title='bbox 2060 888 2281 952; x_wconf 80' lang='grc' dir='ltr'>πίστιν,</span> <span class='ocrx_word' id='word_1_356' title='bbox 2333 884 2614 940; x_wconf 83' lang='grc' dir='ltr'>κάνταῦθα</span> <span class='ocrx_word' id='word_1_357' title='bbox 2660 884 2761 954; x_wconf 70' lang='grc' dir='ltr'>ἔφη</span> <span class='ocrx_word' id='word_1_358' title='bbox 2788 925 2804 948; x_wconf 92' lang='grc'><strong>,</strong></span> <span class='ocrx_word' id='word_1_359' title='bbox 2853 885 2948 937; x_wconf 68' lang='grc' dir='ltr'>καὶ</span> <span class='ocrx_word' id='word_1_360' title='bbox 3000 883 3163 940; x_wconf 82' lang='grc' dir='ltr'>πάλιν</span> <span class='ocrx_word' id='word_1_361' title='bbox 3211 886 3270 937; x_wconf 78' lang='grc' dir='ltr'>ὲν</span> <span class='ocrx_word' id='word_1_362' title='bbox 3303 883 3475 952; x_wconf 80' lang='grc' dir='ltr'>ἑτέρῳ</span> <span class='ocrx_word' id='word_1_363' title='bbox 3506 899 3637 950; x_wconf 77' lang='grc' dir='ltr'>συγο</span> <span class='ocrx_word' id='word_1_364' title='bbox 3746 932 3751 933; x_wconf 63' lang='lat'><strong>,</strong></span> 
     </span>
    </p>
   </div>
   <div class='ocr_carea' id='block_1_54' title="bbox 2060 973 3638 1049">
    <p class='ocr_par' dir='ltr' id='par_1_54' title="bbox 2060 973 3638 1049">
     <span class='ocr_line' id='line_1_54' title="bbox 2060 973 3638 1049; baseline -0.005 -18"><span class='ocrx_word' id='word_1_365' title='bbox 2060 978 2351 1049; x_wconf 78' lang='grc' dir='ltr'><strong>γράμματι</strong></span> <span class='ocrx_word' id='word_1_366' title='bbox 2388 979 2678 1047; x_wconf 87' lang='grc' dir='ltr'>μαρτυρεῖ,</span> <span class='ocrx_word' id='word_1_367' title='bbox 2707 975 2801 1028; x_wconf 91' lang='grc' dir='ltr'><strong>τοῦ</strong></span> <span class='ocrx_word' id='word_1_368' title='bbox 2833 974 3070 1045; x_wconf 77' lang='grc' dir='ltr'><strong>μεγάλου</strong></span> <span class='ocrx_word' id='word_1_369' title='bbox 3097 974 3509 1029; x_wconf 78' lang='grc' dir='ltr'>Κωνσταντίνου</span> <span class='ocrx_word' id='word_1_370' title='bbox 3537 973 3638 1041; x_wconf 76' lang='grc' dir='ltr'>τὴν</span> 
     </span>
    </p>
   </div>
   <div class='ocr_carea' id='block_1_55' title="bbox 2060 1068 3632 1141">
    <p class='ocr_par' dir='ltr' id='par_1_55' title="bbox 2060 1068 3632 1141">
     <span class='ocr_line' id='line_1_55' title="bbox 2060 1068 3632 1141; baseline -0.006 -15"><span class='ocrx_word' id='word_1_371' title='bbox 2060 1072 2336 1126; x_wconf 74' lang='grc' dir='ltr'><strong>πολιτείαν</strong></span> <span class='ocrx_word' id='word_1_372' title='bbox 2388 1070 2688 1141; x_wconf 71' lang='grc' dir='ltr'><strong>εὐφημίαις</strong></span> <span class='ocrx_word' id='word_1_373' title='bbox 2736 1070 3030 1141; x_wconf 74' lang='grc' dir='ltr'>γεραίρων.</span> <span class='ocrx_word' id='word_1_374' title='bbox 3067 1070 3230 1137; x_wconf 82' lang='grc' dir='ltr'>Λέγει</span> <span class='ocrx_word' id='word_1_375' title='bbox 3268 1069 3326 1122; x_wconf 77' lang='grc' dir='ltr'>δὲ</span> <span class='ocrx_word' id='word_1_376' title='bbox 3365 1068 3632 1130; x_wconf 72' lang='grc' dir='ltr'>οὖτωςηο</span> 
     </span>
    </p>
   </div>
   <div class='ocr_carea' id='block_1_56' title="bbox 2068 1160 3739 1234">
    <p class='ocr_par' dir='ltr' id='par_1_56' title="bbox 2068 1160 3739 1234">
     <span class='ocr_line' id='line_1_56' title="bbox 2068 1160 3739 1234; baseline -0.007 -15"><span class='ocrx_word' id='word_1_377' title='bbox 2068 1165 2128 1219; x_wconf 87' lang='lat'><strong>&#39;0</strong></span> <span class='ocrx_word' id='word_1_378' title='bbox 2161 1165 2261 1234; x_wconf 81' lang='grc' dir='ltr'>μὲν</span> <span class='ocrx_word' id='word_1_379' title='bbox 2296 1162 2360 1233; x_wconf 84' lang='grc' dir='ltr'>δὴ</span> <span class='ocrx_word' id='word_1_380' title='bbox 2392 1161 2546 1216; x_wconf 76' lang='grc' dir='ltr'>ταῦτ’</span> <span class='ocrx_word' id='word_1_381' title='bbox 2578 1160 2752 1216; x_wconf 79' lang='grc' dir='ltr'>εἰπὼν</span> <span class='ocrx_word' id='word_1_382' title='bbox 2790 1161 3043 1230; x_wconf 70' lang='grc' dir='ltr'>Ῥωμαία</span> <span class='ocrx_word' id='word_1_383' title='bbox 3070 1160 3282 1232; x_wconf 77' lang='grc' dir='ltr'>γλώττῃ</span> <span class='ocrx_word' id='word_1_384' title='bbox 3314 1200 3329 1221; x_wconf 89' lang='grc'><strong>,</strong></span> <span class='ocrx_word' id='word_1_385' title='bbox 3382 1163 3634 1231; x_wconf 73' lang='grc' dir='ltr'>ύφερμη-</span> <span class='ocrx_word' id='word_1_386' title='bbox 3738 1202 3739 1207; x_wconf 47' lang='grc' dir='ltr'><strong>η</strong></span> 
     </span>
    </p>
   </div>
   <div class='ocr_carea' id='block_1_57' title="bbox 2058 1250 3637 1323">
    <p class='ocr_par' dir='ltr' id='par_1_57' title="bbox 2058 1250 3637 1323">
     <span class='ocr_line' id='line_1_57' title="bbox 2058 1250 3637 1323; baseline -0.004 -15"><span class='ocrx_word' id='word_1_387' title='bbox 2058 1256 2306 1316; x_wconf 80' lang='grc' dir='ltr'><strong>νεύοντος</strong></span> <span class='ocrx_word' id='word_1_388' title='bbox 2336 1252 2552 1322; x_wconf 71' lang='grc' dir='ltr'>ἐτέρου,</span> <span class='ocrx_word' id='word_1_389' title='bbox 2594 1251 2881 1315; x_wconf 72' lang='grc' dir='ltr'>παρεδίδου</span> <span class='ocrx_word' id='word_1_390' title='bbox 2914 1250 3013 1323; x_wconf 72' lang='grc'><strong>[41</strong></span> <span class='ocrx_word' id='word_1_391' title='bbox 3039 1250 3058 1322; x_wconf 82' lang='grc'>]</span> <span class='ocrx_word' id='word_1_392' title='bbox 3088 1251 3182 1304; x_wconf 77' lang='grc' dir='ltr'><strong>τὸν</strong></span> <span class='ocrx_word' id='word_1_393' title='bbox 3212 1251 3368 1319; x_wconf 89' lang='grc' dir='ltr'>λόγον</span> <span class='ocrx_word' id='word_1_394' title='bbox 3395 1255 3508 1314; x_wconf 81' lang='grc' dir='ltr'>τοῖς</span> <span class='ocrx_word' id='word_1_395' title='bbox 3537 1251 3637 1321; x_wconf 80' lang='grc' dir='ltr'><strong>τῆς</strong></span> 
     </span>
    </p>
   </div>
   <div class='ocr_carea' id='block_1_58' title="bbox 2060 1341 3633 1414">
    <p class='ocr_par' dir='ltr' id='par_1_58' title="bbox 2060 1341 3633 1414">
     <span class='ocr_line' id='line_1_58' title="bbox 2060 1341 3633 1414; baseline -0.001 -18"><span class='ocrx_word' id='word_1_396' title='bbox 2060 1343 2276 1397; x_wconf 87' lang='grc' dir='ltr'>συνόδου</span> <span class='ocrx_word' id='word_1_397' title='bbox 2311 1343 2618 1414; x_wconf 75' lang='grc' dir='ltr'><strong>προέδροις.</strong></span> <span class='ocrx_word' id='word_1_398' title='bbox 2670 1341 2948 1395; x_wconf 78' lang='grc' dir='ltr'><strong>Ἐντεῦθεν</strong></span> <span class='ocrx_word' id='word_1_399' title='bbox 2990 1342 3049 1394; x_wconf 82' lang='grc' dir='ltr'>δὲ</span> <span class='ocrx_word' id='word_1_400' title='bbox 3079 1344 3129 1394; x_wconf 79' lang='lat' dir='ltr'><strong>oi</strong></span> <span class='ocrx_word' id='word_1_401' title='bbox 3179 1343 3276 1412; x_wconf 77' lang='grc' dir='ltr'>μὲν</span> <span class='ocrx_word' id='word_1_402' title='bbox 3308 1342 3633 1413; x_wconf 78' lang='grc' dir='ltr'>ἀρξάμενοι,</span> 
     </span>
    </p>
   </div>
   <div class='ocr_carea' id='block_1_59' title="bbox 2058 1432 3625 1509">
    <p class='ocr_par' dir='ltr' id='par_1_59' title="bbox 2058 1432 3625 1505">
     <span class='ocr_line' id='line_1_59' title="bbox 2058 1432 3625 1505; baseline -0.002 -17"><span class='ocrx_word' id='word_1_403' title='bbox 2058 1434 2394 1505; x_wconf 78' lang='grc' dir='ltr'><strong>κατῃτιῶντο</strong></span> <span class='ocrx_word' id='word_1_404' title='bbox 2413 1434 2538 1497; x_wconf 80' lang='grc' dir='ltr'>τοὺς</span> <span class='ocrx_word' id='word_1_405' title='bbox 2569 1432 2736 1495; x_wconf 80' lang='grc' dir='ltr'>πέλας</span> <span class='ocrx_word' id='word_1_406' title='bbox 2758 1433 2806 1465; x_wconf 67' lang='grc'><strong>’³</strong></span> <span class='ocrx_word' id='word_1_407' title='bbox 2828 1450 2842 1462; x_wconf 89' lang='grc'><strong>·</strong></span> <span class='ocrx_word' id='word_1_408' title='bbox 2872 1435 2922 1485; x_wconf 82' lang='grc' dir='ltr'>οι</span> <span class='ocrx_word' id='word_1_409' title='bbox 2950 1433 3007 1485; x_wconf 80' lang='grc' dir='ltr'>δὲ</span> <span class='ocrx_word' id='word_1_410' title='bbox 3037 1432 3405 1500; x_wconf 78' lang='grc' dir='ltr'>ἀπελογοῦντό</span> <span class='ocrx_word' id='word_1_411' title='bbox 3442 1450 3499 1486; x_wconf 89' lang='grc' dir='ltr'><strong>τε</strong></span> <span class='ocrx_word' id='word_1_412' title='bbox 3529 1434 3625 1486; x_wconf 77' lang='grc' dir='ltr'>καὶ</span> 
     </span>
    </p>
   </div>
   <div class='ocr_carea' id='block_1_60' title="bbox 2056 1525 3635 1596">
    <p class='ocr_par' dir='ltr' id='par_1_60' title="bbox 2056 1525 3635 1596">
     <span class='ocr_line' id='line_1_60' title="bbox 2056 1525 3635 1596; baseline -0.001 -17"><span class='ocrx_word' id='word_1_413' title='bbox 2056 1526 2502 1596; x_wconf 80' lang='grc' dir='ltr'>ἁντεμέμφοντο,</span> <span class='ocrx_word' id='word_1_414' title='bbox 2540 1526 2811 1578; x_wconf 79' lang='grc' dir='ltr'>πλείστων</span> <span class='ocrx_word' id='word_1_415' title='bbox 2836 1525 2970 1595; x_wconf 79' lang='grc' dir='ltr'>δῆτα</span> <span class='ocrx_word' id='word_1_416' title='bbox 3004 1526 3093 1593; x_wconf 78' lang='grc' dir='ltr'><strong>ὑφ’</strong></span> <span class='ocrx_word' id='word_1_417' title='bbox 3124 1526 3386 1595; x_wconf 79' lang='grc' dir='ltr'>ἐκατέρου</span> <span class='ocrx_word' id='word_1_418' title='bbox 3418 1525 3635 1593; x_wconf 84' lang='grc' dir='ltr'>τάγμα-</span> 
     </span>
    </p>
   </div>
   <div class='ocr_carea' id='block_1_61' title="bbox 2055 1617 3636 1690">
    <p class='ocr_par' dir='ltr' id='par_1_61' title="bbox 2055 1617 3636 1690">
     <span class='ocr_line' id='line_1_61' title="bbox 2055 1617 3636 1690; baseline 0 -19"><span class='ocrx_word' id='word_1_419' title='bbox 2055 1636 2148 1682; x_wconf 90' lang='grc' dir='ltr'><strong>τος</strong></span> <span class='ocrx_word' id='word_1_420' title='bbox 2173 1618 2625 1690; x_wconf 70' lang='grc' dir='ltr'>προτεινομένων.</span> <span class='ocrx_word' id='word_1_421' title='bbox 2651 1617 2863 1688; x_wconf 82' lang='grc' dir='ltr'>Πολλῆς</span> <span class='ocrx_word' id='word_1_422' title='bbox 2894 1635 2954 1671; x_wconf 89' lang='grc' dir='ltr'><strong>τε</strong></span> <span class='ocrx_word' id='word_1_423' title='bbox 2984 1618 3317 1687; x_wconf 72' lang='grc' dir='ltr'>ἀμφιλογίας</span> <span class='ocrx_word' id='word_1_424' title='bbox 3350 1618 3417 1671; x_wconf 80' lang='grc' dir='ltr'>τὰ</span> <span class='ocrx_word' id='word_1_425' title='bbox 3443 1617 3636 1687; x_wconf 82' lang='grc' dir='ltr'>πρῶτα</span> 
     </span>
    </p>
   </div>
   <div class='ocr_carea' id='block_1_62' title="bbox 2059 1708 3636 1783">
    <p class='ocr_par' dir='ltr' id='par_1_62' title="bbox 2059 1708 3636 1783">
     <span class='ocr_line' id='line_1_62' title="bbox 2059 1708 3636 1783; baseline 0.011 -37"><span class='ocrx_word' id='word_1_426' title='bbox 2059 1711 2497 1783; x_wconf 66' lang='grc' dir='ltr'><strong>συνισταμένης,</strong></span> <span class='ocrx_word' id='word_1_427' title='bbox 2567 1709 2906 1777; x_wconf 78' lang='grc' dir='ltr'>ἀνεξικάκως</span> <span class='ocrx_word' id='word_1_428' title='bbox 2951 1712 3265 1781; x_wconf 79' lang='grc' dir='ltr'>ἐπηκροᾶτο</span> <span class='ocrx_word' id='word_1_429' title='bbox 3306 1712 3335 1763; x_wconf 81' lang='grc' dir='ltr'><strong>ὁ</strong></span> <span class='ocrx_word' id='word_1_430' title='bbox 3381 1708 3636 1779; x_wconf 76' lang='grc' dir='ltr'>βασιλεὺς</span> 
     </span>
    </p>
   </div>
   <div class='ocr_carea' id='block_1_63' title="bbox 2056 1801 3639 1874">
    <p class='ocr_par' dir='ltr' id='par_1_63' title="bbox 2056 1801 3639 1874">
     <span class='ocr_line' id='line_1_63' title="bbox 2056 1801 3639 1874; baseline -0.004 -16"><span class='ocrx_word' id='word_1_431' title='bbox 2056 1806 2165 1858; x_wconf 85' lang='grc' dir='ltr'>τῶν</span> <span class='ocrx_word' id='word_1_432' title='bbox 2202 1805 2442 1866; x_wconf 87' lang='grc' dir='ltr'>πάντων,</span> <span class='ocrx_word' id='word_1_433' title='bbox 2478 1803 2642 1874; x_wconf 67' lang='grc' dir='ltr'>σχολῇ</span> <span class='ocrx_word' id='word_1_434' title='bbox 2672 1820 2734 1856; x_wconf 89' lang='grc' dir='ltr'><strong>τε</strong></span> <span class='ocrx_word' id='word_1_435' title='bbox 2758 1803 2958 1872; x_wconf 80' lang='grc' dir='ltr'>εύτόνῳ</span> <span class='ocrx_word' id='word_1_436' title='bbox 2987 1802 3084 1866; x_wconf 78' lang='grc' dir='ltr'><strong>τὰς</strong></span> <span class='ocrx_word' id='word_1_437' title='bbox 3111 1801 3410 1872; x_wconf 78' lang='grc' dir='ltr'>προτάσεις</span> <span class='ocrx_word' id='word_1_438' title='bbox 3439 1802 3639 1854; x_wconf 78' lang='grc' dir='ltr'>ὑπεδέ-</span> 
     </span>
    </p>
   </div>
   <div class='ocr_carea' id='block_1_64' title="bbox 2055 1894 3633 1968">
    <p class='ocr_par' dir='ltr' id='par_1_64' title="bbox 2055 1894 3633 1968">
     <span class='ocr_line' id='line_1_64' title="bbox 2055 1894 3633 1968; baseline -0.003 -18"><span class='ocrx_word' id='word_1_439' title='bbox 2055 1914 2198 1968; x_wconf 88' lang='grc' dir='ltr'>χετο,</span> <span class='ocrx_word' id='word_1_440' title='bbox 2228 1900 2286 1950; x_wconf 85' lang='grc' dir='ltr'>ὲν</span> <span class='ocrx_word' id='word_1_441' title='bbox 2328 1897 2481 1967; x_wconf 82' lang='grc' dir='ltr'>μέρει</span> <span class='ocrx_word' id='word_1_442' title='bbox 2513 1912 2572 1947; x_wconf 89' lang='grc' dir='ltr'><strong>τε</strong></span> <span class='ocrx_word' id='word_1_443' title='bbox 2616 1894 3153 1965; x_wconf 78' lang='grc' dir='ltr'>ἁντιλαμόανόμενος</span> <span class='ocrx_word' id='word_1_444' title='bbox 3183 1894 3294 1947; x_wconf 81' lang='grc' dir='ltr'>τῶν</span> <span class='ocrx_word' id='word_1_445' title='bbox 3336 1894 3466 1962; x_wconf 80' lang='grc' dir='ltr'>παρ’</span> <span class='ocrx_word' id='word_1_446' title='bbox 3499 1894 3633 1946; x_wconf 79' lang='grc' dir='ltr'>ἑκά-</span> 
     </span>
    </p>
   </div>
   <div class='ocr_carea' id='block_1_65' title="bbox 2057 1985 3633 2059">
    <p class='ocr_par' dir='ltr' id='par_1_65' title="bbox 2057 1985 3633 2059">
     <span class='ocr_line' id='line_1_65' title="bbox 2057 1985 3633 2059; baseline -0.004 -16"><span class='ocrx_word' id='word_1_447' title='bbox 2057 2006 2183 2042; x_wconf 85' lang='grc' dir='ltr'>στου</span> <span class='ocrx_word' id='word_1_448' title='bbox 2204 1988 2483 2059; x_wconf 79' lang='grc' dir='ltr'>τάγματος</span> <span class='ocrx_word' id='word_1_449' title='bbox 2523 1986 2851 2057; x_wconf 83' lang='grc' dir='ltr'>λεγομένων,</span> <span class='ocrx_word' id='word_1_450' title='bbox 2883 1986 3066 2059; x_wconf 79' lang='grc' dir='ltr'>ἡρέμα</span> <span class='ocrx_word' id='word_1_451' title='bbox 3100 1987 3299 2056; x_wconf 81' lang='grc' dir='ltr'>συνῆγε</span> <span class='ocrx_word' id='word_1_452' title='bbox 3326 1986 3451 2048; x_wconf 76' lang='grc' dir='ltr'>τοὺς</span> <span class='ocrx_word' id='word_1_453' title='bbox 3484 1985 3633 2053; x_wconf 87' lang='grc' dir='ltr'>φιλο-</span> 
     </span>
    </p>
   </div>
   <div class='ocr_carea' id='block_1_66' title="bbox 2054 2076 3632 2149">
    <p class='ocr_par' dir='ltr' id='par_1_66' title="bbox 2054 2076 3632 2149">
     <span class='ocr_line' id='line_1_66' title="bbox 2054 2076 3632 2149; baseline -0.004 -15"><span class='ocrx_word' id='word_1_454' title='bbox 2054 2080 2247 2144; x_wconf 87' lang='grc' dir='ltr'>νείκως</span> <span class='ocrx_word' id='word_1_455' title='bbox 2277 2079 2684 2149; x_wconf 72' lang='grc' dir='ltr'>ἐνισταμένους,</span> <span class='ocrx_word' id='word_1_456' title='bbox 2712 2078 2903 2149; x_wconf 80' lang='grc' dir='ltr'>πράως</span> <span class='ocrx_word' id='word_1_457' title='bbox 2927 2094 2989 2130; x_wconf 88' lang='grc' dir='ltr'><strong>τε</strong></span> <span class='ocrx_word' id='word_1_458' title='bbox 3018 2076 3341 2147; x_wconf 87' lang='grc' dir='ltr'>ποιούμενος</span> <span class='ocrx_word' id='word_1_459' title='bbox 3372 2078 3471 2140; x_wconf 71' lang='grc' dir='ltr'>τὰς</span> <span class='ocrx_word' id='word_1_460' title='bbox 3495 2077 3632 2146; x_wconf 79' lang='grc' dir='ltr'>πρὸς</span> 
     </span>
    </p>
   </div>
   <div class='ocr_carea' id='block_1_67' title="bbox 2054 2168 3631 2241">
    <p class='ocr_par' dir='ltr' id='par_1_67' title="bbox 2054 2168 3631 2241">
     <span class='ocr_line' id='line_1_67' title="bbox 2054 2168 3631 2241; baseline -0.004 -15"><span class='ocrx_word' id='word_1_461' title='bbox 2054 2173 2284 2226; x_wconf 74' lang='grc' dir='ltr'>ἕκαστον</span> <span class='ocrx_word' id='word_1_462' title='bbox 2317 2170 2554 2241; x_wconf 82' lang='grc' dir='ltr'>ὁμιλίας.</span> <span class='ocrx_word' id='word_1_463' title='bbox 2608 2168 2933 2240; x_wconf 77' lang='grc' dir='ltr'>Ἐλληνίζων</span> <span class='ocrx_word' id='word_1_464' title='bbox 2961 2186 3024 2223; x_wconf 80' lang='grc' dir='ltr'><strong>τε</strong></span> <span class='ocrx_word' id='word_1_465' title='bbox 3054 2172 3121 2239; x_wconf 78' lang='grc' dir='ltr'><strong>τῇ</strong></span> <span class='ocrx_word' id='word_1_466' title='bbox 3157 2171 3333 2239; x_wconf 79' lang='grc' dir='ltr'>φωνῇ,</span> <span class='ocrx_word' id='word_1_467' title='bbox 3367 2170 3448 2222; x_wconf 83' lang='grc' dir='ltr'>ὅτι</span> <span class='ocrx_word' id='word_1_468' title='bbox 3494 2170 3631 2238; x_wconf 64' lang='grc' dir='ltr'>μηδὲ</span> 
     </span>
    </p>
   </div>
   <div class='ocr_carea' id='block_1_68' title="bbox 2055 2257 3630 2333">
    <p class='ocr_par' dir='ltr' id='par_1_68' title="bbox 2055 2257 3630 2333">
     <span class='ocr_line' id='line_1_68' title="bbox 2055 2257 3630 2333; baseline -0.001 -16"><span class='ocrx_word' id='word_1_469' title='bbox 2055 2262 2259 2333; x_wconf 82' lang='grc' dir='ltr'>ταύτης</span> <span class='ocrx_word' id='word_1_470' title='bbox 2298 2262 2527 2333; x_wconf 86' lang='grc' dir='ltr'>ἀμαθῶς</span> <span class='ocrx_word' id='word_1_471' title='bbox 2576 2257 2690 2333; x_wconf 76' lang='grc' dir='ltr'>εἶχε</span> <span class='ocrx_word' id='word_1_472' title='bbox 2711 2303 2727 2329; x_wconf 93' lang='grc'><strong>,</strong></span> <span class='ocrx_word' id='word_1_473' title='bbox 2760 2261 3027 2330; x_wconf 86' lang='grc' dir='ltr'>γλυκερός</span> <span class='ocrx_word' id='word_1_474' title='bbox 3059 2279 3145 2325; x_wconf 87' lang='grc' dir='ltr'><strong>τις</strong></span> <span class='ocrx_word' id='word_1_475' title='bbox 3175 2257 3245 2332; x_wconf 85' lang='grc' dir='ltr'>ἦν</span> <span class='ocrx_word' id='word_1_476' title='bbox 3261 2260 3308 2291; x_wconf 69' lang='grc'>⁷⁸</span> <span class='ocrx_word' id='word_1_477' title='bbox 3350 2262 3446 2314; x_wconf 77' lang='grc' dir='ltr'>καὶ</span> <span class='ocrx_word' id='word_1_478' title='bbox 3477 2261 3630 2331; x_wconf 79' lang='grc' dir='ltr'>ἡδὺς,</span> 
     </span>
    </p>
   </div>
   <div class='ocr_carea' id='block_1_69' title="bbox 2053 2351 3631 2423">
    <p class='ocr_par' dir='ltr' id='par_1_69' title="bbox 2053 2351 3631 2423">
     <span class='ocr_line' id='line_1_69' title="bbox 2053 2351 3631 2423; baseline -0.001 -16"><span class='ocrx_word' id='word_1_479' title='bbox 2053 2355 2181 2415; x_wconf 82' lang='grc' dir='ltr'>τοὺς</span> <span class='ocrx_word' id='word_1_480' title='bbox 2210 2352 2309 2423; x_wconf 76' lang='grc' dir='ltr'><strong>μὲν</strong></span> <span class='ocrx_word' id='word_1_481' title='bbox 2334 2351 2673 2422; x_wconf 79' lang='grc' dir='ltr'>συμπείθων,</span> <span class='ocrx_word' id='word_1_482' title='bbox 2698 2353 2825 2414; x_wconf 78' lang='grc' dir='ltr'>τοὺς</span> <span class='ocrx_word' id='word_1_483' title='bbox 2848 2351 2904 2404; x_wconf 81' lang='grc' dir='ltr'>δὲ</span> <span class='ocrx_word' id='word_1_484' title='bbox 2927 2351 3337 2405; x_wconf 83' lang='grc' dir='ltr'>καταδυσωπῶν</span> <span class='ocrx_word' id='word_1_485' title='bbox 3363 2351 3441 2421; x_wconf 77' lang='grc' dir='ltr'><strong>τῷ</strong></span> <span class='ocrx_word' id='word_1_486' title='bbox 3463 2352 3631 2423; x_wconf 86' lang='grc' dir='ltr'>λόγῳ,</span> 
     </span>
    </p>
   </div>
   <div class='ocr_carea' id='block_1_70' title="bbox 2052 2438 3632 2512">
    <p class='ocr_par' dir='ltr' id='par_1_70' title="bbox 2052 2438 3632 2512">
     <span class='ocr_line' id='line_1_70' title="bbox 2052 2438 3632 2512; baseline -0.001 -15"><span class='ocrx_word' id='word_1_487' title='bbox 2052 2444 2180 2507; x_wconf 77' lang='grc' dir='ltr'>τοὺς</span> <span class='ocrx_word' id='word_1_488' title='bbox 2209 2444 2255 2497; x_wconf 81' lang='grc' dir='ltr'>δ’</span> <span class='ocrx_word' id='word_1_489' title='bbox 2304 2438 2364 2497; x_wconf 75' lang='grc' dir='ltr'>εὖ</span> <span class='ocrx_word' id='word_1_490' title='bbox 2394 2443 2654 2510; x_wconf 81' lang='grc' dir='ltr'>λέγοντας</span> <span class='ocrx_word' id='word_1_491' title='bbox 2697 2440 2977 2495; x_wconf 62' lang='grc' dir='ltr'>ὲπαινῶνε</span> <span class='ocrx_word' id='word_1_492' title='bbox 3023 2442 3234 2505; x_wconf 85' lang='grc' dir='ltr'>πάντας</span> <span class='ocrx_word' id='word_1_493' title='bbox 3271 2441 3329 2494; x_wconf 79' lang='grc' dir='ltr'>δὲ</span> <span class='ocrx_word' id='word_1_494' title='bbox 3378 2444 3457 2505; x_wconf 80' lang='grc' dir='ltr'><strong>εἰς</strong></span> <span class='ocrx_word' id='word_1_495' title='bbox 3497 2443 3632 2512; x_wconf 83' lang='grc' dir='ltr'><strong>ὁμό-</strong></span> 
     </span>
    </p>
   </div>
   <div class='ocr_carea' id='block_1_71' title="bbox 2053 2532 3633 2607">
    <p class='ocr_par' dir='ltr' id='par_1_71' title="bbox 2053 2532 3633 2607">
     <span class='ocr_line' id='line_1_71' title="bbox 2053 2532 3633 2607; baseline 0 -19"><span class='ocrx_word' id='word_1_496' title='bbox 2053 2551 2202 2588; x_wconf 89' lang='grc' dir='ltr'>νοιαν</span> <span class='ocrx_word' id='word_1_497' title='bbox 2228 2532 2462 2587; x_wconf 71' lang='grc' dir='ltr'>ἐλαύνων</span> <span class='ocrx_word' id='word_1_498' title='bbox 2475 2534 2542 2597; x_wconf 84' lang='grc'><strong>⁷⁸,</strong></span> <span class='ocrx_word' id='word_1_499' title='bbox 2561 2534 2669 2597; x_wconf 75' lang='grc' dir='ltr'>ἕως</span> <span class='ocrx_word' id='word_1_500' title='bbox 2693 2534 2783 2588; x_wconf 80' lang='grc' dir='ltr'>ὅτε</span> <span class='ocrx_word' id='word_1_501' title='bbox 2803 2535 3199 2607; x_wconf 80' lang='grc' dir='ltr'>ὁμογνώμονας</span> <span class='ocrx_word' id='word_1_502' title='bbox 3221 2536 3317 2589; x_wconf 77' lang='grc' dir='ltr'>καὶ</span> <span class='ocrx_word' id='word_1_503' title='bbox 3341 2536 3633 2607; x_wconf 72' lang='grc' dir='ltr'>ὁμοδόξους</span> 
     </span>
    </p>
   </div>
   <div class='ocr_carea' id='block_1_72' title="bbox 2054 2626 3635 2699">
    <p class='ocr_par' dir='ltr' id='par_1_72' title="bbox 2054 2626 3635 2699">
     <span class='ocr_line' id='line_1_72' title="bbox 2054 2626 3635 2699; baseline -0.001 -16"><span class='ocrx_word' id='word_1_504' title='bbox 2054 2626 2252 2690; x_wconf 73' lang='grc' dir='ltr'>αὐτοὺς</span> <span class='ocrx_word' id='word_1_505' title='bbox 2296 2627 2391 2680; x_wconf 73' lang='grc' dir='ltr'><strong>ἐπὶ</strong></span> <span class='ocrx_word' id='word_1_506' title='bbox 2431 2629 2545 2690; x_wconf 88' lang='grc' dir='ltr'>τοῖς</span> <span class='ocrx_word' id='word_1_507' title='bbox 2577 2626 3117 2699; x_wconf 77' lang='grc' dir='ltr'>άμφισόητουμένοις</span> <span class='ocrx_word' id='word_1_508' title='bbox 3150 2629 3323 2683; x_wconf 76' lang='grc' dir='ltr'>ἅπασι</span> <span class='ocrx_word' id='word_1_509' title='bbox 3368 2630 3635 2699; x_wconf 78' lang='grc' dir='ltr'>κατεστήο</span> 
     </span>
    </p>
   </div>
   <div class='ocr_carea' id='block_1_73' title="bbox 2056 2718 3636 2791">
    <p class='ocr_par' dir='ltr' id='par_1_73' title="bbox 2056 2718 3636 2791">
     <span class='ocr_line' id='line_1_73' title="bbox 2056 2718 3636 2791; baseline 0.014 -30"><span class='ocrx_word' id='word_1_510' title='bbox 2056 2736 2219 2773; x_wconf 74' lang='grc' dir='ltr'>σατο·</span> <span class='ocrx_word' id='word_1_511' title='bbox 2249 2719 2327 2782; x_wconf 83' lang='grc' dir='ltr'>ὼς</span> <span class='ocrx_word' id='word_1_512' title='bbox 2371 2718 2652 2787; x_wconf 71' lang='grc' dir='ltr'>ὁμόφωνον</span> <span class='ocrx_word' id='word_1_513' title='bbox 2695 2719 2795 2789; x_wconf 67' lang='grc' dir='ltr'><strong>μὲν</strong></span> <span class='ocrx_word' id='word_1_514' title='bbox 2832 2721 3105 2791; x_wconf 84' lang='grc' dir='ltr'>κρατῆσαι</span> <span class='ocrx_word' id='word_1_515' title='bbox 3136 2720 3235 2791; x_wconf 85' lang='grc' dir='ltr'>τὴν</span> <span class='ocrx_word' id='word_1_516' title='bbox 3282 2720 3466 2773; x_wconf 83' lang='grc' dir='ltr'>πίστιν</span> <span class='ocrx_word' id='word_1_517' title='bbox 3486 2759 3500 2781; x_wconf 89' lang='grc'><strong>.</strong></span> <span class='ocrx_word' id='word_1_518' title='bbox 3532 2718 3636 2790; x_wconf 73' lang='grc' dir='ltr'><strong>τῆς</strong></span> 
     </span>
    </p>
   </div>
   <div class='ocr_carea' id='block_1_74' title="bbox 2052 2809 3631 2881">
    <p class='ocr_par' dir='ltr' id='par_1_74' title="bbox 2052 2809 3631 2881">
     <span class='ocr_line' id='line_1_74' title="bbox 2052 2809 3631 2881; baseline -0.002 -17"><span class='ocrx_word' id='word_1_519' title='bbox 2052 2810 2110 2864; x_wconf 76' lang='grc' dir='ltr'>δὲ</span> <span class='ocrx_word' id='word_1_520' title='bbox 2147 2810 2415 2881; x_wconf 74' lang='grc' dir='ltr'>σωτηρίου</span> <span class='ocrx_word' id='word_1_521' title='bbox 2447 2812 2643 2881; x_wconf 79' lang='grc' dir='ltr'>ἑορτῆς</span> <span class='ocrx_word' id='word_1_522' title='bbox 2671 2809 2762 2862; x_wconf 75' lang='grc' dir='ltr'><strong>τὸν</strong></span> <span class='ocrx_word' id='word_1_523' title='bbox 2791 2811 2954 2863; x_wconf 78' lang='grc' dir='ltr'>αὐτὸν</span> <span class='ocrx_word' id='word_1_524' title='bbox 2986 2809 3137 2881; x_wconf 79' lang='grc' dir='ltr'>τιαρὰ</span> <span class='ocrx_word' id='word_1_525' title='bbox 3163 2812 3275 2872; x_wconf 85' lang='grc' dir='ltr'>τοῖς</span> <span class='ocrx_word' id='word_1_526' title='bbox 3302 2811 3470 2863; x_wconf 80' lang='grc' dir='ltr'>πᾶσιν</span> <span class='ocrx_word' id='word_1_527' title='bbox 3498 2812 3631 2878; x_wconf 79' lang='grc' dir='ltr'>ὁμοο</span> 
     </span>
    </p>
   </div>
   <div class='ocr_carea' id='block_1_75' title="bbox 2053 2900 3637 2975">
    <p class='ocr_par' dir='ltr' id='par_1_75' title="bbox 2053 2900 3637 2975">
     <span class='ocr_line' id='line_1_75' title="bbox 2053 2900 3637 2975; baseline -0.002 -17"><span class='ocrx_word' id='word_1_528' title='bbox 2053 2904 2346 2975; x_wconf 82' lang='grc' dir='ltr'>λογηθῆναι</span> <span class='ocrx_word' id='word_1_529' title='bbox 2374 2903 2585 2973; x_wconf 80' lang='grc' dir='ltr'>καιρόν.</span> <span class='ocrx_word' id='word_1_530' title='bbox 2630 2901 2923 2975; x_wconf 81' lang='grc' dir='ltr'>Ἑκυροῦτο</span> <span class='ocrx_word' id='word_1_531' title='bbox 2955 2902 3015 2955; x_wconf 79' lang='grc' dir='ltr'>δὲ</span> <span class='ocrx_word' id='word_1_532' title='bbox 3056 2902 3156 2973; x_wconf 77' lang='grc' dir='ltr'><strong>ῆδη</strong></span> <span class='ocrx_word' id='word_1_533' title='bbox 3191 2902 3285 2955; x_wconf 72' lang='grc' dir='ltr'>καὶ</span> <span class='ocrx_word' id='word_1_534' title='bbox 3310 2902 3559 2971; x_wconf 72' lang='grc' dir='ltr'>ἐγγραφῇ</span> <span class='ocrx_word' id='word_1_535' title='bbox 3585 2900 3637 2934; x_wconf 69' lang='grc'><strong>’⁸</strong></span> 
     </span>
    </p>
   </div>
   <div class='ocr_carea' id='block_1_76' title="bbox 2054 2991 3634 3066">
    <p class='ocr_par' dir='ltr' id='par_1_76' title="bbox 2054 2991 3634 3066">
     <span class='ocr_line' id='line_1_76' title="bbox 2054 2991 3634 3066; baseline -0.004 -16"><span class='ocrx_word' id='word_1_536' title='bbox 2054 2994 2517 3066; x_wconf 82' lang='grc' dir='ltr'>ύποσημειώσεως</span> <span class='ocrx_word' id='word_1_537' title='bbox 2555 2993 2788 3047; x_wconf 75' lang='grc' dir='ltr'>ἑκάστου</span> <span class='ocrx_word' id='word_1_538' title='bbox 2831 2992 2901 3047; x_wconf 83' lang='grc' dir='ltr'>τὰ</span> <span class='ocrx_word' id='word_1_539' title='bbox 2954 2994 3107 3063; x_wconf 78' lang='grc' dir='ltr'>κοινῇ</span> <span class='ocrx_word' id='word_1_540' title='bbox 3146 2992 3465 3061; x_wconf 85' lang='grc' dir='ltr'>δεδογμένα.</span> <span class='ocrx_word' id='word_1_541' title='bbox 3523 2991 3634 3045; x_wconf 69' lang='grc' dir='ltr'><strong>Καὶ</strong></span> 
     </span>
    </p>
   </div>
   <div class='ocr_carea' id='block_1_77' title="bbox 2057 3080 3627 3158">
    <p class='ocr_par' dir='ltr' id='par_1_77' title="bbox 2057 3080 3627 3158">
     <span class='ocr_line' id='line_1_77' title="bbox 2057 3080 3627 3158; baseline -0.004 -18"><span class='ocrx_word' id='word_1_542' title='bbox 2057 3086 2195 3158; x_wconf 78' lang='grc' dir='ltr'>μετὰ</span> <span class='ocrx_word' id='word_1_543' title='bbox 2251 3086 2459 3156; x_wconf 79' lang='grc' dir='ltr'>βραχέα</span> <span class='ocrx_word' id='word_1_544' title='bbox 2517 3084 2683 3138; x_wconf 85' lang='grc' dir='ltr'>πάλιν</span> <span class='ocrx_word' id='word_1_545' title='bbox 2752 3083 2848 3138; x_wconf 71' lang='grc' dir='ltr'>καὶ</span> <span class='ocrx_word' id='word_1_546' title='bbox 2897 3081 3077 3136; x_wconf 82' lang='grc' dir='ltr'>ταῦτα</span> <span class='ocrx_word' id='word_1_547' title='bbox 3109 3083 3152 3115; x_wconf 85' lang='grc'><strong>⁷⁷</strong></span> <span class='ocrx_word' id='word_1_548' title='bbox 3223 3080 3627 3153; x_wconf 84' lang='grc' dir='ltr'>προστέθεικεν.</span> 
     </span>
    </p>
   </div>
   <div class='ocr_carea' id='block_1_78' title="bbox 2054 3174 3632 3248">
    <p class='ocr_par' dir='ltr' id='par_1_78' title="bbox 2054 3174 3632 3248">
     <span class='ocr_line' id='line_1_78' title="bbox 2054 3174 3632 3248; baseline -0.005 -15"><span class='ocrx_word' id='word_1_549' title='bbox 2054 3180 2210 3233; x_wconf 82' lang='grc' dir='ltr'>Οὖτω</span> <span class='ocrx_word' id='word_1_550' title='bbox 2234 3180 2280 3211; x_wconf 85' lang='grc'>⁷⁸</span> <span class='ocrx_word' id='word_1_551' title='bbox 2313 3177 2379 3248; x_wconf 84' lang='grc' dir='ltr'>δὴ</span> <span class='ocrx_word' id='word_1_552' title='bbox 2404 3177 2825 3247; x_wconf 76' lang='grc' dir='ltr'>συνταξάμενος,</span> <span class='ocrx_word' id='word_1_553' title='bbox 2856 3176 2949 3229; x_wconf 74' lang='grc' dir='ltr'><strong>ἐπὶ</strong></span> <span class='ocrx_word' id='word_1_554' title='bbox 2979 3175 3047 3229; x_wconf 69' lang='grc' dir='ltr'><strong>τὰ</strong></span> <span class='ocrx_word' id='word_1_555' title='bbox 3088 3174 3238 3245; x_wconf 85' lang='grc' dir='ltr'>σφῶν</span> <span class='ocrx_word' id='word_1_556' title='bbox 3285 3176 3463 3227; x_wconf 86' lang='grc' dir='ltr'>οίκεῖα</span> <span class='ocrx_word' id='word_1_557' title='bbox 3505 3174 3632 3236; x_wconf 77' lang='grc' dir='ltr'>τοὺς</span> 
     </span>
    </p>
   </div>
   <div class='ocr_carea' id='block_1_79' title="bbox 2051 3266 3633 3339">
    <p class='ocr_par' dir='ltr' id='par_1_79' title="bbox 2051 3266 3633 3339">
     <span class='ocr_line' id='line_1_79' title="bbox 2051 3266 3633 3339; baseline -0.004 -16"><span class='ocrx_word' id='word_1_558' title='bbox 2051 3274 2258 3334; x_wconf 82' lang='grc' dir='ltr'>πάντας</span> <span class='ocrx_word' id='word_1_559' title='bbox 2286 3270 2567 3325; x_wconf 80' lang='grc' dir='ltr'>ἐπανιέναι</span> <span class='ocrx_word' id='word_1_560' title='bbox 2592 3270 2765 3338; x_wconf 78' lang='grc' dir='ltr'>ἠφίει.</span> <span class='ocrx_word' id='word_1_561' title='bbox 2785 3269 2848 3322; x_wconf 76' lang='lat' dir='ltr'><strong>Oi</strong></span> <span class='ocrx_word' id='word_1_562' title='bbox 2873 3267 2930 3321; x_wconf 80' lang='grc' dir='ltr'>δὲ</span> <span class='ocrx_word' id='word_1_563' title='bbox 2960 3267 3271 3339; x_wconf 76' lang='grc' dir='ltr'>ἐπανῄεσαν</span> <span class='ocrx_word' id='word_1_564' title='bbox 3302 3268 3401 3320; x_wconf 71' lang='grc' dir='ltr'><strong>σὺν</strong></span> <span class='ocrx_word' id='word_1_565' title='bbox 3435 3266 3633 3335; x_wconf 81' lang='grc' dir='ltr'>εὐφρο-</span> 
     </span>
    </p>
   </div>
   <div class='ocr_carea' id='block_1_80' title="bbox 2054 3354 3637 3435">
    <p class='ocr_par' dir='ltr' id='par_1_80' title="bbox 2054 3354 3637 3435">
     <span class='ocr_line' id='line_1_80' title="bbox 2054 3354 3637 3435; baseline -0.003 -21"><span class='ocrx_word' id='word_1_566' title='bbox 2054 3361 2206 3435; x_wconf 81' lang='grc' dir='ltr'>σύνῃ.</span> <span class='ocrx_word' id='word_1_567' title='bbox 2255 3361 2508 3431; x_wconf 85' lang='grc' dir='ltr'>Ἐκράτει</span> <span class='ocrx_word' id='word_1_568' title='bbox 2552 3377 2611 3413; x_wconf 91' lang='grc' dir='ltr'><strong>τε</strong></span> <span class='ocrx_word' id='word_1_569' title='bbox 2644 3359 2706 3411; x_wconf 81' lang='grc' dir='ltr'>τὸ</span> <span class='ocrx_word' id='word_1_570' title='bbox 2738 3357 2925 3411; x_wconf 74' lang='grc' dir='ltr'>λοιπὸν</span> <span class='ocrx_word' id='word_1_571' title='bbox 2982 3359 3135 3428; x_wconf 72' lang='grc' dir='ltr'>παρὰ</span> <span class='ocrx_word' id='word_1_572' title='bbox 3182 3359 3294 3421; x_wconf 88' lang='grc' dir='ltr'>τοῖς</span> <span class='ocrx_word' id='word_1_573' title='bbox 3346 3360 3481 3410; x_wconf 77' lang='grc' dir='ltr'>πᾶσι</span> <span class='ocrx_word' id='word_1_574' title='bbox 3535 3354 3637 3425; x_wconf 73' lang='grc' dir='ltr'><strong>μία</strong></span> 
     </span>
    </p>
   </div>
   <div class='ocr_carea' id='block_1_81' title="bbox 2052 3449 3636 3524">
    <p class='ocr_par' dir='ltr' id='par_1_81' title="bbox 2052 3449 3636 3524">
     <span class='ocr_line' id='line_1_81' title="bbox 2052 3449 3636 3524; baseline -0.005 -15"><span class='ocrx_word' id='word_1_575' title='bbox 2052 3453 2247 3524; x_wconf 85' lang='grc' dir='ltr'>γνώμη</span> <span class='ocrx_word' id='word_1_576' title='bbox 2296 3455 2328 3523; x_wconf 84' lang='grc' dir='ltr'>ἠ</span> <span class='ocrx_word' id='word_1_577' title='bbox 2380 3454 2535 3523; x_wconf 83' lang='grc' dir='ltr'>παρὰ</span> <span class='ocrx_word' id='word_1_578' title='bbox 2568 3450 2646 3522; x_wconf 82' lang='grc' dir='ltr'>τῷ</span> <span class='ocrx_word' id='word_1_579' title='bbox 2688 3451 2899 3522; x_wconf 78' lang='grc' dir='ltr'>βασιλεῖ</span> <span class='ocrx_word' id='word_1_580' title='bbox 2919 3451 2963 3482; x_wconf 78' lang='grc'><strong>⁷⁸</strong></span> <span class='ocrx_word' id='word_1_581' title='bbox 3003 3449 3431 3519; x_wconf 79' lang='grc' dir='ltr'>συμφωνηθεῖσα</span> <span class='ocrx_word' id='word_1_582' title='bbox 3456 3490 3471 3515; x_wconf 94' lang='grc'><strong>,</strong></span> <span class='ocrx_word' id='word_1_583' title='bbox 3510 3467 3636 3503; x_wconf 75' lang='grc' dir='ltr'>συν·</span> 
     </span>
    </p>
   </div>
   <div class='ocr_carea' id='block_1_82' title="bbox 2052 3541 3633 3617">
    <p class='ocr_par' dir='ltr' id='par_1_82' title="bbox 2052 3541 3633 3617">
     <span class='ocr_line' id='line_1_82' title="bbox 2052 3541 3633 3617; baseline -0.004 -16"><span class='ocrx_word' id='word_1_584' title='bbox 2052 3544 2396 3617; x_wconf 87' lang='grc' dir='ltr'>απτομένων,</span> <span class='ocrx_word' id='word_1_585' title='bbox 2424 3543 2613 3614; x_wconf 80' lang='grc' dir='ltr'>ὥσπερ</span> <span class='ocrx_word' id='word_1_586' title='bbox 2643 3544 2732 3613; x_wconf 82' lang='grc' dir='ltr'>ὑφ’</span> <span class='ocrx_word' id='word_1_587' title='bbox 2782 3543 2861 3595; x_wconf 72' lang='grc' dir='ltr'>ἐνὶ</span> <span class='ocrx_word' id='word_1_588' title='bbox 2894 3541 3132 3612; x_wconf 87' lang='grc' dir='ltr'>σώματι,</span> <span class='ocrx_word' id='word_1_589' title='bbox 3167 3541 3278 3595; x_wconf 82' lang='grc' dir='ltr'>τῶν</span> <span class='ocrx_word' id='word_1_590' title='bbox 3319 3542 3385 3593; x_wconf 83' lang='grc' dir='ltr'>ὲκ</span> <span class='ocrx_word' id='word_1_591' title='bbox 3419 3542 3633 3611; x_wconf 80' lang='grc' dir='ltr'>μακροῦ</span> 
     </span>
    </p>
   </div>
   <div class='ocr_carea' id='block_1_83' title="bbox 2052 3633 3639 3710">
    <p class='ocr_par' dir='ltr' id='par_1_83' title="bbox 2052 3633 3639 3710">
     <span class='ocr_line' id='line_1_83' title="bbox 2052 3633 3639 3710; baseline -0.006 -16"><span class='ocrx_word' id='word_1_592' title='bbox 2052 3638 2418 3710; x_wconf 85' lang='grc' dir='ltr'>διῃρημένων.</span> <span class='ocrx_word' id='word_1_593' title='bbox 2469 3637 2580 3690; x_wconf 70' lang='grc' dir='ltr'><strong>Καὶ</strong></span> <span class='ocrx_word' id='word_1_594' title='bbox 2628 3635 2692 3706; x_wconf 84' lang='grc' dir='ltr'>δὴ</span> <span class='ocrx_word' id='word_1_595' title='bbox 2730 3636 2939 3707; x_wconf 86' lang='grc' dir='ltr'>χαίρων</span> <span class='ocrx_word' id='word_1_596' title='bbox 2991 3636 3020 3687; x_wconf 85' lang='grc' dir='ltr'><strong>ὁ</strong></span> <span class='ocrx_word' id='word_1_597' title='bbox 3073 3633 3329 3704; x_wconf 81' lang='grc' dir='ltr'>βασιλεὺς</span> <span class='ocrx_word' id='word_1_598' title='bbox 3359 3635 3404 3665; x_wconf 84' lang='grc'>⁸⁰</span> <span class='ocrx_word' id='word_1_599' title='bbox 3438 3634 3529 3686; x_wconf 76' lang='grc' dir='ltr'><strong>ἐπὶ</strong></span> <span class='ocrx_word' id='word_1_600' title='bbox 3558 3633 3639 3704; x_wconf 81' lang='grc' dir='ltr'>τῷ</span> 
     </span>
    </p>
   </div>
   <div class='ocr_carea' id='block_1_84' title="bbox 2055 3724 3638 3801">
    <p class='ocr_par' dir='ltr' id='par_1_84' title="bbox 2055 3724 3638 3801">
     <span class='ocr_line' id='line_1_84' title="bbox 2055 3724 3638 3801; baseline -0.006 -15"><span class='ocrx_word' id='word_1_601' title='bbox 2055 3729 2482 3801; x_wconf 80' lang='grc' dir='ltr'>κατορθώματι,</span> <span class='ocrx_word' id='word_1_602' title='bbox 2550 3730 2662 3791; x_wconf 90' lang='grc' dir='ltr'>τοῖς</span> <span class='ocrx_word' id='word_1_603' title='bbox 2722 3727 2796 3798; x_wconf 82' lang='grc' dir='ltr'>μὴ</span> <span class='ocrx_word' id='word_1_604' title='bbox 2873 3725 3251 3797; x_wconf 78' lang='grc' dir='ltr'>παρατυχοῦσι</span> <span class='ocrx_word' id='word_1_605' title='bbox 3309 3728 3376 3796; x_wconf 81' lang='grc' dir='ltr'>τῇ</span> <span class='ocrx_word' id='word_1_606' title='bbox 3435 3724 3638 3794; x_wconf 77' lang='grc' dir='ltr'>συνόδῳ</span> 
     </span>
    </p>
   </div>
   <div class='ocr_carea' id='block_1_85' title="bbox 2054 3819 3635 3897">
    <p class='ocr_par' dir='ltr' id='par_1_85' title="bbox 2054 3819 3635 3897">
     <span class='ocr_line' id='line_1_85' title="bbox 2054 3819 3635 3897; baseline -0.003 -19"><span class='ocrx_word' id='word_1_607' title='bbox 2054 3824 2265 3897; x_wconf 79' lang='grc' dir='ltr'>καρπὸν</span> <span class='ocrx_word' id='word_1_608' title='bbox 2309 3822 2513 3893; x_wconf 75' lang='grc' dir='ltr'>εὐθαλῆ</span> <span class='ocrx_word' id='word_1_609' title='bbox 2577 3821 2645 3875; x_wconf 80' lang='grc' dir='ltr'>δι’</span> <span class='ocrx_word' id='word_1_610' title='bbox 2700 3821 2993 3892; x_wconf 86' lang='grc' dir='ltr'>ἐπιστολῆς</span> <span class='ocrx_word' id='word_1_611' title='bbox 3029 3822 3283 3890; x_wconf 74' lang='grc' dir='ltr'>ἐδωρεῖτο</span> <span class='ocrx_word' id='word_1_612' title='bbox 3310 3860 3325 3883; x_wconf 95' lang='grc'><strong>,</strong></span> <span class='ocrx_word' id='word_1_613' title='bbox 3380 3819 3529 3883; x_wconf 89' lang='grc' dir='ltr'>λαοῖς</span> <span class='ocrx_word' id='word_1_614' title='bbox 3576 3837 3635 3873; x_wconf 85' lang='grc' dir='ltr'><strong>τε</strong></span> 
     </span>
    </p>
   </div>
   <div class='ocr_carea' id='block_1_86' title="bbox 2053 3911 3638 3984">
    <p class='ocr_par' dir='ltr' id='par_1_86' title="bbox 2053 3911 3638 3984">
     <span class='ocr_line' id='line_1_86' title="bbox 2053 3911 3638 3984; baseline -0.004 -15"><span class='ocrx_word' id='word_1_615' title='bbox 2053 3915 2317 3976; x_wconf 61' lang='lat' dir='ltr'><strong>ﬁxam“,</strong></span> <span class='ocrx_word' id='word_1_616' title='bbox 2355 3915 2469 3976; x_wconf 88' lang='grc' dir='ltr'>τοῖς</span> <span class='ocrx_word' id='word_1_617' title='bbox 2512 3929 2574 3966; x_wconf 85' lang='grc' dir='ltr'><strong>τε</strong></span> <span class='ocrx_word' id='word_1_618' title='bbox 2621 3914 2743 3966; x_wconf 84' lang='grc' dir='ltr'>κατ’</span> <span class='ocrx_word' id='word_1_619' title='bbox 2782 3912 2986 3984; x_wconf 82' lang='grc' dir='ltr'>ἀγροὺς</span> <span class='ocrx_word' id='word_1_620' title='bbox 3011 3951 3026 3972; x_wconf 90' lang='grc'><strong>,</strong></span> <span class='ocrx_word' id='word_1_621' title='bbox 3089 3912 3325 3974; x_wconf 80' lang='grc' dir='ltr'>καὶτοῖς</span> <span class='ocrx_word' id='word_1_622' title='bbox 3364 3911 3508 3979; x_wconf 74' lang='grc' dir='ltr'><strong>ἀμφὶ</strong></span> <span class='ocrx_word' id='word_1_623' title='bbox 3537 3911 3638 3973; x_wconf 75' lang='grc' dir='ltr'>τὰς</span> 
     </span>
    </p>
   </div>
   <div class='ocr_carea' id='block_1_87' title="bbox 2055 4001 3637 4077">
    <p class='ocr_par' dir='ltr' id='par_1_87' title="bbox 2055 4001 3637 4077">
     <span class='ocr_line' id='line_1_87' title="bbox 2055 4001 3637 4077; baseline -0.005 -17"><span class='ocrx_word' id='word_1_624' title='bbox 2055 4006 2262 4069; x_wconf 84' lang='grc' dir='ltr'>πόλεις,</span> <span class='ocrx_word' id='word_1_625' title='bbox 2294 4005 2593 4077; x_wconf 86' lang='grc' dir='ltr'>χρημάτων</span> <span class='ocrx_word' id='word_1_626' title='bbox 2631 4003 2897 4073; x_wconf 79' lang='grc' dir='ltr'>ἀφθόνους</span> <span class='ocrx_word' id='word_1_627' title='bbox 2942 4003 3208 4066; x_wconf 88' lang='grc' dir='ltr'>διαδόσεις</span> <span class='ocrx_word' id='word_1_628' title='bbox 3243 4001 3515 4055; x_wconf 86' lang='grc' dir='ltr'>ποιεῖσθαι</span> <span class='ocrx_word' id='word_1_629' title='bbox 3554 4001 3637 4053; x_wconf 85' lang='grc' dir='ltr'>δι-</span> 
     </span>
    </p>
   </div>
   <div class='ocr_carea' id='block_1_88' title="bbox 2055 4089 3640 4167">
    <p class='ocr_par' dir='ltr' id='par_1_88' title="bbox 2055 4089 3640 4167">
     <span class='ocr_line' id='line_1_88' title="bbox 2055 4089 3640 4167; baseline -0.004 -16"><span class='ocrx_word' id='word_1_630' title='bbox 2055 4097 2337 4151; x_wconf 86' lang='grc' dir='ltr'>εκελεύετο</span> <span class='ocrx_word' id='word_1_631' title='bbox 2357 4096 2402 4128; x_wconf 76' lang='lat'>”</span> <span class='ocrx_word' id='word_1_632' title='bbox 2431 4136 2445 4162; x_wconf 92' lang='lat'><strong>,</strong></span> <span class='ocrx_word' id='word_1_633' title='bbox 2501 4089 2604 4150; x_wconf 82' lang='grc' dir='ltr'>ὧδέ</span> <span class='ocrx_word' id='word_1_634' title='bbox 2653 4113 2730 4167; x_wconf 89' lang='grc' dir='ltr'><strong>πη</strong></span> <span class='ocrx_word' id='word_1_635' title='bbox 2785 4096 3061 4167; x_wconf 83' lang='grc' dir='ltr'>γεραίρων</span> <span class='ocrx_word' id='word_1_636' title='bbox 3121 4096 3221 4164; x_wconf 82' lang='grc' dir='ltr'><strong>τὴν</strong></span> <span class='ocrx_word' id='word_1_637' title='bbox 3289 4095 3483 4165; x_wconf 75' lang='grc' dir='ltr'>ἑορτὴν</span> <span class='ocrx_word' id='word_1_638' title='bbox 3538 4094 3640 4162; x_wconf 81' lang='grc' dir='ltr'><strong>τῆς</strong></span> 
     </span>
    </p>
   </div>
   <div class='ocr_carea' id='block_1_89' title="bbox 2056 4185 3641 4260">
    <p class='ocr_par' dir='ltr' id='par_1_89' title="bbox 2056 4185 3641 4260">
     <span class='ocr_line' id='line_1_89' title="bbox 2056 4185 3641 4260; baseline -0.003 -15"><span class='ocrx_word' id='word_1_639' title='bbox 2056 4188 2403 4252; x_wconf 87' lang='grc' dir='ltr'>εἱκοσαετοῦς</span> <span class='ocrx_word' id='word_1_640' title='bbox 2466 4188 2763 4259; x_wconf 86' lang='grc' dir='ltr'>βασιλείας.</span> <span class='ocrx_word' id='word_1_641' title='bbox 2817 4189 2965 4242; x_wconf 85' lang='grc' dir='ltr'>Ἔδει</span> <span class='ocrx_word' id='word_1_642' title='bbox 3032 4189 3132 4260; x_wconf 78' lang='grc' dir='ltr'><strong>μὲν</strong></span> <span class='ocrx_word' id='word_1_643' title='bbox 3190 4185 3284 4243; x_wconf 78' lang='grc' dir='ltr'>οὖν</span> <span class='ocrx_word' id='word_1_644' title='bbox 3303 4190 3350 4221; x_wconf 79' lang='grc'><strong>⁸³</strong></span> <span class='ocrx_word' id='word_1_645' title='bbox 3394 4189 3522 4251; x_wconf 78' lang='grc' dir='ltr'>τοὺς</span> <span class='ocrx_word' id='word_1_646' title='bbox 3568 4187 3641 4241; x_wconf 65' lang='grc' dir='ltr'>τὰ</span> 
     </span>
    </p>
   </div>
   <div class='ocr_carea' id='block_1_90' title="bbox 2070 4279 3642 4353">
    <p class='ocr_par' dir='ltr' id='par_1_90' title="bbox 2070 4279 3642 4353">
     <span class='ocr_line' id='line_1_90' title="bbox 2070 4279 3642 4353; baseline -0.001 -20"><span class='ocrx_word' id='word_1_647' title='bbox 2070 4281 2282 4352; x_wconf 82' lang='grc' dir='ltr'>Ἀρείου</span> <span class='ocrx_word' id='word_1_648' title='bbox 2320 4279 2653 4353; x_wconf 84' lang='grc' dir='ltr'>φρονοῦντας</span> <span class='ocrx_word' id='word_1_649' title='bbox 2679 4320 2695 4343; x_wconf 87' lang='grc'><strong>,</strong></span> <span class='ocrx_word' id='word_1_650' title='bbox 2732 4281 2781 4334; x_wconf 83' lang='grc' dir='ltr'><strong>εί</strong></span> <span class='ocrx_word' id='word_1_651' title='bbox 2817 4281 2913 4334; x_wconf 62' lang='grc' dir='ltr'><strong>καὶ⁵</strong></span> <span class='ocrx_word' id='word_1_652' title='bbox 2960 4283 3074 4346; x_wconf 91' lang='grc' dir='ltr'>τοῖς</span> <span class='ocrx_word' id='word_1_653' title='bbox 3125 4280 3309 4345; x_wconf 80' lang='grc' dir='ltr'>ἄλλοις</span> <span class='ocrx_word' id='word_1_654' title='bbox 3359 4280 3642 4350; x_wconf 81' lang='grc' dir='ltr'>Πατράσιν</span> 
     </span>
    </p>
   </div>
   <div class='ocr_carea' id='block_1_91' title="bbox 2059 4367 3641 4440">
    <p class='ocr_par' dir='ltr' id='par_1_91' title="bbox 2059 4367 3641 4440">
     <span class='ocr_line' id='line_1_91' title="bbox 2059 4367 3641 4440; baseline 0 -18"><span class='ocrx_word' id='word_1_655' title='bbox 2059 4368 2361 4436; x_wconf 81' lang='grc' dir='ltr'>ἀντιλέγειν</span> <span class='ocrx_word' id='word_1_656' title='bbox 2393 4369 2493 4422; x_wconf 87' lang='grc' dir='ltr'><strong>ούκ</strong></span> <span class='ocrx_word' id='word_1_657' title='bbox 2547 4367 2799 4439; x_wconf 75' lang='grc' dir='ltr'>ἐνόμιζον</span> <span class='ocrx_word' id='word_1_658' title='bbox 2839 4369 3131 4434; x_wconf 78' lang='grc' dir='ltr'>δυσσεϐὲς,</span> <span class='ocrx_word' id='word_1_659' title='bbox 3164 4369 3339 4440; x_wconf 82' lang='grc' dir='ltr'>τούτῳ</span> <span class='ocrx_word' id='word_1_660' title='bbox 3378 4369 3512 4439; x_wconf 78' lang='grc' dir='ltr'>γοῦν</span> <span class='ocrx_word' id='word_1_661' title='bbox 3545 4387 3641 4422; x_wconf 80' lang='grc' dir='ltr'>πι-</span> 
     </span>
    </p>
   </div>
   <div class='ocr_carea' id='block_1_92' title="bbox 370 4461 1956 4535">
    <p class='ocr_par' dir='ltr' id='par_1_92' title="bbox 370 4461 1953 4533">
     <span class='ocr_line' id='line_1_92' title="bbox 370 4461 1953 4533; baseline 0.003 -18"><span class='ocrx_word' id='word_1_662' title='bbox 370 4461 569 4515; x_wconf 89' lang='lat' dir='ltr'><strong>simam</strong></span> <span class='ocrx_word' id='word_1_663' title='bbox 600 4469 653 4515; x_wconf 89' lang='lat' dir='ltr'><strong>et</strong></span> <span class='ocrx_word' id='word_1_664' title='bbox 685 4461 937 4518; x_wconf 85' lang='lat' dir='ltr'><strong>horroris</strong></span> <span class='ocrx_word' id='word_1_665' title='bbox 962 4464 1178 4533; x_wconf 81' lang='lat' dir='ltr'><strong>plenam</strong></span> <span class='ocrx_word' id='word_1_666' title='bbox 1214 4473 1447 4521; x_wconf 86' lang='lat' dir='ltr'><strong>mortem</strong></span> <span class='ocrx_word' id='word_1_667' title='bbox 1473 4465 1721 4530; x_wconf 90' lang='lat' dir='ltr'><strong>edoctos,</strong></span> <span class='ocrx_word' id='word_1_668' title='bbox 1748 4465 1953 4520; x_wconf 86' lang='lat' dir='ltr'><strong>editam</strong></span> 
     </span>
    </p>
   </div>
   <div class='ocr_carea' id='block_1_93' title="bbox 2056 4461 3638 4535">
    <p class='ocr_par' dir='ltr' id='par_1_93' title="bbox 2062 4461 3638 4535">
     <span class='ocr_line' id='line_1_93' title="bbox 2062 4461 3638 4535; baseline 0 -21"><span class='ocrx_word' id='word_1_669' title='bbox 2062 4461 2292 4525; x_wconf 85' lang='grc' dir='ltr'>στεύειν,</span> <span class='ocrx_word' id='word_1_670' title='bbox 2320 4461 2378 4515; x_wconf 84' lang='grc' dir='ltr'>ὃν</span> <span class='ocrx_word' id='word_1_671' title='bbox 2402 4461 2704 4533; x_wconf 78' lang='grc' dir='ltr'>θαυμάζειν</span> <span class='ocrx_word' id='word_1_672' title='bbox 2726 4462 2974 4528; x_wconf 71' lang='grc' dir='ltr'>εἰώθασι,</span> <span class='ocrx_word' id='word_1_673' title='bbox 3000 4463 3289 4535; x_wconf 73' lang='grc' dir='ltr'>σύμφωνον</span> <span class='ocrx_word' id='word_1_674' title='bbox 3312 4463 3638 4534; x_wconf 80' lang='grc' dir='ltr'>γεγενῆσθαι</span> 
     </span>
    </p>
   </div>
   <div class='ocr_carea' id='block_1_94' title="bbox 371 4556 1947 4630">
    <p class='ocr_par' dir='ltr' id='par_1_94' title="bbox 371 4556 1947 4630">
     <span class='ocr_line' id='line_1_94' title="bbox 371 4556 1947 4630; baseline 0.001 -21"><span class='ocrx_word' id='word_1_675' title='bbox 371 4557 442 4612; x_wconf 85' lang='lat' dir='ltr'><strong>ab</strong></span> <span class='ocrx_word' id='word_1_676' title='bbox 460 4572 527 4613; x_wconf 89' lang='lat' dir='ltr'><strong>eo</strong></span> <span class='ocrx_word' id='word_1_677' title='bbox 557 4556 890 4627; x_wconf 87' lang='lat' dir='ltr'><strong>impietatem</strong></span> <span class='ocrx_word' id='word_1_678' title='bbox 913 4558 1062 4613; x_wconf 92' lang='lat' dir='ltr'><strong>omni</strong></span> <span class='ocrx_word' id='word_1_679' title='bbox 1085 4558 1270 4613; x_wconf 89' lang='lat' dir='ltr'><strong>studio</strong></span> <span class='ocrx_word' id='word_1_680' title='bbox 1289 4558 1549 4630; x_wconf 79' lang='lat' dir='ltr'><strong>ell‘ugere.</strong></span> <span class='ocrx_word' id='word_1_681' title='bbox 1585 4560 1654 4614; x_wconf 83' lang='lat' dir='ltr'><strong>At</strong></span> <span class='ocrx_word' id='word_1_682' title='bbox 1682 4558 1947 4629; x_wconf 88' lang='lat' dir='ltr'><strong>quoniam</strong></span> 
     </span>
    </p>
   </div>
   <div class='ocr_carea' id='block_1_95' title="bbox 373 4646 1953 4716">
    <p class='ocr_par' dir='ltr' id='par_1_95' title="bbox 373 4646 1953 4716">
     <span class='ocr_line' id='line_1_95' title="bbox 373 4646 1953 4716; baseline -0.002 -13"><span class='ocrx_word' id='word_1_683' title='bbox 373 4648 599 4703; x_wconf 84' lang='lat' dir='ltr'><strong>modum</strong></span> <span class='ocrx_word' id='word_1_684' title='bbox 634 4647 756 4716; x_wconf 80' lang='lat' dir='ltr'><strong>ejus</strong></span> <span class='ocrx_word' id='word_1_685' title='bbox 810 4648 1002 4701; x_wconf 89' lang='lat' dir='ltr'><strong>mortis</strong></span> <span class='ocrx_word' id='word_1_686' title='bbox 1055 4647 1479 4703; x_wconf 36' lang='lat' dir='ltr'><strong>verisimile‘est</strong></span> <span class='ocrx_word' id='word_1_687' title='bbox 1523 4664 1633 4703; x_wconf 89' lang='lat' dir='ltr'><strong>non</strong></span> <span class='ocrx_word' id='word_1_688' title='bbox 1694 4646 1953 4701; x_wconf 88' lang='lat' dir='ltr'><strong>omnibus</strong></span> 
     </span>
    </p>
   </div>
   <div class='ocr_carea' id='block_1_96' title="bbox 368 4739 1953 4814">
    <p class='ocr_par' dir='ltr' id='par_1_96' title="bbox 368 4739 1953 4814">
     <span class='ocr_line' id='line_1_96' title="bbox 368 4739 1953 4814; baseline -0.003 -17"><span class='ocrx_word' id='word_1_689' title='bbox 368 4747 719 4814; x_wconf 84' lang='lat' dir='ltr'><strong>perspectum</strong></span> <span class='ocrx_word' id='word_1_690' title='bbox 749 4754 894 4802; x_wconf 84' lang='lat' dir='ltr'><strong>esse,</strong></span> <span class='ocrx_word' id='word_1_691' title='bbox 922 4755 1021 4809; x_wconf 75' lang='lat' dir='ltr'><strong>ego</strong></span> <span class='ocrx_word' id='word_1_692' title='bbox 1055 4739 1199 4793; x_wconf 81' lang='lat' dir='ltr'><strong>hanc</strong></span> <span class='ocrx_word' id='word_1_693' title='bbox 1236 4740 1400 4794; x_wconf 82' lang='lat' dir='ltr'><strong>etiam</strong></span> <span class='ocrx_word' id='word_1_694' title='bbox 1455 4746 1514 4793; x_wconf 90' lang='lat' dir='ltr'><strong>ut</strong></span> <span class='ocrx_word' id='word_1_695' title='bbox 1546 4739 1779 4806; x_wconf 66' lang='lat' dir='ltr'><strong>contigit</strong></span> <span class='ocrx_word' id='word_1_696' title='bbox 1804 4752 1953 4793; x_wconf 65' lang='lat' dir='ltr'><strong>como</strong></span> 
     </span>
    </p>
   </div>
   <div class='ocr_carea' id='block_1_97' title="bbox 374 4833 713 4891">
    <p class='ocr_par' dir='ltr' id='par_1_97' title="bbox 374 4833 713 4891">
     <span class='ocr_line' id='line_1_97' title="bbox 374 4833 713 4891; baseline -0.006 -2"><span class='ocrx_word' id='word_1_697' title='bbox 374 4833 713 4891; x_wconf 83' lang='lat' dir='ltr'><strong>memorabo.</strong></span> 
     </span>
    </p>
   </div>
   <div class='ocr_carea' id='block_1_98' title="bbox 2059 4552 3639 4626">
    <p class='ocr_par' dir='ltr' id='par_1_98' title="bbox 2059 4552 3639 4626">
     <span class='ocr_line' id='line_1_98' title="bbox 2059 4552 3639 4626; baseline -0.002 -17"><span class='ocrx_word' id='word_1_698' title='bbox 2059 4553 2159 4623; x_wconf 76' lang='grc' dir='ltr'>τὴν</span> <span class='ocrx_word' id='word_1_699' title='bbox 2188 4552 2480 4624; x_wconf 79' lang='grc' dir='ltr'>ὁμολογίαν</span> <span class='ocrx_word' id='word_1_700' title='bbox 2525 4554 2740 4626; x_wconf 80' lang='grc' dir='ltr'>ἐκείνην</span> <span class='ocrx_word' id='word_1_701' title='bbox 2786 4554 3114 4610; x_wconf 81' lang='grc' dir='ltr'>διδάσκοντι.</span> <span class='ocrx_word' id='word_1_702' title='bbox 3179 4554 3399 4625; x_wconf 81' lang='grc' dir='ltr'>Ἐπειδὴ</span> <span class='ocrx_word' id='word_1_703' title='bbox 3450 4554 3639 4607; x_wconf 76' lang='grc' dir='ltr'>δὲκαὶ</span> 
     </span>
    </p>
   </div>
   <div class='ocr_carea' id='block_1_99' title="bbox 2062 4643 3640 4718">
    <p class='ocr_par' dir='ltr' id='par_1_99' title="bbox 2062 4643 3640 4718">
     <span class='ocr_line' id='line_1_99' title="bbox 2062 4643 3640 4718; baseline 0.003 -23"><span class='ocrx_word' id='word_1_704' title='bbox 2062 4643 2199 4715; x_wconf 83' lang='grc' dir='ltr'>πρὸς</span> <span class='ocrx_word' id='word_1_705' title='bbox 2223 4644 2324 4708; x_wconf 74' lang='grc' dir='ltr'><strong>τὰς</strong></span> <span class='ocrx_word' id='word_1_706' title='bbox 2357 4645 2464 4698; x_wconf 86' lang='grc' dir='ltr'><strong>τῶν</strong></span> <span class='ocrx_word' id='word_1_707' title='bbox 2509 4646 2726 4700; x_wconf 78' lang='grc' dir='ltr'>οἰκείων</span> <span class='ocrx_word' id='word_1_708' title='bbox 2774 4647 3039 4718; x_wconf 80' lang='grc' dir='ltr'>Ιιατέρων</span> <span class='ocrx_word' id='word_1_709' title='bbox 3068 4645 3425 4718; x_wconf 83' lang='grc' dir='ltr'>διαμάχονται</span> <span class='ocrx_word' id='word_1_710' title='bbox 3447 4646 3640 4712; x_wconf 79' lang='grc' dir='ltr'>δόξας,</span> 
     </span>
    </p>
   </div>
   <div class='ocr_carea' id='block_1_100' title="bbox 2061 4735 3643 4809">
    <p class='ocr_par' dir='ltr' id='par_1_100' title="bbox 2061 4735 3643 4809">
     <span class='ocr_line' id='line_1_100' title="bbox 2061 4735 3643 4809; baseline 0.001 -22"><span class='ocrx_word' id='word_1_711' title='bbox 2061 4735 2229 4806; x_wconf 78' lang='grc' dir='ltr'>ἐχρῆν</span> <span class='ocrx_word' id='word_1_712' title='bbox 2278 4735 2406 4804; x_wconf 89' lang='grc' dir='ltr'>γοῦν</span> <span class='ocrx_word' id='word_1_713' title='bbox 2429 4737 2477 4769; x_wconf 61' lang='grc'><strong>⁸⁸</strong></span> <span class='ocrx_word' id='word_1_714' title='bbox 2532 4737 2744 4808; x_wconf 82' lang='grc' dir='ltr'>Ἀρείου</span> <span class='ocrx_word' id='word_1_715' title='bbox 2781 4737 2881 4807; x_wconf 74' lang='grc' dir='ltr'>τὴν</span> <span class='ocrx_word' id='word_1_716' title='bbox 2920 4738 3204 4809; x_wconf 77' lang='grc' dir='ltr'>αἰσχίστην</span> <span class='ocrx_word' id='word_1_717' title='bbox 3253 4736 3643 4808; x_wconf 75' lang='grc' dir='ltr'>μεμαθηκότας</span> 
     </span>
    </p>
   </div>
   <div class='ocr_carea' id='block_1_101' title="bbox 2060 4828 3643 4901">
    <p class='ocr_par' dir='ltr' id='par_1_101' title="bbox 2060 4828 3643 4901">
     <span class='ocr_line' id='line_1_101' title="bbox 2060 4828 3643 4901; baseline 0.002 -21"><span class='ocrx_word' id='word_1_718' title='bbox 2060 4828 2155 4881; x_wconf 74' lang='grc' dir='ltr'>καὶ</span> <span class='ocrx_word' id='word_1_719' title='bbox 2188 4829 2388 4900; x_wconf 76' lang='grc' dir='ltr'>φρίκης</span> <span class='ocrx_word' id='word_1_720' title='bbox 2433 4831 2708 4901; x_wconf 84' lang='grc' dir='ltr'>γέμουσαν</span> <span class='ocrx_word' id='word_1_721' title='bbox 2736 4830 3016 4901; x_wconf 83' lang='grc' dir='ltr'>τελευτὴν,</span> <span class='ocrx_word' id='word_1_722' title='bbox 3048 4833 3239 4901; x_wconf 81' lang='grc' dir='ltr'>φυγεῖν</span> <span class='ocrx_word' id='word_1_723' title='bbox 3267 4830 3429 4887; x_wconf 81' lang='grc' dir='ltr'>παντὶ</span> <span class='ocrx_word' id='word_1_724' title='bbox 3462 4830 3643 4883; x_wconf 81' lang='grc' dir='ltr'>σθένει</span> 
     </span>
    </p>
   </div>
   <div class='ocr_carea' id='block_1_102' title="bbox 368 4916 3643 4995">
    <p class='ocr_par' dir='ltr' id='par_1_102' title="bbox 368 4916 3643 4995">
     <span class='ocr_line' id='line_1_102' title="bbox 368 4916 3643 4995; baseline -0.001 -17"><span class='ocrx_word' id='word_1_725' title='bbox 368 4923 468 4995; x_wconf 84' lang='grc' dir='ltr'>τὴν</span> <span class='ocrx_word' id='word_1_726' title='bbox 492 4923 585 4977; x_wconf 79' lang='grc' dir='ltr'><strong>ὑπ’</strong></span> <span class='ocrx_word' id='word_1_727' title='bbox 616 4921 825 4976; x_wconf 78' lang='grc' dir='ltr'>ἐκείνου</span> <span class='ocrx_word' id='word_1_728' title='bbox 860 4920 1149 4991; x_wconf 83' lang='grc' dir='ltr'>τεχθεῖσαν</span> <span class='ocrx_word' id='word_1_729' title='bbox 1175 4920 1292 4993; x_wconf 65' lang='lat'><strong>[42}</strong></span> <span class='ocrx_word' id='word_1_730' title='bbox 1330 4921 1605 4976; x_wconf 75' lang='grc' dir='ltr'>ἀσέῆειαν.</span> <span class='ocrx_word' id='word_1_731' title='bbox 1648 4922 1869 4992; x_wconf 73' lang='grc' dir='ltr'>Ἐπειδὴ</span> <span class='ocrx_word' id='word_1_732' title='bbox 1915 4916 1975 4983; x_wconf 71' lang='grc' dir='ltr'>δὲ</span> <span class='ocrx_word' id='word_1_733' title='bbox 2004 4918 2151 4983; x_wconf 72' lang='grc' dir='ltr'>εἰκὸς</span> <span class='ocrx_word' id='word_1_734' title='bbox 2213 4920 2287 4993; x_wconf 80' lang='grc' dir='ltr'>μὴ</span> <span class='ocrx_word' id='word_1_735' title='bbox 2349 4923 2557 4985; x_wconf 77' lang='grc' dir='ltr'>πάντας</span> <span class='ocrx_word' id='word_1_736' title='bbox 2610 4922 2811 4978; x_wconf 82' lang='grc' dir='ltr'>εἰδέναι</span> <span class='ocrx_word' id='word_1_737' title='bbox 2856 4922 2951 4977; x_wconf 84' lang='grc' dir='ltr'><strong>τοῦ</strong></span> <span class='ocrx_word' id='word_1_738' title='bbox 2993 4921 3227 4979; x_wconf 87' lang='grc' dir='ltr'>θανάτου</span> <span class='ocrx_word' id='word_1_739' title='bbox 3270 4924 3362 4977; x_wconf 76' lang='grc' dir='ltr'><strong>τὸν</strong></span> <span class='ocrx_word' id='word_1_740' title='bbox 3414 4924 3643 4995; x_wconf 81' lang='grc' dir='ltr'>τρόπον,</span> 
     </span>
    </p>
   </div>
   <div class='ocr_carea' id='block_1_103' title="bbox 372 5012 1575 5084">
    <p class='ocr_par' dir='ltr' id='par_1_103' title="bbox 372 5012 1575 5084">
     <span class='ocr_line' id='line_1_103' title="bbox 372 5012 1575 5084; baseline 0 -17"><span class='ocrx_word' id='word_1_741' title='bbox 372 5014 481 5083; x_wconf 78' lang='grc' dir='ltr'><strong>ἐγὼ</strong></span> <span class='ocrx_word' id='word_1_742' title='bbox 510 5014 603 5069; x_wconf 70' lang='grc' dir='ltr'>καὶ</span> <span class='ocrx_word' id='word_1_743' title='bbox 640 5014 829 5069; x_wconf 76' lang='grc' dir='ltr'>τοῦτον</span> <span class='ocrx_word' id='word_1_744' title='bbox 858 5014 933 5077; x_wconf 86' lang='grc' dir='ltr'>ὡς</span> <span class='ocrx_word' id='word_1_745' title='bbox 970 5012 1186 5084; x_wconf 78' lang='grc' dir='ltr'>ἐγένετο</span> <span class='ocrx_word' id='word_1_746' title='bbox 1220 5012 1575 5084; x_wconf 57' lang='grc' dir='ltr'>διηγήσομαι,</span> 
     </span>
    </p>
   </div>
   <div class='ocr_carea' id='block_1_104' title="bbox 1679 5187 2354 5247">
    <p class='ocr_par' dir='ltr' id='par_1_104' title="bbox 1679 5187 2354 5247">
     <span class='ocr_line' id='line_1_104' title="bbox 1679 5187 2354 5247; baseline -0.003 -4"><span class='ocrx_word' id='word_1_747' title='bbox 1679 5188 1911 5245; x_wconf 61' lang='grc' dir='ltr'>νΑιιιίΕ</span> <span class='ocrx_word' id='word_1_748' title='bbox 1950 5187 2354 5247; x_wconf 77' lang='lat' dir='ltr'><strong>LECTIONES.</strong></span> 
     </span>
    </p>
   </div>
   <div class='ocr_carea' id='block_1_105' title="bbox 460 5321 3643 5393">
    <p class='ocr_par' dir='ltr' id='par_1_105' title="bbox 460 5321 3643 5393">
     <span class='ocr_line' id='line_1_105' title="bbox 460 5321 3643 5393; baseline -0.003 -7"><span class='ocrx_word' id='word_1_749' title='bbox 460 5333 507 5364; x_wconf 82' lang='lat'>&quot;</span> <span class='ocrx_word' id='word_1_750' title='bbox 538 5331 714 5386; x_wconf 89' lang='lat' dir='ltr'><strong>Locus</strong></span> <span class='ocrx_word' id='word_1_751' title='bbox 754 5340 835 5385; x_wconf 83' lang='lat' dir='ltr'><strong>est</strong></span> <span class='ocrx_word' id='word_1_752' title='bbox 871 5332 924 5386; x_wconf 89' lang='lat' dir='ltr'><strong>in</strong></span> <span class='ocrx_word' id='word_1_753' title='bbox 956 5328 1176 5386; x_wconf 82' lang='lat' dir='ltr'><strong>Eusebii</strong></span> <span class='ocrx_word' id='word_1_754' title='bbox 1207 5327 1285 5383; x_wconf 84' lang='lat' dir='ltr'><strong>De</strong></span> <span class='ocrx_word' id='word_1_755' title='bbox 1312 5329 1419 5384; x_wconf 80' lang='lat' dir='ltr'><strong>vita</strong></span> <span class='ocrx_word' id='word_1_756' title='bbox 1453 5326 1789 5383; x_wconf 73' lang='lat' dir='ltr'><strong>Constantini</strong></span> <span class='ocrx_word' id='word_1_757' title='bbox 1822 5326 1916 5381; x_wconf 89' lang='lat' dir='ltr'><strong>lib.</strong></span> <span class='ocrx_word' id='word_1_758' title='bbox 1952 5324 2039 5389; x_wconf 87' lang='lat' dir='ltr'><strong>Ill,</strong></span> <span class='ocrx_word' id='word_1_759' title='bbox 2079 5340 2129 5381; x_wconf 93' lang='lat' dir='ltr'><strong>c.</strong></span> <span class='ocrx_word' id='word_1_760' title='bbox 2166 5340 2287 5386; x_wconf 84' lang='lat' dir='ltr'><strong>xm,</strong></span> <span class='ocrx_word' id='word_1_761' title='bbox 2321 5340 2478 5391; x_wconf 87' lang='lat' dir='ltr'><strong>quem</strong></span> <span class='ocrx_word' id='word_1_762' title='bbox 2512 5324 2711 5393; x_wconf 88' lang='lat' dir='ltr'><strong>repetit</strong></span> <span class='ocrx_word' id='word_1_763' title='bbox 2759 5322 3014 5378; x_wconf 84' lang='lat' dir='ltr'><strong>Socrates</strong></span> <span class='ocrx_word' id='word_1_764' title='bbox 3058 5322 3127 5393; x_wconf 67' lang='grc' dir='ltr'><strong>ιι.</strong></span> <span class='ocrx_word' id='word_1_765' title='bbox 3169 5322 3232 5378; x_wconf 83' lang='grc' dir='ltr'>Ε.</span> <span class='ocrx_word' id='word_1_766' title='bbox 3276 5321 3318 5386; x_wconf 91' lang='grc'>1,</span> <span class='ocrx_word' id='word_1_767' title='bbox 3354 5322 3453 5393; x_wconf 37' lang='grc' dir='ltr'>8η</span> <span class='ocrx_word' id='word_1_768' title='bbox 3487 5322 3534 5354; x_wconf 67' lang='grc' dir='ltr'><strong>τ’</strong></span> 
     </span>
    </p>
   </div>
   <div class='ocr_carea' id='block_1_106' title="bbox 371 5391 3640 5469">
    <p class='ocr_par' dir='ltr' id='par_1_106' title="bbox 371 5391 3640 5469">
     <span class='ocr_line' id='line_1_106' title="bbox 371 5391 3640 5469; baseline -0.005 -11"><span class='ocrx_word' id='word_1_769' title='bbox 371 5421 508 5467; x_wconf 81' lang='grc' dir='ltr'>πους</span> <span class='ocrx_word' id='word_1_770' title='bbox 542 5402 727 5467; x_wconf 83' lang='grc' dir='ltr'>πέλας.</span> <span class='ocrx_word' id='word_1_771' title='bbox 763 5401 927 5457; x_wconf 84' lang='lat' dir='ltr'><strong>Basil.</strong></span> <span class='ocrx_word' id='word_1_772' title='bbox 958 5400 1053 5456; x_wconf 89' lang='lat' dir='ltr'><strong>Gr.</strong></span> <span class='ocrx_word' id='word_1_773' title='bbox 1127 5401 1175 5432; x_wconf 77' lang='grc'><strong>⁷⁸</strong></span> <span class='ocrx_word' id='word_1_774' title='bbox 1194 5400 1280 5469; x_wconf 88' lang='grc' dir='ltr'><strong>γλ,</strong></span> <span class='ocrx_word' id='word_1_775' title='bbox 1309 5399 1366 5453; x_wconf 84' lang='grc' dir='ltr'><strong>δέ</strong></span> <span class='ocrx_word' id='word_1_776' title='bbox 1396 5416 1478 5461; x_wconf 89' lang='grc' dir='ltr'><strong>τις</strong></span> <span class='ocrx_word' id='word_1_777' title='bbox 1504 5395 1594 5469; x_wconf 75' lang='grc' dir='ltr'>ἦν.</span> <span class='ocrx_word' id='word_1_778' title='bbox 1620 5397 1784 5453; x_wconf 82' lang='lat' dir='ltr'><strong>Basil.</strong></span> <span class='ocrx_word' id='word_1_779' title='bbox 1807 5395 1925 5469; x_wconf 79' lang='lat' dir='ltr'><strong>Gr.,</strong></span> <span class='ocrx_word' id='word_1_780' title='bbox 1954 5394 2123 5469; x_wconf 71' lang='lat' dir='ltr'><strong>Savil.</strong></span> <span class='ocrx_word' id='word_1_781' title='bbox 2152 5393 2486 5469; x_wconf 55' lang='grc' dir='ltr'>ιξλυιεύτερος</span> <span class='ocrx_word' id='word_1_782' title='bbox 2520 5391 2680 5469; x_wconf 80' lang='lat' dir='ltr'><strong>habet</strong></span> <span class='ocrx_word' id='word_1_783' title='bbox 2704 5393 2962 5469; x_wconf 46' lang='lat' dir='ltr'><strong>Socrates</strong></span> <span class='ocrx_word' id='word_1_784' title='bbox 2983 5402 3037 5448; x_wconf 90' lang='lat' dir='ltr'><strong>et</strong></span> <span class='ocrx_word' id='word_1_785' title='bbox 3059 5391 3283 5469; x_wconf 52' lang='lat' dir='ltr'><strong>Niceph,</strong></span> <span class='ocrx_word' id='word_1_786' title='bbox 3312 5396 3382 5447; x_wconf 77' lang='lat' dir='ltr'><strong>II.</strong></span> <span class='ocrx_word' id='word_1_787' title='bbox 3506 5392 3640 5469; x_wconf 69' lang='lat' dir='ltr'><strong>\‘lll,</strong></span> 
     </span>
    </p>
   </div>
   <div class='ocr_carea' id='block_1_107' title="bbox 373 5469 1503 5547">
    <p class='ocr_par' dir='ltr' id='par_1_107' title="bbox 373 5469 1503 5547">
     <span class='ocr_line' id='line_1_107' title="bbox 373 5469 1503 5547; baseline -0.005 -20"><span class='ocrx_word' id='word_1_788' title='bbox 373 5475 475 5547; x_wconf 53' lang='lat'><strong>17:</strong></span> <span class='ocrx_word' id='word_1_789' title='bbox 559 5473 891 5547; x_wconf 19' lang='grc' dir='ltr'>’ζῆλαλυνεῃ</span> <span class='ocrx_word' id='word_1_790' title='bbox 938 5472 1108 5547; x_wconf 56' lang='grc' dir='ltr'><strong>ΒιιςδξιΖ</strong></span> <span class='ocrx_word' id='word_1_791' title='bbox 1158 5473 1288 5537; x_wconf 88' lang='lat' dir='ltr'><strong>Gr.,</strong></span> <span class='ocrx_word' id='word_1_792' title='bbox 1335 5469 1503 5547; x_wconf 64' lang='lat' dir='ltr'><strong>Silvii.</strong></span> 
     </span>
    </p>
   </div>
   <div class='ocr_carea' id='block_1_108' title="bbox 370 5539 920 5600">
    <p class='ocr_par' dir='ltr' id='par_1_108' title="bbox 370 5539 920 5600">
     <span class='ocr_line' id='line_1_108' title="bbox 370 5539 920 5600; baseline 0.005 -7"><span class='ocrx_word' id='word_1_793' title='bbox 370 5539 566 5597; x_wconf 76' lang='grc' dir='ltr'>ταῦτα.</span> <span class='ocrx_word' id='word_1_794' title='bbox 610 5539 779 5600; x_wconf 62' lang='lat' dir='ltr'><strong>Basil.</strong></span> <span class='ocrx_word' id='word_1_795' title='bbox 825 5539 920 5596; x_wconf 84' lang='lat' dir='ltr'><strong>Gr.</strong></span> 
     </span>
    </p>
   </div>
   <div class='ocr_carea' id='block_1_109' title="bbox 364 5609 1721 5695">
    <p class='ocr_par' dir='ltr' id='par_1_109' title="bbox 364 5609 1721 5695">
     <span class='ocr_line' id='line_1_109' title="bbox 364 5609 1721 5695; baseline 0 -35"><span class='ocrx_word' id='word_1_796' title='bbox 364 5609 660 5695; x_wconf 49' lang='grc' dir='ltr'>Ιςιιεςρίιιε,</span> <span class='ocrx_word' id='word_1_797' title='bbox 744 5611 791 5642; x_wconf 77' lang='grc' dir='ltr'><strong>⁸ο</strong></span> <span class='ocrx_word' id='word_1_798' title='bbox 822 5612 1025 5695; x_wconf 71' lang='grc' dir='ltr'>χαίρων</span> <span class='ocrx_word' id='word_1_799' title='bbox 1053 5613 1186 5691; x_wconf 77' lang='grc' dir='ltr'>δῆτα</span> <span class='ocrx_word' id='word_1_800' title='bbox 1226 5610 1503 5695; x_wconf 40' lang='grc' dir='ltr'>βασιλεύς..</span> <span class='ocrx_word' id='word_1_801' title='bbox 1534 5609 1721 5665; x_wconf 80' lang='lat' dir='ltr'><strong>iidem.</strong></span> 
     </span>
    </p>
   </div>
   <div class='ocr_carea' id='block_1_110' title="bbox 351 5742 1537 5825">
    <p class='ocr_par' dir='ltr' id='par_1_110' title="bbox 351 5742 1537 5825">
     <span class='ocr_line' id='line_1_110' title="bbox 351 5742 1537 5825; baseline 0.003 -26"><span class='ocrx_word' id='word_1_802' title='bbox 351 5742 497 5825; x_wconf 64' lang='grc' dir='ltr'>γοῦν</span> <span class='ocrx_word' id='word_1_803' title='bbox 532 5742 701 5823; x_wconf 61' lang='lat' dir='ltr'><strong>Bas“.</strong></span> <span class='ocrx_word' id='word_1_804' title='bbox 744 5742 838 5802; x_wconf 68' lang='lat' dir='ltr'><strong>Cr.</strong></span> <span class='ocrx_word' id='word_1_805' title='bbox 888 5757 937 5801; x_wconf 78' lang='lat' dir='ltr'><strong>et</strong></span> <span class='ocrx_word' id='word_1_806' title='bbox 967 5750 1154 5819; x_wconf 73' lang='lat' dir='ltr'><strong>Steph.</strong></span> <span class='ocrx_word' id='word_1_807' title='bbox 1193 5750 1387 5807; x_wconf 79' lang='lat' dir='ltr'><strong>habent</strong></span> <span class='ocrx_word' id='word_1_808' title='bbox 1422 5748 1537 5803; x_wconf 66' lang='grc' dir='ltr'>τοῦ.</span> 
     </span>
    </p>
   </div>
   <div class='ocr_carea' id='block_1_111' title="bbox 1601 5463 3324 5541">
    <p class='ocr_par' dir='ltr' id='par_1_111' title="bbox 1601 5463 3324 5541">
     <span class='ocr_line' id='line_1_111' title="bbox 1601 5463 3324 5541; baseline -0.002 -20"><span class='ocrx_word' id='word_1_809' title='bbox 1601 5468 1993 5541; x_wconf 45' lang='grc' dir='ltr'><strong>ἀἴὲγγραφίδι2</strong></span> <span class='ocrx_word' id='word_1_810' title='bbox 2046 5464 2402 5541; x_wconf 41' lang='lat' dir='ltr'><strong>B:ISil_.__GIA‘._;</strong></span> <span class='ocrx_word' id='word_1_811' title='bbox 2454 5464 2751 5541; x_wconf 55' lang='grc' dir='ltr'>ἐγγράφως</span> <span class='ocrx_word' id='word_1_812' title='bbox 2800 5463 3050 5541; x_wconf 69' lang='lat' dir='ltr'><strong>Sper_aL_,</strong></span> <span class='ocrx_word' id='word_1_813' title='bbox 3088 5463 3324 5541; x_wconf 57' lang='grc' dir='ltr'><strong>ΔΝἱυιςβίι.</strong></span> 
     </span>
    </p>
   </div>
   <div class='ocr_carea' id='block_1_112' title="bbox 1012 5534 2539 5601">
    <p class='ocr_par' dir='ltr' id='par_1_112' title="bbox 1012 5534 2539 5601">
     <span class='ocr_line' id='line_1_112' title="bbox 1012 5534 2539 5601; baseline -0.006 -4"><span class='ocrx_word' id='word_1_814' title='bbox 1012 5545 1056 5575; x_wconf 79' lang='grc'><strong>⁷⁸</strong></span> <span class='ocrx_word' id='word_1_815' title='bbox 1088 5534 1284 5597; x_wconf 79' lang='lat' dir='ltr'><strong>Locus</strong></span> <span class='ocrx_word' id='word_1_816' title='bbox 1316 5550 1400 5597; x_wconf 87' lang='lat' dir='ltr'><strong>est</strong></span> <span class='ocrx_word' id='word_1_817' title='bbox 1446 5540 1663 5593; x_wconf 78' lang='lat' dir='ltr'><strong>Eusebii</strong></span> <span class='ocrx_word' id='word_1_818' title='bbox 1708 5534 1799 5595; x_wconf 63' lang='lat' dir='ltr'><strong>De&#39;</strong></span> <span class='ocrx_word' id='word_1_819' title='bbox 1826 5534 1919 5592; x_wconf 79' lang='lat' dir='ltr'><strong>vit.</strong></span> <span class='ocrx_word' id='word_1_820' title='bbox 1951 5537 2138 5592; x_wconf 84' lang='lat' dir='ltr'><strong>Const.</strong></span> <span class='ocrx_word' id='word_1_821' title='bbox 2181 5535 2269 5593; x_wconf 88' lang='lat' dir='ltr'><strong>Ill.</strong></span> <span class='ocrx_word' id='word_1_822' title='bbox 2312 5534 2403 5601; x_wconf 72' lang='lat'><strong>2|,</strong></span> <span class='ocrx_word' id='word_1_823' title='bbox 2449 5534 2539 5588; x_wconf 68' lang='grc'><strong>92.</strong></span> 
     </span>
    </p>
   </div>
   <div class='ocr_carea' id='block_1_113' title="bbox 1817 5605 2333 5661">
    <p class='ocr_par' dir='ltr' id='par_1_113' title="bbox 1817 5605 2333 5661">
     <span class='ocr_line' id='line_1_113' title="bbox 1817 5605 2333 5661; baseline 0 -1"><span class='ocrx_word' id='word_1_824' title='bbox 1817 5607 1860 5641; x_wconf 65' lang='grc' dir='ltr'><strong><em>ἰ</em></strong></span> <span class='ocrx_word' id='word_1_825' title='bbox 1896 5611 2048 5661; x_wconf 75' lang='grc' dir='ltr'>πᾶσι.</span> <span class='ocrx_word' id='word_1_826' title='bbox 2087 5606 2206 5661; x_wconf 84' lang='lat' dir='ltr'><strong>Bas.</strong></span> <span class='ocrx_word' id='word_1_827' title='bbox 2239 5605 2333 5660; x_wconf 86' lang='lat' dir='ltr'><strong>Gr.</strong></span> 
     </span>
    </p>
   </div>
   <div class='ocr_carea' id='block_1_114' title="bbox 356 5675 2401 5757">
    <p class='ocr_par' dir='ltr' id='par_1_114' title="bbox 356 5675 2401 5757">
     <span class='ocr_line' id='line_1_114' title="bbox 356 5675 2401 5757; baseline -0 -28"><span class='ocrx_word' id='word_1_828' title='bbox 356 5680 462 5753; x_wconf 64' lang='lat' dir='ltr'><strong>sil1</strong></span> <span class='ocrx_word' id='word_1_829' title='bbox 490 5676 616 5757; x_wconf 50' lang='lat' dir='ltr'><strong>CL;</strong></span> <span class='ocrx_word' id='word_1_830' title='bbox 652 5675 1058 5757; x_wconf 71' lang='grc' dir='ltr'>παρεκελεύετο</span> <span class='ocrx_word' id='word_1_831' title='bbox 1100 5675 1273 5757; x_wconf 56' lang='lat' dir='ltr'><strong>etiam</strong></span> <span class='ocrx_word' id='word_1_832' title='bbox 1309 5679 1610 5757; x_wconf 64' lang='lat' dir='ltr'><strong>Eusebius,</strong></span> <span class='ocrx_word' id='word_1_833' title='bbox 1646 5680 1739 5737; x_wconf 83' lang='lat' dir='ltr'><strong>scd</strong></span> <span class='ocrx_word' id='word_1_834' title='bbox 1768 5676 2102 5733; x_wconf 78' lang='grc' dir='ltr'>διεκελεύετο</span> <span class='ocrx_word' id='word_1_835' title='bbox 2139 5675 2401 5748; x_wconf 78' lang='lat' dir='ltr'><strong>St-phan.</strong></span> 
     </span>
    </p>
   </div>
   <div class='ocr_carea' id='block_1_115' title="bbox 3424 5464 3645 5517">
    <p class='ocr_par' dir='ltr' id='par_1_115' title="bbox 3424 5464 3645 5517">
     <span class='ocr_line' id='line_1_115' title="bbox 3424 5464 3645 5517; baseline 0.009 -2"><span class='ocrx_word' id='word_1_836' title='bbox 3424 5465 3469 5495; x_wconf 81' lang='grc'><strong>⁷⁷</strong></span> <span class='ocrx_word' id='word_1_837' title='bbox 3502 5464 3645 5517; x_wconf 80' lang='grc' dir='ltr'>κατὰ</span> 
     </span>
    </p>
   </div>
   <div class='ocr_carea' id='block_1_116' title="bbox 2636 5533 3641 5605">
    <p class='ocr_par' dir='ltr' id='par_1_116' title="bbox 2636 5533 3641 5605">
     <span class='ocr_line' id='line_1_116' title="bbox 2636 5533 3641 5605; baseline -0.002 -16"><span class='ocrx_word' id='word_1_838' title='bbox 2636 5535 2681 5567; x_wconf 76' lang='grc'><strong>⁷⁸</strong></span> <span class='ocrx_word' id='word_1_839' title='bbox 2713 5537 2845 5604; x_wconf 78' lang='grc' dir='ltr'>παρ’</span> <span class='ocrx_word' id='word_1_840' title='bbox 2888 5534 3036 5605; x_wconf 77' lang='grc' dir='ltr'>αὐτῷ</span> <span class='ocrx_word' id='word_1_841' title='bbox 3085 5534 3313 5603; x_wconf 80' lang='grc' dir='ltr'>βασιλεῖ.</span> <span class='ocrx_word' id='word_1_842' title='bbox 3362 5535 3486 5605; x_wconf 77' lang='lat' dir='ltr'><strong>Bas.</strong></span> <span class='ocrx_word' id='word_1_843' title='bbox 3520 5533 3641 5605; x_wconf 66' lang='lat' dir='ltr'><strong>Gn,</strong></span> 
     </span>
    </p>
   </div>
   <div class='ocr_carea' id='block_1_117' title="bbox 2430 5603 3644 5676">
    <p class='ocr_par' dir='ltr' id='par_1_117' title="bbox 2430 5603 3644 5676">
     <span class='ocr_line' id='line_1_117' title="bbox 2430 5603 3644 5676; baseline -0.001 -18"><span class='ocrx_word' id='word_1_844' title='bbox 2430 5605 2475 5636; x_wconf 79' lang='grc'><strong>⁸³</strong></span> <span class='ocrx_word' id='word_1_845' title='bbox 2500 5606 2771 5676; x_wconf 67' lang='grc' dir='ltr'>ποιεῖσθαι</span> <span class='ocrx_word' id='word_1_846' title='bbox 2799 5603 3063 5668; x_wconf 79' lang='grc' dir='ltr'>διαδόσεις</span> <span class='ocrx_word' id='word_1_847' title='bbox 3086 5604 3504 5676; x_wconf 15' lang='grc' dir='ltr'>κπαρακελεύων.</span> <span class='ocrx_word' id='word_1_848' title='bbox 3540 5603 3644 5676; x_wconf 72' lang='grc' dir='ltr'><strong>Βο-</strong></span> 
     </span>
    </p>
   </div>
   <div class='ocr_carea' id='block_1_118' title="bbox 2492 5672 3645 5735">
    <p class='ocr_par' dir='ltr' id='par_1_118' title="bbox 2492 5672 3645 5735">
     <span class='ocr_line' id='line_1_118' title="bbox 2492 5672 3645 5735; baseline 0.003 -7"><span class='ocrx_word' id='word_1_849' title='bbox 2492 5676 2537 5707; x_wconf 77' lang='grc'>⁸³</span> <span class='ocrx_word' id='word_1_850' title='bbox 2564 5672 2655 5729; x_wconf 72' lang='grc' dir='ltr'><strong>οὖν</strong></span> <span class='ocrx_word' id='word_1_851' title='bbox 2691 5677 2958 5732; x_wconf 81' lang='lat' dir='ltr'><strong>omissum</strong></span> <span class='ocrx_word' id='word_1_852' title='bbox 2993 5678 3044 5730; x_wconf 94' lang='lat' dir='ltr'><strong>in</strong></span> <span class='ocrx_word' id='word_1_853' title='bbox 3083 5672 3247 5733; x_wconf 79' lang='lat' dir='ltr'><strong>Basil’.</strong></span> <span class='ocrx_word' id='word_1_854' title='bbox 3282 5676 3375 5733; x_wconf 83' lang='lat' dir='ltr'><strong>Gr.</strong></span> <span class='ocrx_word' id='word_1_855' title='bbox 3456 5674 3501 5708; x_wconf 75' lang='lat'>“</span> <span class='ocrx_word' id='word_1_856' title='bbox 3539 5673 3645 5735; x_wconf 74' lang='lat' dir='ltr'><strong>Pro</strong></span> 
     </span>
    </p>
   </div>
  </div>
