4084 6196
352 340 455 404 969

1306 329 1896 392 ECCLESIASTICE
1926 326 2309 392 HISTORI/E
2343 331 2488 393 LIB.
2515 332 2564 391 ῐ.

3523 336 3630 402 9ῗο

355 451 576 520 ὀλίγους
622 444 762 520 μετά
795 443 895 515 τὴν
925 439 1261 515 χειροτονίαν
1293 439 1448 508 ἐϐίω,
1501 440 1814 512 ιιιλακίτῳί⁷
1847 439 1944 511 τῆς

2049 442 2453 497 ordinationem
2484 442 2666 514 vixit),
2701 443 2912 502 Placito
2939 444 3205 506 Ecclesiae.
3229 450 3378 507 illius
3413 452 3630 524 episcoo

369 539 706 610 Ἐκκλησίας
733 535 951 604 ἐκείνης
975 533 1076 602 τὴν
1109 529 1406 603 προεδρίαν
1441 530 1768 600 παρέδοσαν.
1797 530 1943 585 Πάν-

357 649 448 697 τες
471 631 530 686 δὲ
561 629 763 700 ὁμοίως
809 627 908 698 τὴν
947 623 1159 697 Ἀρείου
1216 620 1400 692 λώϐην
1429 616 1577 692 εἶχον
1634 624 1946 696 ἐγκεκρυμο

359 722 553 795 μένην.
580 719 682 773 Διά
715 735 799 772 τοι
839 715 998 770 τοῦτο
1043 713 1284 766 πλεῖστοι
1318 711 1428 764 τῶν
1468 711 1715 767 εὐσεϐεῖν
1745 710 1789 744 ⁸⁸
1813 728 1948 784 προ-

358 811 701 886 αιρουμένων
731 811 796 873 ³³,
832 805 1056 862 καὶτῶν
1091 803 1428 877 ἱερωμένων,
1451 803 1548 860 καὶ
1572 804 1682 858 τῶν
1711 805 1943 872 πολλῶν,

359 905 484 968 τοὺς
544 899 1042 971 ἐκκλησιαστικοὺς
1103 896 1550 961 καταλελοιπότες
1619 897 1909 967 συλλόγους
1929 937 1943 963 ,

357 995 495 1066 πρὸς
535 993 766 1056 ἐαυτοὺς
797 987 1241 1062 συνηθροίζοντο.
1274 987 1680 1051 Εὐσταθιανοὺς
1717 988 1774 1042 δὲ
1818 988 1946 1043 τού-

357 1103 484 1150 τους
511 1083 795 1155 ὠνόμαζον
834 1084 1100 1146 ἅπαντες,
1127 1078 1316 1150 ἐπειδὴ
1349 1078 1488 1151 μετά
1522 1078 1621 1151 τὴν
1643 1079 1823 1146 ἔξοδον
1850 1078 1948 1151 τὴν

358 1183 570 1238 ἐκείνου
631 1181 989 1249 συνέστησαν.
1041 1177 1117 1232 Τὸ
1178 1177 1363 1248 μέντοι
1409 1175 1720 1248 τρισάθλιον
1772 1176 1949 1229 ἐκεῖνο

357 1275 580 1344 γύναιον
617 1273 761 1344 νόσῳ
806 1269 1169 1343 χαλεπωτάτη
1205 1269 1304 1322 καὶ
1340 1269 1662 1341 μακροτάτη
1717 1285 1940 1342 περιπερ

361 1365 472 1429 σὺν,
521 1363 750 1435 ἐξέφηνε
807 1361 906 1430 τὴν
970 1357 1286 1430 ἐπιϐουλὴν,
1338 1358 1434 1412 καὶ
1484 1357 1586 1428 τὴν
1639 1357 1948 1430 τραγῳδίαν

360 1454 700 1527 ἐγύμνωσεν,
739 1453 802 1506 οὐ
831 1450 925 1506 δύο
947 1449 1044 1504 καὶ
1075 1451 1244 1524 τρεῖς,
1289 1448 1425 1503 ἀλλὰ
1457 1449 1816 1520 παμπόλλους
1839 1450 1948 1504 τῶν

363 1549 556 1619 ίερέων
592 1546 663 1600 τά
680 1543 1014 1618 τυρευθέντα
1054 1541 1338 1608 διδάξασα.
1367 1542 1513 1613 Ἔφη
1543 1542 1651 1615 γὰρ
1689 1542 1782 1596 ἐπὶ
1807 1542 1947 1615 χρή-

365 1658 500 1713 μασι
533 1639 633 1713 τὴν
693 1636 1066 1708 συκοφαντίαν
1111 1634 1330 1706 ἐκείνην
1380 1633 1774 1714 τετολμηκέναι
1806 1649 1820 1664 ο
1854 1635 1948 1689 καὶ

359 1735 452 1788 τὸν
485 1733 669 1804 μέντοι
705 1732 868 1804 ὅρκον
897 1728 974 1802 μὴ
1031 1728 1266 1800 πάμπαν
1308 1721 1448 1780 εἶναι
1478 1725 1654 1797 ψευδῆ
1686 1742 1701 1756 ·
1733 1726 1948 1784 Εὐστα-

362 1826 478 1879 θίου
541 1823 651 1896 γάρ
721 1839 866 1886 τινος
921 1819 1166 1892 χαλκέως
1226 1817 1554 1890 γεγενῆσθαι
1614 1822 1676 1873 τὸ
1723 1818 1943 1891 βρέφος.

361 1914 550 1968 Ταῦτα
615 1909 826 1986 μὲνοῦν
863 1913 922 1965 ἐν
961 1909 1265 1984 Ἀντιοχείᾳ
1307 1911 1461 1983 παρά
1507 1911 1608 1983 τῆς
1661 1910 1946 1986 βελτίστης

363 2007 638 2079 ἐτολμήθη
680 2005 1017 2078 συμμορίας.

964 2120 1218 2178 ΚΕΦΑΛ.
1242 2121 1374 2176 KB’.

727 2211 868 2282 Περὶ
909 2212 1022 2283 τῆς
1065 2211 1277 2269 Ἰνδῶν
1312 2212 1593 2280 πίστεως.

438 2302 596 2373 Παρά
629 2302 687 2356 δὲ
731 2302 912 2367 Ἰνδοῖς
958 2301 1102 2357 κατά
1143 2301 1335 2357 τοῦτον
1365 2302 1606 2358 ἀνέτειλε
1638 2302 1729 2357 τὸν
1758 2301 1946 2374 χρόνον

359 2392 459 2464 τῆς
491 2393 822 2462 θεογνωσίας
852 2392 913 2447 τδ
949 2393 1087 2464 φῶς.
1119 2393 1235 2464 Τῆς
1259 2393 1371 2466 γὰρ
1397 2393 1494 2448 τοῦ
1552 2393 1820 2464 βασιλέως
1849 2395 1944 2449 άν-

359 2484 512 2556 δρίας
539 2483 631 2538 καί
656 2483 938 2548 εὐσεϐείας
969 2485 1247 2556 πανταχοῦ
1279 2482 1822 2558 θρυλλουμένης,καὶ
1838 2485 1947 2540 τῶν

359 2578 419 2632 ἐν
447 2575 632 2648 κύκλῳ
645 2577 690 2608 ⁸ο
714 2574 1006 2649 βαρϐάρων
1027 2575 1127 2647 τὴν
1153 2576 1376 2648 είρήνην
1401 2577 1675 2648 αἱρεῖσθαι
1717 2577 1824 2649 πρὸ
1851 2577 1945 2632 τοῦ

359 2667 601 2739 πολέμου
619 2671 685 2739 τῇ
716 2668 883 2740 πείρᾳ
913 2667 1331 2740 μεμαθηκότων,
1363 2667 1481 2741 [54]
1499 2668 1670 2732 ἀδεῶς
1691 2668 1947 2740 ἀλλήλοις

359 2761 600 2823 ἀπαντες
627 2761 1014 2831 ἐπεμίγνυντο,
1035 2762 1132 2816 καὶ
1157 2761 1343 2818 πολλοὶ
1366 2762 1466 2834 μὲν
1491 2763 1734 2836 ἱστορίας
1759 2763 1942 2836 χάριν,

361 2851 548 2907 πολλοὶ
575 2852 637 2905 δὲ
675 2852 970 2924 ἐμπορίας,
1000 2854 1100 2918 τάς
1138 2855 1359 2926 μακρὰς
1398 2856 1710 2927 ἀποδημίας
1755 2855 1947 2910 ἐστέλ-

361 2943 533 2999 λοντο.
569 2943 706 2997 Τότε
730 2961 814 3009 τις
839 2943 1060 3016 Τύριος,
1082 2947 1180 3018 τῆς
1207 2945 1440 3020 θύραθεν
1468 2947 1788 3019 φιλοσοφίας
1819 2966 1947 3020 μετ-

363 3038 526 3110 έχων,
553 3035 653 3110 τὴν
712 3036 952 3109 ἐσχάτην
997 3038 1190 3093 Ἰνδίαν
1237 3041 1521 3114 ἱστορῆσαι
1551 3041 1816 3112 ποθήσας,
1849 3040 1948 3094 σὺν

360 3130 455 3184 δύο
499 3130 806 3201 μειρακίοις
833 3123 1140 3201 ἀδελφιδοῖς
1179 3130 1538 3204 ἐξεδήμησεν.
1561 3125 1664 3186 Ὧν
1702 3132 1941 3232 ἐπόθησε
1969 3169 2018 3232 c

358 3222 417 3277 δὲ
449 3221 647 3294 τυχὼν,
687 3221 934 3295 ναυτιλίᾳ
977 3223 1264 3296 χρώμενος
1317 3224 1582 3296 ἐπανῄειο
1637 3223 1855 3295 ὑδρείας
1882 3223 1940 3279 δέ

361 3313 522 3385 χάριν
553 3313 630 3378 εἴς
656 3331 779 3369 τινα
809 3313 1004 3386 λιμένα
1031 3314 1128 3369 τοῦ
1146 3315 1390 3387 σκάφους
1417 3316 1941 3388 προσορμισθέντος,

365 3404 632 3478 βάρϐαροι
689 3407 1096 3477 προσπεσόντες
1125 3408 1255 3473 τούς
1299 3409 1400 3480 μὲν
1453 3409 1849 3464 κατεπόντισαν
1873 3411 1941 3476 ⁸⁸,

363 3499 492 3562 τοὺς
524 3498 582 3552 δὲ
632 3495 1118 3572 ἐξηνδραπόδισαν.
1172 3500 1283 3555 Καὶ
1316 3502 1525 3566 ἐκεῖνος
1555 3502 1654 3575 μὲν
1687 3505 1800 3567 τοῖς
1855 3520 1945 3557 τε-

365 3589 562 3645 θνεῶσι
585 3587 969 3726 συνηρξίῃιήθη
988 3606 1002 3620 ·
1024 3589 1095 3645 τά
1131 3591 1188 3645 δὲ
1236 3593 1498 3665 μειράκια
1525 3594 1873 3666 προσηνέχθη

365 3679 444 3726 τῶ
490 3679 718 3726 Βασιλεῖ-
771 3680 989 3726 Tati-mw
1024 3682 1053 3726 ὁ
1099 3681 1196 3726 ab:
1233 3683 1489 3726 Alﬁémne,
1522 3684 1553 3726 ὁ
1579 3683 1634 3726 8}
1668 3685 1944 3726 Φηηηηέυ.

362 3679 444 3752 τῷ
489 3679 748 3752 βασιλεῖΛ
771 3681 846 3734 Το

362 3955 541 4020 οἰκίας
565 3956 947 4027 ἐπιμελεῖσθαι
1003 3956 1363 4028 προσέταξεν.
1395 3957 1460 4011 Et
1525 3955 1584 4010 δέ
1622 3974 1705 4020 τις
1728 3958 1950 4012 ἀπιστεῖ

360 4049 474 4111 τοῖς
502 4047 834 4118 λεγομένοις,
862 4047 930 4102 τά
958 4048 1100 4102 κατὰ
1131 4049 1220 4101 τὸν
1258 4048 1458 4117 Ἰωσὴφ
1484 4049 1580 4102 καὶ
1629 4048 1733 4119 τῆς
1771 4049 1943 4118 Αίγύ-

364 4158 500 4196 πτου
521 4141 622 4214 τὴν
650 4140 928 4212 βασιλείαν
951 4139 1280 4213 σκοπησάτω
1305 4156 1318 4170 ·
1359 4138 1496 4210 πρὸς
1518 4137 1575 4192 δὲ
1604 4137 1832 4207 τούτοις,
1847 4141 1944 4194 καὶ

848 3680 989 3735 ύτων
1024 3682 1053 3736 ὁ
1098 3681 1196 3754 μὲν
1229 3662 1496 3750 Αίδέσιος,
1522 3662 1634 3738 όδὲ

345 3790 476 3846 ⁴τιος
502 3773 836 3847 ὠνομάζετο.
877 3775 1081 3847 Πείραν
1105 3774 1162 3828 δέ
1190 3774 1398 3830 τούτων
1425 3775 1506 3848 τῷ
1537 3775 1716 3848 χρόνῳ
1759 3775 1944 3831 λαϐὼν

362 3867 392 3917 ὁ
417 3863 516 3932 τῆς
542 3865 645 3936 γῆς
675 3864 891 3936 ἐκείνης
949 3864 1190 3936 κρατῶν,
1235 3865 1331 3918 καὶ
1382 3865 1638 3936 ἀγχίνους
1677 3865 1822 3931 ίδὼν,
1844 3866 1945 3938 τῆς
1979 3861 1982 3908 Ϊ

2048 541 2238 604 patum
2291 532 2664 590 tradiderunt.
2718 535 2926 593 Ariana
2969 553 3134 609 porro
3173 541 3298 598 labe
3349 541 3402 598 hi
3433 560 3632 603 omnes

2047 626 2277 696 pariter,
2323 624 2421 681 sed
2453 625 2671 682 occulte
2700 626 3055 686 laborabant.
3089 632 3266 700 Quam
3305 636 3376 693 ob
3401 652 3630 697 causam

2047 717 2294 786 plurimi,
2325 725 2441 771 tum
2465 733 2530 774 ex
2561 718 2730 785 clero,
2763 727 2878 776 tum
2908 725 3225 796 ex_pop'ulo,
3247 728 3450 799 quibus
3475 731 3631 787 cordi

2048 816 2170 863 erat
2194 807 2414 880 religio,
2455 819 2765 868 conventus
2797 813 3214 874 ecclesiasticos
3260 819 3628 888 declinantes,

2049 913 2182 956 suos
2225 900 2486 969 privatim
2522 901 2778 972 agebant.
2831 903 2982 971 Quos
3033 905 3432 986 E‘ustatliianos
3467 915 3633 986 vulgo

2049 999 2339 1063 propterea
2400 995 2696 1062 vocabant,
2753 997 2898 1066 quod
2948 973 3094 1069 post‘
3123 1000 3272 1058 illius
3318 973 3630 1062 discessu‘m

2051 1087 2328 1158 segregari
2385 1101 2690 1161 coeperant.
2742 1093 2812 1146 At
2872 1093 3076 1152 misera
3129 1096 3219 1152 illa
3278 1099 3630 1169 muliercula,

2049 1177 2380 1248 gravissimo
2415 1195 2479 1236 ac
2529 1181 2793 1237 diuturno
2839 1185 3034 1241 morbo
3077 1196 3358 1261 correpta,
3390 1192 3635 1262 prodidit

2051 1269 2310 1336 insidias,
2337 1273 2507 1347 804
2538 1273 2976 1350 ιγιιςωᾱίὀιιιψιε
3009 1280 3242 1347 detexit,
3290 1281 3486 1342 fraude
3522 1301 3634 1357 qua

2051 1361 2138 1417 usi
2170 1372 2350 1431 erant,
2392 1381 2501 1421 non
2559 1367 2776 1426 duobus
2803 1370 2822 1391 '
2857 1371 3124 1435 tribusve,
3167 1372 3262 1429 sed
3287 1375 3635 1447 quampluri-

2051 1452 2157 1509 mis
2215 1457 2610 1515 sacerdotibus
2663 1461 2962 1528 patefacta.
3021 1462 3192 1521 Fassa
3236 1467 3384 1521 enim
3423 1475 3529 1534 est,
3572 1484 3635 1526 se

2051 1544 2380 1602 conductam
2399 1551 2652 1607 mercede
2678 1551 2874 1609 falsum
2897 1553 3033 1610 illud
3055 1555 3262 1613 crimen
3286 1558 3630 1627 intendisse;

2050 1651 2155 1694 nec
2197 1637 2397 1695 falsum
2451 1649 2634 1698 tamen
2683 1646 2912 1702 omnino
2968 1643 3145 1704 fuisse
3185 1650 3328 1720 quod
3365 1648 3628 1722 jurarat:

2051 1729 2183 1801 quia
2241 1730 2518 1790 Enstathii
2562 1735 2857 1806 cujusdam
2913 1739 3098 1795 aerarii
3158 1740 3348 1800 infans
3391 1752 3534 1799 erat.
3564 1743 3634 1799 Et

2053 1822 2169 1878 haec
2196 1825 2418 1895 quidem
2469 1826 2780 1886 Antiochia!
2824 1831 3039 1904 egregia
3077 1833 3169 1889 illa
3205 1833 3370 1891 factio
3411 1845 3640 1908 patrare

2049 1931 2184 1972 ausa
2212 1927 2318 1973 ρει.

2353 2099 2511 2156 car.
2546 2101 2712 2158 xxn.
2740 2103 2828 2177 [Β.
2863 2107 2946 2162 δι.
2977 2105 3079 2162 Ch.
3111 2105 3176 2164 ιτ.
3210 2107 3332 2181 25.]

2573 2195 2652 2252 De
2689 2196 2948 2252 Indorum
2985 2200 3117 2270 ﬁde.

2121 2280 2226 2336 Per
2286 2281 2429 2340 idem
2481 2301 2614 2342 vero
2657 2296 2873 2361 tempus
2915 2290 3116 2347 divina:
3153 2294 3494 2364 cognitionis
3538 2296 3628 2352 lux

2050 2371 2196 2442 apud
2228 2370 2396 2430 Indos
2435 2385 2558 2433 orta
2604 2389 2709 2436 est.
2755 2381 2892 2436 Nam
2925 2397 3053 2438 cum
3082 2384 3438 2456 imperatoris
3477 2388 3634 2446 forti-

2049 2460 2186 2516 tudo
2228 2476 2294 2518 ac
2341 2463 2518 2534 pietas
2575 2483 2676 2538 per
2711 2483 2905 2528 omnes
2947 2487 3076 2528 oras
3119 2476 3541 2544 praedicaretur,
3573 2490 3631 2536 et

2047 2553 2269 2610 barbari
2316 2555 2753 2630 circumquaque
2799 2577 2989 2634 pacem
3021 2563 3165 2622 bello
3195 2567 3456 2638 praeferre
3480 2570 3629 2628 didi-

2047 2648 2280 2716 cissent,
2347 2650 2520 2709 libere
2595 2654 2742 2711 inter
2807 2671 2867 2712 se
2933 2667 3126 2715 mutuo
3190 2663 3558 2721 versabantur
3611 2683 3625 2721 :

2047 2740 2322 2812 multique
2350 2742 2487 2800 adeo
2521 2745 2734 2802 visendi
2777 2748 2985 2815 studio,
3029 2750 3185 2806 multi
3217 2753 3386 2809 etiam
3419 2771 3630 2812 nterea»

2047 2836 2186 2886 tum
2239 2833 2415 2904 gratia
2467 2833 2658 2907 longas
2716 2839 3190 2910 peregrinationes
3221 2845 3625 2916 suscipiebant.

2049 2921 2190 2979 Tum
2234 2926 2437 2997 Tyrius
2487 2931 2732 2998 quidam,
2783 2941 3026 2990 externa:
3073 2934 3437 3008 philosophiae
3477 2941 3630 3010 peri-

2047 3021 2162 3082 tus,
2192 3015 2401 3071 ultima:
2446 3015 2618 3073 India:
2667 3019 2970 3076 lustranda:
3016 3023 3298 3080 desiderio
3345 3025 3626 3096 incensus,

2049 3120 2176 3162 cum
2224 3108 2661 3168 adolescentulis
2710 3113 2928 3170 duobus
2956 3113 3148 3173 fratris
3179 3115 3310 3174 ﬁliis
3339 3133 3408 3176 eo
3438 3119 3630 3192 profe-

2048 3207 2173 3258 ctus
2223 3209 2328 3258 est.
2371 3201 2626 3274 Cumque
2653 3205 2991 3261 desiderium
3021 3210 3340 3280 explesset,
3389 3217 3444 3268 et
3488 3227 3629 3268 con-

2049 3309 2246 3351 scensa
2282 3295 2414 3350 navi
2441 3295 2648 3352 rediret
2675 3296 2731 3352 in
2771 3298 3033 3368 patriam,
3068 3301 3289 3374 navigio
3315 3305 3629 3374 aquationis

2047 3402 2218 3443 causa
2251 3389 2318 3444 ad
2355 3397 2572 3460 portum
2603 3393 2893 3459 quemdam
2923 3393 3156 3463 appulsa
3183 3432 3198 3459 ,
3249 3395 3530 3456 irruentes
3571 3399 3628 3453 in

2046 3494 2144 3539 eos
2192 3480 2414 3538 barbari
2464 3483 2604 3540 alios
2638 3483 2972 3551 demersere,
3021 3485 3161 3544 alios
3197 3486 3252 3542 in
3307 3491 3626 3548 servitutem

2047 3552 2324 3629 abduxere
2344 3615 2360 3640 ,
2393 3586 2457 3628 ac
2485 3573 2604 3645 ipse
2635 3574 2854 3646 quidem
2905 3573 3052 3632 inter
3085 3585 3338 3634 mortuos
3375 3580 3626 3647 relictus,

2048 3661 2430 3722 adulescentes
2459 3681 2588 3722 vero
2623 3667 2691 3723 ad
2723 3681 2908 3740 regem
2945 3669 3196 3740 perducti
3238 3650 3628 3730 summi—drum
3656 3649 3712 3746 Ὗ

2048 3756 2144 3811 uni
2171 3771 2372 3814 nomen
2401 3757 2666 3815 Edesius
2704 3758 2828 3826 fuit,
2853 3759 3012 3817 alteri
3051 3759 3430 3821 Frumentius.
3476 3764 3628 3833 Quos

2047 3852 2292 3926 regionis
2324 3851 2585 3912 dominus
2605 3854 2872 3925 temporis
2906 3853 3064 3927 lapsu
3101 3871 3227 3912 cum
3258 3859 3626 3930 explorasset,

2047 3945 2461 4018 prudentesque
2501 3946 2888 4016 comperisset,
2921 3947 3120 4004 domus
3170 3965 3285 4006 suae
3321 3965 3511 4006 curam
3543 3952 3626 4008 eis

2046 4039 2344 4095 commisit.
2367 4038 2522 4106 Quod
2553 4038 2598 4094 si
2627 4038 2868 4110 cuipiam
2890 4038 3129 4104 fortasse
3155 4041 3314 4098 iidem
3339 4058 3450 4098 non
3472 4042 3626 4111 facit,

2048 4131 2096 4188 is
2128 4130 2352 4203 Iosephi
2376 4139 2430 4184 et
2464 4128 2685 4203 Egypti
2719 4147 2947 4204 regnum
2979 4132 3311 4198 consideret,
3351 4135 3630 4207 simulque

359 4231 458 4286 τοῦ
513 4233 800 4305 προφήτου
847 4230 1350 4303 ἀναμιμνησκέσθω
1379 4267 1381 4269 ι
1413 4228 1634 4300 Δανιὴλ,
1689 4230 1785 4284 καὶ
1831 4230 1942 4287 τῶν

2048 4222 2209 4294 305
2231 4221 2510 4278 Danielem
2547 4228 2601 4277 et
2631 4229 2744 4277 tres
2777 4221 2904 4276 illos
2931 4221 3155 4292 pietatis
3183 4222 3421 4280 athletas
3443 4239 3628 4282 recor-

359 4322 530 4394 τριῶν
577 4323 804 4378 ἐκείνων
849 4323 949 4394 τῆς
985 4321 1268 4388 εὐσεϐείας
1314 4320 1656 4392 ἀγωνιστῶν.
1687 4323 1799 4377 Καὶ
1833 4321 1941 4394 γὰρ

2048 4315 2225 4371 detur.
2258 4312 2394 4368 Nam
2418 4319 2473 4368 et
2499 4311 2554 4367 hi
2608 4327 2850 4384 quoque,
2897 4313 3098 4384 captivi
3153 4328 3282 4368 cum
3314 4323 3519 4383 essent,
3555 4317 3628 4373 ad

362 4415 562 4468 ἐκεῖνοι
615 4413 1008 4485 δορυάλωτοι²³
1043 4413 1326 4484 γενόμενοι
1377 4411 1538 4486 rip)“
1582 4413 1942 4468 Βαϐυλωνίων

2048 4405 2472 4478 Babyloniorum
2527 4403 2915 4477 praefecturam
2975 4405 3150 4462 evecti
3213 4415 3363 4463 Sunt.
3405 4406 3627 4464 Mortuo

357 4503 658 4576 ἠγεμονίαν
723 4504 1047 4575 παρέλαϐον.
1079 4503 1186 4558 Τοῦ
1214 4504 1274 4559 δέ
1299 4501 1568 4574 βασιλέως
1615 4503 1936 4577 τετελευτη-

2050 4507 2229 4553 autem
2263 4513 2411 4570 rege,
2453 4498 2694 4552 maximo
2721 4496 2779 4552 in
2809 4496 3202 4570 honore'apud
3241 4499 3414 4556 tilium
3446 4498 3623 4558 fuere.

361 4593 538 4662 κότος,
567 4593 648 4666 τῷ
678 4595 830 4649 παιδὶ
862 4595 938 4666 τῷ
968 4595 1179 4650 ἐκείνου
1203 4597 1462 4667 συνῆσαν,
1494 4594 1741 4660 πλείονος
1767 4596 1936 4666 τιμῆς

2047 4589 2114 4646 Ει
2147 4591 2409 4661 quoniam
2447 4589 2505 4644 in
2535 4604 2665 4662 vero
2692 4588 2785 4645 Dei
2812 4590 2965 4646 cultu
2993 4589 3213 4647 educati
3259 4600 3441 4662 erant,
3472 4609 3625 4652 mer-

358 4683 722 4750 ἀπολαύοντες
739 4686 806 4740 ’⁸.
845 4685 1109 4758 [εὐσεϐείᾳ
1138 4685 1196 4739 δὲ
1261 4684 1754 4757 συντεθραμμένοι,
1809 4687 1938 4750 τοὺς

2048 4691 2261 4739 catores
2301 4680 2397 4751 qui
2437 4695 2504 4736 eo
2549 4681 2936 4737 commeabant
2980 4681 3192 4738 hortati
3215 4691 3366 4750 sunt,
3403 4696 3463 4740 ut
3514 4683 3626 4741 Ro-

358 4774 555 4830 αὐτόσε
567 4775 613 4808 “
639 4778 749 4831 τῶν
793 4779 1052 4850 ἐμπόρων
1081 4777 1512 4850 ἀφικνουμένους
1531 4777 1672 4833 κατά
1698 4778 1758 4833 τὸ
1799 4780 1936 4833 Ῥω-

363 4863 541 4934 μαίων
583 4865 701 4929 έθος
747 4867 1164 4940 συναγείρεσθαι
1189 4885 1272 4931 τε,
1307 4867 1404 4922 καὶ
1436 4867 1534 4932 τὰς
1575 4867 1727 4934 θείας
1755 4870 1936 4923 ἐπιτε-

2045 4787 2208 4830 mano
2241 4787 2394 4829 more
2425 4772 2481 4827 in
2511 4787 2681 4828 unum
2713 4772 3096 4842 convenirent,
3143 4781 3198 4830 et
3227 4773 3414 4830 divina
3457 4775 3625 4833 mini-

2042 4866 2210 4922 steria
2241 4864 2601 4922 celebrarent.
2645 4863 2836 4939 Longo
2869 4881 3001 4922 vero
3061 4875 3187 4937 post
3243 4874 3490 4939 tempore
3521 4884 3620 4927 vc-

357 4953 470 5008 λεϊν
539 4956 879 5030 λειτουργίας
947 4960 1307 5034 προέτρεπον.
1365 4959 1574 5031 Χρόνου
1630 4959 1688 5013 δὲ
1735 4959 1933 5032 συχνοῦ

2048 4958 2205 5014 ηἰυηι
2239 4956 2306 5012 ad
2342 4971 2552 5029 regem,
2581 4966 2637 5013 et
2666 4956 3063 5014 benevolentia:
3119 4956 3429 5014 mercedem
3477 4958 3622 5016 hanc

353 5047 673 5116 διελθόντος,
728 5051 985 5124 προσίασι
1026 5053 1104 5122 τῷ
1135 5052 1365 5124 βασιλεῖ,
1424 5050 1520 5106 καὶ
1570 5051 1672 5121 τῆς
1720 5053 1934 5118 εὐνοίας

2048 5049 2352 5121 postulant,
2391 5049 2496 5105 sibi
2532 5056 2590 5103 ut
2621 5048 2678 5104 in
2729 5049 2962 5119 patriam
2994 5047 3210 5121 regredi
3263 5049 3444 5106 liceat.
3499 5050 3622 5120 Quo

353 5137 646 5194 ἀπαιτοῦσι
677 5142 888 5212 μισθὸν,
919 5142 1018 5214 τὴν
1048 5147 1130 5210 είς
1151 5144 1250 5216 τὴν
1279 5141 1611 5213 ἐνεγκοῦσαν
1649 5143 1930 5200 ἐπάνοδον.

353 5229 555 5288 Τούτου
579 5233 635 5288 δέ
653 5235 928 5308 τυχόντες,
953 5238 1032 5303 είς
1061 5239 1160 5310 τὴν
1189 5237 1475 5309 Ῥωμαίων
1500 5235 1760 5306 ἀφίκοντο
1789 5238 1894 5309 γῆν
1912 5253 1926 5268 ο

2044 5142 2358 5212 impetrato,
2399 5140 2453 5194 in
2477 5139 2785 5194 Romanum
2813 5139 2834 5158 '
2887 5138 3064 5194 solum
3095 5140 3303 5198 reversi
3338 5148 3491 5197 sunt.
3545 5144 3626 5197 Ac

2046 5231 2306 5290 Edesius
2363 5231 2586 5302 quidem
2621 5237 2771 5288 recta
2805 5229 3010 5302 Tyrum
3065 5231 3222 5302 petit,
3269 5233 3620 5292 Frumentius

1638 5387 1875 5448 VARIAE
1917 5387 2324 5446 LECTIONES.

426 5479 472 5555 ‘_"
501 5479 820 5555 Πλακεντίῳ
861 5486 986 5540 Bas.
1011 5485 1106 5541 Gr.
1145 5482 1586 5555 διουιιζψαλκίῳ
1615 5480 1808 5555 Steph.
1849 5483 1905 5539 2.
1945 5484 2050 5555 Alii
2086 5479 2524 5555 cumuli);wa
2559 5477 2868 5555 appellant.
2893 5481 3316 5555 τείξιθακέλλιον,
3368 5484 3448 5540 vel
3482 5484 3622 5540 Φλά·-

351 5548 532 5602 κιλλον
570 5548 796 5608 rectius.

351 5619 777 5693 stophorsonus.
883 5627 928 5657 ¹⁰
969 5624 1244 5693 ἐγκύκλῳ.

353 5690 402 5761 ξξ
435 5692 738 5761 προσήχθη.
781 5693 948 5750 Basil.
985 5690 1080 5749 Gr.

1310 5623 1478 5679 Basil.
1521 5623 1616 5678 Gr.

635 5859 908 5920 ΡΑτιιοι.
947 5859 1065 5921 Gn.
1137 5857 1454 5924 LXXXII.

875 5557 918 5586 ⁸⁸
988 5548 1289 5608 εὐσέϐειαν.
1321 5551 1447 5607 Bas.
1481 5548 1578 5608 Gr'.
1659 5548 2074 5626 ηἀἱρουμένων
2115 5552 2282 5608 Basil.
2318 5548 2438 5611 ϐε..
2493 5548 2679 5620 Steph.
2723 5549 2929 5620 Scalig.
2966 5554 3438 5633 Παραιρουμὲνων
3470 5555 3627 5612 Ghri-

883 5627 928 5657 ¹⁰
969 5624 1244 5678 ἐγκύκλω.
1310 5623 1478 5678 Basil.
1521 5623 1616 5678 Gr.
1736 5626 1776 5656 "
1809 5623 2240 5678 κατεπόντησαν.
2304 5619 2495 5678 Steph.
2560 5619 2971 5678 καθεπόντησαν
3025 5625 3286 5678 vitiosius
3333 5623 3500 5678 Basil.
3529 5623 3625 5678 Gr.

1157 5629 1244 5693 lu).
1310 5623 1478 5679 Basil.
1521 5623 1616 5678 Gr.
1736 5626 1776 5656 "
1801 5623 2240 5693 ’κατεπόντησαν.
2304 5623 2495 5690 Steph.
2560 5623 2971 5707 καθεπόντησαν
3003 5623 3286 5705 “vitiosius
3333 5623 3500 5678 Basil.
3529 5623 3625 5681 Gr.

1157 5693 1759 5767 "_§ic_ct_tihri_s_topli.
1790 5695 1897 5752 Sed
1929 5693 2122 5764 Steph.
2163 5693 2302 5753 edit,
2337 5691 2676 5763 δοριάλωτοι.
2767 5690 2815 5723 ’δ
2843 5707 2942 5762 την
2962 5710 3090 5748 των.
3125 5693 3257 5750 Bas.
3287 5691 3413 5756 Gn.
3437 5690 3632 5761 Steph.

263 5821 288 5843 κ
357 5758 403 5791 ’⁵
426 5758 808 5826 ἀπολαϐόντες.
847 5764 1014 5820 Basil.
1041 5764 1138 5819 Gr.
1213 5762 1259 5796 ³⁸
1292 5762 1501 5819 αὐτόθι.
1563 5758 1735 5831 Metti.

3339 5850 3432 5926 31.

4073 2497 4075 2614 Α

4073 2713 4075 2772 l

4072 2871 4075 2958 1

4073 3171 4075 3238 λ

4073 3349 4075 3464 l

4073 4213 4075 4266 ι

4073 4293 4075 4338 ι
