4084 6196
421 373 516 438 971
1414 375 1901 435 THEODORETI
1927 375 2268 437 EPISCOPI
2287 351 2656 440 cmmsls
3577 377 3684 440 97a

421 505 574 556 vero,
605 504 786 546 rerum
818 487 1131 545 divinarum
1185 502 1374 544 curam
1429 499 1720 560 parentum
1777 503 2006 561 conspe-

2124 491 2202 544 cal.
2227 492 2256 543 6
2285 489 2383 561 μὲν
2412 490 2657 556 Δίδέσιος
2678 490 2775 562 τὴν
2805 489 2979 562 Τύρον
3003 489 3298 546 κατέλαϐεν
3328 503 3342 520 ο
3366 489 3396 542 ὁ
3422 488 3479 542 δέ
3508 489 3682 562 Φρου-

421 581 532 638 ctui
562 588 922 650 anteponens,
961 578 1347 635 Alexandriam
1373 579 1678 644 contendit,
1709 577 1997 633 Ecclesiae-

2124 583 2319 648 ιέντιος
2355 583 2454 655 τὴν
2485 601 2548 636 πε
2559 583 2611 654 pl.
2639 582 2709 636 τά
2737 581 2856 636 θεῖα
2883 582 3119 654 σπουδὴν
3148 583 3248 652 τῆς
3285 580 3395 634 τῶν
3422 596 3685 650 γεγεννη-

425 689 532 746 que
561 673 865 726 antistitem
922 671 1084 728 docet
1131 670 1296 726 Indus
1351 685 1552 744 magno
1611 671 2000 727 intellectualis

2124 674 2275 728 ιότων
2348 674 2720 746 προτετίμηκε
2772 673 2900 737 θέας
2938 688 2954 706 ο
3010 673 3106 726 καὶ
3166 671 3268 743 τὴν
3332 672 3685 742 Ἀλεξάνδρου

421 765 647 822 luminis
678 765 950 821 desiderio
987 765 1183 820 teneri.
1220 763 1480 820 Ecclesiae
1511 780 1676 834 porro
1722 765 1870 820 illius
1899 779 2000 834 gu-

2124 764 2425 821 ιαταλασὼν
2457 766 2631 827 πόλιν,
2666 765 2758 818 τὸν
2785 765 2890 834 τῆς
2934 764 3264 834 Ἐκκλησίας
3313 764 3522 830 ἐδίδαξε
3554 763 3684 832 πρό·

419 858 716 916 bernacula
751 866 866 913 tum
897 857 1492 914 tenebatAthauasius.
1521 857 1646 924 Qui,
1671 857 1792 927 ejus
1814 855 2001 911 audita

2124 856 2273 927 δρον,
2307 857 2388 922 ᾡς
2446 857 2600 911 Ἰνδοὶ
2653 857 2773 912 λίαν
2829 855 3058 910 ποθοῦσι
3108 855 3168 909 τὸ
3214 855 3398 924 νοερὸν
3442 854 3678 920 εἰσδέξα-

421 951 779 1009 narratione:
814 948 879 1003 Et
913 949 1038 1020 quis
1071 950 1288 1013 melius,
1323 949 1521 1020 inquit,
1555 964 1718 1019 quam
1777 956 1858 1012 tu,
1914 946 2000 1002 vel

2124 949 2227 1004 ιθαι
2266 949 2402 1020 φῶς.
2446 949 2762 1013 ’Δθανάσιος
2805 949 2862 1003 δέ
2894 947 3194 1019 τηνικαῦτα
3219 946 3320 1015 τῆς
3361 945 3683 1016 Ἐκκλησίας

422 1042 751 1115 ignorantiae
781 1042 1071 1112 caliginem
1127 1040 1198 1096 ab
1236 1041 1341 1095 hac
1377 1049 1537 1110 gente
1581 1039 1862 1101 diseutict,
1917 1036 2000 1092 vel

2124 1041 2321 1114 ικείνης
2379 1043 2599 1112 κατεῖχε
2631 1043 2760 1106 τοὺς
2798 1041 2991 1105 οἴακας
3017 1059 3030 1072 ο
3073 1039 3132 1102 ὃς
3176 1039 3286 1092 τῶν
3331 1037 3690 1108 διηγημάτων

422 1136 602 1190 lucem
632 1134 711 1188 illi
746 1133 948 1188 divina:
972 1133 1384 1204 praedicationis
1419 1131 1663 1186 inferet?
1691 1131 1870 1202 Atque
1914 1129 2001 1187 his

2124 1133 2330 1187 ικείνων
2369 1134 2646 1197 ἀκούσας’
2685 1134 2796 1187 Καὶ
2856 1132 2941 1196 τίς
2985 1149 3102 1196 σου,
3149 1131 3280 1200 ἔφη,
3337 1130 3562 1200 ἄμεινον
3594 1129 3690 1182 καὶ

421 1223 608 1292 dictis,
632 1225 931 1297 episcOpali
965 1241 1090 1279 eum
1123 1223 1672 1310 gratiaﬁi‘mpertitmt
1705 1221 1772 1276 ad
1808 1221 2021 1308 gentis/

2124 1223 2200 1296 ῖὴν
2229 1225 2325 1293 τῆς
2345 1223 2568 1292 ἀγνοίας
2593 1224 2691 1295 τὴν
2708 1223 2756 1256 ’7
2777 1223 2945 1294 ἀχλὺν
2971 1221 3335 1274 ἀποσκεδάσει
3357 1218 3451 1273 τοῦ
3475 1219 3687 1283 ἔθνους,

423 1317 572 1375 illius
617 1287 888 1373 culturam
930 1287 1737 1390 ιιιηιίιιίι.[ιῐι’ἑῖεῖιᾟ,σ”’ῇῖιιτῑει
1790 1287 2021 1379 τὲιισιάξ

2124 1287 2197 1390 ﬁt
2221 1287 2315 1366 τοῦ
2341 1287 2487 1366 θείου
2510 1287 2866 1386 κηρύγματος
2896 1313 3078 1376 αὐτοῖς
3101 1311 3320 1364 ἀποίσει
3337 1310 3434 1380 τὴν
3456 1311 3687 1380 αἷγλην;

353 1447 368 1456 ,ς
422 1408 713 1480 pelagique
742 1409 1110 1463 immensitate
1133 1414 1468 1476 contempta,
1488 1406 1752 1459 incultam
1781 1413 1998 1475 gentem

2124 1404 2289 1458 Γαῦτα
2322 1403 2512 1470 εἰπὼν,
2549 1407 2644 1460 καὶ
2676 1407 2775 1476 τῆς
2802 1405 3197 1476 ἀρχιερατικῆς
3256 1402 3406 1474 αὐτῷ
3463 1403 3690 1474 χάριτος

423 1499 578 1565 adiit,
619 1499 1020 1570 diligenterque
1052 1498 1253 1554 divina
1279 1499 1474 1569 gratiae
1502 1513 1604 1568 ope
1631 1495 1804 1551 nixus
1834 1510 2000 1551 exco-

2124 1497 2388 1561 ιεταδοίις,
2421 1497 2501 1561 είς
2556 1496 2654 1568 τὴν
2683 1495 2778 1550 τοῦ
2819 1496 3006 1560 ἔθνους
3072 1494 3347 1564 ἐξέπεμψε
3392 1492 3714 1578 γεωργίέω

423 1592 547 1646 luit.
581 1592 917 1664 Apostolicis
951 1591 1098 1647 enim
1155 1590 1464 1656 miraculis,
1521 1589 1567 1645 si
1614 1589 1706 1659 qui
1733 1586 2004 1643 contradi-

2124 1587 2174 1640 Ὀ
2213 1588 2290 1653 δὲ,
2321 1588 2415 1640 καὶ
2481 1587 2583 1658 τὴν
2621 1587 2856 1657 πατρίδα
2911 1585 3252 1648 καταλιπὼν,
3283 1583 3378 1637 καλ⁵
3407 1582 3501 1636 τοῦ
3529 1581 3691 1652 μεγί-

424 1697 552 1740 cere
591 1691 949 1751 conarentur,
989 1682 1278 1752 capiebat:
1319 1683 1714 1750 signorumque
1763 1676 2004 1733 efficacia

2124 1695 2234 1731 ιτου
2291 1677 2563 1742 πελάγους
2629 1678 3075 1748 καταφρονήσας,
3139 1673 3412 1728 κατέλαϐε
3479 1671 3576 1743 μὲν
3624 1669 3688 1723 τὸ

424 1774 588 1831 dictis
617 1776 736 1846 ejus
773 1775 932 1830 ﬁdem
966 1780 1248 1840 astruens,
1297 1772 1570 1842 plurimos
1616 1769 1864 1841 quotidie
1896 1767 2003 1823 sibi

2124 1769 2459 1842 ίγεώργητον
2505 1769 2680 1834 ἔθνος·
2731 1769 3048 1842 ἐγεώργησε
3091 1769 3148 1823 δὲ
3199 1767 3516 1838 προθύμως,
3570 1780 3695 1817 συνο

428 1867 787 1937 adiungebat.

2124 1861 2270 1931 εργδν
2309 1861 2449 1932 ἔχων
2482 1860 2580 1932 τὴν
2626 1859 2905 1914 θεόσδοτον
2933 1857 3051 1932 [55]
3079 1859 3242 1930 χάριν
3266 1873 3280 1888 ο
3309 1854 3694 1916 ἀποπολικαῖς

308 1996 310 1998 τ
424 1956 534 2032 γὰρ
573 1957 910 2028 κεχρημένος
953 1953 1442 2026 θαυματουργίαις,
1471 1955 1595 2016 τοὺς
1627 1953 1928 2022 ἀντιλέγειν
1976 1955 2088 2016 τοῖς
2142 1953 2322 2022 λόγοις
2370 1953 2748 2024 πειρωμένους
2783 1953 3048 2025 ἐθήρευε,
3093 1951 3191 2006 καὶ
3240 1951 3275 2020 ἡ
3323 1946 3694 2021 τερατουργία

431 2049 782 2124 μαρτυροῦσα
855 2051 970 2110 τοῖς
1025 2045 1381 2115 λεγομένοις,
1453 2045 1808 2116 παμπόλλους
1873 2045 1993 2100 καθ’
2021 2045 2259 2116 ἑκάστην
2287 2045 2501 2118 ἡμέραν
2529 2037 2786 2116 ἐζώγρει.

671 2162 838 2234 sos
857 2161 1010 2216 car.
1038 2158 1226 2213 χχιιι.
1257 2157 1364 2232 [δι.
1395 2160 1527 2216 Chr.
1557 2159 1616 2215 γ.
1637 2159 1755 2232 ει]

675 2276 752 2330 De
781 2275 1060 2331 [berorum
1087 2273 1156 2327 ad
1184 2272 1344 2341 [idem
1385 2275 1752 2328 traductione.

499 2433 648 2490 Indis
693 2445 824 2500 ergo
857 2431 923 2485 ad
983 2429 1077 2486 Dei
1144 2429 1513 2501 cognitionem
1563 2431 2008 2501 consequendam

431 2529 540 2584 dux
573 2525 675 2580 fuit
725 2523 1104 2578 Frumentius.
1163 2521 1232 2576 At
1293 2521 1478 2578 Iberos
1529 2523 1721 2578 eodem
1770 2533 2016 2594 tempore

433 2615 646 2689 captiva
689 2612 884 2667 mulier
911 2610 977 2665 ad
1023 2610 1309 2664 veritatem
1362 2609 1638 2681 perduxit.
1691 2609 1831 2666 Huic
1865 2613 2013 2667 enim

433 2709 668 2767 assidua:
697 2721 884 2776 preces
909 2711 1106 2768 erant,
1159 2718 1260 2772 pro
1297 2703 1437 2757 lecto
1465 2703 1728 2773 mollique
1773 2705 2018 2774 stragulo

433 2816 633 2859 saccus
680 2798 830 2854 humi
879 2811 1191 2868 expausus,
1228 2810 1328 2866 pro
1369 2796 1602 2850 summis
1631 2795 1846 2852 deliciis
1870 2796 2020 2867 jeju-

433 2897 608 2951 nium.
641 2892 838 2948 Verum
870 2891 961 2946 hic
994 2891 1148 2946 labor
1181 2883 1483 2960 apostolica
1521 2888 1601 2943 illi
1641 2889 1784 2944 dona
1829 2889 2021 2943 concio

436 2987 606 3041 liavit.
644 2982 781 3039 Nam
816 2998 942 3037 cum
988 2982 1244 3038 barbaris
1285 2981 1354 3036 ob
1399 2980 1627 3036 medicae
1672 2981 1809 3037 artis
1855 2993 2022 3052 penu-

426 3079 575 3135 :riatn
603 3093 722 3132 mos
747 3083 890 3131 esset
915 3114 930 3138 ,
962 3074 1090 3129 dum
1125 3081 1456 3145 :egrotarent
1480 3111 1496 3138 ,
1526 3081 1587 3130 ut
1617 3074 1708 3128 alii
1739 3074 1880 3130 alios
1911 3073 2014 3128 ad-

438 3173 617 3234 irent,
673 3176 729 3224 et
757 3168 826 3222 ah
871 3169 940 3222 iis
971 3167 1064 3237 qui
1093 3168 1288 3222 morbo
1317 3177 1480 3222 antea
1509 3165 1755 3236 correpti
1801 3165 2016 3222 sanita-

2673 2162 2926 2218 ΚΕΦΛΛ.
2956 2162 3086 2216 ΚΡ.

2267 2277 2405 2346 Περὶ
2450 2277 2562 2347 τῆς
2591 2277 2835 2346 Ἰϐήρων
2864 2276 3014 2345 πρὸς
3055 2275 3175 2344 τὴν
3219 2273 3537 2329 εὐσέϐειαν

2748 2347 3037 2416 ποδηγίας
3048 2385 3062 2400 .

2201 2440 2380 2496 Ἰνδῶν
2431 2441 2533 2511 μὲν
2569 2436 2661 2495 οὖν
2691 2442 2720 2494 6
2747 2423 3302 2511 Φρουμέντιοξπρδς
3360 2435 3702 2505 θεογνωσίαν

2120 2533 2340 2602 ἐγένετο
2363 2533 2616 2603 ποδηγός.
2649 2533 2875 2605 Ἴϐηρας
2921 2532 2980 2586 δὲ
3010 2531 3153 2585 κατά
3184 2529 3280 2584 τὸν
3310 2528 3474 2584 αὑτὸν
3507 2529 3702 2599 χρόνον

2117 2625 2256 2697 γυνὴ
2288 2624 2685 2697 δορυάλωτος²⁸
2731 2625 2870 2695 πρὸς
2897 2624 2998 2694 τὴν
3047 2621 3308 2694 ἀλήθειαν
3353 2621 3702 2691 ἐξενάγησεν.

2115 2715 2267 2786 Δῦτη
2316 2715 2421 2788 γὰρ
2470 2717 2750 2787 προσευχῇ
2793 2715 2892 2786 μὲν
2922 2715 3122 2785 ἐχρῆτο
3178 2713 3455 2784 διηνεκεῖ’
3487 2712 3615 2782 εὐνὴ
3644 2711 3706 2764 δδ

2113 2804 2182 2879 ἦν
2241 2809 2378 2879 αὐτῇ
2439 2807 2533 2861 καὶ
2592 2805 2854 2877 στρωμνὴ
2906 2804 3148 2876 μαλακὴ,
3198 2804 3402 2864 σάκκος
3451 2803 3545 2854 ἐπὶ
3606 2799 3702 2853 τοῦ

2117 2895 2358 2954 δαπέδου
2411 2897 2844 2970 καθηπλωμένος
2867 2913 2880 2925 ·
2910 2896 3122 2968 τρυφὴν
3147 2895 3204 2949 δὲ
3251 2894 3429 2965 ἄκραν
3478 2893 3578 2963 τὴν
3600 2908 3700 2961 νη-

2119 2990 2304 3044 στείαν
2346 2988 2614 3061 ἐνόμιζεν.
2672 2983 2841 3053 Οὗτος
2879 2991 2908 3042 6
2939 2989 3100 3051 πόνος
3152 2986 3262 3040 τῶν
3315 2981 3700 3039 ἀποστολικῶν

2123 3081 2260 3152 αὐτῇ
2295 3081 2635 3152 μεταδέδωκε
2674 3080 3052 3152 χαρισμάτων.
3097 3076 3317 3148 Ἐπειδὴ
3344 3075 3452 3145 γὰρ
3484 3076 3534 3128 οί
3569 3073 3704 3144 βάρι
3741 3086 3748 3091 ·

2124 3172 2303 3244 ὁαροι,
2339 3173 2439 3243 τῆς
2471 3174 2717 3244 ἰατρικῆς
2745 3171 3098 3236 σπανίζοντες
3131 3171 3462 3240 ἐπιστήμης,
3495 3166 3692 3221 εἰώθα-

438 3269 548 3317 tem
594 3267 952 3330 receperant,
1015 3267 1354 3328 recuperatae
1399 3258 1734 3314 valetudinis
1789 3258 2012 3312 modum

2127 3281 2212 3318 σιν
2247 3263 2654 3336 ἀρρωστοῦντες
2699 3263 2834 3335 πρὸς
2863 3263 3124 3331 ἀλλήλους
3165 3261 3376 3331 φοιτᾷν,
3408 3260 3503 3312 καὶ
3552 3257 3704 3329 παρα

427 3353 788 3424 ιοιιιιιίιειειιι
815 3393 832 3419 ,
859 3350 924 3405 ad
956 3350 1287 3406 laudabilem
1329 3350 1615 3406 mulierem
1657 3349 1899 3405 accessit
1937 3349 2017 3404 fe-

440 3447 588 3502 mina
619 3444 866 3514 quadam
892 3457 1016 3497 cum
1038 3441 1255 3496 inﬁrmo
1288 3442 1540 3513 puerulo,
1568 3442 1799 3512 supplex
1825 3455 2014 3507 orans,

433 3547 503 3594 ut
537 3537 667 3608 quid
717 3535 861 3590 facto
893 3543 1039 3592 esset
1090 3551 1231 3606 opus
1281 3540 1562 3590 edoceret.
1596 3535 1694 3588 Illa
1730 3543 2016 3604 acceptum

443 3645 673 3700 puerum
710 3629 763 3682 in
801 3628 944 3684 lecto
972 3627 1238 3690 collocat,
1272 3641 1564 3696 rerumque
1593 3627 1838 3696 omnium
1873 3624 2021 3680 Con-

444 3722 674 3776 ditnrem
707 3730 980 3790 precatur,
1017 3727 1076 3772 ut
1115 3726 1322 3772 annuat
1367 3725 1424 3773 et
1474 3716 1722 3771 morbum
1759 3716 2016 3787 depellat.

445 3810 548 3877 Qui
579 3821 834 3881 suscepta
866 3826 1025 3880 prece
1055 3811 1348 3865 sanitatem
1377 3808 1642 3863 restituit.
1681 3806 1892 3863 Exinde
1921 3807 2022 3862 ad-

445 3901 720 3956 mirabilis
766 3902 961 3955 mulicr
1012 3901 1067 3954 in
1115 3898 1359 3953 omnium
1397 3913 1492 3953 ore
1539 3897 1688 3952 fuit:
1727 3913 1829 3954 nec
1876 3899 2022 3970 regis

444 3993 732 4063 conjugem
757 3995 775 4013 ⁴
806 3991 931 4046 facti
963 3992 1126 4061 hujus
1155 3989 1296 4044 {atria
1324 3989 1503 4044 latuit.
1540 3988 1672 4055 Quae
1709 3990 1826 4059 ipsa
1847 4030 1862 4056 ,
1897 4005 2020 4044 cum

447 4084 599 4155 gravi
643 4083 832 4139 morbo
879 4085 1241 4148 detineretur,
1301 4096 1422 4136 eam
1474 4095 1599 4135 mox
1646 4079 2022 4136 advocandam

447 4175 684 4232 curarit.
724 4173 926 4230 Verum
960 4175 1051 4228 illa
1077 4174 1305 4228 minimc
1334 4172 1508 4227 elatos
1541 4173 1770 4243 spiritus
1799 4186 2021 4243 gerens,

447 4265 647 4335 regina:
675 4263 970 4334 postulatis
995 4278 1105 4317 nou
1141 4263 1343 4332 paruit.
1377 4262 1444 4314 At
1476 4265 1663 4331 regina
1696 4262 1841 4314 malo
1870 4275 2024 4316 com-

447 4359 842 4432 pulsa,regiam
863 4355 1182 4425 dignitatem
1203 4353 1332 4422 quid
1350 4361 1495 4408 esset
1512 4368 1622 4407 non
1642 4351 2021 4415 considerans,

447 4462 677 4518 propere
726 4445 795 4500 ad
815 4448 1082 4516 captivam
1143 4446 1260 4516 ipsa
1314 4443 1618 4498 contendit.
1647 4441 1772 4497 Hrec
1826 4443 2022 4498 iterum

449 4553 567 4594 eam
617 4536 807 4592 humili
863 4537 916 4589 in
979 4536 1121 4590 lecto
1175 4535 1496 4597 collocatis,
1549 4535 1793 4589 salutare
1828 4533 2024 4588 morbo

2115 3356 2223 3410 τῶν
2252 3356 2353 3427 ῆδη
2383 3353 2780 3426 νενοσηκότων,
2821 3355 2917 3408 καὶ
2959 3355 3059 3424 τῆς
3091 3350 3408 3424 ἀρρωστίας
3457 3349 3701 3404 ἀπαλλα-

2115 3445 2346 3515 γέντων,
2393 3445 2689 3517 μανθάνειν
2723 3445 2822 3514 τῆς
2856 3445 3047 3513 ὑγείας
3079 3444 3171 3497 τὸν
3223 3443 3448 3512 τρόπον,
3479 3438 3703 3509 ἀφίκετό

2115 3555 2202 3602 τις
2250 3538 2388 3608 γυνὴ
2435 3538 2572 3608 πρὸς
2615 3537 2712 3608 τὴν
2756 3537 3071 3604 ἀξιέπαινον
3117 3535 3446 3607 ἄνθρωπον,
3493 3531 3700 3586 παιδίον

2117 3633 2397 3704 ἄρρωστον
2425 3632 2469 3662 '9
2498 3628 2716 3700 ἔχουσα,
2752 3631 2848 3683 καλ⁵
2883 3613 3076 3700 μαθεῖν
3119 3629 3184 3683 τὸ
3240 3627 3517 3698 πρακτέον
3553 3628 3699 3681 ἀντι-

2119 3721 2372 3776 ϐολοῦσαι.
2412 3722 2482 3774 Ἠ
2527 3720 2585 3774 δὲ
2637 3720 2798 3774 τοῦτο
2839 3720 3080 3774 λαϐοῦσα
3135 3720 3232 3774 καὶ
3263 3721 3344 3782 είς
3397 3718 3496 3789 τὴν
3544 3716 3704 3786 εὐνὴν

2119 3813 2452 3867 ἀνακλίνασα
2477 3813 2543 3876 ³⁸,
2604 3813 2818 3866 ἱκέτευε
2848 3811 2942 3866 τὸν
2982 3812 3092 3865 τῶν
3125 3812 3262 3864 ὅλων
3297 3809 3637 3880 Δημιουργδν
3654 3807 3696 3840 ³¹

2120 3904 2310 3959 νεῦσαι
2343 3905 2437 3958 καὶ
2458 3903 2618 3957 λῦσαι
2643 3905 2743 3974 τῆν
2775 3905 2951 3958 νόσον.
2984 3904 3044 3957 '0
3079 3901 3257 3972 δὲτὴν
3289 3902 3522 3956 ἱκετείαν
3550 3899 3708 3965 δεξὰ-

2125 4014 2315 4068 μενος,
2357 3997 2600 4069 παρέσχε
2649 3997 2748 4067 τὴν
2784 3995 2994 4064 ὑγείαν.
3042 3994 3324 4048 Ἐντεῦθεν
3359 3992 3706 4064 ἠθαυμασία

2122 4087 2260 4160 γυνὴ
2293 4087 2730 4159 πολυθρύλλητος
2759 4087 2983 4156 γέγονεν
3015 4103 3029 4115 ·
3075 4087 3196 4140 οὐδὲ
3225 4087 3337 4156 γὰρ
3363 4085 3460 4155 τὴν
3488 4084 3583 4137 τοῦ
3612 4083 3708 4154 βαι

2125 4177 2316 4240 σιλέως
2344 4177 2590 4246 ὁμόζυγα
2618 4177 2676 4230 τὸ
2699 4177 3067 4249 γεγενημένον
3091 4176 3327 4231 διέλαθε.
3381 4175 3710 4246 Παραυτίκα

2121 4268 2178 4324 δὲ
2207 4270 2375 4340 αὐτὴν
2409 4267 2795 4340 μετεπέμψατο
2818 4286 2832 4301 ⁸
2867 4269 2971 4323 ὑπό
2999 4287 3143 4333 τινος
3182 4268 3292 4340 γὰρ
3315 4269 3412 4322 καὶ
3436 4266 3574 4337 αὐτὴ
3595 4283 3700 4335 χα-

2123 4360 2289 4415 λεποῦ
2307 4361 2588 4431 κατείχετο
2609 4361 2835 4424 πάθους.
2871 4361 2934 4415 'H
2963 4361 3020 4414 δέ
3045 4360 3252 4431 μετρίῳ
3283 4356 3599 4429 κεχρημένη
3622 4354 3704 4425 τῷ

2126 4453 2455 4523 φρονήματι,
2483 4451 2585 4521 τῆς
2628 4451 2896 4520 βασιλίδος
2919 4452 3019 4522 τὴν
3074 4451 3291 4514 αἰτησιν
3321 4451 3423 4503 οὐκ
3467 4449 3705 4515 ἐδέξατο.

2137 4540 2274 4593 Ἀλλ’
2308 4539 2410 4593 ὑπὸ
2440 4540 2538 4609 τῆς
2568 4539 2758 4609 χρείας
2787 4539 2971 4608 ἐκείνη
3005 4537 3325 4608 βιαζομένῃ,
3367 4537 3468 4608 τὴν
3495 4537 3702 4606 βασιλι-

451 4627 752 4683 remedium
804 4626 1108 4681 orationem
1159 4625 1431 4680 adhibuit.
1483 4622 1694 4696 Regina
1725 4625 2021 4680 curationis

2133 4629 2235 4702 κὴν
2269 4630 2425 4696 ἀξίαν
2449 4632 2527 4693 είς
2554 4629 2679 4683 νοῦν
2724 4629 2908 4684 λαϐεῖν
2938 4629 3037 4683 οὐκ
3081 4629 3366 4698 ἠθέλησεν,
3423 4627 3538 4681 ἀλλ’
3566 4626 3718 4698 αὐτὴ

448 4717 612 4792 807
651 4719 951 4774 meret-dem
1001 4733 1164 4788 quam
1213 4717 1465 4772 eximiam
1518 4717 1743 4786 putabat
1783 4716 2024 4781 obtulit,

453 4826 649 4866 aurum
678 4819 731 4866 et
760 4821 1043 4881 argentum
1069 4848 1084 4871 ,
1112 4809 1329 4864 tunicas
1355 4817 1409 4862 et
1440 4809 1612 4879 pallas
1635 4849 1650 4870 .
1691 4816 1745 4864 et
1772 4809 1875 4862 alia
1905 4823 2028 4879 quae

452 4901 652 4969 regalis
679 4900 1084 4972 magniﬁcentia
1117 4900 1277 4954 sulet.
1327 4897 1517 4953 Divina
1550 4915 1678 4953 vero
1710 4899 1908 4954 mulier
1940 4899 2027 4953 his

455 4992 560 5048 sibi
611 5007 751 5062 opus
803 5007 916 5046 non
962 5005 1087 5047 esse
1128 4989 1286 5054 dixit,
1342 4991 1437 5046 sed
1498 5005 1704 5061 magum
1759 4988 2028 5046 mercedis

460 5081 776 5138 habituram
824 5097 884 5138 se
913 5082 1072 5145 luco,
1123 5083 1168 5136 si
1217 5081 1272 5136 in
1331 5082 1616 5154 religionis
1659 5081 2026 5152 cognitionem

457 5175 672 5230 veniret
723 5195 737 5232 :
788 5175 1062 5244 simulque
1094 5173 1295 5230 divinis
1326 5172 1513 5238 illam,
1566 5181 1623 5228 ut
1659 5178 1904 5242 poterat,
1946 5170 2030 5224 in-

459 5265 666 5322 stitutis
691 5267 950 5332 erudivit,
983 5277 1145 5337 atque
1177 5273 1234 5320 ut
1259 5265 1519 5335 templum
1548 5262 1769 5318 Christo
1796 5263 2028 5332 sospita-

461 5357 564 5410 tori
599 5371 702 5412 suo
743 5364 1053 5413 exstrueret
1096 5355 1312 5411 hortata
1364 5364 1468 5411 est.
1517 5354 1729 5420 Quibus
1782 5353 2025 5418 auditis,

461 5448 620 5505 rediit
677 5448 769 5504 illa
824 5449 878 5504 in
919 5449 1221 5522 palatium,
1269 5457 1322 5504 et
1371 5449 1632 5503 maritum
1681 5459 1792 5503 tam
1833 5446 2032 5504 subitae

2132 4723 2269 4792 πρδς
2310 4721 2406 4793 τὴν
2447 4720 2786 4792 δορυάλωτον
2809 4722 2852 4752 ³¹
2903 4721 3159 4794 ἔδραμεν.
3193 4721 3258 4774 Ἦ
3287 4720 3344 4774 δὲ
3381 4719 3566 4782 πάλιν,
3617 4721 3722 4772 ἐπὶ

2130 4814 2226 4883 τῆς
2252 4811 2500 4875 εὐτελοῦς
2538 4812 2698 4881 εὐνῆς
2745 4811 2917 4880 αὐτὴν
2952 4809 3347 4873 κατακλίνασα,
3415 4813 3718 4880 φάρμακον

2133 4902 2452 4967 ἀλεξίκακον
2509 4903 2874 4974 προσενήνοχε
2905 4902 2980 4972 τῷ
3019 4902 3180 4954 πάθει
3239 4902 3338 4972 τὴν
3382 4902 3717 4972 προσευχήν.

2145 4995 2208 5047 Ἡ
2237 4994 2294 5046 δὲ
2326 4993 2534 5064 βασιλὶς
2573 4993 2672 5062 τῆς
2723 4994 3019 5064 θεραπείας
3053 4993 3244 5064 μισθὸν
3317 4991 3724 5064 προσεκόμιζεν

2135 5085 2194 5138 ὃν
2227 5083 2479 5154 ἐνόμιζεν
2538 5084 2880 5155 ἀξιόκτητον,
2917 5084 3119 5155 χρυσὸν
3178 5085 3273 5137 καλ¹
3326 5085 3587 5154 ἄργυρον,
3618 5085 3724 5137 καὶ

2137 5172 2392 5245 χιτῶνας,
2420 5174 2514 5228 καὶ
2544 5175 2878 5244 ἀμπεχόνας,
2910 5175 3005 5226 κα)⁵
3033 5175 3132 5227 ὅσα
3157 5173 3258 5243 τῆς
3291 5172 3574 5243 βασιλικῆς
3598 5175 3723 5226 ἐστι

2134 5266 2283 5336 δῶρα
2309 5265 2637 5337 φιλοτιμίας.
2687 5267 2752 5319 Ἥ
2775 5267 2831 5319 δὲ.
2888 5265 3006 5320 θεία
3043 5267 3181 5336 γυνὴ
3231 5265 3438 5320 τούτων
3491 5264 3598 5334 ἔφη
3631 5265 3712 5336 μὴ

2135 5358 2342 5412 δεῖσθαι
2371 5375 2385 5389 ·
2417 5359 2591 5430 μέγαν
2646 5358 2702 5411 δέ
2741 5359 2991 5429 ἡγεῖσθαι
3043 5357 3252 5428 μισθὸν,
3300 5358 3398 5428 τὴν
3432 5357 3528 5427 τῆς
3561 5358 3725 5408 εὐσε-

2140 5450 2289 5515 ϐείας
2335 5452 2652 5521 ἐπίγνωσιν.
2686 5452 2797 5504 Καὶ
2857 5450 3196 5523 προσέφερεν
3237 5449 3313 5515 ὡς
3344 5453 3471 5522 ἐνῆν
3499 5448 3567 5503 τά
3598 5449 3724 5504 θεῖα

1733 5628 1970 5686 γιιιιιιι]
2001 5595 2407 5689 moriones.
2452 5625 2458 5633 '

518 5731 564 5764 ιτ
595 5729 733 5800 τὴν-
756 5723 930 5800 _abest
956 5741 1002 5800 _a
1032 5723 1193 5800 ‘Bas.
1228 5724 1322 5800 Gr.

444 5787 676 5866 "8:51;:
711 5793 879 5850 Idem.
955 5796 997 5828 ³³
1027 5793 1229 5863 δοριάλ.
1270 5793 1462 5868 Steph.

1437 5723 1484 5756 “
1512 5723 1854 5798 δοριάλωτος.
1892 5726 2094 5800 Steph.
2185 5732 2230 5763 ⁸⁸
2256 5723 2598 5804 apponam.
2623 5725 2792 5784 Basil.
2829 5727 2954 5785 Gr-
3031 5730 3075 5762 ³ο
3108 5728 3496 5785 κατακλίνασα.
3547 5724 3718 5782 Idem.

4045 3771 4047 3900 γ
