4084 6196
425 355 531 418 973

1436 353 2027 416 ECCLESIASTICJE
2063 355 2443 416 HISTORIE
2474 357 2618 416 LIB.
2653 357 2702 415 Ι.

3577 355 3684 418 974

428 467 793 538 παιδεύματα,
829 469 922 522 καὶ
954 467 1095 523 θεῖον
1122 469 1402 541 ἀνεγεῖραι
1436 472 1724 542 παρεγγυᾷ
1751 469 1884 524 νεὼν
1916 469 1994 539 τῷ

2106 469 2401 525 curationis
2439 469 2806 522 admiratione
2847 466 3114 537 perculit;
3177 471 3290 519 tum
3343 464 3472 527 llei.
3513 483 3676 538 quem

424 557 945 630 σεσωκότιΧριστῷ.
970 555 1082 632 [56]
1109 558 1324 613 Τούτων
1351 561 1534 632 ἐκείνη
1560 560 2005 624 ἀκούσασα,κατ-

426 649 587 706 ἑλαϐε
618 648 688 701 τὰ
726 648 990 719 βασίλεια,
1025 651 1120 705 καὶ
1153 651 1464 722 παραυτίκα
1506 650 1603 722 μὲν
1628 650 1885 721 ἐξέπληξε
1912 650 2002 704 τὸν

425 738 670 810 ὁμόζυγα
685 740 762 811 τῷ
780 742 1027 812 συντόμῳ
1047 742 1144 813 τῆς
1165 742 1477 813 θεραπείας·
1502 739 1621 796 εἶτα
1637 743 1731 796 τοῦ
1755 741 1888 796 Θεοῦ
1906 743 2004 814 τῆς

428 831 773 902 αἰχμαλώτου
807 834 906 904 τὴν
935 833 1163 904 δύναμιν
1195 835 1407 906 ἐδήλου,
1435 835 1531 888 καὶ
1563 834 1862 906 παρεκάλει
1887 832 2004 885 τοῦ·

427 939 514 974 τον
545 923 700 992 μόνον
724 923 920 977 εἰδέναι
950 923 1218 991 Galam-ml
1241 924 1376 978 νεὼν
1397 925 1544 996 αὐτῴ
1565 924 2001 997 παρασκευάσαι,

425 1013 521 1064 καὶ
561 1012 707 1067 ἆπαν
740 1015 820 1077 είς
849 1014 944 1081 τὴν
971 1015 1162 1068 τούτου
1181 1016 1228 1049 ³³
1254 1016 1554 1088 θεραπείαν
1597 1015 1912 1086 μεταθεῖναι
1942 1013 2003 1066 τὸ

426 1103 597 1168 ἔθνος.
639 1105 698 1158 '0
719 1105 776 1159 δὲ
806 1107 865 1160 τὸ
898 1109 995 1178 μὲν
1024 1109 1103 1171 είς
1141 1109 1240 1178 τὴν
1280 1108 1525 1180 ὁμόζυγα
1559 1108 1744 1179 θαῦμα
1775 1119 2002 1176 γεγενη-

429 1193 590 1264 μένον
641 1197 880 1266 εὐφήμει
908 1215 920 1228 ο
953 1199 1042 1251 τὸν
1077 1199 1133 1252 δὲ
1174 1197 1308 1252 νεὼν
1349 1201 1449 1253 οὐκ
1483 1199 1639 1271 ἤθελε
1685 1197 1997 1268 δείμασθαι.

440 1281 651 1355 Ὀλίγον
679 1288 734 1341 δὲ
765 1288 1064 1353 διελθόντος
1091 1291 1307 1362 χρόνου,
1360 1292 1522 1352 αὐτὸς
1581 1291 1678 1361 μὲν
1705 1292 1784 1354 εἰς
1828 1289 2000 1359 θήραν

425 1375 667 1445 ἐξῆλθεν.
703 1376 760 1430 '0
797 1379 854 1431 δὲ
904 1378 1284 1450 φιλάνθρωπος
1329 1380 1491 1433 αὐτὸν
1529 1381 1806 1452 Δεσπότης
1855 1380 2000 1434 κατά

423 1467 516 1520 τὸν
569 1467 780 1523 Παῦλον
825 1471 1106 1541 ὲθήρευσε.
1139 1473 1310 1543 Ζόφος
1357 1475 1464 1545 γάρ
1496 1473 1646 1544 αὐτῷ
1664 1473 1709 1507 ³³
1741 1473 2000 1545 ἐξαπίνης

427 1558 771 1630 προσπεσὼν,
805 1560 906 1614 οὐκ
946 1560 1032 1614 εῖα
1079 1563 1411 1635 πορρωτέρω
1431 1563 1475 1594 ³⁸
1505 1563 1840 1635 προϐαίνειν.
1888 1564 2000 1616 Καὶ

423 1652 471 1703 οἱ
507 1651 604 1721 μὲν
635 1649 955 1722 θηρεύοντες
975 1654 1019 1686 ³⁸
1042 1653 1143 1722 τῆς
1167 1655 1383 1718 ἀκτῖνος
1411 1654 1655 1726 συνήθως
1678 1655 1956 1724 ἁπήλαυον
1981 1669 1996 1685 '

425 1735 579 1806 οὗτος
614 1743 670 1796 δὲ
705 1744 861 1814 μόνος
891 1745 1223 1816 ἀποληφθεὶς
1241 1746 1306 1809 ⁸⁷,
1338 1749 1451 1809 τοῖς
1479 1743 1580 1815 τῆς
1609 1745 1872 1817 ἀορασίας
1896 1748 1995 1800 ἐπ-

427 1832 582 1904 εδέθη
638 1834 878 1904 δεσμοῖς.
921 1835 1010 1888 Ἐν
1035 1835 1238 1906 ἀπορίᾳ
1261 1835 1318 1888 δὲ
1368 1835 1465 1901 ὢν,
1513 1837 1677 1907 πόρον
1728 1831 1853 1909 εὗρε
1901 1839 2002 1907 τῆς

427 1923 702 1994 σωτηρίας
727 1941 740 1955 ·
779 1925 940 1989 εὐθὺς
963 1926 1070 1994 γὰρ
1092 1928 1170 1988 εἰς
1199 1925 1321 1978 νοῦν
1351 1927 1450 1998 τὴν
1480 1927 1763 1981 ἀπείθειαν
1796 1927 2004 1995 λαϐὼν,

427 2015 520 2067 καὶ
549 2015 642 2068 τὸν
669 2015 771 2084 τῆς
829 2015 1176 2086 αἰχμαλώτου
1225 2017 1356 2070 Θεὸν
1414 2018 1648 2083 καλέσας
1690 2019 2001 2091 ἐπίκουρον,

427 2106 720 2176 ἀπηλλάγη
769 2107 861 2160 τοῦ
915 2108 1100 2179 ζόφου,
1143 2109 1237 2162 καὶ
1267 2109 1366 2180 τὴν
1411 2110 1738 2180 άξιάγαστον
1790 2113 2005 2185 ἐκείνην

429 2198 756 2253 καταλαϐὼν
791 2201 1127 2273 δορυάλωτον
1150 2202 1217 2266 ³⁸,
1253 2203 1555 2274 παρεκάλει
1587 2203 1756 2269 δεῖξαι
1796 2205 1894 2277 τῆς
1924 2208 2004 2259 ol-

429 2289 684 2361 κοδομίας
712 2291 774 2344 τὸ
807 2292 1014 2362 σχῆμα.
1060 2293 1117 2346 Ὀ
1147 2293 1204 2346 δὲ
1228 2293 1316 2348 τὸν
1357 2294 1622 2366 Βεσελεὴλ
1660 2295 1761 2368 τῆς
1787 2297 2006 2368 ἀρχιτεο

429 2385 682 2454 κτονικῆς
706 2383 895 2453 σοφίας
919 2385 1208 2456 ἐμπλήσας
1229 2387 1296 2452 ³³,
1329 2387 1422 2440 καὶ
1445 2387 1649 2459 ταύτην
1685 2387 1884 2458 ἠξίωσε
1909 2390 2006 2461 χά-

426 2491 598 2546 ριτος,
653 2477 729 2540 ὡς
775 2477 870 2530 τὸν
927 2477 1070 2532 θεῖον
1125 2478 1422 2549 διαγράψαι
1471 2478 1628 2534 νεών.
1680 2482 1791 2534 Καὶ
1831 2483 1864 2554 ἡ
1907 2483 2006 2553 μὲν

425 2567 717 2639 διέγραφεν
737 2586 750 2602 ·
774 2570 823 2622 οί
853 2570 908 2622 δὲ
937 2569 1180 2641 ὥρυττὸν
1203 2588 1262 2624 τε
1287 2574 1382 2626 καὶ
1409 2572 1742 2643 ᾠκοδόμουν.
1785 2575 2006 2647 Ἐπειδὴ

424 2659 482 2713 δὲ
511 2659 764 2729 ἐτελέσθη
794 2660 854 2714 τὸ
873 2661 1231 2734 οἰκοδόμημα,
1264 2663 1357 2717 καὶ
1387 2664 1582 2736 ὄροφος
1610 2665 1866 2739 ἐπετέθη,
1911 2667 2006 2722 καὶ

429 2755 603 2826 μόνων
636 2755 804 2808 ἐδεῖτο
839 2753 948 2808 τῶν
986 2754 1194 2828 ἱερέων,
1241 2749 1369 2827 εὗρε
1409 2758 1505 2810 καὶ
1529 2757 1720 2812 τούτου
1773 2760 1940 2832 πόρον
1971 2761 2005 2831 ή

425 2847 702 2916 θαυμασία
724 2847 883 2918 γυνή.
905 2845 1132 2899 Ἔπεισε
1163 2845 1274 2918 γὰρ
1302 2848 1395 2902 τοῦ
1425 2847 1612 2914 ἔθνους
1634 2851 1726 2904 τὸν
1763 2851 2007 2922 ἡγούμε-

425 2940 576 2992 νονδο
611 2939 746 3009 πρὸς
793 2937 885 2991 τὸν
929 2939 1217 3009 Ῥωμαίων
1257 2941 1698 3011 πρεσϐεύσασθαι
1740 2942 2005 3013 βασιλέα,

426 3031 520 3083 καὶ
557 3027 948 3098 αἰτήσασθαιΜ
982 3027 1300 3100 πεμφθῆναι
1331 3030 1481 3098 σφίσι
1509 3030 1829 3086 διδάσκαλον
1864 3034 2008 3088 εὐσε·

2105 561 2319 630 captiva
2375 560 2620 624 colebat,
2677 557 2976 628 potentiam
3032 559 3279 628 aperuit,
3334 559 3575 616 suadens
3623 569 3728 654 ut,

2105 651 2250 706 hunc
2277 653 2451 707 solum
2490 650 2660 705 Deum
2693 658 2984 721 agnoscat,
3025 651 3400 720 templumque
3434 651 3511 706 illi
3549 651 3683 706 aedi-

2105 742 2264 802 licet.
2298 758 2360 795 ac
2393 753 2611 812 gentem
2645 741 2961 796 universam
2987 740 3053 793 ad
3087 741 3208 810 ejus
3244 743 3448 796 cultum
3487 744 3681 799 tradu-

2102 842 2210 888 cat.
2241 834 2310 888 At
2341 835 2432 889 ille
2472 841 2742 905 patratum
2779 832 2830 886 in
2860 849 3031 887 uxore
3060 833 3386 888 miraculum
3424 834 3683 892 laudabat

2103 923 2324 993 quidem
2374 924 2748 990 vehementer,
2781 931 3042 977 ett-terum
3098 923 3370 979 aediﬁcare
3421 927 3680 996 templum

2104 1027 2213 1066 non
2243 1013 2473 1082 placuit.
2503 1011 2720 1066 Modico
2756 1019 3002 1080 tempore
3042 1011 3330 1081 interiecto
3351 1052 3364 1076 ,
3407 1013 3474 1067 ad
3507 1030 3675 1070 vena-

2105 1104 2311 1159 tionem
2347 1105 2622 1159 concessit
2663 1122 2676 1158 :
2727 1103 2822 1158 sed
2857 1103 3010 1158 illum
3058 1103 3330 1174 benignus
3376 1101 3683 1172 Dominus,

2102 1197 2248 1253 sicut
2277 1197 2405 1252 olim
2453 1196 2722 1262 Paulum,
2760 1195 2877 1266 ipse
2909 1202 3139 1250 venatus
3171 1203 3274 1251 est.
3323 1194 3460 1250 Nam
3505 1199 3686 1271 caligo

2101 1298 2324 1360 repente
2378 1291 2550 1346 oﬂ'usa
2604 1291 2820 1360 longius
2856 1305 2979 1344 eum
3019 1289 3275 1359 progredi
3322 1289 3497 1344 vetuit
3553 1309 3568 1345 :
3625 1300 3682 1348 ct

2101 1397 2227 1437 cum
2260 1383 2458 1452 reliqui
2488 1390 2785 1438 venatores
2821 1382 2982 1436 solita
3010 1381 3132 1435 luce
3157 1379 3498 1448 fruerentur,
3531 1381 3686 1438 solus

2101 1475 2220 1547 ipse
2256 1476 2596 1545 interceptus
2631 1473 2899 1529 cmcitatis
2931 1472 3171 1528 vinculis
3203 1472 3543 1527 constrictus
3576 1485 3676 1529 est.

2101 1565 2160 1622 In
2209 1568 2309 1624 has
2360 1567 2620 1623 redactus
2679 1565 2966 1638 angustias
3018 1566 3163 1620 viam
3207 1566 3402 1621 salutis
3448 1565 3680 1622 invenit.

2100 1655 2296 1712 Statim
2325 1658 2470 1713 enim
2521 1656 2845 1712 recordatus
2878 1654 3277 1710 incredulitatis
3311 1669 3449 1721 sum,
3486 1651 3687 1710 Deum-

2103 1765 2210 1820 quc
2237 1751 2466 1820 captivae
2490 1749 2798 1817 adiutorem
2827 1748 3092 1802 invocans
3110 1787 3124 1812 ,
3151 1748 3329 1802 lucem
3355 1749 3597 1819 recepit,
3629 1758 3683 1804 et

2110 1841 2174 1894 ad
2225 1842 2499 1911 captivam
2534 1840 2680 1894 illam
2715 1838 3095 1894 admirabilem
3124 1838 3440 1909 profectus,
3474 1841 3687 1910 rogavit

2109 1940 2188 1988 ut-
2213 1933 2535 1988 exstruendi
2568 1929 2756 2002 templi
2791 1930 3024 1986 formam
3059 1930 3396 1985 ostenderet.
3425 1929 3479 1986 Is
3500 1942 3682 1986 autem

2107 2027 2202 2098 qui
2233 2025 2569 2081 Beseleelem
2623 2023 3056 2079 architectonica
3109 2023 3340 2078 scientia
3380 2022 3685 2083 imbuerat.

2110 2117 2238 2172 huic
2264 2131 2486 2187 quoque
2512 2114 2742 2186 gratiam
2769 2113 3030 2178 indulsit,
3059 2121 3118 2167 ut
3146 2112 3395 2167 divinum
3427 2114 3688 2184 templum

2109 2214 2235 2276 apte
2280 2203 2643 2262 describeret.
2684 2200 3020 2272 Designabat
3075 2216 3206 2270 ergo
3239 2201 3390 2270 ipsa,
3446 2201 3524 2256 illi
3558 2218 3689 2258 vero

2109 2296 2392 2352 fodiebant
2424 2301 2479 2350 et
2521 2291 2886 2349 :ediﬁcabant.
2938 2293 3108 2363 808
3161 2291 3460 2364 Postquam
3507 2295 3690 2366 perfe-

2109 2397 2258 2443 ctum
2287 2394 2369 2441 est
2397 2384 2687 2439 aedilicium
2714 2424 2730 2447 ,
2753 2392 3070 2453 tectumque
3104 2385 3420 2454 impositum
3440 2425 3456 2451 ,
3493 2394 3550 2442 et
3582 2389 3683 2444 soli

2110 2477 2425 2535 sacerdotes
2457 2475 2936 2541 desiderabantur,
2983 2476 3089 2531 hoc
3115 2478 3278 2530 etiam
3301 2475 3462 2534 facile
3488 2479 3676 2534 divina

2107 2571 2308 2626 mulier
2340 2567 2638 2640 expedivit.
2680 2565 2819 2622 Nam
2852 2568 2963 2637 regi
3023 2570 3342 2638 persuasit,
3395 2577 3454 2624 ut
3481 2571 3689 2642 legatos

2108 2663 2176 2718 ad
2223 2661 2599 2718 Romanorum
2653 2664 3037 2731 imperatorem
3073 2661 3354 2726 mitteret,
3405 2661 3476 2717 ab
3515 2677 3690 2734 eoque

2059 2742 2079 2757 ”
2109 2755 2334 2826 pietatis
2358 2753 2638 2810 doctorem
2669 2752 2736 2808 ad
2768 2768 2827 2808 se
2851 2752 2990 2806 mitti
3023 2751 3348 2822 postularet.
3373 2751 3530 2819 Quod
3552 2770 3690 2810 con-

2110 2844 2296 2902 silium
2331 2860 2424 2900 rex
2448 2848 2464 2865 ⁶
2496 2843 2877 2912 amplexatus,
2914 2842 3124 2912 legatos
3154 2844 3468 2900 destinavit.
3496 2846 3678 2916 Impe-

2111 2947 2263 3012 rator
2286 2953 2416 2994 vero
2441 2935 2725 3008 petitionis
2762 2949 2930 2991 causa
2959 2937 3242 2991 intellecta
3269 2937 3690 3007 (Constantinus

2109 3039 2291 3086 autem
2319 3030 2408 3085 hic
2431 3036 2574 3093 erat,
2595 3027 3021 3083 ardentissimus
3051 3029 3143 3084 ille
3165 3037 3382 3086 amator
3405 3032 3688 3103 pietatis),

422 3121 598 3184 ϐείας.
652 3122 710 3173 '0
765 3121 864 3192 μὲν
912 3115 1004 3174 οὖν
1065 3119 1358 3191 δεξάμενος
1406 3122 1506 3192 τὴν
1552 3125 1837 3194 εἰσήγησιν
1883 3126 2003 3190 τοὺς

2115 3137 2327 3180 summa
2362 3119 2704 3175 humanitate
2723 3118 2931 3189 legatos
2953 3121 3169 3189 excepit
3191 3160 3204 3185 ,
3235 3121 3524 3184 virumque
3549 3120 3688 3188 (ide,

427 3213 930 3284 πρεσϐευσομένους
989 3211 1318 3283 ἐξέπεμψεν.
1376 3213 1435 3265 '0
1486 3213 1542 3267 δὲ
1595 3213 1851 3284 βασιλεὺς
1901 3217 2002 3288 τῆς

423 3306 696 3376 αἰτήσεως
735 3305 833 3375 τὴν
868 3304 1046 3358 αἰτίαν
1081 3303 1288 3375 μαθὼν,
1320 3306 1731 3371 Κωνσταντίνος
1763 3307 1821 3361 δὲ
1855 3303 1948 3380 ἦν,
1975 3311 2005 3363 ὁ

426 3396 524 3466 τῆς
583 3395 864 3460 εὐσεϐείας
911 3395 1246 3468 θερμότατος
1289 3387 1546 3469 ἐραστὴς,
1601 3398 2007 3473 φιλοφροσύνης

428 3483 530 3554 μὲν
579 3485 912 3554 παμπόλλης
972 3487 1098 3548 τοὺς
1149 3486 1413 3558 πρέσϐεις
1458 3489 1722 3558 ἠξίωσεν
1749 3491 1918 3562 ἄνδρα
1950 3491 2008 3546 δὲ

429 3575 632 3641 πίστει,
667 3578 760 3629 καὶ
799 3575 1038 3640 συνέσει,
1073 3580 1167 3630 καὶ
1196 3579 1296 3649 βίῳ
1329 3577 1728 3651 κοσμούμενον,
1777 3583 1873 3637 καὶ
1905 3584 2006 3654 τῆς

427 3662 838 3735 ἀρχιερωσύνης
870 3663 1194 3735 ἠξιωμένον,
1229 3666 1452 3737 κήρυκα
1483 3668 1562 3739 τῷ
1591 3668 1737 3722 ἔθνει
1763 3670 1864 3740 τῆς
1891 3670 2008 3724 θεο-

427 3757 664 3825 γνωσίας
722 3756 1019 3828 ἐξέπεμψε,
1064 3757 1204 3828 μετά
1248 3757 1436 3829 δώρων
1465 3759 1547 3812 ὅτι
1585 3758 1823 3831 μάλιστα
1857 3760 2008 3814 πλεί-

429 3863 589 3901 στων.
617 3847 830 3919 Ταύτης
855 3848 950 3918 μὲν
973 3843 1067 3900 οὖν
1096 3847 1197 3918 τῆς
1225 3848 1568 3920 προμηθείας
1586 3850 1711 3914 τούς
1733 3852 2008 3922 ῄτηκότας

424 3937 643 4008 ἠξίωσε.
682 3939 801 3992 Τῶν
831 3943 889 3994 ὲν
919 3941 1139 4010 Περσίδι
1167 3941 1224 3993 δὲ
1249 3942 1350 4012 τῆς
1396 3941 1682 4006 εὐσεϐείας
1723 3945 2006 4016 τροφίμων

425 4029 746 4100 αὐτομάτως
773 4029 1103 4106 προύνοήθη.
1143 4031 1350 4085 Μαθὼν
1391 4031 1498 4104 γὰρ
1528 4033 1726 4096 αὐτοὺς
1751 4035 1858 4089 ὑπὸ
1897 4037 2007 4091 τῶν

425 4119 700 4173 δυσσεϐῶν
720 4120 1120 4187 ἐξελαύνεσθαι,
1283 4123 1375 4176 καὶ
1398 4121 1489 4176 τὸν
1519 4121 1742 4177 ἐκείνων
1759 4125 2004 4196 βασιλέα,

427 4214 492 4282 τῇ
525 4211 702 4284 πλάνῃ
719 4210 1134 4281 δεδουλωμένον,
1161 4213 1513 4278 παντοδαπὰς
1535 4215 1718 4279 αὐτοῖς
1753 4218 2008 4273 καττύειν

2106 3215 2357 3272 doctrina
2417 3221 2471 3270 et
2546 3212 2656 3268 vita
2727 3210 3186 3278 ornatissimum,
3279 3215 3691 3286 episcOpaliqne

2109 3309 2322 3364 honore
2355 3305 2677 3374 insignitum
2703 3345 2720 3370 ,
2762 3303 2966 3358 divina:
3004 3303 3338 3375 cognitionis
3374 3319 3685 3375 praeconem

2112 3399 2354 3455 futurum
2382 3413 2506 3453 cum
2539 3395 2700 3452 donis
2721 3393 3148 3466 quamplurimis
3176 3395 3346 3452 misit.
3371 3393 3530 3450 Hunc
3560 3411 3691 3466 ergo

2111 3481 2167 3542 in
2235 3484 2456 3540 modum
2512 3483 2635 3538 istis
2699 3498 2824 3538 cum
2886 3482 3235 3553 postularent
3281 3484 3582 3554 prospexit.
3624 3487 3690 3539 At

2110 3577 2394 3652 religionis
2415 3576 2767 3632 alumnorum
2793 3615 2808 3640 ,
2845 3575 2939 3644 qui
2967 3575 3024 3629 in
3049 3575 3279 3630 Perside
3301 3575 3691 3639 versabantur,

2110 3687 2210 3728 sua
2261 3671 2378 3742 ipse
2412 3677 2608 3741 sponte
2633 3683 2826 3723 curam
2874 3668 3066 3739 gessit.
3120 3666 3258 3723 Cum
3289 3668 3459 3724 enim-
3489 3668 3695 3724 certior

2112 3763 2290 3820 factus
2323 3771 2470 3820 esset
2519 3763 2644 3818 illos
2691 3762 2760 3816 ab
2807 3761 2992 3832 impiis
3041 3760 3288 3816 divexari
3317 3801 3332 3828 ,
3394 3775 3694 3832 regemque

2109 3855 2287 3911 errori
2332 3853 2578 3910 deditum
2602 3853 2835 3910 occultis
2864 3868 2962 3910 eos
2991 3853 3208 3909 insidiis
3248 3853 3646 3908 circumvenire
3672 3892 3688 3916 .

2111 3948 2328 4003 litteras
2365 3946 2431 4002 ad
2463 3961 2588 4002 eum
2643 3945 2908 4014 scripsit,
2965 3946 3170 4015 quibus
3221 3954 3278 3999 ct
3316 3945 3383 3999 ad
3435 3945 3688 4014 pietatem

2120 4035 2556 4107 amplectendam
2612 4033 2957 4099 hortabatur,
3011 4042 3065 4088 et
3110 4040 3170 4086 ut
3219 4031 3342 4101 ejus
3385 4031 3688 4088 cultoribus

2115 4129 2380 4184 honorem
2437 4125 2667 4180 haberet
2712 4125 3049 4194 postulabat.
3101 4123 3207 4177 Sed
3240 4121 3536 4177 scribentis
3563 4129 3690 4178 stu-

2117 4218 2267 4274 dium
2300 4215 2496 4270 melius
2527 4214 2758 4284 cpistola
2787 4215 2906 4285 ipsa
2936 4213 3262 4268 declarabit.

425 4305 738 4370 ἐπιϐουλὰς,
770 4305 1055 4359 ἀπέστειλε
1075 4306 1144 4372 δ’,
1176 4309 1270 4362 καὶ
1325 4309 1610 4380 παραινῶν
1657 4311 1923 4382 εὐσεϐεῖν,
1958 4315 2054 4370 καὶ
2107 4315 2231 4378 τοὺς
2273 4309 2633 4375 εὐσεϐοῦντας
2666 4309 2832 4381 τιμῆς
2874 4307 3167 4362 ἀπολαύειν
3199 4306 3388 4362 αἰτῶν.
3428 4307 3690 4379 ’Ἄμεινον

427 4398 484 4453 δὲ
510 4399 606 4472 τὴν
629 4399 725 4453 τοῦ
775 4401 1115 4472 γεγραφότος
1167 4404 1404 4477 σπουδὴν
1462 4406 1717 4472 ἐπιδείξει
1749 4409 1795 4442 ⁸³
1853 4412 1925 4466 τά
1980 4413 2304 4485 γράμματα.
3594 4396 3602 4404 ’

1001 4495 1254 4550 ΚΕΦΔΛ.
1295 4498 1420 4552 KA'.

423 4585 745 4658 Ἐπιστολὴ
774 4588 1237 4658 Κωνσταντινου
1275 4589 1583 4656 ,βασιλέως
1622 4591 1770 4658 πρὸς
1801 4593 2009 4648 Σακῶ-

488 4675 613 4732 ρην
620 4656 677 4732 1⁵⁵
726 4656 856 4732 τῂν-
882 4655 1130 4732 Περσῶν
1161 4659 1448 4732 βασιλέα,
1498 4655 1627 4729 περὶ
1803 4663 1847 4696 ⁸⁸
1898 4664 2003 4718 τοῦ

496 4726 648 4779 λαοῦ
674 4725 780 4780 τοῦ
821 4725 969 4779 Θεοῦ
1002 4728 1310 4794 προνοίας.

505 4833 524 4866 ι
550 4816 660 4885 Τὴν
677 4815 824 4869 θείαν
847 4817 1028 4871 πίστιν
1048 4817 1357 4886 φυλάσσων,
1375 4819 1467 4875 τοῦ
1481 4821 1582 4894 τῆς
1607 4822 1866 4895 ἀληθείας
1889 4841 2002 4894 φω-

425 4900 520 4964 τὸς
553 4903 968 4975 μεταλαγχάνω·
1005 4907 1083 4978 τῷ
1130 4907 1388 4972 ἀληθείας
1428 4911 1566 4980 φωτὶ
1603 4911 1996 4982 όδηγούμενος,

424 4993 525 5068 τὴν
558 4994 708 5049 θείαν
741 4996 920 5050 πίστιν
953 5000 1318 5070 ὲπιγινώσκω.
1351 5003 1639 5075 Τοιγάρτοι
1659 5003 1890 5072 τούτοις,
1920 5004 1996 5069 ὡς

425 5086 494 5141 τά
509 5085 810 5158 πράγματα
831 5087 1057 5159 βεϐαιοῖ,
1079 5094 1178 5165 τὴν
1204 5094 1514 5168 ἀγιωτάτην
1537 5095 1835 5168 θρησκείαν
1856 5093 1998 5165 γνω-

2708 4495 2862 4553 CAP.
2905 4495 3094 4552 XXIV.

2186 4590 2524 4648 Constantini
2560 4589 2898 4657 imperatoris
2926 4589 2994 4642 ad
3024 4587 3276 4658 Saporem
3305 4587 3597 4645 Persarum

2351 4676 2520 4732 regem
2547 4658 2770 4730 epistola
2787 4659 2890 4732 ,με
2922 4659 3086 4732 ipsius
3112 4658 3440 4729 providentia

2628 4745 2756 4798 erga
2789 4725 2890 4784 Dei
2913 4725 3184 4799 populum.

2185 4841 2208 4876 ‹
2229 4821 2480 4877 Divinam
2505 4819 2665 4876 ﬁdem
2693 4833 3054 4885 conservans,
3087 4820 3337 4876 veritatis
3363 4820 3538 4902 lucem
3570 4821 3687 4876 adi-

2106 4913 2326 4985 piscor;
2366 4913 2617 4968 veritatis
2646 4911 2822 4965 lucem
2855 4919 3077 4967 secutus
3112 4909 3305 4964 ducem
3334 4953 3348 4977 ,
3385 4903 3453 4965 ad
3484 4909 3689 4966 divinae

2104 5005 2272 5077 809
2302 5001 2426 5061 ﬁdei
2479 5002 2850 5076 cognitionem
2883 5001 3163 5072 pervenio.
3216 4999 3358 5056 Hinc
3392 5015 3522 5072 ergo
3547 5041 3562 5066 ,
3622 5007 3682 5054 ut

2108 5103 2197 5152 res
2215 5096 2382 5152 docet
2402 5135 2418 5162 ,
2443 5094 2851 5152 sanctissimam
2876 5094 3195 5165 religionem
3223 5092 3559 5149 sanctissimi
3585 5089 3680 5146 Dci

1709 5227 1948 5287 VARIE.
2001 5227 2406 5288 LECTIONES.

493 5382 540 5456 '_‘
571 5380 757 5456 αὐτοῦἔ
799 5379 967 5456 Basil.
988 5380 1084 5456 Gr.
1234 5382 1615 5456 αὐτόνηΒθεί-Ι.
1648 5381 1766 5456 G_I'.,
1794 5383 2016 5456 qSteph.

423 5450 872 5523 f7_th'ico)tet<a(it-:t:1
911 5451 1228 5523 Christoph:
1335 5451 1618 5523 ⁸ῗίίδοριαλ.
1657 5453 1869 5523 διερῇ.

425 5519 614 5590 Iidem.
691 5522 736 5553 δι
755 5519 1000 5590 αἰτῆσαι.
1031 5519 1158 5590 Bas.
1187 5519 1304 5590 Gr._
1357 5520 1402 5552 “
1434 5519 1737 5590 ἐπέστειλε.

423 5589 547 5655 Gr.,
577 5589 800 5660 Steph,
873 5588 918 5623 “
952 5588 1241 5660 Σαταῦρην.
1276 5588 1442 5660 Basil.
1473 5588 1650 5646 Graec.
1681 5600 1736 5650 et
1769 5592 1889 5648 Lat.

1975 5454 2021 5485 ”
2048 5455 2349 5525 ἐκπλήσαςς

1826 5538 1905 5578 as.
1938 5523 2034 5578 Gr.
2092 5523 2139 5555 "
2161 5519 2688 5592 eniaetgat,_nmisso
2717 5519 2986 5575 vocabulo
3008 5539 3035 5592 Ξ
3065 5521 3133 5576 τὰ
3159 5520 3485 5592 γράμματα.
3515 5519 3684 5592 Basil.

1981 5593 2026 5626 “
2051 5593 2179 5648 Haec
2216 5612 2230 5648 :
2265 5595 2394 5662 περί
2412 5590 2539 5662 τῆς,
2579 5602 2695 5662 etc.
2718 5592 2920 5662 absunt
2953 5607 2981 5645 a
3005 5590 3166 5662 Basili.

2507 5423 2522 5436 .
2584 5382 2708 5452 Bas.
2768 5381 2863 5452 Gr.
2912 5382 2987 5452 ,³⁸
3017 5379 3677 5452 συνθηρεύοντεςαιάρῐη.

2107 5385 2154 5417 ⁸⁸
2191 5383 2418 5454 περαιτέ

2453 5469 2533 5508 as.
2597 5451 2718 5515 Gr.,
2777 5447 2967 5521 Steph.
3063 5452 3110 5484 δ’
3137 5447 3372 5521 τῦντοῦ
3433 5450 3544 5521 ίιθνζ
3587 5453 3681 5521 ἠγ.

3253 5589 3333 5654 τι,
3373 5603 3471 5645 nec
3527 5589 3692 5644 habet.

422 5663 542 5738 haec
566 5658 918 5738 verba,__huic
947 5658 1176 5738 sec_tioiii
1212 5658 1266 5712 in
1299 5659 1672 5738 §tephaniana
1700 5663 1938 5721 editione
1980 5658 2377 5738 superscripta,
2410 5658 2571 5736 index
2599 5660 2805 5720 codicis
2839 5659 3102 5733 Stephau.
3137 5661 3192 5730 l,
3217 5660 3278 5716 in
3315 5673 3423 5732 quo
3449 5659 3648 5729 legitur
3673 5675 3695 5712 ι

425 5731 554 5801 περὶ
589 5729 697 5782 τῶν
747 5727 1088 5799 Χριστιανῶν
1133 5727 1424 5798 γραφεῖσα.
