4084 6196
405 246 508 314 981
1431 249 2033 312 ΕΟΟΕΕΞΙΑΒΤΙΕΕ
2045 252 2428 314 HISTORI/E
2459 255 2604 315 LIB.
2638 255 2688 314 Ι.
3565 256 3672 318 ‘38!

404 371 550 419 νους,
594 354 864 426 μηδεμίαν
892 351 1077 426 χώραν
1121 354 1180 408 ἐν
1213 357 1280 426 τῇ
1323 354 1434 425 ζωῇ
1470 344 1646 430 ταύτῃ
1667 359 1716 390 ’δ
1747 374 1984 428 μεταμε-

2095 361 2203 416 Ιιιιιι
2235 362 2468 417 habeant
2510 363 2563 417 in
2605 362 2708 417 hac
2742 362 2850 416 vita
2879 361 3216 432 poenitentiae
3247 362 3453 418 locum.
3489 363 3675 431 Quare

410 444 562 508 λείας
616 442 836 514 έχωσιν.
883 443 1312 517 Ἐπικουρήσατε
1345 445 1524 502 τοίνυν
1594 447 1723 517 ὑμῖν
1781 449 1986 513 αὐτοῖς,

407 534 736 606 παρακαλῶ,
803 534 866 589 τὸ
939 533 1164 607 φίλτρον
1238 536 1300 592 τὸ
1373 537 1640 609 ὑμέτερον
1661 539 1706 570 ⁸³
1769 539 1989 611 ἀγαπή-

408 641 560 690 σατε,
595 625 692 680 καὶ
759 625 926 680 παντὶ
981 626 1178 683 σθένει
1210 626 1441 695 διώξατε
1500 630 1630 694 τοὺς
1679 630 1778 702 τὴν
1799 631 1846 664 ⁸⁸
1884 630 1987 700 τῆς

406 717 680 789 ὑμετέρας
721 717 977 790 ὁμονοίας
1027 718 1190 790 χάριν
1240 720 1526 791 ἀφανίζειν
1554 722 1985 794 ἐπιθυμοῦνταςο

405 809 665 882 καὶπρὸς
715 810 810 863 τὸν
861 809 994 865 Θεὸν
1041 811 1346 877 ἀπιδόντες,
1403 813 1549 884 ὑμᾶς
1601 815 1800 880 αὐτοὺς
1850 818 1988 886 ἀγα-

407 901 546 955 πᾶτε
566 901 636 958 ⁸⁷.
686 901 830 970 Ἐγὼ
855 902 962 973 γὰρ
996 902 1090 957 τὸν
1112 904 1380 974 ὑμέτερον
1408 906 1716 962 ἐπίσκοπον
1758 909 1988 964 Ἀθανά-

406 1007 521 1046 σιον
540 991 790 1062 ἀσμένως
813 995 1205 1066 προσηκάμην,
1226 995 1370 1051 οὕτω
1391 1014 1448 1052 τε
1471 1000 1983 1074 προσεφθεγξάμην,

403 1083 482 1149 ὡς
502 1083 785 1156 ἄνθρωπον
812 1087 978 1140 αὑτὸν
1007 1083 1146 1140 εἶναι
1174 1087 1311 1142 Θεοῦ
1337 1091 1726 1163 πεπεισμένος.

971 1179 1224 1232 non.
1266 1181 1412 1248 KQ".

655 1271 841 1338 Ἄλλη
870 1271 1021 1328 κατὰ
1048 1272 1399 1328 Ἀθανασιου
1426 1274 1740 1344 ἐπιϐουλή.

489 1359 628 1414 Ἀλλ’
660 1362 782 1416 οὐδέ
815 1361 986 1426 οῦτως
1013 1365 1063 1417 ot
1110 1363 1394 1429 δυσσεϐεῖς
1425 1367 1827 1440 ἐνετράπησαν,
1872 1369 1987 1422 ἀλλ’

405 1450 594 1523 ιτερον
644 1451 917 1524 ἐξύφηναν
969 1455 1176 1526 δρᾶμα,
1209 1448 1254 1524 ᾧ
1297 1459 1629 1530 προσόμοιον
1660 1461 1838 1523 οὐδεὶς
1881 1464 1990 1516 τῶν

407 1541 574 1596 πάλαι
639 1543 1022 1615 γεγενημένων
1082 1546 1504 1618 τραγῳδοποιῶν
1566 1549 1707 1624 [61]
1781 1552 1814 1622 ἢ
1878 1571 1989 1607 κω-

409 1632 726 1702 μῳδοποιῶν
754 1635 1012 1690 διέπλασε
1063 1637 1304 1694 πώποτε.
1350 1642 1712 1713 Κατηγόρους
1740 1649 1850 1715 γὰρ
1880 1645 1987 1698 πά-

405 1721 490 1775 λιν
526 1725 590 1776 ἐκ
621 1725 720 1795 τῆς
762 1726 934 1798 αὐτῆς
973 1730 1284 1802 συμμορίας
1322 1732 1762 1805 μισθωσάμενοι,
1815 1754 1986 1808 προσ-

406 1813 542 1882 άγου
552 1831 600 1870 σι
625 1816 703 1886 τῷ
723 1817 769 1850 ⁸⁸
792 1817 1003 1888 βασιλεῖ
1031 1819 1271 1891 βοῶντας
1295 1823 1678 1896 ἀνοσιουργίας
1716 1827 1989 1898 ἀρρήτους

405 1908 804 1978 τετολμηκέναι
878 1912 1080 1978 πολλὰς
1131 1915 1223 1969 τὸν
1296 1917 1396 1987 τῆς
1449 1918 1655 1990 ἀρετῆς
1723 1920 1985 1992 ἀθλητήν.

417 1998 635 2068 Ἦγεῖτο
662 2001 719 2055 δὲ
749 2003 955 2058 τούτων
982 2005 1241 2071 Εὑσέὸιός
1262 2023 1343 2072 τε,
1371 2009 1464 2064 καὶ
1492 2010 1772 2079 Θεογόνιος
1795 2012 1860 2074 ’⁸,
1893 2012 1988 2066 καὶ

401 2090 682 2164 Θεόδωρος
709 2096 738 2148 ό
766 2096 1052 2164 Περίνθιος
1074 2116 1088 2132 ο
1130 2099 1460 2170 Ἡράκλειαν
1495 2101 1553 2156 δὲ
1596 2103 1715 2157 νυνὶ
1745 2103 1844 2174 τὴν
1884 2105 1989 2158 Πέ-

408 2183 602 2254 ρινθοιί
616 2185 1009 2256 ὀνομάζουσινο
1046 2189 1147 2244 οὐκ
1177 2192 1385 2246 ἀνεκτά
1420 2193 1598 2249 ταῦτα
1635 2189 1774 2250 εἶναι
1802 2195 1989 2266 λέγον-

400 2294 515 2342 τες,
550 2280 672 2334 οὐδὲ
706 2281 900 2346 ἀκοαῖς
927 2284 1161 2354 φορητά.
1200 2285 1458 2339 Πείθουσι
1486 2286 1551 2357 δὴ
1582 2283 1678 2341 οῦν
1712 2287 1804 2341 τὸν
1831 2287 1988 2358 βασι-

403 2369 499 2423 λέα
526 2369 745 2425 σύνοδον
767 2375 826 2426 ἐν
854 2375 1164 2448 Καισαρείᾳ
1185 2380 1286 2448 τῆς
1323 2378 1686 2448 Παλαιστίνης
1713 2379 1986 2450 ἀθροῖσαι,

401 2460 533 2514 ἔνθα
559 2460 622 2532 δὴ
645 2463 865 2526 πλείους
893 2459 1035 2533 ἦσαν
1057 2468 1106 2519 oi
1135 2467 1442 2535 δυσμενεῖς,
1475 2469 1699 2523 κάκεῖσε
1728 2470 1987 2541 κριθῆναι

401 2551 656 2606 κελεῦσαι
692 2553 786 2607 τὸν
825 2554 1168 2610 Ἀθανάσιον.
1212 2559 1464 2623 Πεισθεὶς
1491 2559 1548 2614 δὲ
1582 2559 1658 2624 ῶς
1689 2561 1927 2631 ἱερεῦσιν
1959 2563 1988 2616 ὁ

403 2640 681 2711 βασιλεὺς.
727 2645 1048 2699 παντάπασι
1097 2647 1207 2719 γὰρ
1255 2649 1444 2719 ἠγνόει
1491 2649 1558 2704 τὰ
1606 2651 1982 2722 τυρευόμενα,

399 2729 562 2784 τοῦτο
580 2731 834 2799 γενέσθαι
867 2736 1221 2805 προσέταξεν.
1248 2737 1390 2791 Ἀλλ’
1416 2739 1446 2791 ὁ
1465 2737 1608 2801 θεῖος
1644 2740 1982 2806 Ἀθανάσιος,

400 2821 501 2892 τὴν
543 2823 657 2875 τῶν
695 2824 1026 2890 δικαζόντων
1063 2827 1391 2898 δυσμένειαν
1438 2831 1844 2902 ἐπιστάμενος,
1886 2832 1984 2904 οὐχ

402 2907 537 2983 ἧκεν
579 2917 661 2978 είς
707 2917 770 2970 τὸ
813 2919 1110 2991 συνέδριον.
1160 2921 1442 2976 Ἐντεῦθεν
1478 2924 1544 2994 δὴ
1575 2924 1796 2978 πλείονα
1845 2926 1981 2996 πρό⁹

2091 453 2293 508 auxilio
2327 453 2533 518 adeste,
2568 467 2774 522 quaeso,
2813 452 2968 508 vobis
3019 452 3176 524 ipsis,
3208 459 3262 508 et
3295 465 3538 508 amorem
3572 468 3671 508 ve-

2090 553 2264 602 strum
2299 553 2496 609 amate,
2526 545 2786 614 omnique
2809 543 2973 615 815
3010 559 3113 615 ope
3141 544 3264 600 illos
3292 543 3668 612 insectamini,

2089 637 2183 707 qui
2213 635 2522 691 concordiae
2541 643 2737 691 vestrae
2757 637 2988 705 gratiam
3013 637 3241 706 cupiunt
3265 637 3621 708 exstinguere
3650 655 3665 693 :

2088 735 2143 784 et
2183 728 2352 783 Deum
2389 726 2687 788 intuentes,
2727 742 2823 783 vos
2861 727 3012 798 ipsos
3041 728 3274 798 diligite.
3307 728 3419 800 Ego
3447 730 3670 800 episco-

2089 833 2218 890 pum
2267 825 2509 873 vestrum
2557 816 2914 872 Athanasium
2943 816 3118 871 libens
3158 817 3378 884 admisi,
3406 821 3668 890 atqueita

2089 927 2212 970 sum
2265 913 2557 980 allocutus,
2592 922 2650 969 ut
2677 910 2772 982 qui
2803 910 2980 965 virum
3025 908 3117 963 Dei
3152 909 3334 986 ipsum
3364 925 3486 968 esse
3533 911 3670 966 mihi

2090 1004 2483 1075 persuaserim.

2391 1186 2546 1243 car.
2580 1185 2770 1241 xxvu.
2799 1185 2882 1259 [ιι.
2918 1184 3000 1241 St.
3033 1186 3131 1240 cn.
3160 1184 3226 1240 v.
3249 1183 3367 1256 es]

2330 1277 2514 1332 Altera
2552 1279 2606 1332 in
2635 1275 2988 1330 Athanasium
3011 1284 3214 1330 structa
3246 1275 3418 1344 fraus.

2159 1368 2228 1422 At
2258 1383 2325 1423 ne
2354 1369 2435 1424 sic
2465 1366 2684 1438 quidem
2721 1367 2951 1421 istorum
2989 1378 3241 1434 repressa
3274 1370 3360 1419 est
3392 1361 3663 1433 impietas,

2089 1460 2222 1529 quin
2265 1461 2489 1517 alteram
2537 1465 2784 1515 tererent
2817 1457 3077 1522 fabulam,
3109 1455 3196 1512 cui
3227 1463 3469 1512 veterum
3497 1455 3666 1525 tragi-

2091 1567 2279 1608 eorum
2314 1562 2412 1606 aut
2439 1548 2776 1606 comicorum
2815 1563 2976 1602 nemo
3020 1561 3264 1618 unquam
3299 1547 3535 1602 similem
3567 1544 3666 1601 de-

2090 1644 2192 1699 dit.
2224 1644 2594 1698 Accusatores
2619 1641 2765 1696 enim
2797 1654 2828 1695 e
2855 1638 3091 1694 factione
3120 1653 3216 1695 sua
3251 1638 3564 1709 redemptos
3599 1636 3666 1690 ad

2090 1735 2474 1805 imperatorem
2507 1731 2810 1798 deducunt,
2839 1729 3062 1786 virtutis
3096 1730 3354 1785 athletam
3386 1729 3556 1784 multa
3585 1727 3669 1782 in-

2090 1825 2252 1880 fanda
2285 1826 2492 1881 scelera
2526 1831 2872 1895 perpetrasse
2898 1821 3284 1877 vociferantes.
3312 1819 3410 1876 llis
3439 1820 3671 1876 aderant

2089 1918 2382 1982 Eusebius,
2418 1927 2473 1974 et
2501 1916 2871 1989 'l‘heogonius,
2909 1925 2964 1970 et
2999 1913 3323 1970 Theodorus
3351 1913 3668 1969 Perinthius

2090 2009 2430 2081 (Heracleam
2461 2018 2642 2066 autem
2670 2025 2816 2065 nunc
2839 2008 3142 2079 appellant,
3172 2023 3294 2078 qua:
3321 2007 3450 2060 olim
3486 2005 3670 2060 Periu-

2087 2103 2217 2159 thus
2251 2103 2412 2174 erat),
2442 2103 2775 2159 afﬁrmantes
2805 2101 3178 2156 intolerabilia
3207 2101 3322 2155 haec
3348 2114 3489 2164 esse,
3516 2115 3578 2155 ac
3599 2113 3669 2154 ne

2089 2196 2316 2251 auribus
2359 2195 2578 2266 quidem
2623 2193 2866 2251 ferenda.
2904 2192 3141 2248 Proinde
3186 2192 3508 2264 imperatori
3539 2207 3668 2264 per-

2088 2286 2344 2349 suadent,
2358 2285 2686 2342 utCaesareze
2698 2283 3017 2346 Palaestinae,
3037 2284 3129 2337 ubi
3147 2282 3405 2336 nimirum
3429 2281 3668 2336 Athana-

2088 2378 2172 2434 sio
2207 2377 2392 2433 infesti
2422 2386 2578 2432 erant
2600 2375 2842 2448 plurimi,
2877 2373 3146 2446 synodum
3179 2382 3358 2444 cogat,
3383 2373 3566 2444 ibique
3597 2369 3666 2428 de

2088 2466 2389 2522 Athanasio
2411 2465 2647 2536 iudicari
2670 2465 2876 2536 iubeat.
2905 2463 3116 2529 Quibus
3142 2463 3453 2534 obsequens
3476 2470 3666 2534 utpote

2087 2559 2472 2615 sacerdotibus
2502 2559 2804 2629 imperator
2847 2555 3218 2626 (fraudulenta
3263 2557 3406 2612 enim
3447 2555 3662 2610 illorum

2087 2649 2316 2706 consilia
2341 2665 2566 2722 prorsus
2598 2649 2928 2722 ignorabat),
2952 2651 3054 2705 hoc
3083 2649 3196 2705 fieri
3223 2647 3531 2718 imperavit.
3557 2646 3664 2701 Sed

2085 2741 2309 2796 divinus
2342 2741 2699 2805 Athanasius,
2749 2749 3093 2812 perspectam
3147 2738 3356 2796 habens
3414 2737 3662 2809 judicum

2087 2833 2547 2900 malevolentiam,
2583 2833 2649 2887 ad
2699 2834 2994 2888 concilium
3046 2847 3155 2888 non
3203 2831 3372 2887 venit.
3413 2829 3544 2885 Inde
3587 2829 3662 2884 illi

2089 2933 2302 2996 arrepta
2337 2925 2602 2980 validiore
2642 2939 2772 2980 ansa
2811 2923 3206 2990 calumniandi,
3251 2922 3505 2994 belloque
3531 2937 3662 2976 con-

404 3019 570 3072 φασιν
613 3008 695 3070 είς
730 3011 1100 3078 συκοφαντίαν
1126 3010 1407 3078 λαϐόντες,
1453 3016 1543 3068 καὶ
1572 3016 1664 3069 τὸν
1709 3019 1851 3072 κατὰ
1885 3019 1983 3090 τῆς

2090 3022 2172 3068 tra
2206 3014 2490 3069 veritatem
2522 3023 2798 3080 suscepto,
2838 3022 3033 3084 praeter
3057 3014 3163 3068 alia
3196 3013 3450 3076 crimina,
3477 3020 3663 3086 tyran-

403 3094 666 3165 ἀληθείας
715 3097 1106 3169 ἀναδεξάμενοι
1150 3102 1409 3174 πόλεμον,
1455 3105 1592 3177 πρὸς
1630 3111 1752 3170 ταῖς
1797 3108 1986 3174 ἄλλαις

403 3188 794 3256 παρανομίαις,
823 3190 1135 3260 τυραννίδος
1169 3193 1332 3247 αὐτὸν
1372 3193 1469 3248 καὶ
1513 3196 1852 3269 θρασύτητος
1893 3201 1986 3254 ἐπὶ

402 3275 498 3330 τοῦ
536 3277 799 3347 βασιλέως
830 3282 1158 3352 ἐγράψαντο.
1199 3286 1306 3338 Καὶ
1347 3287 1410 3340 ού
1439 3286 1676 3355 πάμπαν
1703 3291 1802 3360 τῆς
1835 3291 1986 3345 ἑλπί-

403 3366 493 3431 δος
517 3369 882 3442 ἐψεύσθησαν.
911 3375 1006 3428 Ἐκ
1026 3376 1134 3447 γάρ
1154 3376 1216 3448 δὴ
1243 3377 1351 3432 τῶν
1373 3380 1493 3450 είρη
1505 3379 1680 3450 μένων
1711 3379 1986 3452 θυμωθεὶς

405 3460 435 3512 ὸ
467 3461 769 3530 πραότατος
811 3464 1088 3534 βασιλεὺς,
1131 3469 1446 3524 ἐπέστειλεν
1487 3471 1655 3544 αὐτῷ,
1683 3472 1784 3544 τὴν
1814 3474 1984 3546 ὀργὴν

407 3549 741 3618 ὑποφαίνων,
785 3556 882 3608 καὶ
920 3557 1247 3614 καταλαὸεἴν
1285 3560 1385 3632 τὴν
1419 3562 1595 3634 Τύρον
1631 3566 1980 3635 παρεγγυῶν.

417 3641 627 3698 Ἐκείσε
659 3646 770 3718 γὰρ
813 3649 1148 3718 προσέταξεν
1199 3653 1558 3725 ἀθροισθῆναι
1596 3657 1694 3728 τὴν
1740 3657 1979 3728 σύνοδον,

404 3731 785 3800 ὑποπτεύσας,
819 3738 896 3802 ὡς
942 3735 1119 3811 οἶμαι,
1169 3741 1262 3796 τὸν
1301 3744 1624 3800 Ἀθανάσιον
1676 3747 1982 3819 ὑφορᾶσθαι

400 3827 500 3896 τὴν
535 3829 885 3901 Καισαρέων,
908 3831 998 3886 διὰ
1027 3833 1120 3888 τὸν
1145 3835 1360 3907 ἐκείνης
1387 3837 1715 3907 ἡγούμενον.
1734 3841 1982 3914 Ἔγραψε

401 3917 456 3970 δὲ
491 3919 584 3973 καὶ
613 3923 676 3993 τῇ
710 3925 916 3994 συνόδῳ
964 3924 1109 3998 ἀπερ
1144 3927 1314 3998 ἐχρῆν
1363 3929 1663 3984 ἐπιστεῖλαι
1692 3929 1784 3986 τὸν
1827 3934 1982 3987 εὐσε-

403 4009 527 4083 ϐείᾳ
559 4015 954 4088 κοσμούμενον.
982 4019 1137 4072 Ἐστι
1169 4020 1226 4072 δὲ
1259 4021 1455 4076 ταῦτα’

983 4109 1232 4164 ΚΕΦΑΛ.
1275 4111 1402 4166 KZ'.

414 4196 740 4266 Ἐπιστολὴ
767 4199 1079 4279 ,βασκᾷ-ᾄξας
1111 4203 1571 4279 ῌωηστᾳντινου
1592 4207 1745 4276 πρὸς
1772 4207 1888 4279 τὴν
1911 4209 1982 4265 ἐν

939 4269 1134 4339 Τύρφί
1157 4273 1444 4329 σύνοδον.

2090 3106 2232 3162 nidis
2271 3106 2422 3160 illum
2448 3113 2500 3160 et
2525 3105 2884 3160 contumaciae
2905 3103 3049 3175 apud
3081 3106 3466 3175 imperatorem
3497 3103 3665 3176 816

2086 3198 2430 3254 insimulant.
2467 3195 2652 3268 Neque
2691 3197 2922 3252 omnino
2963 3213 3088 3268 spes
3135 3211 3231 3253 eos
3266 3195 3527 3253 frustrata
3559 3204 3662 3251 est.

2085 3289 2220 3346 Nam
2262 3305 2452 3347 eorum
2497 3290 2682 3345 verbis
2735 3298 3044 3344 commotus
3098 3290 3414 3360 imperator,
3451 3289 3663 3344 litteras

2085 3385 2150 3437 ad
2187 3381 2338 3436 illum
2390 3381 2631 3451 scripsit,
2677 3381 2877 3450 quibus
2927 3389 2982 3436 et
3021 3381 3156 3434 iram
3207 3379 3469 3450 prodidit,
3508 3387 3563 3436 et
3604 3385 3670 3433 ut

2085 3473 2288 3546 Tyrum
2335 3475 2542 3545 peteret
2571 3472 2874 3528 mandavit.
2917 3471 2994 3528 lbi
3036 3472 3179 3528 enim
3225 3472 3495 3542 synodum
3539 3471 3662 3541 cogi

2086 3567 2364 3638 praaccpit,
2393 3565 2734 3637 coniectans,
2779 3574 2837 3621 ut
2864 3566 3082 3636 opinor,
3111 3564 3411 3620 Athanasio
3443 3571 3664 3636 propter

2083 3661 2204 3731 ejus
2231 3659 2535 3717 antistitem
2593 3667 2909 3731 suspectam
2940 3675 3063 3716 esse
3090 3658 3420 3714 Ctesaream.
3465 3658 3546 3713 Ad
3575 3674 3664 3729 sy-

2085 3755 2287 3809 nodum
2321 3763 2503 3809 autem
2533 3768 2596 3809 ea
2624 3752 2868 3823 scripsit,
2897 3767 3019 3823 quae
3053 3767 3083 3806 a
3129 3751 3249 3806 viro
3279 3751 3483 3823 pietate
3523 3749 3658 3805 insi-

2084 3841 2175 3915 gni
2215 3841 2382 3898 scribi
2421 3858 2521 3914 par
2547 3849 2686 3900 erat.
2723 3839 2864 3898 Sunt
2897 3849 3080 3898 autem
3113 3841 3425 3922 huiusmodi
3459 3859 3474 3899 :

2341 4115 2495 4172 CAP.
2531 4113 2746 4170 XXVII.
2791 4114 2828 4186 [⁸
2858 4113 2916 4169 Β.
2950 4113 3030 4168 St.
3057 4111 3160 4168 Cll.
3191 4112 3251 4166 V.
3284 4103 3424 4186 29.].

2083 4207 2422 4264 Constantini
2444 4205 2778 4277 imperatoris
2800 4204 2869 4258 ad
2890 4201 3149 4272 synodum
3178 4200 3394 4267 Tyriam
3416 4199 3659 4268 epistola.

475 4357 888 4424 Κωνσταντῖνος
920 4361 1192 4428 Σεϐαστὸς
1227 4367 1294 4436 τῇ
1334 4364 1468 4439 ἁγίᾳ
1497 4367 1700 4440 συνόδῳ
1729 4372 1797 4442 τῇ
1837 4371 1980 4426 κατὰ

2154 4362 2552 4421 Constantinus
2583 4363 2865 4433 Augustus
2891 4365 3098 4417 sanctae
3133 4357 3346 4430 synodo
3370 4356 3498 4430 Tyri
3525 4372 3660 4414 eon-

402 4447 598 4520 Τύρον.

471 4537 582 4594 Ἦν
613 4541 712 4612 μὲν
747 4541 876 4606 ἴσως
908 4545 1222 4614 ἀκόλουθον,
1256 4550 1352 4603 καὶ
1386 4552 1450 4621 τῇ
1499 4551 1608 4606 τῶν
1644 4553 1854 4624 καιρῶν
1889 4554 1981 4607 εὐ-

402 4634 595 4705 καιρία
627 4634 864 4704 μάλιστα
895 4637 1126 4708 πρέπον,
1159 4641 1526 4696 ἀστασίαστον
1560 4642 1822 4716 εἶναιτὴν
1855 4646 1986 4698 καθ·

401 4729 586 4797 ολικὴν
633 4730 982 4802 Ἐκκλησίαν,
1025 4732 1121 4785 καὶ
1176 4733 1354 4804 πάσης
1387 4734 1655 4807 λοιδορίας
1697 4737 1824 4800 τοὺς
1883 4735 1978 4790 τοῦ

404 4819 638 4888 Χριστοῦ
689 4820 783 4874 νῦν
844 4821 1192 4893 ἀπηλλάχθαι
1242 4823 1596 4895 θεράποντας.
1659 4827 1877 4898 Ἐπειδὴ
1920 4827 1976 4880 δὲ

403 4907 502 4975 οὐχ
532 4907 717 4975 ὑγιοῦς
745 4909 1078 4978 φιλονεικίας
1111 4911 1313 4983 οἴστρῳ
1339 4914 1484 4979 τινὲς
1515 4915 1882 4986 ἐλαυνόμενοι,
1912 4917 1974 4970 οὐ

401 4996 513 5067 γάρ
543 4996 609 5049 ἂν
630 5000 840 5069 εἴποιμι
873 4999 1114 5070 βιοῦντες
1151 5002 1365 5057 ἑαυτῶν
1409 5005 1664 5071 ἀναξίως,
1697 5007 1765 5061 τὰ
1784 5001 1976 5062 ’πάντα

403 5085 658 5156 συγχέειν
689 5088 1092 5159 ἐπιχειροῦσιν,
1139 5093 1276 5164 ὅπερ
1318 5094 1500 5167 πάσης
1547 5100 1836 5168 συμφορᾶς
1881 5100 1978 5152 ἐπ.

399 5178 586 5231 έκεινα
613 5179 989 5252 κεχωρηκέναι
1018 5200 1107 5254 μοι
1129 5184 1308 5239 δοκεῖ·
1335 5187 1528 5240 τούτου
1559 5188 1720 5260 χάριν
1756 5189 1976 5256 θέοντας

2083 4464 2308 4513 ιόειιιε.

2153 4547 2603 4604 Consentaneum
2632 4541 2853 4615 quidem
2871 4549 3009 4610 erat,
3039 4549 3460 4613 temporumque
3489 4541 3664 4600 felici-

2083 4639 2180 4694 tati
2213 4638 2446 4693 maxime
2465 4650 2800 4707 congruens,
2827 4633 3192 4690 seditionibus
3218 4647 3412 4689 carere
3433 4632 3663 4688 catholi-

2081 4746 2202 4786 cam
2239 4729 2566 4792 Ecclesiam,
2594 4733 2646 4783 et
2673 4725 2742 4781 ab
2772 4725 2924 4781 omni
2947 4725 3198 4781 convicio
3227 4725 3427 4781 liberos
3455 4723 3661 4780 Christi

2083 4820 2316 4876 famulos
2339 4835 2486 4876 nunc
2513 4834 2654 4876 esse.
2678 4817 2784 4873 Sed
2806 4818 3068 4890 quoniam
3105 4817 3312 4874 insanae
3350 4815 3662 4872 contentio-

2081 4914 2170 4970 nis
2205 4911 2389 4968 furore
2419 4913 2613 4982 perciti
2661 4911 2888 4982 quidam
2942 4910 3076 4983 (non
3105 4909 3232 4965 dico
3293 4908 3573 4980 indignant
3603 4921 3663 4964 se

2081 5006 2250 5061 vitam
2303 5002 2589 5075 ducentes)
2645 5004 2878 5058 miscere
2911 5017 2974 5058 ac
3007 5003 3230 5057 turbare
3257 5002 3439 5056 omnia
3471 5000 3660 5054 nitun-

2082 5108 2188 5160 tur.
2222 5097 2368 5166 quod
2395 5111 2612 5151 omnem
2651 5094 2784 5148 mihi
2815 5094 3030 5149 videtur
3079 5090 3409 5148 calamitatis
3437 5089 3659 5146 modum

2082 5189 2346 5244 excedere
2389 5207 2402 5242 :
2445 5188 2546 5242 hac
2598 5185 2665 5239 de
2704 5198 2871 5239 causa
2921 5198 3016 5239 vos
3059 5190 3274 5254 sponte,
3303 5181 3446 5252 quod
3481 5180 3657 5245 aiunt,

1741 5361 1983 5422 ιἈιιιΑῖ
2017 5365 2423 5422 LECTIONES.

486 5524 535 5557 ’δ
564 5524 740 5598 ταύτῃ
755 5525 1024 5598 omissum
1052 5527 1104 5598 in
1133 5524 1505 5598 BasiLDrrec.
1581 5524 1934 5598 "hyé‘tspov.
1965 5523 2353 5598 Αιιιιιιιιιεὶιιιξ.⁵
2395 5522 2442 5554 ⁸⁸
2473 5521 2548 5598 Ita
2576 5522 2741 5598 Basil.
2779 5522 2978 5598 Graeth
3017 5525 3281 5598 Stcplian.
3320 5533 3384 5598 et
3416 5523 3660 5598 Athana-

396 5597 532 5666 sius.
569 5592 843 5666 Sirrn'ondi
872 5604 1056 5666 textus
1087 5595 1319 5666 habebat
1349 5597 1475 5657 τοὺς
1507 5598 1604 5665 τῆς
1629 5592 1725 5665 ομ.
1755 5592 1846 5664 ομ.
1871 5595 1967 5666 τῂν
2001 5593 2179 5666 χάριν.
2255 5592 2676 5666 ν’ᾏάγαπήσατε.
2703 5593 3016 5666 Βωμϐιξ,
3049 5592 3261 5666 Steph.
3314 5595 3360 5628 "
3395 5595 3474 5666 τῷ
3502 5594 3661 5650 abest

393 5683 421 5718 a
452 5665 616 5721 liasil.
645 5663 819 5718 ϐιαιο.
897 5667 942 5705 ’³
971 5665 1210 5731 Θεόγνις.
1253 5663 1591 5735 ChristophJ,
1629 5663 1852 5735 suum"
1883 5663 2117 5721 Casaub.
2162 5665 2177 5695 ¹
2219 5666 2275 5718 ὲν
2303 5663 2468 5732 Τύρῳ
2497 5667 2653 5719 abest
2686 5679 2716 5717 ιι
2751 5663 2914 5720 Basil.
2952 5665 3124 5723 Grato.
3145 5663 3206 5722 Et
3239 5663 3498 5738 Stepliaii.
