4084 6196
409 265 516 328 983

1385 271 1872 336 THEODORETI
1897 275 2236 339 EPISCOPI
2268 275 2634 338 CYRENSIS

3565 278 3676 345 984

410 382 702 432 currentes
737 374 947 440 hortor,
993 385 1052 433 ut
1095 377 1310 450 abiecta
1341 383 1490 439 omni
1531 387 1884 445 cunctatione
1933 389 1988 445 in

2101 391 2260 461 ὑμᾶς,
2292 389 2354 444 τὸ
2378 383 2474 444 τού
2497 390 2680 458 λόγου,
2708 389 3110 462 προτράπομαι,
3131 391 3306 464 χωρίς
3333 409 3482 458 τινος
3511 395 3678 468 ὑπερ-

414 481 583 521 unum
637 467 1002 533 conveniatis,
1048 471 1428 543 synodumque
1460 475 1771 542 celebretis,
1799 478 1870 535 iis
1899 480 1992 550 qui

412 558 619 612 auxilio
652 558 896 630 indigent
920 561 1289 631 opitulemini,
1327 563 1708 623 laborantibus
1727 567 1995 630 fratribus

411 647 774 713 subveniatis,
802 651 1070 710 distracta
1103 656 1348 712 membra
1398 659 1467 713 ad
1522 663 1877 720 concordiam
1910 680 1996 722 re-

412 738 644 805 vocetis,
675 751 857 798 errata
901 743 1030 800 dum
1084 753 1299 817 tempus
1352 751 1558 818 patitur
1592 754 1904 824 corrigatis,
1936 764 1996 811 ut

413 838 494 886 tot
547 833 824 905 tantisque
877 838 1179 907 provinciis
1239 851 1635 914 congruentem
1687 849 1994 904 animorum

413 924 837 981 consensionem
867 926 1131 992 reddatis,
1178 945 1340 999 quam
1375 947 1699 1002 paucorum,
1735 938 1870 1007 prob
1895 954 1994 996 ne-

415 1013 501 1072 fas
527 1017 539 1070 l
578 1016 861 1074 hominum
886 1009 1140 1091 superbia
1170 1023 1481 1096 dissipavit.
1509 1026 1623 1085 Hoc
1647 1041 1831 1087 autem
1863 1034 1996 1104 quin

415 1113 470 1159 et
528 1104 640 1162 Deo
704 1109 870 1180 817
926 1114 1309 1170 universorum
1367 1115 1598 1174 Domino
1650 1131 1887 1191 gratum,
1942 1133 1998 1180 et

416 1198 574 1255 nobis
599 1200 757 1271 longe
779 1204 1214 1274 Optatissimum,
1251 1214 1305 1262 et
1341 1209 1498 1266 vobis
1543 1210 1702 1282 ipsis,
1729 1215 1775 1268 si
1808 1228 1995 1284 pacem

417 1291 796 1356 restitueritis.
821 1310 928 1351 non
952 1297 1162 1368 vulgari
1195 1298 1385 1369 gloria:
1410 1301 1607 1357 merito
1633 1302 1880 1359 futurum
1905 1306 1994 1370 sit,

418 1382 693 1439 neminem
716 1393 847 1456 puto
863 1400 989 1444 esse
1015 1389 1328 1444 mortalium
1355 1391 1447 1460 qui
1467 1393 1745 1450 reclamet.
1761 1394 1996 1452 Proinde

419 1488 488 1529 ne
549 1475 786 1546 amplius
847 1481 1182 1536 cunctemini
1238 1501 1251 1536 :
1295 1483 1390 1539 sed
1444 1484 1655 1540 intento
1687 1487 1799 1558 jam
1850 1505 1998 1546 nunc

417 1566 603 1624 studio
651 1567 777 1626 date
821 1585 1065 1643 operam,
1110 1582 1169 1628 ut
1230 1591 1352 1645 qna:
1412 1577 1620 1634 instant
1677 1582 1998 1651 congruenti

416 1660 570 1716 exitu
622 1663 951 1730 terminctis,
1004 1682 1128 1722 cum
1188 1668 1337 1723 omni
1413 1671 1730 1729 sinceritate
1779 1690 1843 1729 ac
1897 1675 1999 1732 ihle

418 1758 702 1816 coeuntes,
733 1768 896 1824 quam
931 1756 1133 1826 passim
1184 1755 1446 1812 Scrvator
1497 1760 1607 1825 ille,
1660 1778 1822 1832 quem
1863 1765 2000 1818 coli-

420 1857 562 1908 mus,
594 1851 806 1900 tantum
855 1862 966 1902 non
1007 1847 1153 1904 edita
1204 1863 1340 1906 voce
1378 1866 1409 1905 a
1444 1853 1606 1909 nobis
1654 1855 1999 1924 potissimum

417 1933 703 2005 efﬂagitat.
724 1937 806 1992 Ad
829 1953 913 1994 me
935 1953 1087 2002 vero.
1115 1939 1627 2014 providentiamque
1652 1960 1827 2000 meam
1851 1947 1999 2018 quod

422 2025 644 2092 attinet,
679 2027 819 2083 nihil
846 2027 1278 2086 desiderabitur.
1312 2031 1444 2098 Quae
1470 2049 1567 2105 per
1601 2035 1811 2090 litteras
1830 2037 2002 2107 signi-

424 2112 654 2182 ﬁcaslis,
695 2117 879 2172 omnia
930 2119 1163 2190 explevi.
1207 2119 1418 2192 Scripsi
1472 2126 1749 2197 episcopis
1801 2128 2001 2198 quibus

421 2205 697 2274 voluistis,
719 2218 779 2266 ut
803 2209 1009 2274 adsint,
1035 2219 1089 2267 et
1118 2213 1172 2268 in
1197 2222 1407 2283 partem
1435 2231 1692 2272 curarum
1719 2219 2000 2274 vobiscum

421 2299 667 2356 veniant.
699 2299 821 2358 Misi
859 2303 1022 2358 etiam
1066 2303 1383 2377 Dionysium
1435 2309 1879 2378 esconsularem,
1908 2313 2001 2383 qni

422 2399 478 2446 et
535 2391 824 2462 episcopos
875 2409 1018 2464 quos
1090 2396 1157 2449 ad
1213 2396 1482 2467 synodum
1540 2401 1731 2456 venire
1787 2413 2004 2473 oportet

423 2479 898 2547 commonefaciat,
953 2491 1010 2540 et
1056 2500 1249 2541 eorum
1299 2503 1421 2558 quae
1468 2500 1753 2561 gerentur,
1813 2495 2003 2566 impri-

424 2567 639 2639 misque
691 2573 826 2627 recti
880 2573 1091 2629 ordinis
1141 2574 1457 2632 moderator
1509 2580 1754 2636 assistat.
1789 2582 1846 2637 Si
1877 2584 2004 2656 quis

423 2657 592 2724 ettim,
629 2658 776 2729 quod
833 2660 1059 2717 minimc
1104 2663 1378 2734 suspicor,
1409 2665 1717 2735 iussionem
1755 2679 2002 2728 nostram

421 2748 588 2805 etiam
647 2766 794 2808 nunc
853 2753 1080 2824 rejicere
1133 2757 1384 2825 studens,
1420 2759 1615 2818 adesse
1647 2764 1664 2784 ‘
1712 2765 2001 2834 recusarit,

425 2840 555 2896 hinc
594 2855 626 2896 a
661 2843 820 2901 nobis
851 2845 1120 2914 mittetur,
1148 2848 1241 2919 qui
1266 2845 1336 2906 de
1355 2865 1458 2906 suo
1477 2851 1632 2908 illum
1655 2854 1826 2924 gradu
1850 2871 2004 2912 man-

423 2932 553 2985 dato
583 2940 775 2990 nostro
803 2933 1045 3002 dejiciat,
1069 2935 1373 3009 doceatque
1397 2939 1744 3010 imperatoris
1765 2942 2004 3003 decretis

2097 482 2298 548 θέσεως
2350 486 2430 546 είς
2479 482 2648 537 ταύτὸ
2690 481 3041 552 συνδραμεῖν,
3088 483 3186 536 καὶ
3237 483 3530 557 πληρῶσαι
3575 487 3681 556 τὴν

2097 571 2338 637 σύνοδον,
2372 569 2654 642 ἐπαμῦναι
2687 573 2805 634 τοῖς
2838 569 3135 642 χρῄζουσιν
3175 574 3522 647 ἐπικουρίας,
3551 580 3684 641 τούς

2095 661 2360 732 ἀδελφοὺς
2415 660 2702 732 ἰατρεῦσαι
2755 660 3169 727 κινδυνεύοντας
3209 666 3252 729 ³,
3291 665 3372 728 είς
3427 667 3686 736 ὁμόνοιαν

2096 754 2468 822 ἐπαναγαγεῖν
2499 750 2611 825 [62]
2647 752 2718 808 τά
2760 751 3028 808 διεστῶτα
3065 753 3178 808 τῶν
3219 754 3418 825 μελῶν,
3453 756 3683 830 διορθώ-

2099 845 2297 900 σασθαι
2334 846 2406 901 τὰ
2436 845 2911 918 πλημμελούμενα
2943 847 3020 910 ὡς
3052 848 3073 880 ⁸
3111 849 3307 919 καιρὸς
3358 849 3680 921 ἐπιτρέπειο

2099 938 2187 992 ῐνα
2218 941 2341 1003 ταῖς
2389 937 2682 1001 τοσαύταις
2715 939 3010 1010 ἐπαρχίαις
3040 939 3140 1010 τὴν
3183 940 3504 1011 πρέπουσαν
3547 944 3684 997 ἀπο-

2097 1028 2233 1084 δῶτε
2277 1030 2618 1102 συμφωνίαν,
2641 1030 2731 1101 ἢν,
2777 1029 2881 1099 φεῦ
2928 1029 3029 1100 τῆς
3071 1031 3344 1095 άτοπίαςί
3380 1033 3684 1102 ἐλαχίστων

2099 1120 2406 1193 ἀνθρώπων
2461 1120 2747 1176 ἀπώλεσεν
2799 1121 3090 1194 ὑπεροψία.
3117 1123 3244 1177 Ὅτι
3285 1122 3342 1177 δέ
3387 1123 3556 1178 τοῦτο
3589 1126 3685 1178 καὶ

2098 1210 2177 1280 τῷ
2199 1210 2445 1284 Δεσπότῃ
2475 1210 2587 1266 τῶν
2620 1212 2758 1266 ὅλων
2787 1211 2908 1283 Θεῷ
2941 1213 3097 1265 ἐστιν
3129 1213 3381 1284 ἄριστον,
3425 1214 3520 1268 καὶ
3551 1216 3686 1286 ἡμῖν

2100 1303 2282 1373 πάσης
2329 1302 2496 1374 εὐχῆς
2527 1303 2849 1374 ὑπέρτερον,
2898 1304 2992 1357 καὶ
3026 1303 3156 1375 ύμῖν
3206 1305 3394 1369 αὐτοῖς
3421 1345 3436 1369 ,
3485 1305 3580 1359 ἐάν
3619 1323 3686 1376 γε

2098 1395 2200 1464 τὴν
2248 1396 2476 1467 εἰρήνην
2525 1394 2942 1464 άνακαλέσησθε
2967 1398 3009 1458 ⁸,
3049 1395 3112 1448 οὐ
3159 1395 3262 1466 τῆς
3302 1413 3368 1462 γε
3411 1397 3688 1468 τυχούσης

2101 1486 2252 1553 ἄξιον
2305 1486 2582 1552 εὐδοξίας,
2632 1487 2882 1551 ἃπαντας
2920 1485 3243 1557 ἀνθρώπους
3301 1489 3686 1560 συνομολογεῖν

2101 1578 2362 1650 ἡγοῦμαι.
2381 1580 2472 1650 Μὴ
2499 1578 2679 1634 τοίνυν
2706 1577 2927 1649 μέλλετε
2953 1577 3161 1642 λοιπὸν,
3180 1578 3295 1632 ἀλλ’
3317 1580 3688 1644 ἐπιτείναντες

2103 1671 2352 1724 ἐντεῦθεν
2382 1670 2482 1741 ἤδη
2521 1669 2592 1723 τά
2624 1669 2726 1740 τῆς
2775 1668 3106 1741 προθυμίας,
3146 1669 3260 1732 τοῖς
3298 1669 3688 1741 προκειμένοις

2103 1762 2228 1832 δρον
2258 1761 2525 1816 ἐπιθεῖναι
2562 1761 2903 1815 σπουδάσατε
2954 1760 3048 1814 τὸν
3089 1761 3436 1831 προσήκοντα
3458 1802 3472 1826 ,
3527 1763 3672 1832 μετὰ

2103 1853 2285 1923 πάσης
2329 1852 2678 1924 εἱλικρινείας
2702 1854 2723 1886 ⁸
2755 1851 2954 1923 δηλαδὴ
3002 1851 3096 1905 καὶ
3134 1851 3373 1916 πίστεως
3406 1852 3689 1907 συνελθόν-

2102 1960 2213 2008 τες,
2243 1945 2310 2014 ἢν
2343 1942 2649 2013 ἑκασταχοῦ
2687 1942 2970 2013 μονονουχὶ
3003 1943 3192 2012 φωνὴν
3219 1944 3406 2013 ἀφιεὶς
3429 1944 3458 1998 ό
3489 1946 3684 2017 Σωτὴρ

2103 2035 2330 2098 ἐκεῖνος,
2357 2027 2402 2102 ᾧ
2431 2033 2792 2104 λατρεύομεν,
2819 2036 3045 2088 ἀπαιτεῖ
3069 2033 3324 2103 μάλιστα.
3357 2036 3496 2106 Παρ*
3525 2036 3686 2107 ἡμῶν

2102 2122 2160 2190 δέ
2192 2122 2345 2176 οὐδὲν
2389 2120 2499 2176 τῶν
2537 2123 2617 2186 είς
2662 2121 2763 2192 τὴν
2798 2121 2938 2192 ἐμὴν
2986 2120 3276 2176 εὐλάδειαν
3320 2121 3566 2191 ἡκόντων
3597 2123 3687 2175 ἐν-

2101 2211 2305 2283 δεήσει.
2340 2211 2528 2266 Πάντα
2559 2228 2649 2281 μοι
2681 2209 3001 2281 πέπρακται
3029 2209 3130 2263 ὅσα
3158 2211 3464 2280 γράφοντες
3488 2210 3689 2281 ἐδηλώ-

2105 2320 2257 2358 σατε.
2311 2302 2672 2358 Ἐπέστειλαο
2712 2303 2851 2374 πρὸς
2899 2300 2993 2366 οὓς
3043 2300 3372 2372 ἐὼυλήθητε
3417 2302 3526 2356 τῶν
3568 2304 3688 2356 ἐπιο

2105 2396 2344 2460 σκόπων,
2377 2395 2464 2449 ῐνα
2493 2394 2928 2468 παραγενόμενοι
2975 2393 3380 2464 κοινωνήσωσιν
3419 2393 3548 2463 ὑμῖν
3572 2393 3689 2447 τῶν

2104 2488 2543 2559 φροντισμάτων.
2572 2484 2897 2539 Ἀπέστειλα
2933 2484 3211 2538 Διονύσιον
3237 2484 3329 2537 τὸν
3358 2485 3469 2540 άπὸ
3498 2485 3687 2538 ὐπατε-

2105 2578 2238 2642 κῶν,
2273 2577 2333 2641 ὃς
2361 2577 2455 2630 καὶ
2482 2577 2608 2639 τοὺς
2647 2575 2962 2643 ὀφείλοντας
2995 2574 3076 2637 είς
3100 2573 3200 2645 τὴν
3251 2572 3468 2628 σύνοδον
3499 2572 3689 2642 ἀφικόρ

2106 2669 2230 2723 σθαι
2277 2667 2395 2740 μεθ’
2424 2667 2580 2738 ὐμῶν
2611 2666 2944 2736 ὑπομνήσει,
2978 2665 3074 2718 καὶ
3119 2663 3230 2718 τῶν
3265 2664 3681 2737 πραττομένων,

2105 2760 2400 2833 ἐξαιρέτως
2445 2758 2504 2814 δὲ
2544 2759 2643 2828 τῆς
2692 2757 2946 2821 εὐταξίας
2994 2755 3348 2820 κατάσκοπος
3387 2755 3682 2827 παρέσται.

2118 2850 2243 2904 Ἐάν
2280 2850 2391 2922 γάρ
2425 2867 2529 2914 τις,
2577 2849 2653 2912 ὡς
2699 2848 2877 2917 ἔγωγε
2915 2846 3016 2901 οὐκ
3065 2843 3242 2918 οἶμαι,
3273 2846 3375 2918 τὴν
3408 2847 3686 2918 ἡμετέραν

2105 2940 2354 2995 κέλευσιν
2402 2939 2497 2993 καὶ
2554 2938 2650 2992 νῦν
2694 2935 3124 3010 διακρούσασθαι
3181 2935 3556 3008 πειρώμενος,
3607 2934 3686 3008 μὴ

425 3034 524 3088 pro
553 3021 781 3079 veritate
804 3023 970 3082 editis
1003 3027 1260 3083 reluctari
1300 3029 1456 3087 nefas
1493 3046 1639 3089 esse.
1677 3033 2000 3096 Sanctitatis

2107 3031 2342 3104 βουληθῇ
2381 3029 2811 3103 παραγενέσθαι,
2845 3027 3097 3082 ἐντεῦθεν
3142 3030 3274 3100 παρ’
3310 3028 3464 3100 ἡμῶν
3497 3029 3517 3060 ⁷
3555 3029 3687 3082 ἀπο-

423 3119 622 3167 νεειται
653 3113 719 3169 de
753 3123 954 3171 caetero
989 3126 1170 3188 partes
1209 3128 1394 3184 erunt,
1451 3129 1512 3178 ut
1560 3125 1823 3181 concordi
1862 3126 2005 3198 judi-

424 3203 533 3270 cio,
556 3204 701 3276 quod
751 3221 850 3262 nec
885 3207 1013 3264 odio
1058 3211 1284 3284 serviat,
1319 3229 1420 3271 nec
1449 3216 1659 3286 gratiae,
1689 3218 1784 3284 sed
1827 3219 2005 3277 eccle-

423 3294 704 3352 siasticam
738 3297 906 3370 818
934 3308 989 3356 et
1022 3302 1379 3372 apostolicam
1413 3307 1660 3377 regulam
1715 3318 2002 3380 sequatur,

423 3390 696 3462 quidquid
723 3403 1006 3464 peccatum
1029 3403 1134 3463 est,
1166 3405 1260 3454 aut
1292 3415 1386 3470 per
1401 3415 1648 3458 errorem
1677 3402 2002 3473 admissum,

424 3496 734 3555 congruens
774 3486 1075 3543 remedium
1123 3489 1448 3561 esquiratis.
1495 3490 1568 3546 Ut
1609 3501 1664 3548 et
1699 3493 2001 3553 Ecclesiam

423 3574 572 3631 omni
607 3574 956 3647 blasphemia
987 3579 1253 3645 liberetis,
1282 3589 1336 3636 et
1366 3581 1791 3639 sollicitudinem
1827 3601 2004 3642 meam

423 3665 704 3733 relevetis,
747 3667 1010 3740 pacisque
1061 3670 1386 3728 beneﬁcium
1423 3673 1494 3728 iis
1539 3673 1632 3744 qui
1666 3689 1811 3730 nunc
1837 3675 2005 3734 dissi-

424 3755 557 3814 dent
603 3759 979 3825 restituentes,
1026 3761 1261 3829 gloriam
1311 3764 1469 3821 vobis
1519 3763 1655 3836 ipsis
1707 3766 2000 3822 maximam

424 3853 780 3922 romparetis.
801 3851 944 3910 Deus
966 3868 1064 3910 vos
1084 3865 1392 3920 conservet,
1415 3856 1610 3913 fratres
1634 3858 1999 3916 dilectissimi.

425 3938 632 4014 Tyrum
667 3941 834 4012 igitur
892 3943 997 3999 hoc
1047 3945 1212 4001 modo
1264 3946 1668 4005 conﬂuentibus
1701 3950 2002 4022 episcopis,

424 4039 694 4086 venerunt
722 4031 886 4087 etiam
937 4034 1186 4089 nonnulli
1229 4051 1408 4107 pravae
1453 4037 1720 4094 doctrinae
1773 4039 2005 4098 insimu-

426 4121 540 4188 lati,
566 4138 800 4194 quorum
839 4137 870 4179 e
902 4140 1136 4182 numero
1161 4124 1264 4182 fuit
1305 4128 1566 4198 Asclepas
1609 4129 1860 4188 Gazrcus.
1894 4129 2002 4190 Ve-

424 4214 506 4270 nit
531 4223 585 4272 et
619 4216 980 4275 admirandus
1016 4220 1370 4278 Athanasius.
1406 4222 1563 4280 Libet
1607 4233 1790 4281 autem
1833 4239 2001 4280 accu-

423 4308 657 4366 sationis
686 4310 841 4381 prius
863 4327 1138 4383 exponere
1163 4313 1488 4384 tragmdiam
1517 4333 1530 4371 :
1563 4321 1679 4372 tum
1706 4331 1772 4372 ca
1805 4315 2003 4372 deinde

424 4415 545 4469 quae
577 4400 632 4455 in
657 4400 878 4458 famoso
896 4402 1107 4473 judicio
1133 4405 1508 4476 contigerunt.

2108 3126 2458 3196 σταλήσεται,
2500 3125 2559 3189 δς
2599 3125 2664 3178 ἐκ
2712 3122 2994 3194 βασιλικοῦ
3049 3123 3474 3194 προστάγματος
3519 3121 3684 3176 αὐτὸν

2106 3215 2373 3284 ἐκϐαλὼν,
2413 3217 2489 3282 ὡς
2511 3216 2572 3270 οὐ
2604 3216 2883 3288 προσῆκεν
2926 3214 3074 3286 ὅροις
3100 3213 3503 3284 αὐτοκράτορος
3541 3212 3683 3283 ὺπέρ

2105 3309 2205 3381 τῆς
2230 3310 2251 3342 ⁸
2282 3307 2542 3379 ἀληθείας
2575 3306 2937 3377 ἐξενεχθεῖσιν
2971 3304 3290 3360 ἀντιτείνειν
3318 3304 3540 3368 διδάξει.
3567 3304 3686 3358 Aet-

2107 3399 2208 3454 πδν
2235 3397 2389 3451 ἐσται
2407 3397 2508 3467 τῆς
2527 3394 2802 3467 ὑμετέρας
2824 3394 3104 3466 ὁσιότητος
3133 3394 3313 3464 ἔργον,
3342 3391 3685 3463 ὁμογνώμονι

2105 3489 2308 3561 κρίσει,
2336 3489 2474 3560 μήτε
2503 3487 2642 3558 πρὸς
2665 3486 2982 3557 ἀπέχθειαν,
3017 3488 3155 3558 μήτε
3187 3484 3324 3557 πρὸς
3352 3485 3535 3556 χάριν,
3563 3485 3684 3538 ἀκο-

2105 3579 2310 3644 λούθως
2334 3597 2395 3634 τε
2425 3577 2503 3649 τῷ
2536 3577 2976 3649 ἐκκλησιαστικῷ
2996 3578 3090 3632 καὶ
3110 3576 3453 3648 ἀποστολικῷ
3476 3576 3679 3640 κανόνι,

2104 3673 2220 3737 τοῖς
2259 3669 2755 3744 πλημμεληθεῖσιν,
2787 3670 2886 3723 εἴτ’
2917 3665 3011 3724 οὖν
3041 3669 3186 3724 κατὰ
3216 3669 3443 3740 σφάλμα
3473 3663 3684 3739 συμϐε-

2105 3763 2320 3835 δηκόσι,
2355 3762 2452 3834 τὴν
2487 3761 2864 3834 ἁρμόττουσαν
2889 3759 3189 3831 θεραπείαν
3218 3759 3524 3829 ἐπινοῆσαι.
3564 3759 3683 3813 ’Ίνα

2106 3857 2200 3912 καὶ
2249 3856 2429 3927 πάσης
2461 3854 2811 3927 βλασφημίας
2853 3852 3256 3925 ἐλευθερώσητε
3301 3853 3403 3924 τὴν
3461 3851 3685 3922 Ἐκκλη·

2108 3947 2253 4014 σίαν,
2303 3947 2398 4002 καὶ
2431 3947 2529 4011 τὰς
2576 3945 2716 4018 ἐμὰς
2749 3947 2769 3978 ⁸
2803 3945 3199 4016 ἐπικουφισητε
3231 3943 3537 4015 φροντίδας,
3586 3943 3686 3998 καὶ

2103 4040 2203 4112 τὴν
2224 4040 2324 4111 τῆς
2349 4042 2570 4112 εἰρήνης
2594 4039 2755 4111 χάριν
2792 4041 2906 4102 τοῖς
2944 4037 3040 4092 νῦν
3074 4035 3521 4106 στασιαξομένοις
3546 4035 3684 4088 ἀπιο-

2103 4132 2304 4197 δόντες,
2343 4132 2607 4204 μεγίστην
2641 4130 2890 4185 εὔκλειαν
2921 4131 3051 4200 ὑμῖν
3077 4129 3261 4193 αὐτοῖς
3287 4129 3679 4200 προξενήσητε.

2117 4222 2175 4278 ’0
2206 4223 2338 4289 Θεὸς
2376 4225 2521 4294 ὑμᾶς
2546 4221 2921 4292 διαφυλάττοι,
2948 4220 3170 4291 ἀδελφοὶ
3198 4219 3494 4290 ἀγαπητοί.
3523 4218 3684 4273 Οὕτω

2104 4314 2182 4385 δίγ
2203 4314 2312 4370 τῶν
2347 4313 2664 4368 ἐπισκόπων
2687 4315 2766 4378 είς
2797 4311 2898 4384 τὴν
2919 4311 3096 4382 Τύρον
3125 4310 3590 4364 συναυλισθὲντων
3614 4309 3682 4372 ¹⁶,

2033 4397 2078 4453 Ι)
2105 4405 2364 4475 ἀφίκοντο
2395 4406 2494 4475 μὲν
2521 4405 2615 4459 καὶ
2645 4403 2798 4457 άλλοι
2819 4402 2963 4466 τινες
2992 4402 3284 4474 δογμάτων
3307 4400 3608 4472 διαφθοράν
3640 4401 3681 4432 ¹¹

423 4494 838 4567 ἐγκαλούμενοι,
869 4490 945 4552 ὧν
992 4494 1074 4562 εἷς
1115 4493 1184 4568 ἦν
1217 4500 1312 4553 καὶ
1345 4499 1662 4572 Ἀσκληπᾶς
1687 4502 1716 4555 ό
1745 4501 1996 4567 Γαζαῖος.
2039 4500 2295 4571 ’Δφίκετο
2318 4500 2374 4553 δὲ
2407 4501 2502 4554 καὶ
2527 4499 2846 4562 Ἀθανάσιος
2895 4501 2924 4553 ό
2967 4498 3269 4569 θαυμάσιος
3306 4499 3370 4552 ¹².
3416 4496 3686 4566 Βούλομαι

421 4586 482 4642 δέ
515 4587 734 4660 πρῶτον
783 4589 884 4660 τὴν
930 4588 1033 4659 τῆς
1081 4590 1418 4661 κατηγορίας
1467 4590 1834 4662 διηγήσασθαι
1872 4593 2202 4666 τραγῳδίαν,
2234 4588 2334 4646 εἷθ’
2372 4591 2548 4657 οὕτως
2575 4590 3004 4664 συγγράψασθαι
3055 4589 3099 4622 ’⁸
3158 4590 3226 4644 τά
3275 4589 3416 4643 κατὰ
3485 4588 3544 4642 τὸ
3593 4605 3687 4640 που

422 4677 787 4750 λυθρύλλητον
808 4679 1175 4752 δικαστήριον.

681 4769 834 4826 CAP.
875 4770 1114 4829 XXVIII.
1151 4773 1233 4834 [Β.
1278 4772 1360 4828 St.
1393 4773 1494 4828 Ch.
1525 4774 1588 4828 V.
1621 4774 1738 4847 δα]

812 4862 889 4918 De
916 4864 1141 4918 consilio
1174 4864 1303 4935 Tyri
1333 4864 1613 4920 celebrato.

363 4970 382 5030 μ
493 4954 769 5014 Arsenius
800 4955 1023 5028 quidam
1067 4964 1209 5022 erat,
1254 4955 1550 5014 Meletiana’:
1597 4958 2002 5013 communionis

2596 4769 2712 4842 [63]
2755 4771 3029 4824 ΚΕΦΑΛ..
3049 4771 3183 4823 κη’.

2239 4865 2375 4933 Περὶ
2405 4863 2518 4932 τῆς
2537 4864 2606 4918 ἐν
2640 4864 2802 4931 Τύρῳ
2831 4861 3231 4934 γεγενημένης
3257 4858 3546 4914 συνόδουέ

2191 4956 2465 5028 Ἀρσένιός
2491 4973 2576 5020 τις
2601 4956 2710 5011 τῶν
2733 4955 2995 5010 Μελετίου
3026 4954 3358 5009 κοινωνικῶν
3385 4953 3684 5017 ἐπίσκοπος

1737 5046 1969 5103 ἾΑΚΙΑΕ
2011 5043 2407 5103 LECTIONES.

497 5144 518 5176 ³
549 5141 1022 5206 κινδυνεύσαντας.
1056 5140 1220 5197 Busil.
1249 5140 1345 5194 Gr.
1374 5147 1430 5196 et
1451 5139 1568 5196 Lat.
1651 5141 1672 5172 ³
1697 5139 1821 5205 ἕως.
1851 5140 2169 5210 Christoph.
2199 5149 2254 5194 et
2283 5139 2488 5196 Euseb.
2527 5139 2620 5210 qui
2647 5139 2788 5194 hanc
2811 5138 2974 5210 epist.
3014 5139 3179 5194 habet
3202 5137 3303 5210 De_
3332 5138 3440 5192 vita
3489 5138 3681 5210 Co_nst.

424 5210 651 5292 lV,_42._
709 5211 1158 5292 ξ.ἐπικαλέσηξ-θε
1205 5211 1472 5292 b‘tephan:
1548 5211 1910 5292 [προθυμίας
1969 5211 2287 5292 .Ch‘ristoph.

2398 5211 2419 5242 '
2451 5211 2523 5264 Ita
2548 5207 2962 5264 rescribendum
3003 5225 3033 5264 e
3066 5209 3231 5264 Basil.
3264 5207 3438 5261 Gneo.
3472 5217 3526 5262 et
3557 5208 3679 5264 Lat.

425 5279 939 5361 probante-Valesio
973 5277 1414 5361 ad;Et|s_ebii'cit_.
1452 5281 1553 5337 loc.
1588 5277 1917 5361 Sirnlojidns
1957 5277 2552 5361 άπέστειλαυιιοὺοὺξιι,
2586 5280 2728 5349 quod
2747 5280 2954 5361 estuin
2987 5279 3186 5361 Steph.
3318 5277 3390 5361 Ita
3413 5279 3679 5361 rescripsi

424 5347 548 5422 eum
584 5351 896 5422 Christoph,
934 5361 1006 5422 et,
1043 5351 1344 5422 Scaligero,
1399 5351 1636 5422 itemque
1690 5349 2194 5422 Valesiifditione.
2239 5347 2915 5422 Sirmpndnscnm‘Basil.
2951 5356 3005 5422 et
3038 5347 3227 5422 Steph.
3272 5348 3679 5422 Itahehatﬁpiv.

425 5420 446 5450 "
467 5421 611 5501 ⁸περὶ
638 5422 736 5501 τῇς
762 5418 922 5501 sine.
959 5418 1284 5501 ἐξενεχθεῖσι
1314 5422 1387 5492 μὴ
1401 5418 1751 5501 ’άντιτείνειψ
1796 5420 2268 5501 ΙιοΑΒοεί[.ιϐι·ωο.
2287 5428 2356 5501 -ςι
2385 5418 2521 5501 Lat;
2541 5419 2728 5501 Quoad
2779 5419 2918 5501 illud
2946 5418 3020 5501 μῂ
3042 5421 3215 5501 ἀντιτ.
3246 5432 3376 5501 εοηὲ

1147 5440 1284 5476 υεισι
1417 5440 1751 5476 αντιτεινειν.
1796 5440 1870 5475 lla
1905 5440 2070 5478 113811.
2092 5440 2268 5476 uram.
2305 5440 2356 5473 el
2385 5440 2504 5473 hat.
2541 5440 2728 5486 uuoau
2788 5440 2918 5472 lllllu
2946 5440 3020 5488 μη
3042 5440 3215 5473 αντιτ.
3246 5440 3520 5501 ευιιξιιιιιιι
3556 5440 3681 5470 au:-

1112 5440 1375 5564 ‘lterque
1398 5493 1576 5564 Basil.
1660 5492 1702 5524 ¹⁶
1744 5491 2255 5564 συναθροισθέντων.
2269 5490 2450 5564 _l_3as':l.
2482 5489 2577 5545 Gr.
2611 5499 2664 5544 ct
2699 5488 2816 5564 Lat.
2853 5487 3314 5564 Συντλιλισθέντῳνὲ
3343 5488 3681 5564 btepltanus.

427 5493 613 5560 phan._
667 5491 701 5525 ¹“
717 5491 816 5555 τὰς
839 5492 1098 5560 ἐμαυτοῦ.

2541 5419 2728 5486 Quoad
2788 5419 2918 5472 illud
2946 5417 3020 5488 μὴ
3042 5415 3215 5473 ἁντίτ.
3246 5419 3520 5472 consentit
3547 5415 3682 5470 Stc-

425 5556 482 5614 ln
515 5557 700 5636 codice
730 5556 913 5616 Allatii
935 5573 1052 5636 erat
1085 5579 1099 5616 :
1129 5556 1384 5636 οὐτωίδῂ
1423 5563 1533 5636 τῷν
1564 5563 1879 5636 ἐπισκόπων
1909 5556 2044 5636 πρὸς
2076 5563 2202 5636 τοὺς
2233 5559 2499 5636 ἐξήκοντα
2531 5558 2920 5636 συναχθέντων,
2955 5577 2986 5636 e
3017 5557 3258 5636 Socratis
3282 5556 3682 5636 Sozgntenhwe

429 5632 744 5705 narratione
787 5700 795 5705 Δ
809 5631 1145 5705 suppletum.
1204 5625 1383 5705 λιδιᾶ
1402 5631 1634 5705 φθοράν.
1701 5625 2112 5705 ϐιιεὶδιορῖιοεε.
2159 5625 2430 5703 Διαῲόράν
2461 5625 2743 5686 Basil.Gr.
2823 5630 2861 5662 "
2897 5632 2926 5684 ό
2955 5629 3120 5700 θαυμ.
3166 5628 3345 5682 Ἄοσι),
3389 5625 3553 5682 Basil.
3585 5625 3683 5682 Gr.

423 5707 476 5753 ιιι
513 5699 697 5775 Steph.
783 5699 824 5731 ¹³
859 5699 1363 5772 συγγράψαιμθεείι.
1389 5699 1485 5766 Gr.
