4084 6196
464 241 569 306 987

1433 241 1919 304 TH-EODORETI
1962 241 2301 304 EPISCOPI
2329 244 2696 306 CYRENSIS

3611 243 3721 309 988

467 357 650 424 faelis,
675 373 797 412 cum
823 365 1175 414 accusatores
1198 366 1251 414 et
1270 357 1486 429 judices
1509 359 1773 416 facinoris
1800 361 2042 416 conscios

2155 358 2306 431 παρὰ
2350 359 2450 413 τοῦ
2492 355 2726 428 Ποιητοῢ
2754 357 2861 411 τῶν
2901 357 3038 412 ὅλων
3070 354 3286 423 ἐδέξατο
3318 355 3526 427 χεῖρας.
3565 357 3722 414 Ἀλλά

467 457 742 519 oporteret
785 448 842 502 in
889 447 1126 504 latebras
1160 464 1220 504 se
1249 449 1468 515 abdere,
1495 459 1796 520 optareque
1838 463 1896 506 ut
1943 452 2050 506 sibi

468 541 628 594 tellus
653 539 980 600 dehisceret,
1011 541 1246 594 tumultu
1291 555 1353 593 ac
1391 542 1657 598 seditione
1684 545 1866 598 omnia
1897 559 2049 599 com-

468 632 702 700 plevere,
761 631 1062 684 veneficum
1126 633 1459 700 appellantes
1514 633 1897 698 Athanasium,
1951 636 2045 706 qui

468 724 756 794 pracStigiis
787 723 1110 793 quibusdam
1147 729 1162 745 '
1192 725 1468 778 hominum
1500 725 1673 780 oculis
1704 727 2005 796 imponeret
2031 746 2044 782 :

465 827 629 886 atque
655 817 805 870 illum
829 817 1139 885 discerpere
1192 825 1246 872 et
1298 825 1538 873 mactare
1582 819 1914 884 nitebantur,
1955 820 2044 892 qui

465 909 749 963 homicidii
783 925 935 962 reum
973 911 1134 980 paulo
1163 918 1287 965 ante
1322 922 1660 982 peregerant.
1694 911 1801 968 Sed
1845 916 2046 985 quibus

465 1000 828 1055 conservandi
855 1001 1066 1056 ordinis
1091 1018 1220 1056 cura
1253 1003 1427 1057 fuerat
1473 1005 1541 1057 ab
1593 1007 1919 1075 imperatore
1947 1011 2046 1063 de-

465 1091 745 1157 mandata,
821 1092 856 1145 ii
925 1093 1127 1147 caedem
1205 1095 1617 1164 prohibuerunt,
1690 1107 2046 1171 ereptumque

466 1181 716 1236 hostibus
763 1183 1024 1237 victorem
1054 1185 1272 1256 navigio
1319 1188 1681 1257 imponentes,
1727 1191 1846 1259 ejus
1881 1193 2043 1246 saluti

467 1272 884 1326 consoluerunt.
909 1272 1010 1338 Qui
1049 1275 1112 1327 ad
1156 1277 1536 1344 imperatorem
1572 1287 1714 1330 recta
1743 1279 2040 1347 profectus,

466 1369 634 1414 totam
689 1363 860 1425 illum,
897 1372 954 1415 ut
1001 1375 1122 1416 aeta
1173 1364 1370 1430 fuerat,
1424 1368 1744 1436 tragoediam
1801 1369 2040 1426 edocuit.

469 1451 632 1520 821
685 1451 994 1506 Adversarii
1039 1469 1166 1507 vero
1217 1458 1478 1525 quosdam
1536 1460 1769 1526 partium
1819 1475 2041 1516 suarum

469 1543 780 1611 episcopos,
812 1541 1188 1615 Theogonium
1227 1548 1480 1603 videlicet
1527 1547 1739 1616 Nicaeae,
1773 1561 1828 1606 et
1865 1553 2044 1609 Thco-

465 1631 662 1684 dorum
701 1632 1063 1700 Perinthium,
1124 1653 1189 1692 ac
1244 1638 1432 1693 Marim
1485 1641 1932 1706 Chalcedonium,
1989 1655 2044 1700 et

466 1721 688 1778 Cilicem
718 1724 1058 1792 Narcissum,
1091 1745 1215 1784 cum
1264 1731 1386 1784 aliis
1430 1731 1616 1786 eadem
1659 1735 2042 1802 sentientibus,

467 1815 524 1869 in
560 1815 851 1873 Mareotem
885 1822 1175 1876 miserunt.
1226 1822 1323 1876 Est
1371 1833 1550 1878 autem
1609 1826 1873 1884 Mareotes
1899 1829 2046 1900 regio

467 1906 830 1974 Alexandriae,
869 1926 896 1964 a
937 1911 1102 1966 Maria
1143 1913 1263 1967 lacu
1306 1929 1501 1969 nomen
1542 1920 1754 1976 sortita.
1795 1918 1868 1974 lbi
1907 1936 2044 1976 con-

467 1998 686 2053 cinnato
747 2002 1051 2065 mendacio,
1109 2003 1372 2073 falsisque
1418 2007 1742 2075 quibusdam
1807 2011 2044 2068 conditis

466 2093 896 2156 commentariis,
937 2109 1061 2149 cum
1096 2096 1336 2154 detectas
1390 2111 1517 2154 ante
1570 2101 1878 2158 calumnias
1921 2112 2042 2160 tan-

466 2194 631 2247 quam
669 2197 824 2237 veras
863 2189 1246 2243 accusationes
1296 2192 1727 2259 contexuissent,
1760 2196 1826 2249 ad
1865 2195 2040 2268 impe-

467 2281 704 2327 ratorem
740 2274 1028 2334 miserunt.

515 2533 622 2608 ,[Β.
652 2535 733 2592 St.
757 2537 858 2592 Ch.
887 2536 952 2594 V.
981 2538 1096 2612 δι]
1124 2541 1229 2610 Ipsi
1261 2559 1388 2596 vero
1408 2543 1610 2601 Eliam
1636 2550 1863 2619 profecti
1890 2564 2040 2612 sunt.

1061 2631 1215 2686 CAP.
1259 2632 1449 2688 XXIX.

468 2704 548 2774 De
574 2723 821 2778 encwniis
857 2723 1243 2849 Hicrosolgnln's
1268 2724 1449 2810 factis,
1477 2741 1528 2784 et
1554 2730 1618 2787 de
1648 2735 1838 2789 exsilio
1870 2741 2046 2794 sancti

1147 2807 1403 2849 (tanasn.

1147 2807 1403 2853 thanastt‘.

543 2945 842 3018 Imperator
907 2950 1051 3004 enim
1129 2954 1422 3010 concilium
1497 2957 1840 3028 universum,
1899 2963 2044 3038 Tyro

465 3039 677 3099 relicta.
707 3039 908 3094 ASliam
947 3043 1184 3112 migrare
1205 3046 1468 3114 jusserat,
1490 3066 1662 3121 eoque
1692 3057 1828 3112 alios
1850 3073 2043 3115 omnes

469 3127 826 3196 undiquaque
855 3133 1145 3187 convenire
1177 3148 1526 3206 praeceperat,
1576 3150 1630 3195 et
1679 3147 1872 3215 templa
1913 3148 2045 3204 inibi

467 3218 537 3272 ab
573 3219 692 3289 ipso
725 3221 988 3276 aedificata
1034 3240 1381 3282 consecrare.
1420 3230 1564 3287 Misit
1612 3243 1792 3290 autem
1834 3245 1888 3292 et
1918 3255 2046 3308 pro-

465 3325 620 3366 ceres
649 3313 854 3382 aliquot
887 3331 953 3370 ex
989 3318 1204 3383 amicis,
1255 3322 1452 3391 pietate
1507 3338 1571 3377 ac
1624 3325 1727 3380 fide
1780 3327 2044 3396 illustres,

467 3405 668 3472 quibus
729 3407 1025 3478 impcrarat
1081 3419 1140 3465 ut
1202 3415 1385 3469 omnia
1440 3418 1698 3472 omnibus
1745 3419 2048 3478 liberaliter

468 3500 910 3567 suppetlitarent,
963 3518 1072 3556 non
1143 3505 1322 3559 solum
1391 3508 1687 3576 epiSCOpis,
1745 3525 2045 3583 eorumque

465 3594 781 3658 comitibus,
829 3609 1016 3648 verum
1066 3597 1228 3648 etiam
1273 3599 1563 3665 egentibus
1611 3601 1906 3668 universis,
1950 3607 2042 3678 qui

466 3685 717 3752 undeque
756 3687 1138 3739 accurrebant.
1181 3686 1430 3742 Divinum
1460 3705 1622 3759 porro
1646 3693 1817 3748 altare
1857 3697 2044 3755 aulaiis

465 3776 766 3842 regalibus.
798 3781 1055 3846 vasisque
1079 3781 1262 3834 aureis
1295 3783 1442 3835 omni
1478 3798 1673 3852 genere
1702 3801 2040 3856 gemmarum

467 3865 870 3929 collucentibus
927 3868 1244 3924 ornabatur.
1277 3870 1501 3926 Peracta
1542 3875 1594 3929 in
1625 3875 1773 3933 hunc
1823 3881 2041 3935 modum

467 3956 914 4026 Splendidissima
941 3957 1252 4024 festivitate,
1295 3962 1534 4032 episcopi
1559 3965 1760 4035 singuli
1785 3967 1850 4022 ad
1885 3971 2042 4025 sedes

468 4062 598 4102 suas
631 4048 858 4102 rediere.
899 4045 1204 4117 Imperator
1246 4067 1375 4105 vero
1415 4053 1480 4108 de
1509 4055 1672 4128 822
1707 4059 2042 4117 celebritatis

468 4137 760 4208 Splendore
789 4147 841 4192 et
864 4141 1266 4208 magnificentia
1292 4145 1494 4198 certior
1522 4148 1719 4210 factus.
1753 4151 2043 4206 vehemen-

469 4240 551 4286 ter
587 4229 806 4300 gavisus
837 4239 940 4295 est,
971 4232 1351 4303 bonorumque
1383 4234 1651 4305 Largitori
1686 4240 1888 4307 gratias
1907 4243 2041 4311 egit,

2151 450 2246 502 καὶ
2271 449 2474 503 τούτων
2497 449 2641 502 οὕτω
2673 446 3010 518 δειχθέντων,
3042 445 3406 500 καταδύεσθαι
3447 445 3566 500 δέον
3596 449 3722 512 τοὺς

2151 539 2610 611 κατηγοροῦντας,
2638 537 2859 591 καὶτῶν
2887 536 3216 601 δικαζόντων
3243 535 3368 598 τοὺς
3393 535 3721 598 συνειδότας,

2149 633 2244 685 καὶ
2275 630 2529 702 εὔχεσθαι
2558 630 2719 700 χᾶναί
2745 645 2894 698 σφισι
2925 627 3023 698 τὴν
3047 627 3174 696 γῆν,
3209 626 3442 696 θορύϐου
3472 628 3563 680 καὶ
3595 627 3722 680 στά-

2150 740 2288 786 σεως
2328 723 2628 792 ἐνέπλησαν
2654 721 2715 774 τὸ
2757 719 3056 790 συνέδριον,
3080 718 3252 789 γόητα
3297 718 3589 780 καλοῦντες
3629 719 3722 772 τὸν

2161 812 2496 876 Ἀθανάσιον,
2543 811 2640 866 καί
2674 827 2786 864 τισι
2838 809 3192 879 μαγγανείαις
3230 809 3506 879 ἑξαπατᾷν
3560 808 3722 862 αὐτὸν

2145 903 2395 972 λέγοντες
2441 902 2553 957 τῶν
2609 902 2909 973 ἀνθρώπων
2955 901 3055 964 τὰς
3103 900 3290 969 ὄψεις·
3349 902 3439 954 καὶ
3487 902 3720 971 διασπᾷν

2147 995 2465 1068 ἐπεχείρουν
2498 995 2592 1048 καὶ
2621 993 3026 1062 κατασφάττειν
3047 994 3097 1044 oi
3135 992 3237 1060 τῆς
3271 992 3582 1061 μιαιφονίας
3615 991 3721 1062 πρὸ

2149 1087 2378 1158 βραχέος
2409 1086 2865 1157 κατηγοροῦντες.
2901 1083 3040 1137 Ἀλλ’
3071 1085 3118 1136 οἱ
3151 1083 3303 1154 παρά
3327 1083 3588 1153 βασιλέως
3621 1082 3722 1153 τὴν

2143 1180 2244 1250 τῆς
2272 1177 2524 1243 εὐταξίας
2569 1177 2824 1250 πρόνοιαν
2865 1174 3246 1237 πιστευθέντες
3268 1174 3357 1227 τὸν
3389 1174 3550 1242 φόνον
3583 1173 3724 1226 ὲκὼ-

2144 1268 2332 1322 λυσαν.
2374 1268 2811 1339 Ἐξαρπάσαντες
2847 1266 2956 1336 γάρ
2988 1266 3080 1318 τὸν
3109 1264 3424 1335 νικηφόρον,
3453 1264 3546 1317 καὶ
3583 1265 3720 1317 σκα-

2146 1377 2282 1430 φους
2338 1359 2594 1430 ἐπιϐῆναι
2655 1356 3215 1430 παρασκευάσαντες,
3285 1355 3383 1426 τὴν
3444 1356 3723 1426 σωτηρίαν

2147 1451 2542 1526 προύξένησαν.
2591 1451 2702 1503 Καὶ
2739 1443 2892 1512 οὗτος
2943 1448 3040 1518 μὲν
3070 1447 3159 1500 τὸν
3211 1446 3436 1516 βασιλέα
3479 1447 3722 1500 καταλα-

2146 1543 2258 1596 ϐὼν
2313 1543 2494 1596 πᾶσαν
2551 1542 2650 1613 τὴν
2699 1539 3066 1609 τολμηθεῖσαν
3131 1537 3337 1602 ἐδίδαξε
3387 1538 3718 1607 τραγῳδίαν.

2159 1634 2389 1687 Ἐκεῖνοι
2441 1633 2498 1686 δὲ
2550 1634 2631 1696 είς
2679 1631 2772 1685 τδν
2828 1629 3133 1701 Μαρεώτην
3170 1628 3277 1680 τῶν
3321 1626 3722 1698 ὁμογνωμόνων

2145 1729 2300 1792 τινάς
2328 1726 2660 1787 ἐπισκόπους
2688 1722 3011 1777 ἀπέστειλαν
3033 1737 3046 1752 ·
3079 1719 3361 1788 Θεογόνιόν
3377 1719 3425 1750 ⁸⁸
3454 1736 3595 1789 φημι
3625 1719 3720 1771 τὸν

2142 1819 2400 1882 Νικαίας,
2433 1797 2528 1872 καὶ
2551 1817 2824 1887 Θεόδωρον
2853 1817 2942 1869 τὸν
2967 1813 3270 1885 Περίνθιον,
3294 1815 3388 1866 καὶ
3416 1813 3602 1883 Μάριν
3628 1813 3719 1866 τὸν

2141 1911 2534 1976 Χαλκηδόνιον,
2578 1911 2672 1964 καὶ
2705 1908 2798 1962 τὸν
2846 1907 3047 1960 Κίλικα
3082 1893 3416 1976 Νάρκισσον,
3451 1906 3546 1958 καὶ
3592 1905 3721 1966 τοὺς

2139 2001 2346 2056 τούτων
2389 2001 2718 2072 ὁμόφρονας.
2754 1999 2814 2052 '0
2853 1998 2908 2052 δὲ
2938 1996 3244 2066 Μαρεώτης
3272 1995 3426 2067 χώρα
3453 1996 3537 2059 τίς
3563 1998 3713 2048 ἐστιν

2144 2092 2585 2162 ’Λλεξανδρείας,
2631 2092 2730 2160 τῆς
2785 2089 2982 2159 λίμνης
3030 2089 3253 2159 Μαρίας
3288 2085 3592 2158 ἐπώνυμος.
3632 2087 3722 2140 Ἐν

2147 2184 2320 2257 ταύτῃ
2350 2185 2387 2215 ²¹
2422 2183 2483 2236 τὸ
2508 2181 2700 2252 ψεύδος
2724 2181 3048 2249 ὐφήναντες,
3075 2181 3170 2233 καί
3203 2196 3323 2233 τινα
3341 2179 3566 2248 ,ύπομνή
3577 2194 3723 2246 ματα

2145 2276 2561 2337 διαπλάσαντες.
2591 2274 2686 2328 καλ⁸
2721 2271 2822 2335 τὰς
2844 2271 3230 2342 γυμνωθείσας
3254 2270 3615 2338 συκοφαντίας
3645 2268 3724 2333 ὡς

2145 2369 2362 2439 ἀληθείς
2419 2349 2718 2427 συνθέντες
2760 2363 3132 2434 κατηγορίας,
3190 2361 3520 2417 ἀπέστειλαν
3560 2360 3638 2431 τῷ
3673 2363 3720 2394 ⁸⁸

2146 2461 2214 2534 βα
2223 2459 2376 2512 σιλεῐ.

2221 2551 2333 2626 [65]
2375 2551 2536 2604 Αὐτοὶ
2575 2550 2631 2603 δὲ
2667 2551 2746 2613 είς
2782 2549 2881 2620 τὴν
2912 2547 3100 2602 Αίλίαν
3137 2547 3516 2619 παρεγένοντο.

2723 2639 2973 2693 ΚΕΦΑΛ.
3017 2639 3123 2690 ΚΘ

2145 2735 2284 2803 Περὶ
2316 2733 2434 2787 τῶν
2475 2732 2793 2803 ἐγοκαικίιυζν
2827 2730 2953 2803 τῶις
2983 2731 3052 2803 ἐξ·
3088 2729 3523 2803 Ἱεροσολύμοις
3559 2746 3721 2803 γεγε-

2153 2805 2156 2808 ’
2218 2799 2525 2873 imper-tur,
2561 2801 2658 2856 καί
2693 2800 2802 2869 τῆς
2849 2800 2957 2854 τοῦ
3001 2799 3174 2869 ἁγίου
3227 2799 3575 2852 Ἀθανασίου
3618 2800 3720 2862 ἐξα

2218 2893 2404 2940 οριας.

2499 2961 2564 3032 δὴ
2593 2961 2808 3014 σύνοδον
2838 2959 3057 3014 ἃπασαν
3089 2958 3196 3012 ἀπὸ
3219 2959 3319 3028 τῆς
3350 2957 3523 3039 Τύρου
3551 2973 3722 3012 κατα-

2149 3057 2335 3112 λαϐεῖν
2369 3054 2468 3125 τὴν
2506 3053 2696 3108 Αἰλίαν
2725 3055 2754 3106 ό
2791 3054 2837 3085 ³³
2879 3051 3129 3123 βασιλεὺς
3171 3049 3554 3121 παρηγγύησε.
3595 3067 3720 3104 suv-

2143 3149 2319 3203 ελθεῖν
2357 3147 2412 3200 δὲ
2442 3147 2534 3200 καὶ
2567 3147 2693 3209 τοὺς
2723 3145 2916 3207 ἄλλους
2959 3145 3201 3206 ἅπαντας
3227 3144 3560 3212 πανταχόθεν
3597 3143 3720 3198 ὲκέρ

2143 3240 2322 3302 λευσε,
2345 3237 2440 3292 καὶ⁵
2481 3236 2608 3300 τοὺς
2632 3235 2724 3289 ὑπ’
2768 3236 2932 3290 αὐτοῦ
2961 3235 3290 3306 δομηθέντας
3319 3235 3651 3306 καθιερῶσαι
3671 3235 3717 3268 ⁸⁸

2145 3331 2301 3394 νεώς.
2336 3329 2684 3392 Συναπέλυσε
2707 3329 2751 3360 ’⁸
2781 3328 2838 3382 δὲ
2871 3330 2965 3382 καὶ
2996 3329 3104 3382 τῶν
3134 3327 3501 3400 εὐνουστέρων
3529 3327 3718 3398 ἀρχόν-

2143 3439 2252 3475 των
2301 3421 2477 3484 τινὰς,
2526 3420 2780 3492 εὐσεϐείᾳ
2835 3420 2928 3474 καὶ
2981 3420 3163 3472 πίστει
3212 3419 3714 3490 λαμπρυνομένους,

2144 3514 2443 3583 φιλοτίμως
2487 3512 2661 3566 ἅπασι
2707 3512 2884 3566 πάντα
2926 3509 3300 3582 χορηγηθῆναι
3337 3510 3618 3575 κελεύσας,
3656 3512 3715 3564 οὐ

2148 3605 2305 3674 μόνον
2362 3603 2684 3674 ἀρχιερεῦσι
2740 3602 2838 3656 καὶ
2886 3603 3000 3664 τοῖς
3049 3601 3256 3664 τούτοις
3311 3601 3714 3671 συνεπομένοις,

2143 3692 2281 3746 ἀλλὰ
2313 3693 2405 3744 καὶ
2434 3695 2548 3754 τοῖς
2577 3691 2851 3762 δεομένοις
2879 3692 3101 3753 ἅπασιν,
3143 3690 3192 3743 οἳ
3230 3692 3564 3761 πανταχόθεν
3595 3709 3716 3746 συν-

2144 3784 2382 3854 έτρεχον.
2422 3783 2779 3850 Διεκοσμεῐτο
2822 3780 2879 3835 δὲ
2931 3781 3024 3834 καὶ
3049 3780 3110 3833 τὸ
3152 3780 3296 3834 θεῖον
3339 3780 3719 3851 θυσιαστήριον

2145 3873 2443 3943 βασιλικοῖς
2479 3889 2538 3924 τε
2573 3871 3064 3943 παραπετάσμασι,
3100 3872 3194 3926 καὶ
3225 3872 3528 3942 κειμηλίοις
3566 3872 3717 3926 λιθο-

2143 3965 2424 4035 κολλήτοις
2472 3965 2712 4035 χρυσοῖς.
2748 3961 2904 4016 Οὕτω
2954 3963 3018 4033 δὴ
3063 3963 3161 4028 τῆς
3215 3964 3406 4034 ἑορτῆς
3465 3963 3716 4034 λαμπρο-

2141 4057 2310 4126 τάτης
2349 4053 2742 4125 γεγενημένης,
2777 4053 2826 4106 οἱ
2867 4054 2968 4122 μὲν
2995 4055 3075 4116 εἰς
3109 4053 3208 4117 τὰς
3235 4053 3440 4116 οἰκείας
3483 4055 3719 4124 ἐπανῆλ-

2143 4147 2231 4202 θον
2266 4146 2564 4218 πατρίδας,
2609 4146 2638 4197 ὁ
2683 4144 2739 4198 δὲ
2770 4143 3047 4214 βασιλεὺς,
3078 4145 3176 4216 τὴν
3214 4147 3314 4216 τῆς
3356 4145 3717 4217 πανηγύρεως

2145 4236 2482 4308 μεμαθηκὼς
2522 4236 2854 4307 φαιδρότητα
2902 4235 2997 4288 καὶ
3050 4236 3416 4298 πολυτέλειαν,
3450 4237 3716 4307 θυμηδίας

467 4335 498 4374 a
527 4335 638 4390 quo
671 4321 834 4389 hujus
882 4322 1044 4376 etiam
1087 4323 1196 4378 voti
1243 4339 1469 4395 compos
1504 4327 1676 4383 factus
1707 4339 1871 4385 esset.
1902 4331 2036 4386 Cum

2144 4344 2198 4380 τε
2232 4327 2558 4396 ἐνεπλήσθη,
2602 4328 2697 4378 καὶ
2723 4325 2832 4378 τῶν
2872 4325 3093 4394 ἀγαθῶν
3122 4327 3210 4378 τὸν
3242 4326 3515 4394 Πρύτανιν
3542 4325 3716 4396 ὕμνη-

467 4420 648 4466 autcm
695 4413 999 4468 advenisset
1037 4413 1398 4475 Athanasius.
1425 4425 1478 4471 et
1515 4417 1580 4472 de
1615 4419 1803 4488 iniquo
1828 4421 2038 4490 judicio

467 4503 890 4569 expostulassel,
915 4510 1206 4574 episcopos
1251 4506 1318 4562 de
1353 4508 1554 4576 quibus
1587 4511 1922 4580 querebatur
1949 4531 2042 4571 ve-

465 4591 585 4645 nire
611 4590 796 4658 jussit.
833 4591 936 4656 Qui
987 4593 1075 4647 tibi
1125 4593 1436 4660 adfuerunt,
1482 4600 1500 4619 ‘
1547 4607 1790 4668 apertam
1828 4603 2041 4659 refuta-

463 4681 670 4736 tionem
695 4682 981 4745 subveriti,
1009 4685 1224 4754 priores
1251 4687 1557 4744 calumnias
1581 4692 1777 4747 missas
1810 4693 2036 4763 faciunt,

463 4780 520 4828 et
542 4772 858 4842 imperatori
889 4785 1206 4846 suggerunt,
1238 4777 1500 4833 minatum
1534 4797 1656 4837 esse
1680 4784 2036 4843 Athanasium

465 4880 527 4920 se
585 4865 881 4934 quominus
930 4865 1262 4924 frumentum
1319 4869 1678 4929 adveheretur
1732 4879 2039 4946 prohibitu-

465 4970 608 5008 rum.
655 4952 864 5020 Quibus
912 4958 1090 5012 verbis
1131 4958 1286 5013 fidem
1347 4962 1594 5030 prmbens
1638 4957 1956 5036 imperator,
1983 4973 2037 5026 in

465 5045 764 5101 Galliarum
817 5047 1029 5112 urbem,
1071 5051 1155 5104 cui
1212 5050 1462 5107 Treveris
1514 5070 1710 5110 nomen
1764 5067 1868 5121 est.
1911 5077 2034 5116 eum

464 5135 748 5205 relegavit.
773 5135 902 5192 Erat
924 5147 1103 5194 autem
1138 5141 1224 5196 hic
1257 5157 1434 5198 annus
1470 5142 1684 5215 imperii
1715 5149 1835 5217 ejus
1875 5153 2038 5207 trice-

379 5289 382 5292 _
465 5226 659 5282 simus.

2139 4437 2252 4484 σεν,
2273 4419 2354 4472 ὅτι
2383 4419 2474 4472 καὶ
2492 4418 2696 4486 ταύτην
2723 4415 2870 4486 αὐτῷ
2892 4417 2989 4486 τὴν
3010 4417 3223 4484 αἴτησιν
3253 4417 3472 4470 ἔδωκεν.
3501 4416 3716 4486 Ἐπειδὴ

2137 4507 2193 4562 δὲ
2228 4506 2532 4578 προσῆλθεν
2562 4505 2879 4569 Ἀθανάσιος
2903 4506 3002 4574 τὴν
3031 4505 3218 4558 ἄδικον
3246 4506 3570 4576 ὀδυρόμενος
3593 4507 3717 4578 κρί-

2140 4615 2258 4662 σιν,
2305 4595 2602 4666 ἀφικέσθαι
2659 4597 2785 4660 τοὺς
2847 4596 3190 4658 αίτιαθέντας
3241 4595 3350 4649 τῶν
3397 4597 3715 4652 ἐπισκόπων

2139 4690 2444 4742 ἐκέλευσεν.
2468 4687 2616 4747 υί,δὲ
2655 4688 3103 4760 παραγενόμενοι,
3137 4687 3230 4740 καὶ
3259 4687 3322 4740 τδ
3339 4688 3447 4742 τῶν
3474 4689 3713 4760 ἐλέγχων

2141 4781 2415 4852 προφανὲς
2450 4779 2812 4850 ὐπειδόμενοι,
2845 4780 2941 4843 τὰς
2985 4779 3086 4851 μὲν
3131 4779 3402 4852 προτέρας
3443 4798 3714 4848 συκοφαν-

2139 4871 2258 4934 τίας
2294 4870 2606 4924 κατέλιπον’
2650 4869 2859 4939 ἔφασαν
2889 4869 2944 4923 δὲ
2973 4871 3049 4940 τῷ
3085 4869 3311 4941 βασιλεῖ,
3338 4871 3713 4948 -ηπειληκέναι

2141 4963 2230 5016 τὸν
2265 4961 2579 5014 Ἀθανάσιον
2623 4961 2722 5032 τὴν
2756 4955 3122 5032 σιτοπομπίαν
3175 4961 3456 5016 κωλύσειν.
3491 4963 3713 5028 Τούτοις

2144 5052 2440 5116 πιστεύσας
2468 5055 2580 5115 τοῖς
2609 5052 2788 5120 λόγοις
2810 5055 2837 5106 ὁ
2871 5053 3144 5123 βασιλεὺς,
3175 5055 3255 5118 εἷς
3277 5071 3395 5106 τινα
3427 5053 3576 5106 πόλιν
3603 5054 3711 5106 τῶν

2142 5145 2491 5215 καλουμένων
2513 5143 2753 5197 Γαλλιῶν
2779 5145 2939 5198 αὐτὸν
2968 5144 3364 5217 ἐξωστράκισεο
3390 5145 3643 5216 Τρὶϐερις
3665 5147 3709 5179 ⁸⁸

2142 5239 2313 5308 ὄνομα
2345 5239 2537 5309 ταύτῃ.
2573 5237 2905 5308 Τριακοστὸν
2937 5237 2992 5290 δὲ
3023 5239 3177 5291 τοῦτο
3214 5233 3282 5308 ἦν
3309 5238 3457 5308 αὐτῷ
3484 5237 3584 5307 τῆς
3619 5237 3703 5308 βα-

2147 5328 2348 5391 σιλείας
2378 5329 2513 5390 ἔτος.
2539 5393 2544 5398 η

1767 5413 1998 5472 VARUS
2041 5416 2439 5473 LEC'I‘IONES.

492 5559 1910 5654 .1°9591"555.L§Ps?.‘£"vPM???“°‘.§c“"8"£-
1981 5576 2023 5607 "
2057 5575 2164 5654 γᾴρ
2205 5574 2664 5654 θριιίεβθεῑι-θτ-
2735 5573 3069 5654 faeie)?“
3101 5573 3466 5654 εειίῖοειςειιί
3515 5567 3704 5654 ἐκδιδ-

491 5627 508 5651 ³
536 5628 560 5676 ὁ
589 5627 752 5695 abest
780 5643 805 5679 a
835 5627 991 5685 llasil.
1029 5637 1126 5692 Gr.
1171 5627 1236 5670 7”
1271 5627 1597 5720 καθιέρωσε.
1625 5627 1826 5696 Idem.v
1851 5627 3065 5715 ’⁸⁷συνατέέστειλεξίάοιιῖ,γιιτοίιιιιιίενέιρείό.⁷
3107 5645 3151 5676 ²⁶
3173 5643 3227 5696 δέ
3251 5641 3573 5698 διίιίὶιιιιιείί.
