4084 6196
414 225 522 292 989

1013 345 1264 400 ΚΕΦΑΛ.
1308 345 1386 401 Λ’.

412 425 552 494 Περὶ
589 419 697 491 τῆς
724 426 1012 497 διαθήκης
1181 436 1479 556 ςὲικαρίου
1527 438 1984 492 Κωνσταντίνου

1163 522 1177 549 ι
1255 522 1354 565 ως.

1163 522 1354 567 ιλεως.

497 589 775 642 Ἐνιαυτοῦ
799 590 854 644 δὲ
883 591 1044 644 ἄλλον
1071 594 1166 646 καὶ
1203 593 1390 664 μηνῶν
1438 595 1828 668 διεληλυθότων
1871 597 1984 650 ὀλί-

413 697 546 748 γων,
567 682 624 733 ἐν
648 681 986 753 Νικομηδεῖς.
1007 683 1108 754 τῆς
1136 684 1382 749 Βιθυνίας
1403 687 1603 754 διάγων
1623 688 1946 760 ἠρρώστησε
1967 704 1980 718 ·

413 773 474 824 τὸ
503 771 559 824 δὲ
589 772 687 841 τῆς
719 773 1068 844 ἀνθρωπίνης
1098 774 1345 845 βιότητος
1381 777 1574 845 ἄδηλον
1602 779 1980 848 ἐπιστάμενος,

413 857 508 912 τοῦ
532 859 676 943 θείου
703 861 1071 931 βαπτίσματος
1093 865 1152 916 τὸ
1175 865 1347 936 δῶρον
1402 867 1638 931 ἐδέξατο.
1669 867 1986 921 Ἀνεϐάλετο

416 950 472 1004 δὲ
503 951 666 1023 μέχρι
696 953 852 1007 τοῦδε
893 954 985 1007 τοῦ
1023 955 1235 1025 χρόνου,
1289 959 1346 1009 ἐν
1381 957 1620 1030 Ἰορδάνῃ
1650 957 1728 1028 τῷ
1755 957 1988 1028 ποταμῷ

414 1042 604 1095 τούτου
638 1047 820 1113 τυχεῖν
859 1045 1224 1116 ίμειρόμενος.
1263 1040 1432 1111 Οὗτος
1466 1049 1565 1118 μὲν
1603 1051 1751 1118 τρεῖς
1791 1049 1986 1112 παῖδας

413 1129 784 1201 κληρονόμους
810 1133 910 1203 τῆς
943 1133 1219 1202 βασιλείας
1249 1137 1528 1200 κατέλιπε,
1556 1138 1984 1200 Κωνσταντῖνον,

413 1223 508 1274 καὶ
547 1224 942 1292 Κωνστάντιον,
974 1226 1068 1278 καὶ
1101 1225 1430 1282 Κώνσταντα
1457 1229 1548 1281 τὸν
1577 1228 1862 1282 νεώτατον.
1893 1229 1988 1291 Εἰς

411 1311 467 1365 δέ
489 1312 586 1383 τὴν
606 1313 720 1385 [66]
746 1315 1154 1387 Ἀλεξάνδρειαν
1175 1317 1489 1371 ἐπανελθεῖν
1510 1319 1602 1373 τὸν
1627 1319 1798 1389 μέγαν
1821 1336 1989 1390 προσ-

412 1404 601 1470 έταξεν
654 1405 1004 1461 Ἀθανάσιον·
1038 1409 1131 1462 καὶ
1169 1408 1342 1462 ταῦτα
1379 1409 1640 1462 Εὐσεὸίου
1696 1409 1988 1481 παρόντος,

411 1496 508 1550 καὶ
541 1497 800 1554 τάναντία
833 1498 1039 1552 πείθειν
1078 1501 1503 1572 ἐπιχειροῦντος.

1000 1593 1252 1647 ΚΕΦΛΛ.
1285 1595 1414 1647 ΛΛ’.

670 1681 994 1752 Ἀπολογία
1023 1683 1174 1752 ὑπὲρ
1200 1685 1364 1740 τοῦ²⁷
1402 1684 1732 1752 βασιλέως.

483 1770 822 1842 Θαυμαζέτω
887 1773 942 1826 δὲ
989 1774 1206 1844 μηδεὶς,
1264 1777 1312 1829 εἰ
1371 1775 1726 1847 τηλικούτους
1787 1776 1988 1847 ἄνδρας

415 1861 833 1933 ἐξαπατηθεὶςη
875 1866 1291 1937 ἐξωστράκισεν.
1335 1867 1680 1937 Ἀρχιερεῦσι
1713 1869 1820 1938 γάρ
1849 1867 1986 1938 κρύ-

413 1966 608 2002 πτουσι
667 1950 766 2020 μὲν
801 1951 900 2022 τὴν
951 1953 1293 2024 άλήθειαν⁹⁹,
1349 1953 1448 2024 τὴν
1497 1955 1552 2007 δέ
1594 1954 1760 2025 ἄλλην
1802 1954 1987 2024 ἔχουσι

415 2041 805 2110 περιφάνειαν,
838 2041 1177 2106 ἐξαπατῶσιν
1210 2043 1554 2098 ἐπίστευσεν.
1595 2045 1774 2096 Ἶσασι
1824 2043 1880 2097 δὲ
1937 2045 1986 2095 oi

379 2124 534 2184 ’θεῖα
586 2133 1042 2202 πεπαιδευμένοι,
1092 2131 1168 2197 ὡς
1221 2133 1379 2188 aut“
1410 2135 1446 2186 ὀ-
1478 2134 1618 2197 θεῖος
1669 2133 1984 2204 ἐξηπατήθη

412 2221 579 2275 Δαίῖιδ
620 2225 649 2276 ό
692 2227 976 2294 προφήτης
1002 2239 1016 2254 ⁸
1073 2225 1383 2297 ἐξηπάτησε
1436 2226 1491 2278 δὲ
1528 2225 1688 2280 αὐτὸν
1744 2227 1844 2278 οὐκ
1885 2226 1986 2297 ἀρ-

413 2315 661 2384 χιερεὺς,
713 2314 825 2367 ἀλλ’
866 2315 1083 2386 οἰκέτης
1116 2317 1366 2388 οἰκότριψ
1403 2319 1496 2371 καὶ
1531 2318 1825 2388 μαστιγίας
1847 2357 1860 2379 ,
1896 2316 1988 2368 τὸν

414 2408 548 2462 Σιϐᾶ
574 2407 740 2476 λέγω,
772 2409 864 2462 τὸν
896 2411 1036 2464 κατά
1067 2409 1158 2463 τοῦ
1190 2411 1545 2480 Μεμφιϐοσθὲ
1569 2409 1638 2462 τά
1681 2409 1850 2478 ψευδῆ
1897 2405 1988 2460 τὸν

415 2499 646 2570 βασιλέα
677 2499 961 2564 διδάξαντα
987 2541 1001 2565 ,
1035 2499 1129 2553 καὶ
1159 2501 1218 2553 τὺ
1250 2501 1458 2554 ἐκείνου
1503 2499 1702 2570 χωρίον
1733 2516 1986 2570 σφετερι-

413 2589 666 2660 σάμενον.
701 2590 810 2646 Καὶ
847 2590 1016 2644 ταῦτα
1059 2590 1200 2659 λέγω
1226 2632 1241 2658 ,
1289 2591 1348 2644 οὐ
1391 2591 1486 2642 τοῦ
1533 2591 1818 2662 Προφήτου
1853 2607 1986 2642 κατ-

406 2681 668 2753 ηγορῶν,
713 2682 828 2738 ἀλλ’
864 2682 1003 2753 ὑπὲρ
1053 2683 1204 2737 τοῦδε
1251 2681 1343 2736 τοῦ
1395 2681 1658 2752 βασιλέως
1705 2681 1802 2752 τὴν
1851 2682 1988 2733 ἀπο-

401 2772 598 2842 λογίαν
643 2774 970 2845 προσφέρων
991 2774 1033 2805 ³¹
1063 2813 1078 2837 ,
1128 2774 1222 2826 καὶ
1262 2775 1360 2843 τῆς
1392 2771 1738 2842 ἀνθρωπίνης
1770 2770 1984 2839 φύσεως

409 2863 716 2926 ἐπιδεικνὺς
741 2865 841 2934 τὴν
867 2863 1150 2918 ἀσθένειαν
1174 2904 1188 2928 ,
1231 2864 1322 2916 καὶ
1353 2863 1618 2916 διδάσκων
1661 2861 1734 2924 ὼς
1774 2860 1834 2913 ού
1877 2861 1986 2932 χρὴ

413 2952 596 3024 μόνοις
625 2957 736 3017 τοῖς
767 2955 1130 3024 κατηγοροῦσι
1180 2954 1455 3007 πιστεύειν
1477 2995 1490 3018 ,
1551 2954 1656 3007 κᾶν
1681 2955 1819 3023 ἄγαν
1852 2946 1983 3005 ὦσιν

409 3043 678 3114 ἀξιόχρεω
700 3085 714 3110 ,
747 3044 884 3098 ἀλλὰ
917 3043 1151 3116 θατέραν
1197 3043 1307 3096 τῶν
1348 3045 1527 3096 ἀκοῶν
1549 3044 1592 3076 ⁸³
1636 3043 1712 3114 τῷ
1744 3059 1980 3114 κατηγο-

410 3137 658 3210 ρουμένῳ
687 3137 993 3207 φυλάττειν.

986 3225 1237 3278 ΚΕΦΑΛ.
1273 3222 1395 3278 ΛΒ’.

513 3314 652 3382 Περὶ
679 3315 788 3382 τῆς
813 3314 1100 3383 τελευτῆς
1129 3315 1237 3370 τοῦ
1274 3314 1519 3370 aurci?”
1543 3314 1874 3382 βασιλέως.

491 3405 550 3458 '0
593 3406 690 3476 μὲν
734 3401 827 3460 οὖν
881 3407 1134 3478 βασιλεὺς
1184 3409 1264 3472 εἰς
1308 3407 1406 3481 τὴν
1445 3408 1656 3480 ἀμείνω
1705 3407 1982 3480 βασιλείαν

412 3494 645 3568 μετέστη
659 3532 674 3547 .

482 3588 547 3643 Οἱ
601 3588 656 3641 δέ
707 3587 940 3661 ὕπαρχοι
983 3589 1080 3644 καὶ
1128 3591 1177 3644 οἱ
1215 3591 1509 3663 στρατηγοὶ
1558 3593 1652 3646 καὶ
1708 3594 1756 3645 oi
1804 3591 1982 3645 λοιποὶ

409 3680 648 3744 ἅπαντες
682 3681 739 3734 ἐν
785 3681 1016 3752 λάρνακι
1050 3681 1236 3735 τοῦτον
1278 3684 1604 3746 καταθέντες
1645 3686 1853 3755 χρυσῇ,
1902 3685 1982 3746 είς

407 3772 505 3842 τὴν
535 3773 1107 3826 Κωνσταντινούπο).ιν
1141 3774 1537 3846 μετεκόμισαν,
1584 3775 1681 3845 τῆς
1723 3777 1983 3843 στρατιᾶς

409 3859 626 3929 ἀπάσης
669 3860 977 3932 ἡγουμένης
1008 3862 1101 3914 καὶ
1133 3861 1406 3933 ἑπομένης
1471 3862 1564 3915 καὶ
1605 3861 1820 3932 πικρῶς
1863 3861 1982 3913 ὀλο-

409 3949 720 4020 φυρομένης
747 3949 842 4020 τὴν
871 3951 1143 4023 στέρησιν.
1181 3953 1394 4022 Πατρδς
1432 3951 1540 4022 γὰρ
1582 3953 1744 4022 ἠπίου
1789 3954 1982 4022 πεῖραν

409 4037 699 4107 εἰλήφεσαν
739 4039 974 4102 ἅπαντες
993 4039 1058 4093 ³⁸.
1102 4040 1339 4108 Ὁπόσης
1390 4040 1447 4092 δὲ
1508 4041 1673 4110 τιμῆς
1722 4041 1784 4092 τὸ
1819 4040 1979 4107 σῶμα

407 4130 582 4181 ἐκεῖνο
605 4128 871 4198 τετύχηκε
891 4171 904 4194 ,
944 4131 1037 4182 καὶ
1083 4129 1277 4184 ὁπόσον
1307 4132 1364 4182 ἐν
1395 4133 1505 4194 τοῖς
1554 4130 1844 4202 βασιλείοις
1868 4131 1977 4186 διέ-

415 4237 564 4291 μεινε
591 4220 782 4290 χρόνον
806 4261 822 4286 ,
861 4220 968 4273 τῶν
1013 4221 1288 4291 ἀρχόντων
1324 4222 1423 4293 τὴν
1460 4221 1554 4275 τοῦ
1602 4223 1790 4286 παιδὸς
1828 4241 1981 4294 περι-

1441 234 2032 298 ΕΟΟΕΕΒΙΑΞΤΙΕᾸΞ
2053 235 2434 296 HISTORIA!
2464 239 2610 298 LIB.
2628 239 2678 298 Ι.

3561 242 3665 302 990

2399 348 2551 403 CAP.
2588 347 2756 403 xxx.
2794 348 2858 420 [Β
2911 349 2992 403 ει.
3029 347 3216 405 cnv.
3249 348 3367 418 δελ

2171 435 2249 490 De
2277 437 2453 508 magni
2503 435 2840 491 Constantini
2877 439 3210 508 imperatoris
3239 447 3570 496 testamento.

2156 593 2312 648 Anno
2332 593 2531 648 dehinc
2560 594 2666 648 alio
2685 603 2736 648 et
2769 597 2956 664 paucis
2984 597 3258 650 mensibus
3285 597 3505 667 elapsis,
3536 614 3660 652 cum

2083 694 2231 741 esset
2263 687 2594 742 Nicomediae
2628 688 2682 740 in
2716 687 2987 758 Bithynia,
3015 691 3207 743 morbo
3230 691 3528 760 corripitur
3559 708 3572 744 :
3607 698 3662 744 et

2085 793 2250 848 quam
2285 779 2495 831 incerta
2519 780 2589 832 sil
2615 779 2898 832 hominum
2927 780 3033 832 vita
3072 796 3176 832 non
3202 781 3484 850 ignorans,
3515 782 3660 836 sacri

2087 870 2433 939 baptismatis
2467 869 2669 923 donum
2709 869 2971 936 suscepit.
3006 868 3085 921 Ad
3133 871 3235 923 hoc
3285 872 3429 924 enim
3486 887 3662 942 usque

2087 969 2303 1031 tempus
2325 961 2636 1022 distulerat,
2679 959 2824 1029 quod
2871 961 2924 1012 in
2975 959 3215 1014 .lordanc
3243 960 3408 1014 ﬂuvio
3443 962 3496 1014 id
3525 978 3660 1016 eon-

2089 1052 2243 1120 scqui
2279 1058 2522 1118 cuperet.
2547 1051 2682 1105 'ires
2711 1050 2800 1102 ille
2835 1049 2972 1104 ﬁlios
3005 1049 3213 1118 imperii
3253 1049 3494 1104 lneredes
3524 1051 3660 1104 reli-

2087 1144 2228 1212 quit,
2275 1141 2718 1204 Constantinum,
2765 1140 3152 1194 Constantium
3205 1152 3257 1194 et
3303 1140 3661 1196 Constantem

2089 1244 2220 1289 natu
2311 1234 2618 1290 minimum.
2695 1232 2948 1304 Magnum
3021 1240 3201 1287 autem
3301 1232 3662 1286 Athanasium

2088 1327 2474 1382 Alexandriam
2511 1326 2692 1380 redire
2741 1327 2927 1395 jussit,
2991 1325 3154 1394 idque
3188 1333 3455 1394 praesente
3494 1323 3666 1380 Euse-

2087 1418 2199 1484 bio,
2238 1425 2292 1472 et
2322 1433 2388 1472 ne
2413 1416 2562 1470 ﬁeret
2592 1431 2920 1486 magnopere
2954 1414 3330 1470 dissuadente.

2302 1597 2465 1670 823
2493 1595 2648 1650 CAP.
2678 1594 2870 1650 XXXI.
2898 1593 2981 1667 [Β.
3014 1594 3092 1650 St.
3120 1597 3223 1650 Ch.
3249 1595 3312 1650 ν.
3337 1592 3452 1668 '55.]

2549 1687 2895 1756 Imperatoris
2950 1686 3205 1755 defensio.

2159 1780 2356 1835 Mirum
2430 1788 2612 1834 autem
2669 1780 2872 1833 nemini
2932 1778 3204 1842 videatur,
3277 1775 3421 1846 quod
3486 1784 3664 1831 tantos

2087 1873 2238 1926 viros
2281 1870 2475 1926 fraude
2503 1871 2759 1926 inductus
2809 1870 3006 1924 exsilio
3054 1869 3320 1923 multarit.
3377 1866 3664 1936 Episcopis

2087 1962 2230 2016 enim
2279 1960 2436 2015 ﬁdem
2495 1959 2706 2024 habuit,
2763 1961 3050 2013 veritatem
3117 1956 3562 2032 occultantibus,
3601 1969 3666 2009 ac

2089 2051 2302 2118 reliqua
2357 2049 2540 2118 specie
2567 2055 2620 2102 et
2661 2047 2915 2100 claritate
2945 2061 3043 2102 sua
3091 2045 3522 2115 imponentibus.
3557 2043 3656 2099 Nc-

2089 2156 2196 2211 quc
2257 2155 2352 2196 eos
2409 2140 2568 2210 fugit,
2597 2139 2686 2208 qui
2748 2139 2924 2192 sacris
2977 2136 3199 2192 Litteris
3253 2144 3382 2190 sunt
3434 2134 3664 2198 eruditi.

2090 2235 2255 2288 etiam
2323 2232 2571 2286 divinum
2655 2230 2911 2284 Davidem
2976 2229 3299 2298 prephetam
3377 2229 3664 2296 deceptum

2092 2322 2556 2390 fuisse:decepit
2621 2333 2800 2374 autem
2864 2321 3015 2373 illum
3075 2309 3512 2388 non‘pontifex,
3569 2315 3664 2370 sed

2090 2429 2286 2470 servus
2323 2413 2653 2465 vernaculus
2701 2419 2754 2463 et
2803 2410 3076 2479 mastigia,
3107 2408 3256 2472 Siba,
3291 2409 3535 2477 inquam,
3571 2406 3665 2476 qui

2090 2503 2157 2557 de
2201 2501 2581 2570 Mephibosoth
2643 2500 2777 2554 falsa
2845 2499 3041 2553 detulit
3063 2500 3126 2553 ad
3189 2513 3393 2568 regem,
3430 2507 3478 2552 et
3518 2499 3666 2554 illius

2089 2608 2280 2661 agrum
2326 2594 2407 2646 sic
2459 2591 2715 2644 obtinuit.
2746 2591 2874 2656 Qua:
2905 2589 3122 2659 quidem
3160 2605 3267 2642 non
3303 2605 3370 2641 eo
3409 2589 3664 2651 dixerim,

2091 2694 2148 2737 ut
2184 2680 2505 2752 l‘mphetam
2563 2697 2838 2748 accusem,
2887 2681 2979 2736 sed
3034 2689 3092 2733 ut
3136 2680 3522 2749 imperatorem
3570 2679 3668 2732 de-

2091 2773 2332 2836 fendam,
2365 2781 2418 2828 et
2459 2773 2710 2826 humanae
2762 2779 2970 2825 naturte
3001 2771 3428 2825 imbecillitatem
3478 2780 3666 2825 osten-

2087 2867 2234 2927 dam,
2294 2865 2668 2932 doeeamque,
2731 2865 3183 2926 accusaturihus,
3255 2863 3506 2932 quamvis
3563 2860 3670 2916 ﬁde

2088 2957 2290 3027 dignis,
2327 2954 2660 3010 credendum
2691 2957 2823 3010 solis
2851 2973 2956 3010 non
2995 2971 3140 3019 esse,
3177 2955 3274 3010 sed
3321 2955 3432 3009 reis
3477 2966 3664 3007 aurem

2089 3049 2314 3103 alteram
2345 3047 2754 3102 reservandam.

2633 3222 2824 3278 ‘CAP.
2877 3221 3096 3276 XXXII.

2539 3313 2614 3368 De
2665 3313 3001 3381 imperatoris
3038 3311 3202 3365 obitu.

2156 3410 2234 3466 Ac
2262 3409 2564 3480 imperator
2583 3405 2802 3477 quidem
2833 3405 2900 3458 ad
2919 3403 3119 3458 melius
3144 3418 3375 3474 regnum
3406 3401 3665 3459 excessit.

2154 3589 2406 3644 Praefecti
2460 3598 2668 3652 autem,
2728 3584 2813 3657 [Β.
2857 3587 2938 3640 St.
2981 3583 3084 3639 Ch.
3125 3583 3241 3656 54.]
3303 3591 3358 3639 et
3415 3581 3666 3652 magistri

2084 3681 2341 3742 militum,
2395 3692 2458 3731 ac
2506 3676 2701 3746 reliqui
2738 3689 2994 3745 proceres
3049 3673 3102 3727 in
3155 3688 3283 3726 arca
3315 3673 3466 3726 illum
3500 3687 3667 3727 aurea

2088 3773 2384 3841 repositum
2417 3768 2954 3836 Constantinopolim
2998 3767 3424 3829 transtulerunt,
3467 3765 3673 3820 milita-

2085 3865 2238 3918 ribus
2271 3861 2563 3917 ordinibus
2603 3859 2977 3930 prmeuntibus
3029 3859 3262 3928 partim,
3303 3859 3500 3928 partim
3537 3856 3668 3910 sub-

2084 3955 2459 4023 sequentibus,
2481 3953 2878 4020 orbitatetnque
2895 3967 3049 4007 suam
3069 3951 3306 4021 graviter
3323 3949 3676 4003 lamentanti-

2085 4047 2205 4100 bus.
2230 4043 2442 4097 Patrem
2461 4044 2607 4096 enim
2627 4042 2975 4096 mitissimum
2995 4056 3182 4095 revera
3203 4030 3418 4095 fuerant
3433 4037 3667 4107 experti.

2083 4133 2313 4204 Corpori
2367 4139 2548 4184 autem
2593 4130 2672 4183 illi
2715 4139 2980 4199 quantum
3017 4130 3242 4184 honoris
3275 4129 3516 4182 delatum
3571 4126 3670 4191 sit,

2083 4233 2137 4279 et
2164 4222 2410 4293 quandiu
2441 4223 2495 4274 in
2527 4219 2694 4291 824
2730 4220 2936 4289 palatio
2988 4219 3274 4282 manserit,
3301 4218 3430 4272 dum
3466 4232 3663 4286 procc-

414 4311 686 4383 μενόντων
752 4311 1050 4376 ἐπάνοδον,
1120 4313 1374 4382 περιττὸν
1430 4313 1672 4384 ἡγοῦμαι
1724 4315 1978 4384 γράφειν,

2089 4334 2178 4372 res
2217 4315 2459 4372 absentis
2491 4315 2585 4368 filii
2645 4314 2877 4369 reditum
2929 4319 3272 4380 exspectant,
3329 4325 3669 4381 supervaca-

410 4403 586 4456 ἄλλων
630 4401 805 4455 ταῦτα
852 4403 1309 4474 συγγεγραφότων
1331 4445 1346 4471 ,
1379 4399 1460 4468 οἷς
1512 4405 1690 4476 ρᾁιον
1719 4407 1978 4477 ἐντυχεῖν,

407 4493 504 4547 καὶ
535 4491 726 4564 μαθεῖν
751 4493 898 4556 ὅπως
922 4493 1030 4546 τῶν
1063 4493 1200 4546 ὅλων
1229 4495 1256 4547 ὁ
1280 4493 1550 4565 Πρύτανις
1581 4495 1829 4565 γεραίρει
1857 4498 1982 4560 τοὺς

408 4583 596 4648 εὔνους
630 4583 985 4655 θεράποντας.
1021 4587 1084 4638 El
1129 4585 1186 4638 δέ
1219 4604 1302 4643 τις
1342 4587 1566 4651 ἐκείνοις
1594 4587 1883 4654 διαπιστεῖ,
1913 4590 1981 4642 τά

408 4676 502 4728 νῦν
531 4677 657 4747 περὶ
683 4677 780 4747 τὴν
813 4677 1024 4730 ἐκείνου
1058 4675 1232 4749 θήκην
1263 4679 1357 4733 καὶ
1387 4677 1478 4730 τὸν
1510 4678 1800 4747 ἀνδριάντα
1828 4679 1980 4746 γινό-

415 4783 550 4834 μενα
607 4767 856 4837 βλέπων,
919 4769 1322 4822 πιστευσάτω³⁵
1388 4773 1500 4833 τοῖς
1550 4771 1978 4840 γεγραμμένοις,

411 4854 506 4905 καὶ
553 4853 630 4924 τῷ
673 4857 904 4924 φήσαντι
954 4857 1232 4929 Δεσπὸτῃ·
1297 4878 1315 4911 ι
1371 4859 1506 4922 Τοὺς
1557 4859 1878 4924 δοξάζοντάς
1913 4876 1978 4929 με

409 4941 650 5008 δοξάσω,
690 4948 784 4998 καὶ
830 4947 880 4998 oi.
932 4947 1337 5013 ἐξουθενοῦντές
1400 4967 1464 5020 με
1523 4948 1980 5022 ἐξουθενωθήσοῖθ-

408 5051 517 5088 ται.
566 5053 584 5086 ι

489 5161 512 5188 ⁸
548 5148 566 5204 l
593 5149 725 5222 Reg.
757 5167 818 5213 tt,
843 5153 931 5207 50.

2091 4421 2250 4460 neum
2287 4420 2428 4459 ame
2468 4404 2573 4458 dici
2632 4403 2912 4463 existimo,
2953 4415 3076 4455 cum
3129 4400 3244 4454 haec
3295 4400 3386 4454 alii
3445 4401 3670 4470 scriptis

2090 4496 2450 4566 prodiderint,
2493 4511 2634 4564 quos
2694 4495 2873 4563 legere
2902 4492 3050 4557 licet,
3087 4493 3397 4562 quibusque
3425 4491 3669 4562 praemiis

2089 4589 2278 4644 fideles
2339 4601 2471 4642 suos
2527 4585 2761 4639 famulos
2806 4584 3051 4638 omnium
3105 4582 3416 4637 Moderator
3468 4581 3665 4634 alliciat

2088 4680 2426 4750 perdiscere.
2451 4677 2607 4744 Quod
2660 4678 2704 4732 si
2740 4675 2827 4731 his
2880 4677 3170 4749 quisquam
3202 4674 3362 4729 ﬁdem
3419 4673 3668 4727 nondum

2093 4773 2276 4838 habet,
2312 4771 2360 4826 is
2393 4785 2456 4826 ea
2493 4786 2614 4841 qua:
2650 4784 2796 4824 nunc
2837 4768 2902 4823 ad
2930 4769 3049 4838 ejus
3084 4766 3320 4820 loculum
3349 4774 3402 4818 et
3425 4770 3667 4817 statuam

2089 4866 2244 4930 liunt,
2279 4863 2501 4918 intuens
2539 4863 2726 4917 credat
2757 4861 2825 4916 iis
2872 4877 2994 4932 quae
3027 4868 3232 4928 scripta
3273 4863 3403 4911 sunt
3425 4895 3442 4920 ,
3468 4866 3520 4908 et
3553 4853 3665 4908 Do-

2089 4955 2258 5020 mina,
2295 4954 2550 5024 quidixit
2588 4972 2600 5008 :
2639 4952 3061 5008 cGloriticantes
3103 4965 3187 5005 me
3230 4945 3571 5019 gloriﬁcabo,
3613 4954 3668 4999 et

2089 5047 2182 5116 qui
2207 5061 2293 5102 me
2321 5053 2612 5116 spernunt,
2649 5045 2752 5114 ipsi
2791 5058 3011 5114 quoque
3042 5050 3372 5113 spernentur
3388 5051 3434 5090 ι.
3463 5055 3483 5090 ι

1715 5268 1949 5326 VARUS
1991 5272 2288 5330 LECTION

475 5382 520 5459 ’ἶ
555 5381 736 5459 αὐτος»-
761 5383 912 5459 addit
937 5383 1162 5459 Steph.”
1206 5387 1250 5459 ’ξ
1265 5387 1602 5459 ἀπατηθείς.
1628 5387 1752 5446 Bas.
1783 5388 1958 5445 Grato.

407 5452 668 5522 prohante
697 5451 932 5511 Valesio.
1037 5451 1082 5488 ⁵ο
1113 5455 1328 5523 άληθῶς
1359 5457 1418 5523 ἐξ

413 5590 611 5645 σάσθω.
623 5589 826 5665 ‘Stc'ph.

2059 5392 2106 5423 ”
2135 5393 2419 5461 πονηρίαν.
2454 5392 2574 5446 Bas.
2610 5391 2809 5461 Graec”
2837 5389 3047 5458 Savilii,
3070 5389 3277 5454 Allatii,
3311 5389 3432 5445 Pini
3469 5390 3662 5453 codex,

409 5459 668 5522 prohante
699 5459 932 5511 Valesio.
1037 5459 1082 5488 ³ο
1113 5459 1328 5523 άληθῶς
1359 5459 1521 5528 ἐξηπ.
1556 5459 1680 5514 Bas.
1733 5459 1933 5523 Gram,
1966 5459 2156 5530 Steph.

409 5523 918 5602 κατηγορουμένων.
943 5523 1110 5580 Idem.
1189 5525 1236 5559 ³³
1259 5525 1412 5595 ἁγίου
1448 5528 1854 5585 Κωνσταντίνου
1885 5529 2004 5599 βασ.
2041 5529 2228 5602 Steph.

2267 5459 2310 5495 ³ι
2339 5461 2652 5533 προφέρων.
2687 5459 2812 5533 B_as.
2845 5461 3020 5533 Graec.
3103 5461 3176 5533 A“
3199 5463 3318 5515 ταῖν
3341 5462 3531 5533 ἀκοαῖν
3555 5462 3668 5512 τῶν

2343 5529 2394 5564 ’ν
2422 5529 2660 5593 ἅπαντες
2689 5529 2842 5586 abest
2873 5545 2901 5588 a
2931 5531 3057 5587 Bas.
3090 5530 3264 5587 Graec.
3377 5532 3421 5564 ³³
3444 5545 3668 5584 πιστευ-
