4084 6196
357 286 461 348 993

1355 271 1942 333 ECCLESIASTICIE
1971 271 2352 330 HISTORI/E
2381 271 2524 330 LIB.
2553 270 2613 329 ΙΙ

3509 262 3620 342 934,

369 389 434 445 Ἦ
463 388 582 443 θεία
610 385 834 457 πρόνοια
864 384 1006 454 ὑμᾶς
1037 380 1352 450 διαφυλάξοι
1374 383 1439 448 ⁵⁹,
1469 381 1685 449 ἀδελφοὶ
1719 383 1933 450 ἀγαπη-

2043 382 2287 444 rusticis,
2318 380 2597 434 nobilibus
2624 393 2777 448 atque
2801 392 2866 432 ac
2897 376 3147 448 plebeiis.
3196 375 3356 433 Solos
3397 375 3616 431 Ατιιιιιευ

355 481 693 538 τοί.--Μετά
708 477 911 532 τούτων
927 476 955 526 ὁ
974 475 1115 536 θεῖος
1152 473 1464 536 Ἀθανάσιος
1486 472 1532 502 ⁸⁰
1563 472 1790 540 ἀφίκετο
1821 472 1928 524 τῶν

355 572 736 647 γραμμάτων·
795 567 993 629 πάντες
1033 564 1090 617 δὲ
1139 563 1302 616 αὑτὸν
1350 562 1604 632 ἀσμένως
1631 561 1925 625 ἀπέλαϐον,

356 670 450 722 καὶ
483 664 636 719 ἀστοὶ
671 663 763 716 καὶ
792 657 1089 730 χωρητικοὶ
1117 656 1162 690 εί
1183 694 1198 719 ,
1246 655 1342 708 καὶ
1381 654 1550 722 ὀλίγοι
1583 654 1676 706 καὶ
1722 651 1927 705 πολλοί.

358 759 571 819 Μόνους
599 755 653 808 δὲ
695 752 819 824 ἠνία
851 751 949 820 τῆς
995 747 1205 819 ’Δρείου
1253 746 1446 817 μανίας
1488 745 1612 805 τοὺς
1661 743 1930 806 θιασώτας

357 844 682 901 ἐπανελθών.
717 841 806 894 Διὸ
855 840 920 909 δὴ
972 838 1134 891 πάλιν
1156 838 1201 869 ⁵¹
1263 837 1362 898 τὰς
1409 834 1617 897 οἰκείας
1672 833 1931 903 ἐκίνησαν

357 937 610 1010 μηχανὰς
656 933 914 994 Εὑσέϐιός
941 947 999 984 τε
1034 929 1125 982 καὶ
1158 926 1537 995 Θεογὸνιος⁶³,
1571 925 1664 978 καὶ
1693 925 1806 977 ὅσοι
1834 927 1934 994 τῆς

2036 471 2327 526 dementiae
2356 470 2574 525 sodales
2607 470 2694 522 hic
2719 469 2926 524 reditus
2967 470 3222 538 angebat.
3261 468 3443 533 Quare
3499 482 3615 520 rna-

2037 560 2232 616 cliinas
2262 576 2393 615 suas
2424 562 2621 614 iterum
2657 560 2950 614 admovent
2979 560 3250 614 Eusebius
3278 567 3334 613 et
3367 557 3616 629 Theogo-

2037 654 2184 719 nius,
2221 664 2278 708 et
2303 662 2571 725 quotquot
2603 652 2728 706 huic
2775 653 3003 706 factioni
3048 652 3433 716 adhaerebant,
3487 666 3614 704 rur-

2039 759 2274 814 sumque
2304 760 2466 800 aures
2489 744 2729 815 jnnioris
2753 744 2934 798 adhuc
2969 744 3230 813 principis
3253 741 3614 811 pertundunt.

2038 835 2154 902 Qua
2188 845 2366 890 autem
2396 835 2444 891 is
2483 836 2698 890 ratione
2732 836 2800 889 ab
2830 834 3136 905 apostolica
3157 832 3410 888 doctrina
3444 831 3616 888 delle-

2039 927 2203 990 xerit,
2238 925 2495 996 deinceps
2517 917 2982 980 commemorabo.

357 1027 560 1082 τούτων
613 1024 857 1093 ὑπῆρχον
908 1015 1248 1087 συμμορίας,
1297 1015 1392 1067 καὶ
1464 1013 1624 1066 πάλιν
1685 1013 1785 1075 τὰς
1832 1012 1926 1066 τοῦ
1997 1012 2260 1083 βασιλέως
2306 1013 2426 1065 νέου
2475 1030 2538 1082 γε
2588 1013 2740 1076 δντος
2783 1013 3075 1086 διώρυττον
3115 1011 3306 1075 ἀκοάς.
3375 1010 3514 1082 Ἐρῶ
3559 1012 3618 1074 δὲ

359 1121 454 1176 καὶ
483 1120 628 1180 ὅπως
661 1111 812 1176 οὗτος
855 1113 918 1164 ὲκ
957 1110 1055 1177 τῆς
1093 1109 1200 1162 τῶν
1243 1105 1615 1162 άποστολικῶν
1645 1105 1932 1176 δογμάτων
1969 1106 2258 1176 εὐθύτητος
2292 1109 2640 1176 παρετράπη.
3581 1097 3588 1112 ’

959 1202 1212 1256 ΚΕΦΑΛ.
1259 1201 1335 1253 B'.

364 1304 559 1376 Ὅπως
585 1295 1000 1358 Κωνστὰντιος
1039 1295 1072 1345 ό
1112 1290 1416 1376 βασιλεὺς
1461 1289 1571 1358 τῆς
1615 1287 1797 1357 ὀρθῆς
1837 1287 1932 1340 πί-

555 1375 562 1379 ·
854 1379 1042 1427 στεως
1069 1375 1440 1428 παρετράπη.

437 1455 789 1514 Κωνσταντία
838 1449 1108 1506 Λικιννίου
1131 1451 1176 1482 ³⁸
1233 1449 1330 1520 μὲν
1391 1447 1634 1517 ἐγεγόνει
1698 1445 1933 1517 γαμετὴ,

361 1549 772 1606 Κωνσταντίνου
794 1547 849 1599 δὲ
873 1541 940 1616 ἦν
967 1542 1191 1612 ἀδελφή.
1221 1541 1407 1612 Ταύτῃ
1433 1557 1518 1604 τις
1545 1538 1935 1610 πρεσϐύτερος,

2373 1195 2530 1252 CAP.
2575 1196 2639 1251 ιι.
2693 1196 2778 1270 [Β.
2813 1195 2895 1251 St.
2933 1195 3061 1251 Chr.
3096 1194 3161 1252 v.
3192 1195 3272 1270 3.]

2135 1287 2410 1354 Quomodo
2443 1287 2790 1343 Constantius
2849 1289 3136 1360 imperator
3179 1307 3212 1343 a
3253 1303 3394 1346 recta
3424 1290 3531 1360 [ide

2586 1361 2842 1412 abductus
2869 1359 3050 1427 fuerit.

2113 1446 2450 1504 Constantia:
2485 1447 2681 1502 Licinii
2709 1449 2839 1503 olim
2868 1449 3110 1518 coniugi,
3139 1451 3318 1504 sorori
3341 1450 3618 1506 Constan-

2045 1539 2168 1604 tini,
2215 1539 2503 1596 familiaris
2556 1540 2734 1595 fuerat
2788 1540 3080 1611 presbyter
3136 1541 3358 1610 quidam
3414 1542 3618 1598 Ariana

362 1643 462 1714 τὴν
500 1639 840 1712 Ἀρειανικὴν
885 1635 1262 1706 εἰσδεξάμενος
1295 1631 1506 1702 λώϐην,
1542 1630 1777 1702 συνήθης
1807 1629 1927 1698 ἐγέ-

2043 1629 2158 1683 labe
2185 1629 2442 1684 infectus.
2475 1628 2542 1682 Et
2569 1643 2884 1699 quanquam
2908 1629 2956 1685 is
2989 1629 3236 1684 morbum
3280 1645 3387 1685 non
3434 1646 3620 1702 apere

365 1753 507 1798 νετο,
533 1735 627 1787 καὶ
653 1733 751 1802 τὴν
785 1732 881 1802 μὲν
917 1729 1071 1783 νόσον
1113 1727 1175 1780 οὑ
1215 1723 1505 1795 προφανῶς
1533 1723 1742 1776 ἐδείκνυ
1766 1739 1778 1752 ·
1812 1737 1935 1773 συν-

362 1827 508 1897 εχῶς
539 1826 594 1878 δὲ
624 1825 760 1893 αὑτῇ
806 1819 1352 1894 προσδιαλεχόμενος,
1391 1816 1544 1883 ἔλεγε
1576 1811 1936 1880 συκοφαντίαν

367 1916 846 1989 ὑπομεμενηκέναι
891 1912 982 1966 τὸν
1015 1911 1253 1980 Ἄρειον.
1286 1906 1500 1976 Ταύτην
1526 1906 1554 1957 ὁ
1583 1902 1938 1972 πανεύφημος

369 2009 793 2067 Κωνσταντῖνος,
829 2002 967 2074 μετὰ
986 2002 1084 2071 τὴν
1103 1999 1196 2053 τοῦ
1218 1997 1510 2060 δυσσεϐοῦς
1535 1994 1725 2065 ἀνδρὸς
1753 1992 1937 2046 τελευ-

364 2100 502 2171 τὴν,
542 2096 888 2165 παντοδαπῆς
930 2092 1258 2164 κηδεμονίας
1291 2089 1443 2162 ἠξίου
1467 2128 1483 2151 ,
1539 2086 1634 2139 καὶ¹
1684 2085 1791 2138 τῶν
1839 2085 1938 2154 τῆς

369 2190 598 2262 χηρείας
633 2184 872 2256 ἀνιαρῶν
918 2185 1114 2254 πεῖραν
1151 2182 1251 2234 οὑκ
1300 2181 1388 2232 ετα
1416 2176 1632 2230 λαϐεῖν⁴
1685 2175 1778 2228 καὶ
1809 2173 1938 2242 παρ’

369 2279 538 2350 αὑτήν
563 2277 734 2349 δὲτὴν
759 2273 1014 2345 τελευτὴν
1038 2271 1217 2343 παρῆν
1245 2269 1406 2340 αὑτῇ,
1439 2267 1540 2338 τὴν
1563 2265 1940 2337 ἁρμόττουσαν

369 2371 668 2444 θεραπείαν
725 2366 1070 2438 προσφέρων.
1124 2363 1258 2415 Τότε
1313 2359 1378 2430 δὴ
1432 2357 1621 2412 τοῦτον
1677 2355 1940 2425 κληθῆναι

369 2462 674 2517 κελεύσασα
697 2459 789 2512 τὸν
816 2455 1204 2530 πρεσϐύτερον,
1233 2452 1332 2522 τῆς
1355 2449 1448 2504 τοῦ
1477 2447 1740 2520 βασιλέως
1762 2445 1942 2512 ἀξιοῦ-

2037 1719 2316 1789 proderet,
2379 1719 2600 1775 assidue
2669 1730 2851 1776 tamen
2891 1735 3017 1775 cum
3091 1737 3155 1777 ea
3233 1723 3616 1794 colloquens,‘

2037 1811 2228 1864 Arium
2277 1809 2418 1865 falso
2483 1821 2798 1866 accusatum
2854 1811 3028 1867 fuisse
3076 1811 3399 1868 allirmabat.
3468 1814 3620 1871 Hanc

2039 1902 2186 1956 omni
2225 1902 2388 1957 laude
2415 1902 2800 1972 pmdicandus
2846 1903 3267 1969 Constantinus,
3305 1916 3430 1976 post
3467 1908 3616 1977 impii

2037 1993 2142 2048 viri
2193 2001 2448 2059 mortem,
2500 1996 2649 2049 omni
2695 1994 2881 2051 studio
2927 1997 3282 2063 complexus,
3337 1998 3622 2053 viduitatis

2038 2083 2384 2140 incommoda
2441 2085 2681 2154 experiri
2723 2101 2830 2138 non
2879 2085 3130 2154 permisit
3164 2103 3178 2139 :
3209 2093 3263 2140 et
3307 2087 3412 2141 sub
3445 2086 3620 2156 ipsam

2039 2191 2258 2246 quoque
2288 2187 2518 2231 mortem
2561 2177 2638 2230 illi
2669 2175 2868 2244 adfuit,
2901 2191 3321 2248 congruensquc
3363 2178 3620 2232 solatium

2042 2267 2328 2336 impendit.
2365 2265 2503 2321 Tum
2536 2267 2626 2320 illa
2672 2267 3053 2337 presbyterum
3109 2265 3259 2320 hunc
3316 2267 3483 2320 acciri
3529 2265 3624 2334 ju-

2041 2356 2199 2422 bens,
2251 2357 2639 2427 imperatorem
2690 2364 2863 2427 rogat,
2909 2364 2970 2412 ut
3001 2373 3126 2413 eum
3177 2358 3620 2413 commendatum

2043 2447 2250 2501 habere
2321 2447 2472 2501 velit.
2552 2445 2952 2502 Constantinus
3023 2461 3152 2502 vero
3226 2454 3282 2502 et
3347 2445 3618 2500 facturum

369 2555 492 2607 σθαι
555 2549 894 2623 προμηθείας
947 2547 1244 2599 ίκέτευσεν.
1312 2542 1370 2594 Ὀ
1427 2540 1483 2594 δὲ
1536 2537 1940 2598 Κωνσταντῖνος

2043 2537 2204 2606 827
2237 2551 2295 2590 se
2319 2551 2444 2591 mox
2475 2538 2707 2606 recepit,
2737 2545 2792 2591 et
2833 2537 2977 2606 quod
3013 2537 3340 2606 promiserat
3392 2552 3451 2592 re
3499 2538 3620 2608 ipsa

367 2643 462 2698 καὶ
508 2638 808 2711 τηνικαῦτα
850 2635 1009 2690 τοῦτο
1050 2632 1301 2701 ποιήσειν
1329 2628 1626 2696 ὑπέσχετο,
1679 2624 1774 2678 καὶ
1805 2623 1940 2692 μετά

2043 2635 2228 2695 postea
2258 2627 2531 2696 praestitit,
2559 2626 3042 2696 eiquelibcrtatem
3070 2627 3212 2696 apud
3242 2642 3302 2682 se
3322 2627 3620 2682 maximam

365 2733 538 2788 ταῦτα
564 2707 923 2800 ’πεπλήρωκε
974 2724 1072 2796 τὴν
1123 2721 1415 2791 ὑπόσχεσιν
1441 2737 1454 2750 ·
1515 2716 1785 2788 μετέδωκε
1833 2713 1940 2784 γὰρ

2043 2717 2340 2771 concessit.
2369 2717 2622 2770 Attamen
2672 2717 2799 2771 licet
2831 2725 2983 2770 tanta
3041 2717 3426 2772 benevolentia
3469 2717 3620 2772 frue-

359 2824 516 2895 αὑτῷ
545 2820 858 2893 παρρησίας
887 2818 968 2871 ὅτι
1021 2814 1254 2886 μάλιστα
1302 2810 1583 2878 πλείστης.
1626 2807 1764 2861 Ἀλλ’
1793 2807 1940 2875 ὅμως

2043 2814 2213 2867 retur,
2241 2805 2495 2859 morbum
2538 2812 2723 2859 tamen
2754 2805 2971 2874 aperire
3001 2821 3282 2876 nunquam
3311 2816 3396 2863 est
3427 2822 3616 2874 ausus,

370 2919 464 2973 καὶ
505 2914 706 2984 πολλῆς
759 2910 1075 2979 ἀξιούμενος
1119 2902 1445 2975 θεραπείας,
1490 2901 1591 2954 οὑκ
1640 2898 1940 2968 ἐθάρσησεν

2043 2904 2382 2950 constantem
2410 2912 2641 2952 cernens
2661 2898 2715 2950 in
2735 2897 2898 2953 rebus
2937 2897 3139 2954 divinis
3165 2901 3406 2954 animum
3449 2901 3621 2972 impe-

367 2981 718 3078 ἀποκαλύψαι
750 3005 849 3074 τὴν
878 3002 1030 3055 νόσον
1054 3040 1068 3064 ,
1105 2995 1328 3068 βεϐαίαν
1365 2993 1505 3063 ὁρῶν
1550 2991 1680 3063 περὶ
1720 2990 1790 3042 τά
1823 2988 1940 3042 θεῖα

2047 2989 2270 3042 ratoris.
2304 2985 2604 3057 Postquam
2650 3003 2777 3044 vero
2815 2990 3252 3055 Constantinus,
3291 2990 3360 3044 ad
3397 2991 3621 3046 immor-

372 3103 466 3158 τοῦ
519 3097 783 3171 βασιλέως
830 3093 928 3164 τὴν
980 3089 1226 3159 γνώμην.
1271 3082 1490 3154 Ἐπειδὴ
1543 3081 1598 3134 δὲ
1653 3082 1944 3134 Κωνσταν-

370 3199 516 3259 τίνος
564 3195 644 3254 είς
696 3190 794 3261 τὴν
851 3182 1155 3252 ἀνώλεθρον
1215 3175 1610 3250 μεθιστάμενος
1643 3171 1942 3261 βασιλείαν,

371 3284 488 3343 τοῖς
515 3277 703 3332 παισὶν
729 3260 788 3329 ὲν
819 3271 1105 3341 διαθήκαις
1131 3267 1230 3336 τὴν
1262 3265 1527 3336 ἐπίκηρον
1559 3262 1761 3331 ταύτην
1795 3260 1946 3330 βασι-

373 3371 526 3426 λείαν
586 3368 888 3436 διένειμεν,
939 3359 1114 3421 οὐδεὶς
1183 3358 1239 3411 δὲ
1289 3355 1493 3410 τούτων
1516 3355 1561 3386 ³⁸
1623 3351 1944 3406 τελευτῶντι

376 3463 580 3531 παρῆν,
611 3457 783 3526 τούτῳ
824 3454 968 3524 μόνῳ
1011 3450 1088 3521 τῷ
1143 3447 1499 3520 πρεσϐυτέρῳ
1546 3445 1646 3509 τάς
1678 3443 1946 3514 διαθήκας

377 3551 683 3610 ἐπίστευσε,
727 3541 1093 3612 ’Κωνσταντίῳ
1120 3539 1324 3603 ταύτας
1375 3538 1595 3607 δοθῆναι
1653 3535 1940 3598 κελεύσας.

376 3635 547 3704 Οὗτος
585 3637 692 3708 γὰρ
741 3635 849 3690 τῶν
885 3625 999 3706 [7i]
1035 3632 1208 3686 ἄλλων
1251 3629 1640 3702 πλησιέστερος
1678 3628 1787 3694 ὢν,
1839 3627 1946 3698 πρὸ

366 3734 485 3788 τῶν
529 3730 702 3786 ἄλλων
753 3727 1044 3797 ἀφικέσθαι
1101 3723 1464 3794 προσδόκιμος
1517 3717 1604 3794 ῆν.
1666 3721 1944 3774 Ἐντεῦθεν

375 3820 527 3886 οὗτος
553 3821 631 3892 τῷ
657 3817 1018 3888 Κωνσταντίῳ
1044 3815 1336 3886 γενόμενος
1364 3812 1662 3884 γνώριμος,
1696 3813 1946 3865 ἀπέδωκε

377 3915 486 3987 γάρ
517 3914 615 3977 τὰς
643 3912 906 3983 διαθήκας
935 3909 1010 3972 ὡς
1041 3906 1412 3979 προσετάχθη,
1448 3905 1686 3976 συνήθης
1710 3904 1942 3971 ἐγένετο,

379 4009 475 4060 καὶ
525 4004 677 4074 θαμά
692 4004 736 4034 ⁵⁸
787 4002 976 4071 φοιτᾷν
1007 3999 1134 4068 παρ’
1174 3996 1335 4050 αὑτὸν
1365 3995 1667 4048 ἐκελεύετο.
1698 3993 1946 4047 Κατιδὼν

375 4097 434 4149 δὲ
477 4094 698 4165 εὔριπον
717 4093 762 4124 ⁸⁷
803 4091 896 4145 τοῦ
925 4086 1307 4143 Κωνσταντίου
1354 4087 1452 4156 τὴν
1484 4084 1711 4154 γνώμην
1739 4122 1754 4148 ,
1813 4085 1946 4138 καθ-

379 4188 522 4256 άπερ
542 4186 589 4217 ”
614 4183 878 4252 καλάμοις
907 4180 998 4232 ὑπ’
1033 4179 1249 4248 ἀνέμων
1287 4177 1545 4231 ἐναντίων
1568 4175 1694 4247 τῇδε
1725 4175 1946 4230 κάκεῖσε

377 4274 716 4341 κλινομένοις
766 4272 1180 4341 προσεοικυῖαν,
1223 4267 1496 4338 ἐθάρρησε
1542 4265 1634 4319 τὸν
1665 4265 1808 4320 κατὰ
1838 4267 1946 4319 τῶν

377 4361 748 4434 εὑαγγελικῶν
795 4359 1080 4430 δογμάτων
1131 4355 1490 4421 ἀναδέξασθαι
1541 4355 1794 4426 πόλεμον.
1837 4357 1947 4412 Καὶ

376 4457 487 4511 τῶν
549 4451 887 4524 Ἐκκλησιῶν
927 4449 1088 4520 δῆθεν
1140 4447 1239 4519 τὴν
1303 4447 1472 4519 ζάλην
1529 4447 1944 4520 ὀλοφυρόμενος,

378 4548 582 4610 αἰτίους
608 4545 761 4613 ἔλεγε
785 4542 912 4605 τοὺς
948 4540 1046 4611 τὴν
1083 4539 1329 4610 ἄγραφον
1373 4537 1468 4593 τοῦ
1510 4538 1793 4609 ὁμοουσίου
1835 4557 1946 4609 φω-

379 4642 476 4711 νὴν
513 4637 886 4700 ὲντεθεικότας
930 4635 997 4706 τῇ
1045 4631 1360 4704 διδασκαλίᾳ
1404 4631 1505 4701 τῆς
1548 4630 1815 4696 πίστεως’
1847 4631 1946 4684 καὶ

380 4727 538 4779 τοῦτο
582 4725 678 4780 καὶ
709 4726 822 4788 τοῖς
872 4714 1214 4793 ἱερωμένοις,
1266 4719 1500 4782 καὶτοῖς
1537 4717 1750 4782 πολλοῖς
1779 4718 1946 4790 ἐργά-

382 4815 569 4880 ζεσθαι
618 4815 718 4885 τὴν
768 4813 1067 4866 διάστασιν.
1135 4807 1414 4863 Ἐντεῦθεν
1474 4807 1792 4862 ’Δθανασίου
1848 4809 1945 4863 καὶ

379 4898 490 4952 τῶν
535 4900 604 4952 τὰ
656 4903 745 4954 ῐσα
792 4898 1130 4969 φρονούντων
1179 4896 1500 4968 κατηγορῶν
1523 4937 1538 4963 ,
1592 4897 1690 4962 τάς
1711 4898 1758 4929 ⁵⁸
1799 4899 1941 4952 κατά

380 4989 583 5044 τούτων
630 4989 916 5052 ἐπιϐουλάς
964 4987 1319 5044 ἐτεκταίνετο.
1356 4987 1541 5060 Τούτῳ
1575 4987 1820 5060 συνεργῷ
1853 5007 1942 5044 κει

2047 3079 2152 3134 tale
2178 3079 2419 3149 migrans
2459 3095 2708 3149 regnum,
2759 3082 3030 3136 caducum
3068 3085 3172 3136 hoc
3215 3098 3441 3154 regnum
3479 3082 3623 3138 inter

2046 3171 2186 3225 ﬁlios
2241 3177 2573 3226 testamento
2630 3173 2834 3238 divisit,
2900 3191 3022 3228 cum
3090 3175 3311 3229 illorum
3365 3175 3621 3232 morienti

2046 3263 2263 3318 adesset
2292 3263 2494 3326 nullus,
2529 3266 2846 3320 testamenti
2902 3265 3119 3322 tabulas
3171 3267 3301 3321 huic
3357 3268 3449 3322 uni
3503 3283 3623 3338 pre-

2047 3354 2266 3425 sbytero
2297 3339 2598 3420 commisit,
2638 3357 2834 3425 iubens
2859 3365 2918 3412 ut
2959 3359 3284 3412 Constamio
3333 3362 3622 3415 traderen-

2047 3453 2154 3501 tur.
2189 3446 2290 3502 Ilic
2317 3449 2487 3516 enim,
2517 3451 2642 3519 quia
2665 3451 2878 3506 caeteris
2909 3450 3141 3505 vicinior
3163 3460 3303 3514 erat,
3333 3462 3458 3506 ante
3479 3452 3622 3508 alios

2046 3547 2312 3597 venturus
2342 3541 2692 3596 credebatur.
2743 3541 2880 3598 [line
2914 3542 3243 3598 Constantio
3286 3558 3411 3596 cum
3464 3543 3616 3597 inno-

2048 3633 2245 3688 luisset
2311 3634 2618 3704 presbyter,
2675 3634 2859 3689 oblato
2921 3641 3250 3689 testamento
3323 3643 3382 3688 ut
3443 3631 3623 3689 fuerat

2049 3727 2398 3796 imperatum,
2433 3726 2722 3782 familiaris
2751 3725 2924 3782 eidem
2957 3725 3136 3781 factus
3169 3734 3276 3792 est,
3323 3725 3624 3796 iussusque

2048 3818 2228 3887 ipsum
2279 3818 2671 3887 frequentare.,
2699 3817 2803 3884 Qui
2860 3819 3246 3874 animadversa
3313 3818 3619 3874 Constantii

2049 3909 2353 3964 nobilitate
2383 3911 2574 3972 animi,
2600 3910 2802 3980 quippe
2843 3910 2938 3979 qui
2981 3909 3334 3973 arundinum,
3366 3926 3487 3981 qua
3516 3911 3623 3964 huc

2047 4001 2288 4072 illucque
2360 4001 2654 4056 contrariis
2712 4001 2892 4058 ventis
2955 4000 3352 4071 impelluntur,
3421 4000 3622 4056 similis

2046 4099 2214 4155 esset,
2237 4091 2304 4145 ad
2333 4090 2534 4145 bellum
2563 4099 2755 4145 contra
2794 4091 3112 4160 evangelica
3145 4090 3398 4158 dogmata
3429 4089 3622 4154 ,διιεεὶ-

2046 4182 2306 4250 piendum
2352 4180 2568 4236 animos
2589 4180 2785 4235 erexit.
2834 4180 3022 4249 Itaque
3077 4188 3457 4249 tempestatem
3511 4196 3624 4250 qua

2051 4271 2309 4328 Ecclesia:
2366 4271 2719 4341 iactabantur
2781 4270 3100 4342 deplorans,
3133 4283 3355 4324 causam
3395 4269 3450 4324 in
3498 4270 3622 4323 illos

2050 4361 2386 4429 conferebat,
2417 4362 2510 4433 qui
2561 4360 3032 4417 consubstantialis
3086 4375 3274 4416 vocem
3321 4360 3623 4430 Scriptura:

2043 4469 2212 4509 sacris
2267 4454 2587 4510 inusitatam
2655 4451 2992 4508 confessioni
3055 4451 3177 4508 fidei
3235 4452 3618 4522 adjecissent:

2043 4551 2207 4613 atque
2270 4543 2376 4598 lioc
2428 4557 2597 4598 unum
2647 4543 2828 4598 aiebat
2882 4543 3025 4598 inter
3075 4541 3330 4606 clericos,
3372 4541 3624 4610 interque

2041 4633 2216 4687 laicos
2261 4631 2556 4688 dissidium
2603 4647 2915 4702 procreare.
2962 4631 3169 4686 Deinde
3220 4629 3622 4690 Athanasium.

2041 4731 2097 4777 et
2119 4735 2215 4776 eos
2246 4721 2340 4790 qui
2369 4736 2492 4776 cum
2517 4737 2584 4776 eo
2624 4722 2933 4778 sentiebant
2969 4722 3256 4784 incusans,
3301 4718 3370 4774 ad
3399 4726 3622 4773 struen-

2041 4815 2141 4884 das
2169 4813 2278 4869 illis
2311 4811 2546 4868 insidias
2576 4829 2635 4869 se
2667 4813 3049 4884 comparabat.
3083 4811 3196 4867 Hoc
3231 4810 3485 4877 adiutore
3535 4807 3622 4863 usi

2051 4883 2324 4959 E'usebius
2355 4911 2411 4958 et
2451 4883 2824 4975 Theogonius,
2859 4920 2922 4959 ac
2957 4903 3279 4959 Theodorus
3310 4899 3623 4956 Perinthius

2055 4995 2287 5064 (eximiae
2343 4996 2606 5054 doctrinae
2659 4997 2828 5068 828
2885 4999 2968 5053 vir
3012 4997 3113 5052 fuit
3151 4996 3240 5051 hic
3269 4994 3620 5056 Theodorus,

1756 5145 1990 5200 VARUS
2029 5145 2323 5206 LECTION
2331 5151 2435 5208 ES.

449 5305 495 5337 ι’
525 5301 862 5370 διαφυλάξαι.
891 5302 1154 5358 Athanas.
1183 5303 1379 5357 editus.
1409 5299 1733 5370 Διαφυλάξει
1771 5301 1932 5356 codd.
1967 5302 2230 5359 Athanas.
2295 5314 2348 5358 et
2408 5305 2532 5361 Bas.
2586 5304 2758 5358 Graec.
2834 5305 2880 5336 '°
2919 5303 3098 5358 Ἀθαν.
3122 5303 3383 5360 omissum
3415 5304 3467 5358 in
3497 5303 3616 5360 Bas.

380 5371 554 5446 Graec.
585 5444 593 5446 Α
625 5373 669 5404 ⁸⁸
708 5373 1005 5446 χωρητικοί
1050 5373 1300 5446 displicet
1347 5371 1562 5446 Valesio
1598 5372 1725 5446 (nisi
1756 5372 2165 5446 sit_xmpqu§_;
2179 5388 2304 5446 Apro
2332 5377 2557 5446 χωρίτῃ,
2597 5385 2665 5446 ut_
2681 5374 2939 5446 ναυτικὸς
2963 5375 3102 5446 idem
3135 5390 3198 5446 ac
3224 5374 3620 5446 ναύτης),ιιι;ιο

382 5445 497 5496 vult
530 5444 692 5511 igitur
729 5442 1019 5512 χωρικούς.

1125 5441 1171 5472 δ’
1200 5441 1361 5493 πάλιν
1405 5444 1558 5498 abest
1588 5440 1618 5493 a
1653 5441 1779 5494 Bas.
1819 5440 1994 5494 Graec.

381 5514 526 5566 Scal.
553 5509 607 5566 et
636 5509 876 5566 Casau'b.
951 5511 997 5543 ⁵⁵
1030 5509 1292 5579 Λικινίου.
1345 5511 1462 5562 llas.
1489 5510 1660 5565 Graec.
1736 5511 1782 5541 "
1807 5510 2001 5579 τούτῳ.
2031 5509 2220 5579 Steph.
2260 5513 2309 5564 l.

2103 5442 2438 5512 ⁵³Θεόγνιος’.
2472 5442 2594 5498 Bas.
2627 5443 2801 5498 Graec.
2833 5454 2884 5497 et
2909 5444 3094 5512 Steph.
3132 5445 3180 5497 Ι.
3213 5443 3433 5512 Θεῦγνις
3466 5444 3618 5504 ϐίη..

2411 5514 2456 5544 ⁸⁸
2489 5513 2578 5566 Sic
2608 5521 2661 5566 et
2685 5514 2809 5567 cod.
2850 5513 2992 5578 Plui,
3015 5513 3355 5582 Cllristopli.,
3415 5514 3617 5582 Scalig.

386 5561 895 5664 ξεέξιέζ⁷ρὲόιξξιὶιὲ⁹
917 5578 1292 5664 V'ales_io.nSed
1318 5561 2188 5664 Ιξέεἱικϐτξειίξιθοριι..ξδ’
2219 5561 2878 5664 εὑρίπιστοννεοοιῖἧᾶιιιί]

387 5645 652 5707 Valesius.
727 5651 772 5683 ⁸⁸
801 5649 915 5705 καί.
945 5649 1110 5705 Basil.
1161 5645 1253 5702 Gr.
1344 5649 1514 5728 “_xal
1544 5649 1664 5712 τάς.
1703 5645 1869 5707 Basil.
1905 5645 2001 5704 Gr.
2033 5657 2084 5705 et
2112 5645 2318 5724 Steph}
