4084 6196
433 333 540 398 995

1426 323 1915 384 THEODORETI
1953 321 2296 382 EPISCOPI
2337 321 2707 382 CYRENSIS

3602 317 3709 383 996

429 437 964 509 commentariosque
1044 436 1268 507 scripsit
1331 435 1385 490 in
1461 449 1622 489 sacra
1691 433 2019 504 Evangelia,

2135 431 2388 502 κρημένοι
2423 431 2683 494 Εὐσέϐιός
2723 447 2781 482 τε
2829 429 2923 482 καὶ
2956 429 3237 498 Θεογόνιος
3260 427 3331 495 ⁸⁸,
3366 427 3460 482 καὶ
3497 427 3710 482 9566m-

430 549 591 604 quem
635 533 796 600 vulgo
830 531 1110 601 appellant
1149 525 1550 597 Ileraclentem)
1575 567 1587 587 ,
1623 541 1749 580 cum
1788 525 2018 593 impera-

433 637 629 686 torem,
671 635 860 695 utpote
899 625 1083 686 vicini,
1132 623 1328 677 crebro
1367 621 1748 682 convenirent,
1775 619 2021 674 Athana-

432 717 496 770 sii
528 716 761 768 reditum
800 715 1067 767 malorum
1093 714 1457 782 plurimorum
1491 724 1714 764 causam
1739 708 2023 762 exstitisse

431 805 821 872 suggerebant,
879 802 1291 872 necIEgyptum
1337 802 1551 866 solum,
1606 815 1794 855 verum
1854 800 2020 853 etiam

434 895 778 950 Palaestinam
834 903 888 948 et
940 893 1238 950 Phoenicen
1285 893 1658 963 ﬁnitimasque
1716 899 1906 962 gentes
1963 905 2026 944 ea

436 991 670 1056 procella
706 989 994 1055 implicari.

2127 541 2222 596 ρος
2267 524 2296 576 ὁ
2347 523 2673 595 Περίνθιοςο
2726 522 3010 592 ἐλλόγιμος
3040 523 3084 552 ⁶¹
3140 520 3198 574 δὲ
3257 520 3625 589 διαφερόντως
3682 519 3712 573 6

2126 616 2403 687 Θεόδωρος
2433 612 2520 686 ἧν,
2555 615 2648 668 καὶ
2681 615 2746 687 δὴ
2782 614 2877 666 καὶ
2901 613 3010 666 τῶν
3037 613 3198 666 θείων
3231 612 3581 680 Εὐαγγελίων
3611 612 3713 682 τὴν

2129 709 2427 780 ἑρμηνείαν
2483 707 2824 777 συνέγραψεν
2846 707 2932 770 θ’,
2995 702 3380 774 Ἡρακλεώτην
3431 701 3488 755 δὲ
3552 702 3714 757 αὐτὸν

2129 795 2488 867 ὀνομάζουσιν
2538 799 2588 848 οἱ
2636 795 2818 848 πολλοί
2847 810 2861 824 ·
2931 787 3144 847 οὐτοιθδ
3198 793 3457 862 συνεχῶς,
3501 793 3595 845 ἅτε
3649 791 3713 862 δὴ

2133 888 2558 957 γειτονεύοντες,
2586 888 2676 941 τὸν
2731 888 2956 958 βασιλέα
2973 889 3018 920 ⁸⁸
3047 887 3284 956 ὁρῶντες
3302 927 3317 950 ,
3347 885 3448 956 τὴν
3480 885 3589 938 ἀπὸ
3615 884 3716 954 τῆς

2135 985 2352 1057 ἐξορίας
2407 985 2666 1038 ἐπάνοδον
2724 982 3050 1037 Ἀθανασίου
3124 980 3464 1052 παμπόλλων
3529 979 3717 1046 ἔλεγον

435 1079 616 1131 αἰτίαν
662 1078 991 1148 γεγενῆσθαι
1031 1079 1250 1132 κακῶν·
1297 1079 1390 1132 καὶ
1431 1078 1491 1130 οὐ
1561 1079 1719 1148 μόνον
1776 1077 1876 1147 τὴν
1945 1075 2222 1144 Αἴγυπτον
2281 1077 2714 1149 μεταλαγχάνειν
2790 1075 2884 1129 τοῦ
2935 1074 3235 1136 κλύδωνος,
3285 1071 3423 1126 ἀλλὰ
3473 1071 3566 1124 καὶ
3619 1067 3718 1138 τὴν

436 1173 820 1244 Παλαιστίνην,
855 1175 949 1226 καὶ
998 1173 1093 1245 τὴν
1125 1173 1398 1243 Φοινίκην,
1430 1171 1522 1226 καὶ
1562 1173 1631 1225 τὰ
1662 1171 1796 1223 ἄλλα
1831 1171 2006 1240 ὅμορα
2035 1171 2186 1242 ἔθνη.

744 1264 940 1319 ‘CAP.
977 1265 1058 1317 ni.
1122 1264 1206 1336 [ιι.
1252 1268 1335 1318 si.
1378 1265 1478 1317 cn.
1518 1262 1581 1317 v.
1632 1262 1712 1334 4.]

438 1355 526 1411 De,
544 1355 775 1411 secunda
808 1356 949 1410 beati
1001 1357 1280 1409 Athanasii
1321 1357 1660 1427 relegatione,
1691 1353 2029 1426 Gregoriique

805 1437 916 1479 tum
945 1428 1281 1480 ordinatione
1329 1436 1439 1479 tum
1486 1437 1671 1480 morte.

1095 1586 1445 1643 sermonibus
1496 1600 1622 1639 cum
1690 1585 2028 1641 levissimum

437 1677 561 1742 ejus
615 1677 862 1730 animum
899 1685 1343 1748 expugnassent,
1403 1683 1800 1745 persuaserunt
1858 1676 1909 1730 ei
1968 1683 2029 1728 ut

506 1583 606 1640 His
651 1593 704 1640 et
756 1585 1030 1642 similibus

2748 1260 3000 1315 ΚΕΦΑΛ.
3037 1257 3112 1315 Γ.

2134 1355 2273 1420 Περὶ
2321 1354 2432 1422 τῆς
2495 1355 2601 1409 τοῦ
2656 1352 2956 1422 μακαρίου
3027 1348 3377 1422 Ἀθανασιόυ
3431 1346 3717 1422 δευτέρας

2205 1417 2462 1492 ἐξοριάξι,
2508 1426 2607 1478 καὶ
2653 1417 2764 1491 τῆς
2811 1417 3145 1490 Γρηγοριόυ
3195 1417 3620 1483 κατασττίσεώς
3654 1432 3719 1468 τε

2205 1496 2306 1549 καὶ
2334 1495 2641 1563 τελευτῆς.

2205 1587 2429 1651 Τούτοις
2463 1588 2558 1641 καὶ
2587 1589 2698 1648 τοῖς
2728 1583 2993 1644 τοιούτοις
3029 1579 3208 1648 λόγοις
3244 1578 3348 1649 sip?
3377 1576 3720 1647 κουφοτάτην

2136 1677 2298 1731 αὐτοῦ
2336 1679 2799 1748 πολιορκήσαντες
2831 1674 3056 1743 γνώμην
3084 1710 3098 1732 ,
3151 1670 3377 1723 ἔπεισαν
3417 1668 3584 1722 αὐτὸν
3629 1667 3722 1734 ἐξ·

437 1769 799 1822 Athanasium
833 1769 1079 1823 Ecclesia
1137 1785 1236 1822 sua
1283 1768 1600 1837 expeileret.
1627 1764 1828 1820 Verum
1862 1766 2029 1819 Atha-

2135 1772 2324 1826 ελάσαι
2353 1772 2453 1842 τῆς
2505 1770 2837 1840 Ἐκκλησίας
2881 1767 2971 1820 τὸν
3022 1766 3364 1820 Ἀθανάσιον.
3410 1765 3468 1817 ’0
3496 1765 3554 1818 δέ
3583 1780 3720 1836 προ-

439 1862 650 1919 nasius.
688 1861 1035 1930 praecognitis
1073 1861 1292 1913 illorum
1325 1860 1568 1919 insidiis,
1611 1858 1846 1913 secessit
1889 1858 2024 1928 ipse,

439 1961 492 2005 ct
523 1954 574 2004 in
601 1951 956 2006 0-‘6itletll8lll
1007 1967 1066 2005 se
1125 1953 1380 2004 contulit.
1423 1949 1502 2002 Ad
1539 1949 1848 2002 Romanum
1881 1950 2025 2002 enim

439 2044 781 2111 episcopum,
826 2039 1037 2095 Julium
1074 2042 1352 2100 videlicet,
1395 2041 1489 2109 qui
1536 2041 1835 2095 Ecclesiam
1880 2041 2026 2093 illam

441 2143 575 2188 tunc
618 2135 861 2203 regebat,
893 2133 1186 2187 Ensebiani
1221 2137 1556 2202 compositas
1578 2133 1631 2186 in
1663 2132 2026 2187 Athanasium

441 2225 750 2278 calumnias
804 2225 1266 2294 perscripseram.
1301 2223 1351 2278 Is
1389 2240 1518 2279 vero
1542 2263 1558 2288 ,
1588 2225 2028 2278 ecclesiasticam

443 2327 682 2382 sequens
714 2321 982 2383 regutam,
1027 2323 1082 2368 et
1127 2317 1276 2381 ipsos
1332 2312 1560 2368 Romam
1606 2315 1791 2368 venire
1841 2313 2028 2383 jussit,

356 2445 361 2450 .
442 2413 494 2458 et
542 2404 731 2458 divino
762 2407 1067 2459 Athanasio
1107 2407 1172 2459 ad
1219 2405 1489 2475 judicium
1545 2407 1689 2461 diem
1730 2407 1891 2462 dixit.
1925 2406 2028 2473 Qui

444 2497 606 2550 sinml
643 2513 706 2550 ac
737 2499 1054 2552 citatiOnem
1089 2501 1321 2569 accepit,
1353 2499 1575 2552 inviam
1611 2501 2028 2570 quamprimum

445 2609 504 2647 se
538 2593 708 2648 dedit.
752 2593 825 2646 At
864 2597 954 2663 qui
994 2594 1238 2648 fabulam
1288 2607 1507 2655 norant.
1539 2598 1742 2666 quippe
1787 2599 1882 2666 qui
1911 2611 2032 2652 eam

445 2687 547 2756 ipsi
580 2686 976 2744 eondiderant.
1009 2687 1241 2740 Romam
1290 2687 1412 2742 ideo
1456 2687 1690 2757 profecti
1727 2705 1836 2743 non
1879 2697 2030 2754 sunt,

445 2777 590 2846 quod
648 2778 997 2830 mendacium
1047 2776 1206 2831 facile
1254 2777 1661 2846 deprehensum
1717 2777 1782 2830 iri
1827 2776 2034 2831 sentie-

446 2868 618 2931 bant;
677 2883 806 2921 oves
839 2876 1019 2921 autem
1061 2877 1280 2936 pastore
1322 2866 1623 2921 destitutas
1669 2881 1794 2919 cum
1851 2879 2038 2930 cerne-

443 2966 590 3020 rent,
626 2959 811 3028 lnpum
841 2959 950 3012 illis
983 2973 1083 3028 pro
1112 2967 1332 3028 pastore
1373 2957 1779 3028 imposuerunt,
1813 2957 2036 3012 nomine

444 3049 796 3120 Gregorium.
851 3049 952 3114 Qui
1011 3049 1078 3102 ad
1149 3065 1243 3102 sex
1302 3065 1478 3103 annos
1524 3048 1656 3104 feris
1722 3047 2034 3117 agrestibus

2134 1862 2320 1934 μαθὼν
2349 1863 2449 1931 τὴν
2467 1860 2782 1929 ἐπιϐουλὴν,
2801 1856 3151 1926 ὑπεχώρησε,
3173 1865 3268 1908 και
3295 1854 3395 1924 τὴν
3439 1852 3719 1926 Ἑσπέραν

2129 1952 2445 2023 κατείληφε.
2481 1951 2595 2005 Καὶ
2626 1950 2733 2022 γὰρ
2766 1948 2842 2019 τῷ
2889 1947 3112 2016 Ῥώμης
3140 1947 3446 2014 ἐπισκὸπῳ,
3498 1945 3718 2008 Ἰούλιος

2129 2043 2186 2096 δὲ
2213 2041 2517 2113 τηνικαῦτα
2574 2041 2674 2112 τὴν
2720 2039 3053 2110 Ἐκκλησίαν
3104 2037 3322 2108 ἐκείνην
3373 2037 3716 2105 ἐποίμαινεν,

2131 2137 2179 2188 οἱ
2208 2135 2335 2206 περὶ
2370 2135 2630 2188 Εὐσέϐιον
2667 2135 2768 2197 τὰς
2816 2132 2962 2187 κατὰ
2997 2130 3324 2184 Ἀθανασίου
3369 2129 3720 2194 συντεθείσας

2132 2226 2501 2293 συκοφαντίας
2554 2223 2892 2294 ἐξέπεμψαν.
2951 2224 3012 2276 '0
3043 2222 3098 2275 δέ
3127 2221 3206 2291 τῷ
3241 2221 3339 2288 τῆς
3384 2220 3720 2290 Ἐκκλησίας

2132 2317 2398 2389 ἑπόμενος
2431 2319 2614 2389 νόμῳ,
2646 2318 2739 2371 καὶ
2769 2317 2967 2378 αὐτοὺς
2999 2312 3328 2367 καταλαϐεῖν
3375 2314 3420 2346 ⁸⁸
3445 2314 3544 2383 τὴν
3585 2311 3722 2366 Ῥώο

2135 2427 2242 2481 μην
2288 2409 2580 2473 ἐκέλευσε,
2635 2409 2730 2462 καὶ
2784 2407 2876 2461 τὸν
2934 2407 3078 2460 θεῖον
3120 2405 3446 2459 Ἀθανάσιον
3498 2407 3581 2468 είς
3622 2404 3724 2476 τὴν

2130 2501 2288 2572 δίκην
2342 2499 2594 2564 ἐκάλεσε.
2641 2499 2753 2553 Καὶ
2801 2493 2955 2561 οὗτος
3005 2498 3104 2568 μὲν
3161 2495 3485 2567 ἐξώρμησεν
3533 2496 3718 2559 εὐθὺς,

2131 2591 2232 2660 τὴν
2263 2589 2459 2662 κλῆσιν
2505 2589 2818 2659 δεξάμενος.
2856 2590 2918 2642 Οἱ
2957 2588 3012 2642 δὲ
3047 2589 3114 2641 rb‘
3138 2587 3323 2659 δρᾶμα
3357 2587 3560 2651 εἰδότες
3585 2627 3599 2654 ,
3642 2588 3719 2652 ὠς

2133 2683 2227 2736 καὶ
2245 2683 2292 2716 ⁵⁸
2343 2681 2782 2748 συντεθεικότες,
2821 2685 2901 2746 εἰς
2939 2683 3037 2754 μὲν
3068 2682 3168 2754 τὴν
3206 2681 3429 2752 Ῥώμην
3473 2682 3576 2735 οὐκ
3614 2683 3722 2736 ἀπ-

2133 2773 2296 2844 ῆλθον
2323 2814 2338 2838 ,
2389 2773 2707 2844 εὐφώρατον
2753 2775 2954 2839 εἰδότες
2985 2775 3046 2829 τὸ
3088 2775 3314 2846 ψεῦδοςο
3353 2774 3539 2847 ἔρημα
3573 2774 3725 2829 δὲτὰ

2136 2865 2389 2936 πρόϐατα
2438 2865 2534 2918 τοῦ
2599 2866 2811 2935 νομέως
2879 2867 3250 2938 θεασάμενοι,
3321 2866 3483 2920 λύκον
3537 2866 3726 2930 αὐτοῖς

2135 2957 2257 3008 ἀντὶ
2288 2954 2406 3027 [7‘2]
2441 2955 2699 3026 ποιμένος
2727 2956 3040 3028 ἐπέστησαν
3067 2972 3081 2986 ·
3129 2956 3426 3028 Γρηγὸριος
3456 2954 3513 3007 δὲ
3545 2954 3724 3025 τούτῳ

2135 3047 2308 3116 ὄνομα
2343 3043 2413 3118 ἦν
2435 3064 2448 3078 ·
2483 3047 2542 3115 ἐξ
2575 3047 2669 3120 ἐτη
2725 3047 2783 3101 δὲ
2831 3047 3016 3120 θηρῶν
3075 3048 3285 3118 ἀγρίων
3340 3047 3626 3118 ὠμότερον
3653 3049 3722 3119 τῇ

447 3139 728 3194 crudelius
762 3139 812 3191 in
839 3154 1054 3208 gregem
1099 3138 1267 3209 829
1314 3148 1622 3210 grassatus,
1666 3152 1859 3208 pinnas
1912 3147 2029 3190 tan-

2139 3142 2344 3213 ποίμνῃ
2380 3143 2748 3212 χρησάμενος,
2796 3139 2952 3204 δίκας
2989 3139 3137 3193 ἔτισε
3183 3141 3282 3210 τῆς
3315 3139 3600 3210 πονηρίας,
3629 3139 3723 3191 ὑπ’

447 3229 570 3283 dem
613 3230 989 3298 improbitatis
1047 3228 1221 3296 dedit,
1257 3230 1326 3284 ab
1384 3231 1582 3284 ovibus
1643 3229 1782 3297 ipsis
1832 3228 2030 3282 acerbe

449 3321 831 3390 interemptus.
874 3321 1210 3376 Athanasius
1245 3337 1376 3376 vero
1411 3321 1478 3374 ad
1512 3320 1869 3376 Constantem
1905 3334 2030 3389 pro-

448 3412 629 3468 fectus
663 3411 1078 3484 (Constantinus
1113 3416 1260 3468 enim
1313 3421 1441 3468 natu
1483 3413 1758 3467 maximus
1789 3413 1842 3464 in
1887 3413 2030 3466 bello

447 3505 736 3574 perierat),
777 3507 1049 3560 Arianicae
1095 3505 1352 3560 factionis
1395 3503 1627 3559 insidias
1684 3504 2028 3573 deplorabat,

447 3596 686 3666 ﬁdeique
737 3599 1056 3667 aposmlica:
1109 3597 1374 3650 indictum
1432 3596 1634 3649 bellum
1687 3595 2030 3650 lamentaba-

449 3701 560 3752 tur,
590 3699 800 3759 patrem
824 3690 879 3754 ei
913 3703 1181 3744 revocans
1216 3689 1270 3742 in
1305 3688 1648 3752 memoriam,
1684 3694 1738 3743 et
1775 3703 2028 3758 magnam

449 3783 596 3837 illam
655 3781 949 3853 synodum,
994 3797 1160 3851 quam
1220 3789 1588 3845 convocarat,
1624 3789 1680 3836 et
1729 3780 1888 3849 cujus
1937 3779 2034 3836 de-

450 3881 626 3936 creta,
678 3874 882 3943 quibus
932 3873 1278 3939 interfuerat,
1326 3873 1446 3944 lege
1493 3874 1602 3928 lata
1656 3873 2030 3928 conﬁrmarat.

450 3965 583 4031 Quae
611 3981 734 4019 cum
783 3965 1043 4036 lacrymis
1102 3980 1458 4035 persequens,
1512 3965 1901 4034 imperatorem
1963 3963 2033 4018 ad

451 4055 626 4124 patris
669 4054 1078 4109 :emulationem
1121 4054 1408 4108 excitavit.
1463 4053 1559 4109 l-lis
1593 4054 1741 4109 enim
1803 4053 2031 4120 auditis,

451 4145 666 4198 litteras
697 4145 762 4198 ad
798 4145 1019 4200 fratrem
1072 4145 1330 4216 scripsit,
1371 4144 1574 4214 quibus
1609 4161 1734 4201 eum
1774 4145 2036 4199 hortaba-

452 4243 563 4300 tur,
623 4244 684 4290 ut
739 4247 980 4306 paterna:
1032 4237 1252 4307 pietatis
1325 4236 1702 4292 haereditatem
1768 4237 2034 4292 illibatam

452 4337 828 4384 conservaret.
859 4329 1017 4383 Illum
1052 4330 1198 4384 enim
1255 4329 1501 4383 stabilito
1546 4331 1748 4398 pietate
1783 4327 2032 4396 imperio,

451 4426 507 4472 et
561 4417 934 4475 Romanorum
983 4430 1248 4492 tyrannos
1296 4420 1596 4485 delevissc,
1653 4428 1710 4473 et
1770 4419 2036 4473 barbaros

2136 3234 2318 3288 αὐτῶν
2343 3233 2555 3304 πικρῶς
2585 3232 2909 3304 διαφθαρεὶς
2934 3231 3044 3285 τῶν
3072 3232 3381 3306 προϐάτων.
3407 3232 3726 3295 Ἀθανάσιος

2134 3325 2192 3381 δὲ
2232 3327 2369 3398 πρὸς
2405 3325 2740 3380 Κώνσταντα
2781 3327 3135 3396 ἀφικόμενος,
3176 3326 3584 3387 Κωνσταντῖνος
3615 3323 3721 3394 γὰρ

2135 3422 2164 3473 ὁ
2193 3419 2563 3492 πρεσϐύτερος
2591 3419 2634 3450 ⁸⁷
2665 3417 2920 3488 πολεμῶν
2971 3416 3275 3487 ἐτεθνήκει,
3312 3416 3415 3487 τῆς
3459 3416 3721 3485 Ἀρειανι-

2137 3513 2241 3584 κῆς
2279 3511 2558 3581 φάλαγγος
2605 3509 2703 3574 τὰς
2754 3509 3048 3573 ἐπιϐουλὰς
3082 3507 3440 3581 ἀπωδύρετο,
3494 3508 3588 3561 καὶ
3634 3505 3722 3558 τὸν

2137 3605 2278 3659 κατὰ
2305 3608 2405 3675 τῆς
2431 3601 2790 3672 ἀποστολικῆς
2813 3602 3047 3664 πίστεως
3074 3600 3386 3668 ὠλοφύρετο
3406 3599 3449 3632 ⁸⁸
3470 3597 3721 3668 πόλεμον,

2138 3699 2233 3751 καὶ
2269 3696 2362 3751 τοῦ
2397 3714 2456 3750 τε
2496 3695 2701 3762 πατρὸς
2729 3693 3025 3764 ἀνέμνησε,
3079 3691 3172 3745 καὶ
3222 3691 3324 3760 τῆς
3355 3691 3572 3744 συνόδου
3625 3693 3725 3760 τῆς

2143 3790 2440 3862 μεγίστης,
2476 3788 2543 3860 ἣν
2586 3788 2796 3849 ἐκεῖνος
2825 3785 3077 3850 συνέλεξε
3103 3784 3179 3848 ⁸⁸⁵,
3229 3784 3322 3836 καὶ
3362 3782 3437 3847 ὡς
3481 3784 3547 3836 τὰ
3593 3782 3726 3852 παρ’

2139 3880 2364 3934 ἐκείνων
2386 3880 2430 3944 ⁷9
2483 3877 2766 3950 γραφέντα
2801 3917 2816 3940 ,
2891 3875 2989 3930 τοῦ
3060 3874 3345 3945 συνεδρίου
3424 3876 3723 3940 κοινωνῶν,

2140 3971 2410 4043 ἐκράτυνε
2439 3970 2609 4041 νόμῳ.
2640 3965 2880 4022 Τοιαῦτα
2921 3967 3291 4039 ποτνιιτ)μενος
3323 4008 3336 4030 ,
3380 3967 3462 4029 είς
3495 3965 3585 4019 τὸν
3621 3982 3730 4018 πα-

2135 4062 2314 4136 ,τρῷον
2337 4062 2378 4094 τι
2443 4059 2606 4132 ζῆλον
2651 4060 2742 4113 τὸν
2793 4058 3016 4130 βασιλέα
3070 4058 3332 4130 διήγειρε.
3399 4056 3727 4128 Παραυτίκα

2142 4155 2253 4227 γὰρ
2278 4152 2484 4208 τούτων
2511 4151 2770 4216 ἀκούσας,
2816 4149 3094 4204 ἐπέστειλε
3128 4148 3207 4220 τῷ
3240 4147 3476 4219 ἀδελφῷ,
3528 4164 3728 4220 παραι·

2140 4246 2247 4302 νῶν
2301 4246 2400 4316 τῆς
2459 4242 2723 4315 πατρῴας
2765 4241 3050 4305 εὐσεϐείας
3093 4241 3294 4295 ἄσυλον
3343 4239 3576 4309 φυλάξαι
3633 4238 3726 4292 τὸν

2143 4337 2367 4410 κλῆρον.
2430 4336 2541 4388 Καὶ
2593 4335 2701 4403 γὰρ
2731 4333 2941 4396 ἐκεῖνος
2988 4331 3243 4403 εὐσεϐείᾳ
3289 4331 3390 4401 τὴν
3449 4329 3731 4400 βασιλείαν

2144 4428 2442 4499 κρατύνας,
2472 4427 2568 4480 καὶ
2610 4427 2737 4489 τοὺς
2775 4423 3066 4495 Ῥωμαίων
3108 4425 3407 4496 τυράννους
3439 4421 3728 4486 κατέλυσε,

455 4508 888 4579 circumquaque
944 4490 1020 4565 iu
1059 4519 1386 4580 potestatem
1462 4508 1759 4580 redegisse.
1820 4507 2029 4575 Quibus

2139 4490 2231 4568 καὶ
2281 4490 2412 4578 τοὺς
2465 4515 2523 4566 ἐν
2573 4511 2760 4580 κύκλῳ
2821 4490 3132 4584 βαρϐάρους
3183 4490 3452 4577 Ἷύπέταξε.
3504 4511 3732 4575 Τούτοις

455 4599 648 4657 litteris
677 4618 976 4672 persuasus
1001 4603 1365 4657 Constantius
1390 4641 1405 4666 ,
1443 4603 1700 4672 praecepit
1729 4600 2034 4669 Sardicam,

454 4710 576 4764 qua:
604 4695 804 4765 Illyrici
843 4705 928 4750 est
959 4699 1112 4761 Ilrhs,
1145 4697 1322 4750 Dacize
1365 4695 1662 4765 provinciae
1691 4695 2035 4764 metropolis,

455 4785 700 4842 Orientis
741 4785 1170 4857 Occidentisque
1215 4788 1511 4857 episcopos
1541 4787 1856 4842 convenire.
1895 4785 2033 4842 Nam

455 4892 510 4937 et
546 4881 651 4934 alia
689 4880 949 4936 Ecclesiae
979 4881 1123 4934 mala
1159 4887 1316 4935 erant
1349 4895 1459 4934 non
1510 4892 1708 4948 pauca,
1733 4893 1856 4950 quae
1908 4893 2039 4950 synv

453 4975 668 5029 edicam
696 4973 1226 5030 animadversionem
1266 4969 1644 5045 requirebant.

2146 4605 2392 4668 πεισθεὶς
2455 4605 2570 4668 τοῖς
2631 4603 2958 4676 γράμμασιν
3003 4605 3032 4657 ὁ
3078 4606 3494 4670 Κωνστάντιος,
3558 4621 3731 4674 προσ-

2139 4693 2330 4759 έταξεν
2368 4695 2446 4756 εἰς
2491 4692 2591 4764 τὴν
2634 4692 2927 4764 Σαρδικὴν,
2959 4691 3233 4764 ’Ῑλλυρικὴ
3275 4693 3332 4746 δέ
3375 4691 3514 4763 αὕτη
3543 4693 3722 4757 πόλις,

2136 4786 2232 4840 τοῦ
2264 4785 2456 4839 Δακῶν
2483 4783 2668 4848 ἔθνους
2705 4783 3071 4857 μητρόπολις,
3121 4785 3218 4838 καὶ
3244 4786 3370 4847 τοὺς
3413 4787 3511 4854 τῆς
3553 4783 3729 4854 Ἐᾠας

2141 4877 2236 4930 καὶ
2293 4875 2423 4940 τοὺς
2485 4875 2588 4944 τῆς
2639 4875 2911 4946 Ἐσπέρας
2991 4875 3319 4946 συνδραμεῖν
3371 4876 3726 4937 ἐπισκόπους.

2143 4967 2322 5021 Πολλὰ
2349 4967 2459 5039 γὰρ
2487 4967 2582 5020 καὶ
2609 4967 2776 5039 ἕτερα
2817 4968 2916 5040 τῆς
2936 4966 3268 5039 Ἐκκλησίας
3299 4967 3602 5040 παθήματα
3629 4967 3731 5037 τῆς

2146 5059 2432 5130 συνοδικῆς
2460 5059 2758 5134 θεραπείας
2788 5059 2982 5114 ἐδεῖτο.

1821 5212 2062 5288 νΑιιιΑι
2105 5214 2522 5275 LECTIONES.

525 5313 571 5345 ⁸⁸
610 5285 882 5384 Θεόγνᾲιρς.
935 5311 1134 5384 litlem_
1162 5312 1388 5381 θέογνις
1457 5309 1809 5384 Christoph.“
1835 5285 2226 5384 et_Scaliger,
2288 5312 2526 5384 Gasaub.

498 5380 736 5439 rohantc'
772 5380 1012 5438 Valesio.

1115 5382 1161 5416 ⁶²
1193 5378 1596 5506 συγγέγᾶαφεν.
1667 5378 1832 5437 Basil.
1904 5378 2000 5440 Gr.

1115 5456 1160 5506 ῐν
1199 5453 1362 5506 Basd.
1439 5469 1482 5506 r.
1515 5461 1570 5506 et
1625 5450 1814 5506 Steph.
1848 5453 1898 5506 ‘l.

483 5458 646 5522 itcph.

753 5455 798 5486 ⁸⁸
833 5454 1160 5524 καταλαχεῖν
1199 5450 1362 5509 Βδεῑι.
1387 5450 1604 5524 διήρε-
1625 5450 1814 5524 Steph.
1848 5453 1898 5524 ιζ

2114 5383 2159 5415 ⁸³
2194 5384 2243 5437 οἱ
2301 5383 2473 5437 αὐτοί.
2527 5382 2693 5437 Basil.
2752 5381 2848 5441 Gr.

2010 5451 2056 5484 “
2084 5449 2259 5508 Verba
2287 5469 2302 5506 :
2329 5453 2547 5522 εἰδότες,
2596 5453 2672 5517 ὠς
2723 5454 2838 5514 καί.
2881 5471 3004 5522 quae
3034 5449 3417 5510 desiderantur
3464 5457 3518 5511 in
3576 5453 3731 5510 codi-

2653 5313 2696 5387 ξι
2735 5313 2846 5387 τῶν
2905 5314 3259 5387 ιλλφγιμωνη
3294 5313 3724 5387 Βαεὶ1.μ6τωοοο

2979 5385 3023 5419 ⁸⁸
3051 5384 3299 5456 καὶτὸν
3362 5386 3413 5456 β.
3460 5385 3604 5440 Idem
3661 5395 3732 5456 _et

455 5519 613 5579 cilius
642 5526 811 5580 Basil.
849 5523 946 5578 Gr.
981 5519 1242 5580 et'Savil.
1275 5519 1832 5595 expunxitValesius.
1866 5521 2038 5595 Etiam
2055 5520 2737 5595 Epiphanius_ﬂist._trip.
2773 5523 2866 5586 IV,
2895 5519 2928 5580 6
2951 5528 3022 5580 nil
3055 5526 3222 5595 habet
3248 5527 3392 5580 nisi:
3428 5526 3732 5595 calumnia-

454 5606 572 5664 rum
603 5598 994 5664 sarcinatores.
1057 5595 1163 5664 “[6
1228 5591 1640 5664 «passam-:95.
1670 5592 1838 5650 Basil.
1886 5591 2007 5657 Gr.,
2047 5591 2238 5664 Steph.
2300 5596 2351 5657 1,
2407 5591 2646 5664 Casaub.

453 5661 504 5732 ‘_’
526 5668 796 5732 συνήλισε.
851 5662 1018 5732 Basil.
1085 5662 1206 5732 GL,
1252 5659 1517 5732 probante
1547 5659 1786 5722 Valesio,

449 5725 690 5796 Casatib.
771 5735 812 5764 '”
851 5731 1079 5799 πάτριον
1111 5725 1272 5787 Βιιεὶίξ
1327 5732 1419 5791 Gr.

2744 5595 2790 5665 ξ⁸
2813 5595 3156 5665 ὠλοφύρατο.
3200 5594 3327 5650 Bas.
3365 5595 3484 5656 Gr.,
3533 5594 3724 5663 Steph.

1866 5664 1912 5697 '-'°
1942 5665 2072 5737 παρ’
2126 5663 2320 5735 ἐκείνῳ
2373 5663 2653 5736 γραφέντα
2703 5663 2810 5719 τῶν
2844 5663 3136 5736 συνεδρίων
3178 5665 3363 5738 κοινῷ.
3392 5665 3584 5736 Steph.
3614 5665 3731 5719 Set
