4084 6196
368 253 472 316 997
1385 243 1932 304 ECCLESIASTIC};

2030 244 2377 305 [ISTORI/E
2407 248 2552 308 LIB.
2585 247 2639 307 ῐῐ
3510 255 3616 318 998

977 355 1227 408 ΚΕΦΑΔ.
1261 355 1335 408 Δ’.

367 447 508 518 Περὶ
536 447 782 502 Παύλου
803 443 908 500 τοῦ
931 444 1252 518 γενομένου
1273 446 1609 500 ἐπισκόπου
1627 449 1938 500 Κώνσταν-

949 515 1369 580 τινουπόλεως.

416 607 547 678 ,Καὶ
601 605 711 676 γὰρ
749 604 961 658 Παῦλον
1020 603 1663 676 (Κωνσταντινουπόλεως
1710 606 1766 658 δὲ
1819 608 1938 660 ἐπί-

371 715 571 760 σκοπος
601 693 667 768 ἦν
694 689 880 760 οὗτος,
929 693 1039 748 τῶν
1083 693 1257 764 ὀρθῶν
1289 694 1720 766 προκινδυνεύων
1742 697 1785 728 ⁷³
1821 696 1942 764 δογ-

371 787 616 859 μάτων),
675 786 725 839 oi
783 786 884 856 τῆς
944 786 1283 857 Ἀρειανικῆς
1353 786 1730 855 μετειληχότες
1785 787 1940 840 νόσου

368 879 711 950 ἐγράψαντο,
763 877 837 941 ώς
891 879 1133 942 στάσεως
1164 879 1441 948 ἀρχηγόν’
1487 879 1582 932 καὶ
1630 879 1765 932 ἄλλα
1817 879 1938 932 τινα

369 971 718 1038 προσθέντες,
748 968 783 1024 ἃ
813 973 1168 1038 συκοφαντεῖν
1189 969 1449 1024 είώΘεσαν
1469 971 1512 1002 ⁷⁸
1536 970 1635 1040 τῆς
1661 971 1942 1034 εὐσεϐείας

367 1063 494 1124 τοὺς
531 1065 800 1132 κήρυκας.
838 1061 999 1113 Ἀλλὰ
1033 1060 1220 1113 τοῦτον
1258 1062 1558 1130 τηνικαῦτα
1605 1063 1704 1116 οὐκ
1757 1064 1940 1116 εἴασεν

369 1155 396 1206 6
427 1152 563 1215 λεὼς
617 1155 692 1215 είς
736 1154 836 1221 τὴν
896 1151 1163 1221 Σαρδικὴν
1197 1150 1542 1220 ἀπαχθῆναι,
1595 1151 1695 1214 τὰς
1719 1152 1826 1204 τῶν
1857 1152 1942 1204 ὲν-

370 1244 566 1297 αντίων
613 1242 932 1314 ὀρρωδήσας
982 1239 1294 1303 ἐπιϐουλάς.
1337 1241 1548 1310 Μικρδν
1599 1240 1654 1294 δὲ
1691 1240 1938 1312 ὕστερον,

368 1339 467 1407 τὴν
497 1336 838 1404 κουφοτατην
867 1329 961 1386 τοῦ
1018 1329 1282 1402 βασιλέως
1323 1333 1764 1404 παραπείσαντες
1802 1332 1941 1401 γνώ-

372 1445 508 1498 μην,
549 1427 648 1496 τῆς
692 1425 789 1494 μὲν
843 1422 1232 1495 βασιλευούσης
1267 1423 1678 1493 ἐξωστράκισαν
1707 1424 1937 1492 πόλεως,

372 1517 683 1588 μετῴκισαν
723 1515 778 1568 δὲ
809 1515 888 1578 si;
933 1515 1240 1566 Κουκουσόν
1265 1529 1280 1544 ο
1317 1513 1471 1577 πόλις
1497 1513 1553 1566 δὲ
1581 1513 1717 1584 αὕτη
1746 1514 1939 1584 μικρὰ.

369 1609 536 1662 πάλαι
577 1609 676 1677 μὲν
722 1608 800 1668 είς
838 1605 898 1658 τὸ
943 1603 1320 1658 Καππαδοκῶν
1359 1603 1510 1666 ἔθνος
1537 1603 1768 1657 τελοῦσα
1792 1645 1806 1668 ,
1845 1603 1938 1657 νῦν

367 1699 422 1750 δέ
472 1714 535 1765 γε
583 1700 650 1766 τῇ
701 1695 966 1766 Ἀρμενία
1033 1697 1099 1765 τῇ
1159 1694 1386 1765 δευτέρᾳ
1436 1693 1929 1764 συναριθμουμένη.
1970 1737 2010 1791 Β

369 1788 512 1842 Ἀλλ’
536 1788 636 1840 οὐκ
663 1787 942 1857 ἀπέχρησε
969 1789 1081 1847 τοῖς
1106 1787 1284 1839 πάντα
1314 1785 1551 1839 κυκῶσιν
1588 1787 1620 1856 ή
1645 1787 1699 1838 ἐν
1730 1785 1936 1857 ἐρημία

367 1881 459 1936 τοῦ
513 1881 816 1950 οαυμασίου
863 1877 1072 1932 Παύλου
1120 1878 1406 1950 διατριϐή·
1471 1878 1786 1948 πέμψαντες
1827 1877 1936 1949 γὰρ

365 1974 464 2044 τῆς
490 1973 773 2042 μιαιφόνου
790 1971 1014 2041 γνώμης
1036 1971 1158 2034 τοὺς
1181 1971 1511 2040 ὑπουργοὺς,
1539 1969 1698 2042 βιαίῳ
1723 1970 1936 2041 Θανάτῳ

370 2066 482 2136 [75]
517 2065 840 2135 παρέδοσαν.
879 2065 988 2116 Καὶ
1023 2064 1181 2117 τοῦτο
1210 2065 1357 2135 ἡμᾶς
1380 2063 1428 2096 ⁷⁸
1459 2066 1486 2117 6
1516 2063 1658 2127 Θεῖος
1697 2061 1935 2127 ἐδίδαξεν

365 2155 706 2219 Ἀθανάσιος,
737 2155 792 2206 ὲν
821 2155 888 2222 τῇ
927 2153 1053 2224 περὶ
1082 2155 1179 2224 τῆς
1219 2153 1355 2216 ιδίας
1378 2153 1425 2184 ⁷⁸
1450 2153 1628 2222 φυγῆς
1668 2152 1936 2224 ἀπολογίᾳ

367 2244 462 2298 καὶ
517 2243 690 2296 ταῦτα
746 2241 1143 2318 προστεθεικώς
1173 2261 1186 2273 ε
1223 2243 1326 2295 Τὸν
1360 2242 1471 2311 γὰρ
1515 2242 1611 2310 τῆς
1640 2243 1932 2294 Κωνσταν-

367 2337 726 2400 τινουπόλεως
771 2335 980 2390 Παῦλον
1009 2335 1100 2388 τὸν
1148 2335 1447 2387 ἐπίσκοπον
1483 2333 1804 2398 διώξαντες,
1840 2333 1936 2386 καὶ

367 2429 636 2500 εὑρόντες,
683 2427 980 2500 προφανῶς.
1023 2428 1394 2496 ἀποπνιγῆναι
1435 2427 1798 2497 πεποιήκασιν
1825 2464 1840 2487 ,
1877 2425 1934 2477 ὲν

365 2524 430 2591 τῇ
475 2517 741 2592 λεγομένῃ
793 2517 1090 2588 Κουκουσῷ
1131 2520 1231 2587 τῆς
1272 2516 1666 2579 Καππαδοκίας
1692 2557 1706 2579 ,
1740 2516 1935 2586 δήμιον

364 2610 657 2680 ἐσχηκότες
697 2611 775 2672 εἰς
804 2607 962 2662 τοῦτο
993 2608 1256 2661 Φίλιππον
1289 2607 1381 2660 τὸν
1435 2608 1724 2678 γενόμενον
1754 2607 1933 2679 ἐπαρ-

363 2719 495 2772 χονο
542 2697 610 2772 ἦν
641 2703 752 2772 γὰρ
797 2701 892 2754 καὶ
934 2701 1032 2768 τῆς
1071 2700 1334 2771 αἱρέσεως
1379 2701 1556 2754 αὐτῶν
1599 2701 1930 2772 προστάτης,

363 2795 456 2846 καὶ
483 2793 594 2846 τῶν
625 2791 879 2862 πονηρῶν
912 2791 1293 2860 βουλευμάτων
1322 2790 1624 2862 ὑπηρέτης.
1664 2791 1933 2856 Τοιαύτας

367 2883 679 2954 μιαιφονίας
730 2885 762 2953 ή
799 2881 1010 2952 Ἀρείου
1057 2881 1429 2951 βεϐλάστηκεν
1471 2879 1808 2952 βλασφημία.
1850 2881 1930 2953 Τῇ

363 2977 471 3046 γὰρ
501 2974 642 3028 κατὰ
666 2972 758 3026 τοῦ
789 2972 1126 3041 Μονογενοῧς
1157 2971 1326 3042 λύττῃ
1362 2971 1647 3042 συμϐαίνει
1684 2973 1752 3026 τὰ
1783 2973 1925 3027 κατὰ

361 3067 472 3120 τῶν
495 3067 704 3120 ἐκείνου
746 3064 1091 3138 Θεραπόντων
1125 3063 1472 3134 τολμήματα.

954 3177 1206 3234 ΚΕΦΑΛ.
1255 3177 1331 3229 E'.

361 3292 502 3362 "api
535 3291 926 3353 Μακεδονίου,
959 3289 1053 3411 καὶ)
1082 3287 1210 3410 έτῆς
1241 3287 1333 3341 ἐπ’
1371 3287 1557 3342 αὐτοῦ
1607 3287 1932 3358 συστάσης

985 3376 1024 3411 a
1047 3377 1079 3411 ο
1115 3375 1288 3411 σεωε.

985 3375 1288 3426 αιρεσεως.

433 3450 600 3505 Ἀλλὰ
640 3449 830 3504 τοῦτον
863 3449 1007 3502 οὕτω
1049 3448 1348 3518 Θανάτῳ⁷⁶,
1381 3447 1578 3518 μᾶλλον
1611 3447 1669 3500 δὲ
1709 3451 1774 3520 τῇ
1819 3447 1930 3502 τῶν

361 3541 607 3614 οὐρανῶν
634 3538 1100 3610 παραπέμψαντες
1131 3538 1377 3610 βασιλεία
1395 3578 1410 3604 ,
1444 3539 1778 3593 Μακεδόνιον
1808 3540 1930 3594 ἀντὶ

361 3634 552 3688 τούτου
587 3631 955 3702 προύϐάλοντο
977 3670 992 3692 ,
1021 3629 1376 3700 ὁμογνώμονα
1423 3631 1610 3683 τοῦτον
1631 3629 1674 3662 ⁷⁷
1707 3631 1931 3702 ὑπειλη-

359 3725 543 3793 φότες,
581 3721 771 3790 ἐπειδὴ
820 3718 1219 3790 παραπλησίως
1250 3719 1432 3782 αὐτοῖς
1483 3719 1826 3792 ἐϐλασφήμει
1865 3720 1927 3775 τὸ

357 3813 624 3880 πανάγιον
653 3809 897 3879 Πνεῦμα.
939 3807 1098 3861 Ἀλλὰ
1129 3807 1323 3879 μικρὸν
1352 3807 1579 3880 ὕστερον
1612 3810 1705 3863 καὶ
1735 3811 1925 3865 τοῦτον

356 3904 647 3975 ἐξήλασαν,
689 3903 897 3972 κτίσμα
928 3901 1106 3970 λέγειν
1138 3901 1239 3955 οὐκ
1277 3901 1668 3971 ἀνασχόμενον,
1707 3901 1766 3957 ὃν
1795 3903 1925 3957 Υἰὸν

355 3995 391 4065 ή
431 3993 553 4047 θεία
603 3989 1000 4062 προσαγορεύει
1047 3991 1262 4061 Γραφή.
1325 3985 1400 4045 Οὔ
1451 3992 1506 4044 δὲ
1555 3991 1714 4062 χάριν
1769 3986 1924 4058 οὗτος

356 4084 583 4139 ἐκείνων
610 4083 950 4154 ἀποκριθεὶς,
982 4081 1114 4143 ίδίας
1137 4081 1400 4150 αἱρέσεως
1427 4083 1738 4154 προστάτης
1767 4085 1924 4153 γεγέ.

357 4191 536 4246 νηται,
569 4173 856 4244 ὁμοοέσιον
893 4173 995 4240 μὲν
1028 4172 1148 4224 οὐδὲ
1176 4165 1328 4235 οὗτος
1369 4172 1448 4242 τῷ
1477 4175 1651 4244 Πατρὶ
1678 4175 1769 4228 τὸν
1795 4175 1922 4229 Υίὸν

353 4260 491 4317 εἶναι
517 4263 712 4330 λέγων,
737 4264 918 4334 ὅμοιον
949 4262 1004 4314 δὲ.
1033 4256 1170 4314 εἶναι
1198 4262 1337 4315 κατὰ
1366 4263 1544 4316 πάντα
1571 4263 1646 4334 τῷ
1669 4282 1922 4338 γεγεννη-

351 4355 469 4409 κότι
516 4355 782 4408 διδάσκων
809 4369 824 4384 ο
884 4352 1100 4406 κτιστὸν
1147 4353 1204 4405 δὲ
1256 4353 1317 4406 τὸ
1361 4353 1588 4425 Πνεῦμα
1622 4355 1917 4427 προφανῶς

349 4447 650 4520 ὀνομάζων.
685 4446 872 4501 Ταῦτα
919 4446 1014 4515 μὲν
1044 4439 1136 4498 οὖν
1164 4444 1224 4497 οὐ
1273 4443 1453 4517 πολλῷ
1481 4445 1658 4518 χρόνῳ
1690 4446 1916 4519 ὕστερον

348 4539 488 4596 οὕτω
513 4534 761 4611 γέγονεν,
793 4536 868 4600 ώς
899 4537 1225 4608 εἰρήκαμεν.

939 4727 1188 4780 ΚΕΦΑΛ.
1221 4729 1313 4795 ς’.

429 4841 568 4909 Περὶ
603 4842 712 4909 τῆς
749 4842 820 4894 ἐν
861 4841 1116 4910 Σαρδικῇ
1145 4841 1471 4911 γενομένης
1522 4843 1808 4900 συνόδου.

409 4933 504 4995 Et;
528 4932 583 4985 δὲ
612 4932 708 5004 τὴν
734 4933 1002 5002 Σαρδικὴν
1029 4934 1364 5003 πεντήκοντα
1406 4934 1504 5004 μὲν
1527 4937 1619 4989 καὶ
1646 4935 1908 4992 διακόσιοι

340 5021 599 5092 συνῆλθον
629 5021 895 5091 ἀρχιερεῖς
917 5061 930 5083 ,
957 5021 1032 5084 ὡς
1085 5021 1321 5076 διδάσκει
1369 5022 1438 5076 τὰ
1485 5023 1688 5078 παλαιὰ
1715 5025 1908 5098 διηγή-

338 5131 505 5185 ματα.
562 5113 812 5182 Ἀφίκετο
860 5112 916 5165 δὲ
967 5114 1061 5166 καὶ
1112 5115 1140 5166 6
1197 5114 1370 5184 μέγας
1424 5113 1778 5180 Ἀθανάσιος,
1813 5117 1907 5172 καὶ

347 5205 658 5277 ’Λσκληπᾶς
687 5207 716 5258 6
746 5204 1011 5274 Γαζαῖος,
1042 5197 1104 5258 οὗ
1155 5205 1253 5260 καὶ
1312 5205 1547 5277 πρόσθεν
1603 5208 1901 5282 ἐμνήσθην,

2383 357 2574 412 'CA‘P.
2609 357 2698 412 IV.
2739 356 2823 429 [Β.
2861 357 2942 414 St.
2969 359 3066 412 cu.
3102 357 3163 411 v.
3197 357 3276 430 ις]

2057 462 2060 464 '
2116 446 2194 501 De
2229 447 2398 502 Paulo
2433 448 3040 517 ConstantinoPolitanw
3087 451 3232 505 urbis
3284 451 3546 521 episcopo.

2119 599 2330 656 Etenim
2403 603 2627 657 Paulum
2692 607 3010 676 episcopum
3054 603 3621 676 Constantinopolita-

2042 709 2196 756 num,
2225 703 2500 748 rectorum
2545 695 2862 765 dogmatum
2890 697 3240 752 defensorem
3295 699 3576 766 egregium
3600 737 3616 760 ,

2041 785 2232 837 Ariani
2268 794 2528 855 tanquam
2565 785 2812 840 conﬂata:
2862 789 3154 842 seditionis
3194 799 3476 843 auctorem
3509 789 3617 843 cri-

2045 875 2234 928 minati
2265 888 2422 940 sunt,
2456 877 2579 930 aliis
2619 879 2783 930 etiam
2819 878 3148 948 quibusdam
3187 878 3448 946 adjectis,
3481 894 3618 948 qua-

2045 963 2115 1017 lia
2151 967 2203 1018 in
2257 967 2478 1035 pietatis
2509 967 2674 1038 830
2707 984 2990 1038 pra-cones
3048 970 3366 1038 conﬁngere
3415 973 3615 1024 solent.

2043 1053 2146 1107 Sed
2181 1055 2326 1108 hunc
2371 1055 2657 1111 Sardicam
2701 1059 2752 1112 id
2801 1061 3065 1128 temporis
3105 1060 3300 1112 abduci
3345 1062 3616 1129 papulas,

2043 1145 2487 1200 adversariorum
2533 1157 2781 1203 metuens
2828 1149 3076 1213 insidias,
3112 1166 3307 1220 passus
3347 1166 3456 1204 non
3511 1158 3615 1205 est.

2042 1233 2396 1290 Postmodum
2457 1254 2619 1304 vero,
2680 1240 3017 1296 levissimum
3076 1242 3426 1310 imperatoris
3495 1243 3619 1296 ani-

2043 1339 2189 1377 mum
2222 1343 2286 1380 eo
2337 1329 2701 1398 impellentes,
2754 1333 2889 1386 urbe
2915 1332 3063 1401 regia
3094 1332 3402 1401 ejecerunt,
3431 1333 3617 1388 Cucu-

2042 1430 2275 1484 sumque
2307 1419 2641 1489 relegarunt.
2673 1420 2911 1475 Parvum
2953 1423 3006 1477 id
3032 1423 3294 1492 oppidum
3336 1433 3442 1487 est,
3472 1423 3619 1492 Cap-

2043 1507 2313 1576 padocum
2365 1512 2493 1564 olim
2548 1515 2756 1583 gentis,
2817 1530 2964 1568 nunc
3019 1517 3298 1570 Armenia:
3362 1518 3618 1576 secunda:

2042 1597 2390 1651 attributum.
2428 1601 2497 1652 At
2532 1617 2723 1670 parum
2771 1601 2876 1656 fuit
2908 1605 3390 1672 perturbatoribus
3432 1622 3616 1661 rerum

2041 1689 2312 1754 omnium,
2343 1689 2718 1749 admirabilem
2765 1689 2996 1748 Paulum
3051 1695 3270 1751 deserta
3319 1698 3617 1752 solitudine

2039 1780 2277 1836 detineri
2312 1800 2326 1836 :
2359 1784 2451 1837 sed
2485 1785 2673 1841 missis
2705 1797 2952 1842 cruentae
2973 1789 3270 1844 voluntatis
3303 1807 3415 1845 sua:
3438 1791 3616 1844 admi-

2039 1872 2250 1935 nistris,
2301 1873 2539 1928 violenta
2595 1877 2750 1930 illum
2824 1889 3002 1932 morte
3063 1878 3390 1933 allecerunt.
3458 1879 3613 1945 Quod

1991 2013 2000 2018 .
2037 1963 2213 2030 ipsum
2246 1977 2348 2017 nos
2375 1963 2534 2018 docet
2573 1965 2792 2021 divinus
2831 1967 3189 2031 Athanasius,
3243 1968 3299 2022 in
3359 1969 3618 2040 apologia
3663 1985 3671 1994 ‘

2038 2052 2106 2106 de
2131 2052 2256 2124 fuga
2286 2069 2386 2108 sua
2415 2055 2530 2110 haec
2563 2057 2706 2114 inter
2737 2059 2843 2113 alia
2889 2060 3140 2115 scribens
3176 2079 3188 2114 :
3221 2059 3619 2116 Constantino-

2040 2145 2341 2212 politanum
2375 2149 2696 2219 episcopum
2745 2150 3311 2218 Paulumpcrsccuti,
3359 2153 3618 2223 nactique

2038 2235 2181 2304 apud
2245 2236 2546 2304 (Incusum,
2599 2251 2656 2294 ut
2706 2250 2927 2306 vocant,
2987 2242 3381 2313 Cappadocite,
3435 2245 3616 2313 palam

2036 2328 2491 2395 strangulandum
2516 2341 2804 2393 curarunt,
2837 2334 3101 2387 carniﬁce
3132 2333 3198 2388 ad
3225 2350 3346 2388 eam
3379 2350 3493 2390 rem
3531 2337 3616 2390 usi

2037 2414 2288 2496 Philippo
2311 2419 2588 2487 prmiecto,
2624 2423 2720 2492 qui
2766 2433 2819 2478 et
2852 2424 3077 2480 haeresis
3126 2426 3372 2496 ipsorum
3413 2427 3612 2481 vindex

2037 2519 2100 2559 ac
2123 2489 2379 2561 defensor
2408 2517 2548 2572 erat,
2594 2520 2648 2564 et
2681 2513 2937 2568 minister
2985 2530 3370 2583 perversorum
3423 2517 3611 2571 consi-

2036 2595 2253 2650 liorum.
2305 2597 2436 2652 Tam
2484 2611 2745 2656 cruentas
2800 2603 2974 2674 igitur.
3015 2605 3192 2661 caedes
3257 2605 3450 2662 edebat
3493 2607 3614 2663 Arii

2036 2685 2398 2756 blasphemia.
2421 2687 2556 2744 Nam
2593 2692 2765 2747 furori
2799 2695 3066 2750 adversus
3093 2695 3446 2767 Unigenitum
3479 2713 3612 2752 con-

2036 2785 2240 2844 grunnt
2270 2788 2323 2831 et
2366 2779 2477 2843 illa,
2507 2796 2629 2848 qua:
2679 2790 2876 2836 contra
2921 2783 3044 2853 ejus
3075 2784 3309 2842 famulos
3343 2803 3487 2844 ausu
3516 2803 3614 2844 ne-

2036 2859 2182 2916 l‘ario
2207 2872 2615 2934 perpetrantur.

2400 3147 2554 3207 CAP.
2589 3152 2654 3210 v.
2689 3154 2776 3228 [ιι.
2807 3156 2890 3212 St.
2929 3158 3032 3216 Ch.
3064 3159 3130 3217 v.
3158 3162 3237 3237 6.]

2204 3261 2278 3317 De
2302 3261 2608 3321 Macedonio
2637 3277 2685 3322 et
2719 3269 2908 3323 Ira'resi
2930 3271 2994 3325 ab
3036 3290 3096 3328 eo
3138 3275 3464 3334 introducta.

2101 3441 2398 3514 Postquam
2430 3461 2559 3500 vero
2588 3449 2734 3503 hunc
2762 3449 2835 3503 ita
2868 3451 3056 3517 morti,
3092 3454 3175 3508 vel
3203 3457 3470 3514 caelorum
3503 3476 3606 3530 po-

2029 3531 2146 3588 tius
2195 3547 2363 3605 regno
2413 3537 2885 3604 transmiserunt,
2945 3540 3323 3600 Macedonium
3377 3548 3432 3602 in
3483 3549 3606 3619 ejus

2027 3627 2207 3683 locum
2238 3637 2624 3697 pro‘vexerunt,
2656 3646 2772 3686 sua:
2808 3633 2961 3688 illum
3015 3637 3296 3705 opinionis
3326 3656 3448 3696 esse
3472 3644 3603 3708 rati,

2027 3730 2319 3790 propterea
2359 3723 2503 3791 quod
2554 3723 2610 3778 in
2647 3723 2917 3795 Spiritum
2967 3737 3220 3785 sanctum
3269 3733 3498 3804 perinde
3543 3745 3606 3792 ut

2028 3809 2132 3880 ipsi
2193 3809 2352 3881 831
2415 3813 2850 3884 blasphemahat.
2910 3817 3204 3876 Sed‘non
3247 3825 3420 3880 multo
3479 3838 3606 3898 post

2029 3903 2175 3956 hunc
2207 3919 2424 3973 quoque
2457 3905 2636 3975 ipsum
2660 3916 3045 3978 extruserunt,
3092 3928 3218 3968 cum
3262 3915 3458 3971 adduci
3491 3935 3601 3973 non

2025 4001 2232 4062 posset,
2268 4001 2328 4048 ut
2355 3988 2670 4050 creaturam
2695 4013 2822 4053 eum
2854 3999 3086 4067 diceret,
3119 4019 3280 4072 quem
3317 4007 3603 4076 Scriptura

2024 4083 2211 4138 divina
2265 4081 2464 4138 Filium
2515 4099 2878 4158 nuncuparet.
2943 4091 3116 4156 Quam
3169 4094 3240 4147 oh
3275 4111 3498 4151 causam
3531 4100 3605 4155 ab

2023 4175 2102 4229 eis
2132 4185 2470 4244 segregatus,
2499 4178 2734 4246 propria:
2760 4179 2866 4234 sibi
2901 4179 3132 4236 haeresis
3172 4183 3351 4239 factus
3378 4193 3465 4240 est
3501 4203 3604 4243 au-

2023 4272 2162 4327 ctor,
2217 4265 2748 4321 consubstantialem
2802 4269 3024 4339 quidem
3068 4269 3218 4326 Patri
3249 4283 3302 4328 et
3344 4276 3458 4345 ipse
3508 4295 3604 4336 ne-

1949 4389 1994 4444 Ι)
2022 4369 2155 4423 gans
2176 4355 2398 4418 Filium,
2463 4357 2556 4412 sed
2605 4357 2838 4413 similem
2875 4376 2968 4430 per
2998 4365 3180 4418 omnia
3218 4365 3465 4423 Gcnitori
3507 4371 3604 4427 do-

2025 4458 2181 4508 cens,
2220 4454 2529 4502 creaturam
2559 4455 2742 4502 autem
2773 4448 3038 4520 Spiritum
3066 4463 3257 4524 aperte
3283 4460 3600 4518 nominans.

2023 4539 2147 4593 Ihec
2178 4540 2365 4610 igitur,
2407 4541 2479 4595 ita
2514 4550 2574 4596 ut
2614 4542 2877 4611 diximus,
2910 4563 3019 4603 non
3069 4549 3232 4623 longo
3287 4563 3411 4625 post
3459 4563 3601 4613 tem-

2020 4645 2154 4700 pore
2192 4639 2342 4702 gesta
2379 4641 2526 4687 sunt.

2372 4743 2525 4802 CAP.
2553 4743 2641 4800 γι.
2674 4745 2757 4820 [ιι.
2797 4747 2878 4804 δι.
2913 4749 3017 4806 cn.
3065 4751 3128 4811 v.
3169 4753 3256 4827 7.]

2484 4859 2562 4914 De
2586 4863 2785 4932 synodo
2819 4863 3143 4923 Snrdicemi.

2082 4943 2239 5015 Apud
2283 4944 2568 5004 Sardicam
2602 4968 2732 5008 vero
2765 4955 3031 5026 episcopi,
3065 4968 3124 5012 ut
3179 4960 3424 5032 antiquis
3470 4981 3593 5022 mo-

2012 5035 2271 5093 nimentis
2327 5040 2600 5109 proditum
2661 5053 2765 5110 est,
2827 5047 3046 5102 ducenti
3098 5059 3150 5104 et
3195 5052 3592 5126 quinquaginta

2013 5139 2411 5185 convenerunt.
2457 5130 2661 5187 Eodem
2704 5135 2849 5189 venit
2878 5144 2931 5192 et
2967 5153 3200 5210 magnus
3230 5142 3588 5214 Athanasius,

2010 5224 2066 5272 et
2094 5220 2358 5291 Asclepas
2400 5220 2648 5292 Gazaeus,
2678 5225 2842 5296 cujus
2872 5237 3030 5284 antea
3075 5233 3326 5305 memini,
3348 5246 3404 5291 et
3439 5236 3586 5292 Mar.

1632 5387 1718 5444 VA
1729 5388 1868 5446 RIE
1905 5392 2306 5454 LECTIONES.

397 5477 1182 5572 7'|arpox:‘:603isd'0vta'.JBasil.
1221 5477 1398 5572 αξξυς..
1434 5551 1461 5572 ﬂ
1501 5483 1545 5516 "
1573 5483 2020 5572 ei'EboaIat.nBais‘il.
2064 5488 2160 5572 (ξιτ.
2201 5491 2575 5572 οξ-διιιριιιιηζ
2651 5499 2697 5572 '_’f
2717 5501 2856 5572 ὑμᾶς
2897 5507 3092 5564 vitiose
3151 5509 3274 5566 Bas,
3318 5510 3489 5567 cum,
3523 5520 3582 5568 ει

329 5549 528 5619 διερῇ.
621 5551 666 5583 ⁷⁵
696 5552 922 5614 οἰκείας.
952 5549 1137 5603 iidem.

328 5617 506 5676 αὐτῶν
542 5620 731 5690 Steph.
764 5621 799 5674 2
855 5628 910 5676 et
961 5617 1198 5674 Casaub.

1263 5549 1309 5581 "
1330 5549 1408 5624 τῷ
1433 5551 1552 5607 θαν.
1603 5553 1772 5614 Basil.
1806 5553 1903 5612 Gr.
1945 5557 2136 5628 Steph.
2235 5561 2280 5596 ⁷⁷
2313 5549 2856 5630 τούττωνήίὶειεὶὶδδιῖ
3123 5549 3582 5640 ιζ’.ιὲρέ

4055 1983 4084 3272 1

4047 3563 4084 3656 ι.

4045 3747 4054 3772 Γ

4041 3845 4054 3868 ι

4037 3907 4050 3958 -ι

4037 3967 4050 4032 .l

4037 4053 4046 4178 ἱ.

4031 4523 4040 4576 1

4010 4799 4073 5798 Ξ
