4084 6196
473 279 611 345 1015

1431 282 1920 346 TIIEODORETI
1961 279 2298 342 EPISCOPI
2337 278 2706 340 CYRENSIS

3587 269 3721 334 1016

469 407 666 448 omnes
702 392 1151 461 improhavimus.
1179 391 1314 458 Quia
1343 395 1487 449 sicut
1509 395 1767 450 mortales
1795 394 2043 447 homines

2154 389 2334 459 Πατὴρ
2364 389 2422 442 ἓν
2453 391 2641 459 ἐσμεν,
2684 407 2701 439 ι
2737 386 2821 440 διὰ
2854 385 2956 456 τὴν
2981 384 3296 456 συμφωνίαν
3329 383 3423 438 καῖ
3465 382 3563 454 τὴν
3589 385 3718 453 ὀμό-

473 485 688 548 solent,
723 499 860 553 cum
888 485 1140 539 altercari
1195 486 1498 556 coeperint,
1555 487 1790 543 infensis
1845 488 2044 542 animis

471 576 760 641 dissidere,
795 591 858 630 ac
884 587 1068 646 postea
1104 579 1446 634 reconciliari
1483 596 1496 633 :
1539 581 1619 634 sic
1655 578 1944 633 dissidium
1981 594 2045 632 ac

470 663 873 720 dissensionem
917 666 1058 720 inter
1084 665 1296 722 Patrem
1341 667 1507 724 Deum
1537 669 1966 738 oumipotentem
1993 669 2047 722 οὶ

473 752 668 809 Filium
711 756 957 812 incidere
1003 773 1166 827 posse
1211 759 1424 824 dicunt,
1456 760 1604 830 quod
1640 760 1723 815 vel
1773 759 2046 830 suspicari

472 854 562 897 aut
597 844 783 899 animo
816 843 1020 915 ﬁngere
1051 855 1135 901 est
1181 847 1659 903 absurdissimum.
1695 847 1806 902 Nos
1834 863 1965 904 vero
1993 856 2048 902 et

468 933 635 1006 847
657 935 934 991 credimus
957 944 1012 991 et
1048 938 1403 1003 afﬂrmamus,
1421 948 1475 993 et
1505 940 1875 1009 intelligimus,
1909 940 2048 993 divi-

474 1039 597 1077 nam
627 1024 766 1078 hanc
794 1039 982 1080 vocem
1009 1045 1023 1080 :
1051 1046 1068 1077 ι
1111 1027 1220 1098 Ego
1239 1038 1292 1084 et
1329 1030 1484 1084 Pater
1509 1045 1674 1084 unum
1715 1045 1905 1086 sumus
1935 1031 1980 1091 ⁸,
2024 1048 2042 1081 ι

471 1114 540 1169 de
571 1114 776 1170 unitate
803 1117 1146 1182 substantia,
1177 1124 1189 1140 ⁵
1216 1137 1338 1191 quia
1364 1121 1417 1175 in
1455 1121 1614 1177 Patre
1646 1133 1698 1177 et
1717 1122 1854 1176 Filio
1887 1122 2048 1178 unica

471 1214 578 1270 est,
604 1209 924 1277 capiendam
952 1225 1096 1266 esse.
1116 1212 1403 1269 Credimus
1432 1214 1618 1280 etiam,
1640 1216 1786 1268 hunc
1811 1231 2047 1284 semper,

474 1311 538 1350 uc
571 1297 690 1352 sine
744 1297 938 1364 initio,
992 1307 1046 1354 et
1095 1300 1215 1357 sine
1261 1302 1366 1357 ﬁne
1420 1317 1649 1372 regnare
1697 1319 1821 1357 eum
1870 1303 2047 1366 Patre,

479 1401 816 1456 regnumque
843 1386 964 1457 ejus
998 1405 1095 1444 nec
1121 1399 1335 1460 tempus
1371 1391 1570 1446 habere
1595 1407 1702 1460 quo
1737 1391 2048 1458 deﬁniatur,

477 1492 575 1532 nec
610 1493 848 1547 unquam
894 1479 1145 1536 desinere
1179 1501 1192 1536 :
1225 1483 1355 1552 quia
1390 1483 1532 1553 quod
1574 1498 1787 1552 semper
1815 1493 1919 1549 est,
1950 1499 2051 1538 nec

477 1583 718 1638 unquam
749 1571 916 1641 coepit
941 1587 1086 1634 esse,
1121 1589 1220 1628 nec
1251 1573 1502 1630 desinere
1542 1583 1738 1645 potest.
1760 1574 2050 1629 Credimus

473 1669 526 1714 et
563 1667 746 1715 mente
777 1663 1198 1731 complectimur
1247 1663 1582 1732 paracletum
1615 1664 1878 1730 Spiritum
1921 1678 2050 1718 san-

2146 497 2313 534 νοιαν.
2337 481 2704 548 Κατέγνωμεν
2723 479 2777 531 δὲ
2811 479 3006 541 πάντες
3034 479 3081 530 oi
3107 474 3380 531 καθολικοῖ
3406 478 3501 546 τῆς
3534 478 3719 546 μωρᾶς

2145 571 2240 623 καί
2268 570 2490 638 οἰκτρᾶς
2533 567 2712 622 αὐτῶν
2751 567 3012 629 διανοίας.
3061 567 3171 619 Καὶ
3200 565 3388 636 ὧσπερ
3411 570 3520 636 γὰρ
3547 566 3597 618 οἱ
3629 567 3720 620 άν-

2148 663 2354 732 ορωποι
2389 660 2590 730 Θνητοὶ.
2625 660 2811 730 ἐπειδή
2839 658 3186 729 διαφέρεσθαι
3216 657 3468 730 ἡρξαντο,
3493 675 3722 726 προσκε-

2149 753 2446 823 κρουκότες
2489 749 2808 821 διχονοοῦσι,
2846 754 2942 805 καὶ
2971 753 3051 814 είς
3086 749 3380 819 διαλλαγὴν
3422 748 3717 813 ἐπάνεισιν,

2147 843 2320 907 οὕτως
2366 841 2644 905 διάστασις
2691 843 2782 895 καὶ
2811 841 3046 911 διχόνοια
3092 839 3293 911 μεταξὺ
3343 840 3555 910 Πατρὸς
3585 839 3718 893 Θεοῦ

2149 934 2589 1006 παντοκράτορος
2630 933 2724 986 καὶ
2757 932 2852 986 τοῦ
2882 930 3012 986 Υίοῦ
3055 929 3197 986 εἶναι
3223 931 3441 985 δύναται
3464 931 3514 963 ⁷⁸
3535 931 3714 999 λέγου-

2151 1045 2256 1090 σιν,
2300 1029 2436 1096 ὅπερ
2481 1025 2826 1080 ἀτοπώτατον
2885 1025 2981 1077 καὶ
3032 1023 3326 1093 ὑπονοῆσαι
3381 1026 3474 1076 καὶ
3525 1022 3723 1075 ὑπολα-

2150 1117 2264 1170 ϐεῖν
2285 1117 2351 1170 ⁷⁸.
2391 1117 2583 1185 Ἡμεῖς
2627 1114 2684 1168 δὲ
2721 1115 2816 1170 καὶ
2854 1113 3182 1185 πιστεύομεν
3235 1111 3330 1166 καὶ
3385 1111 3722 1166 διαϐεϐαιού-

2154 1208 2313 1279 μεθα.
2345 1209 2436 1262 καὶ
2463 1208 2606 1262 οὕτω
2647 1208 2894 1278 νοοῦμεν,
2929 1207 3009 1260 ὅτι
3037 1207 3070 1278 ἡ
3101 1204 3220 1276 ἱερὰ
3253 1205 3402 1274 φωνὴ
3433 1203 3718 1275 ἐλάλησεν·

2158 1320 2176 1350 ι
2226 1299 2368 1367 Ἐγὼ
2422 1299 2516 1352 καὶ¹
2566 1302 2594 1352 6
2628 1297 2815 1370 Πατὴρ
2863 1298 2922 1351 ἓν
2953 1297 3141 1368 ἐσμεν,
3173 1313 3192 1347 ι
3245 1296 3338 1348 καὶ
3379 1295 3466 1348 διά
3495 1295 3592 1364 τὴν
3623 1293 3726 1364 τῆς

2153 1393 2500 1455 ὑποστάσεως
2532 1392 2778 1462 ἑνότητα,
2803 1392 2922 1460 ἥτις
2950 1391 3066 1444 ἐστὶ
3097 1390 3196 1460 μία
3242 1388 3335 1442 τοῦ
3369 1387 3598 1458 Πατρδς,
3630 1386 3728 1439 καὶ

2155 1485 2251 1554 μία
2295 1484 2388 1536 τοῦ
2439 1483 2589 1536 Υἱοῦ.
2646 1483 2756 1537 Καὶ
2790 1482 2948 1536 τοῦτο
2988 1482 3042 1536 δὲ
3080 1481 3427 1552 πιστεύομεν,
3471 1480 3725 1542 πάντοτε,

2151 1576 2419 1646 ἀνάρχως,
2461 1576 2554 1628 καὶ
2584 1574 2954 1645 ἀτελευτήτως
2992 1573 3179 1627 τοῦτον
3216 1572 3352 1643 μετὰ
3381 1570 3472 1624 τοῦ
3512 1570 3729 1641 [ἰατρὸς

2155 1667 2480 1737 βασιλεύειν,
2535 1668 2626 1720 καὶ
2674 1669 2746 1738 μὴ
2793 1665 2936 1736 ἔχειν
2989 1667 3122 1737 μήτε
3174 1664 3363 1736 χρόνον
3403 1663 3726 1734 διορίζοντα,

476 1756 643 1815 ctum,
663 1766 825 1821 quem
848 1753 1006 1809 nobis
1029 1753 1144 1822 ipse
1167 1731 1428 1810 Dominus
1449 1762 1501 1809 et
1520 1755 1768 1824 promisit
1783 1764 1835 1810 et
1861 1755 2005 1810 misit
2031 1771 2043 1807 :

2154 1759 2291 1827 μήτε
2323 1757 2595 1811 ἐκλείπειν
2628 1757 2788 1810 αὐτοῦ
2833 1758 2932 1827 τὴν
2981 1756 3257 1826 βασιλείαν
3277 1771 3290 1786 ·
3329 1755 3410 1808 ὅτι
3441 1755 3468 1808 6
3496 1752 3730 1807 πάντοτέ

475 1841 696 1897 ethunc
718 1843 995 1899 credimus
1020 1845 1266 1899 missum.
1285 1844 1389 1898 Sed
1414 1846 1458 1902 is
1491 1861 1684 1916 passus
1708 1857 1936 1911 nonest,
1954 1845 2047 1900 sed

479 1935 662 1999 homo,
694 1951 857 2003 quem
887 1936 1083 2002 induit,
1110 1953 1269 2006 quem
1307 1938 1607 2005 assumpsit
1631 1953 1697 1991 ex
1732 1937 1900 1991 Maria
1929 1936 2050 1991 Vir-

480 2027 623 2094 gine,
645 2026 916 2082 hominem
949 2027 1044 2097 qui
1076 2029 1183 2097 p.in
1208 2036 1418 2098 posset,
1439 2029 1566 2098 quia
1597 2029 1758 2083 homo
1780 2029 2048 2095 mortalis,

483 2117 623 2172 Deus
660 2133 787 2172 vero
833 2118 1180 2172 immortalis.
1211 2120 1497 2174 Credimus
1543 2120 1703 2173 tertia
1733 2120 1820 2174 die
1865 2136 2050 2174 resur-

481 2208 689 2264 rexisse
727 2228 740 2263 :
773 2211 1074 2264 resurrexit
1122 2220 1322 2274 autem,
1353 2225 1456 2263 non
1508 2209 1649 2265 Deus
1691 2211 1743 2264 in
1807 2212 2046 2275 homine,

481 2300 575 2354 sed
624 2299 788 2354 homo
828 2301 882 2354 in
915 2301 1044 2368 Deo,
1077 2318 1238 2372 quem
1289 2313 1341 2357 et
1380 2302 1523 2356 Patri
1559 2320 1660 2358 suo
1705 2304 1907 2359 donum
1948 2306 2049 2360 ob-

484 2391 629 2458 tulit,
703 2406 976 2463 quemque
1020 2408 1050 2446 a
1095 2401 1320 2464 peccato
1374 2405 1428 2449 et
1485 2395 1706 2449 interitu
1779 2397 2049 2452 liheravit.

484 2482 768 2538 tiredimus
813 2484 1006 2548 etiam,
1071 2495 1380 2554 Opportuno
1428 2501 1490 2540 ac
1543 2487 1766 2542 deﬁnito
1813 2496 2055 2558 tempore

479 2596 670 2638 omnes
689 2589 744 2637 et
775 2582 843 2636 de
865 2581 1120 2637 omnibus
1155 2582 1552 2650 judicaturum.
1585 2581 1754 2635 Tanta
1786 2584 2052 2652 siquidem

480 2690 668 2729 eorum
697 2683 783 2730 est
826 2675 1082 2736 stultitia,
1111 2684 1164 2727 et
1197 2687 1302 2727 tam
1356 2674 1544 2728 densis
1572 2673 1825 2729 tenebris
1861 2690 2051 2728 eorum

483 2779 636 2820 mens
678 2765 994 2829 obcazcata,
1036 2773 1094 2818 ut
1147 2764 1322 2819 lucem
1385 2763 1634 2820 veritatis
1680 2779 1906 2820 cernere
1961 2780 2054 2819 ne-

481 2863 704 2922 queant.
751 2854 870 2910 Non
925 2855 1274 2926 intelligunt,
1323 2868 1434 2926 quo
1485 2871 1648 2911 sensu
1689 2856 1893 2910 dictum
1930 2856 2050 2910 sit:

486 2966 503 2995 s
549 2944 616 3000 Ut
642 2952 698 3000 et
731 2947 835 3016 ipsi
876 2947 930 3001 in
966 2947 1126 3002 nobis
1159 2962 1327 3001 unum
1364 2946 1496 3002 sint.
1533 2965 1551 2998 ι
1589 2947 1770 3000 Palam
1798 2947 1943 3003 enim
1969 2955 2054 3002 est

482 3052 582 3090 cur
621 3053 783 3090 unum
826 3053 844 3090 .°

487 3129 752 3198 Spiritum
800 3135 1154 3198 acceperunt,
1187 3135 1240 3183 et
1280 3137 1461 3184 tamen
1499 3129 1603 3200 ipsi
1654 3127 1893 3200 Spiritus
1943 3146 2051 3184 non

480 3227 657 3285 erant,
683 3234 784 3274 nec
815 3221 962 3274 ullus
987 3235 1174 3275 eorum
1206 3229 1300 3274 aut
1340 3219 1600 3283 Verhum,
1639 3230 1733 3275 aut
1761 3222 2050 3292 sapientia,

483 3317 577 3363 aut
620 3313 814 3376 virtus,
867 3312 950 3367 vel
1007 3309 1335 3382 Uuigcnitus
1377 3320 1514 3367 erat.
1571 3330 1590 3363 ο
1627 3312 1785 3367 Sicut
1818 3313 2053 3382 ego,’in-

483 3402 621 3469 quit,
645 3409 698 3456 et
727 3411 782 3455 tu
821 3419 988 3458 unum
1017 3419 1230 3466 sunms,
1255 3404 1337 3458 sic
1376 3413 1428 3456 ct
1459 3405 1560 3472 ipsi
1599 3404 1650 3456 in
1692 3403 1853 3458 nobis
1886 3418 2051 3457 unum

482 3492 593 3547 sint
617 3494 666 3546 1³.
706 3512 725 3545 ι
761 3491 866 3548 Sed
892 3501 946 3550 et
969 3505 1222 3548 accurate
1255 3509 1352 3547 vox
1373 3493 1555 3547 divina
1582 3493 2052 3564 milistinxit:

485 3583 548 3636 lu
593 3584 764 3650 nobis,
806 3585 1005 3655 inquit,
1047 3601 1208 3638 unum
1256 3587 1384 3639 sint.
1431 3583 1550 3638 Non
1601 3586 1698 3647 ait,
1751 3585 1903 3641 Sicut
1957 3602 2057 3642 nos

484 3691 651 3728 unum
703 3691 920 3740 sumus,
952 3691 1052 3746 ego
1097 3685 1151 3730 et
1201 3674 1362 3728 Pater
1407 3675 1542 3730 :sed
1592 3687 1651 3730 ut
1696 3676 1950 3746 discipuli
2003 3677 2056 3731 in

482 3765 794 3834 semetipsis
832 3766 1114 3836 conjuncti
1145 3775 1196 3819 ct
1229 3765 1465 3835 copulati
1493 3781 1659 3819 unum
1702 3767 1812 3820 sint
1855 3768 1956 3823 lide
2005 3777 2059 3823 et

481 3855 852 3919 confessione,
882 3856 934 3910 in
969 3856 1142 3928 gratia
1175 3857 1302 3910 item
1336 3866 1390 3912 et
1420 3856 1620 3926 pietate
1651 3856 1741 3911 Dei
1769 3855 1969 3922 Patris,
2002 3869 2057 3914 ct

486 3944 696 4000 Domini
745 3961 807 4000 ac
839 3941 1148 4002 Servatoris
1182 3948 1354 4005 nostri
1390 3950 1747 4004 concessione
1778 3957 1832 4005 et
1865 3951 2050 4005 chari-

483 4044 590 4091 tate
627 4052 794 4090 unum
833 4053 956 4093 esse
993 4040 1224 4107 possint.

889 3037 1017 3107 quia
1071 3037 1325 3092 videlicet
1369 3037 1605 3107 apostoli
1655 3045 1906 3093 sanctum
1956 3036 2049 3092 Dei
2080 3062 2121 3119 ο

2152 1853 2320 1915 ἐστιν,
2367 1849 2651 1902 οὐδέποτε
2703 1852 2795 1902 τοῦ
2846 1843 2983 1902 εἶναι
3014 1845 3236 1918 ἤρξατο,
3285 1845 3405 1898 οὐδὲ
3454 1844 3729 1898 ἐκλείπειν

2151 1941 2389 1994 δύναται.
2427 1940 2761 2009 [πιστεύομεν
2802 1939 2858 1992 δὲ
2908 1941 3003 1992 καὶ
3049 1936 3593 2009 περιλαμϐάνομεν⁶⁹
3635 1934 3728 1987 τὸν

2152 2033 2502 2105 παράκλητον
2540 2033 2601 2085 τὸ
2649 2033 2803 2100 ᾶγιον
2852 2030 3098 2100 Πνεῦμα,
3149 2031 3286 2101 ὅπερ
3332 2031 3462 2100 ἡμῖν
3495 2029 3656 2091 αὐτὸς
3698 2027 3728 2079 6

2156 2126 2358 2193 Κύριος
2390 2125 2485 2177 καὶ⁸
2515 2123 2878 2194 ἐπηγγείλατο
2909 2124 3002 2176 καὶ
3034 2120 3267 2191 έπεμψε,
3310 2121 3404 2174 καὶ
3446 2121 3602 2173 τοῦτο
3636 2137 3730 2172 πι-

2157 2219 2416 2290 στεύομεν
2450 2217 2719 2290 πεμφθὲν.
2760 2219 2868 2272 Καὶ
2911 2217 3068 2271 τοῦτο
3122 2217 3182 2270 οὐ
3225 2216 3511 2281 πέπονθεν,
3556 2215 3672 2268 ἀλλ’
3701 2217 3734 2269 6

2155 2312 2434 2383 ἄνθρωπος
2463 2311 2520 2365 ὃν
2567 2309 2873 2376 ἐνεδύσατο,
2900 2309 2958 2362 ὃν
2984 2307 3241 2362 ἀνέλαϐεν
3275 2309 3338 2361 ὲκ
3379 2307 3599 2379 Μαρίας
3630 2307 3732 2374 τῆς

2157 2404 2456 2476 Παρθένου,
2506 2404 2594 2456 τὸν
2627 2402 2912 2472 ἄνθρωπον
2941 2402 3031 2453 τὸν
3072 2400 3261 2454 παθεῖν
3297 2399 3612 2470 δυνάμενον,
3646 2400 3733 2452 ὅτι

2155 2494 2440 2563 ἄνθρωπος
2495 2491 2706 2562 θνητὸς,
2760 2491 2890 2554 Θεὸς
2923 2490 2978 2544 δὲ
3034 2489 3320 2552 ἀθάνατος.
3372 2485 3731 2557 Πιστεύομεν,

2153 2588 2235 2640 ὅτι
2281 2588 2348 2656 τῇ
2400 2583 2556 2656 τρίτῃ
2603 2585 2784 2655 ἡμέρᾳ
2817 2585 3036 2654 ἀνέστη,
3069 2583 3166 2653 οὐχ
3209 2585 3237 2636 6
3266 2581 3397 2645 Θεὸς
3427 2582 3484 2635 ὲν
3510 2581 3586 2652 τῷ
3633 2581 3734 2634 άν-

2156 2672 2376 2742 Ορὼπῳ,
2425 2671 2540 2725 ἀλλ’
2574 2674 2602 2724 6
2630 2670 2913 2741 ἄνθρωπος
2957 2673 3013 2724 ὲν
3042 2670 3118 2740 τῷ
3155 2670 3274 2741 Θεῷ
3303 2671 3524 2740 ἀνέστη,
3551 2673 3734 2724 ὅντινα

2155 2763 2252 2818 καὶ
2286 2764 2625 2835 προσήνεγκε
2657 2762 2733 2833 τῷ
2763 2763 2937 2832 “arpi.
2969 2762 3158 2816 ἑαυτοῦ
3189 2762 3381 2833 δῶρον,
3414 2762 3471 2815 ὃν
3504 2762 3733 2833 ἠλευϐἑ‹

2160 2871 2330 2924 ρωσεν
2361 2857 2424 2907 ὲκ
2455 2854 2552 2923 τῆς
2584 2853 2858 2924 ἁμαρτίας
2890 2853 2981 2906 καὶ
3008 2853 3105 2922 τῆς
3138 2853 3364 2922 φθορᾶς.
3395 2852 3734 2922 Πιστεύομεν

2155 2948 2212 3002 δὲ
2236 2949 2319 3001 ὅτι
2353 2946 2556 3017 εὐθέτῳ
2583 2945 2758 3018 καιρῷ
2785 2947 2878 2999 καὶ
2910 2946 3198 3016 ὡρισμένῳ
3228 2945 3435 3008 πάντας
3481 2946 3570 3000 καί
3601 2947 3735 3018 περὶ

2157 3040 2370 3093 πάντων
2417 3038 2579 3101 αὐτὸς
2628 3041 2818 3108 κρινεῖ.
2856 3038 3104 3108 Τοσαύτη
3156 3037 3211 3090 δὲ
3263 3039 3443 3092 αὐτῶν
3499 3040 3644 3091 ἐστιν
3694 3040 3730 3108 ἠ

2155 3131 2332 3192 ἄνοια,
2361 3131 2452 3182 καὶ
2481 3128 2622 3182 οὕτω
2649 3132 2812 3199 παχεῖ
2846 3129 3025 3182 σκότει
3065 3129 3097 3199 ἡ
3133 3128 3340 3181 διάνοια
3370 3127 3547 3181 αὐτῶν
3577 3129 3730 3182 ἐκτε-

2155 3222 2456 3292 τύφλωται,
2507 3223 2594 3274 ἵνα
2631 3222 2704 3291 μὴ
2733 3221 3032 3289 δυνηθῶσιν
3067 3221 3192 3274 ίδεῖν
3225 3219 3283 3273 τὸ
3318 3219 3433 3289 φῶς
3463 3220 3561 3288 τῆς
3596 3219 3731 3289 ἀλη-

2157 3315 2325 3378 θείας.
2372 3316 2446 3367 Ού
2497 3315 2740 3366 συνιᾶσιν
2765 3314 2805 3345 ⁸⁸
2838 3306 2881 3381 ᾧ
2929 3313 3071 3384 λόγῳ
3105 3313 3369 3384 ἐίρηται·
3421 3330 3439 3362 ι
3478 3311 3593 3363 Ἵνα
3640 3310 3732 3362 καὶ

2157 3410 2309 3464 αὐτοὶ
2337 3412 2394 3461 ἐν
2422 3410 2552 3478 ἡμῖν
2585 3408 2642 3460 ἒν
2670 3401 2791 3460 ὦσι.
2834 3426 2852 3457 ι
2889 3406 3062 3473 Σαφές
3091 3407 3204 3458 ἐστι
3246 3405 3334 3458 διὰ
3365 3403 3416 3458 τί
3441 3403 3538 3458 ἓν·
3573 3403 3653 3455 ὅτι
3680 3402 3728 3454 oi

2157 3499 2441 3553 ἀπόστολοι
2475 3496 2695 3567 Πνεῦμα
2723 3496 2876 3564 ἅγιον
2919 3495 3010 3549 τοῦ
3042 3495 3174 3549 Θεοῦ
3206 3494 3419 3560 ἔλαϐον,
3449 3494 3561 3546 ἀλλ’
3586 3494 3731 3562 ὅμως

2155 3589 2308 3643 αὐτοὶ
2336 3589 2433 3641 οὐκ
2474 3584 2611 3657 ἦσαν
2653 3586 2898 3658 Πνεῦμα,
2931 3586 3052 3639 οὐδέ
3078 3603 3158 3649 τις
3187 3585 3366 3639 αὐτῶν
3397 3584 3430 3654 ἦ
3470 3584 3638 3650 Λόγος
3660 3584 3728 3645 ⁸¹,

2157 3679 2190 3751 ἦ
2239 3679 2421 3747 σοφία,
2467 3677 2499 3748 ἢ
2549 3678 2775 3748 δύναμις
2821 3673 2910 3748 ἦν,
2967 3676 3090 3730 οὐδὲ
3139 3674 3590 3746 Μονογενὴ;[85]
3641 3668 3728 3742 ἦν.

2165 3787 2183 3819 ι
2219 3769 2430 3838 Ὥσπερ
2458 3767 2587 3836 ἐγὼ,
2635 3768 2958 3839 gnatm-zeli.
3010 3768 3075 3820 σὺ
3115 3768 3174 3821 ἓν
3213 3769 3400 3838 ἐσμεν,
3434 3768 3604 3827 οὕτως
3638 3775 3731 3816 και

2157 3863 2311 3916 αὐτοὶ
2341 3863 2396 3916 ὲν
2423 3864 2552 3932 ἡμῖν
2585 3861 2640 3914 ἒν
2666 3859 2818 3914 ὦσιν.
2843 3881 2862 3913 ι
2895 3859 3056 3912 Ἀλλά
3086 3861 3178 3912 καὶ
3209 3858 3445 3931 ἀκριϐῶς
3471 3855 3731 3910 διέστειλε

2159 3954 2193 4022 ἡ
2248 3952 2368 4005 θεία
2424 3954 2616 4022 φωνή·
2683 3953 2778 4005 Ἐν
2839 3951 2984 4020 ἡμῖν
3056 3950 3126 4004 ἓν
3174 3945 3310 4014 ὦσι,
3365 3948 3546 4020 φησίν.
3617 3947 3731 3998 Οὐκ

2163 4041 2334 4108 εἶπεν,
2385 4044 2595 4116 Ὥσπερ
2645 4045 2808 4115 ἡμεῖς
2845 4043 2902 4096 ἐν
2926 4045 3114 4113 ἐσμεν,
3153 4042 3264 4110 ἐγὼ
3299 4043 3393 4094 καὶ
3439 4043 3468 4094 6
3506 4039 3726 4108 Πατήρ·

479 4128 593 4182 ἀλλ’
626 4128 712 4182 ἵνα
731 4129 778 4160 ⁸³
808 4130 857 4183 οί
891 4130 1130 4200 μαθηταὶ
1158 4132 1213 4184 ὲν
1239 4131 1420 4194 αὑτοίς
1460 4130 1680 4199 σύζυγοι
1718 4132 1806 4184 καὶ
1836 4132 2098 4201 ὴνωμένοι
2131 4135 2188 4188 ἓν
2217 4129 2317 4188 ὦσι
2349 4136 2415 4205 τῇ
2455 4133 2634 4186 πίστει
2664 4135 2754 4186 καὶ
2789 4131 3049 4204 ὁμολογία
3073 4173 3086 4195 ,
3118 4132 3213 4186 καὶ
3246 4131 3305 4184 ὲν
3329 4134 3396 4200 τῇ
3428 4132 3607 4201 χάριτι
3636 4123 3730 4180 καὶ

479 4222 733 4294 εὐσεϐείᾳ.
759 4226 825 4295 τῇ
857 4222 949 4276 τοῦ
995 4221 1128 4275 Θεοῦ
1187 4221 1418 4293 Πατρὸς,
1455 4222 1548 4276 καὶ
1615 4225 1682 4293 τῇ
1743 4223 1836 4278 τοῦ
1896 4225 2098 4297 Κυρίου
2131 4227 2222 4280 καὶ
2271 4225 2526 4295 Σωτῆρος
2563 4223 2719 4294 ἡμῶν
2750 4224 3098 4296 συγχωρήσει
3145 4223 3238 4277 καὶ
3266 4221 3456 4292 ἀγάπῃ
3501 4221 3558 4274 ἓν
3592 4214 3732 4278 εἶναι

443 4329 446 4332 ’
477 4314 796 4386 δυνηθῶσιν.

550 4411 628 4464 Ex
681 4411 783 4464 hac
835 4410 1066 4479 epistola
1111 4418 1166 4464 et
1219 4418 1601 4464 accusatorum
1662 4411 1961 4475 calumnia,
2004 4423 2058 4468 et
2090 4415 2133 4473 D

479 4503 724 4574 priorum
766 4502 1012 4571 judicum
1048 4501 1329 4571 iniquitas,
1357 4512 1410 4555 et
1443 4502 1756 4571 dogmatum
1796 4511 2056 4570 praeterea

477 4596 685 4651 sanitas
719 4594 1051 4663 deprehendi
1096 4604 1294 4664 potest.
1341 4593 1456 4648 Non
1491 4595 1666 4649 solum
1696 4595 1840 4650 enim
1878 4596 1945 4650 de
1973 4597 2057 4648 di-

477 4689 601 4740 vina
645 4701 746 4740 nos
794 4695 987 4739 natura
1043 4686 1183 4739 beati
1221 4686 1294 4738 illi
1349 4684 1542 4741 Patres
1589 4685 1914 4750 docuerunt,
1959 4688 2052 4743 sed

477 4776 880 4833 incarnationis
936 4791 1154 4845 quoque
1193 4777 1512 4847 mysterium
1547 4779 1913 4847 explicarunt.
1958 4779 2052 4834 llis

473 4870 734 4941 cognitis.
760 4870 1054 4932 Constans,
1087 4878 1142 4923 et
1167 4868 1350 4922 fratris
1371 4870 1457 4923 sui
1487 4870 1763 4925 levitatem
1787 4886 2040 4935 cernens,

470 4979 613 5031 a-gre
663 4961 806 5026 tulit,
854 4972 906 5015 et
942 4960 994 5014 iu
1034 4977 1128 5015 eos
1171 4961 1512 5028 succensuit,
1561 4962 1654 5032 qui
1712 4963 1824 5017 lucc
1875 4962 2047 5015 moliti

550 5129 572 5162 κ
597 5125 754 5180 Joan.
793 5145 847 5193 κ,
882 5127 968 5181 50.
1047 5124 1072 5162 ιι
1105 5122 1262 5177 Joan.
1295 5135 1426 5182 τνιι,
1451 5118 1542 5171 2..

2246 4415 2339 4468 Ἐκ
2380 4413 2543 4467 τῶνδε
2579 4413 2686 4465 τῶν
2709 4411 3050 4484 γραμμάτων
3095 4410 3209 4464 ἔστι
3242 4410 3455 4481 μαθεῖν,
3497 4409 3605 4461 τῶν
3637 4408 3734 4479 μὲν

2162 4507 2480 4577 κατηγόρων
2507 4506 2604 4576 τὴν
2650 4505 3035 4574 συκοφαντίαν,
3061 4503 3168 4556 τῶν
3191 4504 3246 4556 δὲ
3283 4503 3450 4556 πάλαι
3479 4501 3738 4554 ὃικασάν·

2158 4616 2266 4650 των
2313 4599 2412 4667 τὴν
2463 4598 2697 4660 ἀδικίαν,
2733 4598 2824 4649 καὶ
2859 4596 2993 4668 πρὸς
3023 4595 3253 4658 τούτοις,
3303 4593 3410 4645 τῶν
3450 4592 3738 4661 δογμάτων

2155 4692 2252 4760 τὴν
2297 4690 2502 4757 ὑγείαν.
2558 4690 2630 4742 Ού
2668 4687 2774 4759 γάρ
2810 4687 2968 4758 μόνον
3002 4686 3067 4741 τὰ
3105 4686 3234 4756 περὶ
3265 4688 3360 4756 τῆς
3401 4685 3549 4746 Gaia;
3586 4685 3736 4754 ἡμᾶς

2153 4780 2392 4846 ἐδίδαξαν
2421 4781 2636 4849 φύσεως
2666 4783 2713 4832 oi
2749 4780 3006 4850 μακάριοι
3043 4779 3284 4850 Πατέρες
3306 4795 3319 4808 ο
3353 4778 3486 4830 ἀλλὰ
3514 4778 3607 4829 καὶ
3635 4775 3734 4847 τὴν

2156 4872 2397 4942 περὶτῆς
2415 4871 2725 4942 οἰκονομίας
2748 4869 3096 4923 διδασκαλίαν
3117 4870 3520 4940 προσήνεγκαν.
3546 4870 3736 4922 Ταῦτα

2154 4965 2181 5014 ὁ
2213 4961 2472 5026 Κώνστας
2521 4961 2875 5034 μεμαοηκὼς,
2923 4960 3170 5032 ἠθύμησε
3225 4961 3323 5032 μὲν
3368 4963 3462 5014 τοῦ
3501 4959 3734 5030 ἀδελφοῦ

1785 5263 1870 5318 VA
1885 5259 2020 5317 “LE
2057 5258 2457 5317 LECTIONES.

566 5389 610 5418 "
640 5385 966 5456 Sirngondus
1009 5386 1572 5456 ChrisIOphorsonum
1619 5385 1906 5456 sequitur,
1952 5387 2046 5456 aut
2100 5378 2363 5456 Stepha_n.

981 5459 1026 5490 "
1055 5449 1364 5511 ὑποϐαλεῖν.
1413 5455 1576 5511 Basil.
1619 5449 1712 5510 Gr'.
1755 5462 1808 5510 et
1841 5452 1957 5508 Lat.
2001 5453 2240 5520 itemque
2288 5449 2476 5520 Steph.

470 5458 699 5515 δυνατὸν
733 5451 894 5510 εἶναι.

2547 5379 2613 5432 At
2661 5386 2889 5445 uterque
2926 5375 3087 5430 Basil.
3123 5382 3176 5428 et
3207 5373 3428 5445 Steph._
3467 5375 3482 5427 I
3527 5374 3727 5445 haheut

2571 5449 2617 5482 '°
2645 5442 3360 5518 napalapﬁévopsvidiasik
3393 5443 3485 5518 Gr.
3515 5453 3579 5518 et»
3601 5442 3729 5496 Lat-

471 5526 512 5555 "
543 5513 904 5586 οὑίσυνίασιν.
939 5527 1219 5596 Steph._2.
1295 5527 1341 5559 "
1376 5527 1408 5593 ἢ
1439 5525 1595 5593 λόγος
1629 5529 1785 5581 ahest
1815 5526 1883 5596 ab
1903 5513 2164 5596 rutroque'
2189 5520 2355 5596 Basil.
2380 5513 2580 5596 :"_'€va_
2605 5513 2758 5596 abest
2785 5519 2853 5596 ali
2871 5513 3115 5596 utroque
3152 5513 3314 5596 Iiasil.
3349 5515 3726 5596 etﬂS}.qrha_n..

466 5607 528 5644 30
557 5585 730 5666 paulo
752 5603 884 5674 Post
911 5611 1010 5663 pro
1038 5585 1094 5650 ἓν
1122 5593 1222 5650 ὦσι
1255 5615 1306 5650 τ.
1343 5585 1613 5649 πίστ’κῶ
1645 5596 1796 5668 ὁμολ.
1817 5595 2028 5674 ⁶Ιιςιὶκιξιι
2060 5585 2224 5670 iidem
2256 5590 2414 5644 codd.
2450 5590 2505 5642 ’ἐν
2539 5591 2641 5643 εἱσι
2677 5593 2738 5661 τῇ
2768 5589 2945 5642 πίστει
2973 5591 3042 5658 τῇ
3075 5585 3351 5661 ὁμολογίᾳ.
3391 5585 3738 5657 Epiphanius

468 5664 677 5736 omisso
706 5664 789 5734 τῷ
818 5664 903 5718 ἵνα
930 5679 1091 5723 unum
1122 5669 1221 5723 sint
1260 5666 1422 5739 (forte
1450 5668 1592 5737 sunt)
1632 5664 1687 5726 ei
1707 5665 1826 5735 fulsi
1861 5664 2206 5734 confessione,
2233 5669 2336 5716 etc.
2917 5671 2922 5676 '
