4084 6196
419 278 550 344 3οΠ

1401 283 1984 344 ΕεΞΟιΕδΙΑΞΤΙΟᾸΞ
2017 286 2395 346 HISTORL‘E
2435 287 2577 344 LIB.
2606 285 2685 364 II.

3533 281 3666 340 1018

417 392 518 462 τὴν
560 390 810 444 εὐκολίαν
843 390 988 460 δρῶν
1012 407 1024 418 ·
1079 390 1380 462 ἐχαλέπηνε
1411 392 1466 446 δὲ
1496 393 1637 447 κατὰ
1673 393 1783 448 τῶν
1827 393 1986 449 ταῦτα

2097 405 2322 460 essent,
2391 393 2845 465 imperatorisque
2919 391 3168 445 facilitati
3253 388 3664 460 imposuissent.

418 480 838 552 τετυρευκότων,
892 480 986 534 καὶ
1032 482 1132 550 τὴν
1172 482 1438 552 βασιλέως
1489 485 1858 554 ὴπατηκότωνι
1896 483 1990 537 εὐ·

418 571 658 642 χέρειαν.
694 570 798 624 Δύο
841 570 903 640 δὴ
928 567 1022 625 οὖν
1048 572 1155 627 τῶν
1180 575 1260 636 είς
1283 574 1382 641 τὴν
1410 574 1673 645 Σαρδικὴν
1697 574 1742 607 ⁸⁵
1766 575 1988 644 συνελη-

421 663 660 716 λυθότων
707 661 1071 734 ἐκλεξάμενος
1124 664 1475 730 ἐπισκόπους,
1503 667 1638 735 πρὸς
1657 665 1748 718 τὸν
1768 665 1994 734 ἀδελφὸν

422 753 560 822 μετὰ
580 753 923 824 γραμμάτων
955 755 1240 808 ἀπέστειλε
1265 771 1279 785 ·
1315 755 1698 809 συναπέστειλε
1726 755 1782 808 δὲ
1809 757 1993 819 αὐτοῖς

420 843 513 896 καὶ
535 843 856 914 στρατηγὸν,
882 844 1139 908 Σαλιανδς
1160 845 1217 898 δὲ
1248 844 1423 916 τούτῳ
1451 844 1628 916 ὄνομα.
1657 841 1746 916 ἦν,
1795 845 1854 909 ὃς
1903 845 1992 902 εύο

423 933 608 1004 σεϐεία
645 951 705 986 τε
735 935 827 987 xa‘t
856 934 1167 1006 δικαιοσύνῃ
1195 934 1480 1006 διέλαμπε.
1505 935 1584 988 Τά
1606 935 1666 987 δὲ
1690 934 1992 1006 γράμματα

423 1025 485 1076 ού
538 1026 863 1096 παραίνεσιν
917 1027 1080 1097 μόνον
1112 1027 1159 1060 ⁸⁸
1208 1023 1322 1098 εἶχε
1365 1028 1461 1080 καὶ
1497 1026 1826 1099 συμϐουλὴν,
1856 1026 1993 1081 ἀλλὰ

426 1115 516 1166 καὶ
541 1115 766 1186 ἀπειλὴν
795 1115 1010 1169 εὐσεϐεῖ
1036 1118 1347 1187 πρέπουσαν
1379 1116 1606 1187 βασιλεῖ.
1642 1116 1863 1188 Πρῶτον
1895 1117 1992 1187 μὲν

423 1204 528 1276 γὰρ
554 1206 829 1260 ἐπέστειλε
861 1208 938 1278 τῷ
971 1208 1204 1278 ἀδελφῷ,
1231 1211 1344 1272 τοῖς
1367 1208 1679 1270 ἐπισκόποις
1700 1207 1798 1271 τὰς
1823 1205 1992 1270 ἀκοὰς

422 1295 698 1366 ὑποσχεῖν,
734 1298 830 1351 καὶ
857 1300 956 1363 τὰς
983 1299 1088 1352 ὑπὸ
1112 1300 1382 1367 Στεφάνου
1408 1299 1500 1354 καὶ
1527 1298 1644 1352 τῶν
1665 1297 1840 1351 ἄλλων
1869 1297 1989 1350 τολ-

426 1388 682 1456 μωμένας
720 1391 1065 1461 παρανομίας
1114 1391 1336 1459 μαθεῖν·
1367 1391 1462 1444 καὶ
1493 1389 1675 1460 μέντοι
1706 1391 1797 1443 καὶ
1837 1389 1994 1444 Ἀθα-

422 1479 603 1533 νάσιον
625 1479 913 1534 ἀποδοῦναι
940 1483 1007 1551 τῇ
1041 1481 1263 1552 ποίμνῃ,
1291 1481 1456 1552 δήλης
1482 1481 1578 1534 καὶ
1600 1480 1702 1550 τῆς
1725 1497 1994 1550 συκοφαν-

419 1570 539 1634 τίας
580 1571 971 1641 γεγενημένης,
1011 1572 1104 1624 καὶ
1145 1573 1242 1642 τῆς
1283 1572 1392 1626 τῶν
1438 1571 1606 1626 πάλαι
1645 1572 1983 1627 δικασάντων

2099 485 2244 540 Duos
2287 493 2468 540 autem
2515 501 2582 540 ex
2619 486 2688 542 iis
2721 485 2814 554 qui
2851 482 3128 537 Sardicam
3165 487 3538 534 convenerant
3571 480 3666 534 de-

2097 576 2268 636 lectos
2289 575 2578 644 episcopos
2604 590 2729 628 cum
2757 571 2960 627 litteris
2992 571 3138 626 misit
3169 569 3235 623 ad
3268 569 3516 631 fratrem,
3535 569 3556 588 ⁶
3582 582 3663 622 at-

2096 683 2203 737 que
2267 682 2372 721 una
2427 666 2706 719 Saliauum
2770 665 3089 734 magistrum
3157 663 3430 728 militum,
3487 663 3662 715 virum

2096 759 2299 827 pietate
2355 771 2420 811 ac
2467 755 2683 825 justitia
2733 755 3024 825 insignem.
3077 753 3294 807 Littera:
3336 768 3497 823 porro
3554 769 3663 806 non

2096 846 2531 902 adhortationem
2571 837 2731 914 modo
2783 854 2837 900 et
2881 845 3195 909 consilium,
3229 844 3322 897 sed
3363 844 3664 897 commina-

2095 943 2298 997 tionem
2351 941 2515 997 etiam
2573 941 2665 1010 pio
2725 939 2970 1009 principe
3013 939 3233 1007 dignam
3286 937 3661 994 continebant.

2093 1031 2338 1088 Primum
2385 1031 2531 1087 enim
2573 1030 2727 1086 fratri
2782 1030 3026 1100 scripsit,
3081 1042 3141 1082 ut
3188 1028 3464 1098 episcopis
3500 1043 3659 1083 aures

2094 1123 2382 1195 praeberet,
2430 1121 2802 1191 Stephanique
2835 1129 2888 1176 et
2920 1120 3150 1174 aliorum
3192 1118 3378 1187 iniqua
3421 1115 3662 1172 facinora

2093 1222 2488 1286 cognosceret:
2517 1213 2713 1269 deinde
2749 1220 2808 1266 ut
2846 1211 3204 1267 Athanasium
3253 1209 3400 1280 gregi
3445 1223 3546 1262 suo
3575 1223 3666 1264 re-
3775 1245 3782 1254 .

2095 1308 2365 1369 stitueret,
2405 1319 2532 1360 cum
2577 1304 2845 1374 patefacta
2903 1302 3017 1372 jam
3067 1308 3213 1356 esset
3265 1296 3560 1362 calumnia,
3599 1308 3660 1359 οι

2096 1397 2340 1467 priorum
2382 1395 2631 1465 judicum
2670 1395 2936 1465 iniquitas
2963 1403 3016 1448 et
3053 1389 3450 1447 malevolentia.
3483 1387 3663 1440 Adde-

2095 1486 2298 1554 batque
2337 1501 2419 1551 se,
2458 1485 2562 1541 nisi
2601 1483 2915 1556 persuaderi
2963 1481 3065 1536 sibi
3104 1487 3380 1550 pateretur
3431 1489 3482 1532 et
3515 1476 3662 1546 quod

2093 1575 2260 1647 849
2291 1591 2508 1646 aaquum
2541 1582 2662 1630 erat
2693 1573 2916 1637 faceret,
2947 1569 3328 1626 Alexandriam
3387 1567 3662 1640 profectu-

420 1662 767 1732 παρανομίας
792 1663 886 1716 καὶ
904 1663 1245 1734 δυσμενείας.
1275 1666 1634 1736 Προστέθεικε
1649 1666 1728 1732 δέ,
1745 1666 1821 1730 ὡς
1843 1668 1893 1718 εί
1915 1664 1986 1736 μὴ

2097 1680 2241 1729 raun,
2294 1673 2349 1720 et
2402 1664 2761 1719 Athanasium
2811 1662 3188 1732 expetentibus
3240 1661 3436 1716 cvibus
3485 1659 3664 1712 reddi-

422 1752 688 1823 πεισθείη,
716 1754 811 1807 καὶ
840 1754 907 1808 τά
930 1754 1114 1810 δίκαια
1147 1755 1375 1827 πράξοι,
1405 1757 1568 1820 αὐτὸς
1601 1757 1702 1827 τὴν
1741 1755 1986 1821 Ἀλεξάν-

2097 1764 2304 1819 turum,
2337 1754 2792 1824 inimicorumque
2817 1763 3065 1810 catervas
3105 1754 3481 1822 expulsurum.
3515 1749 3664 1817 Quas

420 1843 605 1914 δρειαν
657 1845 1053 1915 καταλήψεται,
1087 1848 1183 1900 καὶ
1219 1847 1310 1900 τὸν
1361 1847 1674 1901 Ἀθανάσιον
1722 1846 1986 1900 ἀποδώσει

2094 1845 2305 1899 litteras
2343 1843 2668 1906 Antiochiae,
2702 1844 2791 1897 ubi
2833 1853 2945 1898 tum
2978 1842 3228 1913 degebat,
3265 1857 3388 1896 cum
3417 1841 3663 1910 accepis-

419 1938 533 1999 τοῖς
560 1936 784 1990 ποθοῦσι
823 1938 1137 2008 προϐάτοις,
1173 1939 1394 1992 καὶτῶν
1427 1939 1704 2009 δυσμενῶν
1741 1938 1986 2003 ἐξελάσει

2093 1944 2176 1991 set
2207 1935 2586 2000 Constantius,
2623 1933 2896 1990 facturum
2945 1949 3004 1990 se
3062 1933 3265 2003 recepit
3293 1931 3438 2002 quod
3492 1931 3665 1986 frater

419 2025 480 2079 τὸ
531 2028 738 2098 στίφος.
795 2029 1012 2100 Ταύτην
1055 2031 1348 2099 δεξάμενος
1395 2031 1423 2082 ὀ
1468 2031 1844 2094 Κωνστάντιος
1888 2030 1986 2100 τὴν

2089 2023 2438 2096 significarat.

420 2117 728 2189 ἐπιστολὴν,
779 2119 836 2173 ἐν
895 2120 1193 2192 Ἀντιοχείᾳ
1247 2121 1303 2175 δὲ
1341 2121 1642 2191 τηνικαῦτα
1693 2121 1984 2190 ἐτύγχανεν
2015 2118 2110 2184 ὢν,
2169 2117 2436 2186 ὑπέσχετο
2465 2115 2684 2186 δράσειν
2733 2114 2869 2185 ὅπερ
2891 2112 2934 2144 ⁸⁸
2962 2114 2990 2166 ὁ
3047 2111 3156 2165 τῶν
3217 2110 3420 2164 ὠδίνων
3494 2113 3666 2182 ἐπήγ-

419 2213 564 2278 γειλε
595 2213 865 2276 κοινωνός.

949 2304 1063 2377 [ει]
1095 2305 1345 2360 κιεψΑΑ.
1385 2305 1458 2359 Ζο.

425 2391 501 2445 Τὰ
534 2393 682 2446 κατὰ
722 2392 1042 2462 Εὑςρρατᾶν
1083 2394 1178 2448 καὶ
1236 2395 1541 2448 Βικέντιον
1573 2394 1714 2459 τοὺς
1743 2394 1989 2448 ἐπισκό-

489 2477 644 2534 πους
677 2463 773 2515 καὶ
806 2464 920 2527 τὴν
957 2464 1394 2534 ἐνβᾼντιοχείᾳ
1434 2465 1563 2518 κατ’
1607 2463 1804 2519 αὐτῶν
1833 2481 1988 2534 γεγε-

488 2533 757 2600 νημένην
778 2533 1113 2598 συσκευήν.

500 2643 637 2695 Ἀλλ’
666 2643 758 2696 ἐπὶ
794 2643 1005 2708 τούτοις
1040 2645 1376 2716 ἀλγήσαντες
1402 2648 1453 2700 oi
1483 2649 1549 2718 τῇ
1575 2646 1803 2718 ἀληθείᾳ
1834 2646 1990 2699 πολε-

421 2736 540 2804 μεῖν
591 2734 862 2798 είωθότες,
916 2735 977 2788 τὸ
1023 2736 1343 2809 παμμίαρον
1395 2739 1573 2792 ἐκεῖνο
1603 2737 1698 2792 καὶ
1733 2735 1990 2799 δυσσεϐὲς

418 2824 828 2879 κατεσκεύασαν
861 2827 1068 2897 δρᾶμα.
1100 2829 1357 2900 Κατήχθη
1389 2830 1484 2899 μὲν
1516 2829 1622 2900 γὰρ
1649 2829 1799 2900 παρά
1827 2827 1925 2898 τὴν
1941 2827 1988 2859 ⁸⁷

421 2913 696 2985 ὑπώρειαν
717 2913 825 2967 τῶν
856 2916 1156 2986 ἀρχιερέων
1183 2917 1218 2986 ἡ
1249 2916 1498 2988 ξυνωρὶς,
1531 2920 1560 2971 ὁ
1589 2918 1640 2970 δὲ
1686 2917 1990 2989 στρατηγὸς

420 3003 749 3075 καταγωγὴν
779 3004 866 3058 ἐτέ
875 3022 972 3076 ραν
999 3005 1232 3078 εἰλήφει.

2715 2291 2864 2346 CAP.
2918 2291 3031 2351 \‘ll.

2089 2383 2163 2439 De
2201 2382 2477 2452 Euphrata
2525 2391 2574 2436 et
2629 2380 2918 2444 Vincentio,
2953 2391 3000 2452 et
3061 2379 3247 2434 dolosa
3296 2381 3348 2434 in
3394 2398 3482 2437 eos
3523 2385 3662 2451 apud

2489 2452 2819 2506 Antiochiam
2857 2451 3260 2504 machinatione.

2161 2631 2266 2687 Scd
2299 2647 2424 2686 cum
2452 2631 2569 2686 haec
2601 2630 2743 2685 male
2772 2629 2896 2684 illos
2925 2628 3192 2684 haberent
3240 2628 3332 2699 qui
3381 2627 3662 2684 veritatem

2121 2739 2398 2796 ppugnare
2430 2730 2850 2785 consueverant,
2883 2719 3284 2776 exsecrandum
3335 2730 3391 2775 et
3430 2720 3661 2792 impium

2085 2817 2266 2874 scelus
2309 2815 2608 2870 machinati
2646 2822 2798 2870 sunt.
2832 2812 3138 2868 Diverterat
3187 2812 3334 2867 enim
3384 2827 3482 2883 par
3528 2811 3662 2866 illud

2084 2907 2470 2980 episcoporum
2504 2904 2569 2958 ad
2606 2903 2828 2958 domum
2861 2903 2966 2958 sub
3003 2903 3144 2957 clivo
3192 2903 3375 2969 sitam,
3402 2903 3665 2973 magister

2085 2998 2314 3052 militum
2350 2995 2480 3049 alibi
2513 2994 2871 3049 diversorium
2907 3000 3212 3063 acceperat.

489 3115 763 3184 Στέφανος
783 3115 860 3181 δέ,
891 3117 1053 3180 αὐτὸς
1074 3117 1182 3189 γὰρ
1203 3118 1248 3149 ⁸⁸
1274 3118 1374 3189 τῆς
1411 3118 1724 3190 Ἀντιοχέων
1763 3119 1986 3190 Ἐκκλη-

2160 3108 2472 3180 Stephanus
2503 3106 2586 3180 [Β.
2638 3107 2718 3162 St.
2755 3107 2853 3162 Ch.
2887 3105 2951 3160 ν.
2981 3105 3060 3180 9.]
3107 3115 3310 3171 autem,
3342 3108 3434 3180 qui
3465 3108 3662 3164 Antio-

419 3207 540 3271 σίας
593 3209 843 3279 κατέχων
889 3210 1015 3273 τοὺς
1075 3209 1270 3274 οἴακας
1319 3199 1649 3282 ὑποϐρύχιον
1702 3211 1874 3264 ἐποίει
1927 3211 1989 3264 τὸ

419 3299 642 3366 σκάφος,
671 3295 783 3370 εἶχε
821 3299 920 3370 μὲν
948 3301 1042 3354 καὶ
1083 3301 1274 3364 ἄλλους
1301 3301 1409 3354 τῶν
1435 3301 1772 3372 τυραννικῶν
1798 3318 1986 3372 συνερ-

417 3389 545 3455 γοὺς
567 3390 952 3460 τολμημάτων,
968 3386 1047 3456 οἷς
1076 3391 1355 3462 χρώμενος
1381 3392 1506 3456 τοὺς
1522 3393 1632 3446 τῶν
1660 3391 1837 3463 ὀρθῶν
1864 3393 1990 3446 ἀντ-

419 3481 708 3550 εχομένους
749 3482 1034 3553 δογμάτων
1089 3484 1457 3547 παντοδαπαῖς
1496 3483 1816 3554 περιέϐαλλε
1852 3501 1988 3554 συμ-

419 3576 640 3644 φοραῖς·
669 3575 851 3645 ἠγεῖτο
877 3575 933 3628 δὲ
961 3575 1162 3629 τούτων
1180 3575 1296 3639 νέος
1314 3593 1419 3640 τις,
1447 3575 1745 3647 θρασύτητι
1776 3575 1875 3646 μὲν
1894 3593 1988 3629 συ-

417 3662 542 3730 ζῶν,
570 3665 660 3718 τὸν
680 3665 736 3718 δέ
759 3667 1070 3737 παράνομον
1099 3667 1473 3732 ἀσπαζόμενος
1497 3668 1631 3738 βίον,
1658 3667 1715 3732 ὃς
1738 3668 1800 3721 ού
1827 3666 1986 3736 μόνον

412 3759 540 3820 τοὺς
577 3758 639 3810 ἐκ
678 3759 777 3828 τῆς
816 3759 1022 3829 ἀγορᾶς
1049 3759 1229 3828 ἀπῆγε
1263 3757 1689 3829 προπηλακίζων
1718 3758 1812 3811 κα)⁸
1841 3759 1987 3811 αίκι-

412 3849 663 3920 ζόμενοςο
716 3851 850 3905 άλλά
900 3851 994 3904 καὶ
1046 3852 1166 3914 ταῖς
1212 3850 1411 3913 οἰκίαις
1463 3850 1654 3913 ἐπιὼν,
1715 3849 1908 3919 ἀνέδην
1937 3848 1982 3882 ⁸⁹

411 3942 504 3995 καὶ
536 3942 734 4013 ἄνδρας
765 3943 922 4013 ἐξῆγε
979 3942 1073 3997 καὶ
1119 3945 1384 4010 γυναῖκας
1426 3941 1710 4011 σεμνότητι
1753 3958 1986 4011 κοσμουο

413 4029 604 4099 μένας.
650 4032 758 4084 Καὶ
794 4033 882 4085 ἵνα
917 4031 990 4102 μὴ
1033 4031 1234 4103 σφόδρα
1270 4031 1494 4102 μηκύνω
1522 4033 1622 4101 τὴν
1669 4030 1859 4084 τούτου
1903 4032 1982 4084 δι-

417 4119 721 4189 ηγούμενος
768 4123 1048 4192 πονηρίαν,
1084 4121 1143 4175 τὸ
1170 4123 1310 4175 κατά
1351 4122 1461 4174 τῶν
1493 4122 1732 4192 ἀρίστων
1779 4121 1984 4193 ἀνδρῶν

410 4209 678 4279 τολμηθὲν
713 4210 1043 4281 διηγήσομαι
1063 4228 1076 4240 ·
1119 4211 1336 4282 ἀπόχρη
1377 4211 1486 4281 γὰρ
1514 4210 1890 4282 τεκμηριῶσαι
1914 4211 1984 4266 τὰ

409 4299 550 4352 κατὰ
569 4299 671 4352 τῶν
695 4299 932 4354 άστῶνίθθ
955 4300 1044 4352 ὑπ’
1068 4301 1275 4354 ἐκείνου
1299 4301 1626 4372 παρανόμως
1651 4302 1981 4372 πραχθέντα.

412 4383 580 4452 Οὗτος
629 4389 764 4458 πρός
801 4406 922 4441 τινα
948 4389 1300 4461 χαμαιτύπην
1330 4390 1788 4460 παραγενόμενος,
1815 4391 1980 4461 ἔφησε

408 4480 592 4547 ξένους
633 4479 862 4550 ἔναγχος
908 4481 1232 4551 ἐληλυθότας
1281 4482 1488 4536 δεῖσθαι
1521 4481 1736 4552 νύκτωρ
1786 4484 1975 4554 αὐτῆς.

406 4568 536 4627 Εἶτα
561 4573 953 4626 πεντεκαίδεκα
983 4573 1286 4637 στασιώτας
1312 4574 1510 4637 λαϐὼν,
1545 4576 1640 4628 καὶ
1673 4574 1895 4640 τούτους
1917 4578 1976 4630 ἐν

402 4669 523 4730 ταῖς
544 4668 683 4722 κατὰ
703 4665 802 4737 τὴν
832 4664 1110 4737 ὑπώρειαν
1132 4667 1414 4734 αἱμασιαῖς
1439 4666 1810 4736 κατακρύψας,
1842 4662 1976 4738 ἦκεν

401 4755 552 4824 ἄγων
585 4757 680 4827 τὴν
702 4755 1078 4827 χαμαιτύπην,
1107 4757 1201 4808 καὶ
1233 4756 1292 4808 τὸ
1323 4758 1676 4826 συγκείμενον
1709 4759 1974 4826 ἐπιφθεγο

403 4845 636 4914 ξάμενος
669 4849 936 4918 σύνθημα,
979 4847 1072 4900 καὶ
1123 4846 1308 4916 μαθὼν
1349 4847 1424 4909 ὡς
1456 4848 1674 4918 πάρεισι
1716 4849 1809 4902 τοῦ
1843 4850 1974 4920 δρά-

405 4953 573 5005 ματος
599 4941 649 4992 oi.
677 4939 1002 5010 συνίστορες,
1027 4933 1131 5012 ἧκε
1162 4941 1311 5011 παρὰ
1336 4940 1436 5010 τὴν
1464 4939 1644 4993 αὔλιον
1676 4941 1844 5012 θύραν
1873 4943 1973 5010 τῆς

2090 3214 2274 3256 coenae
2322 3201 2577 3255 Ecclesia:
2650 3201 2866 3253 clavum
2928 3209 3058 3255 tunc
3121 3215 3318 3271 regens
3369 3201 3661 3268 naufragio

2086 3293 2334 3364 cymbam
2405 3291 2784 3362 praeparabat,
2831 3307 2955 3346 cum
3027 3291 3164 3347 alios
3246 3293 3658 3363 tyrannicarum

2087 3393 2304 3439 actuum
2345 3399 2571 3439 suorum
2607 3382 2885 3453 adjutores
2918 3383 3128 3444 habuit.
3156 3383 3356 3454 quibus
3388 3401 3544 3448 usus,
3565 3400 3660 3440 eos

2086 3477 2179 3546 qui
2223 3483 2398 3530 rectas
2441 3475 2720 3529 doctrinas
2747 3475 3120 3544 sequebantur
3171 3477 3336 3532 variis
3379 3479 3661 3532 calamita-

2087 3569 2231 3624 tibus
2258 3568 2472 3634 aﬂ‘ecit;
2497 3576 2609 3620 tum
2645 3568 2834 3621 hormn
2865 3566 3056 3622 ducem
3088 3569 3336 3638 juvenem
3366 3569 3656 3639 quemdam

2087 3661 2343 3732 projects
2403 3661 2646 3714 audacia:
2682 3674 2737 3715 et
2782 3659 2903 3714 vita:
2951 3659 3292 3724 facinorosaz,
3338 3660 3428 3730 qui
3474 3676 3578 3713 nou
3628 3678 3660 3716 e

2089 3752 2208 3808 foro
2237 3753 2415 3809 solum
2466 3752 2719 3807 homines
2768 3750 3038 3807 abducere
3078 3767 3202 3806 cum
3244 3753 3560 3807 verberibus
3604 3759 3659 3806 et

2085 3845 2450 3911 contumelia,
2494 3845 2589 3902 sed
2634 3845 2800 3900 etiam
2850 3844 2904 3898 iu
2953 3844 3145 3898 domos
3199 3843 3539 3914 impudenter
3582 3842 3659 3896 ir-

2087 3958 2273 4004 ruens.
2301 3940 2450 3996 viros
2503 3951 2558 3996 et
2599 3941 2856 3997 mulieres
2888 3935 3306 3994 honestissimas
3339 3937 3656 3992 abstrahere

2085 4033 2318 4088 solebat.
2340 4035 2415 4086 Ac
2450 4047 2517 4087 ne
2544 4033 3024 4087 commemorando
3039 4030 3205 4098 hujus
3224 4029 3516 4098 nequitiam
3537 4027 3655 4078 lon-

2083 4126 2202 4196 gior
2229 4127 2354 4188 sim,
2387 4123 2520 4193 quid
2558 4123 2826 4178 adversus
2853 4121 3332 4192 praestantissimos
3357 4119 3500 4172 viros
3533 4131 3654 4185 ges-

2084 4217 2218 4272 serit
2261 4229 2552 4284 exponam,
2591 4229 2657 4268 ex
2708 4228 2817 4283 quo
2852 4213 2919 4267 de
2953 4211 3166 4265 czrteris
3195 4209 3359 4280 850
3388 4209 3455 4262 ab
3482 4222 3548 4261 eo
3598 4208 3651 4261 in
3757 4225 3760 4228 ’

2082 4308 2230 4363 cives
2259 4306 2449 4376 inique
2498 4303 2656 4358 factis
2684 4311 2832 4357 certa
2873 4302 2945 4356 sit
2978 4299 3314 4368 conjectura.
3344 4299 3390 4350 Is
3443 4297 3509 4350 ad
3545 4298 3652 4351 for-

2083 4400 2344 4454 nicariam
2381 4397 2669 4468 quamdam
2705 4394 2974 4450 accedens
2999 4433 3013 4456 ,
3061 4393 3134 4448 ait
3179 4393 3442 4462 quosdam
3493 4391 3652 4444 modo

2083 4492 2298 4548 venisse
2330 4489 2670 4560 peregrinos,
2703 4487 2795 4559 qui
2845 4487 2966 4555 ejus
3001 4500 3221 4554 operam
3272 4491 3434 4537 noctu
3471 4484 3652 4552 requi-

2082 4588 2228 4636 rant.
2269 4579 2470 4635 Deinde
2513 4579 2768 4656 colleccis,
2806 4575 3117 4644 (miudeeim
3173 4573 3414 4627 factiosis
3451 4573 3654 4627 satelli-

2084 4673 2250 4735 tibus,
2282 4679 2336 4728 et
2389 4672 2531 4727 inter
2579 4686 2735 4740 sepes
2769 4670 2834 4723 ad
2891 4670 3088 4723 clivum
3139 4667 3451 4730 occultatis,
3487 4681 3552 4718 eo
3597 4681 3655 4720 se

2081 4759 2293 4815 confert
2313 4776 2436 4813 cum
2462 4760 2708 4823 muliere,
2730 4759 2994 4828 signoque
3024 4769 3083 4812 ut
3105 4761 3119 4777 ‘
3145 4766 3478 4810 convenerat
3504 4754 3651 4816 dato,

2083 4853 2176 4908 ubi
2231 4851 2428 4907 fabula:
2477 4851 2730 4906 conscios
2777 4852 2968 4906 adesse
3021 4852 3310 4920 cognovit,
3353 4849 3528 4919 pergit
3583 4849 3648 4900 ad

2082 4944 2378 4999 atriensem
2415 4944 2638 5015 jauuam
2684 4943 3000 5010 diversorii,
3032 4943 3088 4996 in
3140 4957 3251 5012 quo
3284 4941 3392 4996 duo
3423 4942 3498 4996 illi
3537 4942 3640 5012 epi-

1702 5106 1786 5159 V'A
1796 5105 1932 5161 ίίΙιΕ
1970 5106 2370 5163 LECTIONES.

470 5196 515 5228 ⁸⁵
539 5195 815 5266 Σερὸικίτνῌ
831 5195 918 5251 .lo.
959 5197 1079 5253 Pini
1111 5199 1301 5260 codex.
1394 5200 1438 5232 "

470 5199 515 5228 "
539 5199 801 5266 Σερὸικὴν
831 5199 918 5278 Jo.
959 5199 1079 5253 Pini
1111 5199 1301 5260 codex.
1394 5200 1438 5232 "
1472 5201 1658 5270 μόνην.
1699 5199 1866 5256 Basil.
1902 5202 1996 5256 Gr.
2093 5205 2140 5235 ⁸⁸
2173 5204 2335 5275 ἆπερ.
2376 5203 2508 5258 liasil

397 5267 634 5340 (las-nuli.
714 5267 760 5300 ⁸⁸
787 5263 854 5336 ἦν
879 5271 1196 5338 Interpouit.
1224 5271 1389 5325 Basil.
1418 5270 1510 5324 Gr.
1564 5271 1631 5302 ⁸⁸⁸
1651 5271 1894 5340 ἀναίδην.
1921 5272 2085 5328 Basil.
2107 5273 2204 5330 Gr.
2230 5282 2284 5327 et
2320 5275 2508 5340 Steph.

399 5291 634 5322 llasuuu.
715 5291 760 5300 ’ν
787 5291 854 5336 ην
879 5291 1196 5338 ιιιιιεΐρυιιιι.
1224 5291 1389 5325 Das“.
1418 5291 1510 5324 ur.
1587 5291 1630 5302 υ*
1651 5291 1894 5340 αναιοην.
1923 5291 2085 5328 Das”.
2107 5291 2204 5330 υτ.
2230 5291 2284 5327 ει
2321 5291 2412 5326 ate

399 5337 683 5405 probante,
719 5346 907 5391 contra
935 5355 1100 5406 quem
1149 5341 1335 5395 nescio
1362 5340 1492 5406 quid
1542 5341 1668 5394 velit
1696 5341 1784 5394 ille
1809 5341 1863 5394 in
1903 5343 2198 5396 Observatt.
2233 5291 2455 5396 "livcelf.

2093 5205 2140 5275 δξ
2173 5204 2335 5275 ἅπερ.
2376 5203 2540 5258 liasil.
2573 5201 2668 5275 Gr.
2744 5199 2791 5233 ⁸⁷
2821 5200 3044 5275 ύπὸμτ-ῂν
3083 5196 3489 5275 ὑπιορ,“8ιθρ1ι.
3521 5195 3556 5248 2
3582 5204 3632 5248 et

2573 5273 2618 5304 ’°
2645 5272 2719 5326 Ita
2738 5279 2791 5324 et
2821 5269 3005 5324 Savilii
3039 5269 3230 5328 codex.
3260 5269 3470 5322 Valesio
3499 5279 3644 5320 reete

2491 5343 2611 5396 crit.
2643 5348 2774 5392 tom.
2809 5337 2898 5398 IX.
2935 5355 2988 5408 p.
3026 5338 3114 5403 18,
3149 5353 3272 5390 cum
3303 5338 3441 5408 dicat
3477 5354 3503 5408 :_
3537 5334 3643 5388 Eu-

397 5408 733 5485 phr:_itam_e_t
765 5406 1110 5485 Vincentimn
1157 5425 1265 5485 non
1321 5408 1490 5485 fuisse
1525 5411 1681 5485 cives
1707 5411 2096 5485 Antiochenos.
2143 5413 2328 5479 Neque
2355 5413 2499 5485 enim
2536 5413 2639 5464 hoc
2679 5406 2958 5485 infert-illa
2989 5409 3151 5462 lectio
3185 5406 3386 5468 ἀστῶν,
3409 5406 3506 5485 sed
3541 5408 3642 5458 hoc

397 5475 574 5548 dieit_:
606 5475 668 5529 Si
709 5476 761 5528 in
811 5478 936 5548 illos
982 5479 1300 5548 peregrinos
1329 5480 1410 5531 sic
1443 5481 1634 5543 egerit,
1663 5479 1896 5545 judicari
1951 5495 2130 5546 posse,
2173 5475 2446 5548 quomodo
2478 5482 2612 5534 cives
2645 5479 2979 5545 tractaverit,
3015 5493 3247 5548 quorum
3299 5477 3460 5548 paulo
3517 5485 3644 5548 φηςι

397 5545 600 5618 mentio
624 5553 776 5618 esset
816 5543 996 5618 facta.’
1019 5543 1206 5618 Steph.
1238 5547 1273 5618 2
1309 5551 1533 5618 vestigia
1558 5543 1804 5616 ejusdem
1834 5543 2084 5604 lectionis
2114 5543 2292 5612 olli-rt,
2328 5549 2486 5604 habet
2521 5549 2663 5608 enim
2700 5549 2891 5604 vitiose
2925 5566 2937 5604 :
2966 5543 3113 5602 ’κατὰ
3137 5546 3244 5601 τῶν
3277 5545 3488 5600 είστῶν.
3530 5543 3639 5600 Sed

398 5610 639 5681 Stephd
678 5630 800 5670 cum
832 5615 993 5671 Basil.
1033 5610 1130 5670 Gr;
1161 5617 1416 5686 ἀρίστων,
1450 5610 1654 5690 ἧιιοιίρ
1679 5619 1945 5690 superiori
1976 5619 2112 5674 linea
2155 5610 2391 5690 irrepsit.

4045 3318 4064 4120 ί
