  <div class='ocr_page' id='page_1' title='image "/cluster/home/n/w/nwhite01/storage/ocr_20150623/82/hvd.32044020703054/568.png"; bbox 0 0 4084 6196; ppageno 0'>
   <div class='ocr_carea' id='block_1_1' title="bbox 426 259 558 324">
    <p class='ocr_par' dir='ltr' id='par_1_1' title="bbox 426 259 558 324">
     <span class='ocr_line' id='line_1_1' title="bbox 426 259 558 324; baseline -0.023 0"><span class='ocrx_word' id='word_1_1' title='bbox 426 259 558 324; x_wconf 69' lang='grc'><strong>1021</strong></span> 
     </span>
    </p>
   </div>
   <div class='ocr_carea' id='block_1_2' title="bbox 1023 380 1397 438">
    <p class='ocr_par' dir='ltr' id='par_1_2' title="bbox 1023 380 1397 438">
     <span class='ocr_line' id='line_1_2' title="bbox 1023 380 1397 438; baseline 0.011 -4"><span class='ocrx_word' id='word_1_2' title='bbox 1023 380 1274 436; x_wconf 73' lang='grc' dir='ltr'><strong>ΚΕΦΔΛ.</strong></span> <span class='ocrx_word' id='word_1_3' title='bbox 1316 383 1397 438; x_wconf 84' lang='lat' dir='ltr'><strong>II’.</strong></span> 
     </span>
    </p>
   </div>
   <div class='ocr_carea' id='block_1_3' title="bbox 683 465 1740 546">
    <p class='ocr_par' dir='ltr' id='par_1_3' title="bbox 683 465 1740 546">
     <span class='ocr_line' id='line_1_3' title="bbox 683 465 1740 546; baseline 0.016 -29"><span class='ocrx_word' id='word_1_4' title='bbox 683 465 821 535; x_wconf 73' lang='grc' dir='ltr'><strong>Περὶ</strong></span> <span class='ocrx_word' id='word_1_5' title='bbox 849 468 962 538; x_wconf 67' lang='grc' dir='ltr'><strong>τεῆς</strong></span> <span class='ocrx_word' id='word_1_6' title='bbox 993 472 1303 541; x_wconf 66' lang='grc' dir='ltr'><strong>Στεφάνου</strong></span> <span class='ocrx_word' id='word_1_7' title='bbox 1340 477 1740 546; x_wconf 72' lang='grc' dir='ltr'><strong>καθαιρέσεως</strong></span> 
     </span>
    </p>
   </div>
   <div class='ocr_carea' id='block_1_4' title="bbox 497 549 2002 641">
    <p class='ocr_par' dir='ltr' id='par_1_4' title="bbox 497 549 2002 641">
     <span class='ocr_line' id='line_1_4' title="bbox 497 549 2002 641; baseline 0.017 -39"><span class='ocrx_word' id='word_1_8' title='bbox 497 549 686 611; x_wconf 82' lang='grc' dir='ltr'><strong>Ταῦτα</strong></span> <span class='ocrx_word' id='word_1_9' title='bbox 704 555 718 584; x_wconf 80' lang='grc'>⁸</span> <span class='ocrx_word' id='word_1_10' title='bbox 754 556 1021 625; x_wconf 80' lang='grc' dir='ltr'><strong>μαθόντες</strong></span> <span class='ocrx_word' id='word_1_11' title='bbox 1044 561 1094 614; x_wconf 75' lang='lat' dir='ltr'><strong>oi</strong></span> <span class='ocrx_word' id='word_1_12' title='bbox 1112 561 1388 628; x_wconf 75' lang='grc' dir='ltr'><strong>δικασταὶ,</strong></span> <span class='ocrx_word' id='word_1_13' title='bbox 1419 566 1528 620; x_wconf 82' lang='grc' dir='ltr'><strong>τῶν</strong></span> <span class='ocrx_word' id='word_1_14' title='bbox 1554 568 2002 641; x_wconf 73' lang='grc' dir='ltr'><strong>συνειλημμένων</strong></span> 
     </span>
    </p>
   </div>
   <div class='ocr_carea' id='block_1_5' title="bbox 425 639 2002 731">
    <p class='ocr_par' dir='ltr' id='par_1_5' title="bbox 425 639 2002 731">
     <span class='ocr_line' id='line_1_5' title="bbox 425 639 2002 731; baseline 0.016 -40"><span class='ocrx_word' id='word_1_15' title='bbox 425 639 507 704; x_wconf 71' lang='grc' dir='ltr'><strong>είς</strong></span> <span class='ocrx_word' id='word_1_16' title='bbox 537 641 701 711; x_wconf 80' lang='grc' dir='ltr'>μέσον</span> <span class='ocrx_word' id='word_1_17' title='bbox 744 643 938 712; x_wconf 77' lang='grc' dir='ltr'><strong>ἄγουσι</strong></span> <span class='ocrx_word' id='word_1_18' title='bbox 983 647 1074 702; x_wconf 84' lang='grc' dir='ltr'><strong>τὸν</strong></span> <span class='ocrx_word' id='word_1_19' title='bbox 1125 651 1392 709; x_wconf 76' lang='grc' dir='ltr'><strong>νεώτατον</strong></span> <span class='ocrx_word' id='word_1_20' title='bbox 1415 671 1427 683; x_wconf 90' lang='grc'><strong>·</strong></span> <span class='ocrx_word' id='word_1_21' title='bbox 1468 655 1528 720; x_wconf 76' lang='grc' dir='ltr'><strong>ὃς</strong></span> <span class='ocrx_word' id='word_1_22' title='bbox 1563 658 1664 713; x_wconf 83' lang='grc' dir='ltr'><strong>οὐκ</strong></span> <span class='ocrx_word' id='word_1_23' title='bbox 1705 639 2002 731; x_wconf 74' lang='grc' dir='ltr'>ἀναμείνας</span> 
     </span>
    </p>
   </div>
   <div class='ocr_carea' id='block_1_6' title="bbox 423 731 2002 822">
    <p class='ocr_par' dir='ltr' id='par_1_6' title="bbox 423 731 2002 822">
     <span class='ocr_line' id='line_1_6' title="bbox 423 731 2002 822; baseline 0.013 -38"><span class='ocrx_word' id='word_1_24' title='bbox 423 731 526 803; x_wconf 70' lang='grc' dir='ltr'><strong>τὴν</strong></span> <span class='ocrx_word' id='word_1_25' title='bbox 562 733 670 788; x_wconf 84' lang='grc' dir='ltr'><strong>ἀπὸ</strong></span> <span class='ocrx_word' id='word_1_26' title='bbox 707 735 819 791; x_wconf 84' lang='grc' dir='ltr'><strong>τῶν</strong></span> <span class='ocrx_word' id='word_1_27' title='bbox 854 740 1138 810; x_wconf 84' lang='grc' dir='ltr'><strong>μαστίγων</strong></span> <span class='ocrx_word' id='word_1_28' title='bbox 1179 745 1448 817; x_wconf 78' lang='grc' dir='ltr'><strong>ἀνάγκην,</strong></span> <span class='ocrx_word' id='word_1_29' title='bbox 1489 750 1551 803; x_wconf 83' lang='grc' dir='ltr'><strong>τὸ</strong></span> <span class='ocrx_word' id='word_1_30' title='bbox 1585 751 1838 812; x_wconf 76' lang='grc' dir='ltr'><strong>συντεθὲν</strong></span> <span class='ocrx_word' id='word_1_31' title='bbox 1869 753 2002 822; x_wconf 63' lang='grc' dir='ltr'><strong>ἐγύη</strong></span> 
     </span>
    </p>
   </div>
   <div class='ocr_carea' id='block_1_7' title="bbox 427 825 2004 916">
    <p class='ocr_par' dir='ltr' id='par_1_7' title="bbox 427 825 2004 916">
     <span class='ocr_line' id='line_1_7' title="bbox 427 825 2004 916; baseline 0.014 -37"><span class='ocrx_word' id='word_1_32' title='bbox 427 842 606 916; x_wconf 87' lang='grc' dir='ltr'><strong>μνωσε</strong></span> <span class='ocrx_word' id='word_1_33' title='bbox 634 825 839 898; x_wconf 73' lang='grc' dir='ltr'><strong>δρᾶμα,</strong></span> <span class='ocrx_word' id='word_1_34' title='bbox 869 831 962 884; x_wconf 81' lang='grc' dir='ltr'><strong>καὶ</strong></span> <span class='ocrx_word' id='word_1_35' title='bbox 989 832 1082 888; x_wconf 83' lang='grc' dir='ltr'><strong>τὸν</strong></span> <span class='ocrx_word' id='word_1_36' title='bbox 1113 836 1384 910; x_wconf 80' lang='grc' dir='ltr'><strong>Ὄναγρον</strong></span> <span class='ocrx_word' id='word_1_37' title='bbox 1406 840 1580 896; x_wconf 85' lang='grc' dir='ltr'><strong>ταῦτα</strong></span> <span class='ocrx_word' id='word_1_38' title='bbox 1603 843 1783 898; x_wconf 84' lang='grc' dir='ltr'><strong>πάντα</strong></span> <span class='ocrx_word' id='word_1_39' title='bbox 1815 845 2004 916; x_wconf 79' lang='grc' dir='ltr'><strong>δεδρα-</strong></span> 
     </span>
    </p>
   </div>
   <div class='ocr_carea' id='block_1_8' title="bbox 423 915 2002 999">
    <p class='ocr_par' dir='ltr' id='par_1_8' title="bbox 423 915 2002 999">
     <span class='ocr_line' id='line_1_8' title="bbox 423 915 2002 999; baseline 0.014 -30"><span class='ocrx_word' id='word_1_40' title='bbox 423 915 580 974; x_wconf 64' lang='grc' dir='ltr'><strong>κέναι</strong></span> <span class='ocrx_word' id='word_1_41' title='bbox 613 917 1097 993; x_wconf 69' lang='grc' dir='ltr'><strong>καθιιῳολόγησεν.</strong></span> <span class='ocrx_word' id='word_1_42' title='bbox 1155 927 1366 998; x_wconf 51' lang='lat' dir='ltr'><strong>mea;</strong></span> <span class='ocrx_word' id='word_1_43' title='bbox 1398 930 1454 984; x_wconf 83' lang='grc' dir='ltr'><strong>δὲ</strong></span> <span class='ocrx_word' id='word_1_44' title='bbox 1478 933 1707 999; x_wconf 88' lang='grc' dir='ltr'><strong>ἐκεῖνος,</strong></span> <span class='ocrx_word' id='word_1_45' title='bbox 1743 935 1833 989; x_wconf 81' lang='grc' dir='ltr'><strong>τὸν</strong></span> <span class='ocrx_word' id='word_1_46' title='bbox 1871 915 2002 991; x_wconf 76' lang='grc' dir='ltr'><strong>Στέ-</strong></span> 
     </span>
    </p>
   </div>
   <div class='ocr_carea' id='block_1_9' title="bbox 423 1010 2002 1099">
    <p class='ocr_par' dir='ltr' id='par_1_9' title="bbox 423 1010 2002 1099">
     <span class='ocr_line' id='line_1_9' title="bbox 423 1010 2002 1099; baseline 0.015 -38"><span class='ocrx_word' id='word_1_47' title='bbox 423 1026 591 1077; x_wconf 78' lang='grc' dir='ltr'><strong>φανον</strong></span> <span class='ocrx_word' id='word_1_48' title='bbox 620 1010 726 1082; x_wconf 74' lang='grc' dir='ltr'><strong>ἔφη</strong></span> <span class='ocrx_word' id='word_1_49' title='bbox 763 1013 940 1068; x_wconf 83' lang='grc' dir='ltr'><strong>ταῦτα</strong></span> <span class='ocrx_word' id='word_1_50' title='bbox 972 1021 1425 1091; x_wconf 78' lang='grc' dir='ltr'><strong>προστεταχέναι.</strong></span> <span class='ocrx_word' id='word_1_51' title='bbox 1467 1024 1626 1080; x_wconf 73' lang='grc' dir='ltr'><strong>Οὕτω</strong></span> <span class='ocrx_word' id='word_1_52' title='bbox 1649 1043 1707 1080; x_wconf 85' lang='grc' dir='ltr'><strong>τε</strong></span> <span class='ocrx_word' id='word_1_53' title='bbox 1731 1029 1753 1059; x_wconf 76' lang='grc'>³</span> <span class='ocrx_word' id='word_1_54' title='bbox 1795 1028 2002 1099; x_wconf 64' lang='grc' dir='ltr'><strong>Στεφὰα</strong></span> 
     </span>
    </p>
   </div>
   <div class='ocr_carea' id='block_1_10' title="bbox 420 1101 2002 1190">
    <p class='ocr_par' dir='ltr' id='par_1_10' title="bbox 420 1101 2002 1190">
     <span class='ocr_line' id='line_1_10' title="bbox 420 1101 2002 1190; baseline 0.015 -39"><span class='ocrx_word' id='word_1_55' title='bbox 420 1116 512 1152; x_wconf 85' lang='grc' dir='ltr'><strong>νου</strong></span> <span class='ocrx_word' id='word_1_56' title='bbox 545 1101 645 1170; x_wconf 82' lang='grc' dir='ltr'><strong>τὴν</strong></span> <span class='ocrx_word' id='word_1_57' title='bbox 674 1104 940 1176; x_wconf 77' lang='grc' dir='ltr'><strong>πονηρίαν</strong></span> <span class='ocrx_word' id='word_1_58' title='bbox 981 1109 1365 1181; x_wconf 77' lang='grc' dir='ltr'><strong>μεμαθηκότες</strong></span> <span class='ocrx_word' id='word_1_59' title='bbox 1397 1113 1516 1188; x_wconf 82' lang='grc'><strong>[86]</strong></span> <span class='ocrx_word' id='word_1_60' title='bbox 1561 1119 1674 1181; x_wconf 88' lang='grc' dir='ltr'><strong>τοῖς</strong></span> <span class='ocrx_word' id='word_1_61' title='bbox 1701 1120 2002 1190; x_wconf 75' lang='grc' dir='ltr'><strong>τηνικαῦτα</strong></span> 
     </span>
    </p>
   </div>
   <div class='ocr_carea' id='block_1_11' title="bbox 423 1191 1998 1283">
    <p class='ocr_par' dir='ltr' id='par_1_11' title="bbox 423 1191 1998 1283">
     <span class='ocr_line' id='line_1_11' title="bbox 423 1191 1998 1283; baseline 0.015 -41"><span class='ocrx_word' id='word_1_62' title='bbox 423 1191 657 1261; x_wconf 85' lang='grc' dir='ltr'><strong>παροῦσι</strong></span> <span class='ocrx_word' id='word_1_63' title='bbox 680 1195 796 1246; x_wconf 84' lang='grc' dir='ltr'><strong>τῶν.</strong></span> <span class='ocrx_word' id='word_1_64' title='bbox 815 1197 1131 1254; x_wconf 85' lang='grc' dir='ltr'><strong>ἐπισκόπων</strong></span> <span class='ocrx_word' id='word_1_65' title='bbox 1161 1204 1414 1258; x_wconf 74' lang='grc' dir='ltr'><strong>καθελεῖν</strong></span> <span class='ocrx_word' id='word_1_66' title='bbox 1444 1206 1637 1261; x_wconf 84' lang='grc' dir='ltr'><strong>τοῦτον</strong></span> <span class='ocrx_word' id='word_1_67' title='bbox 1668 1210 1998 1283; x_wconf 79' lang='grc' dir='ltr'><strong>ἐπέτρεψαν,</strong></span> 
     </span>
    </p>
   </div>
   <div class='ocr_carea' id='block_1_12' title="bbox 422 1283 2000 1374">
    <p class='ocr_par' dir='ltr' id='par_1_12' title="bbox 422 1283 2000 1374">
     <span class='ocr_line' id='line_1_12' title="bbox 422 1283 2000 1374; baseline 0.015 -40"><span class='ocrx_word' id='word_1_68' title='bbox 422 1283 516 1342; x_wconf 81' lang='grc' dir='ltr'><strong>καὶ</strong></span> <span class='ocrx_word' id='word_1_69' title='bbox 545 1283 642 1353; x_wconf 83' lang='grc' dir='ltr'><strong>τῆς</strong></span> <span class='ocrx_word' id='word_1_70' title='bbox 679 1285 1006 1358; x_wconf 84' lang='grc' dir='ltr'><strong>Ἐκκλησίας</strong></span> <span class='ocrx_word' id='word_1_71' title='bbox 1031 1291 1323 1362; x_wconf 75' lang='grc' dir='ltr'><strong>ἐξήλασαν.</strong></span> <span class='ocrx_word' id='word_1_72' title='bbox 1360 1297 1435 1351; x_wconf 78' lang='grc' dir='ltr'><strong>Οὐ</strong></span> <span class='ocrx_word' id='word_1_73' title='bbox 1465 1297 1572 1370; x_wconf 77' lang='grc' dir='ltr'><strong>μὴν</strong></span> <span class='ocrx_word' id='word_1_74' title='bbox 1594 1302 1942 1372; x_wconf 79' lang='grc' dir='ltr'><strong>παντάπασιν</strong></span> <span class='ocrx_word' id='word_1_75' title='bbox 1966 1305 2000 1374; x_wconf 82' lang='grc' dir='ltr'><strong>ἠ</strong></span> 
     </span>
    </p>
   </div>
   <div class='ocr_carea' id='block_1_13' title="bbox 433 1374 1996 1466">
    <p class='ocr_par' dir='ltr' id='par_1_13' title="bbox 433 1374 1996 1466">
     <span class='ocr_line' id='line_1_13' title="bbox 433 1374 1996 1466; baseline 0.015 -40"><span class='ocrx_word' id='word_1_76' title='bbox 433 1374 730 1446; x_wconf 77' lang='grc' dir='ltr'><strong>Ἐκκλησία</strong></span> <span class='ocrx_word' id='word_1_77' title='bbox 797 1378 897 1450; x_wconf 84' lang='grc' dir='ltr'><strong>τῆς</strong></span> <span class='ocrx_word' id='word_1_78' title='bbox 963 1381 1310 1456; x_wconf 81' lang='grc' dir='ltr'><strong>’Λρειανικῆς</strong></span> <span class='ocrx_word' id='word_1_79' title='bbox 1383 1389 1730 1462; x_wconf 73' lang='grc' dir='ltr'><strong>ἠλευθερώθη</strong></span> <span class='ocrx_word' id='word_1_80' title='bbox 1796 1393 1996 1466; x_wconf 80' lang='grc' dir='ltr'><strong>λώϐης.</strong></span> 
     </span>
    </p>
   </div>
   <div class='ocr_carea' id='block_1_14' title="bbox 422 1466 1998 1558">
    <p class='ocr_par' dir='ltr' id='par_1_14' title="bbox 422 1466 1998 1558">
     <span class='ocr_line' id='line_1_14' title="bbox 422 1466 1998 1558; baseline 0.014 -40"><span class='ocrx_word' id='word_1_81' title='bbox 422 1466 673 1558; x_wconf 77' lang='grc' dir='ltr'><strong>Λεόντιος</strong></span> <span class='ocrx_word' id='word_1_82' title='bbox 726 1468 836 1558; x_wconf 72' lang='grc' dir='ltr'><strong>γὰρ</strong></span> <span class='ocrx_word' id='word_1_83' title='bbox 877 1473 995 1540; x_wconf 80' lang='grc' dir='ltr'><strong>μετ’</strong></span> <span class='ocrx_word' id='word_1_84' title='bbox 1039 1476 1247 1533; x_wconf 88' lang='grc' dir='ltr'><strong>ἐκεῖνον</strong></span> <span class='ocrx_word' id='word_1_85' title='bbox 1289 1479 1388 1551; x_wconf 81' lang='grc' dir='ltr'><strong>τῆς</strong></span> <span class='ocrx_word' id='word_1_86' title='bbox 1437 1482 1732 1555; x_wconf 77' lang='grc' dir='ltr'><strong>προεδρίας</strong></span> <span class='ocrx_word' id='word_1_87' title='bbox 1786 1485 1998 1558; x_wconf 78' lang='grc' dir='ltr'><strong>ἔτυχεν,</strong></span> 
     </span>
    </p>
   </div>
   <div class='ocr_carea' id='block_1_15' title="bbox 420 1557 1998 1645">
    <p class='ocr_par' dir='ltr' id='par_1_15' title="bbox 420 1557 1998 1645">
     <span class='ocr_line' id='line_1_15' title="bbox 420 1557 1998 1645; baseline 0.013 -37"><span class='ocrx_word' id='word_1_88' title='bbox 420 1557 561 1626; x_wconf 79' lang='grc' dir='ltr'><strong>ἀνὴρ</strong></span> <span class='ocrx_word' id='word_1_89' title='bbox 589 1557 649 1610; x_wconf 77' lang='grc' dir='ltr'><strong>τὸ</strong></span> <span class='ocrx_word' id='word_1_90' title='bbox 701 1557 800 1628; x_wconf 81' lang='grc' dir='ltr'><strong>μὲν</strong></span> <span class='ocrx_word' id='word_1_91' title='bbox 830 1560 986 1629; x_wconf 85' lang='grc' dir='ltr'><strong>γένος</strong></span> <span class='ocrx_word' id='word_1_92' title='bbox 1013 1565 1177 1635; x_wconf 74' lang='grc' dir='ltr'><strong>Φρὺξ,</strong></span> <span class='ocrx_word' id='word_1_93' title='bbox 1208 1567 1313 1641; x_wconf 81' lang='grc' dir='ltr'><strong>τὴν</strong></span> <span class='ocrx_word' id='word_1_94' title='bbox 1338 1569 1394 1622; x_wconf 89' lang='grc' dir='ltr'><strong>δέ</strong></span> <span class='ocrx_word' id='word_1_95' title='bbox 1426 1570 1651 1643; x_wconf 85' lang='grc' dir='ltr'><strong>γνώμην</strong></span> <span class='ocrx_word' id='word_1_96' title='bbox 1683 1557 1998 1645; x_wconf 72' lang='grc' dir='ltr'><strong>κρυψίνους,</strong></span> 
     </span>
    </p>
   </div>
   <div class='ocr_carea' id='block_1_16' title="bbox 421 1649 1998 1738">
    <p class='ocr_par' dir='ltr' id='par_1_16' title="bbox 421 1649 1998 1738">
     <span class='ocr_line' id='line_1_16' title="bbox 421 1649 1998 1738; baseline 0.013 -36"><span class='ocrx_word' id='word_1_97' title='bbox 421 1650 516 1702; x_wconf 82' lang='grc' dir='ltr'><strong>καὶ</strong></span> <span class='ocrx_word' id='word_1_98' title='bbox 544 1649 644 1713; x_wconf 70' lang='grc' dir='ltr'><strong>τὰς</strong></span> <span class='ocrx_word' id='word_1_99' title='bbox 675 1651 910 1721; x_wconf 71' lang='grc' dir='ltr'><strong>ὑφάλους</strong></span> <span class='ocrx_word' id='word_1_100' title='bbox 942 1655 1148 1728; x_wconf 82' lang='grc' dir='ltr'><strong>πέτρας</strong></span> <span class='ocrx_word' id='word_1_101' title='bbox 1177 1660 1532 1732; x_wconf 79' lang='grc' dir='ltr'><strong>μιμούμενος.</strong></span> <span class='ocrx_word' id='word_1_102' title='bbox 1586 1663 1747 1721; x_wconf 75' lang='grc' dir='ltr'><strong>Ἀλλὰ</strong></span> <span class='ocrx_word' id='word_1_103' title='bbox 1783 1665 1852 1722; x_wconf 77' lang='grc' dir='ltr'><strong>τὰ</strong></span> <span class='ocrx_word' id='word_1_104' title='bbox 1899 1669 1998 1738; x_wconf 83' lang='grc' dir='ltr'><strong>μὲν</strong></span> 
     </span>
    </p>
   </div>
   <div class='ocr_carea' id='block_1_17' title="bbox 420 1741 1648 1827">
    <p class='ocr_par' dir='ltr' id='par_1_17' title="bbox 420 1741 1648 1827">
     <span class='ocr_line' id='line_1_17' title="bbox 420 1741 1648 1827; baseline 0.015 -34"><span class='ocrx_word' id='word_1_105' title='bbox 420 1741 560 1795; x_wconf 80' lang='grc' dir='ltr'><strong>κατὰ</strong></span> <span class='ocrx_word' id='word_1_106' title='bbox 582 1742 770 1798; x_wconf 82' lang='grc' dir='ltr'><strong>τοῦτον</strong></span> <span class='ocrx_word' id='word_1_107' title='bbox 801 1747 994 1818; x_wconf 80' lang='grc' dir='ltr'><strong>μικρὸν</strong></span> <span class='ocrx_word' id='word_1_108' title='bbox 1029 1747 1257 1821; x_wconf 78' lang='grc' dir='ltr'><strong>ὕστερον</strong></span> <span class='ocrx_word' id='word_1_109' title='bbox 1286 1753 1648 1827; x_wconf 68' lang='grc' dir='ltr'><strong>διηγήσομαι.</strong></span> 
     </span>
    </p>
   </div>
   <div class='ocr_carea' id='block_1_18' title="bbox 1021 1839 1388 1904">
    <p class='ocr_par' dir='ltr' id='par_1_18' title="bbox 1021 1839 1388 1904">
     <span class='ocr_line' id='line_1_18' title="bbox 1021 1839 1388 1904; baseline 0.016 -12"><span class='ocrx_word' id='word_1_110' title='bbox 1021 1839 1274 1904; x_wconf 69' lang='grc' dir='ltr'><strong>ΚΕΦΑΔ.</strong></span> <span class='ocrx_word' id='word_1_111' title='bbox 1311 1843 1388 1898; x_wconf 80' lang='grc' dir='ltr'><strong>Θ’.</strong></span> 
     </span>
    </p>
   </div>
   <div class='ocr_carea' id='block_1_19' title="bbox 420 1925 1996 2060">
    <p class='ocr_par' dir='ltr' id='par_1_19' title="bbox 420 1925 1996 2060">
     <span class='ocr_line' id='line_1_19' title="bbox 420 1925 1996 2060; baseline 0.013 -81"><span class='ocrx_word' id='word_1_112' title='bbox 420 1925 558 1994; x_wconf 77' lang='grc' dir='ltr'><strong>Περὶ</strong></span> <span class='ocrx_word' id='word_1_113' title='bbox 587 1925 699 1996; x_wconf 80' lang='grc' dir='ltr'><strong>τῆς</strong></span> <span class='ocrx_word' id='word_1_114' title='bbox 735 1926 1021 2000; x_wconf 69' lang='grc' dir='ltr'><strong>δευτέρας</strong></span> <span class='ocrx_word' id='word_1_115' title='bbox 1051 1933 1353 2060; x_wconf 42' lang='lat' dir='ltr'><strong>sagi-$3011</strong></span> <span class='ocrx_word' id='word_1_116' title='bbox 1390 1939 1495 1994; x_wconf 84' lang='grc' dir='ltr'><strong>τοῦ</strong></span> <span class='ocrx_word' id='word_1_117' title='bbox 1533 1939 1708 2012; x_wconf 77' lang='grc' dir='ltr'><strong>ἁγίου</strong></span> <span class='ocrx_word' id='word_1_118' title='bbox 1755 1942 1996 1998; x_wconf 82' lang='grc' dir='ltr'><strong>Ἀθανα-</strong></span> 
     </span>
    </p>
   </div>
   <div class='ocr_carea' id='block_1_20' title="bbox 489 2086 1996 2161">
    <p class='ocr_par' dir='ltr' id='par_1_20' title="bbox 489 2086 1996 2161">
     <span class='ocr_line' id='line_1_20' title="bbox 489 2086 1996 2161; baseline 0.012 -23"><span class='ocrx_word' id='word_1_119' title='bbox 489 2086 623 2142; x_wconf 81' lang='grc' dir='ltr'><strong>Τότε</strong></span> <span class='ocrx_word' id='word_1_120' title='bbox 651 2087 716 2159; x_wconf 81' lang='grc' dir='ltr'><strong>δὴ</strong></span> <span class='ocrx_word' id='word_1_121' title='bbox 737 2091 758 2122; x_wconf 82' lang='grc'><strong>⁸</strong></span> <span class='ocrx_word' id='word_1_122' title='bbox 786 2093 814 2144; x_wconf 84' lang='grc' dir='ltr'>ὁ</span> <span class='ocrx_word' id='word_1_123' title='bbox 838 2093 1236 2161; x_wconf 77' lang='grc' dir='ltr'><strong>Κωνστάντιος,</strong></span> <span class='ocrx_word' id='word_1_124' title='bbox 1267 2095 1337 2150; x_wconf 77' lang='grc' dir='ltr'><strong>τὰ</strong></span> <span class='ocrx_word' id='word_1_125' title='bbox 1367 2097 1509 2152; x_wconf 83' lang='grc' dir='ltr'><strong>κατᾶ</strong></span> <span class='ocrx_word' id='word_1_126' title='bbox 1541 2100 1650 2154; x_wconf 82' lang='grc' dir='ltr'><strong>τῶν</strong></span> <span class='ocrx_word' id='word_1_127' title='bbox 1676 2103 1996 2158; x_wconf 81' lang='grc' dir='ltr'><strong>ἐπισκόπων</strong></span> 
     </span>
    </p>
   </div>
   <div class='ocr_carea' id='block_1_21' title="bbox 418 2179 1996 2259">
    <p class='ocr_par' dir='ltr' id='par_1_21' title="bbox 418 2179 1996 2259">
     <span class='ocr_line' id='line_1_21' title="bbox 418 2179 1996 2259; baseline 0.013 -30"><span class='ocrx_word' id='word_1_128' title='bbox 418 2179 755 2248; x_wconf 83' lang='grc' dir='ltr'><strong>τυρευὸμενα</strong></span> <span class='ocrx_word' id='word_1_129' title='bbox 785 2185 851 2253; x_wconf 82' lang='grc' dir='ltr'><strong>τῇ</strong></span> <span class='ocrx_word' id='word_1_130' title='bbox 892 2184 1057 2256; x_wconf 81' lang='grc' dir='ltr'><strong>πείρᾳ</strong></span> <span class='ocrx_word' id='word_1_131' title='bbox 1086 2187 1443 2259; x_wconf 85' lang='grc' dir='ltr'><strong>μεμαθηκὼς,</strong></span> <span class='ocrx_word' id='word_1_132' title='bbox 1481 2191 1794 2250; x_wconf 78' lang='grc' dir='ltr'><strong>ἐπέστειλεν</strong></span> <span class='ocrx_word' id='word_1_133' title='bbox 1835 2195 1996 2250; x_wconf 81' lang='grc' dir='ltr'><strong>Ἀθαο</strong></span> 
     </span>
    </p>
   </div>
   <div class='ocr_carea' id='block_1_22' title="bbox 420 2269 1998 2355">
    <p class='ocr_par' dir='ltr' id='par_1_22' title="bbox 420 2269 1998 2355">
     <span class='ocr_line' id='line_1_22' title="bbox 420 2269 1998 2355; baseline 0.013 -34"><span class='ocrx_word' id='word_1_134' title='bbox 420 2269 589 2340; x_wconf 82' lang='grc' dir='ltr'><strong>νασίῳ</strong></span> <span class='ocrx_word' id='word_1_135' title='bbox 612 2271 689 2342; x_wconf 83' lang='grc' dir='ltr'><strong>τῷ</strong></span> <span class='ocrx_word' id='word_1_136' title='bbox 722 2274 942 2346; x_wconf 81' lang='grc' dir='ltr'><strong>μεγάλῳ</strong></span> <span class='ocrx_word' id='word_1_137' title='bbox 964 2277 1059 2329; x_wconf 75' lang='grc' dir='ltr'><strong>καὶ</strong></span> <span class='ocrx_word' id='word_1_138' title='bbox 1089 2278 1256 2344; x_wconf 71' lang='grc' dir='ltr'><strong>απαξ,</strong></span> <span class='ocrx_word' id='word_1_139' title='bbox 1283 2281 1377 2334; x_wconf 74' lang='grc' dir='ltr'><strong>καὶ</strong></span> <span class='ocrx_word' id='word_1_140' title='bbox 1395 2281 1478 2344; x_wconf 62' lang='grc' dir='ltr'><strong>ἃς</strong></span> <span class='ocrx_word' id='word_1_141' title='bbox 1499 2283 1539 2348; x_wconf 72' lang='grc'><strong>⁸,</strong></span> <span class='ocrx_word' id='word_1_142' title='bbox 1569 2285 1662 2337; x_wconf 75' lang='grc' dir='ltr'><strong>καὶ</strong></span> <span class='ocrx_word' id='word_1_143' title='bbox 1694 2287 1877 2355; x_wconf 87' lang='grc' dir='ltr'><strong>μέντοι</strong></span> <span class='ocrx_word' id='word_1_144' title='bbox 1905 2287 1998 2342; x_wconf 75' lang='grc' dir='ltr'><strong>καὶ</strong></span> 
     </span>
    </p>
   </div>
   <div class='ocr_carea' id='block_1_23' title="bbox 418 2360 1998 2446">
    <p class='ocr_par' dir='ltr' id='par_1_23' title="bbox 418 2360 1998 2446">
     <span class='ocr_line' id='line_1_23' title="bbox 418 2360 1998 2446; baseline 0.013 -36"><span class='ocrx_word' id='word_1_145' title='bbox 418 2360 559 2430; x_wconf 73' lang='grc' dir='ltr'><strong>τρὶς,</strong></span> <span class='ocrx_word' id='word_1_146' title='bbox 601 2363 924 2434; x_wconf 72' lang='grc' dir='ltr'><strong>προτρέπων</strong></span> <span class='ocrx_word' id='word_1_147' title='bbox 956 2366 1020 2420; x_wconf 86' lang='grc' dir='ltr'><strong>ὲκ</strong></span> <span class='ocrx_word' id='word_1_148' title='bbox 1048 2367 1146 2436; x_wconf 84' lang='grc' dir='ltr'><strong>τῆς</strong></span> <span class='ocrx_word' id='word_1_149' title='bbox 1193 2368 1460 2440; x_wconf 80' lang='grc' dir='ltr'><strong>Ἐσπέρας</strong></span> <span class='ocrx_word' id='word_1_150' title='bbox 1494 2374 1826 2430; x_wconf 79' lang='grc' dir='ltr'><strong>ἐπανελθεῖν.</strong></span> <span class='ocrx_word' id='word_1_151' title='bbox 1858 2377 1998 2446; x_wconf 80' lang='grc' dir='ltr'><strong>Ἐγὼ</strong></span> 
     </span>
    </p>
   </div>
   <div class='ocr_carea' id='block_1_24' title="bbox 418 2450 1995 2540">
    <p class='ocr_par' dir='ltr' id='par_1_24' title="bbox 418 2450 1995 2540">
     <span class='ocr_line' id='line_1_24' title="bbox 418 2450 1995 2540; baseline 0.01 -35"><span class='ocrx_word' id='word_1_152' title='bbox 418 2450 610 2522; x_wconf 79' lang='grc' dir='ltr'><strong>δὲτὴν</strong></span> <span class='ocrx_word' id='word_1_153' title='bbox 662 2455 835 2525; x_wconf 83' lang='grc' dir='ltr'>μέσην</span> <span class='ocrx_word' id='word_1_154' title='bbox 868 2458 1154 2529; x_wconf 77' lang='grc' dir='ltr'><strong>ἐπιστολὴν</strong></span> <span class='ocrx_word' id='word_1_155' title='bbox 1204 2463 1408 2532; x_wconf 73' lang='grc' dir='ltr'><strong>μικρὰν</strong></span> <span class='ocrx_word' id='word_1_156' title='bbox 1450 2459 1616 2518; x_wconf 77' lang='grc' dir='ltr'><strong>οὖσαν</strong></span> <span class='ocrx_word' id='word_1_157' title='bbox 1670 2465 1881 2538; x_wconf 73' lang='grc' dir='ltr'><strong>ἐνθήσω</strong></span> <span class='ocrx_word' id='word_1_158' title='bbox 1929 2471 1995 2540; x_wconf 80' lang='grc' dir='ltr'><strong>τῇ</strong></span> 
     </span>
    </p>
   </div>
   <div class='ocr_carea' id='block_1_25' title="bbox 421 2545 836 2614">
    <p class='ocr_par' dir='ltr' id='par_1_25' title="bbox 421 2545 836 2614">
     <span class='ocr_line' id='line_1_25' title="bbox 421 2545 836 2614; baseline 0.022 -9"><span class='ocrx_word' id='word_1_159' title='bbox 421 2545 736 2614; x_wconf 61' lang='grc' dir='ltr'><strong>συγγραφῇ·-</strong></span> <span class='ocrx_word' id='word_1_160' title='bbox 833 2553 836 2558; x_wconf 83' lang='grc'><em>’</em></span> 
     </span>
    </p>
   </div>
   <div class='ocr_carea' id='block_1_26' title="bbox 498 2633 1925 2717">
    <p class='ocr_par' dir='ltr' id='par_1_26' title="bbox 498 2633 1925 2717">
     <span class='ocr_line' id='line_1_26' title="bbox 498 2633 1925 2717; baseline 0.012 -33"><span class='ocrx_word' id='word_1_161' title='bbox 498 2633 875 2700; x_wconf 82' lang='grc' dir='ltr'><strong>Κωνστάντιος</strong></span> <span class='ocrx_word' id='word_1_162' title='bbox 912 2636 1154 2708; x_wconf 80' lang='grc' dir='ltr'><strong>νικητὴς,</strong></span> <span class='ocrx_word' id='word_1_163' title='bbox 1187 2637 1514 2708; x_wconf 75' lang='grc' dir='ltr'><strong>Αὔγουστος,</strong></span> <span class='ocrx_word' id='word_1_164' title='bbox 1557 2643 1860 2717; x_wconf 77' lang='grc' dir='ltr'><strong>Ἀθανασίῳ</strong></span> <span class='ocrx_word' id='word_1_165' title='bbox 1880 2649 1925 2701; x_wconf 85' lang='grc'><strong>⁸.</strong></span> 
     </span>
    </p>
   </div>
   <div class='ocr_carea' id='block_1_27' title="bbox 491 2815 1998 2901">
    <p class='ocr_par' dir='ltr' id='par_1_27' title="bbox 491 2815 1998 2901">
     <span class='ocr_line' id='line_1_27' title="bbox 491 2815 1998 2901; baseline 0.009 -32"><span class='ocrx_word' id='word_1_166' title='bbox 491 2817 554 2870; x_wconf 80' lang='grc' dir='ltr'><strong>Εἰ</strong></span> <span class='ocrx_word' id='word_1_167' title='bbox 585 2817 679 2870; x_wconf 72' lang='grc' dir='ltr'><strong>καὶ</strong></span> <span class='ocrx_word' id='word_1_168' title='bbox 698 2815 763 2871; x_wconf 75' lang='grc' dir='ltr'><strong>τὰ</strong></span> <span class='ocrx_word' id='word_1_169' title='bbox 792 2818 1030 2888; x_wconf 84' lang='grc' dir='ltr'><strong>μάλιστα</strong></span> <span class='ocrx_word' id='word_1_170' title='bbox 1056 2819 1145 2873; x_wconf 86' lang='grc' dir='ltr'><strong>διὰ</strong></span> <span class='ocrx_word' id='word_1_171' title='bbox 1184 2823 1469 2896; x_wconf 84' lang='grc' dir='ltr'><strong>προτέρων</strong></span> <span class='ocrx_word' id='word_1_172' title='bbox 1497 2826 1842 2898; x_wconf 77' lang='grc' dir='ltr'><strong>γραμμάτων</strong></span> <span class='ocrx_word' id='word_1_173' title='bbox 1873 2829 1998 2901; x_wconf 85' lang='grc' dir='ltr'><strong>ἐδη-</strong></span> 
     </span>
    </p>
   </div>
   <div class='ocr_carea' id='block_1_28' title="bbox 421 2908 1998 2992">
    <p class='ocr_par' dir='ltr' id='par_1_28' title="bbox 421 2908 1998 2992">
     <span class='ocr_line' id='line_1_28' title="bbox 421 2908 1998 2992; baseline 0.01 -32"><span class='ocrx_word' id='word_1_174' title='bbox 421 2908 693 2980; x_wconf 80' lang='grc' dir='ltr'><strong>λώσαμεν,</strong></span> <span class='ocrx_word' id='word_1_175' title='bbox 731 2911 880 2974; x_wconf 80' lang='grc' dir='ltr'><strong>ὅπως</strong></span> <span class='ocrx_word' id='word_1_176' title='bbox 908 2913 1230 2984; x_wconf 75' lang='grc' dir='ltr'><strong>ἀμερίμνως</strong></span> <span class='ocrx_word' id='word_1_177' title='bbox 1273 2918 1355 2978; x_wconf 79' lang='grc' dir='ltr'><strong>εἰς</strong></span> <span class='ocrx_word' id='word_1_178' title='bbox 1398 2917 1494 2969; x_wconf 74' lang='grc' dir='ltr'><strong>τδ⁶</strong></span> <span class='ocrx_word' id='word_1_179' title='bbox 1525 2919 1794 2991; x_wconf 79' lang='grc' dir='ltr'><strong>ἡμέτερον</strong></span> <span class='ocrx_word' id='word_1_180' title='bbox 1827 2923 1998 2992; x_wconf 83' lang='grc' dir='ltr'><strong>Κομι-</strong></span> 
     </span>
    </p>
   </div>
   <div class='ocr_carea' id='block_1_29' title="bbox 421 3001 1994 3083">
    <p class='ocr_par' dir='ltr' id='par_1_29' title="bbox 421 3001 1994 3083">
     <span class='ocr_line' id='line_1_29' title="bbox 421 3001 1994 3083; baseline 0.008 -30"><span class='ocrx_word' id='word_1_181' title='bbox 421 3001 580 3054; x_wconf 79' lang='grc' dir='ltr'><strong>τάτον</strong></span> <span class='ocrx_word' id='word_1_182' title='bbox 629 3002 928 3081; x_wconf 72' lang='grc' dir='ltr'><strong>παραγένῃ,</strong></span> <span class='ocrx_word' id='word_1_183' title='bbox 982 3003 1070 3058; x_wconf 83' lang='grc' dir='ltr'><strong>διὰ</strong></span> <span class='ocrx_word' id='word_1_184' title='bbox 1117 3004 1180 3057; x_wconf 72' lang='grc' dir='ltr'><strong>τὸ</strong></span> <span class='ocrx_word' id='word_1_185' title='bbox 1231 3005 1465 3076; x_wconf 79' lang='grc' dir='ltr'><strong>μάλιστα</strong></span> <span class='ocrx_word' id='word_1_186' title='bbox 1514 3008 1799 3078; x_wconf 76' lang='grc' dir='ltr'><strong>βούλεσθαι</strong></span> <span class='ocrx_word' id='word_1_187' title='bbox 1841 3014 1994 3083; x_wconf 78' lang='grc' dir='ltr'><strong>ἡμᾶς</strong></span> 
     </span>
    </p>
   </div>
   <div class='ocr_carea' id='block_1_30' title="bbox 420 3081 2062 3166">
    <p class='ocr_par' dir='ltr' id='par_1_30' title="bbox 420 3081 2062 3166">
     <span class='ocr_line' id='line_1_30' title="bbox 420 3081 2062 3166; baseline 0.007 -20"><span class='ocrx_word' id='word_1_188' title='bbox 420 3092 736 3146; x_wconf 79' lang='grc' dir='ltr'><strong>ἀποστεῖλαί</strong></span> <span class='ocrx_word' id='word_1_189' title='bbox 768 3110 827 3146; x_wconf 86' lang='grc' dir='ltr'><strong>σε</strong></span> <span class='ocrx_word' id='word_1_190' title='bbox 861 3095 940 3158; x_wconf 79' lang='grc' dir='ltr'><strong>εἰς</strong></span> <span class='ocrx_word' id='word_1_191' title='bbox 985 3095 1052 3150; x_wconf 80' lang='grc' dir='ltr'><strong>τὰ</strong></span> <span class='ocrx_word' id='word_1_192' title='bbox 1089 3095 1196 3149; x_wconf 87' lang='grc' dir='ltr'><strong>ῐδια</strong></span> <span class='ocrx_word' id='word_1_193' title='bbox 1225 3110 1240 3126; x_wconf 84' lang='grc'>⁶</span> <span class='ocrx_word' id='word_1_194' title='bbox 1290 3097 1437 3166; x_wconf 78' lang='grc' dir='ltr'><strong>ὅμως</strong></span> <span class='ocrx_word' id='word_1_195' title='bbox 1463 3101 1554 3152; x_wconf 72' lang='grc' dir='ltr'><strong>καὶ</strong></span> <span class='ocrx_word' id='word_1_196' title='bbox 1583 3100 1677 3154; x_wconf 87' lang='grc' dir='ltr'><strong>νῦν</strong></span> <span class='ocrx_word' id='word_1_197' title='bbox 1708 3081 1895 3156; x_wconf 73' lang='grc' dir='ltr'><strong>ταῦτα</strong></span> <span class='ocrx_word' id='word_1_198' title='bbox 1926 3105 1994 3158; x_wconf 69' lang='grc' dir='ltr'><strong>τὰ</strong></span> <span class='ocrx_word' id='word_1_199' title='bbox 2019 3081 2062 3139; x_wconf 76' lang='lat' dir='ltr'>c</span> 
     </span>
    </p>
   </div>
   <div class='ocr_carea' id='block_1_31' title="bbox 420 3185 1993 3265">
    <p class='ocr_par' dir='ltr' id='par_1_31' title="bbox 420 3185 1993 3265">
     <span class='ocr_line' id='line_1_31' title="bbox 420 3185 1993 3265; baseline 0.006 -26"><span class='ocrx_word' id='word_1_200' title='bbox 420 3186 725 3256; x_wconf 81' lang='grc' dir='ltr'><strong>γράμματα</strong></span> <span class='ocrx_word' id='word_1_201' title='bbox 755 3185 893 3257; x_wconf 77' lang='grc' dir='ltr'><strong>πρὸς</strong></span> <span class='ocrx_word' id='word_1_202' title='bbox 932 3186 1029 3258; x_wconf 83' lang='grc' dir='ltr'><strong>τὴν</strong></span> <span class='ocrx_word' id='word_1_203' title='bbox 1048 3188 1163 3261; x_wconf 4' lang='grc' dir='ltr'><strong>,σὴν</strong></span> <span class='ocrx_word' id='word_1_204' title='bbox 1189 3190 1525 3261; x_wconf 69' lang='grc' dir='ltr'><strong>στερρότητα</strong></span> <span class='ocrx_word' id='word_1_205' title='bbox 1564 3191 1896 3265; x_wconf 77' lang='grc' dir='ltr'><strong>δεδώκαμεν,</strong></span> <span class='ocrx_word' id='word_1_206' title='bbox 1927 3195 1993 3249; x_wconf 87' lang='grc' dir='ltr'><strong>δι’</strong></span> 
     </span>
    </p>
   </div>
   <div class='ocr_carea' id='block_1_32' title="bbox 420 3271 1995 3351">
    <p class='ocr_par' dir='ltr' id='par_1_32' title="bbox 420 3271 1995 3351">
     <span class='ocr_line' id='line_1_32' title="bbox 420 3271 1995 3351; baseline 0.006 -22"><span class='ocrx_word' id='word_1_207' title='bbox 420 3271 495 3330; x_wconf 81' lang='grc' dir='ltr'><strong>ὧν</strong></span> <span class='ocrx_word' id='word_1_208' title='bbox 544 3278 639 3330; x_wconf 80' lang='grc' dir='ltr'><strong>καὶ</strong></span> <span class='ocrx_word' id='word_1_209' title='bbox 685 3277 1132 3348; x_wconf 81' lang='grc' dir='ltr'><strong>προτρεπόμεθα,</strong></span> <span class='ocrx_word' id='word_1_210' title='bbox 1182 3279 1352 3351; x_wconf 88' lang='grc' dir='ltr'><strong>χωρίς</strong></span> <span class='ocrx_word' id='word_1_211' title='bbox 1401 3298 1545 3346; x_wconf 87' lang='grc' dir='ltr'><strong>τινος</strong></span> <span class='ocrx_word' id='word_1_212' title='bbox 1597 3283 1859 3346; x_wconf 79' lang='grc' dir='ltr'><strong>ἀπιστίας</strong></span> <span class='ocrx_word' id='word_1_213' title='bbox 1902 3285 1995 3338; x_wconf 74' lang='grc' dir='ltr'><strong>καὶ</strong></span> 
     </span>
    </p>
   </div>
   <div class='ocr_carea' id='block_1_33' title="bbox 422 3369 1992 3443">
    <p class='ocr_par' dir='ltr' id='par_1_33' title="bbox 422 3369 1992 3443">
     <span class='ocr_line' id='line_1_33' title="bbox 422 3369 1992 3443; baseline 0.006 -22"><span class='ocrx_word' id='word_1_214' title='bbox 422 3369 588 3438; x_wconf 76' lang='grc' dir='ltr'><strong>φόϐου</strong></span> <span class='ocrx_word' id='word_1_215' title='bbox 624 3371 874 3440; x_wconf 75' lang='grc' dir='ltr'><strong>ἐπιϐῆναί</strong></span> <span class='ocrx_word' id='word_1_216' title='bbox 907 3387 965 3424; x_wconf 89' lang='grc' dir='ltr'><strong>σε</strong></span> <span class='ocrx_word' id='word_1_217' title='bbox 987 3371 1277 3441; x_wconf 81' lang='grc' dir='ltr'><strong>’δημοσίοις</strong></span> <span class='ocrx_word' id='word_1_218' title='bbox 1316 3373 1582 3443; x_wconf 79' lang='grc' dir='ltr'><strong>ὀχήμασι,</strong></span> <span class='ocrx_word' id='word_1_219' title='bbox 1625 3374 1722 3428; x_wconf 71' lang='grc' dir='ltr'><strong>καὶ</strong></span> <span class='ocrx_word' id='word_1_220' title='bbox 1757 3374 1992 3430; x_wconf 82' lang='grc' dir='ltr'><strong>σπουδά-</strong></span> 
     </span>
    </p>
   </div>
   <div class='ocr_carea' id='block_1_34' title="bbox 423 3458 1995 3540">
    <p class='ocr_par' dir='ltr' id='par_1_34' title="bbox 423 3458 1995 3540">
     <span class='ocr_line' id='line_1_34' title="bbox 423 3458 1995 3540; baseline 0.006 -28"><span class='ocrx_word' id='word_1_221' title='bbox 423 3477 514 3514; x_wconf 83' lang='grc' dir='ltr'><strong>σαι</strong></span> <span class='ocrx_word' id='word_1_222' title='bbox 535 3467 554 3496; x_wconf 85' lang='grc'><strong>⁷</strong></span> <span class='ocrx_word' id='word_1_223' title='bbox 595 3461 730 3531; x_wconf 76' lang='grc' dir='ltr'><strong>πρὸς</strong></span> <span class='ocrx_word' id='word_1_224' title='bbox 756 3463 922 3533; x_wconf 76' lang='grc' dir='ltr'><strong>ἡμᾶς,</strong></span> <span class='ocrx_word' id='word_1_225' title='bbox 952 3464 1038 3517; x_wconf 79' lang='grc' dir='ltr'><strong>ἵνα</strong></span> <span class='ocrx_word' id='word_1_226' title='bbox 1063 3458 1138 3520; x_wconf 82' lang='grc' dir='ltr'>ὧν</span> <span class='ocrx_word' id='word_1_227' title='bbox 1167 3465 1454 3535; x_wconf 76' lang='grc' dir='ltr'><strong>ἐπιθυμεῖς</strong></span> <span class='ocrx_word' id='word_1_228' title='bbox 1495 3466 1804 3523; x_wconf 78' lang='grc' dir='ltr'><strong>ἀπολαῦσαι</strong></span> <span class='ocrx_word' id='word_1_229' title='bbox 1834 3467 1995 3540; x_wconf 86' lang='grc' dir='ltr'><strong>δυνη-</strong></span> 
     </span>
    </p>
   </div>
   <div class='ocr_carea' id='block_1_35' title="bbox 422 3548 540 3620">
    <p class='ocr_par' dir='ltr' id='par_1_35' title="bbox 422 3548 540 3620">
     <span class='ocr_line' id='line_1_35' title="bbox 422 3548 540 3620; baseline 0.017 -18"><span class='ocrx_word' id='word_1_230' title='bbox 422 3548 540 3620; x_wconf 74' lang='grc' dir='ltr'><strong>θῇς.</strong></span> 
     </span>
    </p>
   </div>
   <div class='ocr_carea' id='block_1_36' title="bbox 494 3639 1994 3718">
    <p class='ocr_par' dir='ltr' id='par_1_36' title="bbox 494 3639 1994 3718">
     <span class='ocr_line' id='line_1_36' title="bbox 494 3639 1994 3718; baseline 0.007 -24"><span class='ocrx_word' id='word_1_231' title='bbox 494 3639 680 3706; x_wconf 78' lang='grc' dir='ltr'><strong>υΰτως</strong></span> <span class='ocrx_word' id='word_1_232' title='bbox 727 3643 891 3698; x_wconf 74' lang='grc' dir='ltr'><strong>αὐτὸν</strong></span> <span class='ocrx_word' id='word_1_233' title='bbox 928 3644 1292 3699; x_wconf 75' lang='grc' dir='ltr'><strong>ἐπανελθόντα</strong></span> <span class='ocrx_word' id='word_1_234' title='bbox 1351 3647 1597 3718; x_wconf 82' lang='grc' dir='ltr'><strong>εὐμενῶς</strong></span> <span class='ocrx_word' id='word_1_235' title='bbox 1639 3667 1696 3703; x_wconf 81' lang='grc' dir='ltr'><strong>τε</strong></span> <span class='ocrx_word' id='word_1_236' title='bbox 1732 3647 1862 3715; x_wconf 83' lang='grc' dir='ltr'><strong>εἶδε,</strong></span> <span class='ocrx_word' id='word_1_237' title='bbox 1899 3649 1994 3704; x_wconf 77' lang='grc' dir='ltr'><strong>καὶ</strong></span> 
     </span>
    </p>
   </div>
   <div class='ocr_carea' id='block_1_37' title="bbox 420 3734 1989 3812">
    <p class='ocr_par' dir='ltr' id='par_1_37' title="bbox 420 3734 1989 3812">
     <span class='ocr_line' id='line_1_37' title="bbox 420 3734 1989 3812; baseline 0.005 -24"><span class='ocrx_word' id='word_1_238' title='bbox 420 3734 518 3806; x_wconf 74' lang='grc' dir='ltr'><strong>τὴν</strong></span> <span class='ocrx_word' id='word_1_239' title='bbox 559 3734 948 3808; x_wconf 79' lang='grc' dir='ltr'><strong>Ἀλεξανδρέων</strong></span> <span class='ocrx_word' id='word_1_240' title='bbox 974 3738 1270 3791; x_wconf 79' lang='grc' dir='ltr'><strong>ἀπολαϐεῖν</strong></span> <span class='ocrx_word' id='word_1_241' title='bbox 1317 3741 1642 3812; x_wconf 82' lang='grc' dir='ltr'><strong>Ἐκκλησίαν</strong></span> <span class='ocrx_word' id='word_1_242' title='bbox 1685 3743 1989 3797; x_wconf 84' lang='grc' dir='ltr'><strong>ἐκέλευσεν.</strong></span> 
     </span>
    </p>
   </div>
   <div class='ocr_carea' id='block_1_38' title="bbox 432 3826 1994 3907">
    <p class='ocr_par' dir='ltr' id='par_1_38' title="bbox 432 3826 1994 3907">
     <span class='ocr_line' id='line_1_38' title="bbox 432 3826 1994 3907; baseline 0.003 -25"><span class='ocrx_word' id='word_1_243' title='bbox 432 3826 571 3882; x_wconf 84' lang='grc' dir='ltr'><strong>Ἀλλ’</strong></span> <span class='ocrx_word' id='word_1_244' title='bbox 602 3828 649 3880; x_wconf 83' lang='grc' dir='ltr'><strong>οἱ</strong></span> <span class='ocrx_word' id='word_1_245' title='bbox 688 3827 808 3881; x_wconf 87' lang='grc' dir='ltr'><strong>τότε</strong></span> <span class='ocrx_word' id='word_1_246' title='bbox 841 3827 1406 3898; x_wconf 83' lang='grc' dir='ltr'><strong>παραδυναστεὺοντες</strong></span> <span class='ocrx_word' id='word_1_247' title='bbox 1427 3873 1441 3894; x_wconf 89' lang='grc'><strong>,</strong></span> <span class='ocrx_word' id='word_1_248' title='bbox 1491 3833 1592 3902; x_wconf 72' lang='grc' dir='ltr'><strong>τὴν</strong></span> <span class='ocrx_word' id='word_1_249' title='bbox 1648 3835 1994 3907; x_wconf 78' lang='grc' dir='ltr'><strong>Ἀρειανικὴν</strong></span> 
     </span>
    </p>
   </div>
   <div class='ocr_carea' id='block_1_39' title="bbox 418 3918 1995 3993">
    <p class='ocr_par' dir='ltr' id='par_1_39' title="bbox 418 3918 1995 3993">
     <span class='ocr_line' id='line_1_39' title="bbox 418 3918 1995 3993; baseline 0.004 -19"><span class='ocrx_word' id='word_1_250' title='bbox 418 3918 812 3991; x_wconf 79' lang='grc' dir='ltr'><strong>είσδεδεγμένοι</strong></span> <span class='ocrx_word' id='word_1_251' title='bbox 844 3921 1017 3987; x_wconf 80' lang='grc' dir='ltr'><strong>νόσον,</strong></span> <span class='ocrx_word' id='word_1_252' title='bbox 1047 3921 1286 3990; x_wconf 75' lang='grc' dir='ltr'><strong>ἔφασκον</strong></span> <span class='ocrx_word' id='word_1_253' title='bbox 1315 3923 1511 3993; x_wconf 81' lang='grc' dir='ltr'><strong>χρῆναι</strong></span> <span class='ocrx_word' id='word_1_254' title='bbox 1542 3924 1632 3978; x_wconf 81' lang='grc' dir='ltr'><strong>τὸν</strong></span> <span class='ocrx_word' id='word_1_255' title='bbox 1679 3925 1995 3980; x_wconf 83' lang='grc' dir='ltr'><strong>Ἀθανάσιον</strong></span> 
     </span>
    </p>
   </div>
   <div class='ocr_carea' id='block_1_40' title="bbox 421 4012 1994 4087">
    <p class='ocr_par' dir='ltr' id='par_1_40' title="bbox 421 4012 1994 4087">
     <span class='ocr_line' id='line_1_40' title="bbox 421 4012 1994 4087; baseline 0.004 -22"><span class='ocrx_word' id='word_1_256' title='bbox 421 4012 549 4082; x_wconf 88' lang='grc' dir='ltr'><strong>μίαν</strong></span> <span class='ocrx_word' id='word_1_257' title='bbox 579 4013 882 4082; x_wconf 82' lang='grc' dir='ltr'><strong>παρασχεῖν</strong></span> <span class='ocrx_word' id='word_1_258' title='bbox 921 4013 1220 4085; x_wconf 78' lang='grc' dir='ltr'><strong>ἐκκλησίαν</strong></span> <span class='ocrx_word' id='word_1_259' title='bbox 1252 4019 1364 4078; x_wconf 89' lang='grc' dir='ltr'><strong>τοῖς</strong></span> <span class='ocrx_word' id='word_1_260' title='bbox 1397 4019 1674 4069; x_wconf 79' lang='grc' dir='ltr'><strong>κοινωνεῖν</strong></span> <span class='ocrx_word' id='word_1_261' title='bbox 1703 4019 1765 4070; x_wconf 82' lang='grc' dir='ltr'><strong>οὐ</strong></span> <span class='ocrx_word' id='word_1_262' title='bbox 1809 4018 1994 4087; x_wconf 85' lang='grc' dir='ltr'><strong>βουλο-</strong></span> 
     </span>
    </p>
   </div>
   <div class='ocr_carea' id='block_1_41' title="bbox 419 4101 1993 4178">
    <p class='ocr_par' dir='ltr' id='par_1_41' title="bbox 419 4101 1993 4178">
     <span class='ocr_line' id='line_1_41' title="bbox 419 4101 1993 4178; baseline 0.006 -23"><span class='ocrx_word' id='word_1_263' title='bbox 419 4101 600 4172; x_wconf 83' lang='grc' dir='ltr'><strong>μένοις</strong></span> <span class='ocrx_word' id='word_1_264' title='bbox 638 4101 807 4173; x_wconf 79' lang='grc' dir='ltr'><strong>αὐτῷ.</strong></span> <span class='ocrx_word' id='word_1_265' title='bbox 836 4103 1023 4157; x_wconf 80' lang='grc' dir='ltr'><strong>Ταῦτα</strong></span> <span class='ocrx_word' id='word_1_266' title='bbox 1052 4105 1276 4158; x_wconf 82' lang='grc' dir='ltr'><strong>ἐκείνων</strong></span> <span class='ocrx_word' id='word_1_267' title='bbox 1309 4106 1406 4176; x_wconf 85' lang='grc' dir='ltr'><strong>μὲν</strong></span> <span class='ocrx_word' id='word_1_268' title='bbox 1437 4106 1514 4177; x_wconf 83' lang='grc' dir='ltr'><strong>τῷ</strong></span> <span class='ocrx_word' id='word_1_269' title='bbox 1549 4107 1777 4178; x_wconf 82' lang='grc' dir='ltr'><strong>βασιλεῖ,</strong></span> <span class='ocrx_word' id='word_1_270' title='bbox 1808 4109 1902 4164; x_wconf 81' lang='grc' dir='ltr'><strong>τοῦ</strong></span> <span class='ocrx_word' id='word_1_271' title='bbox 1934 4111 1993 4165; x_wconf 76' lang='grc' dir='ltr'><strong>δὲ</strong></span> 
     </span>
    </p>
   </div>
   <div class='ocr_carea' id='block_1_42' title="bbox 419 4194 1993 4270">
    <p class='ocr_par' dir='ltr' id='par_1_42' title="bbox 419 4194 1993 4270">
     <span class='ocr_line' id='line_1_42' title="bbox 419 4194 1993 4270; baseline 0.006 -24"><span class='ocrx_word' id='word_1_272' title='bbox 419 4194 682 4264; x_wconf 84' lang='grc' dir='ltr'><strong>βασιλέως</strong></span> <span class='ocrx_word' id='word_1_273' title='bbox 725 4194 860 4266; x_wconf 79' lang='grc' dir='ltr'><strong>πρὸς</strong></span> <span class='ocrx_word' id='word_1_274' title='bbox 908 4196 1070 4250; x_wconf 72' lang='grc' dir='ltr'><strong>αὐτὸν</strong></span> <span class='ocrx_word' id='word_1_275' title='bbox 1117 4199 1419 4269; x_wconf 81' lang='grc' dir='ltr'><strong>εἰρηκότος,</strong></span> <span class='ocrx_word' id='word_1_276' title='bbox 1464 4199 1569 4270; x_wconf 81' lang='grc' dir='ltr'><strong>ἔφη</strong></span> <span class='ocrx_word' id='word_1_277' title='bbox 1605 4200 1812 4254; x_wconf 85' lang='grc' dir='ltr'><strong>δίκαιον</strong></span> <span class='ocrx_word' id='word_1_278' title='bbox 1853 4197 1993 4256; x_wconf 83' lang='grc' dir='ltr'><strong>εἶναι</strong></span> 
     </span>
    </p>
   </div>
   <div class='ocr_carea' id='block_1_43' title="bbox 415 4282 1990 4361">
    <p class='ocr_par' dir='ltr' id='par_1_43' title="bbox 415 4282 1990 4361">
     <span class='ocr_line' id='line_1_43' title="bbox 415 4282 1990 4361; baseline 0.006 -24"><span class='ocrx_word' id='word_1_279' title='bbox 415 4286 528 4347; x_wconf 81' lang='grc' dir='ltr'><strong>τοῖς</strong></span> <span class='ocrx_word' id='word_1_280' title='bbox 581 4282 673 4336; x_wconf 74' lang='grc' dir='ltr'><strong>τοῦ</strong></span> <span class='ocrx_word' id='word_1_281' title='bbox 727 4283 991 4353; x_wconf 84' lang='grc' dir='ltr'><strong>βασιλέως</strong></span> <span class='ocrx_word' id='word_1_282' title='bbox 1028 4287 1441 4358; x_wconf 78' lang='grc' dir='ltr'><strong>ἐπιτάγμασιν⁸</strong></span> <span class='ocrx_word' id='word_1_283' title='bbox 1481 4289 1672 4344; x_wconf 82' lang='grc' dir='ltr'><strong>εἴκειν·</strong></span> <span class='ocrx_word' id='word_1_284' title='bbox 1706 4290 1990 4361; x_wconf 83' lang='grc' dir='ltr'><strong>βούλεσθαι</strong></span> 
     </span>
    </p>
   </div>
   <div class='ocr_carea' id='block_1_44' title="bbox 421 4369 1985 4452">
    <p class='ocr_par' dir='ltr' id='par_1_44' title="bbox 421 4369 1985 4452">
     <span class='ocr_line' id='line_1_44' title="bbox 421 4369 1985 4452; baseline 0.012 -33"><span class='ocrx_word' id='word_1_285' title='bbox 421 4369 603 4439; x_wconf 82' lang='grc' dir='ltr'><strong>μέντοι</strong></span> <span class='ocrx_word' id='word_1_286' title='bbox 647 4369 742 4423; x_wconf 79' lang='grc' dir='ltr'><strong>καὶ</strong></span> <span class='ocrx_word' id='word_1_287' title='bbox 797 4370 962 4424; x_wconf 82' lang='grc' dir='ltr'><strong>αὐτὸν</strong></span> <span class='ocrx_word' id='word_1_288' title='bbox 1007 4372 1381 4442; x_wconf 68' lang='grc' dir='ltr'><strong>ἀπαγγεῖλαίθ</strong></span> <span class='ocrx_word' id='word_1_289' title='bbox 1432 4394 1574 4442; x_wconf 88' lang='grc' dir='ltr'><strong>τινα,</strong></span> <span class='ocrx_word' id='word_1_290' title='bbox 1614 4380 1707 4432; x_wconf 74' lang='grc' dir='ltr'><strong>καὶ</strong></span> <span class='ocrx_word' id='word_1_291' title='bbox 1743 4381 1985 4452; x_wconf 81' lang='grc' dir='ltr'><strong>αἰτῆσαι.</strong></span> 
     </span>
    </p>
   </div>
   <div class='ocr_carea' id='block_1_45' title="bbox 419 4458 1989 4546">
    <p class='ocr_par' dir='ltr' id='par_1_45' title="bbox 419 4458 1989 4546">
     <span class='ocr_line' id='line_1_45' title="bbox 419 4458 1989 4546; baseline 0.01 -33"><span class='ocrx_word' id='word_1_292' title='bbox 419 4459 525 4513; x_wconf 84' lang='grc' dir='ltr'><strong>Τοῦ</strong></span> <span class='ocrx_word' id='word_1_293' title='bbox 555 4459 610 4512; x_wconf 79' lang='grc' dir='ltr'><strong>δὲ</strong></span> <span class='ocrx_word' id='word_1_294' title='bbox 643 4458 906 4530; x_wconf 81' lang='grc' dir='ltr'><strong>βασιλέως</strong></span> <span class='ocrx_word' id='word_1_295' title='bbox 934 4463 1304 4536; x_wconf 79' lang='grc' dir='ltr'><strong>ὑποσχομένου</strong></span> <span class='ocrx_word' id='word_1_296' title='bbox 1332 4468 1524 4523; x_wconf 83' lang='grc' dir='ltr'><strong>δώσειν</strong></span> <span class='ocrx_word' id='word_1_297' title='bbox 1559 4472 1696 4543; x_wconf 84' lang='grc' dir='ltr'><strong>ὅπερ</strong></span> <span class='ocrx_word' id='word_1_298' title='bbox 1729 4473 1795 4526; x_wconf 75' lang='grc' dir='ltr'><strong>ἂν</strong></span> <span class='ocrx_word' id='word_1_299' title='bbox 1831 4475 1989 4546; x_wconf 79' lang='grc' dir='ltr'><strong>αἰτή-</strong></span> 
     </span>
    </p>
   </div>
   <div class='ocr_carea' id='block_1_46' title="bbox 419 4550 1992 4636">
    <p class='ocr_par' dir='ltr' id='par_1_46' title="bbox 419 4550 1992 4636">
     <span class='ocr_line' id='line_1_46' title="bbox 419 4550 1992 4636; baseline 0.011 -34"><span class='ocrx_word' id='word_1_300' title='bbox 419 4567 500 4604; x_wconf 90' lang='grc' dir='ltr'><strong>σοι</strong></span> <span class='ocrx_word' id='word_1_301' title='bbox 535 4550 849 4622; x_wconf 75' lang='grc' dir='ltr'><strong>προθύμως,</strong></span> <span class='ocrx_word' id='word_1_302' title='bbox 882 4553 1086 4608; x_wconf 78' lang='grc' dir='ltr'><strong>δεῖσθαι</strong></span> <span class='ocrx_word' id='word_1_303' title='bbox 1135 4555 1240 4628; x_wconf 77' lang='grc' dir='ltr'><strong>ἔφη</strong></span> <span class='ocrx_word' id='word_1_304' title='bbox 1293 4561 1385 4614; x_wconf 74' lang='grc' dir='ltr'><strong>καὶ</strong></span> <span class='ocrx_word' id='word_1_305' title='bbox 1430 4562 1553 4626; x_wconf 79' lang='grc' dir='ltr'><strong>τοὺς</strong></span> <span class='ocrx_word' id='word_1_306' title='bbox 1595 4563 1653 4615; x_wconf 80' lang='grc' dir='ltr'><strong>ἐν</strong></span> <span class='ocrx_word' id='word_1_307' title='bbox 1697 4565 1992 4636; x_wconf 79' lang='grc' dir='ltr'><strong>Ἀντιοχείᾳ</strong></span> 
     </span>
    </p>
   </div>
   <div class='ocr_carea' id='block_1_47' title="bbox 415 4643 1990 4727">
    <p class='ocr_par' dir='ltr' id='par_1_47' title="bbox 415 4643 1990 4727">
     <span class='ocr_line' id='line_1_47' title="bbox 415 4643 1990 4727; baseline 0.01 -33"><span class='ocrx_word' id='word_1_308' title='bbox 415 4646 524 4706; x_wconf 87' lang='grc' dir='ltr'><strong>τοῖς</strong></span> <span class='ocrx_word' id='word_1_309' title='bbox 556 4644 653 4706; x_wconf 78' lang='grc' dir='ltr'><strong>τὰς</strong></span> <span class='ocrx_word' id='word_1_310' title='bbox 684 4643 979 4715; x_wconf 79' lang='grc' dir='ltr'><strong>ἐκκλησίας</strong></span> <span class='ocrx_word' id='word_1_311' title='bbox 1008 4647 1299 4718; x_wconf 84' lang='grc' dir='ltr'><strong>κατέχουσι</strong></span> <span class='ocrx_word' id='word_1_312' title='bbox 1329 4655 1602 4706; x_wconf 84' lang='grc' dir='ltr'><strong>κοινωνεῖν</strong></span> <span class='ocrx_word' id='word_1_313' title='bbox 1630 4655 1692 4706; x_wconf 75' lang='grc' dir='ltr'><strong>οὐ</strong></span> <span class='ocrx_word' id='word_1_314' title='bbox 1729 4654 1990 4727; x_wconf 84' lang='grc' dir='ltr'><strong>βουλομέ-</strong></span> 
     </span>
    </p>
   </div>
   <div class='ocr_carea' id='block_1_48' title="bbox 417 4735 1990 4812">
    <p class='ocr_par' dir='ltr' id='par_1_48' title="bbox 417 4735 1990 4812">
     <span class='ocr_line' id='line_1_48' title="bbox 417 4735 1990 4812; baseline 0.009 -26"><span class='ocrx_word' id='word_1_315' title='bbox 417 4752 538 4797; x_wconf 84' lang='grc' dir='ltr'><strong>νους</strong></span> <span class='ocrx_word' id='word_1_316' title='bbox 567 4735 872 4807; x_wconf 83' lang='grc' dir='ltr'><strong>εὐκτηρίων</strong></span> <span class='ocrx_word' id='word_1_317' title='bbox 901 4735 1037 4790; x_wconf 85' lang='grc' dir='ltr'><strong>νεῶν</strong></span> <span class='ocrx_word' id='word_1_318' title='bbox 1058 4739 1128 4804; x_wconf 77' lang='grc' dir='ltr'><strong>⁸ο,</strong></span> <span class='ocrx_word' id='word_1_319' title='bbox 1176 4741 1270 4794; x_wconf 63' lang='grc' dir='ltr'><strong>καὶ⁸</strong></span> <span class='ocrx_word' id='word_1_320' title='bbox 1295 4742 1499 4796; x_wconf 88' lang='grc' dir='ltr'><strong>δίκαιον</strong></span> <span class='ocrx_word' id='word_1_321' title='bbox 1524 4743 1620 4799; x_wconf 79' lang='grc' dir='ltr'><strong>’ἐνα</strong></span> <span class='ocrx_word' id='word_1_322' title='bbox 1663 4747 1756 4799; x_wconf 79' lang='grc' dir='ltr'><strong>καὶ</strong></span> <span class='ocrx_word' id='word_1_323' title='bbox 1782 4747 1990 4812; x_wconf 82' lang='grc' dir='ltr'><strong>τούτοις</strong></span> 
     </span>
    </p>
   </div>
   <div class='ocr_carea' id='block_1_49' title="bbox 414 4825 1987 4910">
    <p class='ocr_par' dir='ltr' id='par_1_49' title="bbox 414 4825 1987 4910">
     <span class='ocr_line' id='line_1_49' title="bbox 414 4825 1987 4910; baseline 0.01 -34"><span class='ocrx_word' id='word_1_324' title='bbox 414 4825 524 4878; x_wconf 84' lang='grc' dir='ltr'><strong>τῶν</strong></span> <span class='ocrx_word' id='word_1_325' title='bbox 551 4825 712 4878; x_wconf 82' lang='grc' dir='ltr'><strong>οἴκων</strong></span> <span class='ocrx_word' id='word_1_326' title='bbox 749 4827 788 4857; x_wconf 83' lang='grc'>¹¹</span> <span class='ocrx_word' id='word_1_327' title='bbox 840 4829 1251 4901; x_wconf 81' lang='grc' dir='ltr'><strong>παρασχεθῆναι</strong></span> <span class='ocrx_word' id='word_1_328' title='bbox 1301 4833 1411 4886; x_wconf 86' lang='grc' dir='ltr'><strong>τῶν</strong></span> <span class='ocrx_word' id='word_1_329' title='bbox 1455 4835 1634 4891; x_wconf 87' lang='grc' dir='ltr'><strong>θείων.</strong></span> <span class='ocrx_word' id='word_1_330' title='bbox 1679 4838 1896 4910; x_wconf 81' lang='grc' dir='ltr'><strong>Ἐπειδὴ</strong></span> <span class='ocrx_word' id='word_1_331' title='bbox 1929 4838 1987 4891; x_wconf 87' lang='grc' dir='ltr'><strong>δὲ</strong></span> 
     </span>
    </p>
   </div>
   <div class='ocr_carea' id='block_1_50' title="bbox 414 4913 1988 4993">
    <p class='ocr_par' dir='ltr' id='par_1_50' title="bbox 414 4913 1988 4993">
     <span class='ocr_line' id='line_1_50' title="bbox 414 4913 1988 4993; baseline 0.009 -27"><span class='ocrx_word' id='word_1_332' title='bbox 414 4913 670 4966; x_wconf 78' lang='grc' dir='ltr'><strong>ἐπένευσε</strong></span> <span class='ocrx_word' id='word_1_333' title='bbox 731 4914 982 4984; x_wconf 66' lang='grc' dir='ltr'><strong>βασιλεὺς</strong></span> <span class='ocrx_word' id='word_1_334' title='bbox 1031 4917 1122 4988; x_wconf 79' lang='grc'><strong>187</strong></span> <span class='ocrx_word' id='word_1_335' title='bbox 1131 4917 1198 4993; x_wconf 68' lang='grc' dir='ltr'>Μ</span> <span class='ocrx_word' id='word_1_336' title='bbox 1235 4921 1403 4992; x_wconf 74' lang='grc' dir='ltr'><strong>ὀρθὴν</strong></span> <span class='ocrx_word' id='word_1_337' title='bbox 1450 4918 1588 4980; x_wconf 81' lang='grc' dir='ltr'><strong>εἶναι</strong></span> <span class='ocrx_word' id='word_1_338' title='bbox 1630 4927 1725 4979; x_wconf 79' lang='grc' dir='ltr'><strong>καὶ</strong></span> <span class='ocrx_word' id='word_1_339' title='bbox 1770 4925 1988 4981; x_wconf 86' lang='grc' dir='ltr'><strong>δικαίαν</strong></span> 
     </span>
    </p>
   </div>
   <div class='ocr_carea' id='block_1_51' title="bbox 414 5004 1989 5088">
    <p class='ocr_par' dir='ltr' id='par_1_51' title="bbox 414 5004 1989 5088">
     <span class='ocr_line' id='line_1_51' title="bbox 414 5004 1989 5088; baseline -0.002 -15"><span class='ocrx_word' id='word_1_340' title='bbox 414 5004 755 5073; x_wconf 65' lang='grc' dir='ltr'><strong>ἐπιψηφίσας</strong></span> <span class='ocrx_word' id='word_1_341' title='bbox 783 5007 887 5076; x_wconf 79' lang='grc' dir='ltr'><strong>τὴν</strong></span> <span class='ocrx_word' id='word_1_342' title='bbox 924 5008 1161 5076; x_wconf 76' lang='grc' dir='ltr'><strong>αἴτησιν,</strong></span> <span class='ocrx_word' id='word_1_343' title='bbox 1203 5011 1457 5067; x_wconf 64' lang='grc' dir='ltr'><strong>ἀντεῖπον</strong></span> <span class='ocrx_word' id='word_1_344' title='bbox 1491 5017 1539 5067; x_wconf 83' lang='lat' dir='ltr'><strong>oi</strong></span> <span class='ocrx_word' id='word_1_345' title='bbox 1578 5017 1678 5086; x_wconf 83' lang='grc' dir='ltr'><strong>τῆς</strong></span> <span class='ocrx_word' id='word_1_346' title='bbox 1704 5019 1989 5088; x_wconf 80' lang='grc' dir='ltr'><strong>αἱρετικῆς</strong></span> 
     </span>
    </p>
   </div>
   <div class='ocr_carea' id='block_1_52' title="bbox 414 5094 1987 5182">
    <p class='ocr_par' dir='ltr' id='par_1_52' title="bbox 414 5094 1987 5182">
     <span class='ocr_line' id='line_1_52' title="bbox 414 5094 1987 5182; baseline 0.011 -34"><span class='ocrx_word' id='word_1_347' title='bbox 414 5094 695 5166; x_wconf 79' lang='grc' dir='ltr'><strong>φάλαγγος</strong></span> <span class='ocrx_word' id='word_1_348' title='bbox 749 5099 1235 5170; x_wconf 77' lang='grc' dir='ltr'><strong>προστατεύοντες,</strong></span> <span class='ocrx_word' id='word_1_349' title='bbox 1281 5106 1596 5180; x_wconf 82' lang='grc' dir='ltr'><strong>μηδετέροις</strong></span> <span class='ocrx_word' id='word_1_350' title='bbox 1643 5111 1840 5182; x_wconf 85' lang='grc' dir='ltr'><strong>χρῆναι</strong></span> <span class='ocrx_word' id='word_1_351' title='bbox 1889 5109 1987 5176; x_wconf 76' lang='grc' dir='ltr'><strong>τὰς</strong></span> 
     </span>
    </p>
   </div>
   <div class='ocr_carea' id='block_1_53' title="bbox 1412 275 2730 350">
    <p class='ocr_par' dir='ltr' id='par_1_53' title="bbox 1412 275 2730 350">
     <span class='ocr_line' id='line_1_53' title="bbox 1412 275 2730 350; baseline 0.007 -13"><span class='ocrx_word' id='word_1_352' title='bbox 1412 275 2006 350; x_wconf 61' lang='grc' dir='ltr'><strong>ΕΟΟῘΛΕδΙΑΞΤΙΟρῈ</strong></span> <span class='ocrx_word' id='word_1_353' title='bbox 2045 281 2427 345; x_wconf 79' lang='lat' dir='ltr'><strong>HISTORle</strong></span> <span class='ocrx_word' id='word_1_354' title='bbox 2466 286 2612 346; x_wconf 84' lang='lat' dir='ltr'><strong>LIB.</strong></span> <span class='ocrx_word' id='word_1_355' title='bbox 2649 287 2730 347; x_wconf 87' lang='lat' dir='ltr'><strong>II.</strong></span> 
     </span>
    </p>
   </div>
   <div class='ocr_carea' id='block_1_54' title="bbox 2029 392 2077 450">
    <p class='ocr_par' dir='ltr' id='par_1_54' title="bbox 2029 392 2077 450">
     <span class='ocr_line' id='line_1_54' title="bbox 2029 392 2077 450; baseline 0 0"><span class='ocrx_word' id='word_1_356' title='bbox 2029 392 2077 450; x_wconf 74' lang='grc' dir='ltr'>Α</span> 
     </span>
    </p>
   </div>
   <div class='ocr_carea' id='block_1_55' title="bbox 3547 287 3684 355">
    <p class='ocr_par' dir='ltr' id='par_1_55' title="bbox 3547 287 3684 355">
     <span class='ocr_line' id='line_1_55' title="bbox 3547 287 3684 355; baseline 0.015 -2"><span class='ocrx_word' id='word_1_357' title='bbox 3547 287 3684 355; x_wconf 62' lang='grc' dir='ltr'><strong>Ῑοέἳ</strong></span> 
     </span>
    </p>
   </div>
   <div class='ocr_carea' id='block_1_56' title="bbox 2398 393 3373 471">
    <p class='ocr_par' dir='ltr' id='par_1_56' title="bbox 2398 393 3373 471">
     <span class='ocr_line' id='line_1_56' title="bbox 2398 393 3373 471; baseline -0.001 -20"><span class='ocrx_word' id='word_1_358' title='bbox 2398 394 2550 452; x_wconf 77' lang='lat' dir='ltr'><strong>CAP.</strong></span> <span class='ocrx_word' id='word_1_359' title='bbox 2584 395 2720 449; x_wconf 78' lang='lat' dir='ltr'><strong>VIII.</strong></span> <span class='ocrx_word' id='word_1_360' title='bbox 2829 393 2887 448; x_wconf 81' lang='grc' dir='ltr'><strong>Β.</strong></span> <span class='ocrx_word' id='word_1_361' title='bbox 2927 393 3004 450; x_wconf 86' lang='lat' dir='ltr'><strong>St.</strong></span> <span class='ocrx_word' id='word_1_362' title='bbox 3029 396 3127 451; x_wconf 83' lang='lat' dir='ltr'><strong>Ch.</strong></span> <span class='ocrx_word' id='word_1_363' title='bbox 3159 395 3222 451; x_wconf 70' lang='grc' dir='ltr'><strong>ν.</strong></span> <span class='ocrx_word' id='word_1_364' title='bbox 3262 395 3373 471; x_wconf 66' lang='lat' dir='ltr'><strong>I0.)</strong></span> 
     </span>
    </p>
   </div>
   <div class='ocr_carea' id='block_1_57' title="bbox 2506 483 3272 554">
    <p class='ocr_par' dir='ltr' id='par_1_57' title="bbox 2506 483 3272 554">
     <span class='ocr_line' id='line_1_57' title="bbox 2506 483 3272 554; baseline 0.007 -18"><span class='ocrx_word' id='word_1_365' title='bbox 2506 483 2582 538; x_wconf 72' lang='lat' dir='ltr'><strong>De</strong></span> <span class='ocrx_word' id='word_1_366' title='bbox 2625 483 2878 554; x_wconf 78' lang='lat' dir='ltr'><strong>Stephani</strong></span> <span class='ocrx_word' id='word_1_367' title='bbox 2926 484 3272 553; x_wconf 72' lang='lat' dir='ltr'><strong>depositione.</strong></span> 
     </span>
    </p>
   </div>
   <div class='ocr_carea' id='block_1_58' title="bbox 2176 575 3681 647">
    <p class='ocr_par' dir='ltr' id='par_1_58' title="bbox 2176 575 3681 647">
     <span class='ocr_line' id='line_1_58' title="bbox 2176 575 3681 647; baseline 0.003 -17"><span class='ocrx_word' id='word_1_368' title='bbox 2176 575 2274 632; x_wconf 71' lang='lat' dir='ltr'><strong>[iis</strong></span> <span class='ocrx_word' id='word_1_369' title='bbox 2327 577 2492 632; x_wconf 84' lang='lat' dir='ltr'><strong>rebus</strong></span> <span class='ocrx_word' id='word_1_370' title='bbox 2522 578 2780 647; x_wconf 72' lang='lat' dir='ltr'><strong>cognitis,</strong></span> <span class='ocrx_word' id='word_1_371' title='bbox 2827 576 3044 647; x_wconf 86' lang='lat' dir='ltr'><strong>judices</strong></span> <span class='ocrx_word' id='word_1_372' title='bbox 3090 579 3378 634; x_wconf 87' lang='lat' dir='ltr'><strong>minimum</strong></span> <span class='ocrx_word' id='word_1_373' title='bbox 3412 589 3544 634; x_wconf 88' lang='lat' dir='ltr'><strong>natu</strong></span> <span class='ocrx_word' id='word_1_374' title='bbox 3585 595 3681 637; x_wconf 76' lang='lat' dir='ltr'><strong>ea-</strong></span> 
     </span>
    </p>
   </div>
   <div class='ocr_carea' id='block_1_59' title="bbox 2104 666 3676 736">
    <p class='ocr_par' dir='ltr' id='par_1_59' title="bbox 2104 666 3676 736">
     <span class='ocr_line' id='line_1_59' title="bbox 2104 666 3676 736; baseline 0.004 -17"><span class='ocrx_word' id='word_1_375' title='bbox 2104 681 2222 719; x_wconf 86' lang='lat' dir='ltr'><strong>rum</strong></span> <span class='ocrx_word' id='word_1_376' title='bbox 2257 666 2349 736; x_wconf 91' lang='lat' dir='ltr'><strong>qui</strong></span> <span class='ocrx_word' id='word_1_377' title='bbox 2383 668 2764 736; x_wconf 81' lang='lat' dir='ltr'><strong>comprehensi</strong></span> <span class='ocrx_word' id='word_1_378' title='bbox 2797 666 3013 724; x_wconf 75' lang='lat' dir='ltr'><strong>fuerant</strong></span> <span class='ocrx_word' id='word_1_379' title='bbox 3037 668 3348 723; x_wconf 81' lang='lat' dir='ltr'><strong>inmedium</strong></span> <span class='ocrx_word' id='word_1_380' title='bbox 3378 669 3676 726; x_wconf 84' lang='lat' dir='ltr'><strong>adducunt.</strong></span> 
     </span>
    </p>
   </div>
   <div class='ocr_carea' id='block_1_60' title="bbox 2103 759 3684 828">
    <p class='ocr_par' dir='ltr' id='par_1_60' title="bbox 2103 759 3684 828">
     <span class='ocr_line' id='line_1_60' title="bbox 2103 759 3684 828; baseline 0.002 -15"><span class='ocrx_word' id='word_1_381' title='bbox 2103 759 2229 826; x_wconf 82' lang='lat' dir='ltr'><strong>Qui,</strong></span> <span class='ocrx_word' id='word_1_382' title='bbox 2267 760 2372 813; x_wconf 88' lang='lat' dir='ltr'><strong>vim</strong></span> <span class='ocrx_word' id='word_1_383' title='bbox 2398 759 2690 814; x_wconf 78' lang='lat' dir='ltr'><strong>verberum</strong></span> <span class='ocrx_word' id='word_1_384' title='bbox 2744 774 2852 812; x_wconf 87' lang='lat' dir='ltr'><strong>non</strong></span> <span class='ocrx_word' id='word_1_385' title='bbox 2897 771 3242 828; x_wconf 80' lang='lat' dir='ltr'><strong>exspectans,</strong></span> <span class='ocrx_word' id='word_1_386' title='bbox 3270 760 3564 814; x_wconf 81' lang='lat' dir='ltr'><strong>conﬂatum</strong></span> <span class='ocrx_word' id='word_1_387' title='bbox 3601 763 3684 816; x_wconf 81' lang='lat' dir='ltr'><strong>Ia-</strong></span> 
     </span>
    </p>
   </div>
   <div class='ocr_carea' id='block_1_61' title="bbox 2102 850 3683 924">
    <p class='ocr_par' dir='ltr' id='par_1_61' title="bbox 2102 850 3683 924">
     <span class='ocr_line' id='line_1_61' title="bbox 2102 850 3683 924; baseline 0.002 -20"><span class='ocrx_word' id='word_1_388' title='bbox 2102 851 2266 904; x_wconf 79' lang='lat' dir='ltr'><strong>cinus</strong></span> <span class='ocrx_word' id='word_1_389' title='bbox 2316 850 2599 920; x_wconf 73' lang='lat' dir='ltr'><strong>patefecit,</strong></span> <span class='ocrx_word' id='word_1_390' title='bbox 2649 858 2705 905; x_wconf 88' lang='lat' dir='ltr'><strong>et</strong></span> <span class='ocrx_word' id='word_1_391' title='bbox 2757 851 3036 918; x_wconf 80' lang='lat' dir='ltr'><strong>Onagrum</strong></span> <span class='ocrx_word' id='word_1_392' title='bbox 3089 851 3204 905; x_wconf 70' lang='lat' dir='ltr'><strong>luce</strong></span> <span class='ocrx_word' id='word_1_393' title='bbox 3253 853 3438 905; x_wconf 84' lang='lat' dir='ltr'><strong>omnia</strong></span> <span class='ocrx_word' id='word_1_394' title='bbox 3497 870 3683 924; x_wconf 72' lang='lat' dir='ltr'><strong>perpe-</strong></span> 
     </span>
    </p>
   </div>
   <div class='ocr_carea' id='block_1_62' title="bbox 2104 940 3675 1012">
    <p class='ocr_par' dir='ltr' id='par_1_62' title="bbox 2104 940 3675 1012">
     <span class='ocr_line' id='line_1_62' title="bbox 2104 940 3675 1012; baseline 0.001 -17"><span class='ocrx_word' id='word_1_395' title='bbox 2104 948 2284 998; x_wconf 84' lang='lat' dir='ltr'><strong>trasse.</strong></span> <span class='ocrx_word' id='word_1_396' title='bbox 2325 941 2618 998; x_wconf 77' lang='lat' dir='ltr'><strong>confessus</strong></span> <span class='ocrx_word' id='word_1_397' title='bbox 2665 949 2771 996; x_wconf 91' lang='lat' dir='ltr'><strong>est.</strong></span> <span class='ocrx_word' id='word_1_398' title='bbox 2811 940 2859 996; x_wconf 88' lang='lat' dir='ltr'><strong>Is</strong></span> <span class='ocrx_word' id='word_1_399' title='bbox 2899 956 3029 995; x_wconf 88' lang='lat' dir='ltr'><strong>vero</strong></span> <span class='ocrx_word' id='word_1_400' title='bbox 3073 941 3382 1010; x_wconf 81' lang='lat' dir='ltr'><strong>productus</strong></span> <span class='ocrx_word' id='word_1_401' title='bbox 3448 942 3675 1012; x_wconf 83' lang='lat' dir='ltr'><strong>Stepha-</strong></span> 
     </span>
    </p>
   </div>
   <div class='ocr_carea' id='block_1_63' title="bbox 2102 1032 3679 1104">
    <p class='ocr_par' dir='ltr' id='par_1_63' title="bbox 2102 1032 3679 1104">
     <span class='ocr_line' id='line_1_63' title="bbox 2102 1032 3679 1104; baseline -0.001 -15"><span class='ocrx_word' id='word_1_402' title='bbox 2102 1050 2232 1089; x_wconf 83' lang='lat' dir='ltr'><strong>num</strong></span> <span class='ocrx_word' id='word_1_403' title='bbox 2300 1034 2436 1089; x_wconf 76' lang='lat' dir='ltr'><strong>dixit</strong></span> <span class='ocrx_word' id='word_1_404' title='bbox 2503 1034 2850 1104; x_wconf 64' lang='lat' dir='ltr'><strong>pracepisse.</strong></span> <span class='ocrx_word' id='word_1_405' title='bbox 2917 1032 2996 1086; x_wconf 85' lang='lat' dir='ltr'><strong>Ad</strong></span> <span class='ocrx_word' id='word_1_406' title='bbox 3059 1032 3206 1086; x_wconf 85' lang='lat' dir='ltr'><strong>hunc</strong></span> <span class='ocrx_word' id='word_1_407' title='bbox 3262 1046 3392 1102; x_wconf 75' lang='lat' dir='ltr'><strong>ergo</strong></span> <span class='ocrx_word' id='word_1_408' title='bbox 3459 1034 3679 1087; x_wconf 83' lang='lat' dir='ltr'><strong>modum</strong></span> 
     </span>
    </p>
   </div>
   <div class='ocr_carea' id='block_1_64' title="bbox 2104 1122 3682 1196">
    <p class='ocr_par' dir='ltr' id='par_1_64' title="bbox 2104 1122 3682 1196">
     <span class='ocr_line' id='line_1_64' title="bbox 2104 1122 3682 1196; baseline -0.001 -16"><span class='ocrx_word' id='word_1_409' title='bbox 2104 1133 2394 1196; x_wconf 86' lang='lat' dir='ltr'><strong>perspecta</strong></span> <span class='ocrx_word' id='word_1_410' title='bbox 2436 1125 2790 1195; x_wconf 84' lang='lat' dir='ltr'><strong>improbitate</strong></span> <span class='ocrx_word' id='word_1_411' title='bbox 2827 1122 3107 1193; x_wconf 73' lang='lat' dir='ltr'><strong>Stephani,</strong></span> <span class='ocrx_word' id='word_1_412' title='bbox 3147 1123 3524 1193; x_wconf 72' lang='lat' dir='ltr'><strong>prtesentibus</strong></span> <span class='ocrx_word' id='word_1_413' title='bbox 3553 1135 3682 1179; x_wconf 87' lang='lat' dir='ltr'><strong>Illth</strong></span> 
     </span>
    </p>
   </div>
   <div class='ocr_carea' id='block_1_65' title="bbox 2101 1214 3685 1287">
    <p class='ocr_par' dir='ltr' id='par_1_65' title="bbox 2101 1214 3685 1287">
     <span class='ocr_line' id='line_1_65' title="bbox 2101 1214 3685 1287; baseline -0.001 -16"><span class='ocrx_word' id='word_1_414' title='bbox 2101 1216 2378 1287; x_wconf 81' lang='lat' dir='ltr'><strong>episcOpis</strong></span> <span class='ocrx_word' id='word_1_415' title='bbox 2399 1224 2460 1271; x_wconf 82' lang='lat' dir='ltr'><strong>ut</strong></span> <span class='ocrx_word' id='word_1_416' title='bbox 2503 1233 2628 1271; x_wconf 82' lang='lat' dir='ltr'><strong>eum</strong></span> <span class='ocrx_word' id='word_1_417' title='bbox 2659 1216 3001 1287; x_wconf 83' lang='lat' dir='ltr'><strong>deponerent-</strong></span> <span class='ocrx_word' id='word_1_418' title='bbox 3037 1217 3383 1279; x_wconf 72' lang='lat' dir='ltr'><strong>mandarunt,</strong></span> <span class='ocrx_word' id='word_1_419' title='bbox 3409 1225 3462 1270; x_wconf 90' lang='lat' dir='ltr'><strong>et</strong></span> <span class='ocrx_word' id='word_1_420' title='bbox 3508 1214 3685 1270; x_wconf 87' lang='lat' dir='ltr'><strong>Eccle-</strong></span> 
     </span>
    </p>
   </div>
   <div class='ocr_carea' id='block_1_66' title="bbox 2103 1307 3684 1377">
    <p class='ocr_par' dir='ltr' id='par_1_66' title="bbox 2103 1307 3684 1377">
     <span class='ocr_line' id='line_1_66' title="bbox 2103 1307 3684 1377; baseline 0 -14"><span class='ocrx_word' id='word_1_421' title='bbox 2103 1307 2186 1363; x_wconf 88' lang='lat' dir='ltr'><strong>sia</strong></span> <span class='ocrx_word' id='word_1_422' title='bbox 2213 1307 2516 1377; x_wconf 73' lang='lat' dir='ltr'><strong>eiecerunt.</strong></span> <span class='ocrx_word' id='word_1_423' title='bbox 2551 1307 2664 1363; x_wconf 78' lang='lat' dir='ltr'><strong>Nec</strong></span> <span class='ocrx_word' id='word_1_424' title='bbox 2702 1309 2926 1363; x_wconf 88' lang='lat' dir='ltr'><strong>omnino</strong></span> <span class='ocrx_word' id='word_1_425' title='bbox 2959 1315 3140 1360; x_wconf 85' lang='lat' dir='ltr'><strong>tamen</strong></span> <span class='ocrx_word' id='word_1_426' title='bbox 3188 1307 3257 1360; x_wconf 92' lang='lat' dir='ltr'><strong>ab</strong></span> <span class='ocrx_word' id='word_1_427' title='bbox 3289 1307 3494 1361; x_wconf 82' lang='lat' dir='ltr'><strong>Ariana</strong></span> <span class='ocrx_word' id='word_1_428' title='bbox 3532 1318 3684 1376; x_wconf 81' lang='lat' dir='ltr'><strong>peste</strong></span> 
     </span>
    </p>
   </div>
   <div class='ocr_carea' id='block_1_67' title="bbox 2103 1393 3680 1468">
    <p class='ocr_par' dir='ltr' id='par_1_67' title="bbox 2103 1393 3680 1468">
     <span class='ocr_line' id='line_1_67' title="bbox 2103 1393 3680 1468; baseline 0.004 -22"><span class='ocrx_word' id='word_1_429' title='bbox 2103 1393 2353 1450; x_wconf 80' lang='lat' dir='ltr'><strong>Ecclesia</strong></span> <span class='ocrx_word' id='word_1_430' title='bbox 2381 1396 2615 1451; x_wconf 87' lang='lat' dir='ltr'><strong>liberata</strong></span> <span class='ocrx_word' id='word_1_431' title='bbox 2653 1406 2761 1452; x_wconf 88' lang='lat' dir='ltr'><strong>est.</strong></span> <span class='ocrx_word' id='word_1_432' title='bbox 2786 1394 2928 1468; x_wconf 43' lang='lat' dir='ltr'><strong>.Nam</strong></span> <span class='ocrx_word' id='word_1_433' title='bbox 2957 1395 3220 1452; x_wconf 87' lang='lat' dir='ltr'><strong>Leontius</strong></span> <span class='ocrx_word' id='word_1_434' title='bbox 3260 1405 3379 1466; x_wconf 87' lang='lat' dir='ltr'><strong>post</strong></span> <span class='ocrx_word' id='word_1_435' title='bbox 3409 1398 3560 1450; x_wconf 91' lang='lat' dir='ltr'><strong>illum</strong></span> <span class='ocrx_word' id='word_1_436' title='bbox 3592 1413 3680 1452; x_wconf 85' lang='lat' dir='ltr'><strong>sc-</strong></span> 
     </span>
    </p>
   </div>
   <div class='ocr_carea' id='block_1_68' title="bbox 2107 1487 3679 1560">
    <p class='ocr_par' dir='ltr' id='par_1_68' title="bbox 2107 1487 3679 1560">
     <span class='ocr_line' id='line_1_68' title="bbox 2107 1487 3679 1560; baseline 0.002 -18"><span class='ocrx_word' id='word_1_437' title='bbox 2107 1487 2230 1542; x_wconf 91' lang='lat' dir='ltr'><strong>dem</strong></span> <span class='ocrx_word' id='word_1_438' title='bbox 2263 1487 2527 1556; x_wconf 85' lang='lat' dir='ltr'><strong>obtinuit,</strong></span> <span class='ocrx_word' id='word_1_439' title='bbox 2573 1489 2658 1543; x_wconf 90' lang='lat' dir='ltr'><strong>vir</strong></span> <span class='ocrx_word' id='word_1_440' title='bbox 2699 1503 2900 1559; x_wconf 76' lang='lat' dir='ltr'><strong>genere</strong></span> <span class='ocrx_word' id='word_1_441' title='bbox 2945 1487 3370 1560; x_wconf 65' lang='lat' dir='ltr'><strong>Phryx,animo</strong></span> <span class='ocrx_word' id='word_1_442' title='bbox 3421 1500 3679 1545; x_wconf 82' lang='lat' dir='ltr'><strong>versutus</strong></span> 
     </span>
    </p>
   </div>
   <div class='ocr_carea' id='block_1_69' title="bbox 2104 1579 3677 1649">
    <p class='ocr_par' dir='ltr' id='par_1_69' title="bbox 2104 1579 3677 1649">
     <span class='ocr_line' id='line_1_69' title="bbox 2104 1579 3677 1649; baseline 0.001 -17"><span class='ocrx_word' id='word_1_443' title='bbox 2104 1586 2159 1632; x_wconf 88' lang='lat' dir='ltr'><strong>et</strong></span> <span class='ocrx_word' id='word_1_444' title='bbox 2182 1585 2384 1644; x_wconf 87' lang='lat' dir='ltr'><strong>tectus,</strong></span> <span class='ocrx_word' id='word_1_445' title='bbox 2411 1579 2672 1649; x_wconf 63' lang='lat' dir='ltr'><strong>saxisque</strong></span> <span class='ocrx_word' id='word_1_446' title='bbox 2697 1580 2751 1634; x_wconf 90' lang='lat' dir='ltr'><strong>in</strong></span> <span class='ocrx_word' id='word_1_447' title='bbox 2774 1581 2914 1635; x_wconf 89' lang='lat' dir='ltr'><strong>mari</strong></span> <span class='ocrx_word' id='word_1_448' title='bbox 2937 1581 3234 1638; x_wconf 82' lang='lat' dir='ltr'><strong>latentibus</strong></span> <span class='ocrx_word' id='word_1_449' title='bbox 3259 1581 3543 1636; x_wconf 86' lang='lat' dir='ltr'><strong>assimilis.</strong></span> <span class='ocrx_word' id='word_1_450' title='bbox 3570 1579 3677 1636; x_wconf 85' lang='lat' dir='ltr'><strong>Sed</strong></span> 
     </span>
    </p>
   </div>
   <div class='ocr_carea' id='block_1_70' title="bbox 2102 1670 2900 1742">
    <p class='ocr_par' dir='ltr' id='par_1_70' title="bbox 2102 1670 2900 1742">
     <span class='ocr_line' id='line_1_70' title="bbox 2102 1670 2900 1742; baseline 0.004 -17"><span class='ocrx_word' id='word_1_451' title='bbox 2102 1670 2170 1726; x_wconf 84' lang='lat' dir='ltr'><strong>de</strong></span> <span class='ocrx_word' id='word_1_452' title='bbox 2195 1671 2302 1728; x_wconf 87' lang='lat' dir='ltr'><strong>isto</strong></span> <span class='ocrx_word' id='word_1_453' title='bbox 2335 1671 2497 1742; x_wconf 88' lang='lat' dir='ltr'><strong>paulo</strong></span> <span class='ocrx_word' id='word_1_454' title='bbox 2537 1681 2662 1742; x_wconf 85' lang='lat' dir='ltr'><strong>post</strong></span> <span class='ocrx_word' id='word_1_455' title='bbox 2695 1671 2900 1728; x_wconf 90' lang='lat' dir='ltr'><strong>dicam.</strong></span> 
     </span>
    </p>
   </div>
   <div class='ocr_carea' id='block_1_71' title="bbox 2751 1850 3048 1912">
    <p class='ocr_par' dir='ltr' id='par_1_71' title="bbox 2751 1850 3048 1912">
     <span class='ocr_line' id='line_1_71' title="bbox 2751 1850 3048 1912; baseline 0.017 -5"><span class='ocrx_word' id='word_1_456' title='bbox 2751 1850 2904 1908; x_wconf 83' lang='lat' dir='ltr'><strong>CAP.</strong></span> <span class='ocrx_word' id='word_1_457' title='bbox 2955 1851 3048 1912; x_wconf 71' lang='lat' dir='ltr'><strong>IX.</strong></span> 
     </span>
    </p>
   </div>
   <div class='ocr_carea' id='block_1_72' title="bbox 2310 1942 3461 2002">
    <p class='ocr_par' dir='ltr' id='par_1_72' title="bbox 2310 1942 3461 2002">
     <span class='ocr_line' id='line_1_72' title="bbox 2310 1942 3461 2002; baseline 0.002 -4"><span class='ocrx_word' id='word_1_458' title='bbox 2310 1942 2388 1998; x_wconf 80' lang='lat' dir='ltr'><strong>De</strong></span> <span class='ocrx_word' id='word_1_459' title='bbox 2435 1944 2664 2000; x_wconf 75' lang='lat' dir='ltr'><strong>secundo</strong></span> <span class='ocrx_word' id='word_1_460' title='bbox 2725 1945 2898 2000; x_wconf 81' lang='lat' dir='ltr'><strong>reditu</strong></span> <span class='ocrx_word' id='word_1_461' title='bbox 2939 1946 3112 2002; x_wconf 72' lang='lat' dir='ltr'><strong>sancti</strong></span> <span class='ocrx_word' id='word_1_462' title='bbox 3156 1945 3461 2000; x_wconf 73' lang='lat' dir='ltr'><strong>Athanasii.</strong></span> 
     </span>
    </p>
   </div>
   <div class='ocr_carea' id='block_1_73' title="bbox 2170 2089 3672 2174">
    <p class='ocr_par' dir='ltr' id='par_1_73' title="bbox 2170 2089 3672 2174">
     <span class='ocr_line' id='line_1_73' title="bbox 2170 2089 3672 2174; baseline 0.001 -20"><span class='ocrx_word' id='word_1_463' title='bbox 2170 2099 2326 2156; x_wconf 88' lang='lat' dir='ltr'><strong>Tunc</strong></span> <span class='ocrx_word' id='word_1_464' title='bbox 2365 2117 2495 2155; x_wconf 90' lang='lat' dir='ltr'><strong>vero</strong></span> <span class='ocrx_word' id='word_1_465' title='bbox 2542 2102 2922 2167; x_wconf 80' lang='lat' dir='ltr'><strong>Constantius,</strong></span> <span class='ocrx_word' id='word_1_466' title='bbox 2951 2117 3075 2157; x_wconf 91' lang='lat' dir='ltr'><strong>cum</strong></span> <span class='ocrx_word' id='word_1_467' title='bbox 3109 2089 3232 2174; x_wconf 68' lang='lat' dir='ltr'><strong>qum</strong></span> <span class='ocrx_word' id='word_1_468' title='bbox 3290 2101 3672 2156; x_wconf 79' lang='lat' dir='ltr'><strong>fraudulenter</strong></span> 
     </span>
    </p>
   </div>
   <div class='ocr_carea' id='block_1_74' title="bbox 2099 2192 3674 2265">
    <p class='ocr_par' dir='ltr' id='par_1_74' title="bbox 2099 2192 3674 2265">
     <span class='ocr_line' id='line_1_74' title="bbox 2099 2192 3674 2265; baseline 0.001 -20"><span class='ocrx_word' id='word_1_469' title='bbox 2099 2192 2367 2248; x_wconf 87' lang='lat' dir='ltr'><strong>adversus</strong></span> <span class='ocrx_word' id='word_1_470' title='bbox 2417 2193 2702 2264; x_wconf 84' lang='lat' dir='ltr'><strong>episcopos</strong></span> <span class='ocrx_word' id='word_1_471' title='bbox 2729 2195 3061 2265; x_wconf 76' lang='lat' dir='ltr'><strong>agebantur,</strong></span> <span class='ocrx_word' id='word_1_472' title='bbox 3095 2211 3153 2249; x_wconf 91' lang='lat' dir='ltr'><strong>re</strong></span> <span class='ocrx_word' id='word_1_473' title='bbox 3181 2193 3344 2264; x_wconf 79' lang='lat'><strong>853</strong></span> <span class='ocrx_word' id='word_1_474' title='bbox 3375 2194 3491 2265; x_wconf 90' lang='lat' dir='ltr'><strong>ipsa</strong></span> <span class='ocrx_word' id='word_1_475' title='bbox 3525 2210 3674 2248; x_wconf 88' lang='lat' dir='ltr'><strong>com-</strong></span> 
     </span>
    </p>
   </div>
   <div class='ocr_carea' id='block_1_75' title="bbox 2100 2285 3673 2356">
    <p class='ocr_par' dir='ltr' id='par_1_75' title="bbox 2100 2285 3673 2356">
     <span class='ocr_line' id='line_1_75' title="bbox 2100 2285 3673 2356; baseline -0.001 -17"><span class='ocrx_word' id='word_1_476' title='bbox 2100 2285 2357 2356; x_wconf 83' lang='lat' dir='ltr'><strong>perisset,</strong></span> <span class='ocrx_word' id='word_1_477' title='bbox 2386 2301 2586 2354; x_wconf 80' lang='lat' dir='ltr'><strong>magno</strong></span> <span class='ocrx_word' id='word_1_478' title='bbox 2631 2285 2934 2340; x_wconf 76' lang='lat' dir='ltr'><strong>Athanasio</strong></span> <span class='ocrx_word' id='word_1_479' title='bbox 2966 2285 3132 2340; x_wconf 83' lang='lat' dir='ltr'><strong>semel</strong></span> <span class='ocrx_word' id='word_1_480' title='bbox 3170 2293 3332 2355; x_wconf 85' lang='lat' dir='ltr'><strong>atque</strong></span> <span class='ocrx_word' id='word_1_481' title='bbox 3372 2285 3571 2340; x_wconf 87' lang='lat' dir='ltr'><strong>iterum</strong></span> <span class='ocrx_word' id='word_1_482' title='bbox 3618 2293 3673 2338; x_wconf 88' lang='lat' dir='ltr'><strong>et</strong></span> 
     </span>
    </p>
   </div>
   <div class='ocr_carea' id='block_1_76' title="bbox 2101 2373 3674 2445">
    <p class='ocr_par' dir='ltr' id='par_1_76' title="bbox 2101 2373 3674 2445">
     <span class='ocr_line' id='line_1_76' title="bbox 2101 2373 3674 2445; baseline -0.003 -15"><span class='ocrx_word' id='word_1_483' title='bbox 2101 2376 2266 2430; x_wconf 86' lang='lat' dir='ltr'><strong>tertio</strong></span> <span class='ocrx_word' id='word_1_484' title='bbox 2315 2376 2536 2445; x_wconf 84' lang='lat' dir='ltr'><strong>scripsit</strong></span> <span class='ocrx_word' id='word_1_485' title='bbox 2578 2375 2820 2430; x_wconf 87' lang='lat' dir='ltr'><strong>invitans</strong></span> <span class='ocrx_word' id='word_1_486' title='bbox 2860 2384 2919 2429; x_wconf 93' lang='lat' dir='ltr'><strong>ut</strong></span> <span class='ocrx_word' id='word_1_487' title='bbox 2973 2375 3044 2430; x_wconf 85' lang='lat' dir='ltr'><strong>ab</strong></span> <span class='ocrx_word' id='word_1_488' title='bbox 3071 2373 3368 2430; x_wconf 85' lang='lat' dir='ltr'><strong>Occidente</strong></span> <span class='ocrx_word' id='word_1_489' title='bbox 3412 2375 3674 2445; x_wconf 82' lang='lat' dir='ltr'><strong>remigra-</strong></span> 
     </span>
    </p>
   </div>
   <div class='ocr_carea' id='block_1_77' title="bbox 2099 2465 3672 2538">
    <p class='ocr_par' dir='ltr' id='par_1_77' title="bbox 2099 2465 3672 2538">
     <span class='ocr_line' id='line_1_77' title="bbox 2099 2465 3672 2538; baseline -0.001 -16"><span class='ocrx_word' id='word_1_490' title='bbox 2099 2475 2200 2523; x_wconf 92' lang='lat' dir='ltr'><strong>ret.</strong></span> <span class='ocrx_word' id='word_1_491' title='bbox 2261 2466 2463 2521; x_wconf 88' lang='lat' dir='ltr'><strong>llarum</strong></span> <span class='ocrx_word' id='word_1_492' title='bbox 2501 2483 2604 2538; x_wconf 76' lang='lat' dir='ltr'><strong>ego</strong></span> <span class='ocrx_word' id='word_1_493' title='bbox 2631 2468 2990 2537; x_wconf 83' lang='lat' dir='ltr'><strong>epistolarum</strong></span> <span class='ocrx_word' id='word_1_494' title='bbox 3032 2467 3290 2534; x_wconf 82' lang='lat' dir='ltr'><strong>mediam,</strong></span> <span class='ocrx_word' id='word_1_495' title='bbox 3341 2483 3464 2538; x_wconf 78' lang='lat' dir='ltr'><strong>qua:</strong></span> <span class='ocrx_word' id='word_1_496' title='bbox 3493 2465 3672 2522; x_wconf 83' lang='lat' dir='ltr'><strong>brevis</strong></span> 
     </span>
    </p>
   </div>
   <div class='ocr_carea' id='block_1_78' title="bbox 2098 2560 2825 2624">
    <p class='ocr_par' dir='ltr' id='par_1_78' title="bbox 2098 2560 2825 2624">
     <span class='ocr_line' id='line_1_78' title="bbox 2098 2560 2825 2624; baseline -0.006 -8"><span class='ocrx_word' id='word_1_497' title='bbox 2098 2569 2201 2624; x_wconf 86' lang='lat' dir='ltr'><strong>est,</strong></span> <span class='ocrx_word' id='word_1_498' title='bbox 2231 2560 2467 2613; x_wconf 82' lang='lat' dir='ltr'><strong>intcxam</strong></span> <span class='ocrx_word' id='word_1_499' title='bbox 2503 2560 2825 2614; x_wconf 83' lang='lat' dir='ltr'><strong>narrationi.</strong></span> 
     </span>
    </p>
   </div>
   <div class='ocr_carea' id='block_1_79' title="bbox 2170 2649 3669 2723">
    <p class='ocr_par' dir='ltr' id='par_1_79' title="bbox 2170 2649 3669 2723">
     <span class='ocr_line' id='line_1_79' title="bbox 2170 2649 3669 2723; baseline 0.003 -21"><span class='ocrx_word' id='word_1_500' title='bbox 2170 2649 2255 2722; x_wconf 78' lang='grc' dir='ltr'><strong>[Β.</strong></span> <span class='ocrx_word' id='word_1_501' title='bbox 2289 2649 2373 2705; x_wconf 91' lang='lat' dir='ltr'><strong>St.</strong></span> <span class='ocrx_word' id='word_1_502' title='bbox 2400 2649 2500 2704; x_wconf 89' lang='lat' dir='ltr'><strong>Ch.</strong></span> <span class='ocrx_word' id='word_1_503' title='bbox 2532 2651 2592 2705; x_wconf 82' lang='lat' dir='ltr'><strong>V.</strong></span> <span class='ocrx_word' id='word_1_504' title='bbox 2630 2649 2718 2723; x_wconf 79' lang='grc' dir='ltr'><strong>ιι.]</strong></span> <span class='ocrx_word' id='word_1_505' title='bbox 2746 2650 3107 2708; x_wconf 82' lang='lat' dir='ltr'><strong>Constantius</strong></span> <span class='ocrx_word' id='word_1_506' title='bbox 3136 2652 3338 2716; x_wconf 84' lang='lat' dir='ltr'><strong>victor,</strong></span> <span class='ocrx_word' id='word_1_507' title='bbox 3367 2649 3669 2722; x_wconf 81' lang='lat' dir='ltr'><strong>Augustus,</strong></span> 
     </span>
    </p>
   </div>
   <div class='ocr_carea' id='block_1_80' title="bbox 2101 2742 2415 2798">
    <p class='ocr_par' dir='ltr' id='par_1_80' title="bbox 2101 2742 2415 2798">
     <span class='ocr_line' id='line_1_80' title="bbox 2101 2742 2415 2798; baseline 0.006 -2"><span class='ocrx_word' id='word_1_508' title='bbox 2101 2742 2415 2798; x_wconf 82' lang='lat' dir='ltr'><strong>Athanasio.</strong></span> 
     </span>
    </p>
   </div>
   <div class='ocr_carea' id='block_1_81' title="bbox 2171 2831 3672 2906">
    <p class='ocr_par' dir='ltr' id='par_1_81' title="bbox 2171 2831 3672 2906">
     <span class='ocr_line' id='line_1_81' title="bbox 2171 2831 3672 2906; baseline 0.001 -21"><span class='ocrx_word' id='word_1_509' title='bbox 2171 2831 2321 2886; x_wconf 87' lang='lat' dir='ltr'><strong>Licet</strong></span> <span class='ocrx_word' id='word_1_510' title='bbox 2365 2831 2646 2902; x_wconf 88' lang='lat' dir='ltr'><strong>prioribus</strong></span> <span class='ocrx_word' id='word_1_511' title='bbox 2677 2831 2874 2889; x_wconf 86' lang='lat' dir='ltr'><strong>litteris</strong></span> <span class='ocrx_word' id='word_1_512' title='bbox 2904 2831 3426 2906; x_wconf 65' lang='lat' dir='ltr'><strong>signiﬁcaverimus,</strong></span> <span class='ocrx_word' id='word_1_513' title='bbox 3462 2841 3522 2887; x_wconf 90' lang='lat' dir='ltr'><strong>ut</strong></span> <span class='ocrx_word' id='word_1_514' title='bbox 3552 2833 3672 2888; x_wconf 84' lang='lat' dir='ltr'><strong>sine</strong></span> 
     </span>
    </p>
   </div>
   <div class='ocr_carea' id='block_1_82' title="bbox 2099 2924 3671 2989">
    <p class='ocr_par' dir='ltr' id='par_1_82' title="bbox 2099 2924 3671 2989">
     <span class='ocr_line' id='line_1_82' title="bbox 2099 2924 3671 2989; baseline -0.002 -8"><span class='ocrx_word' id='word_1_515' title='bbox 2099 2924 2484 2981; x_wconf 86' lang='lat' dir='ltr'><strong>sollicitudine</strong></span> <span class='ocrx_word' id='word_1_516' title='bbox 2538 2924 2606 2978; x_wconf 88' lang='lat' dir='ltr'><strong>ad</strong></span> <span class='ocrx_word' id='word_1_517' title='bbox 2661 2932 2912 2980; x_wconf 91' lang='lat' dir='ltr'><strong>nostrum</strong></span> <span class='ocrx_word' id='word_1_518' title='bbox 2948 2927 3166 2980; x_wconf 80' lang='lat' dir='ltr'><strong>venires</strong></span> <span class='ocrx_word' id='word_1_519' title='bbox 3205 2925 3547 2989; x_wconf 79' lang='lat' dir='ltr'><strong>comitatum,</strong></span> <span class='ocrx_word' id='word_1_520' title='bbox 3603 2939 3671 2978; x_wconf 92' lang='lat' dir='ltr'><strong>eo</strong></span> 
     </span>
    </p>
   </div>
   <div class='ocr_carea' id='block_1_83' title="bbox 2103 3015 3669 3088">
    <p class='ocr_par' dir='ltr' id='par_1_83' title="bbox 2103 3015 3669 3088">
     <span class='ocr_line' id='line_1_83' title="bbox 2103 3015 3669 3088; baseline 0.001 -18"><span class='ocrx_word' id='word_1_521' title='bbox 2103 3015 2246 3088; x_wconf 89' lang='lat' dir='ltr'><strong>quod</strong></span> <span class='ocrx_word' id='word_1_522' title='bbox 2282 3016 2516 3070; x_wconf 84' lang='lat' dir='ltr'><strong>maxime</strong></span> <span class='ocrx_word' id='word_1_523' title='bbox 2547 3016 2778 3072; x_wconf 82' lang='lat' dir='ltr'><strong>velimus</strong></span> <span class='ocrx_word' id='word_1_524' title='bbox 2823 3022 2877 3072; x_wconf 85' lang='lat' dir='ltr'><strong>te</strong></span> <span class='ocrx_word' id='word_1_525' title='bbox 2931 3016 2997 3072; x_wconf 87' lang='lat' dir='ltr'><strong>ad</strong></span> <span class='ocrx_word' id='word_1_526' title='bbox 3033 3017 3311 3088; x_wconf 82' lang='lat' dir='ltr'><strong>propriam</strong></span> <span class='ocrx_word' id='word_1_527' title='bbox 3351 3017 3534 3072; x_wconf 89' lang='lat' dir='ltr'><strong>sedem</strong></span> <span class='ocrx_word' id='word_1_528' title='bbox 3572 3015 3669 3071; x_wconf 89' lang='lat' dir='ltr'><strong>de-</strong></span> 
     </span>
    </p>
   </div>
   <div class='ocr_carea' id='block_1_84' title="bbox 2097 3106 3670 3172">
    <p class='ocr_par' dir='ltr' id='par_1_84' title="bbox 2097 3106 3670 3172">
     <span class='ocr_line' id='line_1_84' title="bbox 2097 3106 3670 3172; baseline 0.002 -11"><span class='ocrx_word' id='word_1_529' title='bbox 2097 3106 2305 3162; x_wconf 82' lang='lat' dir='ltr'><strong>stinare</strong></span> <span class='ocrx_word' id='word_1_530' title='bbox 2327 3145 2343 3172; x_wconf 89' lang='lat'><strong>,</strong></span> <span class='ocrx_word' id='word_1_531' title='bbox 2379 3115 2558 3162; x_wconf 88' lang='lat' dir='ltr'><strong>tamen</strong></span> <span class='ocrx_word' id='word_1_532' title='bbox 2582 3123 2726 3162; x_wconf 87' lang='lat' dir='ltr'><strong>nunc</strong></span> <span class='ocrx_word' id='word_1_533' title='bbox 2755 3108 2915 3162; x_wconf 87' lang='lat' dir='ltr'><strong>etiam</strong></span> <span class='ocrx_word' id='word_1_534' title='bbox 2943 3108 3043 3162; x_wconf 90' lang='lat' dir='ltr'><strong>has</strong></span> <span class='ocrx_word' id='word_1_535' title='bbox 3067 3109 3278 3164; x_wconf 84' lang='lat' dir='ltr'><strong>litteras</strong></span> <span class='ocrx_word' id='word_1_536' title='bbox 3311 3107 3378 3164; x_wconf 88' lang='lat' dir='ltr'><strong>ad</strong></span> <span class='ocrx_word' id='word_1_537' title='bbox 3399 3117 3546 3162; x_wconf 88' lang='lat' dir='ltr'><strong>tuam</strong></span> <span class='ocrx_word' id='word_1_538' title='bbox 3571 3108 3670 3164; x_wconf 85' lang='lat' dir='ltr'><strong>de-</strong></span> 
     </span>
    </p>
   </div>
   <div class='ocr_carea' id='block_1_85' title="bbox 2095 3195 3670 3270">
    <p class='ocr_par' dir='ltr' id='par_1_85' title="bbox 2095 3195 3670 3270">
     <span class='ocr_line' id='line_1_85' title="bbox 2095 3195 3670 3270; baseline 0.001 -18"><span class='ocrx_word' id='word_1_539' title='bbox 2095 3197 2278 3253; x_wconf 88' lang='lat' dir='ltr'><strong>dimus</strong></span> <span class='ocrx_word' id='word_1_540' title='bbox 2331 3199 2676 3268; x_wconf 82' lang='lat' dir='ltr'><strong>gravitatem,</strong></span> <span class='ocrx_word' id='word_1_541' title='bbox 2725 3195 2821 3269; x_wconf 81' lang='lat' dir='ltr'><strong>per</strong></span> <span class='ocrx_word' id='word_1_542' title='bbox 2866 3214 3005 3270; x_wconf 90' lang='lat' dir='ltr'><strong>quas</strong></span> <span class='ocrx_word' id='word_1_543' title='bbox 3067 3201 3395 3262; x_wconf 87' lang='lat' dir='ltr'><strong>invitamus,</strong></span> <span class='ocrx_word' id='word_1_544' title='bbox 3449 3209 3504 3253; x_wconf 91' lang='lat' dir='ltr'><strong>ut</strong></span> <span class='ocrx_word' id='word_1_545' title='bbox 3550 3199 3670 3254; x_wconf 84' lang='lat' dir='ltr'><strong>sine</strong></span> 
     </span>
    </p>
   </div>
   <div class='ocr_carea' id='block_1_86' title="bbox 2097 3290 3671 3362">
    <p class='ocr_par' dir='ltr' id='par_1_86' title="bbox 2097 3290 3671 3362">
     <span class='ocr_line' id='line_1_86' title="bbox 2097 3290 3671 3362; baseline 0.001 -18"><span class='ocrx_word' id='word_1_546' title='bbox 2097 3291 2206 3344; x_wconf 89' lang='lat' dir='ltr'><strong>ulla</strong></span> <span class='ocrx_word' id='word_1_547' title='bbox 2229 3290 2525 3346; x_wconf 83' lang='lat' dir='ltr'><strong>diﬂidentia</strong></span> <span class='ocrx_word' id='word_1_548' title='bbox 2561 3292 2639 3348; x_wconf 89' lang='lat' dir='ltr'><strong>vel</strong></span> <span class='ocrx_word' id='word_1_549' title='bbox 2663 3302 2810 3348; x_wconf 87' lang='lat' dir='ltr'><strong>metu</strong></span> <span class='ocrx_word' id='word_1_550' title='bbox 2879 3291 3097 3362; x_wconf 86' lang='lat' dir='ltr'><strong>publica</strong></span> <span class='ocrx_word' id='word_1_551' title='bbox 3125 3292 3373 3347; x_wconf 87' lang='lat' dir='ltr'><strong>vehicula</strong></span> <span class='ocrx_word' id='word_1_552' title='bbox 3403 3307 3671 3346; x_wconf 85' lang='lat' dir='ltr'><strong>conscen-</strong></span> 
     </span>
    </p>
   </div>
   <div class='ocr_carea' id='block_1_87' title="bbox 2095 3381 3669 3453">
    <p class='ocr_par' dir='ltr' id='par_1_87' title="bbox 2095 3381 3669 3453">
     <span class='ocr_line' id='line_1_87' title="bbox 2095 3381 3669 3453; baseline 0.001 -16"><span class='ocrx_word' id='word_1_553' title='bbox 2095 3383 2216 3445; x_wconf 89' lang='lat' dir='ltr'><strong>das,</strong></span> <span class='ocrx_word' id='word_1_554' title='bbox 2257 3391 2312 3437; x_wconf 86' lang='lat' dir='ltr'><strong>et</strong></span> <span class='ocrx_word' id='word_1_555' title='bbox 2361 3381 2427 3436; x_wconf 89' lang='lat' dir='ltr'><strong>ad</strong></span> <span class='ocrx_word' id='word_1_556' title='bbox 2469 3397 2569 3437; x_wconf 92' lang='lat' dir='ltr'><strong>nos</strong></span> <span class='ocrx_word' id='word_1_557' title='bbox 2603 3383 2791 3438; x_wconf 86' lang='lat' dir='ltr'><strong>venire</strong></span> <span class='ocrx_word' id='word_1_558' title='bbox 2843 3381 3091 3448; x_wconf 80' lang='lat' dir='ltr'><strong>festines,</strong></span> <span class='ocrx_word' id='word_1_559' title='bbox 3125 3390 3186 3437; x_wconf 89' lang='lat' dir='ltr'><strong>ut</strong></span> <span class='ocrx_word' id='word_1_560' title='bbox 3223 3398 3346 3453; x_wconf 78' lang='lat' dir='ltr'><strong>qua:</strong></span> <span class='ocrx_word' id='word_1_561' title='bbox 3383 3381 3669 3439; x_wconf 82' lang='lat' dir='ltr'><strong>desideras</strong></span> 
     </span>
    </p>
   </div>
   <div class='ocr_carea' id='block_1_88' title="bbox 2095 3473 2561 3545">
    <p class='ocr_par' dir='ltr' id='par_1_88' title="bbox 2095 3473 2561 3545">
     <span class='ocr_line' id='line_1_88' title="bbox 2095 3473 2561 3545; baseline 0 -16"><span class='ocrx_word' id='word_1_562' title='bbox 2095 3474 2279 3545; x_wconf 88' lang='lat' dir='ltr'><strong>possis</strong></span> <span class='ocrx_word' id='word_1_563' title='bbox 2307 3473 2561 3544; x_wconf 83' lang='lat' dir='ltr'><strong>adipisci.</strong></span> 
     </span>
    </p>
   </div>
   <div class='ocr_carea' id='block_1_89' title="bbox 2168 3645 3668 3722">
    <p class='ocr_par' dir='ltr' id='par_1_89' title="bbox 2168 3645 3668 3722">
     <span class='ocr_line' id='line_1_89' title="bbox 2168 3645 3668 3722; baseline 0.001 -20"><span class='ocrx_word' id='word_1_564' title='bbox 2168 3647 2258 3722; x_wconf 84' lang='grc' dir='ltr'><strong>[Β.</strong></span> <span class='ocrx_word' id='word_1_565' title='bbox 2293 3649 2376 3706; x_wconf 90' lang='lat' dir='ltr'><strong>St.</strong></span> <span class='ocrx_word' id='word_1_566' title='bbox 2409 3648 2509 3704; x_wconf 87' lang='lat' dir='ltr'><strong>Ch.</strong></span> <span class='ocrx_word' id='word_1_567' title='bbox 2538 3647 2606 3703; x_wconf 81' lang='grc' dir='ltr'><strong>ν.</strong></span> <span class='ocrx_word' id='word_1_568' title='bbox 2645 3648 2712 3702; x_wconf 71' lang='grc'><strong>12</strong></span> <span class='ocrx_word' id='word_1_569' title='bbox 2740 3648 2805 3703; x_wconf 84' lang='grc'><strong>¹².</strong></span> <span class='ocrx_word' id='word_1_570' title='bbox 2835 3645 2856 3720; x_wconf 86' lang='grc'><strong>]</strong></span> <span class='ocrx_word' id='word_1_571' title='bbox 2885 3649 2901 3666; x_wconf 81' lang='grc'>⁴</span> <span class='ocrx_word' id='word_1_572' title='bbox 2928 3647 3002 3704; x_wconf 87' lang='lat' dir='ltr'><strong>Ita</strong></span> <span class='ocrx_word' id='word_1_573' title='bbox 3028 3647 3347 3703; x_wconf 87' lang='lat' dir='ltr'><strong>redeuntem</strong></span> <span class='ocrx_word' id='word_1_574' title='bbox 3373 3645 3526 3701; x_wconf 91' lang='lat' dir='ltr'><strong>illum</strong></span> <span class='ocrx_word' id='word_1_575' title='bbox 3572 3645 3668 3703; x_wconf 86' lang='lat' dir='ltr'><strong>bc-</strong></span> 
     </span>
    </p>
   </div>
   <div class='ocr_carea' id='block_1_90' title="bbox 2095 3737 3665 3812">
    <p class='ocr_par' dir='ltr' id='par_1_90' title="bbox 2095 3737 3665 3812">
     <span class='ocr_line' id='line_1_90' title="bbox 2095 3737 3665 3812; baseline -0.001 -17"><span class='ocrx_word' id='word_1_576' title='bbox 2095 3742 2258 3812; x_wconf 79' lang='lat' dir='ltr'><strong>nigue</strong></span> <span class='ocrx_word' id='word_1_577' title='bbox 2277 3741 2515 3810; x_wconf 77' lang='lat' dir='ltr'><strong>excepit,</strong></span> <span class='ocrx_word' id='word_1_578' title='bbox 2536 3747 2590 3795; x_wconf 90' lang='lat' dir='ltr'><strong>et</strong></span> <span class='ocrx_word' id='word_1_579' title='bbox 2613 3737 3042 3793; x_wconf 81' lang='lat' dir='ltr'><strong>Alexandrinam</strong></span> <span class='ocrx_word' id='word_1_580' title='bbox 3085 3737 3388 3794; x_wconf 85' lang='lat' dir='ltr'><strong>Ecclesiam</strong></span> <span class='ocrx_word' id='word_1_581' title='bbox 3416 3746 3665 3808; x_wconf 86' lang='lat' dir='ltr'><strong>repetere</strong></span> 
     </span>
    </p>
   </div>
   <div class='ocr_carea' id='block_1_91' title="bbox 2091 3829 3664 3903">
    <p class='ocr_par' dir='ltr' id='par_1_91' title="bbox 2091 3829 3664 3903">
     <span class='ocr_line' id='line_1_91' title="bbox 2091 3829 3664 3903; baseline -0.002 -17"><span class='ocrx_word' id='word_1_582' title='bbox 2091 3831 2280 3902; x_wconf 76' lang='lat' dir='ltr'><strong>jussit.</strong></span> <span class='ocrx_word' id='word_1_583' title='bbox 2333 3831 2440 3888; x_wconf 87' lang='lat' dir='ltr'><strong>Sed</strong></span> <span class='ocrx_word' id='word_1_584' title='bbox 2476 3831 2566 3903; x_wconf 88' lang='lat' dir='ltr'><strong>qui</strong></span> <span class='ocrx_word' id='word_1_585' title='bbox 2613 3843 2743 3886; x_wconf 89' lang='lat' dir='ltr'><strong>tunc</strong></span> <span class='ocrx_word' id='word_1_586' title='bbox 2782 3829 2835 3882; x_wconf 89' lang='lat' dir='ltr'><strong>iu</strong></span> <span class='ocrx_word' id='word_1_587' title='bbox 2887 3831 3010 3884; x_wconf 89' lang='lat' dir='ltr'><strong>aula</strong></span> <span class='ocrx_word' id='word_1_588' title='bbox 3045 3830 3340 3901; x_wconf 90' lang='lat' dir='ltr'><strong>plurimum</strong></span> <span class='ocrx_word' id='word_1_589' title='bbox 3394 3837 3664 3900; x_wconf 85' lang='lat' dir='ltr'><strong>poterant,</strong></span> 
     </span>
    </p>
   </div>
   <div class='ocr_carea' id='block_1_92' title="bbox 2094 3920 3667 3988">
    <p class='ocr_par' dir='ltr' id='par_1_92' title="bbox 2094 3920 3667 3988">
     <span class='ocr_line' id='line_1_92' title="bbox 2094 3920 3667 3988; baseline -0.002 -10"><span class='ocrx_word' id='word_1_590' title='bbox 2094 3922 2295 3978; x_wconf 87' lang='lat' dir='ltr'><strong>Ariana</strong></span> <span class='ocrx_word' id='word_1_591' title='bbox 2340 3923 2464 3979; x_wconf 89' lang='lat' dir='ltr'><strong>labe</strong></span> <span class='ocrx_word' id='word_1_592' title='bbox 2510 3921 2722 3988; x_wconf 82' lang='lat' dir='ltr'><strong>infecti,</strong></span> <span class='ocrx_word' id='word_1_593' title='bbox 2772 3923 3137 3978; x_wconf 81' lang='lat' dir='ltr'><strong>Athanasium</strong></span> <span class='ocrx_word' id='word_1_594' title='bbox 3190 3921 3412 3977; x_wconf 87' lang='lat' dir='ltr'><strong>aiebant</strong></span> <span class='ocrx_word' id='word_1_595' title='bbox 3471 3920 3667 3976; x_wconf 89' lang='lat' dir='ltr'><strong>saltem</strong></span> 
     </span>
    </p>
   </div>
   <div class='ocr_carea' id='block_1_93' title="bbox 2094 4008 3665 4082">
    <p class='ocr_par' dir='ltr' id='par_1_93' title="bbox 2094 4008 3665 4082">
     <span class='ocr_line' id='line_1_93' title="bbox 2094 4008 3665 4082; baseline -0.003 -16"><span class='ocrx_word' id='word_1_596' title='bbox 2094 4027 2256 4066; x_wconf 89' lang='lat' dir='ltr'><strong>unam</strong></span> <span class='ocrx_word' id='word_1_597' title='bbox 2296 4013 2365 4067; x_wconf 88' lang='lat' dir='ltr'><strong>iis</strong></span> <span class='ocrx_word' id='word_1_598' title='bbox 2408 4011 2502 4082; x_wconf 86' lang='lat' dir='ltr'><strong>qui</strong></span> <span class='ocrx_word' id='word_1_599' title='bbox 2531 4012 2941 4067; x_wconf 88' lang='lat' dir='ltr'><strong>communicare</strong></span> <span class='ocrx_word' id='word_1_600' title='bbox 2970 4026 3097 4065; x_wconf 89' lang='lat' dir='ltr'><strong>cum</strong></span> <span class='ocrx_word' id='word_1_601' title='bbox 3139 4025 3206 4065; x_wconf 90' lang='lat' dir='ltr'><strong>eo</strong></span> <span class='ocrx_word' id='word_1_602' title='bbox 3237 4011 3445 4064; x_wconf 90' lang='lat' dir='ltr'><strong>nollent</strong></span> <span class='ocrx_word' id='word_1_603' title='bbox 3490 4008 3665 4062; x_wconf 88' lang='lat' dir='ltr'><strong>eccle-</strong></span> 
     </span>
    </p>
   </div>
   <div class='ocr_carea' id='block_1_94' title="bbox 2095 4096 3665 4166">
    <p class='ocr_par' dir='ltr' id='par_1_94' title="bbox 2095 4096 3665 4166">
     <span class='ocr_line' id='line_1_94' title="bbox 2095 4096 3665 4166; baseline -0.005 -8"><span class='ocrx_word' id='word_1_604' title='bbox 2095 4103 2231 4158; x_wconf 88' lang='lat' dir='ltr'><strong>siam</strong></span> <span class='ocrx_word' id='word_1_605' title='bbox 2266 4101 2569 4157; x_wconf 85' lang='lat' dir='ltr'><strong>concedere</strong></span> <span class='ocrx_word' id='word_1_606' title='bbox 2615 4101 2833 4156; x_wconf 90' lang='lat' dir='ltr'><strong>debere.</strong></span> <span class='ocrx_word' id='word_1_607' title='bbox 2860 4099 3016 4166; x_wconf 86' lang='lat' dir='ltr'><strong>Quod</strong></span> <span class='ocrx_word' id='word_1_608' title='bbox 3051 4099 3130 4154; x_wconf 90' lang='lat' dir='ltr'><strong>illi</strong></span> <span class='ocrx_word' id='word_1_609' title='bbox 3171 4113 3294 4153; x_wconf 90' lang='lat' dir='ltr'><strong>cum</strong></span> <span class='ocrx_word' id='word_1_610' title='bbox 3350 4096 3665 4166; x_wconf 88' lang='lat' dir='ltr'><strong>imperatori</strong></span> 
     </span>
    </p>
   </div>
   <div class='ocr_carea' id='block_1_95' title="bbox 2095 4189 3664 4265">
    <p class='ocr_par' dir='ltr' id='par_1_95' title="bbox 2095 4189 3664 4265">
     <span class='ocr_line' id='line_1_95' title="bbox 2095 4189 3664 4265; baseline -0.007 -15"><span class='ocrx_word' id='word_1_611' title='bbox 2095 4195 2545 4265; x_wconf 73' lang='lat' dir='ltr'><strong>suggessissent,</strong></span> <span class='ocrx_word' id='word_1_612' title='bbox 2626 4202 2680 4248; x_wconf 90' lang='lat' dir='ltr'><strong>et</strong></span> <span class='ocrx_word' id='word_1_613' title='bbox 2733 4193 3035 4263; x_wconf 88' lang='lat' dir='ltr'><strong>imperator</strong></span> <span class='ocrx_word' id='word_1_614' title='bbox 3093 4189 3392 4243; x_wconf 89' lang='lat' dir='ltr'><strong>Athanasio</strong></span> <span class='ocrx_word' id='word_1_615' title='bbox 3448 4201 3664 4258; x_wconf 63' lang='lat' dir='ltr'><strong>aequum</strong></span> 
     </span>
    </p>
   </div>
   <div class='ocr_carea' id='block_1_96' title="bbox 2092 4277 3662 4355">
    <p class='ocr_par' dir='ltr' id='par_1_96' title="bbox 2092 4277 3662 4355">
     <span class='ocr_line' id='line_1_96' title="bbox 2092 4277 3662 4355; baseline -0.009 -12"><span class='ocrx_word' id='word_1_616' title='bbox 2092 4302 2218 4343; x_wconf 86' lang='lat' dir='ltr'><strong>esse</strong></span> <span class='ocrx_word' id='word_1_617' title='bbox 2279 4284 2567 4355; x_wconf 88' lang='lat' dir='ltr'><strong>respondit</strong></span> <span class='ocrx_word' id='word_1_618' title='bbox 2611 4283 2879 4354; x_wconf 85' lang='lat' dir='ltr'><strong>principis</strong></span> <span class='ocrx_word' id='word_1_619' title='bbox 2919 4279 3193 4336; x_wconf 89' lang='lat' dir='ltr'><strong>mandatis</strong></span> <span class='ocrx_word' id='word_1_620' title='bbox 3240 4293 3443 4332; x_wconf 88' lang='lat' dir='ltr'><strong>morem</strong></span> <span class='ocrx_word' id='word_1_621' title='bbox 3501 4277 3662 4348; x_wconf 74' lang='lat' dir='ltr'><strong>geri;</strong></span> 
     </span>
    </p>
   </div>
   <div class='ocr_carea' id='block_1_97' title="bbox 2101 4370 3666 4440">
    <p class='ocr_par' dir='ltr' id='par_1_97' title="bbox 2101 4370 3666 4440">
     <span class='ocr_line' id='line_1_97' title="bbox 2101 4370 3666 4440; baseline -0.009 -8"><span class='ocrx_word' id='word_1_622' title='bbox 2101 4386 2360 4432; x_wconf 70' lang='lat' dir='ltr'><strong>czeterum</strong></span> <span class='ocrx_word' id='word_1_623' title='bbox 2424 4375 2629 4430; x_wconf 88' lang='lat' dir='ltr'><strong>habere</strong></span> <span class='ocrx_word' id='word_1_624' title='bbox 2673 4388 2732 4430; x_wconf 89' lang='lat' dir='ltr'><strong>se</strong></span> <span class='ocrx_word' id='word_1_625' title='bbox 2775 4373 2941 4427; x_wconf 88' lang='lat' dir='ltr'><strong>etiam</strong></span> <span class='ocrx_word' id='word_1_626' title='bbox 2995 4370 3143 4440; x_wconf 90' lang='lat' dir='ltr'><strong>quod</strong></span> <span class='ocrx_word' id='word_1_627' title='bbox 3176 4375 3433 4440; x_wconf 65' lang='lat' dir='ltr'><strong>suggerat</strong></span> <span class='ocrx_word' id='word_1_628' title='bbox 3475 4375 3528 4422; x_wconf 93' lang='lat' dir='ltr'><strong>et</strong></span> <span class='ocrx_word' id='word_1_629' title='bbox 3569 4381 3666 4436; x_wconf 80' lang='lat' dir='ltr'><strong>po-</strong></span> 
     </span>
    </p>
   </div>
   <div class='ocr_carea' id='block_1_98' title="bbox 2093 4459 3664 4536">
    <p class='ocr_par' dir='ltr' id='par_1_98' title="bbox 2093 4459 3664 4536">
     <span class='ocr_line' id='line_1_98' title="bbox 2093 4459 3664 4536; baseline -0.008 -11"><span class='ocrx_word' id='word_1_630' title='bbox 2093 4470 2279 4525; x_wconf 90' lang='lat' dir='ltr'><strong>stulet.</strong></span> <span class='ocrx_word' id='word_1_631' title='bbox 2317 4467 2533 4522; x_wconf 84' lang='lat' dir='ltr'><strong>Etcum</strong></span> <span class='ocrx_word' id='word_1_632' title='bbox 2583 4465 2937 4536; x_wconf 88' lang='lat' dir='ltr'><strong>polliceretur</strong></span> <span class='ocrx_word' id='word_1_633' title='bbox 2982 4463 3284 4532; x_wconf 86' lang='lat' dir='ltr'><strong>imperator</strong></span> <span class='ocrx_word' id='word_1_634' title='bbox 3324 4459 3556 4514; x_wconf 87' lang='lat' dir='ltr'><strong>libenter</strong></span> <span class='ocrx_word' id='word_1_635' title='bbox 3605 4472 3664 4513; x_wconf 85' lang='lat' dir='ltr'><strong>se</strong></span> 
     </span>
    </p>
   </div>
   <div class='ocr_carea' id='block_1_99' title="bbox 2089 4547 3662 4626">
    <p class='ocr_par' dir='ltr' id='par_1_99' title="bbox 2089 4547 3662 4626">
     <span class='ocr_line' id='line_1_99' title="bbox 2089 4547 3662 4626; baseline -0.009 -13"><span class='ocrx_word' id='word_1_636' title='bbox 2089 4573 2484 4614; x_wconf 88' lang='lat' dir='ltr'><strong>concessurum</strong></span> <span class='ocrx_word' id='word_1_637' title='bbox 2533 4553 2800 4626; x_wconf 77' lang='lat' dir='ltr'><strong>quidquid</strong></span> <span class='ocrx_word' id='word_1_638' title='bbox 2851 4562 3078 4626; x_wconf 83' lang='lat' dir='ltr'><strong>peteret,</strong></span> <span class='ocrx_word' id='word_1_639' title='bbox 3123 4561 3238 4606; x_wconf 90' lang='lat' dir='ltr'><strong>tum</strong></span> <span class='ocrx_word' id='word_1_640' title='bbox 3283 4550 3434 4620; x_wconf 88' lang='lat' dir='ltr'><strong>ipse,</strong></span> <span class='ocrx_word' id='word_1_641' title='bbox 3494 4547 3662 4603; x_wconf 90' lang='lat' dir='ltr'><strong>etiam</strong></span> 
     </span>
    </p>
   </div>
   <div class='ocr_carea' id='block_1_100' title="bbox 2087 4640 3664 4719">
    <p class='ocr_par' dir='ltr' id='par_1_100' title="bbox 2087 4640 3664 4719">
     <span class='ocr_line' id='line_1_100' title="bbox 2087 4640 3664 4719; baseline -0.009 -14"><span class='ocrx_word' id='word_1_642' title='bbox 2087 4652 2234 4717; x_wconf 85' lang='lat' dir='ltr'><strong>illos,</strong></span> <span class='ocrx_word' id='word_1_643' title='bbox 2263 4651 2356 4719; x_wconf 86' lang='lat' dir='ltr'><strong>qui</strong></span> <span class='ocrx_word' id='word_1_644' title='bbox 2401 4647 2704 4702; x_wconf 67' lang='lat' dir='ltr'><strong>Antiochiae</strong></span> <span class='ocrx_word' id='word_1_645' title='bbox 2732 4661 2856 4700; x_wconf 89' lang='lat' dir='ltr'><strong>cum</strong></span> <span class='ocrx_word' id='word_1_646' title='bbox 2891 4644 2958 4699; x_wconf 88' lang='lat' dir='ltr'><strong>iis</strong></span> <span class='ocrx_word' id='word_1_647' title='bbox 2993 4644 3086 4714; x_wconf 89' lang='lat' dir='ltr'><strong>qui</strong></span> <span class='ocrx_word' id='word_1_648' title='bbox 3120 4641 3382 4698; x_wconf 81' lang='lat' dir='ltr'><strong>ecclesias</strong></span> <span class='ocrx_word' id='word_1_649' title='bbox 3418 4640 3664 4693; x_wconf 87' lang='lat' dir='ltr'><strong>detinent</strong></span> 
     </span>
    </p>
   </div>
   <div class='ocr_carea' id='block_1_101' title="bbox 2092 4727 3664 4802">
    <p class='ocr_par' dir='ltr' id='par_1_101' title="bbox 2092 4727 3664 4802">
     <span class='ocr_line' id='line_1_101' title="bbox 2092 4727 3664 4802; baseline -0.011 -4"><span class='ocrx_word' id='word_1_650' title='bbox 2092 4740 2506 4797; x_wconf 87' lang='lat' dir='ltr'><strong>communicare</strong></span> <span class='ocrx_word' id='word_1_651' title='bbox 2543 4739 2756 4800; x_wconf 89' lang='lat' dir='ltr'><strong>nolunt,</strong></span> <span class='ocrx_word' id='word_1_652' title='bbox 2794 4733 3056 4789; x_wconf 86' lang='lat' dir='ltr'><strong>oratoriis</strong></span> <span class='ocrx_word' id='word_1_653' title='bbox 3093 4748 3230 4802; x_wconf 83' lang='lat' dir='ltr'><strong>opus</strong></span> <span class='ocrx_word' id='word_1_654' title='bbox 3277 4732 3478 4786; x_wconf 88' lang='lat' dir='ltr'><strong>habere</strong></span> <span class='ocrx_word' id='word_1_655' title='bbox 3502 4727 3664 4792; x_wconf 76' lang='lat' dir='ltr'><strong>dixit,</strong></span> 
     </span>
    </p>
   </div>
   <div class='ocr_carea' id='block_1_102' title="bbox 2091 4820 3662 4902">
    <p class='ocr_par' dir='ltr' id='par_1_102' title="bbox 2091 4820 3662 4902">
     <span class='ocr_line' id='line_1_102' title="bbox 2091 4820 3662 4902; baseline -0.01 -14"><span class='ocrx_word' id='word_1_656' title='bbox 2091 4847 2422 4902; x_wconf 67' lang='lat' dir='ltr'><strong>aequumque</strong></span> <span class='ocrx_word' id='word_1_657' title='bbox 2445 4847 2570 4886; x_wconf 87' lang='lat' dir='ltr'><strong>esse</strong></span> <span class='ocrx_word' id='word_1_658' title='bbox 2600 4836 2652 4884; x_wconf 89' lang='lat' dir='ltr'><strong>ut</strong></span> <span class='ocrx_word' id='word_1_659' title='bbox 2704 4828 2813 4882; x_wconf 89' lang='lat' dir='ltr'><strong>illis</strong></span> <span class='ocrx_word' id='word_1_660' title='bbox 2841 4841 2949 4881; x_wconf 87' lang='lat' dir='ltr'><strong>una</strong></span> <span class='ocrx_word' id='word_1_661' title='bbox 2981 4823 3150 4896; x_wconf 66' lang='grc'><strong>854</strong></span> <span class='ocrx_word' id='word_1_662' title='bbox 3179 4823 3413 4879; x_wconf 89' lang='lat' dir='ltr'><strong>ecclesia</strong></span> <span class='ocrx_word' id='word_1_663' title='bbox 3449 4820 3662 4875; x_wconf 88' lang='lat' dir='ltr'><strong>tribua-</strong></span> 
     </span>
    </p>
   </div>
   <div class='ocr_carea' id='block_1_103' title="bbox 2095 4917 3664 4992">
    <p class='ocr_par' dir='ltr' id='par_1_103' title="bbox 2095 4917 3664 4992">
     <span class='ocr_line' id='line_1_103' title="bbox 2095 4917 3664 4992; baseline -0.01 -12"><span class='ocrx_word' id='word_1_664' title='bbox 2095 4935 2203 4981; x_wconf 91' lang='lat' dir='ltr'><strong>tur.</strong></span> <span class='ocrx_word' id='word_1_665' title='bbox 2239 4925 2378 4980; x_wconf 87' lang='lat' dir='ltr'><strong>Cum</strong></span> <span class='ocrx_word' id='word_1_666' title='bbox 2412 4931 2679 4979; x_wconf 84' lang='lat' dir='ltr'><strong>annueret</strong></span> <span class='ocrx_word' id='word_1_667' title='bbox 2731 4922 3054 4992; x_wconf 84' lang='lat' dir='ltr'><strong>imperator,</strong></span> <span class='ocrx_word' id='word_1_668' title='bbox 3087 4929 3294 4974; x_wconf 88' lang='lat' dir='ltr'><strong>rectam</strong></span> <span class='ocrx_word' id='word_1_669' title='bbox 3344 4917 3664 4987; x_wconf 76' lang='lat' dir='ltr'><strong>iustamque</strong></span> 
     </span>
    </p>
   </div>
   <div class='ocr_carea' id='block_1_104' title="bbox 2094 5007 3665 5084">
    <p class='ocr_par' dir='ltr' id='par_1_104' title="bbox 2094 5007 3665 5084">
     <span class='ocr_line' id='line_1_104' title="bbox 2094 5007 3665 5084; baseline -0.01 -11"><span class='ocrx_word' id='word_1_670' title='bbox 2094 5018 2400 5073; x_wconf 88' lang='lat' dir='ltr'><strong>decernens</strong></span> <span class='ocrx_word' id='word_1_671' title='bbox 2439 5031 2570 5072; x_wconf 88' lang='lat' dir='ltr'><strong>esse</strong></span> <span class='ocrx_word' id='word_1_672' title='bbox 2619 5013 2958 5084; x_wconf 90' lang='lat' dir='ltr'><strong>petitionem,</strong></span> <span class='ocrx_word' id='word_1_673' title='bbox 3013 5010 3389 5066; x_wconf 89' lang='lat' dir='ltr'><strong>reclamarunt</strong></span> <span class='ocrx_word' id='word_1_674' title='bbox 3446 5007 3665 5060; x_wconf 78' lang='lat' dir='ltr'><strong>Ariana:</strong></span> 
     </span>
    </p>
   </div>
   <div class='ocr_carea' id='block_1_105' title="bbox 2097 5097 3662 5181">
    <p class='ocr_par' dir='ltr' id='par_1_105' title="bbox 2097 5097 3662 5181">
     <span class='ocr_line' id='line_1_105' title="bbox 2097 5097 3662 5181; baseline -0.01 -15"><span class='ocrx_word' id='word_1_675' title='bbox 2097 5110 2355 5166; x_wconf 77' lang='lat' dir='ltr'><strong>factionis</strong></span> <span class='ocrx_word' id='word_1_676' title='bbox 2413 5109 2726 5181; x_wconf 90' lang='lat' dir='ltr'><strong>principes.</strong></span> <span class='ocrx_word' id='word_1_677' title='bbox 2767 5105 3090 5174; x_wconf 89' lang='lat' dir='ltr'><strong>neutrisque</strong></span> <span class='ocrx_word' id='word_1_678' title='bbox 3150 5101 3362 5158; x_wconf 88' lang='lat' dir='ltr'><strong>dandas</strong></span> <span class='ocrx_word' id='word_1_679' title='bbox 3399 5097 3662 5155; x_wconf 86' lang='lat' dir='ltr'><strong>ecclesias</strong></span> 
     </span>
    </p>
   </div>
   <div class='ocr_carea' id='block_1_106' title="bbox 1699 5263 2364 5321">
    <p class='ocr_par' dir='ltr' id='par_1_106' title="bbox 1699 5263 2364 5321">
     <span class='ocr_line' id='line_1_106' title="bbox 1699 5263 2364 5321; baseline 0.005 -4"><span class='ocrx_word' id='word_1_680' title='bbox 1699 5263 1931 5319; x_wconf 63' lang='lat' dir='ltr'><strong>\‘ARIAI</strong></span> <span class='ocrx_word' id='word_1_681' title='bbox 1956 5263 2364 5321; x_wconf 73' lang='lat' dir='ltr'><strong>LECTIONES.</strong></span> 
     </span>
    </p>
   </div>
   <div class='ocr_carea' id='block_1_107' title="bbox 503 5375 1632 5448">
    <p class='ocr_par' dir='ltr' id='par_1_107' title="bbox 503 5375 1632 5448">
     <span class='ocr_line' id='line_1_107' title="bbox 503 5375 1632 5448; baseline 0.005 -21"><span class='ocrx_word' id='word_1_682' title='bbox 503 5377 521 5407; x_wconf 75' lang='grc'>⁸</span> <span class='ocrx_word' id='word_1_683' title='bbox 555 5375 952 5448; x_wconf 77' lang='grc' dir='ltr'><strong>μεμαθηκότες.</strong></span> <span class='ocrx_word' id='word_1_684' title='bbox 1005 5380 1167 5435; x_wconf 83' lang='lat' dir='ltr'><strong>Basil.</strong></span> <span class='ocrx_word' id='word_1_685' title='bbox 1222 5381 1318 5438; x_wconf 88' lang='lat' dir='ltr'><strong>Gr.</strong></span> <span class='ocrx_word' id='word_1_686' title='bbox 1358 5389 1411 5433; x_wconf 86' lang='lat' dir='ltr'><strong>et</strong></span> <span class='ocrx_word' id='word_1_687' title='bbox 1445 5379 1632 5448; x_wconf 86' lang='lat' dir='ltr'><strong>Steph.</strong></span> 
     </span>
    </p>
   </div>
   <div class='ocr_carea' id='block_1_108' title="bbox 1729 5379 2240 5435">
    <p class='ocr_par' dir='ltr' id='par_1_108' title="bbox 1729 5379 2240 5435">
     <span class='ocr_line' id='line_1_108' title="bbox 1729 5379 2240 5435; baseline 0.002 -3"><span class='ocrx_word' id='word_1_688' title='bbox 1729 5383 1750 5412; x_wconf 81' lang='grc'>¹</span> <span class='ocrx_word' id='word_1_689' title='bbox 1781 5380 1896 5435; x_wconf 76' lang='grc' dir='ltr'><strong>τοῦ.</strong></span> <span class='ocrx_word' id='word_1_690' title='bbox 1951 5380 2112 5434; x_wconf 84' lang='lat' dir='ltr'><strong>Basil.</strong></span> <span class='ocrx_word' id='word_1_691' title='bbox 2147 5379 2240 5434; x_wconf 87' lang='lat' dir='ltr'><strong>Gr.</strong></span> 
     </span>
    </p>
   </div>
   <div class='ocr_carea' id='block_1_109' title="bbox 2340 5353 3663 5444">
    <p class='ocr_par' dir='ltr' id='par_1_109' title="bbox 2340 5353 3663 5444">
     <span class='ocr_line' id='line_1_109' title="bbox 2340 5353 3663 5444; baseline -0.009 -13"><span class='ocrx_word' id='word_1_692' title='bbox 2340 5379 2360 5410; x_wconf 87' lang='grc'><strong><em>³</em></strong></span> <span class='ocrx_word' id='word_1_693' title='bbox 2387 5379 2464 5434; x_wconf 86' lang='grc' dir='ltr'><strong>δέ.</strong></span> <span class='ocrx_word' id='word_1_694' title='bbox 2513 5377 2678 5434; x_wconf 78' lang='lat' dir='ltr'><strong>Basil.</strong></span> <span class='ocrx_word' id='word_1_695' title='bbox 2725 5376 2820 5433; x_wconf 84' lang='lat' dir='ltr'><strong>Gr.</strong></span> <span class='ocrx_word' id='word_1_696' title='bbox 2897 5375 2917 5409; x_wconf 81' lang='grc'><strong>⁸</strong></span> <span class='ocrx_word' id='word_1_697' title='bbox 2953 5375 3047 5430; x_wconf 72' lang='grc' dir='ltr'><strong>καὶ</strong></span> <span class='ocrx_word' id='word_1_698' title='bbox 3102 5374 3283 5444; x_wconf 84' lang='grc' dir='ltr'><strong>μέντοι</strong></span> <span class='ocrx_word' id='word_1_699' title='bbox 3317 5353 3539 5444; x_wconf 32' lang='grc' dir='ltr'><strong>καῖ-δὶς</strong></span> <span class='ocrx_word' id='word_1_700' title='bbox 3568 5369 3663 5423; x_wconf 81' lang='grc' dir='ltr'><strong>καὶ</strong></span> 
     </span>
    </p>
   </div>
   <div class='ocr_carea' id='block_1_110' title="bbox 407 5441 3660 5530">
    <p class='ocr_par' dir='ltr' id='par_1_110' title="bbox 407 5441 3660 5530">
     <span class='ocr_line' id='line_1_110' title="bbox 407 5441 3660 5530; baseline -0.002 -29"><span class='ocrx_word' id='word_1_701' title='bbox 407 5441 725 5530; x_wconf 59' lang='grc' dir='ltr'><strong>τρίςζξιίοιη</strong></span> <span class='ocrx_word' id='word_1_702' title='bbox 758 5441 810 5530; x_wconf 65' lang='lat' dir='ltr'><strong>et</strong></span> <span class='ocrx_word' id='word_1_703' title='bbox 859 5441 1259 5530; x_wconf 38' lang='lat' dir='ltr'><strong>S.a\:ilii&#39;codcx.</strong></span> <span class='ocrx_word' id='word_1_704' title='bbox 1325 5451 1358 5530; x_wconf 80' lang='lat'><strong>_&quot;</strong></span> <span class='ocrx_word' id='word_1_705' title='bbox 1393 5449 1448 5530; x_wconf 77' lang='lat' dir='ltr'><strong>In</strong></span> <span class='ocrx_word' id='word_1_706' title='bbox 1492 5441 2470 5530; x_wconf 41' lang='lat' dir='ltr'><strong>caeterisncditioni_bus_pr:§ini.ttitur</strong></span> <span class='ocrx_word' id='word_1_707' title='bbox 2515 5450 2616 5530; x_wconf 48' lang='lat' dir='ltr'><strong>hic</strong></span> <span class='ocrx_word' id='word_1_708' title='bbox 2641 5441 3129 5530; x_wconf 52' lang='lat' dir='ltr'><strong>capitisntitulus&#39;:</strong></span> <span class='ocrx_word' id='word_1_709' title='bbox 3165 5441 3458 5530; x_wconf 54' lang='lat' dir='ltr'><strong>:EﬂtC‘toZUI]</strong></span> <span class='ocrx_word' id='word_1_710' title='bbox 3503 5441 3660 5530; x_wconf 73' lang='grc' dir='ltr'><strong>Κων-</strong></span> 
     </span>
    </p>
   </div>
   <div class='ocr_carea' id='block_1_111' title="bbox 410 5515 1797 5582">
    <p class='ocr_par' dir='ltr' id='par_1_111' title="bbox 410 5515 1797 5582">
     <span class='ocr_line' id='line_1_111' title="bbox 410 5515 1797 5582; baseline 0.003 -13"><span class='ocrx_word' id='word_1_711' title='bbox 410 5515 658 5569; x_wconf 80' lang='grc' dir='ltr'><strong>σταντίου</strong></span> <span class='ocrx_word' id='word_1_712' title='bbox 702 5518 839 5582; x_wconf 76' lang='grc' dir='ltr'><strong>πρὸς</strong></span> <span class='ocrx_word' id='word_1_713' title='bbox 878 5519 1213 5574; x_wconf 79' lang='grc' dir='ltr'><strong>Ἀθανάσιον.</strong></span> <span class='ocrx_word' id='word_1_714' title='bbox 1323 5521 1346 5551; x_wconf 82' lang='grc'><strong>⁸</strong></span> <span class='ocrx_word' id='word_1_715' title='bbox 1373 5520 1482 5574; x_wconf 85' lang='grc' dir='ltr'><strong>τόν.</strong></span> <span class='ocrx_word' id='word_1_716' title='bbox 1509 5520 1673 5573; x_wconf 80' lang='lat' dir='ltr'><strong>Basil.</strong></span> <span class='ocrx_word' id='word_1_717' title='bbox 1703 5517 1797 5574; x_wconf 87' lang='lat' dir='ltr'><strong>Gr.</strong></span> 
     </span>
    </p>
   </div>
   <div class='ocr_carea' id='block_1_112' title="bbox 1907 5513 3648 5586">
    <p class='ocr_par' dir='ltr' id='par_1_112' title="bbox 1907 5513 3648 5586">
     <span class='ocr_line' id='line_1_112' title="bbox 1907 5513 3648 5586; baseline -0.005 -17"><span class='ocrx_word' id='word_1_718' title='bbox 1907 5522 1924 5551; x_wconf 86' lang='grc'><strong>⁷</strong></span> <span class='ocrx_word' id='word_1_719' title='bbox 1968 5513 2140 5572; x_wconf 79' lang='grc' dir='ltr'><strong>ἐλθεῖν</strong></span> <span class='ocrx_word' id='word_1_720' title='bbox 2189 5518 2530 5586; x_wconf 83' lang='lat' dir='ltr'><strong>Christoph.,</strong></span> <span class='ocrx_word' id='word_1_721' title='bbox 2584 5513 2811 5586; x_wconf 63' lang='grc' dir='ltr'><strong>δεξιῆς..</strong></span> <span class='ocrx_word' id='word_1_722' title='bbox 2859 5516 3098 5586; x_wconf 80' lang='lat' dir='ltr'><strong>Casaub.</strong></span> <span class='ocrx_word' id='word_1_723' title='bbox 3164 5515 3185 5546; x_wconf 84' lang='grc'><strong>⁸</strong></span> <span class='ocrx_word' id='word_1_724' title='bbox 3215 5513 3648 5586; x_wconf 40' lang='grc' dir='ltr'><strong>προ-στᾲγμασιν.</strong></span> 
     </span>
    </p>
   </div>
   <div class='ocr_carea' id='block_1_113' title="bbox 410 5573 3666 5659">
    <p class='ocr_par' dir='ltr' id='par_1_113' title="bbox 410 5573 3666 5659">
     <span class='ocr_line' id='line_1_113' title="bbox 410 5573 3666 5659; baseline -0.001 -23"><span class='ocrx_word' id='word_1_725' title='bbox 410 5584 576 5659; x_wconf 78' lang='lat' dir='ltr'><strong>Basil.</strong></span> <span class='ocrx_word' id='word_1_726' title='bbox 617 5573 964 5659; x_wconf 53' lang='lat' dir='ltr'><strong>Gr.,&#39;SIeph.</strong></span> <span class='ocrx_word' id='word_1_727' title='bbox 1041 5592 1061 5621; x_wconf 79' lang='lat'><strong><em>°</em></strong></span> <span class='ocrx_word' id='word_1_728' title='bbox 1096 5589 1433 5659; x_wconf 74' lang='grc' dir='ltr'><strong>ἐπαγ-(εἶλαι.</strong></span> <span class='ocrx_word' id='word_1_729' title='bbox 1473 5573 1636 5642; x_wconf 78' lang='lat' dir='ltr'><strong>Basil.</strong></span> <span class='ocrx_word' id='word_1_730' title='bbox 1675 5573 1768 5643; x_wconf 77' lang='lat' dir='ltr'><strong>Gr.</strong></span> <span class='ocrx_word' id='word_1_731' title='bbox 1849 5591 1890 5621; x_wconf 85' lang='lat'><strong>‘°</strong></span> <span class='ocrx_word' id='word_1_732' title='bbox 1913 5588 2200 5659; x_wconf 80' lang='grc' dir='ltr'><strong>εὐκτηρίου</strong></span> <span class='ocrx_word' id='word_1_733' title='bbox 2243 5586 2362 5640; x_wconf 84' lang='grc' dir='ltr'><strong>νεώ.</strong></span> <span class='ocrx_word' id='word_1_734' title='bbox 2415 5573 2581 5647; x_wconf 79' lang='lat' dir='ltr'><strong>Idem.</strong></span> <span class='ocrx_word' id='word_1_735' title='bbox 2665 5587 2702 5618; x_wconf 85' lang='lat'>“</span> <span class='ocrx_word' id='word_1_736' title='bbox 2735 5573 2912 5640; x_wconf 57' lang='grc' dir='ltr'><strong>Ἑῖἆιον.</strong></span> <span class='ocrx_word' id='word_1_737' title='bbox 2969 5585 3158 5656; x_wconf 79' lang='lat' dir='ltr'><strong>Steph.</strong></span> <span class='ocrx_word' id='word_1_738' title='bbox 3229 5573 3273 5616; x_wconf 70' lang='grc' dir='ltr'><strong>’ί</strong></span> <span class='ocrx_word' id='word_1_739' title='bbox 3314 5583 3370 5638; x_wconf 86' lang='lat' dir='ltr'><strong>In</strong></span> <span class='ocrx_word' id='word_1_740' title='bbox 3404 5573 3490 5638; x_wconf 75' lang='lat' dir='ltr'><strong>his</strong></span> <span class='ocrx_word' id='word_1_741' title='bbox 3528 5579 3666 5636; x_wconf 75' lang='lat' dir='ltr'><strong>edit.</strong></span> 
     </span>
    </p>
   </div>
   <div class='ocr_carea' id='block_1_114' title="bbox 410 5654 2230 5724">
    <p class='ocr_par' dir='ltr' id='par_1_114' title="bbox 410 5654 2230 5724">
     <span class='ocr_line' id='line_1_114' title="bbox 410 5654 2230 5724; baseline 0.003 -16"><span class='ocrx_word' id='word_1_742' title='bbox 410 5668 474 5708; x_wconf 85' lang='lat' dir='ltr'><strong>ea</strong></span> <span class='ocrx_word' id='word_1_743' title='bbox 505 5654 794 5723; x_wconf 81' lang='lat' dir='ltr'><strong>inscriptio</strong></span> <span class='ocrx_word' id='word_1_744' title='bbox 842 5654 929 5713; x_wconf 83' lang='lat' dir='ltr'><strong>hic</strong></span> <span class='ocrx_word' id='word_1_745' title='bbox 983 5658 1226 5724; x_wconf 85' lang='lat' dir='ltr'><strong>ponitur,</strong></span> <span class='ocrx_word' id='word_1_746' title='bbox 1279 5675 1399 5724; x_wconf 76' lang='lat' dir='ltr'><strong>qua:</strong></span> <span class='ocrx_word' id='word_1_747' title='bbox 1433 5661 1485 5714; x_wconf 87' lang='lat' dir='ltr'><strong>in</strong></span> <span class='ocrx_word' id='word_1_748' title='bbox 1524 5659 1909 5716; x_wconf 85' lang='lat' dir='ltr'><strong>Sirmondiana</strong></span> <span class='ocrx_word' id='word_1_749' title='bbox 1945 5654 2142 5715; x_wconf 48' lang='lat' dir='ltr'><strong>et&#39;at&#39;c.</strong></span> <span class='ocrx_word' id='word_1_750' title='bbox 2177 5659 2230 5715; x_wconf 82' lang='lat'><strong>9.</strong></span> 
     </span>
    </p>
   </div>
  </div>
