4084 6196
332 261 468 328 10ιῦ

1331 262 1923 327 ECCLESIASTICE
1960 264 2346 325 HISTORI£
2385 265 2529 324 LIB.
2571 265 2655 322 Il.

3475 261 3494 323 1
3505 263 3623 326 Μὰ

332 373 430 442 τὴν
465 367 652 423 πίστιν
681 369 776 425 καὶ
812 370 892 434 είς
924 369 1052 434 τοὺς
1079 369 1207 434 σοὺς
1245 369 1474 442 χρόνους
1516 369 1616 439 τῆς
1646 367 1922 440 βασιλείας

2038 370 2274 424 veritatis
2305 369 2624 439 praesidium
2687 367 2998 422 convellere
3058 369 3406 423 studuerunt.
3471 369 3616 426 Nam

337 461 632 532 μετέδωκε,
659 462 747 515 διὰ
769 462 814 495 ⁸⁸
844 462 939 516 τοῦ
967 462 1241 516 Δεσπὸτου
1268 462 1426 534 ἡμῶν
1451 461 1626 534 Ἰησοῦ
1656 460 1916 532 Χριστοῦ,

334 555 402 608 δι’
431 548 492 608 οὗ
523 571 605 606 σοι
634 555 728 607 καὶ
767 554 830 608 τὸ
861 554 1166 624 βασιλεύειν
1198 554 1372 618 οὕτως
1411 554 1678 625 ὑπῆρξεν,
1719 553 1795 616 ὼς
1827 554 1923 605 καὶ

336 647 439 715 τῆς
484 645 606 698 καθ’
651 646 801 715 ἡμᾶς
833 645 1160 717 οἰκουμένης
1206 649 1464 718 κρατεῖντ
1495 645 1666 699 Πάλιν
1695 644 1826 713 γοῦν
1855 644 1920 706 ⁸οί

339 737 564 792 ἐλεεινοί.
593 737 690 790 καὶ
721 737 930 808 οἰκτροὶ
960 735 1039 808 τῷ
1079 739 1409 810 φρονήματι,
1445 736 1690 807 ἀθεμίτῳ
1722 736 1924 806 τολμή-

344 844 474 897 ματι
509 827 609 896 τῆς
632 827 925 891 δυσσεϐοῦς
955 830 1267 900 φρονήσεως
1292 830 1542 902 κήρυκας
1569 828 1794 891 ἑαυτοὺς
1826 829 1923 882 ἀν·-

341 918 638 987 ήγγειλαν,
688 919 783 972 καὶ
832 919 1205 990 ἐπιχειροῦσιν
1251 922 1580 992 ἀνατρέπειν
1634 921 1742 974 πᾶν
1796 921 1928 991 ἁλη-

343 1011 493 1075 οείας
515 1013 560 1044 ⁸⁸
597 1012 902 1084 σύνταγμα.
943 1015 1032 1078 Ὠς
1053 1013 1160 1085 γὰρ
1197 1015 1336 1068 κατὰ
1385 1014 1446 1067 τὸ
1477 1013 1568 1067 σὺν
1599 1013 1928 1084 πρόσταγμα

345 1103 620 1175 συνέδριον
663 1109 762 1177 τῆς
809 1105 1026 1162 συνόδου
1071 1109 1484 1178 συνεκροτεῖτο,
1534 1107 1776 1160 κάκεῖνοι
1828 1107 1929 1174 τῆς

349 1192 486 1255 ιδίας
529 1194 747 1265 ἀπάτης
791 1195 1065 1265 ἐγύμνουν
1108 1196 1206 1268 τὴν
1258 1196 1450 1266 σκέψιν
1476 1197 1542 1250 ⁸⁷.
1600 1195 1930 1267 Ἐπειρῶντο

346 1285 460 1356 γὰρ
481 1287 783 1359 πανουργίᾳ
807 1287 912 1340 τινὶ
936 1288 1031 1340 καὶ
1051 1291 1262 1359 ταραχῇ
1291 1288 1700 1360 προσφέροντες
1725 1306 1778 1340 τι
1808 1305 1930 1340 και-

345 1379 612 1447 νοτομεῖν,
637 1379 736 1448 τῆς
756 1379 1010 1450 τοιαύτης
1036 1381 1278 1451 ἑταιρίας
1296 1381 1340 1412 ⁸⁸
1367 1380 1862 1450 συναλισκομένους
1884 1380 1928 1412 θ’

347 1469 632 1538 εὑρόντες,
686 1471 989 1542 Γερμάνιόν
1026 1489 1148 1526 τινα
1184 1473 1265 1540 ⁷⁰,
1317 1473 1414 1526 καὶ
1463 1473 1788 1538 Αὑξέντιον,
1837 1473 1932 1526 καὶ

349 1560 529 1625 Γάϊον,
566 1562 691 1626 τοὺς
721 1560 836 1635 [99]
877 1563 975 1633 τὴν
1007 1564 1219 1635 αἵρεσιν
1244 1565 1287 1596 ⁷¹
1321 1565 1416 1619 καὶ
1455 1565 1801 1634 διχοστασίαν
1831 1567 1932 1635 ἐμ-

350 1653 666 1719 ποιοῦντας,
710 1649 785 1709 ὧν
830 1658 862 1726 ἡ
909 1655 1227 1710 διδασκαλία
1273 1658 1370 1728 μία
1416 1658 1517 1730 μὲν
1572 1653 1706 1712 οὖσα
1739 1659 1786 1690 ⁷³
1816 1660 1927 1713 πᾶν

349 1745 552 1815 πλῆθος
601 1745 964 1818 βλασφημιῶν
1016 1748 1420 1819 ὑπερϐέϐηκεν.
1468 1751 1554 1814 Ὡς
1591 1751 1646 1803 δέ
1692 1730 1930 1805 συνεῖδον

351 1839 472 1907 οὐχὶ
499 1830 597 1908 τῆς
645 1838 816 1908 αὐτῆς
863 1840 1238 1910 προαιρέσεως
1283 1840 1464 1903 ὄντας,
1499 1839 1623 1894 οὕτε
1686 1843 1933 1910 ὁμογνω-

357 1928 656 1999 μονοῦντας
685 1931 768 1999 ἐφ’
806 1925 888 1994 οἷς
930 1932 1115 1994 κακῶς
1149 1933 1430 2003 ἐφρόνουν,
1480 1935 1562 1996 είς
1596 1932 1658 1986 τὸ
1693 1933 1934 2004 συμϐού-

352 2021 464 2074 λιον
498 2020 655 2090 ἡμῶν
698 2023 1010 2092 μετήγαγον
1050 2025 1308 2089 ἑαυτοὺς,
1342 2023 1420 2086 ὡς
1469 2024 1647 2078 δοκεῖν
1679 2023 1866 2097 ἕτερόν
1887 2024 1934 2056 ⁷³

353 2131 404 2166 τι
429 2113 684 2182 γράφειν.
719 2109 828 2167 Ἦν
861 2114 918 2167 δὲ
943 2118 971 2168 ὀ
1011 2116 1199 2187 καιρὸς
1225 2115 1454 2187 βραχὺς,
1481 2117 1510 2168 ὁ
1539 2117 1634 2170 καὶ
1669 2117 1768 2182 τὰς
1795 2115 1934 2185 γνώ-

357 2222 465 2275 μας
503 2205 682 2258 αὐτῶν
728 2206 1047 2277 ἐξελέγχων.
1090 2207 1184 2262 ”Ιν’
1227 2205 1322 2262 οὖν
1366 2208 1442 2279 μὴ
1475 2211 1588 2270 τοῖς
1621 2208 1807 2271 αὐτοῖς
1849 2207 1936 2262 ἀεὶ

354 2297 423 2348 τὰ
451 2297 553 2366 τῆς
588 2297 916 2367 Ἐκκλησίας
950 2300 1278 2374 περιπίπτῃ,
1331 2301 1427 2355 καὶ
1473 2301 1688 2373 ταραχὴ
1724 2303 1818 2354 καὶ
1847 2300 1936 2353 θό-

358 2389 519 2462 ρυϐος
572 2390 992 2463 καλινδούμενος
1039 2393 1086 2424 ⁷⁸
1137 2394 1353 2448 ἅπαντα
1405 2395 1610 2466 συγχέῃ
1635 2435 1650 2456 ,
1720 2393 1937 2464 βέϐαιον

356 2482 530 2550 ἐφάνη
570 2481 638 2535 τὰ
679 2483 845 2540 πάλαι
879 2483 1160 2556 ὡρισμένα
1195 2485 1395 2556 ἔννομα
1429 2487 1477 2518 ⁷⁸
1525 2488 1620 2540 καὶ
1668 2487 1937 2557 ἀμετακί-

357 2591 492 2643 νητα
526 2574 925 2644 διαφυλάττειν,
953 2577 1078 2640 τοὺς
1109 2577 1166 2630 δὲ
1201 2578 1642 2649 προειρημένους
1666 2580 1767 2650 τῆς
1800 2581 1941 2649 ἡμε-

355 2665 522 2735 τέρας
553 2666 599 2697 "
651 2667 938 2731 κοινωνίας
987 2669 1472 2740 άποκεχωρίσοαι·
1519 2671 1586 2722 δι’
1640 2672 1707 2736 ἣν
1755 2672 1938 2726 αίτίαν

355 2758 479 2821 τοὺς
525 2759 942 2824 ἁναδιδάξοντας
991 2761 1252 2832 πρέσϐεις
1290 2761 1428 2833 πρὸς
1472 2761 1571 2833 τὴν
1619 2764 1720 2835 σὴν
1763 2764 1938 2817 ἐπιεί-

357 2866 512 2905 κειαν
541 2851 987 2922 ἀπεστάλκαμεν,
1030 2852 1130 2923 τὴν
1155 2852 1381 2923 γνώμην
1411 2855 1504 2907 τοῦ
1545 2855 1822 2927 συνεδρίου
1853 2856 1940 2909 διὰ

359 2941 455 3010 τῆς
477 2942 770 3011 ἐπιστολῆς
805 2944 1162 3013 μηνύσοντας.
1197 2945 1323 3008 Τοῖς
1355 2945 1412 2998 δὲ
1443 2946 1708 3016 πρέσϐεσι
1745 2949 1848 3018 πρό
1877 2965 1940 3016 γε

362 3032 582 3086 ¹πάντων
611 3033 771 3088 τοῦτο
804 3036 1350 3108 παρεκελευσάμεθα,
1385 3037 1447 3090 τὸ
1469 3039 1514 3069 ⁷⁷
1541 3037 1640 3108 τὴν
1678 3039 1941 3109 ἀλήθειαν

361 3125 740 3181 πιστώσασθαι
793 3130 868 3195 ἐκ,
907 3128 1017 3182 τῶν
1068 3128 1234 3183 πάλαι
1280 3130 1524 3201 ἀρχαίων
1577 3132 1669 3184 καὶ
1714 3131 1941 3185 δικαίων

361 3219 724 3290 ὁρμωμένους
763 3221 828 3273 ⁷⁸.
876 3221 940 3274 Οἳ
976 3221 1071 3274 καὶ
1109 3220 1208 3292 τὴν
1255 3221 1355 3292 σὴν
1400 3221 1657 3292 ὁσιότητα
1689 3222 1941 3278 ἀναδιδά-

365 3309 568 3375 ξουσιν,
599 3312 682 3365 ὅτι
734 3314 831 3382 οὐχ
865 3313 1054 3385 ὥσπερ
1081 3315 1126 3346 ⁷³
1158 3313 1367 3384 ἔφησαν
1403 3313 1712 3386 Ούρσάκιός
1749 3331 1809 3366 τε
1849 3314 1944 3368 καὶ

364 3400 602 3468 Οὐάλης,
627 3402 779 3455 ἔσται
804 3405 1016 3475 είρήνη,
1057 3404 1215 3474 εἴπερ
1235 3423 1287 3458 τι
1329 3403 1436 3458 τῶν
1455 3405 1678 3459 δικαίων
1704 3406 1945 3476 ἀνατρα-

367 3490 532 3566 πείη·
575 3491 690 3554 πῶς
723 3492 831 3562 γὰρ
853 3495 1074 3564 εἰρήνην
1103 3491 1214 3549 οἷόν
1242 3512 1300 3547 τε
1326 3495 1479 3562 ἄγειν
1507 3495 1634 3558 τοὺς
1663 3496 1764 3567 τὴν
1793 3497 1946 3566 είρή-

366 3597 464 3650 νην
503 3580 905 3646 καταλύοντας;
956 3584 1154 3653 μᾶλλον
1186 3585 1294 3656 γὰρ
1328 3585 1442 3658 ἔρις
1495 3587 1590 3640 καὶ
1639 3587 1850 3658 ταραχὴ
1885 3590 1948 3641 ἐκ

366 3670 572 3725 τούτων
616 3673 714 3726 σὺν
763 3678 883 3738 ταῖς
930 3674 1145 3738 λοιπαῖς
1187 3676 1374 3730 πόλεσι
1405 3677 1498 3730 καὶ
1537 3680 1604 3749 τῇ
1657 3677 1946 3748 Ῥωμαίων

381 3761 676 3835 Ἐκκλησία
713 3764 1022 3839 γενήσεται.
1071 3763 1164 3817 Διὸ
1212 3765 1276 3836 δὴ
1337 3765 1649 3835 ἱκετεύομεν
1696 3764 1794 3836 τὴν
1848 3763 1947 3834 σὴν

369 3854 694 3923 ἐπιείκειαν,
753 3855 839 3910 ἵνα
890 3857 1216 3928 προσηνέσιν
1261 3859 1458 3921 ἀκοαῖς
1500 3857 1595 3910 καὶ
1639 3855 1860 3928 γαληνῷ
1901 3855 1947 3886 ⁸⁰

372 3945 645 4016 βλέμματι
673 3948 801 4012 τοὺς
825 3950 1127 4020 ἡμετέρους
1160 3949 1416 4020 πρέσϐεις
1449 3949 1767 4020 ἀθρήσειας,
1809 3949 1948 4019 μήτε

371 4034 508 4107 πρὸς
540 4035 697 4107 ὕϐριν
754 4038 873 4093 τῶν-
894 4039 1360 4110 τετελευτηκότων
1415 4040 1603 4094 καινόν
1643 4057 1696 4092 τι
1755 4041 1953 4109 μεταλ-

373 4126 590 4182 λάττειν
622 4129 977 4198 ἐπιτρέψειας
997 4145 1010 4158 ·
1036 4129 1149 4182 ἀλλ’
1172 4130 1340 4201 ἐάσῃς
1371 4130 1636 4201 ἐμμένειν
1665 4131 1813 4200 ἡμᾶς
1841 4133 1953 4193 τοῖς

374 4217 527 4286 παρὰ
563 4217 673 4271 τῶν
707 4219 988 4290 προγόνων
1031 4221 1296 4292 ὁρισθεῖσί
1344 4240 1403 4275 τε
1442 4223 1535 4274 καί¹
1595 4221 1952 4292 νενομοθετη-

376 4310 581 4380 μένοις,
613 4309 707 4374 οὓς
749 4311 965 4366 ἅπαντα
1014 4315 1151 4384 μετὰ
1196 4313 1477 4384 ἀγχινοίας
1523 4331 1582 4366 τε
1616 4314 1711 4368 καὶ
1751 4315 1954 4385 φρονή-

2027 474 2152 514 cum
2183 459 2484 515 secundum
2518 467 2848 528 praeceptum
2893 465 3045 512 tuum
3081 460 3327 530 synodus
3358 461 3606 516 celebra-

2027 561 2202 617 retur,
2245 551 2460 606 occulta
2489 549 2720 604 fallacia
2752 551 2983 627 consilia
3011 551 3391 621 prodiderunt.
3415 552 3609 608 Conati

2029 643 2176 698 enim
2210 651 2340 698 sunt
2382 657 2479 712 per
2513 642 2795 696 vafriciem
2847 651 2901 696 et
2948 644 3240 697 tumultum
3295 661 3385 699 res
3437 661 3614 702 novas

2029 735 2267 799 inferre,
2321 735 2579 789 factionis
2637 750 2752 789 suae
2803 734 2984 791 socios
3049 737 3198 790 nacti
3260 735 3611 792 Germaniqu

1993 869 2000 876 .
2028 826 2344 898 quemdam,
2370 838 2423 882 et
2450 826 2808 890 Auxentium,
2833 836 2881 880 et
2913 827 3125 889 Caium,
3165 829 3259 897 qui
3305 831 3610 885 contentio-

2029 936 2151 974 nem
2179 927 2234 974 et
2261 919 2596 973 discordiam
2659 918 3003 972 suscitabant
3037 937 3051 973 :
3091 933 3326 988 quemn)
3365 921 3610 984 lueresis,

2029 1011 2281 1081 quamvis
2335 1025 2442 1064 una
2484 1010 2576 1076 sit,
2633 1025 2848 1065 omnem
2911 1018 3090 1064 tamen
3150 1010 3612 1080 blasphemiarum

2031 1118 2324 1157 numerum
2362 1111 2674 1172 exsuperat.
2706 1101 2777 1156 Ut
2821 1109 3002 1157 autem
3047 1101 3303 1156 viderunt
3353 1118 3453 1157 nos
3507 1119 3614 1156 non

2030 1195 2620 1264 ejusdemanitniesse,
2657 1211 2832 1265 neque
2858 1195 2913 1249 in
2942 1194 3010 1250 iis
3038 1195 3390 1264 astipulariin
3417 1195 3617 1265 quibus

2034 1285 2177 1340 male
2207 1287 2540 1348 sentiebant,
2585 1287 2641 1340 in
2695 1296 2944 1342 nostrum
2990 1302 3050 1342 se
3099 1301 3424 1342 consessum
3477 1287 3619 1342 insi-

2033 1387 2297 1445 nuarunt,
2319 1386 2376 1432 ut
2403 1378 2553 1432 aliud
2581 1379 2858 1448 quidpiam
2887 1379 3132 1433 scribere
3155 1377 3494 1434 viderentur.
3510 1377 3620 1434 Sed

2033 1485 2224 1525 eorum
2257 1479 2471 1526 mentes
2499 1471 2648 1526 brevi
2677 1479 2800 1541 post
2830 1469 3114 1540 patefactae
3155 1480 3304 1525 sunt.
3336 1469 3414 1526 Ne
3449 1470 3619 1540 igitur

2034 1577 2123 1617 res
2153 1561 2413 1618 Ecclesia:
2444 1562 2664 1618 easdem
2704 1577 2920 1632 semper
2979 1563 3035 1616 in
3085 1562 3417 1632 jactationes
3477 1562 3619 1618 rela-

2033 1653 2253 1716 bantur,
2281 1661 2336 1709 ct
2355 1654 2595 1724 gliscens
2614 1654 2879 1708 tumultus
2903 1668 2966 1708 ac
2994 1653 3340 1723 perturbatio
3363 1654 3622 1710 universa

2037 1744 2358 1809 confundat,
2385 1747 2602 1800 lirmum
2635 1760 2700 1800 ac
2723 1753 2901 1802 tutum
2926 1748 3104 1802 visum
3131 1756 3236 1812 est,
3259 1763 3322 1802 ea
3344 1763 3466 1817 qua:
3487 1747 3620 1800 olim

2037 1845 2240 1893 statuta
2268 1846 2398 1895 sunt
2431 1846 2548 1892 rata
2572 1847 2628 1894 et
2665 1840 2890 1894 immota
2933 1841 3163 1903 servari,
3220 1840 3623 1911 praedictosque

2037 1928 2205 1999 876
2231 1944 2262 1982 a
2293 1929 2682 1985 communione
2713 1938 2906 1985 nostra
2937 1933 3286 1995 _submovcri.
3344 1930 3624 1997 Quamob-

2041 2035 2154 2074 rem
2183 2021 2391 2090 legatos
2419 2020 2488 2074 ad
2517 2021 2998 2076 mansuetudinem
3040 2031 3188 2076 tuam
3229 2022 3502 2084 misimus,
3527 2021 3621 2092 qui

2040 2109 2261 2164 concilii
2318 2117 2555 2165 mentem
2617 2126 2714 2180 per
2763 2111 2977 2166 litteras
3035 2119 3254 2166 nostras
3309 2120 3621 2181 exponet»,

2041 2201 2241 2270 quibus
2279 2209 2408 2257 ante
2437 2203 2624 2256 omnia
2654 2201 2908 2257 dedimus
2930 2203 2984 2257 iu
3018 2202 3311 2267 mandatis,
3342 2210 3397 2256 ut
3425 2203 3625 2257 verita—

2043 2309 2152 2354 tcm
2181 2298 2347 2353 exiis
2388 2298 2719 2354 conﬁrment
2745 2340 2761 2365 ,
2803 2315 2927 2370 quae
2981 2313 3011 2352 a
3053 2299 3250 2370 priscis
3280 2298 3412 2352 olim
3463 2307 3610 2354 recte

2044 2390 2256 2446 saucita
2287 2397 2438 2456 sunt,
2464 2391 2740 2460 simulque
2774 2393 3028 2462 pietatem
3062 2401 3209 2446 tuam
3235 2391 3488 2456 doceant,
3514 2405 3624 2446 non

2044 2483 2188 2538 sicut
2219 2480 2482 2537 Ursacius
2507 2492 2561 2538 et
2587 2481 2788 2539 Valens
2817 2483 3030 2546 dixere,
3079 2498 3265 2553 pacem
3302 2480 3542 2537 futuram
3575 2483 3621 2538 si

2044 2575 2179 2645 quid
2209 2575 2342 2630 recti
2375 2575 2748 2640 subvertatur,
2784 2576 3080 2646 (quomodo
3109 2577 3254 2631 enim
3309 2576 3462 2644 pacis
3503 2576 3624 2630 vino

2044 2667 2198 2722 dices
2245 2667 2298 2721 lti
2339 2681 2462 2722 esse
2511 2668 2745 2737 possint,
2805 2668 2898 2736 qui
2953 2683 3139 2738 pacem
3188 2668 3477 2737 tollunt?)
3529 2666 3626 2722 sed

2047 2757 2336 2812 dissidium
2390 2758 2520 2814 hinc
2595 2761 2780 2830 potius
2860 2761 3442 2831 perturbationemque
3508 2767 3625 2813 tum

2047 2852 2102 2905 in
2122 2851 2349 2920 reliquis
2371 2851 2705 2918 civitatibus,
2725 2861 2838 2906 tum
2866 2855 2918 2907 in
2940 2853 3181 2908 Romana
3201 2855 3444 2910 Ecclesia
3462 2854 3629 2909 exsti-

2049 2950 2248 2997 turam.
2277 2941 2550 3008 Quocirca
2586 2945 3061 2999 mansuetudinem
3097 2953 3246 2999 tuam
3266 2946 3624 3007 obtestamur,

1970 3075 2013 3133 ϐ
2049 3043 2107 3087 ut
2148 3033 2399 3104 benignis
2427 3034 2654 3088 auribus
2687 3043 2740 3089 et
2769 3043 2964 3090 sereno
2995 3038 3146 3091 vultu
3175 3037 3382 3107 legatos
3403 3043 3628 3090 nostros

2046 3124 2302 3193 excipiat,
2344 3140 2520 3195 neque
2564 3125 2629 3180 ad
2679 3128 3067 3182 contumeliam
3119 3137 3460 3184 mortuorum
3501 3129 3627 3183 novi

2047 3216 2250 3288 aliquid
2285 3217 2469 3272 induci
2501 3219 2782 3288 permittat
2820 3239 2832 3274 :
2865 3221 2957 3275 sed
2989 3223 3040 3275 in
3069 3223 3136 3276 iis
3173 3237 3496 3292 permanere
3529 3237 3629 3278 nos

2048 3309 2222 3370 sinas,
2251 3323 2374 3378 quae
2405 3323 2432 3360 a
2480 3308 2783 3377 majoribus
2822 3309 3045 3364 definita
3097 3322 3152 3365 et
3211 3313 3420 3366 sancita
3474 3320 3625 3374 sunt,

2021 3416 2188 3470 quos
2218 3415 2415 3470 magno
2455 3400 2676 3467 ingenio
2705 3413 2759 3456 et
2795 3403 3082 3472 prudentia
3105 3443 3119 3468 ,
3183 3404 3390 3474 Spiritu
3432 3410 3629 3458 sancto

2050 3492 2210 3553 duce,
2253 3490 2437 3545 omnia
2462 3492 2640 3562 egisse
2669 3509 2778 3546 non
2804 3493 3116 3549 dubitemus
3155 3493 3452 3548 afﬁrmare.
3495 3492 3629 3559 Qua

2049 3585 2194 3640 enim
2227 3584 2299 3639 ab
2321 3585 2455 3654 ipsis
2483 3585 2834 3648 innovautur,
2866 3595 2918 3641 ct
2959 3587 3310 3642 credentibus
3332 3586 3628 3640 increduli-

2052 3685 2219 3730 tatem
2253 3680 2270 3700 ⁹
2293 3679 2570 3748 ingerunt,
2600 3688 2790 3734 etnon
2814 3679 3168 3736 credentibus
3215 3679 3626 3734 crudelitatem.

2053 3765 2423 3823 Obsecramus
2448 3785 2632 3840 porro,
2659 3781 2716 3824 ut
2743 3770 2762 3842 (
2789 3772 3068 3841 episcopis
3095 3773 3112 3834 )
3140 3771 3469 3842 peregrinis,
3490 3787 3631 3841 quos

2051 3865 2106 3914 et
2128 3859 2310 3929 gravis
2335 3869 2491 3925 aetas,
2512 3871 2566 3916 et
2597 3871 2887 3932 paupertas
2909 3863 3114 3935 allligit,
3141 3864 3353 3919 facilem
3385 3862 3452 3917 ad
3476 3863 3634 3922 sedes

2055 3965 2186 4006 suas
2223 3951 2455 4006 reditum
2506 3954 2734 4008 concedi
2783 3955 2998 4024 jubeas,
3041 3971 3109 4010 ne
3137 3956 3396 4012 Ecclesiae
3435 3953 3632 4008 ablatis

2053 4043 2327 4113 episcopis
2348 4043 2580 4098 desertae
2617 4043 2781 4114 877
2808 4047 3208 4115 relinquantur.
3246 4045 3360 4100 Hoc
3395 4044 3633 4114 denique

2054 4133 2122 4186 ad
2169 4140 2472 4188 extremum
2516 4147 2761 4198 oramus,
2827 4143 2886 4189 ut
2935 4135 3179 4204 antiquis
3238 4135 3476 4190 decretis
3531 4149 3633 4192 nec

2055 4223 2329 4277 adimatur
2357 4221 2832 4292 quidquam,nec
2889 4222 3160 4279 addatur:
3217 4225 3311 4279 sed
3373 4223 3633 4278 inviolata

2059 4322 2414 4384 permaneant
2453 4315 2658 4378 onmia,
2687 4331 2809 4385 quae
2835 4329 2865 4368 a
2902 4315 2971 4386 pii
2991 4316 3164 4386 patris
3189 4317 3264 4370 tui
3295 4315 3635 4386 temporibus

375 4419 513 4465 σεως
562 4403 657 4455 καὶ
709 4403 1022 4475 Πνεύματος
1068 4407 1225 4474 ἁγίου
1262 4408 1618 4478 πεποιηκέναι
1670 4407 1937 4478 φήσαιμει

2056 4407 2121 4461 ad
2148 4409 2287 4463 hanc
2311 4422 2482 4477 usque
2499 4407 2640 4462 diem
2669 4417 2885 4464 servata
2903 4418 3050 4464 sunt.
3070 4407 3254 4479 Neque
3276 4424 3376 4464 nos
3401 4407 3634 4478 amplius

373 4494 460 4550 ἄν.
493 4495 573 4548 Ti
599 4495 708 4571 γὰρ
754 4496 848 4550 νῦν
899 4499 1028 4568 παρ’
1063 4499 1288 4553 ἐκείνων
1327 4499 1794 4570 καινοτομούμενα
1835 4501 1951 4562 τοῖς

2057 4499 2297 4578 fatigari,
2331 4509 2385 4555 et
2416 4515 2445 4553 a
2480 4501 2737 4570 parmciis
2773 4502 2982 4562 nostris
3031 4503 3225 4565 abesse
3257 4503 3504 4575 patiare;
3539 4503 3634 4559 sed

1691 4655 1924 4713 VARUE
1953 4655 2368 4716 LECTlONES.

463 4772 508 4805 ⁸⁵
537 4771 632 4849 καὶ
659 4770 745 4849 διὰ
770 4770 1100 4849 196._Basil._
1117 4773 1392 4849 etAStepb.
1430 4775 1527 4849 dri
1549 4775 1648 4849 τοῦ
1678 4777 1884 4849 Κυρίου
1919 4775 2098 4849 ἡμῶν,
2134 4774 2290 4849 Socr.
2329 4772 2580 4849 ﬂilat‘ius
2601 4793 2624 4849 ξ,
2644 4788 2736 4842 per
2772 4773 3023 4849 Deum}!
3063 4775 3344 4849 Dominum
3366 4784 3629 4836 nostrum,

375 4853 482 4896 etc.
529 4842 606 4916 __'_‘_
633 4843 742 4916 πᾶν
769 4841 829 4916 το
848 4845 947 4912 τῆς
969 4843 1129 4913 άληο.
1168 4841 1326 4899 Socr.
1351 4853 1407 4899 et
1430 4845 1746 4916 Christoph.

1826 4849 1869 4880 ⁸⁷
1906 4844 2305 4917 σκῆψινίιιιὺςι
2337 4844 2682 4917 Christoph.,
2708 4845 2854 4917 quod
2892 4846 3022 4917 mihi
3051 4847 3224 4915 magis
3257 4847 3454 4917 placet,
3484 4862 3540 4914 q.
3574 4849 3628 4900 d.

378 4920 494 4988 tum
529 4910 606 4965 illi
639 4909 847 4988 lraudis
869 4909 983 4988 suae
999 4909 1165 4988 quasi
1193 4916 1434 4988 velamen
1471 4909 1808 4988 retexet-unt.
1887 4918 1934 4988 ξ’
1956 4909 2911 4988 ἑέέροίαςζϐιιτίδιορῂίρηρίδροιτ
2934 4909 3235 4988 Ἐτερείᾶίς,
3257 4909 3376 4988 "etc.
3403 4909 3628 4988 Soiom.

379 4981 978 5056 ενο-τοεαύτης-Βοείι.-
995 4981 1120 5056 Lat.
1152 4987 1314 5040 habet
1341 4981 1454 5038 οὖν.
1526 4985 1731 5056 ξ’τοὺς
1763 4987 1948 5041 συναλ.
1993 4981 2176 5056 δόρη,
2215 4981 3101 5056 Sozom.,—Niceplt.,_Christopli.
3151 4985 3631 5056 Συναλισκομένης

378 5050 544 5126 Basil.
569 5049 885 5126 Gr._et_L:t_t.
961 5054 1006 5085 ⁷⁸
1039 5056 1315 5126 Γερμτνὸν
1349 5072 1489 5108 τινα.
1523 5049 1720 5110 Iidem.
1744 5059 2035 5118 Athan..et
2071 5055 2291 5111 Sozom.
2324 5073 2338 5109 :
2369 5049 2693 5126 Γερμήνιᾴν.
2729 5049 3074 5124 Nicepliorus
3101 5072 3114 5109 ε
3155 5049 3469 5126 Γερμίνιονξ
3494 5049 3632 5126 con-'-

378 5123 652 5198 sentiente
682 5120 910 5198 Hilario,
935 5127 1027 5198 qui
1062 5120 1241 5198 tamen
1274 5126 1594 5198 Auxentium
1649 5141 1756 5198 non
1793 5128 1968 5198 magis
2029 5127 2211 5198 habet,
2261 5120 2454 5198 quam'
2481 5120 2561 5198 illi
2604 5125 2779 5180 Graeci
2808 5120 2946 5198 ίτένα
2992 5135 3114 5198 post
3150 5120 3322 5198 Γερμ.

378 5190 708 5266 Citrisloph;
730 5199 851 5266 post
873 5193 1110 5266 fultam,
1143 5193 1322 5258 Socr.,
1357 5197 1574 5250 Sozom.
1612 5203 1666 5251 et
1694 5190 1918 5266 Niceph'.

361 5260 640 5382 gévouoa,
673 5258 837 5314 Basil.
864 5260 955 5314 Gr.
995 5270 1048 5316 et
1082 5263 1199 5321 Lat.
1236 5282 1361 5320 cum
1402 5267 1588 5335 Steph.
1643 5258 1870 5322 rectius.

423 5339 628 5382 ocrale.
672 5327 915 5382 Hilarius
949 5350 960 5382 :
991 5343 1300 5382 nutaverant
1351 5336 1509 5382 aliter
1551 5351 1664 5382 esse
1709 5352 1866 5382 causa

3420 5125 3462 5156 '”
3493 5125 3628 5195 ἔριν.

2019 5198 2064 5227 τ’
2098 5197 2172 5265 μὴ
2205 5193 2459 5267 μένουσα.
2498 5196 2715 5250 Sozom.
2755 5204 2810 5250 et
2853 5193 3082 5267 Dliceph.
3118 5193 3236 5267 sine
3261 5193 3456 5267 sensu.
3504 5193 3634 5248 Δια-

1967 5267 2016 5299 τ³
2056 5264 2242 5336 ἕτερον
2291 5269 2446 5320 abest
2492 5268 2561 5320 ab
2608 5273 2842 5336 utroque
2871 5264 3038 5320 Basil.
3092 5275 3146 5319 et
3194 5265 3384 5335 Steph.
3429 5273 3485 5320 ut
3523 5284 3574 5319 τι
3604 5282 3633 5318 a

423 5339 628 5403 ocrate.
672 5327 915 5403 Hilarius
949 5350 960 5384 :
990 5343 1300 5400 putaverunt
1351 5327 1510 5390 aliter
1551 5351 1664 5389 esse
1709 5327 2168 5398 conscribendam,
2202 5336 2255 5388 in
2288 5351 2449 5403 quem
2487 5337 2712 5389 sensum
2755 5327 2946 5390 Crzcca
2981 5337 3219 5403 vulgata:
3255 5327 3506 5390 lectionis
3547 5336 3634 5390 in-

381 5399 704 5470 tellexerim.
750 5399 946 5470 Epiph.

382 5469 556 5534 magis
583 5471 776 5536 placet.

382 5539 752 5593 ralianabilia.

383 5609 648 5686 σελίνων-,η
664 5610 907 5686 Soz_om.,
949 5609 1200 5684 Nicepln,
1221 5609 1560 5686 'Christolih.

385 5695 551 5743 ιυιηη
588 5679 810 5752 Niceph.

985 5419 998 5454 :
1035 5413 1092 5454 ut
1121 5408 1273 5473 quasi
1299 5405 1447 5458 aliud
1473 5405 1798 5460 conscribere
1841 5406 2164 5460 viderentur.

873 5472 920 5544 ξ’
943 5471 1149 5544 ἐννομα
1179 5475 1329 5528 abest
1365 5491 1393 5526 a
1430 5475 1555 5529 Soz.
1591 5483 1647 5529 et
1677 5475 1904 5544 Niceph.
1944 5475 2170 5530 Rectius
2204 5473 2362 5544 Socr.
2396 5484 2449 5544 et
2479 5471 2801 5544 (Ihristoph.
2836 5474 3068 5544 ἔμμονα,
3097 5471 3638 5541 διαὺίίία.’11ἰιαι·ἱυβ,

855 5539 900 5573 ’⁸
929 5543 1037 5595 ἀπὸ
1063 5539 1163 5612 τῆς
1201 5544 1360 5613 ἡμετ.
1395 5544 1715 5616 Christ0ph.
1747 5539 1871 5613 post
1903 5544 2114 5598 Socrat.
2194 5544 2239 5576 "
2272 5543 2370 5615 τῷ.
2404 5541 2570 5599 Basil.
2603 5539 2724 5600 Lat.
2761 5555 2814 5598 et
2859 5539 3074 5600 Sticrat.
3152 5548 3196 5578 ⁷⁸
3223 5545 3450 5606 δικαίως
3504 5539 3640 5630 ὼριέ

855 5629 907 5672 ι..
949 5611 1200 5672 Niceplt.,
1243 5614 1560 5672 Chrislonlt.
1657 5617 1826 5672 ηὼς.
1857 5615 2019 5672 Basil.
2051 5613 2144 5669 Gr.
2247 5615 2294 5647 ⁸⁸
2335 5613 2634 5672 γαληναίω.
2673 5616 2957 5672 Albanas,
2991 5615 3148 5672 Socr.
3183 5615 3494 5672 Γαλτ-,νιαίψ
3538 5619 3640 5670 bu-

1775 5655 1826 5679 ἰ
1858 5654 2019 5672 υιὶσιιο
2053 5654 2113 5669 νι
2133 5654 2144 5667 ο

2260 5377 2319 5436 ’⁸1
2337 5403 2772 5474 κυλινδούμενος.
2815 5404 2971 5459 Socr.
2999 5414 3050 5459 et
3077 5377 3294 5460 gozom.
3325 5406 3470 5474 quod
3502 5406 3635 5460 mihi

2247 5615 2294 5647 ⁸⁸
2323 5613 2634 5688 γαληναίῳ.
2673 5616 2957 5678 Albanas,
2991 5615 3148 5672 Socr.
3183 5615 3494 5686 Γαληνιαίῳ
3538 5613 3640 5670 Su-
