4084 6196
403 307 539 376 Ῑθω

1410 309 2008 373 ΕΟΟΙΕὸΙΑΞΤΙΟΑΞ
2046 317 2429 379 HISTORIAS
2466 321 2611 380 LIB.
2638 320 2720 380 II.

3541 321 3676 385 1050

410 423 524 491 poi;
559 418 821 472 τοσαῦται
861 415 1178 487 Ἑκκλησίαι
1219 418 1350 472 ἄνευ
1393 417 1713 474 ἐπισκόπων
1757 421 1979 476 δοκῶσιν

2093 427 2230 486 sime
2293 430 2614 499 imperator,
2667 436 2726 482 ut
2774 437 2899 484 ante
2946 429 3294 500 asperitatem
3355 431 3578 498 hiemis,
3627 438 3674 489 si

401 507 566 573 εἶναι,
603 510 636 579 ὴ
669 507 735 580 σὴ
767 505 1022 578 εὐμένεια
1060 508 1265 578 ὁμοίως
1308 510 1439 580 ἡμῖν
1467 511 1747 578 γινώσκει.
1788 513 1880 566 Διὸ
1917 514 1982 587 δὴ

403 602 586 665 πάλιν,
618 599 925 664 ὲνδοξότατε
961 601 1326 672 αὐτοκράτορ,
1359 601 1590 673 δεόμεθα
1631 603 1718 657 ἴνα
1752 605 1857 670 πρὸ
1885 605 1986 676 τῆς

400 693 702 776 δεινότητος
750 688 842 742 τοῦ
875 690 1160 759 χειμῶνος,
1205 692 1253 744 εί
1309 691 1537 764 ἀρέσκει
1579 695 1644 763 τῇ
1683 695 1748 766 σῇ
1806 693 1987 762 φιλανο
2027 727 2044 736 ~

402 785 642 858 θρωπίᾳ,
685 785 765 846 εἰς
794 782 893 846 τὰς
947 781 1274 853 Ἐκκλησίας
1321 785 1417 848 τὰς
1465 785 1738 857 ἡμετέρας
1766 785 1986 840 ἐπανελο

400 881 512 931 θεῖν
558 876 842 948 κελεύσῃς,
891 875 1039 939 ὅπως
1091 875 1414 946 δυνηθῶμεν
1451 876 1527 947 τῷ
1581 878 1982 951 παντοκράτορι

397 971 535 1042 Θεῷ,
571 972 664 1024 καὶ
699 967 851 1040 [101]
890 967 969 1039 τῷ
1013 968 1236 1038 Χριστῷ
1286 967 1364 1039 τῷ
1404 969 1518 1039 Υίῴ
1557 970 1746 1033 αὑτοῦ,
1777 971 1854 1043 τῷ
1893 973 1986 1024 Δε-

2091 517 2412 590 henignitati
2466 530 2574 574 tua:
2613 521 2815 591 placet,
2874 537 2977 576 nos
3028 523 3094 576 ad
3143 521 3420 579 Ecclesias
3455 534 3673 582 nostras

2089 611 2271 665 redire
2318 612 2624 682 prmeipias,
2691 619 2752 666 ut
2800 615 3077 681 possimus
3118 615 3478 684 omnipotenti
3531 615 3661 684 Deo,

2092 708 2146 754 et
2175 701 2400 758 Christo
2441 702 2563 769 ejus
2581 702 2741 768 Filio,
2792 701 3020 757 Domino
3065 713 3118 759 et
3154 702 3432 760 Servatori
3481 717 3676 764 nostro.

2088 808 2189 862 pro
2211 802 2356 848 statu
2377 794 2544 864 879
2565 794 2775 863 imperii
2796 795 2892 857 tui,
2921 794 3383 864 quemadmodum
3409 795 3674 850 hactenus

2101 882 2330 938 fecimus
2361 893 2415 939 et
2467 882 2726 947 facimus,
2779 883 3053 938 solemnes
3088 898 3277 954 preces
3311 883 3509 938 offerre
3566 900 3674 938 una

2087 986 2212 1026 cum
2244 974 2463 1042 populo.

401 1067 570 1135 σπύτῃ
601 1062 694 1116 καὶ
730 1061 944 1131 Σωτῆρι
975 1059 1156 1130 ἡμῶν,
1184 1059 1325 1129 ὑπὲρ
1350 1060 1448 1130 τῆς
1475 1063 1863 1126 καταστάσεως
1887 1060 1982 1114 τοῦ
2021 1062 2257 1134 κράτους
2281 1081 2376 1118 σου
2410 1063 2526 1136 ἃμα
2554 1064 2696 1136 μετά
2719 1063 2825 1118 τῶν
2857 1061 3028 1128 λαῶν,
3090 1064 3273 1130 καθὼς
3336 1065 3672 1137 ἐποιήσαμεν

399 1161 494 1216 καὶ
529 1159 814 1230 ποιοῦμεν,
859 1157 1123 1229 μεγίστας
1160 1155 1370 1218 ἱκεσίας
1404 1158 1812 1227 προσενεγκεῖν.

985 1247 1205 1302 ΛΟΓΟΣ
1234 1251 1353 1317 ις’.

399 1345 536 1418 Περί
580 1345 690 1412 τῆς
737 1345 807 1397 ἐν
843 1343 999 1418 Νίκῃ
1044 1339 1148 1407 τῆς
1180 1341 1416 1418 Θρᾴκης
1449 1343 1494 1372 ’⁸
1543 1342 1833 1418 συνόδου,
1877 1342 1977 1418 καί

501 1411 741 1480 ἔκθεσις
785 1414 1044 1476 πίστεως
1079 1411 1216 1477 παρ’
1267 1411 1517 1464 ἐκείνων
1557 1413 1870 1480 γραφεῖσα,

466 1505 622 1561 Μετὰ
665 1503 823 1575 τήνδε
859 1501 956 1572 τὴν
1003 1500 1312 1570 ἐπιστολὴν,
1361 1501 1452 1553 τὸν
1503 1501 1766 1572 βασιλέως
1807 1501 1978 1574 θυμὸν

399 1598 834 1672 παραθήξαντες,
867 1595 1090 1664 ἄγουσιν
1112 1592 1345 1656 ἄκοντας
1377 1592 1484 1646 τῶν
1514 1596 1828 1648 ἐπισκόπων
1852 1595 1980 1660 τοὺς

2371 1247 2526 1304 CAP.
2559 1247 2698 1303 xvr.
2735 1249 2830 1322 [Β.
2864 1248 2943 1304 St.
2976 1249 3076 1303 cn.
3104 1245 3323 1314 γεω

2229 1337 2306 1392 De
2330 1340 2554 1393 concilio
2578 1343 2722 1408 apud
2751 1338 2943 1392 Nicam
2977 1338 3219 1392 Thracia:
3249 1338 3452 1394 habito.
3488 1346 3538 1392 ει

2373 1411 2634 1478 expositio
2674 1409 2798 1479 ﬁdei
2832 1410 2896 1462 ab
2929 1409 3038 1463 illis
3069 1408 3388 1478 conscripta.

2162 1499 2377 1556 Perlata
2413 1501 2515 1555 hac
2563 1501 2822 1571 epistola,
2863 1517 2989 1556 cum
3036 1500 3390 1570 imperatoris
3418 1501 3663 1556 animum

2087 1593 2402 1648 irritassent
2430 1594 2639 1657 Ariani,
2665 1594 2934 1663 plurimos
2978 1594 3366 1663 cpisc0porum
3397 1593 3452 1646 in
3482 1593 3672 1649 urbem

399 1657 682 1752 πλείστόῦς
709 1657 948 1752 εῖςντινα
975 1686 1129 1740 πόλιν
1158 1685 1256 1756 τῆς
1283 1685 1505 1756 Θρᾴκης
1525 1703 1538 1715 ο
1565 1687 1708 1756 Νίκη
1735 1687 1788 1739 δὲ
1811 1657 1979 1755 ὄνομα

2087 1683 2378 1752 quanu'lam
2410 1679 2680 1746 Thraciae,
2735 1681 2924 1737 Nicam
2963 1683 3204 1749 nomine,
3243 1681 3448 1738 invitos
3503 1683 3673 1739 dedu-

395 1784 605 1856 ταύτῃσ
666 1783 760 1837 καὶ
815 1781 1059 1835 πείθουσι
1095 1779 1222 1842 τοὺς
1271 1779 1371 1850 μὲν
1419 1779 1850 1851 βουκολήσαντες
1913 1781 1980 1836 δι’

398 1877 700 1946 ἁπλότητα,
748 1873 874 1937 τοὺς
907 1873 964 1926 δὲ
999 1871 1335 1942 δεδιξάμενοι
1383 1870 1452 1938 ’⁷,
1499 1872 1598 1944 τὴν
1629 1873 1797 1927 πάλαι
1839 1875 1982 1928 κατά

396 1969 497 2038 τῆς
548 1964 830 2028 εὐσεϐείας
888 1965 1075 2027 αὐτοῖς
1125 1963 1507 2034 ὲξευρεθεῐσαν
1575 1963 1982 2034 ἐξεργάσασθαι

399 2060 645 2130 μηχανήν
671 2075 686 2090 ·
729 2057 822 2111 καὶ
868 2057 967 2127 τὴν
1013 2057 1113 2128 μὲν
1148 2057 1367 2110 οὐσίαν
1415 2056 1508 2110 καὶ
1549 2055 1610 2109 τὸ
1660 2058 1984 2126 ὀμοούσιον

395 2149 647 2222 ἐξορύξαι
687 2151 784 2220 τῆς
829 2149 1088 2212 πίστεως,
1139 2149 1372 2202 ἐνθεῖναι
1417 2148 1474 2200 δὲ
1521 2148 1640 2202 ἀντὶ
1677 2149 1882 2203 τούτων
1923 2151 1982 2204 τὸ

397 2243 620 2310 ὅμοιον.
669 2240 951 2308 Ἐντίθημι
975 2240 1031 2293 δὲ
1064 2240 1157 2293 καὶ
1181 2240 1384 2311 ταύτην
1413 2242 1477 2309 τῇ
1507 2240 1738 2312 ἱστορίᾳ,
1780 2243 1878 2313 οὐχ
1906 2243 1979 2306 ὡς

395 2327 453 2385 εὖ
522 2332 768 2403 ἔχουσαν,
829 2331 1066 2408 ἀλλ’ὡς
1114 2331 1214 2402 τὴν
1273 2331 1484 2403 Ἀρείου
1537 2333 1849 2403 συμμορίαν
1903 2336 1982 2388 δι-

395 2421 721 2492 ελέγχουσαν
746 2439 760 2454 ο
813 2422 933 2474 οὐδὲ
978 2423 1087 2493 γὰρ
1115 2421 1318 2492 ταύτης
1357 2423 1406 2474 οἱ
1458 2421 1552 2475 νῦν
1595 2423 1982 2490 δυσσεὸοῦντες

394 2513 707 2583 ἀντέχονται
733 2513 798 2577 ’⁸,
840 2512 955 2566 ἀλλ’
996 2514 1116 2567 ἀντὶ
1156 2513 1247 2567 τοῦ
1293 2512 1484 2585 ὁμοίου
1543 2513 1874 2586 κηρύττουσι
1918 2517 1980 2571 τὸ

391 2606 696 2674 ἀνόμοιον.

393 2698 603 2762 Πίσας
634 2697 945 2752 ἐκτεθεῖσα
980 2697 1244 2821 ἐνέΝίκῃ
1289 2698 1399 2767 τῆς
1439 2701 1695 2770 Θρᾴκης,
1748 2703 1860 2755 οὐκ
1907 2697 1976 2756 εὖ

1098 2783 1313 2821 νουσα.

1093 2783 1313 2837 χουσα.

462 2854 797 2927 Πιστεὺομεν
826 2858 906 2920 είς
934 2857 1032 2911 ἕνα
1063 2857 1158 2910 κοιλ⁵
1191 2857 1352 2926 μόνον
1392 2859 1649 2931 ἀληθινὸν
1677 2861 1830 2924 Θεὸν,
1863 2861 1971 2914 Πα-

393 2950 526 3022 τέρα
557 2950 996 3020 παντοκράτορα,
1050 2948 1109 3015 ἐξ
1159 2943 1220 3003 οῦ
1270 2951 1338 3006 τὰ
1387 2954 1584 3010 πάντα.
1636 2955 1854 3017 Καὶείς
1884 2955 1976 3008 τὸν

397 3043 660 3112 μονογενῆ
707 3042 837 3094 Υίὸν
879 3041 973 3094 τοῦ
1015 3041 1186 3108 Θεοῦ,
1235 3043 1327 3097 τὸν
1373 3047 1478 3116 πρὸ
1521 3047 1738 3100 πάντων
1773 3046 1883 3100 τῶν
1929 3050 1974 3081 ¹⁹⁹

393 3130 627 3191 αἰώνων,
663 3130 756 3184 καὶ
799 3131 904 3200 πρὸ
939 3130 1120 3201 πάσης
1163 3132 1339 3202 ἀρχῆς
1390 3133 1720 3205 γεννηθέντα
1769 3138 1834 3189 ὲκ
1881 3136 1975 3191 τοῦ

393 3219 551 3285 Θεοῦ,
586 3221 653 3274 δι’
684 3215 744 3275 οῦ
775 3222 843 3274 τὰ
875 3221 1051 3274 πάντα
1085 3221 1322 3289 ἐγένετο,
1359 3223 1428 3277 τά
1472 3241 1532 3276 τε
1573 3224 1745 3295 ὁρατὰ
1787 3226 1881 3284 καὶ.
1909 3227 1977 3281 τὰ

393 3314 620 3384 ἀόρατα.
647 3311 984 3381 Γεννηθέντα
1018 3312 1075 3365 δὲ
1107 3315 1368 3384 μονογενῆ
1408 3315 1568 3387 μόνον
1597 3319 1660 3370 ἐκ
1686 3317 1850 3386 μόνου
1881 3317 1974 3371 τοῦ

394 3404 624 3474 Ματρὸς,
661 3404 794 3456 Θεὸν
828 3405 892 3458 ὲκ
920 3404 1052 3458 Θεοῦ
1077 3419 1092 3434 ·
1120 3405 1304 3475 ὅμοιον
1331 3406 1408 3476 τῷ
1431 3408 1786 3476 γεγεννηκότι
1813 3409 1976 3464 αὑτὸν

392 3493 590 3564 Πατρὶ.
615 3493 756 3546 κατά
799 3494 896 3558 τὰς
948 3495 1192 3566 Γραφάς.
1247 3489 1321 3549 Οῦ
1359 3497 1458 3566 τὴν
1501 3498 1756 3568 γέννησιν
1801 3499 1976 3563 οὐδεὶς

393 3579 555 3646 οἶδεν,
583 3583 632 3635 εί
663 3582 738 3654 μὴ
769 3582 927 3652 μόνος
955 3584 982 3636 6
1028 3587 1297 3654 γεννήσας
1331 3587 1494 3640 αὐτὸν
1528 3588 1740 3659 Πατήρ.
1774 3589 1975 3642 Τοῦτον

393 3673 612 3744 οἴδαμεν
650 3675 910 3744 μονογενῆ
938 3674 1074 3728 Θεοῦ
1107 3676 1254 3738 Υἱὸν,
1289 3677 1602 3748 πέμποντος
1621 3677 1714 3732 τοῦ
1738 3681 1973 3750 Πατρὸς,

393 3763 876 3837 παραγεγενῆσθαι
910 3764 974 3816 ὲκ
997 3764 1104 3816 τῶν
1131 3765 1395 3835 οὐρανῶν,
1421 3767 1606 3829 καθὼς
1640 3769 1970 3839 γέγραπται,

391 3861 472 3921 είς
513 3858 840 3929 καθαίρεσιν
879 3857 1158 3929 ἁμαρτίας
1195 3860 1287 3911 καὶ
1329 3858 1560 3914 θανάτου
1587 3875 1599 3890 ·
1653 3862 1748 3915 καὶ
1782 3879 1973 3934 γεννη-

390 3949 549 4003 θέντα
582 3951 646 4004 ὲκ
676 3948 992 4020 Πνεῦματος
1029 3948 1184 4016 ἁγίου
1233 3950 1327 4002 καὶ
1371 3949 1592 4019 Μαρίας
1626 3951 1725 4022 τῆς
1759 3952 1974 4024 Παρθέ-

390 4057 504 4101 νου,
537 4039 723 4104 καθὼς
761 4041 1096 4111 γέγραπται,
1152 4041 1295 4094 κατά
1350 4041 1562 4112 σάρκα·
1610 4044 1704 4096 καὶ
1747 4060 1974 4099 συνανα-

390 4131 697 4203 στραφέντα
730 4131 868 4201 μετά
895 4131 1002 4184 τῶν
1038 4130 1298 4200 μαθητῶν
1322 4148 1336 4162 ·
1372 4132 1468 4184 καὶ
1501 4131 1683 4203 πάσης
1705 4134 1803 4202 τῆς
1829 4135 1967 4188 οίκο·

388 4223 579 4292 νομίας
606 4222 987 4292 πληρωθείσης
1021 4221 1162 4275 κατὰ
1190 4222 1289 4292 τὴν
1325 4221 1578 4291 βούλησιν
1602 4222 1693 4276 τοῦ
1735 4225 1969 4294 Πατρδς,

391 4314 612 4384 σταυρῷ
642 4313 1088 4385 προσηλωθέντα,
1123 4313 1462 4368 ἀποθανόντα
1483 4315 1847 4385 καὶταφέντα,
1877 4320 1973 4373 καὶ
2007 4355 2053 4413 D

390 4406 472 4468 εἰς
523 4405 593 4457 τὰ
656 4404 988 4474 καταχθόνια
1032 4405 1396 4458 κατελθόνταο
1441 4406 1501 4459 δν
1553 4407 1717 4471 αὐτὸς
1759 4410 1787 4460 6
1839 4409 1972 4482 ᾅδης

391 4494 661 4566 ὲτρὸμαξε
690 4510 704 4525 °
745 4494 840 4547 καὶ
881 4493 1170 4547 ἀνελθόντα
1193 4495 1300 4548 ἀπὸ
1338 4496 1448 4548 τῶν
1480 4497 1688 4566 νεκρῶν
1720 4501 1786 4570 τῇ
1812 4500 1972 4574 τρίτῃ

393 4587 576 4660 ἡμέρᾳ
613 4586 1126 4654 συναναστραφέντα
1169 4586 1308 4657 μετά
1353 4587 1461 4641 τῶν
1495 4589 1753 4660 μαθητῶν
1776 4610 1972 4647 τεσσα-

395 4680 630 4750 ράκοντα
651 4680 665 4710 ¹
694 4679 920 4750 ἡμερῶν
947 4677 1359 4749 πληρουμένων·
1379 4680 1473 4734 καὶ
1491 4680 1868 4752 ἀναληφθέντα
1889 4687 1970 4751 εἰς

391 4769 515 4834 τοὺς
543 4771 829 4841 οὐρανοὺς,
873 4768 969 4822 καὶ
1009 4768 1375 4840 καθεζόμενον
1411 4770 1474 4822 ἐκ
1507 4769 1696 4834 δεξιῶν
1738 4773 1832 4827 τοῦ
1863 4775 1973 4828 Πα-

389 4859 514 4928 τρός
534 4874 547 4888 ⁸
580 4859 872 4930 ἐρχόμενον
900 4861 956 4913 δὲ
977 4862 1040 4930 τῇ
1072 4859 1275 4929 ἐσχάτῃ
1306 4859 1484 4936 ἡμέρᾳ
1504 4861 1604 4931 τῆς
1622 4865 1971 4930 ἀναστάσεως

392 4950 530 5020 μετὰ
559 4951 716 5022 δόξης
751 4949 900 5023 [ΙΟΞ]
930 4952 1224 5023 πατρικῆς.
1262 4951 1554 5005 ἀποδοῦναι
1588 4953 1804 5024 ἑκάστῳ
1827 4956 1970 5010 κατὰ

387 5042 455 5097 τὰ
481 5043 615 5114 ἔργα
638 5044 826 5097 αὑτοῦ.
865 5046 975 5098 Καὶ
1003 5047 1081 5108 είς
1127 5043 1354 5115 Πνεῦμα
1385 5043 1563 5112 ἅγιον,
1582 5045 1720 5117 ὅπερ
1751 5048 1910 5113 αὐτὸς
1939 5050 1968 5102 6

391 5137 685 5204 μονογενὴς
717 5135 808 5189 τοῦ
848 5135 984 5188 Θεοῦ
1017 5138 1141 5200 Tib;
1183 5136 1392 5208 Ἰησοῦς
1424 5137 1659 5207 Χριστὸς
1681 5139 1846 5203 Θεὸς¹
1874 5143 1968 5194 καὶ

388 5225 591 5296 Κύριος
620 5227 988 5297 ἐπηγγείλατο
1004 5230 1320 5282 ἀποστεῖλαι
1343 5228 1419 5299 τῷ
1445 5228 1592 5297 γένει
1615 5230 1724 5283 τῶν
1754 5233 1966 5296 ἀνθρώ-

2088 1783 2244 1838 cunt,
2276 1783 2328 1829 et
2380 1776 2580 1845 partim
2621 1774 2748 1829 dolo
2778 1775 3172 1830 circumventis
3229 1776 3301 1829 ob
3345 1775 3668 1846 simplicitao

2085 1873 2217 1932 tem,
2260 1867 2458 1936 partim
2518 1875 2664 1921 metu
2696 1865 2977 1921 exterritis
3009 1867 3363 1936 persuadent,
3395 1875 3454 1922 ut
3502 1882 3665 1938 quam

2086 1956 2191 2028 ipsi
2243 1957 2450 2011 «ludum
2487 1956 2756 2012 adversus
2819 1957 3071 2027 pietatem
3116 1957 3422 2012 machinam
3455 1960 3672 2030 excogi-

2084 2057 2287 2114 taraut,
2325 2049 2615 2104 absolvant
2661 2057 2825 2120 atque
2861 2048 3168 2119 perﬁciant,
3212 2049 3583 2119 detractisque
3607 2052 3673 2106 de

2085 2143 2204 2196 fidei
2236 2142 2468 2197 formula
2498 2143 2722 2198 vocibus
2741 2141 3056 2196 substantia!
3085 2149 3138 2196 et
3165 2143 3660 2210 consubstmtlialis,

2085 2235 2279 2288 harum
2325 2236 2448 2289 loco
2477 2235 2650 2290 simile
2697 2236 3056 2291 substituant.
3107 2235 3281 2302 Quam
3316 2236 3529 2290 illorum
3564 2239 3673 2292 for-

2083 2327 2290 2381 mulam
2337 2328 2583 2382 historize
2614 2339 2817 2384 nostra:
2857 2330 3064 2390 insero,
3094 2345 3202 2383 non
3247 2331 3404 2400 quasi
3440 2341 3586 2386 recte
3613 2348 3673 2387 se

2083 2418 2300 2482 habeat,
2327 2421 2418 2475 sed
2435 2423 2578 2492 quod
2602 2422 2714 2475 Arii
2737 2420 3032 2476 factionem
3055 2422 3348 2477 manifesto
3387 2436 3669 2494 cuarguat.

2082 2508 2271 2579 Neque
2303 2512 2450 2565 enim
2479 2513 2628 2566 illam
2657 2514 3063 2582 amph-ctuntur
3089 2513 3256 2583 hujus
3285 2515 3463 2570 aetatis
3494 2515 3670 2586 impii,

2081 2603 2180 2660 scd
2213 2618 2311 2672 pro
2342 2604 2507 2659 simili
2539 2603 2802 2658 dissimile
2827 2605 3143 2675 praedicant.

2156 2694 2415 2749 Perversw
2440 2695 2566 2765 ﬁdei
2593 2697 2824 2765 formula
2857 2695 2999 2778 apud
3032 2695 3227 2751 Nicam
3269 2695 3511 2754 Thracia!

2725 2777 3036 2834 composita.

2156 2853 2453 2910 Credimus
2477 2855 2532 2909 in
2561 2872 2730 2910 unum
2753 2865 2806 2911 et
2829 2857 3006 2910 solum
3028 2873 3215 2912 verum
3244 2857 3434 2924 Deum,
3454 2856 3669 2913 Patrem

2079 2943 2537 3012 ornuipotcntem,
2567 2959 2630 2996 ex
2665 2959 2774 3013 quo
2801 2944 3007 2998 omnia.
3031 2944 3094 2999 Et
3125 2945 3179 3000 in
3201 2946 3541 3016 unigenitum
3583 2944 3674 2999 Fi-

2083 3035 2215 3089 lium
2253 3034 2366 3096 Dei,
2404 3046 2534 3089 ante
2559 3037 2743 3089 omnia
2778 3037 3000 3103 szecula,
3035 3046 3090 3092 et
3120 3047 3248 3093 ante
3272 3054 3436 3094 omne
3461 3039 3670 3110 princi-

2085 3128 2234 3198 pium
2265 3141 2329 3180 ος
2367 3124 2474 3179 Deo
2505 3127 2776 3194 genitum,
2809 3144 2905 3198 per
2930 3145 3098 3198 quem
3136 3132 3321 3184 omnia
3350 3130 3488 3186 facta
3519 3139 3668 3196 sunt,

2084 3217 2317 3272 visibilia
2337 3225 2388 3271 ct
2407 3217 2724 3272 invisibilia.
2743 3218 3000 3274 Genitum
3016 3230 3197 3276 autem
3220 3223 3563 3294 unigenitum
3579 3239 3671 3279 so-

2083 3311 2195 3364 lum
2215 3325 2278 3364 ex
2313 3309 2432 3366 solo
2451 3310 2465 3328 ⁶
2498 3307 2682 3373 Patre,
2707 3310 2872 3366 Deum
2899 3311 2966 3366 de
2986 3311 3118 3376 Deo,
3139 3313 3373 3371 similem
3397 3315 3545 3370 Patri
3575 3316 3669 3386 qui

2081 3417 2204 3458 eum
2251 3401 2440 3472 genuit
2493 3401 2796 3457 secundum
2850 3403 3188 3472 Scripturas.
3227 3405 3398 3474 Cujus
3442 3422 3670 3476 genera-

2081 3491 2286 3546 tionem
2323 3505 2485 3545 nemo
2534 3491 2706 3558 novit,
2742 3493 2850 3547 nisi
2880 3493 3032 3548 solus
3061 3491 3226 3548 Pater
3251 3495 3342 3564 qui
3385 3495 3574 3566 genuit
3600 3495 3666 3548 it-

2082 3581 2218 3636 lum.
2251 3581 2408 3636 Hunc
2446 3583 2697 3640 novimus
2729 3584 3068 3655 unigenitum
3103 3584 3197 3641 Dei
3227 3587 3423 3640 Filium
3454 3601 3483 3639 a
3509 3585 3668 3640 Patre

2082 3672 2312 3726 missum
2340 3673 2510 3743 880
2529 3672 2887 3730 descendisse
2915 3674 2983 3730 de
3011 3675 3188 3742 cretis,
3217 3677 3364 3732 sicut
3389 3676 3657 3746 scriptum

2080 3774 2184 3828 est,
2221 3764 2277 3819 in
2311 3765 2744 3821 destructionem
2800 3767 3010 3837 peccati
3047 3774 3102 3823 et
3149 3769 3344 3824 mortis
3375 3787 3389 3824 :
3422 3778 3475 3824 et
3509 3768 3667 3839 geni-

2081 3862 2198 3908 tum
2227 3872 2293 3911 ex
2323 3855 2530 3926 Spiritu
2558 3867 2751 3913 sancto
2781 3871 2834 3913 et
2863 3858 3030 3914 Maria
3063 3861 3296 3931 virgine,
3333 3862 3480 3915 sicut
3519 3861 3658 3916 scri-

2083 3955 2234 4018 ptum
2290 3959 2396 4012 est,
2447 3949 2752 4004 secundum
2811 3966 3057 4016 carnem,
3091 3961 3147 4008 et
3193 3970 3318 4009 cum
3377 3954 3670 4025 discipulis

2079 4047 2358 4094 versatum
2411 4055 2579 4096 esse:
2631 4050 2683 4097 et
2740 4044 2999 4100 universa
3053 4046 3466 4115 dispensatione
3508 4046 3668 4115 juxta

2079 4125 2260 4184 Patris
2308 4129 2640 4182 voluntatem
2693 4131 2929 4200 expleta,
2978 4133 3330 4194 cruciﬁxum,
3386 4137 3666 4185 mortuum

2079 4232 2130 4277 et
2159 4221 2458 4292 sepultum,
2513 4222 2865 4278 descendisse
2897 4225 2962 4280 ad
3010 4225 3238 4291 inferos,
3271 4239 3435 4295 quem
3493 4221 3666 4278 infer-

2079 4328 2184 4367 nus
2219 4312 2336 4382 ipse
2386 4311 2694 4379 exhorruit,
2745 4315 3120 4370 resurrexisse
3155 4315 3449 4373 amortuis
3499 4315 3663 4372 tertia

2080 4406 2192 4470 die,
2220 4413 2500 4460 versatum
2537 4419 2663 4460 esse
2711 4419 2836 4459 cum
2875 4405 3164 4476 discipulis
3191 4406 3384 4462 diebus
3433 4408 3666 4477 integris

2079 4495 2467 4566 quadraginta,
2509 4506 2850 4566 assumptum
2891 4496 2958 4550 ad
2996 4497 3190 4564 caelos,
3219 4497 3408 4554 sedere
3437 4500 3503 4553 ait
3534 4499 3664 4554 dcx.

2079 4596 2253 4644 teram
2311 4587 2491 4643 Patris
2525 4607 2538 4643 :
2593 4597 2880 4645 venturum
2915 4589 2969 4645 in
3019 4591 3214 4646 ultimo
3240 4591 3666 4648 resurrectionis

2079 4679 2168 4734 die
2201 4695 2324 4733 cum
2371 4680 2543 4750 gloria
2590 4677 2794 4743 Patris,
2828 4692 2885 4736 ut
2913 4683 3107 4740 reddat
3155 4685 3457 4755 unicuique
3502 4685 3661 4755 juxta

2076 4787 2241 4842 opera
2271 4788 2392 4827 sua.
2426 4771 2493 4825 Et
2520 4772 2575 4826 in
2608 4771 2875 4842 Spiritum
2908 4783 3362 4848 sanctum,qucm
3396 4779 3512 4847 ipse
3539 4775 3660 4831 unl-

2074 4862 2292 4931 gcuitus
2320 4861 2409 4916 Dei
2437 4861 2626 4927 Filius,
2657 4860 2820 4918 Iesus
2843 4865 3097 4922 Christus
3127 4865 3269 4922 Deus
3289 4874 3344 4920 et
3373 4863 3663 4938 Dominus,

2076 4952 2327 5022 promisit
2373 4969 2434 5009 se
2471 4953 2768 5008 missurum
2805 4957 2990 5026 generi
3024 4957 3265 5012 humano
3287 4956 3660 5026 Paraeletum,

2075 5048 2222 5104 sicut
2251 5048 2518 5118 scriptum
2555 5057 2660 5114 est,
2714 5048 2980 5120 Spiritum
3033 5050 3304 5104 veritatis.
3337 5049 3510 5115 Quem
3543 5051 3662 5118 ipse

2077 5141 2228 5196 misit
2254 5149 2539 5212 postquam
2597 5151 2918 5212 assumptus
2947 5150 3032 5198 est
3063 5141 3133 5196 ad
3176 5142 3367 5206 caelos,
3409 5141 3661 5210 seditque

2076 5234 2143 5287 ad
2161 5235 2438 5289 dexteram
2462 5237 2658 5303 Patris,
2685 5239 2828 5294 unde
2854 5245 3117 5291 venturus
3141 5242 3223 5292 cst
3241 5234 3492 5306 judicare
3509 5234 3659 5288 vivos

1699 5415 1932 5472 νΑΒιρΕ
1973 5417 2379 5476 LECTIONES.

470 5521 517 5552 οι
542 5519 912 5591 γεγενημένης
941 5519 1147 5576 addunt
1199 5535 1406 5582 caetera:
1433 5530 1565 5585 edit.

1659 5534 1703 5606 τ’
1738 5535 2132 5606 διαδεξάμενοι.
2167 5537 2404 5592 Casauh.
2451 5536 2803 5606 Διδαξάμενοι
2839 5539 3028 5604 Steph.
3077 5540 3112 5592 2
3155 5540 3333 5593 adhuc
3372 5538 3650 5594 vitiosius.

387 5589 434 5678 ’ἦ
454 5589 791 5678 ἀνέχονται..
809 5589 1001 5658 Steph.
1020 5592 1080 5678 β,
1110 5593 1718 5678 Casaub.,_Christppti.
1750 5614 1804 5659 et
1835 5589 2039 5678 Sc'alig.
2106 5607 2152 5638 ”
2176 5589 2725 5678 petivrabestaiiasil.
2754 5589 2925 5664 οτῖᾶ
2939 5589 3134 5678 Steph.
3159 5589 3354 5664 “Vl—iw.
3386 5589 3654 5662 liminis

707 5662 1312 5752 ffiffaﬁllll’jfjﬂjl’:
1351 5661 1641 5752 fjlaknrpq;
1671 5673 1846 5752 Bene;
1880 5661 2130 5752 equidem
2171 5677 2310 5731 haud
2384 5661 2744 5752 scioqan’n‘ou
2962 5661 3175 5752 possint
3225 5661 3457 5752 vulgata
3489 5661 3652 5733 verba

393 5732 476 5785 sic
507 5732 664 5797 verti,
707 5732 1167 5810 quemadmodum
1212 5732 1314 5789 fert
1350 5732 1736 5806 Sirmdndiaua
1784 5732 2157 5815 interpretatio
2179 5762 2304 5804 cum
2362 5749 2596 5803 caeteris.
2671 5732 2693 5780 γ’
2725 5751 2752 5802 6
2779 5749 2932 5811 Θεὸς.
2963 5732 3155 5805 iidem.
