4084 6196
498 317 631 380 1059

1445 308 1936 375 ΤΗΕΟΠΟΒΕΤΙ
1974 309 2315 374 EPISCOPI
2344 309 2716 376 IIYRENSIS

3636 305 3770 373 10Γο

495 431 557 478 ιιι
589 421 761 479 solam
794 418 1095 478 clausulam
1131 419 1220 474 IN
1256 417 1564 478 εΑεεοιΑ
1601 417 2075 476 S/ECULORUM

2186 420 2308 489 σιγῇ
2360 423 2460 492 τήν
2501 421 2809 490 δοξολογίαν
2860 421 3188 493 προσέφερεν
3242 415 3406 492 μόνον
3450 420 3507 475 δὲ
3558 421 3618 474 τὸ
3664 421 3768 476 ΕΙΣ

495 517 784 580 audirent,
823 515 915 584 qui
951 514 1176 585 propius
1226 513 1502 568 astabant.
1553 513 1631 567 Ac
1672 513 1776 568 nisi
1808 526 2074 566 summam

496 607 698 678 ingenii
733 606 853 675 ejus
881 605 1144 660 malitiam
1177 605 1284 658 alia
1321 605 1705 676 prodidissent
1727 645 1740 668 ,
1773 604 1888 658 haac
1922 605 2074 658 illum

494 700 704 753 diceret
732 699 964 754 fortasse
989 699 1260 768 quispiam
1293 698 1602 751 communis
1631 698 1814 768 populi
1848 709 2078 751 concor-

500 792 603 846 diae
628 791 812 846 studio
837 791 1202 861 excogitasse.
1238 789 1344 843 Sed
1377 805 1500 843 cum
1535 791 1799 843 adversus
1830 789 2078 843 veritatis

501 894 762 952 patronos
789 883 973 953 gravia
1005 883 1172 936 multa
1203 882 1513 942 moliretur.
1548 893 1601 936 et
1629 881 1926 951 impietatis
1957 897 2080 950 par-

499 976 697 1045 ticipes
731 975 880 1029 omni
930 973 1117 1030 studio
1165 973 1406 1035 foveret,
1460 981 1645 1043 aperte
1696 974 1871 1043 patuit
1923 974 2075 1026 illum

501 1067 628 1120 mali
659 1067 832 1121 labem
862 1067 1119 1135 obtegere
1140 1107 1154 1131 ,
1189 1065 1388 1134 partim
1428 1066 1615 1134 populi
1649 1074 1794 1118 metu
1819 1107 1832 1129 ,
1877 1066 2078 1134 partim

499 1158 570 1213 ob
601 1174 798 1229 graves
846 1160 1026 1212 minas
1056 1157 1368 1212 Constantii
1399 1166 1592 1211 contra
1626 1173 1721 1212 eos
1755 1158 1845 1227 qui
1878 1155 2080 1210 Filium

498 1249 825 1306 dissimilem
859 1250 1044 1304 dicere
1076 1250 1364 1303 auderent.
1420 1248 1551 1318 Ejus
1594 1265 1758 1319 porro
1785 1250 2082 1304 consilium

499 1341 643 1396 facta
690 1341 808 1412 ipsa
851 1342 1226 1396 declararunt.
1263 1342 1544 1410 Quotquot
1585 1341 1730 1394 enim
1778 1342 2082 1410 apostolica

498 1434 756 1505 dogmata
787 1433 1183 1504 sequebantur,
1218 1433 1306 1488 his
1341 1450 1442 1489 nec
1477 1433 1718 1488 studium
1749 1435 1952 1498 ullum,
1976 1450 2086 1491 nec

497 1525 903 1580 ordinationem
947 1525 1300 1594 impertiebat
1333 1544 1345 1580 :
1382 1527 1599 1581 Arianae
1633 1534 1814 1580 autem
1849 1531 2087 1585 vesania:

499 1619 830 1688 participes,
862 1626 916 1673 et
958 1620 1195 1672 maxima
1246 1618 1299 1672 in
1351 1620 1683 1674 auctoritate
1735 1622 1879 1690 apud
1933 1622 2083 1675 illum

497 1717 688 1770 erant,
722 1717 778 1764 et
806 1710 984 1764 sacris
1032 1709 1336 1764 honoribus
1385 1713 1750 1780 augebantur.
1793 1710 1897 1766 Per
1941 1713 2082 1766 idem

499 1811 715 1872 tempus
738 1803 929 1856 Aetius
952 1840 967 1864 ,
998 1802 1261 1870 magister
1293 1800 1545 1855 Eunomii
1573 1843 1588 1868 ,
1620 1804 1713 1873 qui
1745 1806 1862 1858 suis
1897 1805 2088 1860 inven-

498 1895 570 1950 tis
612 1894 872 1948 Arianam
917 1893 1316 1963 blasphemiam
1365 1895 1759 1962 locupletavit,
1802 1897 1854 1951 in
1897 1913 2086 1952 nume-

502 2002 621 2039 rum
669 1988 1030 2041 diaconorum
1081 1987 1358 2056 ascriptus
1400 1994 1507 2041 est.
1563 1989 1633 2042 At
1687 1986 1982 2044 Flavianus
2032 2000 2087 2045 et

502 2072 821 2141 Diodorus,
880 2078 972 2147 qui
1023 2076 1338 2146 religiosam
1393 2079 1562 2132 vitam
1613 2081 1976 2144 excolebant,
2027 2091 2081 2136 et

501 2167 804 2235 apostolica
869 2168 1124 2240 dogmata
1177 2169 1354 2239 palam
1411 2173 1865 2240 propugnabant,
1919 2174 2089 2244 889

502 2253 713 2314 Leontii
751 2258 1017 2316 adversus
1067 2262 1322 2330 pietatem
1383 2260 1613 2316 insidias
1661 2274 1849 2332 aperte
1897 2267 2088 2319 redar-

502 2359 736 2419 guerunt
759 2391 772 2412 .
806 2352 950 2421 quod
985 2352 1260 2406 hominem
1292 2354 1477 2421 pravis
1529 2353 1802 2410 institutis
1852 2356 2090 2410 innuzri-

501 2449 614 2498 tnni
642 2483 657 2507 ,
692 2458 756 2497 ac
786 2460 882 2513 per
911 2445 1247 2515 impietatem
1284 2445 1424 2499 viam
1458 2445 1563 2501 sibi
1592 2448 1658 2500 ad
1692 2449 1931 2503 honores
1966 2467 2087 2502 lllll-

503 2538 738 2592 nientem
762 2578 776 2602 ,
809 2535 1136 2592 diaconatus
1165 2537 1385 2591 nomine
1410 2537 1474 2592 ad
1502 2539 1802 2608 perniciem
1831 2535 2090 2595 Ecclesiae

502 2625 757 2695 dignatus
789 2636 936 2683 esset
963 2648 975 2682 :
1012 2628 1480 2698 minabantnrque
1504 2645 1566 2684 se
1612 2629 1681 2683 ab
1714 2631 2086 2686 ecclesiastica

503 2718 652 2774 illius
689 2721 1079 2775 communione
1114 2735 1436 2776 recessuros
1460 2760 1474 2784 ,
1526 2719 1986 2791 profecturosque
2034 2726 2087 2777 in

502 2809 856 2868 Occidentem
880 2852 894 2877 ,
942 2823 995 2868 et
1045 2812 1429 2870 fraudulentos
1460 2815 1580 2882 ejus
1613 2823 1846 2869 conatus
1877 2815 2089 2885 patefa-

502 2916 709 2960 cturos.
741 2905 952 2972 Quibus
983 2907 1147 2962 rebus
1181 2908 1411 2963 territus
1447 2905 1709 2962 Leontius
1729 2949 1744 2972 ,
1780 2910 1935 2964 Aetio
1966 2911 2086 2980 qui-

504 2997 623 3052 dem
658 2997 1023 3052 ministerium
1055 2999 1293 3063 ademit,
1325 2999 1423 3054 sed
1461 3000 1514 3053 in
1545 3003 1762 3057 czeteris
1797 3001 1982 3058 fovere
2019 3004 2087 3057 il-

2180 508 2358 561 ΤΟΥΣ
2392 512 2641 566 ΛΙΩΝΛΣ
2665 512 2802 565 ΤΩΝ
2824 513 3079 565 ΛΙΩΝΩΝ
3116 512 3315 583 ἤκουον
3349 513 3398 566 oi
3427 512 3768 577 πελάζοντες.

2179 599 2295 653 Καὶ
2332 605 2385 655 εἰ
2411 604 2510 672 μὲν
2541 602 2610 656 τὰ
2642 602 2777 656 ἄλλα
2812 602 2885 674 μὴ
2937 603 3140 674 πολλὴν
3200 603 3389 672 ἐδήλου
3423 603 3521 674 τὴν
3550 605 3651 674 τῆς
3675 606 3772 674 da-

2179 693 2282 762 χῆς
2321 695 2605 764 πονηρίαν,
2637 694 2789 748 εἶπεν
2818 697 2882 750 ἄν
2902 713 2985 759 τις
3014 697 3176 749 αὑτὸν
3225 695 3400 749 ταῦτα
3427 699 3771 767 μηχανᾶσθαι

2178 782 2276 854 τῖς
2311 788 2406 840 τοῦ
2449 787 2580 841 λαοῦ
2627 788 3082 859 προμηθούμενον
3123 788 3395 858 ὁμονοίας.
3445 790 3669 860 Ἐπειδὴ
3717 790 3769 844 δὲ

2179 879 2333 933 δεινὰ
2382 881 2553 935 πολλὰ
2593 882 2637 913 ⁸⁷
2688 883 2829 937 κατὰ
2885 882 2994 935 τῶν
3041 881 3300 952 ἀληθείας
3348 882 3394 914 ⁸⁸
3444 884 3772 954 ἐτεχνάσατο

2121 991 2161 1038 5;
2183 973 2524 1043 συνηγόρων,
2577 974 2674 1026 καὶ
2715 975 2840 1037 τοὺς
2881 974 2978 1037 τῆς
3023 973 3279 1038 ἀσεϐείας
3314 976 3642 1045 μετέχοντας
3670 977 3771 1030 πά-

2184 1080 2289 1134 σης
2317 1065 2467 1134 ἠξίου
2508 1061 2851 1134 κηδεμονίας,
2883 1063 3042 1135 δῆλος
3067 1061 3136 1137 ἦν
3169 1067 3427 1137 κρύπτων
3449 1069 3548 1137 τὴν
3573 1068 3768 1137 λώϐην,

2185 1157 2273 1210 διά
2299 1174 2358 1210 τε
2387 1157 2482 1210 τοῦ
2521 1157 2758 1226 πλήθους
2790 1158 2851 1210 τὸ
2873 1158 2989 1222 δέος
3029 1158 3123 1211 καὶ
3163 1157 3252 1211 διὰ
3277 1159 3374 1222 τὰς
3396 1161 3774 1215 Κωνσταντίου

2186 1248 2328 1302 κατὰ
2389 1249 2497 1300 τῶν
2565 1248 2816 1318 ἀνόμοιον
2867 1250 2959 1302 τὸν
3021 1249 3149 1303 Υἱὸν
3211 1248 3393 1318 λέγειν
3451 1250 3774 1320 τολμώντων

2186 1340 2429 1413 χαλεπὰς
2464 1340 2714 1402 ἀπειλάς.
2746 1341 3027 1411 Δεδήλωκε
3068 1341 3123 1393 δὲ
3170 1341 3268 1411 τὴν
3301 1343 3508 1395 ἐκείνου
3553 1342 3776 1413 γνώμην

2187 1433 2256 1487 τὰ
2309 1433 2702 1504 πεπραγμένα.
2739 1433 2895 1486 Ὅσοι
2945 1435 3044 1504 μὲν
3088 1434 3197 1506 γὰρ
3245 1437 3357 1498 τοῖς
3399 1437 3774 1501 ἁποστολικοῖς

2187 1525 2402 1578 εἵποντο
2429 1525 2715 1595 δόγμασιν,
2746 1525 2868 1578 οὐδὲ
2894 1528 3021 1595 μιᾶς
3054 1526 3184 1596 παρ’
3209 1527 3418 1580 ἐκείνου
3449 1527 3777 1598 κηδεμονίας

2188 1617 2220 1686 ἢ
2258 1616 2592 1688 χειροτονίας
2641 1616 2994 1687 ἀπήλαυσαν·
3025 1618 3072 1668 οί
3111 1616 3165 1668 δὲ
3197 1617 3296 1686 τῆς
3339 1618 3550 1688 Ἀρείου
3576 1620 3778 1687 μανίας

2193 1707 2594 1777 μετειληχότες,
2640 1708 2735 1760 καὶ
2775 1705 3088 1778 παρρησίας
3134 1708 3535 1778 μετελάγχανον
3562 1711 3642 1764 δτι
3676 1714 3779 1776 pdi-

2119 1777 2160 1834 Β
2189 1791 2346 1846 λιστα
2393 1793 2672 1872 πλείστης,
2725 1777 2961 1858 καὶτοῖς
3014 1777 3306 1866 ἱερατικοῖς
3356 1777 3779 1867 ἐγκατελέγοντο

2187 1887 2454 1956 τάγμασι.
2495 1886 2632 1938 Κατ’
2694 1889 2902 1940 ἐκεῖνον
2954 1887 3045 1941 τὸν
3101 1889 3293 1960 καιρὸν
3344 1892 3438 1944 καὶ
3501 1891 3707 1956 Ἀέτισς
3750 1896 3780 1946 ὁ

2190 1974 2457 2045 Εὑνομίου
2505 1975 2844 2042 διδάσκαλος,
2903 1978 2962 2042 ὃς
3019 1978 3117 2049 τὴν
3163 1981 3377 2051 Ἀρείου
3424 1981 3780 2054 βλασφημίαν

2189 2069 2310 2130 ταῖς
2367 2068 2632 2131 ἐπινοίαις
2687 2067 2838 2139 [107]
2891 2070 3190 2143 ἐπηύξησε,
3250 2073 3328 2144 τῷ
3360 2074 3469 2127 τῶν
3511 2076 3780 2128 διακόνων

2189 2160 2524 2230 ἐγκατελέγη
2554 2162 2720 2231 χορῷ.
2739 2162 2899 2216 ’Λλλά
2933 2164 3225 2230 Φλαϐιανδς
3255 2168 3348 2220 καὶ
3373 2169 3655 2239 Διόδωρος,
3680 2174 3782 2238 τῂν

2193 2252 2291 2322 μὲν
2324 2253 2628 2321 ἁσκητικὴν
2661 2253 3032 2325 ἀσπαζόμενοι
3065 2257 3362 2324 πολιτείαν,
3397 2260 3693 2331 προφανῶς
3723 2261 3782 2315 δὲ

2189 2343 2296 2395 τῶν
2318 2343 2692 2396 ἀποστολικῶν
2723 2345 3170 2418 ὑπερμαχοῦντες
3200 2350 3244 2381 δ’
3287 2349 3594 2421 δογμάτων,
3631 2353 3786 2407 ἄντι-

2190 2448 2328 2502 κρυς
2382 2431 2477 2485 τοῦ
2528 2435 2778 2488 Λεοντίου
2819 2436 3108 2508 διήλεγξαν
3157 2440 3256 2504 τὰς
3316 2444 3460 2496 κατὰ
3493 2444 3595 2512 τῆς
3621 2446 3783 2498 εὐσε-

2190 2523 2341 2586 ϐείας
2401 2525 2716 2590 ἐπιϐουλὰς,
2764 2527 2932 2600 ἄνδρα
3003 2532 3307 2601 φήσαντες,
3368 2539 3625 2606 πονηροῖς
3681 2543 3784 2606 μὲν

2190 2614 2622 2686 ἐπιτηδεύμασιν
2676 2620 3036 2690 ἐντραῳέντα,
3087 2625 3150 2676 ἑκ
3199 2623 3255 2678 δὲ
3299 2625 3402 2695 τῆς
3458 2627 3785 2690 δυσσεϐείας

2190 2709 2550 2777 περιφάνειαν
2585 2711 2887 2782 κτήσασθαι
2917 2717 3332 2786 μηχανώμενον,
3365 2720 3458 2772 ἐπὶ
3504 2720 3650 2792 λύμῃ
3680 2721 3784 2792 τῆς

2203 2799 2531 2868 Ἐκκλησίας
2573 2801 2667 2854 τοῦ
2717 2804 2816 2874 τῆς
2855 2806 3134 2870 διακονίας
3174 2809 3438 2880 όνόματος
3489 2813 3781 2882 ἠξιῶσθαιο

2190 2890 2451 2959 ἠπείλουν
2479 2892 2537 2945 δὲ
2588 2895 2685 2946 καὶ
2732 2896 2832 2965 τῆς
2876 2899 3336 2972 ἐκκλησιαστικῆς
3374 2903 3782 2972 ἀποστήσεσθαι

2191 2983 2499 3048 κοινωνίας,
2524 2986 2619 3037 καὶ
2655 2983 2753 3056 τὴν
2783 2988 3022 3060 ἑσπέραν
3056 2991 3484 3062 καταλήψεσθαι,
3519 2996 3613 3048 καὶ
3640 2997 3784 3064 δῆλα

508 3091 617 3142 lum
643 3098 698 3144 et
725 3091 862 3144 tueri
891 3105 1000 3144 non
1027 3090 1210 3147 desiit.
1239 3091 1357 3147 Duo
1385 3101 1564 3148 autem
1593 3093 1682 3149 isti
1711 3096 2084 3160 admirabiles,

2193 3075 2438 3146 ποιήσειν
2456 3076 2523 3130 τὰ
2560 3079 2918 3163 τυρευόμενα.
2951 3079 3132 3136 Ταῦτα
3170 3082 3351 3148 δείσας
3384 3088 3652 3152 Λεόντιος,
3678 3092 3786 3154 sic

507 3180 802 3238 Flavianus
836 3192 889 3238 et
919 3182 1226 3248 Diodorus,
1259 3188 1512 3255 quamvis
1555 3187 1845 3242 sacerdotii
1890 3205 2090 3244 munus

509 3274 749 3327 nomium
788 3275 1006 3345 adepti,
1047 3275 1229 3330 adhuc
1266 3277 1409 3331 inter
1443 3278 1616 3333 laicos
1651 3279 1667 3299 ⁴
1705 3291 2088 3344 censerentur,

506 3378 698 3419 omnes
754 3373 939 3420 tamen
990 3366 1056 3420 ad
1103 3368 1326 3437 pietatis
1383 3369 1627 3422 studium
1680 3378 1842 3422 nocte
1893 3368 2091 3438 dieque

507 3457 845 3511 excitabant.
882 3457 945 3512 Hi
984 3460 1183 3529 primi,
1217 3460 1569 3529 psallentium
1606 3460 1792 3515 choris
1822 3460 1876 3514 in
1906 3471 2092 3530 partes

507 3547 738 3611 divisis,
775 3550 1010 3621 hymnos
1042 3548 1332 3605 Davidicos
1373 3551 1603 3606 alternis
1645 3566 1847 3606 canere
1888 3552 2092 3607 docue-

510 3649 658 3692 runt.
692 3639 850 3704 Quod
885 3641 1105 3710 quidem
1147 3638 1455 3694 Antiochia:
1497 3638 1612 3694 ﬂeri
1655 3651 1893 3711 emptum
1919 3683 1933 3707 ,
1967 3642 2088 3696 ubi-

507 3744 615 3797 que
645 3730 904 3800 deinceps
934 3729 1205 3796 obtinuit,
1245 3740 1300 3786 et
1351 3730 1418 3784 ad
1470 3733 1695 3788 ultimos
1747 3741 1908 3789 terra:
1956 3736 2090 3790 tiucs

509 3820 767 3889 pervasit.
801 3822 862 3875 lli
899 3824 1064 3877 etiam
1113 3838 1296 3877 rerum
1346 3824 1658 3878 divinarum
1706 3826 1972 3882 studiosis
2021 3827 2086 3881 ad

510 3921 809 3984 martyrum
860 3914 1061 3984 templa
1113 3917 1500 3988 congregatis,
1557 3925 1748 3973 noctes
1799 3935 1922 3974 cum
1980 3920 2090 3976 illis

510 3999 680 4058 Deum
718 4005 994 4061 laudando
1025 4008 1423 4078 transigebant.
1474 4006 1588 4063 lloc
1635 4025 1866 4065 cernens
1911 4009 2090 4065 Leon-

507 4095 653 4160 tius”,
681 4097 976 4166 prohibere
1007 4113 1067 4153 se
1100 4105 1218 4153 tuto
1266 4113 1432 4169 posse
1485 4114 1594 4154 non
1647 4100 1890 4169 putavit,
1939 4101 2084 4170 quod

507 4188 764 4257 populum
802 4203 1015 4243 summa
1048 4187 1428 4244 benevolentia
1461 4205 1584 4244 cum
1617 4187 1841 4260 Optimls
1876 4191 1984 4246 illis
2017 4192 2092 4245 vi-

507 4279 586 4334 ris
633 4281 992 4348 conjunctum
1036 4280 1286 4336 videret:
1325 4281 1420 4336 sed
1462 4280 1872 4336 moderationis
1903 4282 2087 4352 specie

2197 3165 2298 3237 μὲν
2348 3167 2692 3239 λειτουργίας
2722 3170 2922 3226 ἔπαυσε
2980 3173 3072 3226 τὸν
3135 3176 3360 3240 Ἀέτιον,
3391 3179 3490 3249 τῆς
3531 3181 3588 3234 δὲ
3614 3183 3786 3253 ἄλλης

2192 3259 2356 3313 αὑτὸν
2391 3257 2686 3333 Θεραπείας
2739 3263 2914 3331 ἠξίου.
2975 3264 3038 3319 Ἢ
3070 3267 3126 3320 δὲ
3165 3268 3494 3338 ἁξιάγαστος
3555 3273 3784 3347 ξυνωρὶς

2191 3349 2487 3412 Φλαϐιανὸς
2527 3351 2620 3402 καὶ
2661 3352 2946 3424 Διόδωρος,
2994 3357 3273 3427 ἱερατικῆς
3301 3361 3402 3430 μὲν
3437 3363 3784 3435 λειτουργίας

2195 3440 2426 3511 μηδέπω
2453 3442 2501 3473 ⁸⁸
2542 3446 2925 3515 τετυχηκότες,
2957 3448 3034 3518 τῷ
3078 3449 3134 3501 δὲ
3168 3450 3282 3520 λαῷ
3331 3459 3778 3526 συντεταγμένοι,

2191 3530 2409 3601 νύκτωρ
2461 3534 2553 3586 καὶ
2591 3535 2710 3602 μεθ’
2738 3537 2953 3607 ἡμέραν
2981 3540 3061 3602 εἰς
3090 3541 3180 3594 τὸν
3203 3543 3343 3614 ὑπὲρ
3375 3546 3474 3614 τῆς
3502 3549 3780 3614 εὐσεϐείας

2191 3619 2355 3692 ζῆλον
2381 3624 2654 3697 διήγειρον
2684 3626 2948 3693 ἅπαντας.
2983 3627 3138 3685 Οὗτοι
3172 3635 3401 3704 πρῶτοι,
3431 3639 3550 3709 διχῆ
3575 3640 3782 3694 διελόν-

2189 3733 2280 3780 τες
2307 3718 2436 3782 τοὺς
2466 3719 2574 3771 τῶν
2597 3719 2910 3789 ψαλλόντων
2937 3725 3152 3794 χοροὺς,
3188 3729 3250 3779 ἐκ
3280 3728 3528 3799 διαδοχῆς
3558 3732 3704 3802 ᾅδειν
3729 3735 3777 3766 ⁵⁸

2190 3808 2289 3880 τὴν
2316 3810 2614 3882 Δαυῖτικὴν
2643 3812 2888 3880 ἐδίδαξαν
2911 3816 3198 3886 μελῳδίαν.
3225 3820 3334 3872 Καὶ
3375 3820 3528 3874 τοῦτο
3551 3825 3607 3874 ἐν
3652 3825 3780 3877 ’Λνο

2189 3901 2396 3972 τιοχείᾳ
2441 3903 2658 3974 πρῶτον
2716 3906 3042 3977 ἀρξάμενον,
3080 3911 3312 3963 πάντοσε
3360 3912 3635 3983 διέδραμε,
3676 3919 3779 3970 καὶ

2190 3999 2456 4053 κατέλαϐε
2507 4001 2606 4070 τῆς
2667 4004 2992 4074 οἰκουμένης
3041 4005 3107 4058 τὰ
3151 4008 3414 4079 τέρματα.
3449 4003 3609 4064 Οὗτοι
3661 4011 3777 4065 τῶν

2190 4090 2351 4144 θείων
2381 4093 2507 4156 τοὺς
2541 4095 2776 4165 ἐραστὰς
2808 4096 2888 4159 εἰς
2917 4099 3046 4161 τοὺς
3093 4098 3203 4153 τῶν
3237 4101 3531 4173 μαρτύρων
3569 4109 3775 4175 σηκοὺς

2191 4183 2602 4254 συναγείροντες
2625 4187 2690 4250 ⁵¹,
2707 4187 2969 4257 πάννυχοι
2994 4183 3263 4244 διετέλουν
3295 4195 3393 4246 σὺν
3428 4196 3652 4261 ἐκείνοις
3676 4198 3775 4252 τὸν

2188 4273 2320 4328 Θεὸν
2345 4275 2727 4347 ἀνυμνοῦντες.
2780 4279 2967 4334 Ταῦτα
3021 4281 3076 4334 δὲ
3109 4284 3250 4354 ὀρῶν
3291 4287 3319 4338 ό
3363 4287 3637 4352 Λεόντιος,
3661 4307 3776 4343 xw.

507 4372 671 4428 verba
701 4373 960 4428 colorans
984 4411 1000 4436 ,
1033 4373 1101 4427 ab
1129 4373 1212 4428 eis
1247 4374 1579 4444 postulavit,
1620 4382 1680 4427 ut
1736 4389 1892 4427 snam
1942 4376 2085 4430 hanc

2187 4364 2337 4419 λύειν
2370 4367 2471 4436 μὲν
2504 4369 2603 4422 οὐκ
2633 4370 2882 4440 ἐνόμιζεν
2925 4374 3184 4442 ἀσφαλές·
3220 4377 3366 4448 ἐώρα
3406 4379 3516 4450 γὰρ
3545 4382 3605 4434 τὸ
3636 4383 3776 4453 πλῆ-

507 4465 844 4520 {unctionem
877 4467 931 4519 in
966 4465 1220 4522 ecclesiis
1249 4465 1403 4520 obire
1436 4467 1658 4520 vellent.
1692 4465 1793 4521 Cui
1828 4466 1944 4531 illi,
1981 4470 2082 4523 etsi

2191 4459 2284 4524 θος
2314 4455 2373 4513 εὖ
2402 4460 2547 4531 μάλα
2569 4463 2696 4533 περὶ
2723 4465 2846 4528 τοὺς
2868 4465 3122 4536 ἀρίστους
3155 4469 3395 4533 ἐκείνους
3435 4452 3778 4543 διακείμενον

507 4557 770 4611 malitiam
803 4557 926 4627 ejus
963 4565 1312 4628 perspectam
1346 4557 1634 4621 baberent,
1656 4573 1861 4612 morem
1901 4567 2083 4615 tamen

508 4663 740 4724 gerunt,
791 4662 844 4709 et
893 4653 1075 4723 operis
1133 4653 1316 4709 socios
1353 4654 1407 4707 in
1449 4653 1716 4709 ecclesias
1759 4654 1928 4726 890
1971 4657 2083 4710 ala-

504 4747 584 4800 cri
617 4746 802 4799 animo
832 4754 1177 4812 convocant,
1218 4745 1284 4799 ad
1322 4744 1449 4799 boni
1488 4743 1701 4800 Domini
1739 4745 1956 4802 laudem
1991 4763 2084 4801 co-

506 4835 813 4893 hortantes.
867 4836 1138 4893 Creterum
1193 4833 1483 4892 Leontium
1515 4847 1574 4891 ut
1605 4837 1870 4891 malitiam
1905 4841 2084 4893 corri-

505 4937 658 5001 geret
707 4930 846 4985 nihil
897 4928 1148 4985 inﬂexit:
1205 4929 1301 4986 sed
1355 4929 1750 4984 moderationis
1801 4940 2083 5001 assumpta

507 5036 741 5091 persona
763 5064 777 5091 ,
805 5030 859 5078 et
887 5021 1149 5093 Stephani
1179 5028 1233 5077 et
1257 5015 1452 5075 Placiti
1497 5021 1711 5077 scelera
1746 5020 2083 5076 obscuravit.

2190 4553 2412 4620 ἄνδρας·
2456 4553 2727 4626 ἐπιεικείᾳ
2774 4556 2832 4608 δὲ
2866 4557 2991 4621 τοὺς
3035 4559 3226 4627 λόγους
3270 4563 3534 4631 χρωννὺς,
3567 4567 3627 4616 ὲν
3655 4569 3779 4630 ταῖς

2191 4646 2509 4717 ἐκκλησίαις
2546 4647 2750 4720 ταύτην
2775 4649 3020 4718 γίνεσθαι
3051 4654 3181 4724 παρ’
3212 4652 3390 4708 αὐτῶν
3415 4656 3512 4725 τήν
3535 4657 3779 4730 λειτουρ-

2190 4739 2319 4809 γίαν
2361 4738 2534 4810 ἠξίου.
2577 4742 2638 4793 Ol
2688 4741 2778 4808 δὲ,
2807 4743 2906 4795 καὶ
2950 4743 3073 4797 λίαν
3124 4745 3368 4816 ἀκριϐῶς
3418 4747 3517 4818 τήν
3567 4751 3778 4805 ἐκείνου

2193 4831 2461 4902 πονηρίαν
2503 4831 2727 4898 εἰδότες,
2785 4831 2845 4886 τὸ
2881 4833 3238 4905 κελευόμενον
3291 4836 3482 4906 ἔδρων,
3521 4839 3781 4903 καὶτοὺς

2192 4925 2428 4996 ἐραστὰς
2449 4925 2496 4957 ⁸³
2527 4928 2606 4990 είς
2635 4926 2733 4998 τὴν
2765 4929 3060 4999 ἐκκλησίαν
3090 4930 3438 5002 συνήθροιζον
3472 4933 3620 5002 μάλα
3648 4951 3783 5004 προ-

2194 5011 2403 5086 θύμως,
2433 5015 2626 5087 ὑμνεῖν
2655 5018 2748 5071 τδν
2782 5019 2984 5086 ἀγαθὸν
3013 5019 3062 5050 ⁸⁵
3102 5021 3382 5091 Δεσπότην
3419 5025 3780 5094 παρεγγυῶν-

1815 5205 2053 5262 VARUS
2087 5205 2492 5264 LECTIONES.

597 5309 641 5339 "
674 5305 844 5360 πολλὰ
887 5306 982 5359 καὶ
1018 5303 1186 5358 δεινά.
1224 5300 1392 5356 Basil.
1430 5299 1524 5357 Gr.
1568 5308 1622 5357 et
1662 5299 1854 5371 Steph.
1948 5299 1994 5332 δ’
2027 5298 2103 5353 Ita
2136 5308 2191 5353 et
2223 5300 2403 5355 Allatii
2454 5298 2686 5382 Pinique
2733 5300 2905 5356 codex
2938 5315 3063 5356 cum
3095 5301 3422 5407 Epiphanio,
3455 5317 3608 5362 recte
3641 5326 3780 5382 pro-

597 5388 670 5407 ..-
707 5374 924 5407 νηιηοςη
980 5373 1084 5407 ειμι
1116 5373 1259 5407 nan"
1316 5369 1392 5407 Ωι-
1449 5382 1498 5407 al
1541 5371 1708 5407 αιοηιι
1782 5374 1883 5407 aa.-
1905 5369 2203 5407 ὶννὶιηηίηρ
2265 5372 2310 5402 η
2338 5387 2749 5407 ηηηηηνηηυη-ορ
2777 5368 2943 5407 ἓιιηιιι
3009 5373 3044 5407 ο
3168 5376 3189 5406 ο
3219 5377 3429 5407 λιιι-..
3477 5377 3623 5407 ηηηιι
3679 5381 3758 5407 ρ..

507 5376 671 5434 bante
707 5374 944 5432 Valesio.
980 5373 1086 5431 Sed
1116 5373 1283 5428 Basil.
1316 5369 1412 5426 Gr.
1449 5382 1504 5428 et
1540 5368 1883 5442 Steph.,'rﬂg
1905 5369 2222 5440 ἐκκλησίας.
2265 5372 2310 5402 ⁴⁹
2338 5368 2749 5442 προμαχοῦντες
2777 5368 2967 5441 Steph.
3009 5373 3066 5427 2.
3143 5368 3448 5431 Vocem...
3477 5368 3659 5434 8σείιῖ
3679 5381 3775 5438 Gr.

503 5448 547 5521 ff
583 5451 761 5521 ἄγειν.
791 5447 1070 5521 Steph._2.
1146 5445 1192 5521 ξ’
1228 5445 1341 5521 Hoe
1374 5442 1536 5521 liabet
1568 5441 2111 5521 Christophorsonus
2136 5457 2234 5510 pro
2263 5441 2501 5521 simplici
2547 5441 2860 5521 ἀγείροντες
2889 5443 3050 5521 codd.
3085 5443 3250 5521 Basil.
3271 5448 3392 5502 ηε.
3417 5456 3471 5503 et
3497 5448 3777 5521 ξιιιρὴιιη.

502 5508 827 5592 "ip-301k,
854 5508 1003 5592 Rhod
1036 5523 1122 5592 es!
1149 5515 1202 5569 in
1227 5515 1350 5568 ωδ.
1381 5511 1644 5592 Sufphan.
1672 5513 1744 5592 ιζ..
1773 5508 2102 5592 Str-[pondus
2118 5508 2184 5592 ἑο
2225 5508 2416 5592 codice
2471 5508 2557 5564 Jo.
2608 5508 2728 5592 Pini
2775 5513 2952 5592 duxit,
2992 5522 3051 5568 ut
3089 5517 3308 5583 quidem
3363 5520 3440 5592 ait
3497 5508 3778 5586 Valesius.

497 5579 821 5662 qua'nquam
854 5579 941 5639 liic
970 5587 1223 5662 migrarat
1263 5579 1574 5639 secundum
1604 5583 1785 5662 codd._
1811 5583 2008 5662 Allati_i_
2026 5579 2308 5662 etHSavilii
2341 5600 2355 5636 ε
2389 5581 2854 5662 _°’Ux€Pa_°1&§v_q°_
2886 5582 2942 5638 ά·
2979 5579 3342 5662 εραηὶρεονεερ,
3368 5589 3428 5662 _h-
3459 5604 3508 5644 ε·
3541 5595 3636 5660 φεῖ
3667 5579 3780 5650 “lii

494 5649 637 5730 eum
666 5649 780 5730 illis
815 5649 1340 5730 regundivinarum
1371 5667 1560 5730 amore
1588 5653 1934 5730 _ilag_rabant_._
1968 5652 2138 5730 l_3asil.
2348 5660 2425 5730 et.
2457 5649 2672 5730 Steph;
2705 5649 2970 5730 h_liabent
3006 5656 3267 5725 ἐργάτας,
3307 5649 3589 5730 iidemque
3647 5649 3780 5722 cum

491 5719 690 5805 Steph.
725 5726 761 5779 2
793 5731 844 5778 et
877 5722 1140 5795 Epiphan.
1176 5737 1190 5774 :
1236 5723 1318 5786 είς
1345 5720 1446 5785 τὰς
1487 5719 1801 5796 ἐκκλησίας.
1897 5723 1944 5756 ⁵⁸
1978 5721 2152 5792 ἅγιον.
2183 5721 2348 5778 Basil.
2386 5719 2481 5779 Gr.
2513 5731 2566 5776 et
2616 5721 2806 5794 Steph.
