  <div class='ocr_page' id='page_1' title='image "/cluster/home/n/w/nwhite01/storage/ocr_20150623/82/hvd.32044020703054/588.png"; bbox 0 0 4084 6196; ppageno 0'>
   <div class='ocr_carea' id='block_1_1' title="bbox 357 315 486 380">
    <p class='ocr_par' dir='ltr' id='par_1_1' title="bbox 357 315 486 380">
     <span class='ocr_line' id='line_1_1' title="bbox 357 315 486 380; baseline -0.016 0"><span class='ocrx_word' id='word_1_1' title='bbox 357 315 486 380; x_wconf 69' lang='lat'><strong>1061</strong></span> 
     </span>
    </p>
   </div>
   <div class='ocr_carea' id='block_1_2' title="bbox 1305 308 2650 384">
    <p class='ocr_par' dir='ltr' id='par_1_2' title="bbox 1305 308 2650 384">
     <span class='ocr_line' id='line_1_2' title="bbox 1305 308 2650 384; baseline 0.001 -16"><span class='ocrx_word' id='word_1_2' title='bbox 1305 308 1902 370; x_wconf 62' lang='lat' dir='ltr'><strong>ECCLESIASTICE</strong></span> <span class='ocrx_word' id='word_1_3' title='bbox 1938 308 2328 369; x_wconf 71' lang='lat' dir='ltr'><strong>HiSTORLE</strong></span> <span class='ocrx_word' id='word_1_4' title='bbox 2385 310 2531 384; x_wconf 81' lang='lat' dir='ltr'><strong>LIB.</strong></span> <span class='ocrx_word' id='word_1_5' title='bbox 2570 311 2650 369; x_wconf 90' lang='lat' dir='ltr'><strong>II.</strong></span> 
     </span>
    </p>
   </div>
   <div class='ocr_carea' id='block_1_3' title="bbox 3504 309 3638 373">
    <p class='ocr_par' dir='ltr' id='par_1_3' title="bbox 3504 309 3638 373">
     <span class='ocr_line' id='line_1_3' title="bbox 3504 309 3638 373; baseline 0.015 -2"><span class='ocrx_word' id='word_1_6' title='bbox 3504 309 3638 373; x_wconf 70' lang='lat'><strong>1062</strong></span> 
     </span>
    </p>
   </div>
   <div class='ocr_carea' id='block_1_4' title="bbox 354 420 1955 495">
    <p class='ocr_par' dir='ltr' id='par_1_4' title="bbox 354 420 1948 495">
     <span class='ocr_line' id='line_1_4' title="bbox 354 420 1948 495; baseline -0.006 -12"><span class='ocrx_word' id='word_1_7' title='bbox 354 447 468 492; x_wconf 82' lang='grc' dir='ltr'>τες.</span> <span class='ocrx_word' id='word_1_8' title='bbox 504 425 607 479; x_wconf 78' lang='grc' dir='ltr'><strong>Τὸν</strong></span> <span class='ocrx_word' id='word_1_9' title='bbox 665 423 850 495; x_wconf 81' lang='grc' dir='ltr'>μέντοι</span> <span class='ocrx_word' id='word_1_10' title='bbox 887 421 1140 476; x_wconf 74' lang='grc' dir='ltr'><strong>Λεόντιον</strong></span> <span class='ocrx_word' id='word_1_11' title='bbox 1171 421 1324 475; x_wconf 64' lang='grc' dir='ltr'>οὐδὲν</span> <span class='ocrx_word' id='word_1_12' title='bbox 1353 421 1540 476; x_wconf 78' lang='grc' dir='ltr'>ἔπεισε</span> <span class='ocrx_word' id='word_1_13' title='bbox 1575 420 1802 475; x_wconf 81' lang='grc' dir='ltr'><strong>κολάσαι</strong></span> <span class='ocrx_word' id='word_1_14' title='bbox 1851 420 1948 491; x_wconf 74' lang='grc' dir='ltr'>τὴν</span> 
     </span>
    </p>
   </div>
   <div class='ocr_carea' id='block_1_5' title="bbox 2057 420 3634 495">
    <p class='ocr_par' dir='ltr' id='par_1_5' title="bbox 2057 421 3634 493">
     <span class='ocr_line' id='line_1_5' title="bbox 2057 421 3634 493; baseline 0 -19"><span class='ocrx_word' id='word_1_15' title='bbox 2057 421 2189 476; x_wconf 86' lang='lat' dir='ltr'><strong>Nam</strong></span> <span class='ocrx_word' id='word_1_16' title='bbox 2220 422 2537 493; x_wconf 83' lang='lat' dir='ltr'><strong>quicunque</strong></span> <span class='ocrx_word' id='word_1_17' title='bbox 2579 421 2892 492; x_wconf 78' lang='lat' dir='ltr'><strong>pestiferam</strong></span> <span class='ocrx_word' id='word_1_18' title='bbox 2929 421 3240 476; x_wconf 74' lang='lat' dir='ltr'><strong>doctrinam</strong></span> <span class='ocrx_word' id='word_1_19' title='bbox 3275 421 3634 486; x_wconf 81' lang='lat' dir='ltr'><strong>imbiberant,</strong></span> 
     </span>
    </p>
   </div>
   <div class='ocr_carea' id='block_1_6' title="bbox 357 511 1952 588">
    <p class='ocr_par' dir='ltr' id='par_1_6' title="bbox 357 511 1952 588">
     <span class='ocr_line' id='line_1_6' title="bbox 357 511 1952 588; baseline -0.007 -17"><span class='ocrx_word' id='word_1_20' title='bbox 357 516 594 588; x_wconf 83' lang='grc' dir='ltr'>πονηρία</span> <span class='ocrx_word' id='word_1_21' title='bbox 607 532 646 579; x_wconf 69' lang='grc' dir='ltr'>δ,</span> <span class='ocrx_word' id='word_1_22' title='bbox 678 513 813 567; x_wconf 80' lang='grc' dir='ltr'>ἀλλὰ</span> <span class='ocrx_word' id='word_1_23' title='bbox 853 511 914 565; x_wconf 82' lang='grc' dir='ltr'>τὸ</span> <span class='ocrx_word' id='word_1_24' title='bbox 939 512 1034 582; x_wconf 83' lang='grc' dir='ltr'>τῆς</span> <span class='ocrx_word' id='word_1_25' title='bbox 1063 513 1364 576; x_wconf 77' lang='grc' dir='ltr'><strong>ἐπιεικείας</strong></span> <span class='ocrx_word' id='word_1_26' title='bbox 1394 511 1750 581; x_wconf 78' lang='grc' dir='ltr'><strong>περιθέμενος</strong></span> <span class='ocrx_word' id='word_1_27' title='bbox 1784 527 1952 579; x_wconf 63' lang='grc' dir='ltr'>προσ.</span> 
     </span>
    </p>
   </div>
   <div class='ocr_carea' id='block_1_7' title="bbox 355 600 1953 674">
    <p class='ocr_par' dir='ltr' id='par_1_7' title="bbox 355 600 1953 674">
     <span class='ocr_line' id='line_1_7' title="bbox 355 600 1953 674; baseline -0.006 -10"><span class='ocrx_word' id='word_1_28' title='bbox 355 612 578 672; x_wconf 84' lang='grc' dir='ltr'>ωπείον,</span> <span class='ocrx_word' id='word_1_29' title='bbox 611 607 706 660; x_wconf 77' lang='grc' dir='ltr'>καὶ</span> <span class='ocrx_word' id='word_1_30' title='bbox 737 606 1014 674; x_wconf 76' lang='grc' dir='ltr'><strong>Στεφάνου</strong></span> <span class='ocrx_word' id='word_1_31' title='bbox 1049 603 1144 656; x_wconf 76' lang='grc' dir='ltr'>καὶ</span> <span class='ocrx_word' id='word_1_32' title='bbox 1169 604 1440 656; x_wconf 87' lang='grc' dir='ltr'>Φλακίτου</span> <span class='ocrx_word' id='word_1_33' title='bbox 1475 605 1521 635; x_wconf 81' lang='grc'><strong>⁸⁵</strong></span> <span class='ocrx_word' id='word_1_34' title='bbox 1543 602 1639 672; x_wconf 81' lang='grc' dir='ltr'>τὴν</span> <span class='ocrx_word' id='word_1_35' title='bbox 1668 600 1953 671; x_wconf 80' lang='grc' dir='ltr'>βδελυρίαν</span> 
     </span>
    </p>
   </div>
   <div class='ocr_carea' id='block_1_8' title="bbox 355 691 1951 769">
    <p class='ocr_par' dir='ltr' id='par_1_8' title="bbox 355 691 1951 769">
     <span class='ocr_line' id='line_1_8' title="bbox 355 691 1951 769; baseline -0.009 -13"><span class='ocrx_word' id='word_1_36' title='bbox 355 697 662 769; x_wconf 72' lang='grc' dir='ltr'>ἀπέκρυψε.</span> <span class='ocrx_word' id='word_1_37' title='bbox 697 698 836 759; x_wconf 84' lang='grc' dir='ltr'><strong>Τοὺς</strong></span> <span class='ocrx_word' id='word_1_38' title='bbox 867 697 978 766; x_wconf 81' lang='grc' dir='ltr'><strong>γὰρ</strong></span> <span class='ocrx_word' id='word_1_39' title='bbox 1006 695 1118 747; x_wconf 89' lang='grc' dir='ltr'><strong>τῶν</strong></span> <span class='ocrx_word' id='word_1_40' title='bbox 1137 694 1426 766; x_wconf 79' lang='grc' dir='ltr'><strong>δογμάτων</strong></span> <span class='ocrx_word' id='word_1_41' title='bbox 1449 693 1548 764; x_wconf 80' lang='grc' dir='ltr'>τὴν</span> <span class='ocrx_word' id='word_1_42' title='bbox 1583 691 1880 761; x_wconf 72' lang='grc' dir='ltr'>διαφθορὰν</span> <span class='ocrx_word' id='word_1_43' title='bbox 1905 692 1951 723; x_wconf 79' lang='grc'><strong>⁸⁸</strong></span> 
     </span>
    </p>
   </div>
   <div class='ocr_carea' id='block_1_9' title="bbox 355 783 1950 860">
    <p class='ocr_par' dir='ltr' id='par_1_9' title="bbox 355 783 1950 860">
     <span class='ocr_line' id='line_1_9' title="bbox 355 783 1950 860; baseline -0.006 -14"><span class='ocrx_word' id='word_1_44' title='bbox 355 789 786 860; x_wconf 81' lang='grc' dir='ltr'>είσδεξαμένους,</span> <span class='ocrx_word' id='word_1_45' title='bbox 821 789 870 840; x_wconf 85' lang='grc' dir='ltr'>εἰ</span> <span class='ocrx_word' id='word_1_46' title='bbox 897 786 993 841; x_wconf 77' lang='grc' dir='ltr'>καὶ</span> <span class='ocrx_word' id='word_1_47' title='bbox 1018 785 1109 838; x_wconf 79' lang='grc' dir='ltr'>τὸν</span> <span class='ocrx_word' id='word_1_48' title='bbox 1139 785 1437 839; x_wconf 83' lang='grc' dir='ltr'><strong>ἀκόλαστον</strong></span> <span class='ocrx_word' id='word_1_49' title='bbox 1465 783 1785 854; x_wconf 73' lang='grc' dir='ltr'><strong>ἠσπάσαντο</strong></span> <span class='ocrx_word' id='word_1_50' title='bbox 1814 785 1950 854; x_wconf 86' lang='grc' dir='ltr'>βίον,</span> 
     </span>
    </p>
   </div>
   <div class='ocr_carea' id='block_1_10' title="bbox 353 875 1950 952">
    <p class='ocr_par' dir='ltr' id='par_1_10' title="bbox 353 875 1950 952">
     <span class='ocr_line' id='line_1_10' title="bbox 353 875 1950 952; baseline -0.005 -16"><span class='ocrx_word' id='word_1_51' title='bbox 353 886 467 946; x_wconf 79' lang='grc' dir='ltr'>τοῖς</span> <span class='ocrx_word' id='word_1_52' title='bbox 533 881 642 935; x_wconf 88' lang='grc' dir='ltr'><strong>τῶν</strong></span> <span class='ocrx_word' id='word_1_53' title='bbox 696 879 1090 952; x_wconf 88' lang='grc' dir='ltr'>πρεσϐυτέρων</span> <span class='ocrx_word' id='word_1_54' title='bbox 1158 877 1255 931; x_wconf 76' lang='grc' dir='ltr'>καὶ</span> <span class='ocrx_word' id='word_1_55' title='bbox 1309 876 1572 930; x_wconf 85' lang='grc' dir='ltr'>διακόνων</span> <span class='ocrx_word' id='word_1_56' title='bbox 1623 875 1950 944; x_wconf 83' lang='grc' dir='ltr'>ὲγκατέλεγε</span> 
     </span>
    </p>
   </div>
   <div class='ocr_carea' id='block_1_11' title="bbox 359 967 1952 1043">
    <p class='ocr_par' dir='ltr' id='par_1_11' title="bbox 359 967 1952 1043">
     <span class='ocr_line' id='line_1_11' title="bbox 359 967 1952 1043; baseline -0.004 -16"><span class='ocrx_word' id='word_1_57' title='bbox 359 973 627 1043; x_wconf 68' lang='grc' dir='ltr'>τάγμασγ</span> <span class='ocrx_word' id='word_1_58' title='bbox 659 973 788 1035; x_wconf 80' lang='grc' dir='ltr'>τοὺς</span> <span class='ocrx_word' id='word_1_59' title='bbox 821 971 878 1025; x_wconf 80' lang='grc' dir='ltr'>δὲ</span> <span class='ocrx_word' id='word_1_60' title='bbox 899 974 1011 1034; x_wconf 82' lang='grc' dir='ltr'>τοῖς</span> <span class='ocrx_word' id='word_1_61' title='bbox 1035 968 1400 1032; x_wconf 86' lang='grc' dir='ltr'>παντοδαποῖς</span> <span class='ocrx_word' id='word_1_62' title='bbox 1430 968 1594 1021; x_wconf 81' lang='grc' dir='ltr'>εἴδεσι</span> <span class='ocrx_word' id='word_1_63' title='bbox 1617 970 1717 1038; x_wconf 83' lang='grc' dir='ltr'>τῆς</span> <span class='ocrx_word' id='word_1_64' title='bbox 1751 967 1952 1039; x_wconf 83' lang='grc' dir='ltr'>ἀρετῆς</span> 
     </span>
    </p>
   </div>
   <div class='ocr_carea' id='block_1_12' title="bbox 356 1060 1952 1134">
    <p class='ocr_par' dir='ltr' id='par_1_12' title="bbox 356 1060 1952 1134">
     <span class='ocr_line' id='line_1_12' title="bbox 356 1060 1952 1134; baseline -0.003 -17"><span class='ocrx_word' id='word_1_65' title='bbox 356 1064 785 1134; x_wconf 79' lang='grc' dir='ltr'>κοσμουμένους,</span> <span class='ocrx_word' id='word_1_66' title='bbox 819 1061 1042 1116; x_wconf 75' lang='grc' dir='ltr'>καὶτῶν</span> <span class='ocrx_word' id='word_1_67' title='bbox 1087 1061 1460 1114; x_wconf 85' lang='grc' dir='ltr'>άποστολικῶν</span> <span class='ocrx_word' id='word_1_68' title='bbox 1503 1060 1789 1132; x_wconf 80' lang='grc' dir='ltr'>δογμάτων</span> <span class='ocrx_word' id='word_1_69' title='bbox 1823 1061 1952 1114; x_wconf 82' lang='grc' dir='ltr'>ἀντ-</span> 
     </span>
    </p>
   </div>
   <div class='ocr_carea' id='block_1_13' title="bbox 357 1152 1950 1226">
    <p class='ocr_par' dir='ltr' id='par_1_13' title="bbox 357 1152 1950 1226">
     <span class='ocr_line' id='line_1_13' title="bbox 357 1152 1950 1226; baseline -0.001 -19"><span class='ocrx_word' id='word_1_70' title='bbox 357 1155 649 1226; x_wconf 82' lang='grc' dir='ltr'>εχομένους</span> <span class='ocrx_word' id='word_1_71' title='bbox 679 1195 694 1219; x_wconf 94' lang='grc'><strong>,</strong></span> <span class='ocrx_word' id='word_1_72' title='bbox 737 1155 1075 1224; x_wconf 79' lang='grc' dir='ltr'>ἀγεράστους</span> <span class='ocrx_word' id='word_1_73' title='bbox 1126 1154 1407 1208; x_wconf 83' lang='grc' dir='ltr'>κατέλιπε.</span> <span class='ocrx_word' id='word_1_74' title='bbox 1441 1152 1648 1206; x_wconf 79' lang='grc' dir='ltr'>Τούτου</span> <span class='ocrx_word' id='word_1_75' title='bbox 1680 1153 1744 1224; x_wconf 82' lang='grc' dir='ltr'>δὴ</span> <span class='ocrx_word' id='word_1_76' title='bbox 1769 1153 1950 1225; x_wconf 86' lang='grc' dir='ltr'>χάριν,</span> 
     </span>
    </p>
   </div>
   <div class='ocr_carea' id='block_1_14' title="bbox 356 1235 1954 1318">
    <p class='ocr_par' dir='ltr' id='par_1_14' title="bbox 356 1235 1954 1318">
     <span class='ocr_line' id='line_1_14' title="bbox 356 1235 1954 1318; baseline -0.002 -17"><span class='ocrx_word' id='word_1_77' title='bbox 356 1250 386 1301; x_wconf 84' lang='grc' dir='ltr'>ὁ</span> <span class='ocrx_word' id='word_1_78' title='bbox 421 1247 518 1317; x_wconf 78' lang='grc' dir='ltr'>μὲν</span> <span class='ocrx_word' id='word_1_79' title='bbox 549 1247 749 1318; x_wconf 74' lang='grc' dir='ltr'>κλῆρος</span> <span class='ocrx_word' id='word_1_80' title='bbox 771 1245 989 1308; x_wconf 82' lang='grc' dir='ltr'>πλείους</span> <span class='ocrx_word' id='word_1_81' title='bbox 1019 1240 1132 1315; x_wconf 78' lang='grc' dir='ltr'>εἶχε</span> <span class='ocrx_word' id='word_1_82' title='bbox 1160 1246 1284 1309; x_wconf 71' lang='grc' dir='ltr'>τοὺς</span> <span class='ocrx_word' id='word_1_83' title='bbox 1326 1247 1425 1316; x_wconf 77' lang='grc' dir='ltr'>τῆς</span> <span class='ocrx_word' id='word_1_84' title='bbox 1457 1235 1745 1316; x_wconf 83' lang='grc' dir='ltr'>αἱρετικῆς</span> <span class='ocrx_word' id='word_1_85' title='bbox 1774 1244 1954 1316; x_wconf 82' lang='grc' dir='ltr'>λύμης</span> 
     </span>
    </p>
   </div>
   <div class='ocr_carea' id='block_1_15' title="bbox 363 1335 1953 1410">
    <p class='ocr_par' dir='ltr' id='par_1_15' title="bbox 363 1335 1953 1410">
     <span class='ocr_line' id='line_1_15' title="bbox 363 1335 1953 1410; baseline 0 -19"><span class='ocrx_word' id='word_1_86' title='bbox 363 1339 771 1410; x_wconf 76' lang='grc' dir='ltr'>μετειληχότας,</span> <span class='ocrx_word' id='word_1_87' title='bbox 803 1337 897 1392; x_wconf 81' lang='grc' dir='ltr'>τοῦ</span> <span class='ocrx_word' id='word_1_88' title='bbox 937 1337 995 1392; x_wconf 84' lang='grc' dir='ltr'>δὲ</span> <span class='ocrx_word' id='word_1_89' title='bbox 1021 1337 1150 1392; x_wconf 86' lang='grc' dir='ltr'>λαοῦ</span> <span class='ocrx_word' id='word_1_90' title='bbox 1179 1338 1242 1391; x_wconf 79' lang='grc' dir='ltr'>τὸ</span> <span class='ocrx_word' id='word_1_91' title='bbox 1268 1338 1517 1391; x_wconf 84' lang='grc' dir='ltr'>πλεῖστον</span> <span class='ocrx_word' id='word_1_92' title='bbox 1549 1335 1658 1390; x_wconf 85' lang='grc' dir='ltr'><strong>τῶν</strong></span> <span class='ocrx_word' id='word_1_93' title='bbox 1686 1337 1732 1368; x_wconf 84' lang='grc'><strong>⁸⁷</strong></span> <span class='ocrx_word' id='word_1_94' title='bbox 1777 1337 1953 1410; x_wconf 84' lang='grc' dir='ltr'>ὀρθῶν</span> 
     </span>
    </p>
   </div>
   <div class='ocr_carea' id='block_1_16' title="bbox 362 1425 1953 1501">
    <p class='ocr_par' dir='ltr' id='par_1_16' title="bbox 362 1425 1953 1501">
     <span class='ocr_line' id='line_1_16' title="bbox 362 1425 1953 1501; baseline -0.003 -18"><span class='ocrx_word' id='word_1_95' title='bbox 362 1430 705 1501; x_wconf 80' lang='grc' dir='ltr'>ὑπερεμάχει</span> <span class='ocrx_word' id='word_1_96' title='bbox 728 1428 1037 1500; x_wconf 86' lang='grc' dir='ltr'>δογμάτων.</span> <span class='ocrx_word' id='word_1_97' title='bbox 1091 1427 1240 1500; x_wconf 84' lang='grc'><strong>[108]</strong></span> <span class='ocrx_word' id='word_1_98' title='bbox 1271 1428 1405 1482; x_wconf 80' lang='grc' dir='ltr'><strong>Οὐδὲ</strong></span> <span class='ocrx_word' id='word_1_99' title='bbox 1438 1428 1546 1498; x_wconf 76' lang='grc' dir='ltr'><strong>γὰρ</strong></span> <span class='ocrx_word' id='word_1_100' title='bbox 1579 1427 1628 1480; x_wconf 81' lang='grc' dir='ltr'>οἱ</span> <span class='ocrx_word' id='word_1_101' title='bbox 1659 1427 1758 1489; x_wconf 79' lang='grc' dir='ltr'>τὰς</span> <span class='ocrx_word' id='word_1_102' title='bbox 1806 1425 1953 1479; x_wconf 84' lang='grc' dir='ltr'>διδα-</span> 
     </span>
    </p>
   </div>
   <div class='ocr_carea' id='block_1_17' title="bbox 363 1519 1955 1593">
    <p class='ocr_par' dir='ltr' id='par_1_17' title="bbox 363 1519 1955 1593">
     <span class='ocr_line' id='line_1_17' title="bbox 363 1519 1955 1593; baseline -0.003 -17"><span class='ocrx_word' id='word_1_103' title='bbox 363 1522 592 1586; x_wconf 89' lang='grc' dir='ltr'>σκαλίας</span> <span class='ocrx_word' id='word_1_104' title='bbox 623 1521 1029 1593; x_wconf 78' lang='grc' dir='ltr'>προσφέροντες</span> <span class='ocrx_word' id='word_1_105' title='bbox 1066 1521 1308 1592; x_wconf 78' lang='grc' dir='ltr'>γυμνοῦν</span> <span class='ocrx_word' id='word_1_106' title='bbox 1348 1520 1617 1593; x_wconf 74' lang='grc' dir='ltr'>ἐθάρρουν</span> <span class='ocrx_word' id='word_1_107' title='bbox 1646 1521 1746 1590; x_wconf 85' lang='grc' dir='ltr'>τὴν</span> <span class='ocrx_word' id='word_1_108' title='bbox 1791 1519 1955 1589; x_wconf 81' lang='grc' dir='ltr'>βλασ-</span> 
     </span>
    </p>
   </div>
   <div class='ocr_carea' id='block_1_18' title="bbox 363 1610 1954 1685">
    <p class='ocr_par' dir='ltr' id='par_1_18' title="bbox 363 1610 1954 1685">
     <span class='ocr_line' id='line_1_18' title="bbox 363 1610 1954 1685; baseline -0.003 -18"><span class='ocrx_word' id='word_1_109' title='bbox 363 1615 595 1685; x_wconf 76' lang='grc' dir='ltr'>φημίαν.</span> <span class='ocrx_word' id='word_1_110' title='bbox 628 1615 774 1669; x_wconf 86' lang='grc' dir='ltr'><strong>Ὅσα</strong></span> <span class='ocrx_word' id='word_1_111' title='bbox 831 1615 930 1684; x_wconf 80' lang='grc' dir='ltr'>μὲν</span> <span class='ocrx_word' id='word_1_112' title='bbox 974 1611 1067 1668; x_wconf 81' lang='grc' dir='ltr'><strong>οὖν</strong></span> <span class='ocrx_word' id='word_1_113' title='bbox 1088 1614 1353 1678; x_wconf 78' lang='grc' dir='ltr'>Ψλάκιτος</span> <span class='ocrx_word' id='word_1_114' title='bbox 1373 1613 1418 1645; x_wconf 78' lang='grc'>⁸⁸</span> <span class='ocrx_word' id='word_1_115' title='bbox 1445 1612 1539 1682; x_wconf 61' lang='grc' dir='ltr'>καὶ</span> <span class='ocrx_word' id='word_1_116' title='bbox 1560 1610 1830 1680; x_wconf 76' lang='grc' dir='ltr'>Στέφανος</span> <span class='ocrx_word' id='word_1_117' title='bbox 1859 1611 1954 1663; x_wconf 72' lang='grc' dir='ltr'>καὶ</span> 
     </span>
    </p>
   </div>
   <div class='ocr_carea' id='block_1_19' title="bbox 362 1702 1950 1777">
    <p class='ocr_par' dir='ltr' id='par_1_19' title="bbox 362 1702 1950 1777">
     <span class='ocr_line' id='line_1_19' title="bbox 362 1702 1950 1777; baseline -0.003 -16"><span class='ocrx_word' id='word_1_118' title='bbox 362 1709 610 1770; x_wconf 77' lang='grc' dir='ltr'>Λεόντιος</span> <span class='ocrx_word' id='word_1_119' title='bbox 638 1707 876 1776; x_wconf 81' lang='grc' dir='ltr'>δυσσεϐῆ</span> <span class='ocrx_word' id='word_1_120' title='bbox 899 1706 994 1760; x_wconf 61' lang='grc' dir='ltr'><strong>καὶ¹</strong></span> <span class='ocrx_word' id='word_1_121' title='bbox 1023 1705 1316 1777; x_wconf 87' lang='grc' dir='ltr'>παράνομα</span> <span class='ocrx_word' id='word_1_122' title='bbox 1344 1707 1401 1758; x_wconf 84' lang='grc' dir='ltr'>ὲν</span> <span class='ocrx_word' id='word_1_123' title='bbox 1440 1704 1738 1774; x_wconf 71' lang='grc' dir='ltr'>Ἀντιοχείᾳ</span> <span class='ocrx_word' id='word_1_124' title='bbox 1763 1702 1950 1773; x_wconf 80' lang='grc' dir='ltr'>δεδρά-</span> 
     </span>
    </p>
   </div>
   <div class='ocr_carea' id='block_1_20' title="bbox 365 1795 1950 1870">
    <p class='ocr_par' dir='ltr' id='par_1_20' title="bbox 365 1795 1950 1870">
     <span class='ocr_line' id='line_1_20' title="bbox 365 1795 1950 1870; baseline -0.002 -17"><span class='ocrx_word' id='word_1_125' title='bbox 365 1816 516 1860; x_wconf 87' lang='grc' dir='ltr'>κασι,</span> <span class='ocrx_word' id='word_1_126' title='bbox 540 1800 868 1870; x_wconf 74' lang='grc' dir='ltr'>συγγραφῆς</span> <span class='ocrx_word' id='word_1_127' title='bbox 907 1799 1006 1870; x_wconf 81' lang='grc' dir='ltr'>μὲν</span> <span class='ocrx_word' id='word_1_128' title='bbox 1052 1798 1260 1862; x_wconf 83' lang='grc' dir='ltr'>οἰκείας</span> <span class='ocrx_word' id='word_1_129' title='bbox 1303 1797 1478 1852; x_wconf 87' lang='grc' dir='ltr'>δεῖται</span> <span class='ocrx_word' id='word_1_130' title='bbox 1521 1797 1607 1851; x_wconf 77' lang='grc' dir='ltr'><strong>διὰ</strong></span> <span class='ocrx_word' id='word_1_131' title='bbox 1641 1797 1701 1849; x_wconf 85' lang='grc' dir='ltr'>τὸ</span> <span class='ocrx_word' id='word_1_132' title='bbox 1725 1795 1950 1867; x_wconf 80' lang='grc' dir='ltr'>πλῆθος,</span> 
     </span>
    </p>
   </div>
   <div class='ocr_carea' id='block_1_21' title="bbox 363 1885 1955 1959">
    <p class='ocr_par' dir='ltr' id='par_1_21' title="bbox 363 1885 1955 1959">
     <span class='ocr_line' id='line_1_21' title="bbox 363 1885 1955 1959; baseline -0.002 -19"><span class='ocrx_word' id='word_1_133' title='bbox 363 1890 463 1957; x_wconf 82' lang='grc' dir='ltr'>τῆς</span> <span class='ocrx_word' id='word_1_134' title='bbox 485 1887 542 1940; x_wconf 82' lang='grc' dir='ltr'>δὲ</span> <span class='ocrx_word' id='word_1_135' title='bbox 573 1886 668 1940; x_wconf 82' lang='grc' dir='ltr'>τοῦ</span> <span class='ocrx_word' id='word_1_136' title='bbox 692 1887 858 1941; x_wconf 71' lang='grc' dir='ltr'>Δαϐὶδ</span> <span class='ocrx_word' id='word_1_137' title='bbox 880 1887 1180 1959; x_wconf 84' lang='grc' dir='ltr'>θρηνῳδίας</span> <span class='ocrx_word' id='word_1_138' title='bbox 1206 1885 1295 1941; x_wconf 78' lang='grc' dir='ltr'><strong>διὰ</strong></span> <span class='ocrx_word' id='word_1_139' title='bbox 1322 1885 1662 1958; x_wconf 70' lang='grc' dir='ltr'>τὸμέγεθος.</span> <span class='ocrx_word' id='word_1_140' title='bbox 1695 1885 1804 1938; x_wconf 80' lang='grc' dir='ltr'><strong>Καὶ</strong></span> <span class='ocrx_word' id='word_1_141' title='bbox 1828 1887 1955 1956; x_wconf 68' lang='grc' dir='ltr'>περὶ</span> 
     </span>
    </p>
   </div>
   <div class='ocr_carea' id='block_1_22' title="bbox 364 1976 1952 2052">
    <p class='ocr_par' dir='ltr' id='par_1_22' title="bbox 364 1976 1952 2052">
     <span class='ocr_line' id='line_1_22' title="bbox 364 1976 1952 2052; baseline 0 -22"><span class='ocrx_word' id='word_1_142' title='bbox 364 1976 567 2030; x_wconf 76' lang='grc' dir='ltr'>τούτων</span> <span class='ocrx_word' id='word_1_143' title='bbox 618 1978 728 2049; x_wconf 80' lang='grc' dir='ltr'><strong>γὰρ</strong></span> <span class='ocrx_word' id='word_1_144' title='bbox 778 1978 956 2047; x_wconf 86' lang='grc' dir='ltr'>λέγειν</span> <span class='ocrx_word' id='word_1_145' title='bbox 1000 1982 1125 2052; x_wconf 87' lang='grc' dir='ltr'>χρή·</span> <span class='ocrx_word' id='word_1_146' title='bbox 1186 1998 1204 2032; x_wconf 71' lang='grc' dir='ltr'><strong>ι</strong></span> <span class='ocrx_word' id='word_1_147' title='bbox 1237 1979 1359 2032; x_wconf 86' lang='grc' dir='ltr'>Ὅτι</span> <span class='ocrx_word' id='word_1_148' title='bbox 1389 1979 1499 2031; x_wconf 82' lang='grc' dir='ltr'>ίδοὺ</span> <span class='ocrx_word' id='word_1_149' title='bbox 1545 1980 1594 2031; x_wconf 89' lang='grc' dir='ltr'>οἱ</span> <span class='ocrx_word' id='word_1_150' title='bbox 1639 1976 1827 2049; x_wconf 76' lang='grc' dir='ltr'>ἐχθροί</span> <span class='ocrx_word' id='word_1_151' title='bbox 1860 1995 1952 2030; x_wconf 86' lang='grc' dir='ltr'><strong>σου</strong></span> 
     </span>
    </p>
   </div>
   <div class='ocr_carea' id='block_1_23' title="bbox 365 2065 1954 2142">
    <p class='ocr_par' dir='ltr' id='par_1_23' title="bbox 365 2065 1954 2142">
     <span class='ocr_line' id='line_1_23' title="bbox 365 2065 1954 2142; baseline 0.003 -22"><span class='ocrx_word' id='word_1_152' title='bbox 365 2069 596 2139; x_wconf 68' lang='grc' dir='ltr'>ἤχησαν,</span> <span class='ocrx_word' id='word_1_153' title='bbox 630 2070 735 2122; x_wconf 67' lang='grc' dir='ltr'>καὶ</span> <span class='ocrx_word' id='word_1_154' title='bbox 749 2070 798 2122; x_wconf 80' lang='grc' dir='ltr'>οἱ</span> <span class='ocrx_word' id='word_1_155' title='bbox 831 2069 1116 2140; x_wconf 77' lang='grc' dir='ltr'>μισοῦντές</span> <span class='ocrx_word' id='word_1_156' title='bbox 1145 2088 1204 2124; x_wconf 87' lang='grc' dir='ltr'><strong>σε</strong></span> <span class='ocrx_word' id='word_1_157' title='bbox 1234 2065 1378 2142; x_wconf 82' lang='grc' dir='ltr'>ἦραν</span> <span class='ocrx_word' id='word_1_158' title='bbox 1409 2070 1676 2142; x_wconf 84' lang='grc' dir='ltr'>κεφαλήν.</span> <span class='ocrx_word' id='word_1_159' title='bbox 1719 2069 1843 2122; x_wconf 76' lang='grc' dir='ltr'><strong>Ἐπὶ</strong></span> <span class='ocrx_word' id='word_1_160' title='bbox 1863 2070 1954 2124; x_wconf 72' lang='grc' dir='ltr'>τὸν</span> 
     </span>
    </p>
   </div>
   <div class='ocr_carea' id='block_1_24' title="bbox 363 2160 1954 2236">
    <p class='ocr_par' dir='ltr' id='par_1_24' title="bbox 363 2160 1954 2236">
     <span class='ocr_line' id='line_1_24' title="bbox 363 2160 1954 2236; baseline 0.001 -23"><span class='ocrx_word' id='word_1_161' title='bbox 363 2160 494 2214; x_wconf 83' lang='grc' dir='ltr'>λαόν</span> <span class='ocrx_word' id='word_1_162' title='bbox 547 2178 638 2214; x_wconf 90' lang='grc' dir='ltr'><strong>σου</strong></span> <span class='ocrx_word' id='word_1_163' title='bbox 689 2163 1310 2236; x_wconf 84' lang='grc' dir='ltr'>κατεπανουργεύσαντο</span> <span class='ocrx_word' id='word_1_164' title='bbox 1355 2162 1602 2235; x_wconf 78' lang='grc' dir='ltr'>γνώμην,</span> <span class='ocrx_word' id='word_1_165' title='bbox 1658 2163 1755 2217; x_wconf 74' lang='grc' dir='ltr'>καὶ</span> <span class='ocrx_word' id='word_1_166' title='bbox 1800 2161 1954 2215; x_wconf 72' lang='grc' dir='ltr'>ἐϐου-</span> 
     </span>
    </p>
   </div>
   <div class='ocr_carea' id='block_1_25' title="bbox 364 2251 1956 2330">
    <p class='ocr_par' dir='ltr' id='par_1_25' title="bbox 364 2251 1956 2330">
     <span class='ocr_line' id='line_1_25' title="bbox 364 2251 1956 2330; baseline 0.005 -25"><span class='ocrx_word' id='word_1_167' title='bbox 364 2255 624 2310; x_wconf 72' lang='grc' dir='ltr'>λεύσαντο</span> <span class='ocrx_word' id='word_1_168' title='bbox 656 2257 800 2311; x_wconf 76' lang='grc' dir='ltr'>κατὰ</span> <span class='ocrx_word' id='word_1_169' title='bbox 824 2258 934 2314; x_wconf 89' lang='grc' dir='ltr'><strong>τῶν</strong></span> <span class='ocrx_word' id='word_1_170' title='bbox 965 2261 1137 2330; x_wconf 83' lang='grc' dir='ltr'>ἁγίων</span> <span class='ocrx_word' id='word_1_171' title='bbox 1184 2279 1298 2315; x_wconf 92' lang='grc' dir='ltr'>σου.</span> <span class='ocrx_word' id='word_1_172' title='bbox 1327 2251 1504 2316; x_wconf 70' lang='grc' dir='ltr'>Εἶπαν</span> <span class='ocrx_word' id='word_1_173' title='bbox 1535 2262 1600 2294; x_wconf 79' lang='grc'><strong>⁸⁹·</strong></span> <span class='ocrx_word' id='word_1_174' title='bbox 1633 2261 1822 2324; x_wconf 81' lang='grc' dir='ltr'>Δεῦτε,</span> <span class='ocrx_word' id='word_1_175' title='bbox 1859 2260 1956 2313; x_wconf 79' lang='grc' dir='ltr'>καὶ</span> 
     </span>
    </p>
   </div>
   <div class='ocr_carea' id='block_1_26' title="bbox 2059 515 3632 588">
    <p class='ocr_par' dir='ltr' id='par_1_26' title="bbox 2059 515 3632 588">
     <span class='ocr_line' id='line_1_26' title="bbox 2059 515 3632 588; baseline -0.001 -20"><span class='ocrx_word' id='word_1_176' title='bbox 2059 517 2276 570; x_wconf 86' lang='lat' dir='ltr'><strong>tametsi</strong></span> <span class='ocrx_word' id='word_1_177' title='bbox 2305 516 2427 568; x_wconf 69' lang='lat' dir='ltr'><strong>vitae</strong></span> <span class='ocrx_word' id='word_1_178' title='bbox 2453 523 2640 570; x_wconf 89' lang='lat' dir='ltr'><strong>essent</strong></span> <span class='ocrx_word' id='word_1_179' title='bbox 2669 515 3027 584; x_wconf 63' lang='lat' dir='ltr'><strong>turpissimae,</strong></span> <span class='ocrx_word' id='word_1_180' title='bbox 3060 515 3164 570; x_wconf 91' lang='lat' dir='ltr'><strong>hos</strong></span> <span class='ocrx_word' id='word_1_181' title='bbox 3197 516 3252 570; x_wconf 92' lang='lat' dir='ltr'><strong>in</strong></span> <span class='ocrx_word' id='word_1_182' title='bbox 3285 517 3632 588; x_wconf 82' lang='lat' dir='ltr'><strong>presbytero-</strong></span> 
     </span>
    </p>
   </div>
   <div class='ocr_carea' id='block_1_27' title="bbox 2057 603 3638 674">
    <p class='ocr_par' dir='ltr' id='par_1_27' title="bbox 2057 603 3638 674">
     <span class='ocr_line' id='line_1_27' title="bbox 2057 603 3638 674; baseline -0.003 -16"><span class='ocrx_word' id='word_1_183' title='bbox 2057 621 2176 658; x_wconf 86' lang='lat' dir='ltr'><strong>rum</strong></span> <span class='ocrx_word' id='word_1_184' title='bbox 2217 605 2690 672; x_wconf 76' lang='lat' dir='ltr'><strong>diaconorumque</strong></span> <span class='ocrx_word' id='word_1_185' title='bbox 2728 603 2974 657; x_wconf 89' lang='lat' dir='ltr'><strong>ordinem</strong></span> <span class='ocrx_word' id='word_1_186' title='bbox 3018 604 3331 674; x_wconf 80' lang='lat' dir='ltr'><strong>allegabat:</strong></span> <span class='ocrx_word' id='word_1_187' title='bbox 3374 620 3470 659; x_wconf 89' lang='lat' dir='ltr'><strong>eos</strong></span> <span class='ocrx_word' id='word_1_188' title='bbox 3503 621 3638 659; x_wconf 73' lang='lat' dir='ltr'><strong>Vt&#39;l&#39;t)</strong></span> 
     </span>
    </p>
   </div>
   <div class='ocr_carea' id='block_1_28' title="bbox 2055 693 3636 767">
    <p class='ocr_par' dir='ltr' id='par_1_28' title="bbox 2055 693 3636 767">
     <span class='ocr_line' id='line_1_28' title="bbox 2055 693 3636 767; baseline 0.001 -18"><span class='ocrx_word' id='word_1_189' title='bbox 2055 697 2146 767; x_wconf 87' lang='lat' dir='ltr'><strong>qui</strong></span> <span class='ocrx_word' id='word_1_190' title='bbox 2187 695 2512 766; x_wconf 70' lang='lat' dir='ltr'><strong>apostolicis</strong></span> <span class='ocrx_word' id='word_1_191' title='bbox 2550 693 2901 764; x_wconf 70' lang='lat' dir='ltr'><strong>dogmatibus</strong></span> <span class='ocrx_word' id='word_1_192' title='bbox 2951 695 3348 762; x_wconf 69' lang='lat' dir='ltr'><strong>adbzerebant,</strong></span> <span class='ocrx_word' id='word_1_193' title='bbox 3384 699 3636 766; x_wconf 69' lang='lat' dir='ltr'><strong>quamvis</strong></span> 
     </span>
    </p>
   </div>
   <div class='ocr_carea' id='block_1_29' title="bbox 2053 785 3638 861">
    <p class='ocr_par' dir='ltr' id='par_1_29' title="bbox 2053 785 3638 861">
     <span class='ocr_line' id='line_1_29' title="bbox 2053 785 3638 861; baseline 0.001 -21"><span class='ocrx_word' id='word_1_194' title='bbox 2053 787 2200 840; x_wconf 90' lang='lat' dir='ltr'><strong>omni</strong></span> <span class='ocrx_word' id='word_1_195' title='bbox 2234 801 2440 858; x_wconf 78' lang='lat' dir='ltr'><strong>genere</strong></span> <span class='ocrx_word' id='word_1_196' title='bbox 2473 785 2696 839; x_wconf 87' lang='lat' dir='ltr'><strong>virtutis</strong></span> <span class='ocrx_word' id='word_1_197' title='bbox 2729 786 3045 851; x_wconf 87' lang='lat' dir='ltr'><strong>elucerent,</strong></span> <span class='ocrx_word' id='word_1_198' title='bbox 3077 785 3439 841; x_wconf 73' lang='lat' dir='ltr'><strong>inhonoratos</strong></span> <span class='ocrx_word' id='word_1_199' title='bbox 3472 789 3638 861; x_wconf 85' lang='lat' dir='ltr'><strong>relin-</strong></span> 
     </span>
    </p>
   </div>
   <div class='ocr_carea' id='block_1_30' title="bbox 2051 877 3639 949">
    <p class='ocr_par' dir='ltr' id='par_1_30' title="bbox 2051 877 3639 949">
     <span class='ocr_line' id='line_1_30' title="bbox 2051 877 3639 949; baseline 0 -16"><span class='ocrx_word' id='word_1_200' title='bbox 2051 880 2277 949; x_wconf 86' lang='lat' dir='ltr'><strong>quebat.</strong></span> <span class='ocrx_word' id='word_1_201' title='bbox 2305 877 2428 945; x_wconf 87' lang='lat' dir='ltr'><strong>Quo</strong></span> <span class='ocrx_word' id='word_1_202' title='bbox 2459 877 2660 931; x_wconf 81' lang='lat' dir='ltr'><strong>factum</strong></span> <span class='ocrx_word' id='word_1_203' title='bbox 2693 886 2815 941; x_wconf 91' lang='lat' dir='ltr'><strong>est,</strong></span> <span class='ocrx_word' id='word_1_204' title='bbox 2848 887 2906 931; x_wconf 92' lang='lat' dir='ltr'><strong>ut</strong></span> <span class='ocrx_word' id='word_1_205' title='bbox 2937 878 2992 930; x_wconf 90' lang='lat' dir='ltr'><strong>in</strong></span> <span class='ocrx_word' id='word_1_206' title='bbox 3020 877 3168 931; x_wconf 89' lang='lat' dir='ltr'><strong>clero</strong></span> <span class='ocrx_word' id='word_1_207' title='bbox 3198 879 3510 947; x_wconf 90' lang='lat' dir='ltr'><strong>complures</strong></span> <span class='ocrx_word' id='word_1_208' title='bbox 3540 881 3639 934; x_wconf 77' lang='lat' dir='ltr'><strong>Ine-</strong></span> 
     </span>
    </p>
   </div>
   <div class='ocr_carea' id='block_1_31' title="bbox 2047 970 3642 1040">
    <p class='ocr_par' dir='ltr' id='par_1_31' title="bbox 2047 970 3642 1040">
     <span class='ocr_line' id='line_1_31' title="bbox 2047 970 3642 1040; baseline -0.001 -14"><span class='ocrx_word' id='word_1_209' title='bbox 2047 973 2222 1040; x_wconf 43' lang='lat' dir='ltr'><strong>,retica</strong></span> <span class='ocrx_word' id='word_1_210' title='bbox 2264 972 2388 1026; x_wconf 86' lang='lat' dir='ltr'><strong>labe</strong></span> <span class='ocrx_word' id='word_1_211' title='bbox 2421 970 2672 1040; x_wconf 83' lang='lat' dir='ltr'><strong>corrupti</strong></span> <span class='ocrx_word' id='word_1_212' title='bbox 2708 981 3090 1033; x_wconf 84' lang='lat' dir='ltr'><strong>cernerentur,</strong></span> <span class='ocrx_word' id='word_1_213' title='bbox 3124 970 3309 1037; x_wconf 84' lang='lat' dir='ltr'><strong>populi</strong></span> <span class='ocrx_word' id='word_1_214' title='bbox 3345 987 3472 1024; x_wconf 90' lang='lat' dir='ltr'><strong>vero</strong></span> <span class='ocrx_word' id='word_1_215' title='bbox 3511 987 3642 1039; x_wconf 83' lang='lat' dir='ltr'><strong>pars</strong></span> 
     </span>
    </p>
   </div>
   <div class='ocr_carea' id='block_1_32' title="bbox 2053 1058 3642 1130">
    <p class='ocr_par' dir='ltr' id='par_1_32' title="bbox 2053 1058 3642 1130">
     <span class='ocr_line' id='line_1_32' title="bbox 2053 1058 3642 1130; baseline -0.001 -14"><span class='ocrx_word' id='word_1_216' title='bbox 2053 1065 2294 1117; x_wconf 72' lang='lat' dir='ltr'><strong>maxima</strong></span> <span class='ocrx_word' id='word_1_217' title='bbox 2315 1071 2523 1118; x_wconf 88' lang='lat' dir='ltr'><strong>rectam</strong></span> <span class='ocrx_word' id='word_1_218' title='bbox 2547 1061 2854 1116; x_wconf 83' lang='lat' dir='ltr'><strong>doctrinam</strong></span> <span class='ocrx_word' id='word_1_219' title='bbox 2877 1069 3148 1116; x_wconf 90' lang='lat' dir='ltr'><strong>tueretur.</strong></span> <span class='ocrx_word' id='word_1_220' title='bbox 3171 1058 3359 1130; x_wconf 81' lang='lat' dir='ltr'><strong>Neque</strong></span> <span class='ocrx_word' id='word_1_221' title='bbox 3382 1061 3524 1114; x_wconf 88' lang='lat' dir='ltr'><strong>enim</strong></span> <span class='ocrx_word' id='word_1_222' title='bbox 3549 1077 3642 1114; x_wconf 84' lang='lat' dir='ltr'><strong>an-</strong></span> 
     </span>
    </p>
   </div>
   <div class='ocr_carea' id='block_1_33' title="bbox 2053 1153 3642 1224">
    <p class='ocr_par' dir='ltr' id='par_1_33' title="bbox 2053 1153 3642 1224">
     <span class='ocr_line' id='line_1_33' title="bbox 2053 1153 3642 1224; baseline -0.002 -14"><span class='ocrx_word' id='word_1_223' title='bbox 2053 1153 2256 1210; x_wconf 87' lang='lat' dir='ltr'><strong>debant</strong></span> <span class='ocrx_word' id='word_1_224' title='bbox 2291 1156 2682 1224; x_wconf 73' lang='lat' dir='ltr'><strong>praedicatores</strong></span> <span class='ocrx_word' id='word_1_225' title='bbox 2717 1153 2988 1208; x_wconf 73' lang='lat' dir='ltr'><strong>doctrina:</strong></span> <span class='ocrx_word' id='word_1_226' title='bbox 3023 1153 3425 1221; x_wconf 80' lang='lat' dir='ltr'><strong>blasphemiam</strong></span> <span class='ocrx_word' id='word_1_227' title='bbox 3454 1161 3642 1224; x_wconf 75' lang='lat' dir='ltr'><strong>aperte</strong></span> 
     </span>
    </p>
   </div>
   <div class='ocr_carea' id='block_1_34' title="bbox 2054 1243 3638 1314">
    <p class='ocr_par' dir='ltr' id='par_1_34' title="bbox 2054 1243 3638 1314">
     <span class='ocr_line' id='line_1_34' title="bbox 2054 1243 3638 1314; baseline -0.003 -14"><span class='ocrx_word' id='word_1_228' title='bbox 2054 1247 2303 1301; x_wconf 87' lang='lat' dir='ltr'><strong>omnium</strong></span> <span class='ocrx_word' id='word_1_229' title='bbox 2351 1246 2582 1301; x_wconf 86' lang='lat' dir='ltr'><strong>auribus</strong></span> <span class='ocrx_word' id='word_1_230' title='bbox 2620 1261 2915 1314; x_wconf 76' lang='lat' dir='ltr'><strong>exponere.</strong></span> <span class='ocrx_word' id='word_1_231' title='bbox 2949 1243 3147 1299; x_wconf 81' lang='lat' dir='ltr'><strong>Verum</strong></span> <span class='ocrx_word' id='word_1_232' title='bbox 3183 1261 3303 1314; x_wconf 75' lang='lat' dir='ltr'><strong>qua:</strong></span> <span class='ocrx_word' id='word_1_233' title='bbox 3331 1259 3360 1298; x_wconf 89' lang='lat' dir='ltr'><strong>a</strong></span> <span class='ocrx_word' id='word_1_234' title='bbox 3396 1243 3638 1309; x_wconf 84' lang='lat' dir='ltr'><strong>Placito,</strong></span> 
     </span>
    </p>
   </div>
   <div class='ocr_carea' id='block_1_35' title="bbox 2055 1336 3642 1408">
    <p class='ocr_par' dir='ltr' id='par_1_35' title="bbox 2055 1336 3642 1408">
     <span class='ocr_line' id='line_1_35' title="bbox 2055 1336 3642 1408; baseline -0.002 -16"><span class='ocrx_word' id='word_1_235' title='bbox 2055 1348 2109 1392; x_wconf 90' lang='lat' dir='ltr'><strong>et</strong></span> <span class='ocrx_word' id='word_1_236' title='bbox 2139 1336 2457 1408; x_wconf 84' lang='lat' dir='ltr'><strong>Stephano,</strong></span> <span class='ocrx_word' id='word_1_237' title='bbox 2490 1347 2542 1393; x_wconf 89' lang='lat' dir='ltr'><strong>et</strong></span> <span class='ocrx_word' id='word_1_238' title='bbox 2574 1336 2807 1392; x_wconf 87' lang='lat' dir='ltr'><strong>Leontio</strong></span> <span class='ocrx_word' id='word_1_239' title='bbox 2841 1337 3007 1408; x_wconf 85' lang='lat' dir='ltr'><strong>impie</strong></span> <span class='ocrx_word' id='word_1_240' title='bbox 3037 1347 3093 1392; x_wconf 86' lang='lat' dir='ltr'><strong>et</strong></span> <span class='ocrx_word' id='word_1_241' title='bbox 3130 1337 3320 1408; x_wconf 89' lang='lat' dir='ltr'><strong>inique</strong></span> <span class='ocrx_word' id='word_1_242' title='bbox 3355 1337 3500 1407; x_wconf 88' lang='lat' dir='ltr'><strong>apud</strong></span> <span class='ocrx_word' id='word_1_243' title='bbox 3532 1341 3642 1390; x_wconf 82' lang='lat' dir='ltr'><strong>An-</strong></span> 
     </span>
    </p>
   </div>
   <div class='ocr_carea' id='block_1_36' title="bbox 2055 1431 3642 1502">
    <p class='ocr_par' dir='ltr' id='par_1_36' title="bbox 2055 1431 3642 1502">
     <span class='ocr_line' id='line_1_36' title="bbox 2055 1431 3642 1502; baseline -0.003 -18"><span class='ocrx_word' id='word_1_244' title='bbox 2055 1432 2315 1486; x_wconf 80' lang='lat' dir='ltr'><strong>tioehiam</strong></span> <span class='ocrx_word' id='word_1_245' title='bbox 2345 1439 2495 1502; x_wconf 78' lang='lat' dir='ltr'><strong>gesta</strong></span> <span class='ocrx_word' id='word_1_246' title='bbox 2531 1438 2698 1494; x_wconf 86' lang='lat' dir='ltr'><strong>sunt,</strong></span> <span class='ocrx_word' id='word_1_247' title='bbox 2746 1431 3027 1502; x_wconf 83' lang='lat' dir='ltr'><strong>peculiare</strong></span> <span class='ocrx_word' id='word_1_248' title='bbox 3057 1447 3196 1501; x_wconf 90' lang='lat' dir='ltr'><strong>opus</strong></span> <span class='ocrx_word' id='word_1_249' title='bbox 3245 1433 3471 1501; x_wconf 80' lang='lat' dir='ltr'><strong>exigunt</strong></span> <span class='ocrx_word' id='word_1_250' title='bbox 3519 1445 3642 1500; x_wconf 79' lang='lat' dir='ltr'><strong>pro-</strong></span> 
     </span>
    </p>
   </div>
   <div class='ocr_carea' id='block_1_37' title="bbox 2054 1523 3641 1596">
    <p class='ocr_par' dir='ltr' id='par_1_37' title="bbox 2054 1523 3641 1596">
     <span class='ocr_line' id='line_1_37' title="bbox 2054 1523 3641 1596; baseline -0.002 -17"><span class='ocrx_word' id='word_1_251' title='bbox 2054 1532 2178 1596; x_wconf 85' lang='lat' dir='ltr'><strong>pter</strong></span> <span class='ocrx_word' id='word_1_252' title='bbox 2227 1524 2672 1586; x_wconf 83' lang='lat' dir='ltr'><strong>multitudinetn,</strong></span> <span class='ocrx_word' id='word_1_253' title='bbox 2725 1535 2780 1578; x_wconf 91' lang='lat' dir='ltr'><strong>et</strong></span> <span class='ocrx_word' id='word_1_254' title='bbox 2833 1523 3093 1578; x_wconf 87' lang='lat' dir='ltr'><strong>Davidico</strong></span> <span class='ocrx_word' id='word_1_255' title='bbox 3143 1524 3365 1594; x_wconf 91' lang='lat' dir='ltr'><strong>planctu</strong></span> <span class='ocrx_word' id='word_1_256' title='bbox 3409 1523 3641 1593; x_wconf 78' lang='lat' dir='ltr'><strong>lugenda</strong></span> 
     </span>
    </p>
   </div>
   <div class='ocr_carea' id='block_1_38' title="bbox 2057 1614 3644 1690">
    <p class='ocr_par' dir='ltr' id='par_1_38' title="bbox 2057 1614 3644 1690">
     <span class='ocr_line' id='line_1_38' title="bbox 2057 1614 3644 1690; baseline -0.003 -16"><span class='ocrx_word' id='word_1_257' title='bbox 2057 1627 2190 1674; x_wconf 90' lang='lat' dir='ltr'><strong>sunt</strong></span> <span class='ocrx_word' id='word_1_258' title='bbox 2239 1625 2470 1690; x_wconf 83' lang='lat' dir='ltr'><strong>propter</strong></span> <span class='ocrx_word' id='word_1_259' title='bbox 2519 1616 2972 1688; x_wconf 80' lang='lat' dir='ltr'><strong>magnitudinem.</strong></span> <span class='ocrx_word' id='word_1_260' title='bbox 3027 1614 3162 1670; x_wconf 90' lang='lat' dir='ltr'><strong>Nam</strong></span> <span class='ocrx_word' id='word_1_261' title='bbox 3195 1616 3382 1672; x_wconf 90' lang='lat' dir='ltr'><strong>dehis</strong></span> <span class='ocrx_word' id='word_1_262' title='bbox 3424 1631 3644 1686; x_wconf 82' lang='lat' dir='ltr'><strong>quoque</strong></span> 
     </span>
    </p>
   </div>
   <div class='ocr_carea' id='block_1_39' title="bbox 2057 1707 3642 1776">
    <p class='ocr_par' dir='ltr' id='par_1_39' title="bbox 2057 1707 3642 1776">
     <span class='ocr_line' id='line_1_39' title="bbox 2057 1707 3642 1776; baseline -0.001 -13"><span class='ocrx_word' id='word_1_263' title='bbox 2057 1711 2166 1765; x_wconf 85' lang='lat' dir='ltr'><strong>dici</strong></span> <span class='ocrx_word' id='word_1_264' title='bbox 2199 1711 2501 1766; x_wconf 89' lang='lat' dir='ltr'><strong>convenit:</strong></span> <span class='ocrx_word' id='word_1_265' title='bbox 2530 1728 2548 1761; x_wconf 74' lang='grc' dir='ltr'><strong>ι</strong></span> <span class='ocrx_word' id='word_1_266' title='bbox 2579 1707 2848 1776; x_wconf 79' lang='lat' dir='ltr'><strong>Quoniam</strong></span> <span class='ocrx_word' id='word_1_267' title='bbox 2883 1723 3012 1764; x_wconf 84' lang='lat' dir='ltr'><strong>ecce</strong></span> <span class='ocrx_word' id='word_1_268' title='bbox 3055 1709 3266 1763; x_wconf 88' lang='lat' dir='ltr'><strong>inimici</strong></span> <span class='ocrx_word' id='word_1_269' title='bbox 3313 1710 3391 1762; x_wconf 92' lang='lat' dir='ltr'><strong>tui</strong></span> <span class='ocrx_word' id='word_1_270' title='bbox 3443 1723 3642 1762; x_wconf 82' lang='lat' dir='ltr'><strong>sonue-</strong></span> 
     </span>
    </p>
   </div>
   <div class='ocr_carea' id='block_1_40' title="bbox 2059 1799 3642 1873">
    <p class='ocr_par' dir='ltr' id='par_1_40' title="bbox 2059 1799 3642 1873">
     <span class='ocr_line' id='line_1_40' title="bbox 2059 1799 3642 1873; baseline -0.002 -15"><span class='ocrx_word' id='word_1_271' title='bbox 2059 1809 2224 1863; x_wconf 86' lang='lat' dir='ltr'><strong>runt.</strong></span> <span class='ocrx_word' id='word_1_272' title='bbox 2269 1809 2324 1858; x_wconf 92' lang='lat' dir='ltr'><strong>et</strong></span> <span class='ocrx_word' id='word_1_273' title='bbox 2370 1801 2462 1873; x_wconf 85' lang='lat' dir='ltr'><strong>qui</strong></span> <span class='ocrx_word' id='word_1_274' title='bbox 2507 1801 2746 1856; x_wconf 84' lang='lat' dir='ltr'><strong>oderunt</strong></span> <span class='ocrx_word' id='word_1_275' title='bbox 2781 1811 2834 1856; x_wconf 89' lang='lat' dir='ltr'><strong>te</strong></span> <span class='ocrx_word' id='word_1_276' title='bbox 2869 1803 3186 1856; x_wconf 81' lang='lat' dir='ltr'><strong>extulerunt</strong></span> <span class='ocrx_word' id='word_1_277' title='bbox 3229 1809 3416 1870; x_wconf 87' lang='lat' dir='ltr'><strong>caput.</strong></span> <span class='ocrx_word' id='word_1_278' title='bbox 3467 1799 3642 1869; x_wconf 85' lang='lat' dir='ltr'><strong>Super</strong></span> 
     </span>
    </p>
   </div>
   <div class='ocr_carea' id='block_1_41' title="bbox 2060 1894 3646 1967">
    <p class='ocr_par' dir='ltr' id='par_1_41' title="bbox 2060 1894 3646 1967">
     <span class='ocr_line' id='line_1_41' title="bbox 2060 1894 3646 1967; baseline -0.002 -19"><span class='ocrx_word' id='word_1_279' title='bbox 2060 1895 2320 1967; x_wconf 89' lang='lat' dir='ltr'><strong>populum</strong></span> <span class='ocrx_word' id='word_1_280' title='bbox 2367 1903 2522 1950; x_wconf 88' lang='lat' dir='ltr'><strong>tuum</strong></span> <span class='ocrx_word' id='word_1_281' title='bbox 2557 1895 3002 1966; x_wconf 77' lang='lat' dir='ltr'><strong>malignaverunt</strong></span> <span class='ocrx_word' id='word_1_282' title='bbox 3043 1895 3336 1949; x_wconf 84' lang='lat' dir='ltr'><strong>consilium</strong></span> <span class='ocrx_word' id='word_1_283' title='bbox 3359 1935 3372 1958; x_wconf 95' lang='lat'><strong>,</strong></span> <span class='ocrx_word' id='word_1_284' title='bbox 3410 1905 3464 1948; x_wconf 87' lang='lat' dir='ltr'><strong>et</strong></span> <span class='ocrx_word' id='word_1_285' title='bbox 3497 1894 3646 1964; x_wconf 77' lang='lat' dir='ltr'><strong>engi-</strong></span> 
     </span>
    </p>
   </div>
   <div class='ocr_carea' id='block_1_42' title="bbox 2059 1984 3647 2045">
    <p class='ocr_par' dir='ltr' id='par_1_42' title="bbox 2059 1984 3647 2045">
     <span class='ocr_line' id='line_1_42' title="bbox 2059 1984 3647 2045; baseline -0.001 -4"><span class='ocrx_word' id='word_1_286' title='bbox 2059 1995 2316 2044; x_wconf 82' lang='lat' dir='ltr'><strong>taverunt</strong></span> <span class='ocrx_word' id='word_1_287' title='bbox 2347 1989 2616 2045; x_wconf 90' lang='lat' dir='ltr'><strong>adversus</strong></span> <span class='ocrx_word' id='word_1_288' title='bbox 2646 1997 2872 2044; x_wconf 84' lang='lat' dir='ltr'><strong>sanctos</strong></span> <span class='ocrx_word' id='word_1_289' title='bbox 2904 1997 3053 2044; x_wconf 91' lang='lat' dir='ltr'><strong>tuos.</strong></span> <span class='ocrx_word' id='word_1_290' title='bbox 3106 1987 3414 2042; x_wconf 74' lang='lat' dir='ltr'><strong>Dixerunt:</strong></span> <span class='ocrx_word' id='word_1_291' title='bbox 3453 1984 3647 2040; x_wconf 83' lang='lat' dir='ltr'><strong>Venite</strong></span> 
     </span>
    </p>
   </div>
   <div class='ocr_carea' id='block_1_43' title="bbox 2059 2079 3648 2150">
    <p class='ocr_par' dir='ltr' id='par_1_43' title="bbox 2059 2079 3648 2150">
     <span class='ocr_line' id='line_1_43' title="bbox 2059 2079 3648 2150; baseline -0.003 -14"><span class='ocrx_word' id='word_1_292' title='bbox 2059 2087 2112 2136; x_wconf 88' lang='lat' dir='ltr'><strong>et</strong></span> <span class='ocrx_word' id='word_1_293' title='bbox 2137 2079 2523 2150; x_wconf 87' lang='lat' dir='ltr'><strong>disperdamus</strong></span> <span class='ocrx_word' id='word_1_294' title='bbox 2551 2095 2648 2136; x_wconf 90' lang='lat' dir='ltr'><strong>eos</strong></span> <span class='ocrx_word' id='word_1_295' title='bbox 2692 2081 2760 2136; x_wconf 87' lang='lat' dir='ltr'><strong>de</strong></span> <span class='ocrx_word' id='word_1_296' title='bbox 2813 2091 3010 2150; x_wconf 78' lang='lat' dir='ltr'><strong>gente,</strong></span> <span class='ocrx_word' id='word_1_297' title='bbox 3056 2088 3112 2136; x_wconf 90' lang='lat' dir='ltr'><strong>et</strong></span> <span class='ocrx_word' id='word_1_298' title='bbox 3153 2096 3262 2134; x_wconf 87' lang='lat' dir='ltr'><strong>non</strong></span> <span class='ocrx_word' id='word_1_299' title='bbox 3315 2089 3648 2134; x_wconf 83' lang='lat' dir='ltr'><strong>memoretur</strong></span> 
     </span>
    </p>
   </div>
   <div class='ocr_carea' id='block_1_44' title="bbox 2061 2170 3645 2244">
    <p class='ocr_par' dir='ltr' id='par_1_44' title="bbox 2061 2170 3645 2244">
     <span class='ocr_line' id='line_1_44' title="bbox 2061 2170 3645 2244; baseline -0.001 -18"><span class='ocrx_word' id='word_1_300' title='bbox 2061 2186 2260 2226; x_wconf 86' lang='lat' dir='ltr'><strong>nomen</strong></span> <span class='ocrx_word' id='word_1_301' title='bbox 2303 2173 2522 2227; x_wconf 86' lang='lat' dir='ltr'><strong>lsraelis</strong></span> <span class='ocrx_word' id='word_1_302' title='bbox 2565 2173 2705 2244; x_wconf 89' lang='lat' dir='ltr'><strong>ultra</strong></span> <span class='ocrx_word' id='word_1_303' title='bbox 2744 2172 2793 2226; x_wconf 63' lang='grc' dir='ltr'><strong>ι.</strong></span> <span class='ocrx_word' id='word_1_304' title='bbox 2829 2191 2849 2224; x_wconf 73' lang='grc' dir='ltr'><strong>ι</strong></span> <span class='ocrx_word' id='word_1_305' title='bbox 2877 2170 2990 2229; x_wconf 85' lang='lat' dir='ltr'><strong>Nos</strong></span> <span class='ocrx_word' id='word_1_306' title='bbox 3031 2187 3162 2228; x_wconf 86' lang='lat' dir='ltr'><strong>vero</strong></span> <span class='ocrx_word' id='word_1_307' title='bbox 3210 2172 3522 2227; x_wconf 84' lang='lat' dir='ltr'><strong>institutam</strong></span> <span class='ocrx_word' id='word_1_308' title='bbox 3558 2170 3645 2224; x_wconf 89' lang='lat' dir='ltr'><strong>hi-</strong></span> 
     </span>
    </p>
   </div>
   <div class='ocr_carea' id='block_1_45' title="bbox 2060 2258 2750 2332">
    <p class='ocr_par' dir='ltr' id='par_1_45' title="bbox 2060 2258 2750 2332">
     <span class='ocr_line' id='line_1_45' title="bbox 2060 2258 2750 2332; baseline 0 -18"><span class='ocrx_word' id='word_1_309' title='bbox 2060 2261 2290 2316; x_wconf 84' lang='lat' dir='ltr'><strong>storiam</strong></span> <span class='ocrx_word' id='word_1_310' title='bbox 2323 2258 2750 2332; x_wconf 82' lang='lat' dir='ltr'><strong>prosequamur.</strong></span> 
     </span>
    </p>
   </div>
   <div class='ocr_carea' id='block_1_46' title="bbox 369 2347 3647 2430">
    <p class='ocr_par' dir='ltr' id='par_1_46' title="bbox 369 2347 3647 2430">
     <span class='ocr_line' id='line_1_46' title="bbox 369 2347 3647 2430; baseline 0.002 -29"><span class='ocrx_word' id='word_1_311' title='bbox 369 2347 840 2421; x_wconf 80' lang='grc' dir='ltr'>ὲξολοθρεύσωμεν</span> <span class='ocrx_word' id='word_1_312' title='bbox 877 2353 1078 2418; x_wconf 80' lang='grc' dir='ltr'>αὐτοὺς</span> <span class='ocrx_word' id='word_1_313' title='bbox 1120 2355 1180 2424; x_wconf 77' lang='grc' dir='ltr'>ἐξ</span> <span class='ocrx_word' id='word_1_314' title='bbox 1217 2355 1430 2422; x_wconf 73' lang='grc' dir='ltr'>ἔθνους·</span> <span class='ocrx_word' id='word_1_315' title='bbox 1478 2357 1575 2411; x_wconf 78' lang='grc' dir='ltr'>καὶ</span> <span class='ocrx_word' id='word_1_316' title='bbox 1610 2357 1671 2411; x_wconf 83' lang='grc' dir='ltr'>οὐ</span> <span class='ocrx_word' id='word_1_317' title='bbox 1714 2357 1790 2428; x_wconf 80' lang='grc' dir='ltr'>μὴ</span> <span class='ocrx_word' id='word_1_318' title='bbox 1824 2354 2038 2428; x_wconf 79' lang='grc' dir='ltr'>μνησθῇ</span> <span class='ocrx_word' id='word_1_319' title='bbox 2076 2356 2136 2409; x_wconf 86' lang='grc' dir='ltr'>τὸ</span> <span class='ocrx_word' id='word_1_320' title='bbox 2189 2357 2361 2427; x_wconf 66' lang='grc' dir='ltr'>ὄνομα</span> <span class='ocrx_word' id='word_1_321' title='bbox 2412 2357 2630 2428; x_wconf 81' lang='grc' dir='ltr'>Ἰσραὴλ</span> <span class='ocrx_word' id='word_1_322' title='bbox 2683 2356 2786 2412; x_wconf 71' lang='grc' dir='ltr'>ἔτι.</span> <span class='ocrx_word' id='word_1_323' title='bbox 2822 2377 2841 2411; x_wconf 73' lang='grc' dir='ltr'><strong>ι</strong></span> <span class='ocrx_word' id='word_1_324' title='bbox 2879 2357 3070 2430; x_wconf 83' lang='grc' dir='ltr'>Ἡμεῖς</span> <span class='ocrx_word' id='word_1_325' title='bbox 3121 2358 3179 2413; x_wconf 85' lang='grc' dir='ltr'>δὲ</span> <span class='ocrx_word' id='word_1_326' title='bbox 3224 2357 3294 2412; x_wconf 83' lang='grc' dir='ltr'>τὰ</span> <span class='ocrx_word' id='word_1_327' title='bbox 3339 2357 3504 2412; x_wconf 73' lang='grc' dir='ltr'>λοιπὰ</span> <span class='ocrx_word' id='word_1_328' title='bbox 3547 2353 3647 2426; x_wconf 76' lang='grc' dir='ltr'>τῆς</span> 
     </span>
    </p>
   </div>
   <div class='ocr_carea' id='block_1_47' title="bbox 367 2445 1366 2520">
    <p class='ocr_par' dir='ltr' id='par_1_47' title="bbox 367 2445 1366 2520">
     <span class='ocr_line' id='line_1_47' title="bbox 367 2445 1366 2520; baseline 0.011 -23"><span class='ocrx_word' id='word_1_329' title='bbox 367 2445 610 2517; x_wconf 68' lang='grc' dir='ltr'>ἱστορίας</span> <span class='ocrx_word' id='word_1_330' title='bbox 635 2447 1064 2520; x_wconf 80' lang='grc' dir='ltr'>συγγράψωμεν.</span> <span class='ocrx_word' id='word_1_331' title='bbox 1357 2501 1366 2508; x_wconf 86' lang='grc'>.</span> 
     </span>
    </p>
   </div>
   <div class='ocr_carea' id='block_1_48' title="bbox 973 2546 1354 2602">
    <p class='ocr_par' dir='ltr' id='par_1_48' title="bbox 973 2546 1354 2602">
     <span class='ocr_line' id='line_1_48' title="bbox 973 2546 1354 2602; baseline 0.013 -5"><span class='ocrx_word' id='word_1_332' title='bbox 973 2546 1226 2600; x_wconf 71' lang='grc' dir='ltr'>ΚΕΦΛΛ.</span> <span class='ocrx_word' id='word_1_333' title='bbox 1268 2549 1354 2602; x_wconf 84' lang='lat' dir='ltr'><strong>K&#39;.</strong></span> 
     </span>
    </p>
   </div>
   <div class='ocr_carea' id='block_1_49' title="bbox 364 2631 1949 2709">
    <p class='ocr_par' dir='ltr' id='par_1_49' title="bbox 364 2631 1949 2709">
     <span class='ocr_line' id='line_1_49' title="bbox 364 2631 1949 2709; baseline 0.007 -25"><span class='ocrx_word' id='word_1_334' title='bbox 364 2632 500 2700; x_wconf 74' lang='grc' dir='ltr'>Περὶ</span> <span class='ocrx_word' id='word_1_335' title='bbox 521 2631 637 2709; x_wconf 29' lang='grc' dir='ltr'>’τῆς</span> <span class='ocrx_word' id='word_1_336' title='bbox 662 2633 960 2709; x_wconf 71' lang='grc' dir='ltr'>Εὐδοξίου</span> <span class='ocrx_word' id='word_1_337' title='bbox 983 2637 1089 2709; x_wconf 69' lang='grc' dir='ltr'>τοῦ</span> <span class='ocrx_word' id='word_1_338' title='bbox 1112 2638 1525 2709; x_wconf 76' lang='grc' dir='ltr'>Γερμανικέως</span> <span class='ocrx_word' id='word_1_339' title='bbox 1549 2641 1949 2709; x_wconf 78' lang='grc' dir='ltr'>καινοτομίας,</span> 
     </span>
    </p>
   </div>
   <div class='ocr_carea' id='block_1_50' title="bbox 437 2703 1954 2783">
    <p class='ocr_par' dir='ltr' id='par_1_50' title="bbox 437 2703 1954 2783">
     <span class='ocr_line' id='line_1_50' title="bbox 437 2703 1954 2783; baseline 0.006 -28"><span class='ocrx_word' id='word_1_340' title='bbox 437 2703 536 2783; x_wconf 49' lang='grc' dir='ltr'>καὶ</span> <span class='ocrx_word' id='word_1_341' title='bbox 576 2706 902 2783; x_wconf 45' lang='lat' dir='ltr'><strong>[iactitatae</strong></span> <span class='ocrx_word' id='word_1_342' title='bbox 955 2706 1062 2761; x_wconf 79' lang='grc' dir='ltr'>τοῦ</span> <span class='ocrx_word' id='word_1_343' title='bbox 1093 2703 1428 2783; x_wconf 54' lang='grc' dir='ltr'>Ἀγκύρας,</span> <span class='ocrx_word' id='word_1_344' title='bbox 1480 2703 1579 2764; x_wconf 74' lang='grc' dir='ltr'>καὶ</span> <span class='ocrx_word' id='word_1_345' title='bbox 1612 2703 1954 2783; x_wconf 72' lang='grc' dir='ltr'><strong>Εὑστὶιρίόὺ</strong></span> 
     </span>
    </p>
   </div>
   <div class='ocr_carea' id='block_1_51' title="bbox 432 2775 1956 2911">
    <p class='ocr_par' dir='ltr' id='par_1_51' title="bbox 432 2775 1956 2911">
     <span class='ocr_line' id='line_1_51' title="bbox 432 2775 1956 2896; baseline 0.007 -71"><span class='ocrx_word' id='word_1_346' title='bbox 432 2775 538 2826; x_wconf 79' lang='grc' dir='ltr'>τοῦ</span> <span class='ocrx_word' id='word_1_347' title='bbox 604 2775 1003 2896; x_wconf 58' lang='grc' dir='ltr'>ἔςϐαστείας,</span> <span class='ocrx_word' id='word_1_348' title='bbox 1059 2775 1211 2833; x_wconf 81' lang='grc' dir='ltr'>κατὰ</span> <span class='ocrx_word' id='word_1_349' title='bbox 1267 2775 1485 2834; x_wconf 68' lang='grc' dir='ltr'>τούτου</span> <span class='ocrx_word' id='word_1_350' title='bbox 1554 2781 1956 2851; x_wconf 74' lang='grc' dir='ltr'>γεγενημένης</span> 
     </span>
     <span class='ocr_line' id='line_1_52' title="bbox 436 2859 1359 2911; baseline 0.008 -15"><span class='ocrx_word' id='word_1_351' title='bbox 436 2859 600 2897; x_wconf 84' lang='grc' dir='ltr'>σπου</span> <span class='ocrx_word' id='word_1_352' title='bbox 641 2863 736 2911; x_wconf 85' lang='grc' dir='ltr'>ης.</span> <span class='ocrx_word' id='word_1_353' title='bbox 1108 2888 1122 2897; x_wconf 87' lang='grc'><strong>.</strong></span> <span class='ocrx_word' id='word_1_354' title='bbox 1353 2883 1359 2889; x_wconf 88' lang='lat'><strong><em>-</em></strong></span> 
     </span>
    </p>
   </div>
   <div class='ocr_carea' id='block_1_52' title="bbox 436 2931 1952 3011">
    <p class='ocr_par' dir='ltr' id='par_1_52' title="bbox 436 2931 1952 3011">
     <span class='ocr_line' id='line_1_53' title="bbox 436 2931 1952 3011; baseline 0.008 -29"><span class='ocrx_word' id='word_1_355' title='bbox 436 2931 806 3001; x_wconf 85' lang='grc' dir='ltr'>Γερμανίκεια</span> <span class='ocrx_word' id='word_1_356' title='bbox 835 2933 990 2997; x_wconf 87' lang='grc' dir='ltr'>πόλις</span> <span class='ocrx_word' id='word_1_357' title='bbox 1021 2934 1170 2988; x_wconf 70' lang='grc' dir='ltr'>ἐστὶν</span> <span class='ocrx_word' id='word_1_358' title='bbox 1200 2937 1258 2989; x_wconf 79' lang='grc' dir='ltr'>ἐν</span> <span class='ocrx_word' id='word_1_359' title='bbox 1301 2937 1538 3010; x_wconf 80' lang='grc' dir='ltr'>μεθορίῳ</span> <span class='ocrx_word' id='word_1_360' title='bbox 1565 2939 1665 3011; x_wconf 78' lang='grc' dir='ltr'>τῆς</span> <span class='ocrx_word' id='word_1_361' title='bbox 1692 2939 1952 3004; x_wconf 82' lang='grc' dir='ltr'>Κιλίκων,</span> 
     </span>
    </p>
   </div>
   <div class='ocr_carea' id='block_1_53' title="bbox 365 3022 1954 3104">
    <p class='ocr_par' dir='ltr' id='par_1_53' title="bbox 365 3022 1954 3104">
     <span class='ocr_line' id='line_1_54' title="bbox 365 3022 1954 3104; baseline 0.007 -30"><span class='ocrx_word' id='word_1_362' title='bbox 365 3022 460 3076; x_wconf 69' lang='grc' dir='ltr'>καὶ</span> <span class='ocrx_word' id='word_1_363' title='bbox 494 3022 702 3094; x_wconf 83' lang='grc' dir='ltr'>Σύρων,</span> <span class='ocrx_word' id='word_1_364' title='bbox 748 3025 844 3077; x_wconf 76' lang='grc' dir='ltr'>καὶ</span> <span class='ocrx_word' id='word_1_365' title='bbox 891 3026 1280 3080; x_wconf 86' lang='grc' dir='ltr'>Καππαδοκῶν</span> <span class='ocrx_word' id='word_1_366' title='bbox 1332 3029 1584 3102; x_wconf 79' lang='grc' dir='ltr'>κειμένη,</span> <span class='ocrx_word' id='word_1_367' title='bbox 1637 3033 1718 3094; x_wconf 83' lang='grc' dir='ltr'><strong>είς</strong></span> <span class='ocrx_word' id='word_1_368' title='bbox 1764 3033 1822 3085; x_wconf 81' lang='grc' dir='ltr'>δὲ</span> <span class='ocrx_word' id='word_1_369' title='bbox 1855 3032 1954 3104; x_wconf 80' lang='grc' dir='ltr'>τὴν</span> 
     </span>
    </p>
   </div>
   <div class='ocr_carea' id='block_1_54' title="bbox 369 3114 1954 3194">
    <p class='ocr_par' dir='ltr' id='par_1_54' title="bbox 369 3114 1954 3194">
     <span class='ocr_line' id='line_1_55' title="bbox 369 3114 1954 3194; baseline 0.006 -28"><span class='ocrx_word' id='word_1_370' title='bbox 369 3114 753 3185; x_wconf 76' lang='grc' dir='ltr'>Εὐφρατησίαν</span> <span class='ocrx_word' id='word_1_371' title='bbox 777 3115 1116 3188; x_wconf 77' lang='grc' dir='ltr'>καλουμένην</span> <span class='ocrx_word' id='word_1_372' title='bbox 1137 3117 1410 3190; x_wconf 76' lang='grc' dir='ltr'>ἐπαρχίαν</span> <span class='ocrx_word' id='word_1_373' title='bbox 1437 3121 1600 3176; x_wconf 83' lang='grc' dir='ltr'>τελεῖ.</span> <span class='ocrx_word' id='word_1_374' title='bbox 1635 3123 1746 3192; x_wconf 85' lang='grc' dir='ltr'><strong>Τῆς</strong></span> <span class='ocrx_word' id='word_1_375' title='bbox 1773 3123 1828 3175; x_wconf 82' lang='grc' dir='ltr'>δὲ</span> <span class='ocrx_word' id='word_1_376' title='bbox 1854 3124 1954 3194; x_wconf 86' lang='grc' dir='ltr'>τῆς</span> 
     </span>
    </p>
   </div>
   <div class='ocr_carea' id='block_1_55' title="bbox 379 3206 1954 3283">
    <p class='ocr_par' dir='ltr' id='par_1_55' title="bbox 379 3206 1954 3283">
     <span class='ocr_line' id='line_1_56' title="bbox 379 3206 1954 3283; baseline 0.007 -25"><span class='ocrx_word' id='word_1_377' title='bbox 379 3206 707 3278; x_wconf 81' lang='grc' dir='ltr'>Ἑκκλησίας</span> <span class='ocrx_word' id='word_1_378' title='bbox 764 3208 1152 3279; x_wconf 79' lang='grc' dir='ltr'>προστατεύων</span> <span class='ocrx_word' id='word_1_379' title='bbox 1199 3209 1476 3283; x_wconf 73' lang='grc' dir='ltr'>Εὑδόξιος,</span> <span class='ocrx_word' id='word_1_380' title='bbox 1529 3208 1651 3267; x_wconf 77' lang='grc' dir='ltr'>εἶτα</span> <span class='ocrx_word' id='word_1_381' title='bbox 1703 3215 1954 3270; x_wconf 83' lang='grc' dir='ltr'>Λεόντιον</span> 
     </span>
    </p>
   </div>
   <div class='ocr_carea' id='block_1_56' title="bbox 365 3299 1954 3378">
    <p class='ocr_par' dir='ltr' id='par_1_56' title="bbox 365 3299 1954 3378">
     <span class='ocr_line' id='line_1_57' title="bbox 365 3299 1954 3378; baseline 0.007 -29"><span class='ocrx_word' id='word_1_382' title='bbox 365 3299 688 3366; x_wconf 83' lang='grc' dir='ltr'>τεθνηκέναι</span> <span class='ocrx_word' id='word_1_383' title='bbox 742 3299 951 3370; x_wconf 84' lang='grc' dir='ltr'>μαθὼν,</span> <span class='ocrx_word' id='word_1_384' title='bbox 1001 3301 1269 3356; x_wconf 83' lang='grc' dir='ltr'>κατέλαϐε</span> <span class='ocrx_word' id='word_1_385' title='bbox 1322 3304 1424 3373; x_wconf 85' lang='grc' dir='ltr'>μὲν</span> <span class='ocrx_word' id='word_1_386' title='bbox 1455 3305 1556 3376; x_wconf 84' lang='grc' dir='ltr'>τὴν</span> <span class='ocrx_word' id='word_1_387' title='bbox 1601 3306 1954 3378; x_wconf 81' lang='grc' dir='ltr'>Ἀντιόχειαν,</span> 
     </span>
    </p>
   </div>
   <div class='ocr_carea' id='block_1_57' title="bbox 368 3379 1959 3469">
    <p class='ocr_par' dir='ltr' id='par_1_57' title="bbox 368 3379 1959 3469">
     <span class='ocr_line' id='line_1_58' title="bbox 368 3379 1959 3469; baseline 0.008 -30"><span class='ocrx_word' id='word_1_388' title='bbox 368 3390 584 3459; x_wconf 70' lang='grc' dir='ltr'>ἥρπασε</span> <span class='ocrx_word' id='word_1_389' title='bbox 609 3389 664 3441; x_wconf 82' lang='grc' dir='ltr'>δὲ</span> <span class='ocrx_word' id='word_1_390' title='bbox 694 3389 792 3461; x_wconf 84' lang='grc' dir='ltr'>τὴν</span> <span class='ocrx_word' id='word_1_391' title='bbox 841 3392 1152 3463; x_wconf 86' lang='grc' dir='ltr'>προεδρίαν,</span> <span class='ocrx_word' id='word_1_392' title='bbox 1189 3379 1316 3458; x_wconf 83' lang='grc' dir='ltr'>συὸς</span> <span class='ocrx_word' id='word_1_393' title='bbox 1345 3395 1540 3466; x_wconf 86' lang='grc' dir='ltr'>ἀγρίου</span> <span class='ocrx_word' id='word_1_394' title='bbox 1573 3397 1729 3468; x_wconf 86' lang='grc' dir='ltr'>δίκην</span> <span class='ocrx_word' id='word_1_395' title='bbox 1762 3398 1959 3469; x_wconf 84' lang='grc' dir='ltr'>λυμαι-</span> 
     </span>
    </p>
   </div>
   <div class='ocr_carea' id='block_1_58' title="bbox 369 3480 1957 3560">
    <p class='ocr_par' dir='ltr' id='par_1_58' title="bbox 369 3480 1957 3560">
     <span class='ocr_line' id='line_1_59' title="bbox 369 3480 1957 3560; baseline 0.009 -30"><span class='ocrx_word' id='word_1_396' title='bbox 369 3480 594 3549; x_wconf 85' lang='grc' dir='ltr'>νόμενος</span> <span class='ocrx_word' id='word_1_397' title='bbox 637 3481 727 3534; x_wconf 75' lang='grc' dir='ltr'>τὸν</span> <span class='ocrx_word' id='word_1_398' title='bbox 758 3483 1058 3552; x_wconf 84' lang='grc' dir='ltr'>ἀμπελῶνα</span> <span class='ocrx_word' id='word_1_399' title='bbox 1080 3483 1172 3538; x_wconf 71' lang='grc' dir='ltr'><strong>τόν</strong></span> <span class='ocrx_word' id='word_1_400' title='bbox 1199 3484 1360 3540; x_wconf 86' lang='grc' dir='ltr'>θεῖον.</span> <span class='ocrx_word' id='word_1_401' title='bbox 1400 3488 1536 3542; x_wconf 65' lang='lat' dir='ltr'><strong>Uti-62¢.</strong></span> <span class='ocrx_word' id='word_1_402' title='bbox 1570 3490 1680 3560; x_wconf 73' lang='grc' dir='ltr'><strong>γὰρ</strong></span> <span class='ocrx_word' id='word_1_403' title='bbox 1718 3489 1957 3560; x_wconf 83' lang='grc' dir='ltr'>Λεοντίῳ</span> 
     </span>
    </p>
   </div>
   <div class='ocr_carea' id='block_1_59' title="bbox 373 3574 1958 3647">
    <p class='ocr_par' dir='ltr' id='par_1_59' title="bbox 373 3574 1958 3647">
     <span class='ocr_line' id='line_1_60' title="bbox 373 3574 1958 3647; baseline 0.007 -21"><span class='ocrx_word' id='word_1_404' title='bbox 373 3574 768 3644; x_wconf 82' lang='grc' dir='ltr'>παραπλησίως</span> <span class='ocrx_word' id='word_1_405' title='bbox 816 3575 908 3646; x_wconf 81' lang='grc' dir='ltr'>τὴν</span> <span class='ocrx_word' id='word_1_406' title='bbox 959 3575 1288 3647; x_wconf 84' lang='grc' dir='ltr'>κακοήθειαν</span> <span class='ocrx_word' id='word_1_407' title='bbox 1344 3581 1778 3636; x_wconf 89' lang='grc' dir='ltr'>συνεκάλυπτεν·</span> <span class='ocrx_word' id='word_1_408' title='bbox 1842 3582 1958 3637; x_wconf 86' lang='grc' dir='ltr'>ἀλλ’</span> 
     </span>
    </p>
   </div>
   <div class='ocr_carea' id='block_1_60' title="bbox 372 3663 1958 3745">
    <p class='ocr_par' dir='ltr' id='par_1_60' title="bbox 372 3663 1958 3745">
     <span class='ocr_line' id='line_1_61' title="bbox 372 3663 1958 3745; baseline 0.007 -27"><span class='ocrx_word' id='word_1_409' title='bbox 372 3663 630 3733; x_wconf 69' lang='grc' dir='ltr'>ἄντικρυς</span> <span class='ocrx_word' id='word_1_410' title='bbox 675 3665 818 3718; x_wconf 76' lang='grc' dir='ltr'>κατὰ</span> <span class='ocrx_word' id='word_1_411' title='bbox 845 3665 954 3720; x_wconf 88' lang='grc' dir='ltr'><strong>τῶν</strong></span> <span class='ocrx_word' id='word_1_412' title='bbox 995 3668 1366 3724; x_wconf 74' lang='grc' dir='ltr'>ἀποστολικῶν</span> <span class='ocrx_word' id='word_1_413' title='bbox 1399 3672 1596 3728; x_wconf 85' lang='grc' dir='ltr'>ὲλύττα</span> <span class='ocrx_word' id='word_1_414' title='bbox 1646 3674 1958 3745; x_wconf 85' lang='grc' dir='ltr'>δογμάτων,</span> 
     </span>
    </p>
   </div>
   <div class='ocr_carea' id='block_1_61' title="bbox 373 3757 1961 3840">
    <p class='ocr_par' dir='ltr' id='par_1_61' title="bbox 373 3757 1961 3840">
     <span class='ocr_line' id='line_1_62' title="bbox 373 3757 1961 3840; baseline 0.009 -32"><span class='ocrx_word' id='word_1_415' title='bbox 373 3757 466 3809; x_wconf 74' lang='grc' dir='ltr'>καὶ</span> <span class='ocrx_word' id='word_1_416' title='bbox 518 3757 640 3822; x_wconf 86' lang='grc' dir='ltr'>τοὺς</span> <span class='ocrx_word' id='word_1_417' title='bbox 672 3758 990 3828; x_wconf 78' lang='grc' dir='ltr'>ἀντιλέγειν</span> <span class='ocrx_word' id='word_1_418' title='bbox 1037 3761 1352 3832; x_wconf 85' lang='grc' dir='ltr'>τολμῶντας</span> <span class='ocrx_word' id='word_1_419' title='bbox 1404 3767 1773 3830; x_wconf 85' lang='grc' dir='ltr'>παντοδαπαῖς</span> <span class='ocrx_word' id='word_1_420' title='bbox 1807 3785 1961 3840; x_wconf 84' lang='grc' dir='ltr'>περι-</span> 
     </span>
    </p>
   </div>
   <div class='ocr_carea' id='block_1_62' title="bbox 371 3845 1962 3930">
    <p class='ocr_par' dir='ltr' id='par_1_62' title="bbox 371 3845 1962 3930">
     <span class='ocr_line' id='line_1_63' title="bbox 371 3845 1962 3930; baseline 0.009 -31"><span class='ocrx_word' id='word_1_421' title='bbox 371 3845 564 3901; x_wconf 80' lang='grc' dir='ltr'>έϐαλλε</span> <span class='ocrx_word' id='word_1_422' title='bbox 589 3853 914 3922; x_wconf 85' lang='grc' dir='ltr'>συμφοραῖς.</span> <span class='ocrx_word' id='word_1_423' title='bbox 943 3853 1103 3907; x_wconf 86' lang='grc' dir='ltr'>Κατὰ</span> <span class='ocrx_word' id='word_1_424' title='bbox 1121 3853 1308 3908; x_wconf 79' lang='grc' dir='ltr'>τοῦτον</span> <span class='ocrx_word' id='word_1_425' title='bbox 1327 3855 1383 3910; x_wconf 84' lang='grc' dir='ltr'>δὲ</span> <span class='ocrx_word' id='word_1_426' title='bbox 1403 3857 1494 3910; x_wconf 81' lang='grc' dir='ltr'>τὸν</span> <span class='ocrx_word' id='word_1_427' title='bbox 1519 3859 1732 3930; x_wconf 87' lang='grc' dir='ltr'>χρόνον,</span> <span class='ocrx_word' id='word_1_428' title='bbox 1772 3859 1962 3928; x_wconf 80' lang='grc' dir='ltr'>Ἀγκύ-</span> 
     </span>
    </p>
   </div>
   <div class='ocr_carea' id='block_1_63' title="bbox 376 3941 1958 4020">
    <p class='ocr_par' dir='ltr' id='par_1_63' title="bbox 376 3941 1958 4020">
     <span class='ocr_line' id='line_1_64' title="bbox 376 3941 1958 4020; baseline 0.008 -27"><span class='ocrx_word' id='word_1_429' title='bbox 376 3954 474 4011; x_wconf 83' lang='grc' dir='ltr'><strong>ρας</strong></span> <span class='ocrx_word' id='word_1_430' title='bbox 506 3941 606 4011; x_wconf 81' lang='grc' dir='ltr'>μὲν</span> <span class='ocrx_word' id='word_1_431' title='bbox 651 3943 752 4013; x_wconf 79' lang='grc' dir='ltr'>τῆς</span> <span class='ocrx_word' id='word_1_432' title='bbox 791 3943 1049 3999; x_wconf 86' lang='grc' dir='ltr'>Γαλατῶν</span> <span class='ocrx_word' id='word_1_433' title='bbox 1099 3949 1489 4020; x_wconf 85' lang='grc' dir='ltr'>μητροπόλεως</span> <span class='ocrx_word' id='word_1_434' title='bbox 1518 3951 1798 4015; x_wconf 83' lang='grc' dir='ltr'>Βασίλειος</span> <span class='ocrx_word' id='word_1_435' title='bbox 1823 3969 1958 4006; x_wconf 87' lang='grc' dir='ltr'>κατ-</span> 
     </span>
    </p>
   </div>
   <div class='ocr_carea' id='block_1_64' title="bbox 371 4031 1962 4109">
    <p class='ocr_par' dir='ltr' id='par_1_64' title="bbox 371 4031 1962 4109">
     <span class='ocr_line' id='line_1_65' title="bbox 371 4031 1962 4109; baseline 0.008 -25"><span class='ocrx_word' id='word_1_436' title='bbox 371 4035 488 4098; x_wconf 75' lang='grc' dir='ltr'>εἶχε</span> <span class='ocrx_word' id='word_1_437' title='bbox 521 4031 590 4083; x_wconf 84' lang='grc' dir='ltr'>τὰ</span> <span class='ocrx_word' id='word_1_438' title='bbox 618 4032 717 4101; x_wconf 84' lang='grc' dir='ltr'>τῆς</span> <span class='ocrx_word' id='word_1_439' title='bbox 764 4033 1090 4105; x_wconf 85' lang='grc' dir='ltr'>Ἐκκλησίας</span> <span class='ocrx_word' id='word_1_440' title='bbox 1134 4037 1390 4106; x_wconf 86' lang='grc' dir='ltr'>πηδάλια,</span> <span class='ocrx_word' id='word_1_441' title='bbox 1433 4039 1752 4109; x_wconf 81' lang='grc' dir='ltr'>Μάρκελλον</span> <span class='ocrx_word' id='word_1_442' title='bbox 1794 4041 1962 4095; x_wconf 78' lang='grc' dir='ltr'>διαδε·</span> 
     </span>
    </p>
   </div>
   <div class='ocr_carea' id='block_1_65' title="bbox 373 4119 1961 4209">
    <p class='ocr_par' dir='ltr' id='par_1_65' title="bbox 373 4119 1961 4209">
     <span class='ocr_line' id='line_1_66' title="bbox 373 4119 1961 4209; baseline 0.013 -38"><span class='ocrx_word' id='word_1_443' title='bbox 373 4119 635 4189; x_wconf 72' lang='grc' dir='ltr'>ξάμενοςσ</span> <span class='ocrx_word' id='word_1_444' title='bbox 693 4123 992 4188; x_wconf 84' lang='grc' dir='ltr'>Εὑστάθιος</span> <span class='ocrx_word' id='word_1_445' title='bbox 1046 4127 1104 4179; x_wconf 83' lang='grc' dir='ltr'>δὲ</span> <span class='ocrx_word' id='word_1_446' title='bbox 1139 4129 1462 4193; x_wconf 87' lang='grc' dir='ltr'>Σεϐαστείας</span> <span class='ocrx_word' id='word_1_447' title='bbox 1515 4135 1720 4201; x_wconf 81' lang='grc' dir='ltr'>ἡγεῖτο,</span> <span class='ocrx_word' id='word_1_448' title='bbox 1781 4135 1814 4206; x_wconf 86' lang='grc' dir='ltr'>ἢ</span> <span class='ocrx_word' id='word_1_449' title='bbox 1864 4137 1961 4209; x_wconf 83' lang='grc' dir='ltr'>τῆς</span> 
     </span>
    </p>
   </div>
   <div class='ocr_carea' id='block_1_66' title="bbox 387 4213 1956 4300">
    <p class='ocr_par' dir='ltr' id='par_1_66' title="bbox 387 4213 1956 4300">
     <span class='ocr_line' id='line_1_67' title="bbox 387 4213 1956 4300; baseline 0.015 -38"><span class='ocrx_word' id='word_1_450' title='bbox 387 4213 674 4282; x_wconf 77' lang='grc' dir='ltr'>’Δρμενίας</span> <span class='ocrx_word' id='word_1_451' title='bbox 711 4217 1042 4288; x_wconf 73' lang='grc' dir='ltr'>ἐπρώτευεν.</span> <span class='ocrx_word' id='word_1_452' title='bbox 1094 4215 1261 4278; x_wconf 72' lang='grc' dir='ltr'>Οὗτοι</span> <span class='ocrx_word' id='word_1_453' title='bbox 1307 4225 1405 4296; x_wconf 82' lang='grc' dir='ltr'>τὴν</span> <span class='ocrx_word' id='word_1_454' title='bbox 1432 4227 1680 4292; x_wconf 82' lang='grc' dir='ltr'>Εὑδοξίου</span> <span class='ocrx_word' id='word_1_455' title='bbox 1721 4246 1956 4300; x_wconf 77' lang='grc' dir='ltr'>παρανοο</span> 
     </span>
    </p>
   </div>
   <div class='ocr_carea' id='block_1_67' title="bbox 377 4303 1963 4392">
    <p class='ocr_par' dir='ltr' id='par_1_67' title="bbox 377 4303 1963 4392">
     <span class='ocr_line' id='line_1_68' title="bbox 377 4303 1963 4392; baseline 0.015 -39"><span class='ocrx_word' id='word_1_456' title='bbox 377 4303 506 4373; x_wconf 85' lang='grc' dir='ltr'>μίαν</span> <span class='ocrx_word' id='word_1_457' title='bbox 539 4305 631 4359; x_wconf 84' lang='grc' dir='ltr'><strong>καί</strong></span> <span class='ocrx_word' id='word_1_458' title='bbox 654 4305 848 4362; x_wconf 83' lang='grc' dir='ltr'>λύτταν</span> <span class='ocrx_word' id='word_1_459' title='bbox 870 4313 1274 4384; x_wconf 84' lang='grc' dir='ltr'>μεμαθηκότες,</span> <span class='ocrx_word' id='word_1_460' title='bbox 1312 4319 1675 4391; x_wconf 72' lang='grc' dir='ltr'>Κωνσταντίῳ</span> <span class='ocrx_word' id='word_1_461' title='bbox 1702 4321 1780 4392; x_wconf 83' lang='grc' dir='ltr'>τῷ</span> <span class='ocrx_word' id='word_1_462' title='bbox 1809 4321 1963 4392; x_wconf 84' lang='grc' dir='ltr'>βασι-</span> 
     </span>
    </p>
   </div>
   <div class='ocr_carea' id='block_1_68' title="bbox 375 4393 1960 4481">
    <p class='ocr_par' dir='ltr' id='par_1_68' title="bbox 375 4393 1960 4481">
     <span class='ocr_line' id='line_1_69' title="bbox 375 4393 1960 4481; baseline 0.013 -34"><span class='ocrx_word' id='word_1_463' title='bbox 375 4393 458 4481; x_wconf 81' lang='grc' dir='ltr'><strong>λεῖ</strong></span> <span class='ocrx_word' id='word_1_464' title='bbox 486 4395 555 4450; x_wconf 83' lang='grc' dir='ltr'><strong>τὰ</strong></span> <span class='ocrx_word' id='word_1_465' title='bbox 581 4397 919 4468; x_wconf 82' lang='grc' dir='ltr'>τολμηθέντα</span> <span class='ocrx_word' id='word_1_466' title='bbox 940 4401 1026 4455; x_wconf 81' lang='grc' dir='ltr'><strong>διὰ</strong></span> <span class='ocrx_word' id='word_1_467' title='bbox 1052 4407 1396 4477; x_wconf 80' lang='grc' dir='ltr'>γραμμάτων</span> <span class='ocrx_word' id='word_1_468' title='bbox 1429 4409 1721 4481; x_wconf 80' lang='grc' dir='ltr'>ἐδήλωσαν.</span> <span class='ocrx_word' id='word_1_469' title='bbox 1757 4414 1878 4467; x_wconf 83' lang='grc' dir='ltr'>Ἔτι</span> <span class='ocrx_word' id='word_1_470' title='bbox 1903 4415 1960 4468; x_wconf 82' lang='grc' dir='ltr'>δὲ</span> 
     </span>
    </p>
   </div>
   <div class='ocr_carea' id='block_1_69' title="bbox 2237 2537 3466 2618">
    <p class='ocr_par' dir='ltr' id='par_1_69' title="bbox 2237 2537 3466 2618">
     <span class='ocr_line' id='line_1_70' title="bbox 2237 2537 3466 2618; baseline 0 -21"><span class='ocrx_word' id='word_1_471' title='bbox 2237 2538 2400 2610; x_wconf 76' lang='lat'><strong>891</strong></span> <span class='ocrx_word' id='word_1_472' title='bbox 2443 2541 2463 2562; x_wconf 74' lang='lat'><strong><em>‘</em></strong></span> <span class='ocrx_word' id='word_1_473' title='bbox 2495 2537 2650 2594; x_wconf 75' lang='lat' dir='ltr'><strong>CAP.</strong></span> <span class='ocrx_word' id='word_1_474' title='bbox 2687 2538 2809 2596; x_wconf 75' lang='lat' dir='ltr'><strong>XX.</strong></span> <span class='ocrx_word' id='word_1_475' title='bbox 2851 2539 2935 2612; x_wconf 87' lang='grc' dir='ltr'><strong>[Β.</strong></span> <span class='ocrx_word' id='word_1_476' title='bbox 2980 2542 3064 2599; x_wconf 84' lang='lat' dir='ltr'><strong>St.</strong></span> <span class='ocrx_word' id='word_1_477' title='bbox 3105 2541 3205 2598; x_wconf 86' lang='lat' dir='ltr'><strong>Ch.</strong></span> <span class='ocrx_word' id='word_1_478' title='bbox 3241 2540 3308 2600; x_wconf 68' lang='grc' dir='ltr'>ν.</span> <span class='ocrx_word' id='word_1_479' title='bbox 3343 2543 3466 2618; x_wconf 72' lang='lat'><strong>25.]</strong></span> 
     </span>
    </p>
   </div>
   <div class='ocr_carea' id='block_1_70' title="bbox 2063 2628 3648 2699">
    <p class='ocr_par' dir='ltr' id='par_1_70' title="bbox 2063 2628 3648 2699">
     <span class='ocr_line' id='line_1_71' title="bbox 2063 2628 3648 2699; baseline 0.006 -16"><span class='ocrx_word' id='word_1_480' title='bbox 2063 2629 2140 2686; x_wconf 79' lang='lat' dir='ltr'><strong>De</strong></span> <span class='ocrx_word' id='word_1_481' title='bbox 2181 2628 2419 2684; x_wconf 60' lang='lat' dir='ltr'><strong>Eudoxii</strong></span> <span class='ocrx_word' id='word_1_482' title='bbox 2453 2630 2899 2686; x_wconf 77' lang='lat' dir='ltr'><strong>Germanicieusis</strong></span> <span class='ocrx_word' id='word_1_483' title='bbox 2948 2634 3200 2699; x_wconf 81' lang='lat' dir='ltr'><strong>novitate,</strong></span> <span class='ocrx_word' id='word_1_484' title='bbox 3251 2645 3302 2690; x_wconf 84' lang='lat' dir='ltr'><strong>et</strong></span> <span class='ocrx_word' id='word_1_485' title='bbox 3350 2637 3414 2690; x_wconf 84' lang='lat' dir='ltr'><strong>de</strong></span> <span class='ocrx_word' id='word_1_486' title='bbox 3451 2636 3648 2693; x_wconf 75' lang='lat' dir='ltr'><strong>Basilii</strong></span> 
     </span>
    </p>
   </div>
   <div class='ocr_carea' id='block_1_71' title="bbox 2129 2701 3645 2825">
    <p class='ocr_par' dir='ltr' id='par_1_71' title="bbox 2129 2701 3645 2825">
     <span class='ocr_line' id='line_1_72' title="bbox 2129 2701 3645 2825; baseline 0.006 -71"><span class='ocrx_word' id='word_1_487' title='bbox 2129 2701 2360 2825; x_wconf 38' lang='lat' dir='ltr'><strong>Ancyrae.</strong></span> <span class='ocrx_word' id='word_1_488' title='bbox 2407 2711 2562 2772; x_wconf 85' lang='lat' dir='ltr'><strong>atque</strong></span> <span class='ocrx_word' id='word_1_489' title='bbox 2617 2703 2893 2758; x_wconf 74' lang='lat' dir='ltr'><strong>Eustathii</strong></span> <span class='ocrx_word' id='word_1_490' title='bbox 2938 2702 3196 2759; x_wconf 76' lang='lat' dir='ltr'><strong>Sebastia:</strong></span> <span class='ocrx_word' id='word_1_491' title='bbox 3251 2718 3439 2761; x_wconf 83' lang='lat' dir='ltr'><strong>contra</strong></span> <span class='ocrx_word' id='word_1_492' title='bbox 3493 2709 3645 2763; x_wconf 72' lang='lat' dir='ltr'><strong>iitum</strong></span> 
     </span>
     <span class='ocr_line' id='line_1_73' title="bbox 2129 2784 2478 2825; baseline 0.003 -1"><span class='ocrx_word' id='word_1_493' title='bbox 2129 2784 2311 2825; x_wconf 83' lang='lat' dir='ltr'><strong>conten</strong></span> <span class='ocrx_word' id='word_1_494' title='bbox 2343 2789 2478 2825; x_wconf 80' lang='lat' dir='ltr'><strong>tene.</strong></span> 
     </span>
    </p>
   </div>
   <div class='ocr_carea' id='block_1_72' title="bbox 2127 2784 2478 2827">
    <p class='ocr_par' dir='ltr' id='par_1_72' title="bbox 2127 2784 2478 2827">
     <span class='ocr_line' id='line_1_74' title="bbox 2127 2784 2478 2827; baseline 0.006 -3"><span class='ocrx_word' id='word_1_495' title='bbox 2127 2784 2478 2827; x_wconf 70' lang='lat' dir='ltr'><strong>contentione.</strong></span> 
     </span>
    </p>
   </div>
   <div class='ocr_carea' id='block_1_73' title="bbox 2127 2921 3644 3004">
    <p class='ocr_par' dir='ltr' id='par_1_73' title="bbox 2127 2921 3644 3004">
     <span class='ocr_line' id='line_1_75' title="bbox 2127 2921 3644 3004; baseline 0.001 -17"><span class='ocrx_word' id='word_1_496' title='bbox 2127 2931 2480 2987; x_wconf 87' lang='lat' dir='ltr'><strong>Germanieia</strong></span> <span class='ocrx_word' id='word_1_497' title='bbox 2515 2932 2716 2989; x_wconf 83' lang='lat' dir='ltr'><strong>civitas</strong></span> <span class='ocrx_word' id='word_1_498' title='bbox 2767 2921 2854 2987; x_wconf 82' lang='lat' dir='ltr'><strong>est</strong></span> <span class='ocrx_word' id='word_1_499' title='bbox 2898 2933 2966 2987; x_wconf 64' lang='lat' dir='ltr'><strong>in.</strong></span> <span class='ocrx_word' id='word_1_500' title='bbox 2999 2931 3232 2988; x_wconf 88' lang='lat' dir='ltr'><strong>Cilicum</strong></span> <span class='ocrx_word' id='word_1_501' title='bbox 3277 2939 3331 2988; x_wconf 90' lang='lat' dir='ltr'><strong>et</strong></span> <span class='ocrx_word' id='word_1_502' title='bbox 3380 2932 3644 3004; x_wconf 80' lang='lat' dir='ltr'><strong>Syrorum</strong></span> 
     </span>
    </p>
   </div>
   <div class='ocr_carea' id='block_1_74' title="bbox 2057 3023 3648 3095">
    <p class='ocr_par' dir='ltr' id='par_1_74' title="bbox 2057 3023 3648 3095">
     <span class='ocr_line' id='line_1_76' title="bbox 2057 3023 3648 3095; baseline 0.001 -17"><span class='ocrx_word' id='word_1_503' title='bbox 2057 3023 2557 3094; x_wconf 86' lang='lat' dir='ltr'><strong>Cappadocumque</strong></span> <span class='ocrx_word' id='word_1_504' title='bbox 2631 3023 2892 3079; x_wconf 78' lang='lat' dir='ltr'><strong>conﬁniis</strong></span> <span class='ocrx_word' id='word_1_505' title='bbox 2963 3025 3188 3094; x_wconf 87' lang='lat' dir='ltr'><strong>posita,</strong></span> <span class='ocrx_word' id='word_1_506' title='bbox 3274 3024 3648 3095; x_wconf 78' lang='lat' dir='ltr'><strong>Euphratesize</strong></span> 
     </span>
    </p>
   </div>
   <div class='ocr_carea' id='block_1_75' title="bbox 2055 3112 3649 3184">
    <p class='ocr_par' dir='ltr' id='par_1_75' title="bbox 2055 3112 3649 3184">
     <span class='ocr_line' id='line_1_77' title="bbox 2055 3112 3649 3184; baseline 0 -16"><span class='ocrx_word' id='word_1_507' title='bbox 2055 3129 2220 3184; x_wconf 85' lang='lat' dir='ltr'><strong>quam</strong></span> <span class='ocrx_word' id='word_1_508' title='bbox 2255 3123 2452 3169; x_wconf 84' lang='lat' dir='ltr'><strong>vocant</strong></span> <span class='ocrx_word' id='word_1_509' title='bbox 2490 3115 2788 3184; x_wconf 69' lang='lat' dir='ltr'><strong>provinciae</strong></span> <span class='ocrx_word' id='word_1_510' title='bbox 2838 3116 3128 3168; x_wconf 88' lang='lat' dir='ltr'><strong>attributa.</strong></span> <span class='ocrx_word' id='word_1_511' title='bbox 3177 3112 3354 3183; x_wconf 87' lang='lat' dir='ltr'><strong>llujus</strong></span> <span class='ocrx_word' id='word_1_512' title='bbox 3389 3113 3649 3170; x_wconf 68' lang='lat' dir='ltr'><strong>Ecclesiae</strong></span> 
     </span>
    </p>
   </div>
   <div class='ocr_carea' id='block_1_76' title="bbox 2061 3205 3650 3278">
    <p class='ocr_par' dir='ltr' id='par_1_76' title="bbox 2061 3205 3650 3278">
     <span class='ocr_line' id='line_1_78' title="bbox 2061 3205 3650 3278; baseline -0.003 -18"><span class='ocrx_word' id='word_1_513' title='bbox 2061 3207 2298 3261; x_wconf 87' lang='lat' dir='ltr'><strong>antistes</strong></span> <span class='ocrx_word' id='word_1_514' title='bbox 2357 3207 2662 3272; x_wconf 81' lang='lat' dir='ltr'><strong>Eudoxius,</strong></span> <span class='ocrx_word' id='word_1_515' title='bbox 2696 3207 2921 3278; x_wconf 79' lang='lat' dir='ltr'><strong>cognita</strong></span> <span class='ocrx_word' id='word_1_516' title='bbox 2955 3215 3132 3262; x_wconf 87' lang='lat' dir='ltr'><strong>morte</strong></span> <span class='ocrx_word' id='word_1_517' title='bbox 3183 3205 3420 3273; x_wconf 87' lang='lat' dir='ltr'><strong>Leontii,</strong></span> <span class='ocrx_word' id='word_1_518' title='bbox 3459 3209 3650 3262; x_wconf 76' lang='lat' dir='ltr'><strong>Antin-</strong></span> 
     </span>
    </p>
   </div>
   <div class='ocr_carea' id='block_1_77' title="bbox 2061 3299 3650 3370">
    <p class='ocr_par' dir='ltr' id='par_1_77' title="bbox 2061 3299 3650 3370">
     <span class='ocr_line' id='line_1_79' title="bbox 2061 3299 3650 3370; baseline -0.002 -15"><span class='ocrx_word' id='word_1_519' title='bbox 2061 3301 2243 3355; x_wconf 91' lang='lat' dir='ltr'><strong>chiam</strong></span> <span class='ocrx_word' id='word_1_520' title='bbox 2279 3315 2339 3355; x_wconf 88' lang='lat' dir='ltr'><strong>se</strong></span> <span class='ocrx_word' id='word_1_521' title='bbox 2387 3299 2648 3366; x_wconf 80' lang='lat' dir='ltr'><strong>cantulit,</strong></span> <span class='ocrx_word' id='word_1_522' title='bbox 2689 3299 3180 3370; x_wconf 80' lang='lat' dir='ltr'><strong>episcopatumque</strong></span> <span class='ocrx_word' id='word_1_523' title='bbox 3219 3300 3436 3358; x_wconf 75' lang='lat' dir='ltr'><strong>invasit.</strong></span> <span class='ocrx_word' id='word_1_524' title='bbox 3474 3303 3650 3354; x_wconf 80' lang='lat' dir='ltr'><strong>instar</strong></span> 
     </span>
    </p>
   </div>
   <div class='ocr_carea' id='block_1_78' title="bbox 2039 3389 3650 3461">
    <p class='ocr_par' dir='ltr' id='par_1_78' title="bbox 2039 3389 3650 3461">
     <span class='ocr_line' id='line_1_80' title="bbox 2039 3389 3650 3461; baseline -0.002 -15"><span class='ocrx_word' id='word_1_525' title='bbox 2039 3392 2179 3461; x_wconf 86' lang='lat' dir='ltr'><strong>.apri</strong></span> <span class='ocrx_word' id='word_1_526' title='bbox 2207 3391 2478 3450; x_wconf 86' lang='lat' dir='ltr'><strong>silvestris</strong></span> <span class='ocrx_word' id='word_1_527' title='bbox 2505 3393 2719 3446; x_wconf 83' lang='lat' dir='ltr'><strong>vineam</strong></span> <span class='ocrx_word' id='word_1_528' title='bbox 2753 3390 3092 3444; x_wconf 86' lang='lat' dir='ltr'><strong>Dominlcam</strong></span> <span class='ocrx_word' id='word_1_529' title='bbox 3121 3389 3438 3446; x_wconf 65' lang='lat' dir='ltr'><strong>det-astans.</strong></span> <span class='ocrx_word' id='word_1_530' title='bbox 3464 3390 3650 3457; x_wconf 86' lang='lat' dir='ltr'><strong>Neque</strong></span> 
     </span>
    </p>
   </div>
   <div class='ocr_carea' id='block_1_79' title="bbox 2059 3480 3646 3540">
    <p class='ocr_par' dir='ltr' id='par_1_79' title="bbox 2059 3480 3646 3540">
     <span class='ocr_line' id='line_1_81' title="bbox 2059 3480 3646 3540; baseline -0.001 -1"><span class='ocrx_word' id='word_1_531' title='bbox 2059 3486 2206 3540; x_wconf 90' lang='lat' dir='ltr'><strong>enim</strong></span> <span class='ocrx_word' id='word_1_532' title='bbox 2257 3483 2526 3538; x_wconf 86' lang='lat' dir='ltr'><strong>malitiam</strong></span> <span class='ocrx_word' id='word_1_533' title='bbox 2581 3497 2736 3538; x_wconf 84' lang='lat' dir='ltr'><strong>suam</strong></span> <span class='ocrx_word' id='word_1_534' title='bbox 2789 3482 2933 3538; x_wconf 90' lang='lat' dir='ltr'><strong>sicut</strong></span> <span class='ocrx_word' id='word_1_535' title='bbox 3014 3480 3278 3537; x_wconf 85' lang='lat' dir='ltr'><strong>Leontius</strong></span> <span class='ocrx_word' id='word_1_536' title='bbox 3317 3483 3646 3538; x_wconf 81' lang='lat' dir='ltr'><strong>occultabat.</strong></span> 
     </span>
    </p>
   </div>
   <div class='ocr_carea' id='block_1_80' title="bbox 2061 3572 3646 3646">
    <p class='ocr_par' dir='ltr' id='par_1_80' title="bbox 2061 3572 3646 3646">
     <span class='ocr_line' id='line_1_82' title="bbox 2061 3572 3646 3646; baseline -0.005 -15"><span class='ocrx_word' id='word_1_537' title='bbox 2061 3575 2158 3632; x_wconf 88' lang='lat' dir='ltr'><strong>sed</strong></span> <span class='ocrx_word' id='word_1_538' title='bbox 2206 3585 2397 3646; x_wconf 89' lang='lat' dir='ltr'><strong>aperte</strong></span> <span class='ocrx_word' id='word_1_539' title='bbox 2455 3574 2728 3630; x_wconf 86' lang='lat' dir='ltr'><strong>adversus</strong></span> <span class='ocrx_word' id='word_1_540' title='bbox 2788 3572 3092 3644; x_wconf 91' lang='lat' dir='ltr'><strong>apostolica</strong></span> <span class='ocrx_word' id='word_1_541' title='bbox 3143 3572 3396 3644; x_wconf 70' lang='lat' dir='ltr'><strong>dogmata</strong></span> <span class='ocrx_word' id='word_1_542' title='bbox 3439 3573 3646 3626; x_wconf 81' lang='lat' dir='ltr'><strong>rabiem</strong></span> 
     </span>
    </p>
   </div>
   <div class='ocr_carea' id='block_1_81' title="bbox 2061 3663 3648 3736">
    <p class='ocr_par' dir='ltr' id='par_1_81' title="bbox 2061 3663 3648 3736">
     <span class='ocr_line' id='line_1_83' title="bbox 2061 3663 3648 3736; baseline -0.006 -12"><span class='ocrx_word' id='word_1_543' title='bbox 2061 3684 2217 3724; x_wconf 89' lang='lat' dir='ltr'><strong>suam</strong></span> <span class='ocrx_word' id='word_1_544' title='bbox 2249 3683 2540 3731; x_wconf 81' lang='lat' dir='ltr'><strong>exercens,</strong></span> <span class='ocrx_word' id='word_1_545' title='bbox 2566 3681 2662 3722; x_wconf 87' lang='lat' dir='ltr'><strong>eos</strong></span> <span class='ocrx_word' id='word_1_546' title='bbox 2685 3665 2778 3736; x_wconf 91' lang='lat' dir='ltr'><strong>qui</strong></span> <span class='ocrx_word' id='word_1_547' title='bbox 2811 3663 3195 3720; x_wconf 79' lang='lat' dir='ltr'><strong>contradicere</strong></span> <span class='ocrx_word' id='word_1_548' title='bbox 3239 3664 3502 3718; x_wconf 82' lang='lat' dir='ltr'><strong>auderent</strong></span> <span class='ocrx_word' id='word_1_549' title='bbox 3527 3677 3648 3716; x_wconf 82' lang='lat' dir='ltr'><strong>om-</strong></span> 
     </span>
    </p>
   </div>
   <div class='ocr_carea' id='block_1_82' title="bbox 2035 3757 3654 3826">
    <p class='ocr_par' dir='ltr' id='par_1_82' title="bbox 2035 3757 3654 3826">
     <span class='ocr_line' id='line_1_84' title="bbox 2035 3757 3654 3826; baseline -0.005 -11"><span class='ocrx_word' id='word_1_550' title='bbox 2035 3760 2228 3825; x_wconf 36' lang='lat' dir='ltr'><strong>.nibus</strong></span> <span class='ocrx_word' id='word_1_551' title='bbox 2262 3757 2630 3815; x_wconf 87' lang='lat' dir='ltr'><strong>incommodis</strong></span> <span class='ocrx_word' id='word_1_552' title='bbox 2659 3757 3006 3814; x_wconf 84' lang='lat' dir='ltr'><strong>conﬁciebat.</strong></span> <span class='ocrx_word' id='word_1_553' title='bbox 3039 3757 3117 3812; x_wconf 86' lang='lat' dir='ltr'><strong>Eo</strong></span> <span class='ocrx_word' id='word_1_554' title='bbox 3152 3765 3399 3826; x_wconf 82' lang='lat' dir='ltr'><strong>tempore</strong></span> <span class='ocrx_word' id='word_1_555' title='bbox 3423 3757 3654 3824; x_wconf 59' lang='lat' dir='ltr'><strong>Ancyra;</strong></span> 
     </span>
    </p>
   </div>
   <div class='ocr_carea' id='block_1_83' title="bbox 2066 3848 3650 3923">
    <p class='ocr_par' dir='ltr' id='par_1_83' title="bbox 2066 3848 3650 3923">
     <span class='ocr_line' id='line_1_85' title="bbox 2066 3848 3650 3923; baseline -0.004 -17"><span class='ocrx_word' id='word_1_556' title='bbox 2066 3852 2394 3923; x_wconf 84' lang='lat' dir='ltr'><strong>metrOpolis</strong></span> <span class='ocrx_word' id='word_1_557' title='bbox 2457 3849 2690 3906; x_wconf 68' lang='lat' dir='ltr'><strong>Galatia.</strong></span> <span class='ocrx_word' id='word_1_558' title='bbox 2747 3849 3049 3905; x_wconf 88' lang='lat' dir='ltr'><strong>Ecclesiam</strong></span> <span class='ocrx_word' id='word_1_559' title='bbox 3107 3849 3326 3922; x_wconf 80' lang='lat' dir='ltr'><strong>regebat</strong></span> <span class='ocrx_word' id='word_1_560' title='bbox 3399 3848 3650 3910; x_wconf 76' lang='lat' dir='ltr'><strong>Basilius,</strong></span> 
     </span>
    </p>
   </div>
   <div class='ocr_carea' id='block_1_84' title="bbox 2063 3940 3654 4013">
    <p class='ocr_par' dir='ltr' id='par_1_84' title="bbox 2063 3940 3654 4013">
     <span class='ocr_line' id='line_1_86' title="bbox 2063 3940 3654 4013; baseline -0.006 -13"><span class='ocrx_word' id='word_1_561' title='bbox 2063 3945 2310 4002; x_wconf 79' lang='lat' dir='ltr'><strong>Marcelli</strong></span> <span class='ocrx_word' id='word_1_562' title='bbox 2359 3961 2673 4007; x_wconf 82' lang='lat' dir='ltr'><strong>successor.</strong></span> <span class='ocrx_word' id='word_1_563' title='bbox 2705 3943 3032 4000; x_wconf 84' lang='lat' dir='ltr'><strong>Eustathius</strong></span> <span class='ocrx_word' id='word_1_564' title='bbox 3082 3952 3264 3998; x_wconf 87' lang='lat' dir='ltr'><strong>autem</strong></span> <span class='ocrx_word' id='word_1_565' title='bbox 3296 3951 3529 4013; x_wconf 66' lang='lat' dir='ltr'><strong>praeerat</strong></span> <span class='ocrx_word' id='word_1_566' title='bbox 3557 3940 3654 3994; x_wconf 71' lang='lat' dir='ltr'><strong>Se-</strong></span> 
     </span>
    </p>
   </div>
   <div class='ocr_carea' id='block_1_85' title="bbox 2061 4031 3652 4108">
    <p class='ocr_par' dir='ltr' id='par_1_85' title="bbox 2061 4031 3652 4108">
     <span class='ocr_line' id='line_1_87' title="bbox 2061 4031 3652 4108; baseline -0.005 -14"><span class='ocrx_word' id='word_1_567' title='bbox 2061 4039 2276 4101; x_wconf 69' lang='lat' dir='ltr'><strong>bastiaa,</strong></span> <span class='ocrx_word' id='word_1_568' title='bbox 2309 4053 2431 4108; x_wconf 72' lang='lat' dir='ltr'><strong>qua:</strong></span> <span class='ocrx_word' id='word_1_569' title='bbox 2452 4037 2726 4091; x_wconf 64' lang='lat' dir='ltr'><strong>Armeniae</strong></span> <span class='ocrx_word' id='word_1_570' title='bbox 2777 4036 2912 4091; x_wconf 88' lang='lat' dir='ltr'><strong>urbs</strong></span> <span class='ocrx_word' id='word_1_571' title='bbox 2946 4043 3033 4091; x_wconf 89' lang='lat' dir='ltr'><strong>est</strong></span> <span class='ocrx_word' id='word_1_572' title='bbox 3083 4035 3367 4104; x_wconf 89' lang='lat' dir='ltr'><strong>primaria.</strong></span> <span class='ocrx_word' id='word_1_573' title='bbox 3401 4031 3464 4086; x_wconf 84' lang='lat' dir='ltr'><strong>lli</strong></span> <span class='ocrx_word' id='word_1_574' title='bbox 3516 4048 3652 4102; x_wconf 87' lang='lat' dir='ltr'><strong>per-</strong></span> 
     </span>
    </p>
   </div>
   <div class='ocr_carea' id='block_1_86' title="bbox 2063 4125 3652 4202">
    <p class='ocr_par' dir='ltr' id='par_1_86' title="bbox 2063 4125 3652 4202">
     <span class='ocr_line' id='line_1_88' title="bbox 2063 4125 3652 4202; baseline -0.005 -16"><span class='ocrx_word' id='word_1_575' title='bbox 2063 4138 2249 4202; x_wconf 87' lang='lat' dir='ltr'><strong>specta</strong></span> <span class='ocrx_word' id='word_1_576' title='bbox 2277 4128 2507 4182; x_wconf 76' lang='lat' dir='ltr'><strong>Eudoxii</strong></span> <span class='ocrx_word' id='word_1_577' title='bbox 2544 4127 2837 4196; x_wconf 90' lang='lat' dir='ltr'><strong>iniquitate</strong></span> <span class='ocrx_word' id='word_1_578' title='bbox 2862 4142 2925 4183; x_wconf 91' lang='lat' dir='ltr'><strong>ac</strong></span> <span class='ocrx_word' id='word_1_579' title='bbox 2958 4126 3132 4186; x_wconf 84' lang='lat' dir='ltr'><strong>rabie.</strong></span> <span class='ocrx_word' id='word_1_580' title='bbox 3163 4128 3228 4182; x_wconf 84' lang='lat' dir='ltr'><strong>de</strong></span> <span class='ocrx_word' id='word_1_581' title='bbox 3259 4127 3405 4180; x_wconf 91' lang='lat' dir='ltr'><strong>illius</strong></span> <span class='ocrx_word' id='word_1_582' title='bbox 3421 4125 3652 4180; x_wconf 80' lang='lat' dir='ltr'><strong>audacia</strong></span> 
     </span>
    </p>
   </div>
   <div class='ocr_carea' id='block_1_87' title="bbox 2063 4215 3650 4290">
    <p class='ocr_par' dir='ltr' id='par_1_87' title="bbox 2063 4215 3650 4290">
     <span class='ocr_line' id='line_1_89' title="bbox 2063 4215 3650 4290; baseline -0.007 -11"><span class='ocrx_word' id='word_1_583' title='bbox 2063 4223 2356 4279; x_wconf 84' lang='lat' dir='ltr'><strong>certiorem</strong></span> <span class='ocrx_word' id='word_1_584' title='bbox 2393 4235 2491 4290; x_wconf 90' lang='lat' dir='ltr'><strong>per</strong></span> <span class='ocrx_word' id='word_1_585' title='bbox 2528 4219 2743 4273; x_wconf 86' lang='lat' dir='ltr'><strong>litteras</strong></span> <span class='ocrx_word' id='word_1_586' title='bbox 2763 4215 3015 4271; x_wconf 84' lang='lat' dir='ltr'><strong>fecerunt</strong></span> <span class='ocrx_word' id='word_1_587' title='bbox 3048 4215 3437 4270; x_wconf 86' lang='lat' dir='ltr'><strong>Constantium</strong></span> <span class='ocrx_word' id='word_1_588' title='bbox 3471 4215 3650 4284; x_wconf 68' lang='lat' dir='ltr'><strong>impe«</strong></span> 
     </span>
    </p>
   </div>
   <div class='ocr_carea' id='block_1_88' title="bbox 2062 4305 3650 4383">
    <p class='ocr_par' dir='ltr' id='par_1_88' title="bbox 2062 4305 3650 4383">
     <span class='ocr_line' id='line_1_90' title="bbox 2062 4305 3650 4383; baseline -0.009 -12"><span class='ocrx_word' id='word_1_589' title='bbox 2062 4325 2325 4378; x_wconf 87' lang='lat' dir='ltr'><strong>ratorem,</strong></span> <span class='ocrx_word' id='word_1_590' title='bbox 2358 4313 2451 4383; x_wconf 89' lang='lat' dir='ltr'><strong>qui</strong></span> <span class='ocrx_word' id='word_1_591' title='bbox 2481 4319 2596 4366; x_wconf 92' lang='lat' dir='ltr'><strong>tum</strong></span> <span class='ocrx_word' id='word_1_592' title='bbox 2634 4308 2815 4364; x_wconf 88' lang='lat' dir='ltr'><strong>adlmc</strong></span> <span class='ocrx_word' id='word_1_593' title='bbox 2852 4308 2906 4362; x_wconf 92' lang='lat' dir='ltr'><strong>in</strong></span> <span class='ocrx_word' id='word_1_594' title='bbox 2947 4305 3246 4362; x_wconf 84' lang='lat' dir='ltr'><strong>Occidente</strong></span> <span class='ocrx_word' id='word_1_595' title='bbox 3303 4307 3650 4369; x_wconf 84' lang='lat' dir='ltr'><strong>morabatur,</strong></span> 
     </span>
    </p>
   </div>
   <div class='ocr_carea' id='block_1_89' title="bbox 2062 4398 3654 4472">
    <p class='ocr_par' dir='ltr' id='par_1_89' title="bbox 2062 4398 3654 4472">
     <span class='ocr_line' id='line_1_91' title="bbox 2062 4398 3654 4472; baseline -0.008 -9"><span class='ocrx_word' id='word_1_596' title='bbox 2062 4419 2118 4463; x_wconf 90' lang='lat' dir='ltr'><strong>et</strong></span> <span class='ocrx_word' id='word_1_597' title='bbox 2150 4406 2384 4462; x_wconf 85' lang='lat' dir='ltr'><strong>sublatis</strong></span> <span class='ocrx_word' id='word_1_598' title='bbox 2407 4421 2436 4459; x_wconf 90' lang='lat' dir='ltr'><strong>e</strong></span> <span class='ocrx_word' id='word_1_599' title='bbox 2469 4401 2653 4459; x_wconf 91' lang='lat' dir='ltr'><strong>medio</strong></span> <span class='ocrx_word' id='word_1_600' title='bbox 2686 4400 2964 4472; x_wconf 80' lang='lat' dir='ltr'><strong>tyrannis,</strong></span> <span class='ocrx_word' id='word_1_601' title='bbox 2991 4398 3214 4455; x_wconf 84' lang='lat' dir='ltr'><strong>inﬂictis</strong></span> <span class='ocrx_word' id='word_1_602' title='bbox 3250 4414 3348 4471; x_wconf 84' lang='lat' dir='ltr'><strong>per</strong></span> <span class='ocrx_word' id='word_1_603' title='bbox 3381 4399 3504 4454; x_wconf 86' lang='lat' dir='ltr'><strong>illos</strong></span> <span class='ocrx_word' id='word_1_604' title='bbox 3533 4399 3654 4451; x_wconf 78' lang='lat' dir='ltr'><strong>vul-</strong></span> 
     </span>
    </p>
   </div>
   <div class='ocr_carea' id='block_1_90' title="bbox 372 4480 1955 4580">
    <p class='ocr_par' dir='ltr' id='par_1_90' title="bbox 372 4480 1955 4574">
     <span class='ocr_line' id='line_1_92' title="bbox 372 4480 1955 4574; baseline 0.012 -35"><span class='ocrx_word' id='word_1_605' title='bbox 372 4480 530 4552; x_wconf 77' lang='grc' dir='ltr'>οὖτος</span> <span class='ocrx_word' id='word_1_606' title='bbox 565 4489 623 4543; x_wconf 78' lang='grc' dir='ltr'>ἐν</span> <span class='ocrx_word' id='word_1_607' title='bbox 651 4489 730 4560; x_wconf 81' lang='grc' dir='ltr'>τῷ</span> <span class='ocrx_word' id='word_1_608' title='bbox 777 4492 914 4562; x_wconf 78' lang='grc' dir='ltr'>πρὸς</span> <span class='ocrx_word' id='word_1_609' title='bbox 953 4494 1209 4566; x_wconf 89' lang='grc' dir='ltr'>δυόμενον</span> <span class='ocrx_word' id='word_1_610' title='bbox 1235 4499 1388 4571; x_wconf 73' lang='grc' dir='ltr'>ἥλιον</span> <span class='ocrx_word' id='word_1_611' title='bbox 1430 4480 1664 4573; x_wconf 86' lang='grc' dir='ltr'>διέτριϐε</span> <span class='ocrx_word' id='word_1_612' title='bbox 1691 4507 1955 4574; x_wconf 75' lang='grc' dir='ltr'>τμήματι,</span> 
     </span>
    </p>
   </div>
   <div class='ocr_carea' id='block_1_91' title="bbox 2057 4480 3652 4580">
    <p class='ocr_par' dir='ltr' id='par_1_91' title="bbox 2069 4490 3652 4559">
     <span class='ocr_line' id='line_1_93' title="bbox 2069 4490 3652 4559; baseline -0.008 -5"><span class='ocrx_word' id='word_1_613' title='bbox 2069 4499 2296 4554; x_wconf 86' lang='lat' dir='ltr'><strong>neribus</strong></span> <span class='ocrx_word' id='word_1_614' title='bbox 2325 4494 2672 4550; x_wconf 87' lang='lat' dir='ltr'><strong>medebatur.</strong></span> <span class='ocrx_word' id='word_1_615' title='bbox 2725 4491 3052 4546; x_wconf 86' lang='lat' dir='ltr'><strong>Familiares</strong></span> <span class='ocrx_word' id='word_1_616' title='bbox 3088 4491 3251 4546; x_wconf 81' lang='lat' dir='ltr'><strong>ambo</strong></span> <span class='ocrx_word' id='word_1_617' title='bbox 3294 4499 3452 4547; x_wconf 87' lang='lat' dir='ltr'><strong>erant</strong></span> <span class='ocrx_word' id='word_1_618' title='bbox 3485 4490 3652 4559; x_wconf 81' lang='lat' dir='ltr'><strong>impe-</strong></span> 
     </span>
    </p>
   </div>
   <div class='ocr_carea' id='block_1_92' title="bbox 373 4580 1960 4668">
    <p class='ocr_par' dir='ltr' id='par_1_92' title="bbox 373 4580 1960 4668">
     <span class='ocr_line' id='line_1_94' title="bbox 373 4580 1960 4668; baseline 0.012 -35"><span class='ocrx_word' id='word_1_619' title='bbox 373 4580 472 4652; x_wconf 77' lang='grc' dir='ltr'>τὴν</span> <span class='ocrx_word' id='word_1_620' title='bbox 494 4580 646 4658; x_wconf 77' lang='grc' dir='ltr'>παρὰ</span> <span class='ocrx_word' id='word_1_621' title='bbox 669 4581 778 4636; x_wconf 88' lang='grc' dir='ltr'><strong>τῶν</strong></span> <span class='ocrx_word' id='word_1_622' title='bbox 800 4584 1077 4656; x_wconf 83' lang='grc' dir='ltr'>τυράννων</span> <span class='ocrx_word' id='word_1_623' title='bbox 1103 4593 1476 4664; x_wconf 84' lang='grc' dir='ltr'>γεγενημένην</span> <span class='ocrx_word' id='word_1_624' title='bbox 1503 4594 1707 4668; x_wconf 82' lang='grc' dir='ltr'>βλάϐην</span> <span class='ocrx_word' id='word_1_625' title='bbox 1730 4598 1960 4668; x_wconf 72' lang='grc' dir='ltr'>ἰώμενος</span> 
     </span>
    </p>
   </div>
   <div class='ocr_carea' id='block_1_93' title="bbox 377 4673 1956 4757">
    <p class='ocr_par' dir='ltr' id='par_1_93' title="bbox 377 4673 1956 4757">
     <span class='ocr_line' id='line_1_95' title="bbox 377 4673 1956 4757; baseline 0.01 -35"><span class='ocrx_word' id='word_1_626' title='bbox 377 4673 513 4740; x_wconf 73' lang='grc' dir='ltr'>μετὰ</span> <span class='ocrx_word' id='word_1_627' title='bbox 539 4674 639 4742; x_wconf 72' lang='grc' dir='ltr'>τὴν</span> <span class='ocrx_word' id='word_1_628' title='bbox 671 4674 896 4730; x_wconf 83' lang='grc' dir='ltr'>ἐκείνων</span> <span class='ocrx_word' id='word_1_629' title='bbox 931 4677 1232 4750; x_wconf 89' lang='grc' dir='ltr'>ἀναίρεσιν.</span> <span class='ocrx_word' id='word_1_630' title='bbox 1263 4683 1522 4754; x_wconf 85' lang='grc' dir='ltr'>Συνήθεις</span> <span class='ocrx_word' id='word_1_631' title='bbox 1551 4685 1608 4738; x_wconf 81' lang='grc' dir='ltr'>δὲ</span> <span class='ocrx_word' id='word_1_632' title='bbox 1639 4682 1780 4757; x_wconf 82' lang='grc' dir='ltr'>ἦσαν</span> <span class='ocrx_word' id='word_1_633' title='bbox 1811 4681 1956 4740; x_wconf 70' lang='grc' dir='ltr'>οὗτοι</span> 
     </span>
    </p>
   </div>
   <div class='ocr_carea' id='block_1_94' title="bbox 372 4761 1957 4842">
    <p class='ocr_par' dir='ltr' id='par_1_94' title="bbox 372 4761 1957 4842">
     <span class='ocr_line' id='line_1_96' title="bbox 372 4761 1957 4842; baseline 0.009 -28"><span class='ocrx_word' id='word_1_634' title='bbox 372 4761 452 4832; x_wconf 83' lang='grc' dir='ltr'>τῷ</span> <span class='ocrx_word' id='word_1_635' title='bbox 495 4762 724 4832; x_wconf 83' lang='grc' dir='ltr'>βασιλεῖ,</span> <span class='ocrx_word' id='word_1_636' title='bbox 778 4767 871 4820; x_wconf 76' lang='grc' dir='ltr'>καὶ</span> <span class='ocrx_word' id='word_1_637' title='bbox 909 4766 1172 4840; x_wconf 88' lang='grc' dir='ltr'>πλείστης</span> <span class='ocrx_word' id='word_1_638' title='bbox 1223 4771 1354 4842; x_wconf 82' lang='grc' dir='ltr'>ὅσης</span> <span class='ocrx_word' id='word_1_639' title='bbox 1383 4773 1469 4827; x_wconf 75' lang='grc' dir='ltr'><strong>διὰ</strong></span> <span class='ocrx_word' id='word_1_640' title='bbox 1499 4774 1598 4841; x_wconf 77' lang='grc' dir='ltr'>τὴν</span> <span class='ocrx_word' id='word_1_641' title='bbox 1645 4775 1957 4842; x_wconf 80' lang='grc' dir='ltr'>ἀξιέπαινον</span> 
     </span>
    </p>
   </div>
   <div class='ocr_carea' id='block_1_95' title="bbox 377 4851 1228 4933">
    <p class='ocr_par' dir='ltr' id='par_1_95' title="bbox 377 4851 1228 4933">
     <span class='ocr_line' id='line_1_97' title="bbox 377 4851 1228 4933; baseline 0.014 -28"><span class='ocrx_word' id='word_1_642' title='bbox 377 4851 558 4924; x_wconf 79' lang='grc' dir='ltr'>βιοτὴν</span> <span class='ocrx_word' id='word_1_643' title='bbox 579 4858 858 4928; x_wconf 83' lang='grc' dir='ltr'>ἀπήλαυον</span> <span class='ocrx_word' id='word_1_644' title='bbox 891 4861 1228 4933; x_wconf 77' lang='grc' dir='ltr'>παρρησίας.</span> 
     </span>
    </p>
   </div>
   <div class='ocr_carea' id='block_1_96' title="bbox 335 4948 1458 5024">
    <p class='ocr_par' dir='ltr' id='par_1_96' title="bbox 335 4948 1458 5024">
     <span class='ocr_line' id='line_1_98' title="bbox 335 4948 1458 5024; baseline 0.011 -25"><span class='ocrx_word' id='word_1_645' title='bbox 335 5005 340 5010; x_wconf 54' lang='grc'><strong>,</strong></span> <span class='ocrx_word' id='word_1_646' title='bbox 861 4948 1011 5024; x_wconf 75' lang='lat'><strong>[109]</strong></span> <span class='ocrx_word' id='word_1_647' title='bbox 1058 4955 1308 5010; x_wconf 73' lang='grc' dir='ltr'>ΚΕΦΑΛ,</span> <span class='ocrx_word' id='word_1_648' title='bbox 1350 4958 1458 5010; x_wconf 60' lang='lat' dir='ltr'><strong>me</strong></span> 
     </span>
    </p>
   </div>
   <div class='ocr_carea' id='block_1_97' title="bbox 377 5033 1956 5115">
    <p class='ocr_par' dir='ltr' id='par_1_97' title="bbox 377 5033 1956 5115">
     <span class='ocr_line' id='line_1_99' title="bbox 377 5033 1956 5115; baseline 0.013 -30"><span class='ocrx_word' id='word_1_649' title='bbox 377 5033 516 5100; x_wconf 76' lang='grc' dir='ltr'>Περὶ</span> <span class='ocrx_word' id='word_1_650' title='bbox 545 5034 656 5103; x_wconf 84' lang='grc' dir='ltr'>τῆς</span> <span class='ocrx_word' id='word_1_651' title='bbox 683 5037 755 5090; x_wconf 82' lang='grc' dir='ltr'><strong>ἐν</strong></span> <span class='ocrx_word' id='word_1_652' title='bbox 783 5041 996 5110; x_wconf 79' lang='grc' dir='ltr'>Νικαίᾳ</span> <span class='ocrx_word' id='word_1_653' title='bbox 1018 5046 1352 5115; x_wconf 77' lang='grc' dir='ltr'>γενομένης</span> <span class='ocrx_word' id='word_1_654' title='bbox 1379 5048 1567 5102; x_wconf 75' lang='grc' dir='ltr'>πάλιν</span> <span class='ocrx_word' id='word_1_655' title='bbox 1586 5050 1632 5080; x_wconf 72' lang='grc' dir='ltr'><strong>⁸ο</strong></span> <span class='ocrx_word' id='word_1_656' title='bbox 1665 5050 1956 5104; x_wconf 78' lang='grc' dir='ltr'>συνόδου.</span> 
     </span>
    </p>
   </div>
   <div class='ocr_carea' id='block_1_98' title="bbox 447 5122 1960 5209">
    <p class='ocr_par' dir='ltr' id='par_1_98' title="bbox 447 5122 1960 5209">
     <span class='ocr_line' id='line_1_100' title="bbox 447 5122 1960 5209; baseline 0.013 -34"><span class='ocrx_word' id='word_1_657' title='bbox 447 5122 632 5177; x_wconf 82' lang='grc' dir='ltr'>Ταῦτα</span> <span class='ocrx_word' id='word_1_658' title='bbox 679 5125 867 5195; x_wconf 88' lang='grc' dir='ltr'>μαθὼν</span> <span class='ocrx_word' id='word_1_659' title='bbox 915 5131 944 5181; x_wconf 86' lang='grc' dir='ltr'>ὁ</span> <span class='ocrx_word' id='word_1_660' title='bbox 995 5132 1391 5201; x_wconf 83' lang='grc' dir='ltr'>Κωνστάντιος,</span> <span class='ocrx_word' id='word_1_661' title='bbox 1465 5137 1798 5209; x_wconf 71' lang='grc' dir='ltr'>Ἀντιοχεῦσι</span> <span class='ocrx_word' id='word_1_662' title='bbox 1862 5139 1960 5209; x_wconf 82' lang='grc' dir='ltr'>μὲν</span> 
     </span>
    </p>
   </div>
   <div class='ocr_carea' id='block_1_99' title="bbox 450 5278 976 5345">
    <p class='ocr_par' dir='ltr' id='par_1_99' title="bbox 450 5278 976 5345">
     <span class='ocr_line' id='line_1_101' title="bbox 450 5278 976 5345; baseline 0.006 -11"><span class='ocrx_word' id='word_1_663' title='bbox 450 5279 474 5318; x_wconf 76' lang='grc' dir='ltr'>¹ί</span> <span class='ocrx_word' id='word_1_664' title='bbox 513 5278 656 5336; x_wconf 86' lang='lat' dir='ltr'><strong>Psal.</strong></span> <span class='ocrx_word' id='word_1_665' title='bbox 681 5295 889 5345; x_wconf 74' lang='lat' dir='ltr'><strong>Luxu,</strong></span> <span class='ocrx_word' id='word_1_666' title='bbox 921 5283 976 5338; x_wconf 79' lang='lat'><strong>2.</strong></span> 
     </span>
    </p>
   </div>
   <div class='ocr_carea' id='block_1_100' title="bbox 2066 4583 3647 4657">
    <p class='ocr_par' dir='ltr' id='par_1_100' title="bbox 2066 4583 3647 4657">
     <span class='ocr_line' id='line_1_102' title="bbox 2066 4583 3647 4657; baseline -0.005 -14"><span class='ocrx_word' id='word_1_667' title='bbox 2066 4589 2262 4652; x_wconf 87' lang='lat' dir='ltr'><strong>ratori,</strong></span> <span class='ocrx_word' id='word_1_668' title='bbox 2293 4595 2349 4643; x_wconf 92' lang='lat' dir='ltr'><strong>et</strong></span> <span class='ocrx_word' id='word_1_669' title='bbox 2372 4595 2594 4657; x_wconf 91' lang='lat' dir='ltr'><strong>propter</strong></span> <span class='ocrx_word' id='word_1_670' title='bbox 2637 4583 2974 4639; x_wconf 86' lang='lat' dir='ltr'><strong>laudabilem</strong></span> <span class='ocrx_word' id='word_1_671' title='bbox 3031 4583 3195 4639; x_wconf 83' lang='lat' dir='ltr'><strong>vitam</strong></span> <span class='ocrx_word' id='word_1_672' title='bbox 3225 4584 3522 4656; x_wconf 88' lang='lat' dir='ltr'><strong>plurimum</strong></span> <span class='ocrx_word' id='word_1_673' title='bbox 3553 4597 3647 4636; x_wconf 82' lang='lat' dir='ltr'><strong>att-</strong></span> 
     </span>
    </p>
   </div>
   <div class='ocr_carea' id='block_1_101' title="bbox 2065 4678 3012 4750">
    <p class='ocr_par' dir='ltr' id='par_1_101' title="bbox 2065 4678 3012 4750">
     <span class='ocr_line' id='line_1_103' title="bbox 2065 4678 3012 4750; baseline -0.007 -13"><span class='ocrx_word' id='word_1_674' title='bbox 2065 4681 2326 4736; x_wconf 88' lang='lat' dir='ltr'><strong>ctoritate</strong></span> <span class='ocrx_word' id='word_1_675' title='bbox 2344 4678 2493 4750; x_wconf 89' lang='lat' dir='ltr'><strong>apud</strong></span> <span class='ocrx_word' id='word_1_676' title='bbox 2524 4678 2703 4747; x_wconf 88' lang='lat' dir='ltr'><strong>ipsum</strong></span> <span class='ocrx_word' id='word_1_677' title='bbox 2734 4678 3012 4732; x_wconf 88' lang='lat' dir='ltr'><strong>valebant.</strong></span> 
     </span>
    </p>
   </div>
   <div class='ocr_carea' id='block_1_102' title="bbox 2372 4933 3359 5010">
    <p class='ocr_par' dir='ltr' id='par_1_102' title="bbox 2372 4933 3359 5010">
     <span class='ocr_line' id='line_1_104' title="bbox 2372 4933 3359 5010; baseline -0.002 -14"><span class='ocrx_word' id='word_1_678' title='bbox 2372 4937 2528 4996; x_wconf 85' lang='lat' dir='ltr'><strong>CAP.</strong></span> <span class='ocrx_word' id='word_1_679' title='bbox 2570 4937 2712 4994; x_wconf 77' lang='lat' dir='ltr'><strong>XXI.</strong></span> <span class='ocrx_word' id='word_1_680' title='bbox 2745 4937 2832 5009; x_wconf 77' lang='grc' dir='ltr'><strong>[Β.</strong></span> <span class='ocrx_word' id='word_1_681' title='bbox 2875 4938 2960 4994; x_wconf 86' lang='lat' dir='ltr'><strong>St.</strong></span> <span class='ocrx_word' id='word_1_682' title='bbox 3006 4937 3106 4996; x_wconf 90' lang='lat' dir='ltr'><strong>Ch.</strong></span> <span class='ocrx_word' id='word_1_683' title='bbox 3133 4938 3200 4994; x_wconf 71' lang='grc' dir='ltr'>ν.</span> <span class='ocrx_word' id='word_1_684' title='bbox 3236 4933 3359 5010; x_wconf 78' lang='lat'><strong>‘26.]</strong></span> 
     </span>
    </p>
   </div>
   <div class='ocr_carea' id='block_1_103' title="bbox 2299 5027 3431 5088">
    <p class='ocr_par' dir='ltr' id='par_1_103' title="bbox 2299 5027 3431 5088">
     <span class='ocr_line' id='line_1_105' title="bbox 2299 5027 3431 5088; baseline -0.005 1"><span class='ocrx_word' id='word_1_685' title='bbox 2299 5033 2374 5088; x_wconf 86' lang='lat' dir='ltr'><strong>De</strong></span> <span class='ocrx_word' id='word_1_686' title='bbox 2405 5033 2629 5088; x_wconf 77' lang='lat' dir='ltr'><strong>concilio</strong></span> <span class='ocrx_word' id='word_1_687' title='bbox 2667 5027 2869 5086; x_wconf 73' lang='lat' dir='ltr'><strong>Nicwa:</strong></span> <span class='ocrx_word' id='word_1_688' title='bbox 2896 5032 3087 5086; x_wconf 80' lang='lat' dir='ltr'><strong>iterum</strong></span> <span class='ocrx_word' id='word_1_689' title='bbox 3127 5030 3431 5085; x_wconf 76' lang='lat' dir='ltr'><strong>convocato.</strong></span> 
     </span>
    </p>
   </div>
   <div class='ocr_carea' id='block_1_104' title="bbox 2137 5119 3657 5198">
    <p class='ocr_par' dir='ltr' id='par_1_104' title="bbox 2137 5119 3657 5198">
     <span class='ocr_line' id='line_1_106' title="bbox 2137 5119 3657 5198; baseline -0.008 -13"><span class='ocrx_word' id='word_1_690' title='bbox 2137 5127 2240 5185; x_wconf 78' lang='lat' dir='ltr'><strong>liis</strong></span> <span class='ocrx_word' id='word_1_691' title='bbox 2264 5126 2500 5198; x_wconf 77' lang='lat' dir='ltr'><strong>cognitis</strong></span> <span class='ocrx_word' id='word_1_692' title='bbox 2525 5123 2884 5179; x_wconf 81' lang='lat' dir='ltr'><strong>Constantius</strong></span> <span class='ocrx_word' id='word_1_693' title='bbox 2911 5123 2976 5178; x_wconf 89' lang='lat' dir='ltr'><strong>ad</strong></span> <span class='ocrx_word' id='word_1_694' title='bbox 3008 5121 3382 5178; x_wconf 81' lang='lat' dir='ltr'><strong>Antiochenos</strong></span> <span class='ocrx_word' id='word_1_695' title='bbox 3408 5119 3657 5192; x_wconf 83' lang='lat' dir='ltr'><strong>scripsit,</strong></span> 
     </span>
    </p>
   </div>
   <div class='ocr_carea' id='block_1_105' title="bbox 1689 5374 2376 5433">
    <p class='ocr_par' dir='ltr' id='par_1_105' title="bbox 1689 5374 2376 5433">
     <span class='ocr_line' id='line_1_107' title="bbox 1689 5374 2376 5433; baseline 0.007 -5"><span class='ocrx_word' id='word_1_696' title='bbox 1689 5374 1925 5430; x_wconf 64' lang='lat' dir='ltr'><strong>VARME</strong></span> <span class='ocrx_word' id='word_1_697' title='bbox 1971 5374 2376 5433; x_wconf 71' lang='lat' dir='ltr'><strong>LECTIONES.</strong></span> 
     </span>
    </p>
   </div>
   <div class='ocr_carea' id='block_1_106' title="bbox 473 5463 1243 5536">
    <p class='ocr_par' dir='ltr' id='par_1_106' title="bbox 473 5463 1243 5536">
     <span class='ocr_line' id='line_1_108' title="bbox 473 5463 1243 5536; baseline -0.004 -15"><span class='ocrx_word' id='word_1_698' title='bbox 473 5463 519 5536; x_wconf 64' lang='grc' dir='ltr'><strong>’ξ</strong></span> <span class='ocrx_word' id='word_1_699' title='bbox 577 5463 872 5522; x_wconf 85' lang='grc' dir='ltr'>Πλακίτου.</span> <span class='ocrx_word' id='word_1_700' title='bbox 925 5464 1243 5536; x_wconf 87' lang='lat' dir='ltr'><strong>Christopb.</strong></span> 
     </span>
    </p>
   </div>
   <div class='ocr_carea' id='block_1_107' title="bbox 377 5533 1148 5592">
    <p class='ocr_par' dir='ltr' id='par_1_107' title="bbox 377 5533 1148 5592">
     <span class='ocr_line' id='line_1_109' title="bbox 377 5533 1148 5592; baseline 0.008 -7"><span class='ocrx_word' id='word_1_701' title='bbox 377 5534 421 5566; x_wconf 69' lang='grc' dir='ltr'><strong>’ν</strong></span> <span class='ocrx_word' id='word_1_702' title='bbox 451 5533 560 5586; x_wconf 87' lang='grc' dir='ltr'><strong>τῶν</strong></span> <span class='ocrx_word' id='word_1_703' title='bbox 591 5536 746 5591; x_wconf 88' lang='lat' dir='ltr'><strong>abest</strong></span> <span class='ocrx_word' id='word_1_704' title='bbox 781 5553 811 5591; x_wconf 90' lang='lat' dir='ltr'><strong>a</strong></span> <span class='ocrx_word' id='word_1_705' title='bbox 854 5536 1020 5592; x_wconf 88' lang='lat' dir='ltr'><strong>Basil.</strong></span> <span class='ocrx_word' id='word_1_706' title='bbox 1053 5536 1148 5592; x_wconf 81' lang='lat' dir='ltr'><strong>Gr.</strong></span> 
     </span>
    </p>
   </div>
   <div class='ocr_carea' id='block_1_108' title="bbox 1339 5465 3656 5542">
    <p class='ocr_par' dir='ltr' id='par_1_108' title="bbox 1339 5465 3656 5542">
     <span class='ocr_line' id='line_1_110' title="bbox 1339 5465 3656 5542; baseline 0.004 -23"><span class='ocrx_word' id='word_1_707' title='bbox 1339 5467 1397 5542; x_wconf 54' lang='lat'><strong>:1</strong></span> <span class='ocrx_word' id='word_1_708' title='bbox 1429 5469 1512 5542; x_wconf 87' lang='lat' dir='ltr'><strong>_l-ta</strong></span> <span class='ocrx_word' id='word_1_709' title='bbox 1540 5466 1695 5542; x_wconf 82' lang='lat' dir='ltr'><strong>_cod.</strong></span> <span class='ocrx_word' id='word_1_710' title='bbox 1728 5465 2061 5542; x_wconf 63' lang='lat' dir='ltr'><strong>Casauboni</strong></span> <span class='ocrx_word' id='word_1_711' title='bbox 2097 5473 2154 5519; x_wconf 88' lang='lat' dir='ltr'><strong>et</strong></span> <span class='ocrx_word' id='word_1_712' title='bbox 2202 5466 2464 5542; x_wconf 81' lang='lat' dir='ltr'><strong>S_calige_r.</strong></span> <span class='ocrx_word' id='word_1_713' title='bbox 2509 5466 2618 5542; x_wconf 70' lang='lat' dir='ltr'><strong>sed</strong></span> <span class='ocrx_word' id='word_1_714' title='bbox 2669 5467 2834 5542; x_wconf 75' lang='lat' dir='ltr'><strong>Basil.</strong></span> <span class='ocrx_word' id='word_1_715' title='bbox 2876 5466 2973 5542; x_wconf 75' lang='lat' dir='ltr'><strong>Gr.</strong></span> <span class='ocrx_word' id='word_1_716' title='bbox 3022 5478 3079 5542; x_wconf 90' lang='lat' dir='ltr'><strong>_e_t</strong></span> <span class='ocrx_word' id='word_1_717' title='bbox 3138 5468 3327 5539; x_wconf 86' lang='lat' dir='ltr'><strong>Steph.</strong></span> <span class='ocrx_word' id='word_1_718' title='bbox 3371 5469 3656 5542; x_wconf 82' lang='grc' dir='ltr'>διαφοράν.</span> 
     </span>
    </p>
   </div>
   <div class='ocr_carea' id='block_1_109' title="bbox 1248 5533 3654 5611">
    <p class='ocr_par' dir='ltr' id='par_1_109' title="bbox 1248 5533 3654 5611">
     <span class='ocr_line' id='line_1_111' title="bbox 1248 5533 3654 5611; baseline 0.002 -22"><span class='ocrx_word' id='word_1_719' title='bbox 1248 5535 1319 5611; x_wconf 36' lang='grc'><strong>⁸⁸.</strong></span> <span class='ocrx_word' id='word_1_720' title='bbox 1333 5533 1504 5611; x_wconf 58' lang='lat' dir='ltr'><strong>max.</strong></span> <span class='ocrx_word' id='word_1_721' title='bbox 1531 5536 1878 5611; x_wconf 64' lang='lat' dir='ltr'><strong>Chrislnplt._</strong></span> <span class='ocrx_word' id='word_1_722' title='bbox 1907 5539 1976 5611; x_wconf 77' lang='lat'><strong>_”</strong></span> <span class='ocrx_word' id='word_1_723' title='bbox 2009 5534 2183 5611; x_wconf 79' lang='grc' dir='ltr'>εἷπον.</span> <span class='ocrx_word' id='word_1_724' title='bbox 2221 5533 2515 5611; x_wconf 17' lang='grc' dir='ltr'>Βςιεξϐνν..</span> <span class='ocrx_word' id='word_1_725' title='bbox 2552 5537 2813 5611; x_wconf 75' lang='lat' dir='ltr'><strong>Stephan.</strong></span> <span class='ocrx_word' id='word_1_726' title='bbox 2893 5540 3126 5611; x_wconf 58' lang='lat' dir='ltr'><strong>‘fndhtv</strong></span> <span class='ocrx_word' id='word_1_727' title='bbox 3145 5533 3520 5611; x_wconf 78' lang='grc' dir='ltr'>γεγενημένης</span> <span class='ocrx_word' id='word_1_728' title='bbox 3537 5533 3654 5595; x_wconf 72' lang='grc' dir='ltr'>Ἰκι-</span> 
     </span>
    </p>
   </div>
   <div class='ocr_carea' id='block_1_110' title="bbox 378 5605 3662 5678">
    <p class='ocr_par' dir='ltr' id='par_1_110' title="bbox 378 5605 3662 5678">
     <span class='ocr_line' id='line_1_112' title="bbox 378 5605 3662 5678; baseline 0.002 -20"><span class='ocrx_word' id='word_1_729' title='bbox 378 5605 465 5658; x_wconf 89' lang='lat' dir='ltr'><strong>bet</strong></span> <span class='ocrx_word' id='word_1_730' title='bbox 487 5605 619 5678; x_wconf 81' lang='lat' dir='ltr'><strong>edit.</strong></span> <span class='ocrx_word' id='word_1_731' title='bbox 648 5605 974 5678; x_wconf 65' lang='lat' dir='ltr'><strong>Christoph.</strong></span> <span class='ocrx_word' id='word_1_732' title='bbox 1009 5606 1071 5661; x_wconf 87' lang='lat' dir='ltr'><strong>In</strong></span> <span class='ocrx_word' id='word_1_733' title='bbox 1108 5606 1258 5669; x_wconf 88' lang='lat' dir='ltr'><strong>Bas.,</strong></span> <span class='ocrx_word' id='word_1_734' title='bbox 1288 5605 1479 5678; x_wconf 85' lang='lat' dir='ltr'><strong>Steph.</strong></span> <span class='ocrx_word' id='word_1_735' title='bbox 1508 5615 1562 5663; x_wconf 89' lang='lat' dir='ltr'><strong>et</strong></span> <span class='ocrx_word' id='word_1_736' title='bbox 1593 5605 1780 5662; x_wconf 82' lang='lat' dir='ltr'><strong>Vales.</strong></span> <span class='ocrx_word' id='word_1_737' title='bbox 1814 5606 1942 5662; x_wconf 81' lang='lat' dir='ltr'><strong>edd.</strong></span> <span class='ocrx_word' id='word_1_738' title='bbox 1975 5606 2186 5675; x_wconf 85' lang='lat' dir='ltr'><strong>plenior</strong></span> <span class='ocrx_word' id='word_1_739' title='bbox 2215 5616 2299 5662; x_wconf 87' lang='lat' dir='ltr'><strong>est</strong></span> <span class='ocrx_word' id='word_1_740' title='bbox 2328 5610 2525 5664; x_wconf 89' lang='lat' dir='ltr'><strong>titulus</strong></span> <span class='ocrx_word' id='word_1_741' title='bbox 2559 5627 2574 5664; x_wconf 88' lang='lat'><strong>:</strong></span> <span class='ocrx_word' id='word_1_742' title='bbox 2617 5605 2682 5663; x_wconf 85' lang='grc' dir='ltr'><strong>ῐῐ.</strong></span> <span class='ocrx_word' id='word_1_743' title='bbox 2714 5627 2765 5664; x_wconf 84' lang='grc' dir='ltr'>τ.</span> <span class='ocrx_word' id='word_1_744' title='bbox 2810 5612 2868 5663; x_wconf 82' lang='grc' dir='ltr'>ὲν</span> <span class='ocrx_word' id='word_1_745' title='bbox 2913 5609 3040 5664; x_wconf 85' lang='grc' dir='ltr'>Νικ.</span> <span class='ocrx_word' id='word_1_746' title='bbox 3091 5605 3187 5664; x_wconf 59' lang='grc' dir='ltr'>καὶ</span> <span class='ocrx_word' id='word_1_747' title='bbox 3224 5605 3405 5665; x_wconf 65' lang='grc' dir='ltr'>πάλιν</span> <span class='ocrx_word' id='word_1_748' title='bbox 3459 5605 3517 5662; x_wconf 70' lang='grc' dir='ltr'>ἔν</span> <span class='ocrx_word' id='word_1_749' title='bbox 3560 5613 3662 5662; x_wconf 82' lang='grc' dir='ltr'>Σε-</span> 
     </span>
    </p>
   </div>
   <div class='ocr_carea' id='block_1_111' title="bbox 369 5671 3669 5754">
    <p class='ocr_par' dir='ltr' id='par_1_111' title="bbox 369 5671 3669 5754">
     <span class='ocr_line' id='line_1_113' title="bbox 369 5671 3669 5754; baseline 0.002 -28"><span class='ocrx_word' id='word_1_750' title='bbox 369 5674 595 5754; x_wconf 65' lang='grc' dir='ltr'>λευκείᾳ</span> <span class='ocrx_word' id='word_1_751' title='bbox 637 5680 737 5744; x_wconf 85' lang='grc' dir='ltr'>τῆς</span> <span class='ocrx_word' id='word_1_752' title='bbox 767 5671 1044 5750; x_wconf 75' lang='grc' dir='ltr'>Ἰσαυρίας</span> <span class='ocrx_word' id='word_1_753' title='bbox 1083 5671 1456 5748; x_wconf 80' lang='grc' dir='ltr'>γεγενημένης</span> <span class='ocrx_word' id='word_1_754' title='bbox 1501 5677 1743 5744; x_wconf 80' lang='grc' dir='ltr'>συνόδου,</span> <span class='ocrx_word' id='word_1_755' title='bbox 1792 5671 2078 5748; x_wconf 78' lang='lat' dir='ltr'><strong>propterea</strong></span> <span class='ocrx_word' id='word_1_756' title='bbox 2122 5679 2266 5749; x_wconf 88' lang='lat' dir='ltr'><strong>quod</strong></span> <span class='ocrx_word' id='word_1_757' title='bbox 2321 5680 2425 5736; x_wconf 75' lang='lat' dir='ltr'><strong>illa:</strong></span> <span class='ocrx_word' id='word_1_758' title='bbox 2465 5689 2632 5754; x_wconf 91' lang='lat' dir='ltr'><strong>caput</strong></span> <span class='ocrx_word' id='word_1_759' title='bbox 2667 5696 2922 5752; x_wconf 78' lang='lat' dir='ltr'><strong>sequens</strong></span> <span class='ocrx_word' id='word_1_760' title='bbox 2965 5696 3092 5736; x_wconf 88' lang='lat' dir='ltr'><strong>cum</strong></span> <span class='ocrx_word' id='word_1_761' title='bbox 3147 5689 3349 5738; x_wconf 77' lang='lat' dir='ltr'><strong>nostro</strong></span> <span class='ocrx_word' id='word_1_762' title='bbox 3397 5683 3458 5735; x_wconf 89' lang='lat' dir='ltr'><strong>in</strong></span> <span class='ocrx_word' id='word_1_763' title='bbox 3498 5694 3669 5732; x_wconf 78' lang='lat' dir='ltr'><strong>unum</strong></span> 
     </span>
    </p>
   </div>
   <div class='ocr_carea' id='block_1_112' title="bbox 376 5744 749 5816">
    <p class='ocr_par' dir='ltr' id='par_1_112' title="bbox 376 5744 749 5816">
     <span class='ocr_line' id='line_1_114' title="bbox 376 5744 749 5816; baseline 0.008 -18"><span class='ocrx_word' id='word_1_764' title='bbox 376 5744 749 5816; x_wconf 65' lang='lat' dir='ltr'><strong>coniungunt.</strong></span> 
     </span>
    </p>
   </div>
   <div class='ocr_carea' id='block_1_113' title="bbox 4027 0 4084 1954">
    <p class='ocr_par' dir='ltr' id='par_1_113' title="bbox 4034 0 4080 1950">
     <span class='ocr_line' id='line_1_115' title="bbox 4037 27 4040 48; baseline 0 0"><span class='ocrx_word' id='word_1_765' title='bbox 4037 27 4040 48; x_wconf 99' lang='lat'><strong><em>|</em></strong></span> 
     </span>
     <span class='ocr_line' id='line_1_116' title="bbox 4035 183 4042 192; baseline 0 0"><span class='ocrx_word' id='word_1_766' title='bbox 4035 183 4042 192; x_wconf 65' lang='grc' dir='ltr'><strong>ο</strong></span> 
     </span>
     <span class='ocr_line' id='line_1_117' title="bbox 4037 313 4040 326; baseline 0 0"><span class='ocrx_word' id='word_1_767' title='bbox 4037 313 4040 326; x_wconf 99' lang='lat' dir='ltr'><strong>l</strong></span> 
     </span>
     <span class='ocr_line' id='line_1_118' title="bbox 4035 449 4040 464; baseline 0 0"><span class='ocrx_word' id='word_1_768' title='bbox 4035 449 4040 464; x_wconf 78' lang='grc' dir='ltr'><strong>ἱ</strong></span> 
     </span>
     <span class='ocr_line' id='line_1_119' title="bbox 4034 0 4080 1950; baseline 0 0"><span class='ocrx_word' id='word_1_769' title='bbox 4034 0 4080 1950; x_wconf 84' lang='lat' dir='ltr'>l</span> 
     </span>
     <span class='ocr_line' id='line_1_120' title="bbox 4045 1193 4048 1204; baseline 0 0"><span class='ocrx_word' id='word_1_770' title='bbox 4045 1193 4048 1204; x_wconf 99' lang='lat' dir='ltr'><strong>l</strong></span> 
     </span>
     <span class='ocr_line' id='line_1_121' title="bbox 4059 1913 4064 1924; baseline 0 0"><span class='ocrx_word' id='word_1_771' title='bbox 4059 1913 4064 1924; x_wconf 73' lang='grc' dir='ltr'><strong>ι</strong></span> 
     </span>
    </p>
   </div>
   <div class='ocr_carea' id='block_1_114' title="bbox 4076 3143 4081 4532">
    <p class='ocr_par' dir='ltr' id='par_1_114' title="bbox 4077 3143 4079 4046">
     <span class='ocr_line' id='line_1_122' title="bbox 4077 3143 4079 3162; baseline 0 0"><span class='ocrx_word' id='word_1_772' title='bbox 4077 3143 4079 3162; x_wconf 99' lang='lat'><strong><em>|</em></strong></span> 
     </span>
     <span class='ocr_line' id='line_1_123' title="bbox 4077 3169 4079 3194; baseline 0 0"><span class='ocrx_word' id='word_1_773' title='bbox 4077 3169 4079 3194; x_wconf 99' lang='lat'><strong><em>|</em></strong></span> 
     </span>
     <span class='ocr_line' id='line_1_124' title="bbox 4077 3199 4079 3228; baseline 0 0"><span class='ocrx_word' id='word_1_774' title='bbox 4077 3199 4079 3228; x_wconf 99' lang='lat'><strong><em>|</em></strong></span> 
     </span>
     <span class='ocr_line' id='line_1_125' title="bbox 4077 3255 4079 3284; baseline 0 0"><span class='ocrx_word' id='word_1_775' title='bbox 4077 3255 4079 3284; x_wconf 92' lang='lat' dir='ltr'><strong>i</strong></span> 
     </span>
     <span class='ocr_line' id='line_1_126' title="bbox 4077 3287 4079 3316; baseline 0 0"><span class='ocrx_word' id='word_1_776' title='bbox 4077 3287 4079 3316; x_wconf 99' lang='lat'><strong><em>|</em></strong></span> 
     </span>
     <span class='ocr_line' id='line_1_127' title="bbox 4077 3397 4079 3420; baseline 0 0"><span class='ocrx_word' id='word_1_777' title='bbox 4077 3397 4079 3420; x_wconf 99' lang='lat'><strong><em>|</em></strong></span> 
     </span>
     <span class='ocr_line' id='line_1_128' title="bbox 4077 3537 4079 3566; baseline 0 0"><span class='ocrx_word' id='word_1_778' title='bbox 4077 3537 4079 3566; x_wconf 99' lang='lat'><strong><em>|</em></strong></span> 
     </span>
     <span class='ocr_line' id='line_1_129' title="bbox 4077 3617 4079 3658; baseline 0 0"><span class='ocrx_word' id='word_1_779' title='bbox 4077 3617 4079 3658; x_wconf 70' lang='grc' dir='ltr'><strong>ε</strong></span> 
     </span>
     <span class='ocr_line' id='line_1_130' title="bbox 4077 3751 4079 3784; baseline 0 0"><span class='ocrx_word' id='word_1_780' title='bbox 4077 3751 4079 3784; x_wconf 76' lang='lat' dir='ltr'><strong>l</strong></span> 
     </span>
     <span class='ocr_line' id='line_1_131' title="bbox 4077 3791 4079 3816; baseline 0 0"><span class='ocrx_word' id='word_1_781' title='bbox 4077 3791 4079 3816; x_wconf 80' lang='lat' dir='ltr'><strong>l</strong></span> 
     </span>
     <span class='ocr_line' id='line_1_132' title="bbox 4077 3853 4079 3894; baseline 0 0"><span class='ocrx_word' id='word_1_782' title='bbox 4077 3853 4079 3894; x_wconf 91' lang='grc' dir='ltr'><strong>Ι</strong></span> 
     </span>
     <span class='ocr_line' id='line_1_133' title="bbox 4077 4017 4079 4046; baseline 0 0"><span class='ocrx_word' id='word_1_783' title='bbox 4077 4017 4079 4046; x_wconf 97' lang='lat' dir='ltr'><strong>l</strong></span> 
     </span>
    </p>
   </div>
  </div>
