4032 6192
443 301 578 394 tota

1433 319 1924 384 THEODORETI
1983 313 2321 383 EI’ISCOPI
2367 314 2733 384 CYRENSIS

3574 323 3712 387 1064

438 439 866 510 haudquaquam
909 451 939 490 a
985 451 1045 491 se
1074 435 1240 506 892
1271 449 1601 491 concessum
1642 434 1892 490 Eudoxio
1915 433 2021 488 Ee-

2132 433 2466 499 ὲπέστειλεν,
2508 433 2584 497 ὡς
2609 434 2710 487 οὐκ
2736 433 2898 498 αὐτὸς
2927 433 3160 504 Εύδοξὶῳ
3188 433 3288 504 τὴν
3322 433 3421 504 τῆς
3487 432 3712 498 Ἐκκληέ-

437 530 620 586 clesim
653 528 800 582 illius
825 525 1206 597 episcopatum
1249 525 1442 584 fuisse.
1467 525 1569 579 hoc
1595 526 1741 580 enim
1778 525 1869 580 ille
1896 525 2017 579 vul-

434 625 680 692 gaverat.
715 606 1136 686 Eudoxiumque
1192 616 1390 685 expelli
1432 615 1503 669 ab
1549 616 1688 671 urbe
1733 615 1923 683 jussit,
1956 630 2020 668 ac

437 727 537 782 pro
575 710 744 767 rebus
783 707 980 763 Nicaeae
1033 708 1088 762 in
1133 707 1404 778 Bithynia:
1442 707 1634 777 gestis,
1676 707 2022 777 concilioque

437 804 570 858 illuc
599 810 928 864 convocato,
962 815 1155 870 pcenas
1201 800 1352 854 dare.
1405 799 1689 869 Siquidem
1738 798 2022 854 Eudoxius

434 896 579 968 apud
614 911 710 952 eos
740 895 836 966 qui
872 910 962 950 res
985 894 1039 948 in
1070 893 1278 963 palatio
1317 890 1783 947 administrabant
1823 890 2022 947 elfece-

437 997 543 1054 rat,
584 997 644 1041 ut
690 987 930 1042 Nicaeam
983 983 1312 1040 celebrando
1369 983 1605 1039 concilio
1655 983 2018 1053 assignarent.

439 1080 544 1135 Sed
577 1079 960 1132 universorum
1004 1075 1330 1137 Moderator,
1361 1075 1452 1144 qui
1479 1090 1570 1128 res
1599 1072 1812 1129 futuras
1845 1075 2020 1142 novit,

438 1181 499 1225 nt
551 1171 664 1238 jam
700 1169 1025 1241 praeteritas,
1079 1166 1352 1238 stupcndo
1387 1166 1625 1237 quodam
1669 1174 1829 1221 terrae
1867 1175 2019 1222 motu

436 1275 764 1318 conventum
795 1261 1098 1330 impedivit.
1133 1259 1425 1313 Maximam
1448 1259 1591 1315 enim
1621 1258 1774 1314 urbis
1809 1271 2016 1328 partem

438 1360 455 1377 ‘
485 1363 644 1408 terra:
673 1361 865 1407 motus
903 1352 994 1406 ille
1022 1351 1261 1419 disiecit,
1293 1357 1346 1404 et
1385 1349 1689 1404 incolarum
1729 1351 2020 1419 quamplu-

435 1448 607 1501 rimos
631 1444 926 1514 oppressit.
961 1441 1084 1509 Quo
1118 1442 1505 1496 animadverso
1528 1442 1709 1511 quieo
1741 1439 2021 1495 conﬂuxe-

436 1546 578 1602 rant,
612 1526 765 1606 gravi
798 1546 1009 1589 terrore
1053 1532 1314 1604 perculsi,
1349 1531 1417 1585 ad
1453 1531 1728 1586 Ecclesias
1780 1547 1911 1587 suas
1937 1547 2023 1586 re-

433 1638 707 1685 mearunt.
734 1625 890 1693 Quod
915 1625 1044 1680 mihi
1065 1624 1284 1695 quidem
1311 1623 1497 1678 divina
1523 1623 1790 1694 sapientia
1817 1622 2019 1678 factum

433 1723 672 1777 videtur.
700 1718 834 1774 Nam
861 1735 984 1774 cum
1015 1719 1071 1772 in
1102 1718 1239 1772 urbe
1268 1717 1358 1770 illa
1390 1715 1512 1771 lidei
1547 1718 1859 1786 apostolica:
1887 1717 2022 1770 doc-

2126 525 2246 589 σίας
2269 525 2486 596 ἐκείνης
2512 525 2777 596 ἐπέτρεψε
2813 525 3103 595 προεδρίαν
3124 542 3138 556 ·
3173 524 3332 576 τοῦτο
3356 523 3711 596 γάριὲκείνυς

2122 617 2423 689 ἐθρύλησεν
2445 635 2459 648 ⁸
2496 617 2746 682 maesto»
2778 618 2834 670 δὲ
2869 619 2968 687 τῆς
2998 617 3096 687 μὲν
3128 617 3340 680 πόλεως
3367 615 3709 685 ἐξελαθῆναι.

2122 709 2309 763 δοῦναι
2349 710 2406 763 δὲ
2450 709 2608 773 δίκας
2644 704 2718 762 ὧν
2739 709 2964 781 ἔδρασεν
3000 711 3056 762 ὲν
3091 708 3298 780 Νικαίᾳ
3322 708 3424 777 τῆς
3458 709 3710 771 Βιθυνίας

2123 800 2479 870 προσέταξεν,
2503 803 2620 853 ἐκεῖ
2671 801 2998 871 συνδραμεῖν
3031 801 3424 870 παρεγγυήσας
3453 799 3552 870 τὴν
3581 801 3706 852 σύν-

2121 891 2259 946 οδον.
2306 892 2419 964 Τὴν
2464 891 2521 944 δὲ
2563 892 2799 944 Νίκαιαν
2840 892 3001 955 αὐτὸς
3045 889 3295 956 EOS/alito;
3341 891 3601 960 ἀφορίσαι
3634 891 3709 961 τῷ

2124 985 2384 1056 συνεδρίῳ
2432 987 2560 1048 τοὺς
2613 985 2680 1037 τά
2723 984 2970 1055 βασίλεια
3006 980 3476 1054 πεπιστευμένους
3505 985 3708 1036 οἰκονο-

2125 1079 2248 1148 μεῖν
2270 1077 2507 1130 ἔπεισεν.
2560 1077 2700 1130 Ἀλλ’
2725 1080 2753 1130 ὁ
2779 1077 2886 1130 τῶν
2918 1077 3055 1130 ὅλων
3083 1076 3353 1150 Πρύτανις
3384 1075 3452 1129 τά
3474 1077 3712 1146 ἐσόμενα

2119 1168 2488 1238 ἐπιστάμενος
2517 1168 2726 1238 ὠςεῆδη
2755 1167 3117 1239 γεγενημένα,
3159 1165 3370 1236 σεισμῷ
3397 1183 3504 1218 τινι
3533 1183 3709 1236 παρα-

2119 1261 2256 1331 δόξῳ
2306 1260 2584 1314 κεκώλυκε
2616 1261 2678 1314 τὸ
2725 1261 3020 1332 συνέδριον.
3075 1260 3156 1312 Τὰ
3186 1259 3296 1329 γάρ
3357 1259 3583 1311 πλεῖστα
3612 1258 3710 1326 τῆς

2123 1356 2334 1416 δόλεως
2359 1355 2386 1406 ὁ
2419 1355 2642 1424 σεισμὸς
2679 1356 2886 1417 ἐκεῖνος
2916 1354 3276 1423 κατήνεγκεν,
3306 1350 3528 1404 καὶτῶν
3559 1351 3708 1415 οἰκηο

2122 1451 2296 1522 τόρων
2324 1451 2450 1514 τοὺς
2477 1449 2765 1514 πλείστους
2806 1448 3100 1518 διέφθειρε.
3130 1445 3300 1498 Τοῦτο
3331 1443 3710 1516 μεμαθηκότες

2123 1545 2170 1595 οἱ
2199 1531 2566 1608 συνελθόντες,
2600 1543 2696 1596 καὶ
2726 1541 2921 1612 κομιδῇ
2951 1541 3248 1602 δείσαντες,
3273 1539 3352 1600 εἰς
3382 1537 3480 1600 τὰς
3505 1536 3710 1598 οἰκείας

2136 1628 2466 1703 Ἐκκλησίξις
2517 1633 2878 1704 ἀνέστρεψαν.
2926 1632 3037 1702 Τῆς
3080 1629 3136 1683 δὲ
3179 1629 3275 1684 τοῦ
3325 1626 3464 1681 Θεοῦ
3518 1627 3712 1693 σοφίας

2125 1726 2366 1798 ἡγοῦμαι
2415 1725 2578 1779 τοῦτο
2626 1725 2951 1796 μηχάνημα.
3009 1721 3229 1791 Ἐπειδὴ
3274 1719 3384 1791 γὰρ
3431 1721 3490 1771 ὲν
3527 1718 3713 1791 ἐκείνῃ

435 1817 582 1869 trina
645 1813 961 1883 conscripta
992 1808 1198 1866 fuisset
1251 1825 1281 1863 ιι
1323 1807 1602 1872 Patribus,
1636 1817 1690 1863 et
1741 1809 2021 1864 contraria

2126 1819 2188 1887 τῇ
2219 1817 2373 1869 πόλει
2406 1815 2561 1886 παρὰ
2582 1815 2692 1868 τῶν
2735 1815 2907 1882 ἁγίων
2941 1812 3198 1883 Πατέρων
3227 1812 3260 1880 ἡ
3292 1810 3395 1879 τῆς
3423 1809 3710 1862 ἀποστολι-

434 1907 701 1978 scripturi
744 1916 934 1960 essent
983 1903 1079 1973 qui
1131 1903 1249 1956 illic
1285 1902 1483 1957 iterum
1524 1903 2022 1972 congregabantur,

433 2009 597 2070 atque
631 2013 822 2052 ansam
853 1994 1089 2048 fallacia:
1119 1993 1235 2047 Arii
1256 1993 1626 2048 sectatoribus
1653 1993 1847 2048 datura
1877 2003 2026 2049 esset

434 2090 676 2145 nominis
710 2085 1035 2151 similitudo,
1069 2099 1175 2155 qua
1228 2086 1599 2154 simpliciores
1651 2086 2023 2140 circumveni-

437 2190 576 2245 rent,
604 2179 881 2234 Nirmnam
907 2179 1048 2233 hanc
1078 2192 1300 2248 quoque
1340 2177 1608 2248 synodum
1659 2179 2021 2248 appellantes,

434 2289 667 2343 namque
702 2287 805 2343 pro
835 2277 1066 2341 antiqua
1093 2268 1186 2324 illa
1235 2269 1603 2340 proferentes,
1655 2267 1799 2324 Deus
1833 2264 2026 2323 Eccle-

435 2367 646 2420 siarum
679 2380 867 2421 curam
895 2378 1094 2435 gerens
1124 2371 1457 2417 conventmn
1496 2361 1755 2416 inhibuit.

909 2684 1060 2740 CAP.
1093 2681 1258 2738 xxu.
1291 2681 1415 2754 [8b.
1442 2680 1560 2754 ετ]

578 2802 656 2856 De
684 2797 908 2856 concilio
934 2797 1075 2868 apud
1101 2794 1400 2850 Seleuciam
1425 2793 1653 2849 Isauriae
1673 2793 1874 2850 habito.

503 2961 636 3014 Post
673 2955 896 3027 aliquod
951 2963 1190 3024 tempus,
1240 2952 1632 3015 Constantius,
1681 2953 2022 3022 suggerentio

432 3053 538 3106 hus
567 3047 990 3110 accusatoribus
1024 3043 1277 3107 Eudoxii,
1321 3043 1591 3113 synodum
1628 3040 1894 3096 Seleucia!
1927 3041 2022 3094 ha-

432 3142 550 3198 beri
575 3140 851 3212 praecepit.
884 3136 1028 3192 Urbs
1069 3137 1185 3190 hmc
1220 3143 1306 3190 est
1345 3134 1571 3190 Isauriae
1599 3133 1668 3187 ad
1713 3149 1862 3188 mare
1890 3133 2019 3195 sita,

2126 1909 2229 1979 κῆς
2253 1907 2490 1972 πίστεως
2511 1907 2728 1978 ἐγράφη
2753 1905 3090 1969 διδασκαλία,
3136 1903 3352 1957 ἐναντία
3392 1901 3449 1954 δὲ
3476 1901 3714 1970 γράφειν

2124 2001 2181 2053 έν
2208 2001 2345 2070 αὐτῇ
2379 1998 2602 2070 ἔμελλον
2627 1999 2676 2052 οἱ
2709 1997 2936 2066 ὕστερον
2967 1995 3370 2068 ἀθροιζόμενοι,
3401 1991 3626 2062 ἀφορμὴ
3655 1991 3710 2043 δὲ

2121 2094 2238 2154 τοῖς
2293 2091 2506 2164 Ἀρείου
2546 2089 2840 2153 θιασώταις
2885 2091 2918 2157 ἡ
2955 2089 3052 2157 τῆς
3095 2085 3414 2154 ἐπωνυμίας
3445 2084 3712 2154 ταυτότης

2124 2183 2332 2251 ἐγίνετο
2356 2183 2653 2252 ἐξαπάτης,
2682 2183 2776 2237 καὶ
2803 2180 3078 2252 βουκολεῖν
3108 2178 3340 2250 ἤμελλον
3363 2178 3488 2240 τοὺς
3519 2175 3710 2240 ἁπλοῖς

2123 2275 2280 2347 ἧθεσι
2322 2275 2717 2346 κεχρημένους,
2763 2273 2873 2328 ἀπὸ
2896 2271 3133 2333 Νικαίας
3182 2270 3279 2323 καὶ
3305 2268 3508 2338 ταύτην
3539 2284 3714 2339 προσ-

2123 2366 2501 2438 αγορεύοντες,
2535 2367 2630 2421 καὶ
2659 2367 2736 2431 ὡς
2782 2367 2880 2438 τὴν
2929 2364 3170 2418 παλαιὰν
3211 2362 3428 2434 εκείνην
3470 2361 3716 2432 προσφέ-

2127 2477 2334 2531 ροντες,
2389 2460 2632 2514 διέλυσεν
2673 2461 2702 2512 ὁ
2742 2459 2850 2512 τῶν
2890 2455 3225 2528 Ἐκκλησιῶν
3258 2453 3718 2526 προμηθούμενος

2123 2549 2187 2604 τὸ
2213 2550 2516 2622 συνέδριον.

2714 2682 2966 2737 ΚΕΦΑΛ.
3001 2679 3131 2735 KB'.

2126 2792 2265 2870 Περὶ
2311 2799 2424 2868 τῆς
2465 2798 2536 2852 ἐν
2582 2793 2905 2870 Σελευκείᾳ
2963 2795 3074 2870 τῆς
3130 2795 3426 2864 ἰσαιιρίας
3471 2806 3719 2864 germ-

2650 2867 2842 2936 μένης
2875 2866 3164 2920 συνόδου.

2195 2960 2402 3032 Χρόνου
2449 2959 2505 3014 δὲ
2536 2959 2861 3025 διελθόντος,
2903 2958 3010 3012 ύπδ
3039 2957 3150 3011 τῶν
3187 2956 3440 3024 Εὖδοξίου
3474 2957 3718 3024 κατηγό-

2128 3071 2236 3125 ρων
2271 3052 2638 3124 ὑπομνησθεὶς
2665 3052 2694 3103 ὁ
2720 3051 3121 3114 Κωνστάντιος,
3159 3052 3240 3114 είς
3266 3048 3588 3101 Σελεύκειαν
3611 3049 3718 3115 τὴν

2125 3145 2340 3198 σύνοδον
2397 3144 2654 3213 γενέσθαι
2709 3142 3046 3214 προσέταξε·
3101 3142 3258 3204 πόλις
3313 3141 3369 3194 δὲ
3423 3140 3561 3208 αὕτη
3612 3139 3715 3208 τῆς

433 3234 606 3288 totius
633 3230 812 3303 gentis
869 3229 1082 3283 urbium
1128 3228 1386 3299 princeps
1413 3235 1467 3281 et
1501 3238 1682 3296 caput.
1737 3225 1818 3279 Ad
1877 3225 2020 3278 hanc

2133 3235 2571 3310 Ἰσαυρίαςπρὸς
2597 3240 2664 3309 τῇ
2689 3212 2932 3307 θαλάττῃ
2964 3237 3215 3304 κειμένη,
3247 3236 3340 3288 καὶ
3365 3234 3473 3286 τῶν
3504 3234 3714 3302 6:10:92}-

432 3321 921 3393 t-onvenirejussit
945 3320 1242 3374 orientales
1272 3318 1588 3389 episcopos,
1625 3315 1790 3386 893
1829 3314 2019 3368 Ponti-

2119 3330 2226 3384 λων
2253 3330 2460 3382 πόλεων
2489 3329 2769 3399 ἡγουμένη
2788 3345 2802 3358 ·
2835 3331 2916 3391 είς
2943 3327 3146 3398 ταύτην
3179 3326 3538 3399 ἀθροισθῆναι
3586 3325 3713 3386 τοὺς

432 3426 535 3470 eos
561 3414 725 3470 ctiam
752 3421 807 3466 et
832 3411 1087 3466 Asianos.
1137 3409 1381 3463 Przeerat
1441 3419 1622 3462 autem
1649 3423 1714 3461 eo
1770 3416 2013 3476 tempore

2126 3425 2216 3493 τῆς
2247 3421 2388 3492 ἑῴας
2413 3421 2761 3484 ἐπισκόπους,
2797 3419 2891 3474 καὶ
2928 3420 3028 3490 μὲν
3065 3419 3130 3491 δὴ
3163 3421 3254 3472 καὶ
3286 3421 3413 3482 τοὺς
3441 3418 3539 3487 τῆς
3569 3418 3710 3470 [Ioa—

429 3507 701 3564 Czrsarea:
715 3503 938 3575 quidem
966 3501 1254 3570 metropoli
1277 3499 1582 3554 Palaestina:
1605 3498 1864 3561 Aeacius,
1894 3513 2020 3552 suc-

435 3615 624 3654 oessor
641 3595 888 3660 Eusebii,
921 3609 1084 3663 quem
1111 3592 1371 3646 Acacium
1399 3591 1644 3661 synodus
1671 3588 2019 3645 Sardicensis

433 3691 720 3745 nbdicarat
766 3707 780 3742 :
815 3687 912 3742 sed
939 3687 1010 3750 is,
1048 3692 1128 3738 tot
1159 3681 1482 3755 pontiﬁcum
1539 3691 1724 3753 spreta
1769 3683 2019 3735 multitu-

435 3782 589 3844 dine,
645 3778 974 3834 sententiam
1029 3785 1224 3830 contra
1284 3790 1344 3830 se
1393 3775 1559 3828 latam
1608 3789 1717 3828 non
1773 3773 2016 3828 admisit.

436 3870 945 3941 Hierosolymorum
979 3881 1132 3934 vero,
1171 3874 1294 3938 post
1316 3865 1615 3920 Macarium
1659 3865 1835 3932 illum,
1861 3865 2020 3930 cujus

437 3981 466 4016 a
533 3977 623 4016 me
682 3975 828 4031 saepe
885 3959 1033 4014 facta
1081 3969 1166 4013 est
1204 3957 1436 4020 mentio,
1479 3955 1798 4011 cathedram
1849 3957 2024 4010 tenuit

437 4055 728 4119 Maximus,
758 4053 841 4106 vir
872 4052 1148 4121 susceptis
1179 4049 1397 4120 pietatis
1425 4064 1594 4104 causa
1623 4047 2022 4103 certaminibus

437 4146 671 4202 illustris
713 4159 728 4196 :
755 4145 841 4199 cui
869 4153 923 4199 et
953 4143 1148 4198 oculus
1174 4144 1366 4198 dexter
1392 4151 1586 4196 erutus
1616 4140 1738 4206 fuit,
1763 4150 1816 4195 et
1844 4141 2020 4195 dextri

437 4238 591 4310 pedis
612 4235 856 4307 sul'frago
895 4235 1138 4291 succisa.
1171 4233 1286 4288 Hoc
1325 4232 1523 4288 deinde
1557 4231 1626 4288 ad
1657 4233 2019 4288 immortalem

439 4333 604 4385 vitam
634 4331 926 4395 translato,
958 4328 1224 4400 Cyrillus,
1251 4326 1454 4382 alacris
1480 4335 1535 4382 et
1572 4335 1859 4396 promptus
1891 4339 2022 4394 apo-

437 4424 760 4480 stolicorum
795 4423 1112 4493 dogmatum
1135 4429 1539 4492 prapngnator,
1565 4419 1865 4490 episcopali
1896 4433 2023 4490 gra-

2119 3515 2297 3585 τικῆς,
2342 3513 2438 3566 καὶ
2467 3514 2594 3570 τοὺς
2634 3513 2732 3582 τῆς
2778 3511 3032 3581 ’Δσιανῆς
3066 3509 3429 3581 παρηγγύησε
3452 3509 3518 3561 ⁶¹.
3555 3508 3711 3560 Κατά

2120 3606 2312 3660 τοῦτον
2339 3605 2396 3658 δὲ
2419 3605 2509 3658 τὸν
2547 3603 2760 3674 καιρὸν,
2790 3603 3131 3674 Καισαρείας
3165 3603 3263 3672 μὲν
3289 3602 3389 3670 τῆς
3421 3599 3713 3653 Παλαιστί-

2121 3713 2227 3748 νων
2259 3693 2645 3765 μητροπόλεως
2683 3692 2938 3756 ’Δκάκιος
2966 3694 3172 3762 ἠγεῖτο,
3208 3691 3591 3758 διαδεξάμενος
3613 3690 3712 3741 τὸν

2123 3785 2409 3840 Εὑσέϐιον.
2436 3783 2637 3838 Τοῦτον
2670 3784 2726 3837 δὲ
2749 3784 2842 3837 τὸν
2881 3783 3134 3837 Ἀκάκιον
3163 3783 3196 3853 ἡ
3237 3785 3293 3835 ἐν
3321 3782 3551 3850 Σαρδικῇ
3583 3797 3712 3832 συν-

2123 3877 2474 3948 αθροισθεῖσα
2518 3875 2736 3937 σύνοδος
2765 3874 3142 3947 ἀπεκήρυξεν·
3190 3873 3326 3928 ἀλλά
3353 3872 3449 3944 τὴν
3488 3871 3710 3940 ἐξενεχθ-

2125 3969 2310 4022 θεῖσαν
2341 3969 2444 4022 οὐκ
2485 3966 2698 4032 ἐδέξατο
2725 3968 2924 4039 ψῆφον,
2960 3967 3214 4020 τοσούτου
3255 3965 3488 4035 πλήθους
3517 3965 3708 4034 ἀρχιε-

2126 4060 2266 4131 ρέων
2307 4061 2749 4130 καταφρονήσας.
2785 4058 2907 4111 Τῶν
2946 4057 3000 4110 δέ
3033 4075 3097 4127 γε
3143 4055 3528 4128 Ἰεροσολύμων
3565 4055 3706 4125 μετά

2122 4151 2411 4222 Μακάριον
2461 4153 2690 4213 ἐκεῖνον.
2734 4137 2799 4204 οἶ»
2823 4151 3085 4215 πολλάκις
3124 4149 3424 4220 ἐμνήσθην,
3456 4146 3706 4216 Μάξιμος

2122 4243 2220 4314 τὴν
2265 4242 2556 4314 προεδρίαν
2614 4242 2938 4314 παρέλαϐεν,
2989 4243 3128 4313 ἀνὴρ
3184 4245 3241 4295 ἐν
3288 4243 3403 4304 τοῖς
3442 4241 3579 4310 ὑπὲρ
3608 4238 3703 4290 εύ-⁵

2125 4334 2340 4397 σεϐείας
2376 4333 2685 4407 διαπρέψας
2712 4334 2921 4402 ἀγῶσι·
2949 4333 3041 4388 τόν
3077 4351 3135 4387 τε
3167 4333 3276 4403 γὰρ
3307 4331 3480 4398 δεξιὸν
3501 4330 3706 4400 ὀφθαλ-

2127 4426 2226 4497 μὸν
2270 4425 2537 4496 ἀφῄρητο,
2571 4424 2720 4496 [HO]
2764 4425 2862 4478 καὶ
2891 4425 2992 4494 τῆς
3030 4425 3272 4495 ἀγκύλης
3313 4425 3573 4495 ἐστέρητο
3605 4425 3704 4492 τῆς

433 4517 516 4570 tia
546 4523 602 4571 et
626 4515 835 4570 honore
867 4514 1105 4568 donatus
1144 4522 1252 4568 est.
1297 4511 1362 4566 Hi
1409 4512 1478 4568 de
1501 4511 1738 4582 primatu
1774 4511 1920 4566 inter
1963 4525 2021 4566 se

2126 4516 2321 4581 δεξιᾶς.
2355 4516 2556 4570 Τούτου
2603 4515 2660 4568 δὲ
2688 4517 2769 4580 εἰς
2807 4516 2897 4569 τὸν
2929 4518 3122 4587 ἀγήρω
3152 4519 3520 4588 μεταστάντος
3569 4513 3704 4584 βίον,

433 4604 859 4671 contendentes,
911 4601 1278 4656 maximorum
1334 4601 1604 4656 malorum
1647 4611 1903 4655 auctores
1941 4600 2021 4655 rei

2126 4575 2394 4674 Κύριλλος
2450 4605 2550 4674 τῆς
2618 4575 2990 4676 ἐπισκοπικῆς
3025 4575 3254 4677 ’γάρίτος
3304 4575 3532 4677 ἠξιώθη,
3569 4575 3708 4658 ’τῶν

440 4696 675 4768 publicae
695 4695 867 4750 luere.
886 4692 1124 4748 Aeacius
1147 4693 1313 4758 enim,
1334 4692 1439 4748 levi
1466 4701 1681 4762 arrepta
1707 4691 2018 4757 occasione,

435 4787 703 4864 Cyrillum
734 4786 1013 4858 deposuit,
1041 4786 1358 4856 expulitque
1383 4784 1775 4856 Hierosolymis
1803 4801 1817 4838 :
1847 4783 2024 4856 Cyril-

439 4887 529 4940 lus
559 4898 691 4938 vero
721 4878 1036 4941 Antiochia,
1077 4892 1240 4946 quam
1272 4884 1492 4948 pastore
1523 4877 1772 4931 orbatam
1797 4875 2020 4948 reperit,

437 4976 834 5048 przetermissa,
876 4969 1111 5026 Tarsum
1139 4975 1356 5040 petens,
1383 4983 1507 5024 cum
1545 4969 1856 5023 admirabili
1911 4969 2024 5024 Sil-

419 5077 584 5126 .rauo
647 5066 874 5129 mansit,
932 5063 1025 5135 qni
1084 5062 1345 5117 Ecclesia:
1409 5069 1540 5115 tunc
1590 5069 1845 5132 praeerat.
1900 5059 2022 5127 Quo

435 5157 664 5231 regnito
716 5160 735 5180 "
800 5157 1038 5213 Aeacius
1095 5154 1166 5210 ad
1215 5153 1501 5208 Silvanum
1559 5153 1805 5224 scripsit,
1863 5153 2026 5224 eique

436 5251 634 5323 Cyrilli
667 5249 1069 5320 depositionem
1116 5245 1401 5303 indicavit.
1437 5244 1509 5299 At
1542 5245 1634 5300 ille
1667 5252 1721 5299 ct
1758 5243 2025 5317 Cyrillum

441 5343 738 5408 reveritus,
775 5349 830 5396 et
859 5341 1122 5414 populum
1151 5347 1426 5404 metuens,
1459 5338 1554 5409 qui
1580 5336 1771 5411 Cyrilli
1802 5338 2028 5393 institu-

441 5437 689 5494 tionibus
737 5435 1143 5507 iucundissime
1191 5432 1496 5500 fruebatur,
1535 5432 1603 5487 ab
1646 5421 2025 5488 ecclesiastico

2127 4691 2503 4748 ἀποστολικῶν
2523 4694 2809 4766 δογμάτων
2838 4697 3131 4768 προθύμως
3160 4697 3514 4769 ὑπερμαχῶν.
3545 4688 3708 4750 Οὗτοι

2128 4787 2266 4860 πρὸς
2311 4786 2575 4857 ἀλλήλους
2609 4788 2736 4860 περὶ
2789 4788 3070 4860 πρωτείων
3120 4788 3572 4858 φιλονεικοῦντες,
3612 4804 3712 4857 με-

2127 4880 2326 4948 γίστων
2357 4877 2540 4932 κακῶν
2577 4881 2690 4943 τοῖς
2741 4882 2938 4944 κοινοῖς
2967 4880 3013 4919 θ’
3039 4880 3288 4949 ἐγένοντο
3331 4880 3605 4952 πρόξενοι.
3649 4874 3709 4931 Ὅ

2133 4972 2231 5042 μὲν
2277 4970 2386 5043 γάρ
2445 4970 2719 5036 ’Δκάκιος,
2774 4971 2974 5043 μικράς
3026 4989 3179 5036 τινας
3207 4971 3382 5043 εὑρὼν
3429 4972 3710 5042 ἀφορμὶς,

2127 5062 2344 5116 καθεῖλε
2378 5047 2468 5114 τὸν
2497 5061 2784 5133 Κύριλλον,
2823 5065 2917 5118 καὶ
2945 5062 3056 5116 τῶν
3097 5065 3487 5135 Ἰεροσολύμων
3518 5064 3712 5134 ἐξήλαο

2130 5174 2255 5211 οεν·
2291 5157 2320 5210 ὁ
2367 5156 2425 5211 δὲ
2473 5153 2764 5226 Κύριλλος,
2797 5156 2899 5226 τὴν
2945 5155 3045 5226 μὲν
3084 5156 3416 5228 Ἀντιόχειαν
3466 5155 3712 5227 παρελή-

2129 5249 2278 5313 λυθε,
2328 5249 2587 5321 ποιμένος
2630 5247 2800 5320 αὐτὴν
2851 5249 3227 5320 ἐστερημένην
3278 5247 3487 5320 ιύρὼν·
3525 5252 3605 5310 εις
3654 5249 3713 5302 δὲ

2135 5339 2349 5412 Ταρσὸν
2393 5340 2744 5412 ἀφικόμενος,
2785 5339 2862 5412 τῷ
2897 5339 3183 5412 θαυμασίῳ
3237 5341 3400 5412 συνῆν
3439 5341 3709 5412 Σιλϐανῷ.

2133 5426 2302 5496 Οὗτος
2340 5433 2447 5506 γὰρ
2480 5435 2602 5487 κατ’
2629 5433 2838 5487 ἐκεῖνον
2864 5432 2955 5488 τὸν
2999 5433 3189 5506 χρόνον
3211 5433 3256 5465 ⁸³
3284 5433 3502 5506 ἐκείνης
3522 5437 3714 5506 ἡγεῖτο

1763 5609 2001 5665 VARUS
2038 5602 2444 5666 LECTIONES.

515 5729 556 5762 ἠ
593 5737 831 5798 παρεγγ.
863 5715 988 5783 Bas.
1024 5726 1199 5798 Graec.
1277 5723 1320 5756 "
1353 5723 1430 5779 Ita
1455 5721 1641 5794 Steph.
1670 5725 1779 5782 ﬁet
1803 5725 1965 5781 Allat.
2002 5724 2107 5782 Sed
2147 5725 2272 5782 Bas.
2303 5733 2359 5782 et
2397 5722 2586 5796 Steph.
2623 5724 2649 5781 1
2679 5724 2954 5782 habebant
2983 5727 3094 5792 τοῖς
3132 5728 3426 5789 κοινωνοῖς.
3503 5723 3552 5757 ⁸³
3587 5741 3709 5779 και-

453 5795 562 5859 ρόν.
599 5791 725 5858 Bas.
751 5791 936 5852 ‘Gmc.
969 5805 1020 5852 et
1053 5797 1243 5866 Steph.
