4032 6192
290 289 425 354 “365

1260 277 1858 341 ECCLESIASTICzE
1899 275 2284 336 IIISTORLE
2325 275 2470 334 LIB.
2514 275 2595 334 II.

3423 271 3559 335 10li6

286 400 384 467 τῆς
421 393 771 464 Ἐκκλησίας.
801 387 971 442 Τοῦτο
1003 385 1188 457 μαθὼν
1216 387 1243 438 6
1285 385 1560 447 Ἀκάκιος,
1594 379 1871 435 ἐπέστειλε

2001 397 2156 452 psum
2182 380 2488 435 ministerio
2513 396 2621 433 non
2647 377 2950 448 prohibuit.
2977 375 3077 432 Ubi
3104 393 3232 432 vero
3257 377 3562 439 Seleuciam

287 488 364 558 τῷ
398 481 666 553 Σιλϐανῷ,
693 481 785 534 καὶ
809 479 906 550 τὴν
933 476 1251 545 καθαίρεσιν
1277 474 1368 527 τοῦ
1401 473 1666 544 Κυρίλλου
1699 471 1874 542 μεμή-

288 596 472 633 νυκεν.
528 577 587 628 '0
641 575 719 640 δὲ,
747 573 843 626 καὶ
883 569 974 624 τὸν
1017 567 1284 639 Κύριλλον
1315 565 1652 634 αἰδούμενος,
1689 566 1785 616 καὶ
1815 561 1876 616 τὸ

290 669 494 738 πλῆθος
525 665 897 737 ὑφορώμενος,
950 661 1144 732 ἥδιστα
1190 660 1297 729 γάρ
1330 659 1428 728 τῆς
1479 656 1574 710 τοῦ
1607 655 1874 726 Κυρίλλου

289 760 637 822 διδασκαλίας
679 757 948 828 άπὴλαυε,
979 754 1077 823 τῆς
1125 749 1584 820 έκκλησιαστικῆς
1615 749 1712 800 οὐκ
1743 746 1878 799 ἐκώ-

290 855 418 908 λυσε
447 851 811 922 λειτουργίας.
849 847 1070 916 Ἐπειδὴ
1095 846 1151 898 δὲ
1174 843 1432 914 συνῆλθον
1459 843 1537 903 είς
1557 841 1655 912 τὴν
1685 839 1877 892 Σελεύ-

291 966 469 1010 κειαν,
505 943 779 998 ἐκοινώνει
833 941 932 1012 μὲν
974 943 1084 1003 τοῖς
1121 939 1265 1008 ἀμφὶ
1304 937 1395 990 τὸν
1453 935 1750 998 Βασίλειον,
1785 933 1880 985 καὶ

293 1040 614 1102 Εὖστάθιον,
651 1038 745 1091 καὶ
778 1035 1060 1098 Σιλὸανὸν,
1103 1033 1198 1087 καὶ
1229 1031 1355 1093 τοὺς
1384 1029 1602 1091 λοιποὺς
1626 1027 1671 1059 ⁸⁵⁵
1702 1029 1728 1080 ὀ
1765 1026 1878 1078 Κύ-

299 1133 477 1205 ριλλος
503 1130 596 1184 τοῦ
633 1129 913 1202 συνεδρίου
943 1127 1006 1181 ⁸⁸.
1051 1127 1108 1180 Ὁ
1146 1125 1206 1179 δέ
1236 1141 1300 1192 γε
1355 1122 1608 1182 Ἀκάκιος
1654 1119 1882 1187 ἀφίκετο

299 1225 397 1296 μὲν
425 1226 513 1278 καὶ
541 1224 699 1286 αὐτὸς
728 1222 864 1294 πρὸς
905 1221 1032 1276 τοὺς
1062 1217 1484 1288 συνεληλυθότας
1517 1212 1846 1273 ἐπισκόπους
1865 1225 1878 1240 ³

295 1319 635 1388 πεντήκοντα
665 1317 720 1369 δὲ
749 1311 889 1385 ἦσαν
919 1314 1012 1367 καὶ
1047 1310 1240 1364 ἑκατόν
1262 1326 1275 1339 ·
1313 1309 1516 1376 ἔφασκε
1555 1305 1611 1357 δὲ
1638 1301 1712 1375 μὴ
1746 1302 1884 1374 πρό-

297 1427 454 1480 τερον
485 1408 666 1469 αὐτοῖς
686 1407 1036 1476 κοινωνήσειν
1067 1402 1173 1454 τῶν
1199 1399 1602 1472 βουλευμάτων,
1629 1395 1756 1467 πρὶν
1782 1394 1885 1458 ἔξω

298 1500 550 1570 γενέσθαι
601 1498 694 1551 τοῦ
742 1496 1000 1564 συλλόγου
1052 1495 1143 1547 τὸν
1204 1489 1492 1562 Κύριλλον,
1529 1488 1624 1541 ἅτε
1674 1485 1754 1555 δὴ.
1788 1485 1886 1555 τῆς

299 1590 710 1664 ἀρχιερωσύνης
740 1587 1183 1660 γεγυμνωμένον.
1218 1583 1325 1636 Καί
1354 1597 1497 1644 τινες
1529 1579 1629 1650 μὲν
1651 1577 1758 1630 τῶν
1788 1578 1887 1647 τῆς

302 1681 522 1749 εἰρήνης
567 1675 1057 1749 προμηθουμένων,
1091 1673 1444 1742 ὑποχωρῆσαι
1477 1668 1568 1721 τὸν
1616 1667 1886 1738 Κύριλὶον

1983 478 2373 542 pervenerunt,
2401 469 2643 540 Cyrillus
2669 485 2796 523 cum
2835 467 3055 534 Basilio,
3095 479 3150 522 et
3174 469 3486 538 Eustatltio,
3511 485 3565 528 et

1983 559 2230 624 Silvano,
2267 566 2322 613 et
2365 557 2584 613 caeteris
2630 559 2874 612 concilio
2910 559 3077 631 894
3115 559 3398 616 intererat.
3423 563 3567 618 Aca-

1982 654 2105 708 cius
2137 653 2288 707 venit
2325 649 2544 720 quidem
2579 657 2632 704 et
2655 650 2774 720 ipse
2824 650 2891 704 ad
2939 653 3227 722 episeepos
3259 668 3564 727 congrega-

1983 753 2091 810 tos,
2128 758 2360 798 numero
2393 751 2615 798 centum
2658 749 2709 796 et
2741 743 3165 813 quinquaginta,
3206 747 3304 800 sed
3324 749 3568 817 .negavit

1984 853 2042 892 se
2075 851 2197 891 cum
2235 836 2368 905 ipsis
2398 835 2464 890 de
2490 849 2545 889 re
2579 835 2685 888 ulla
2727 836 2879 906 prius
2908 833 3364 903 deliberaturum,
3401 857 3566 910 quam

1983 930 2245 1002 Cyrillus,
2279 939 2340 983 ut
2379 929 2700 998 episcopatu
2729 927 3002 997 privatus,
3045 927 3338 997 ejiceretur
3373 947 3402 986 e
3437 949 3569 987 con-

1984 1021 2131 1076 cilio.
2168 1019 2356 1089 Itaque
2387 1018 2639 1072 nonnulli
2677 1018 2826 1088 pacis
2863 1011 3098 1074 studiosi
3133 1019 3399 1090 Cyrillum
3446 1037 3571 1076 ora-

1985 1114 2117 1167 bant
2145 1121 2204 1165 ut
2229 1110 2531 1174 recederet,
2572 1111 2952 1180 promittentes
2993 1126 3052 1166 se
3083 1121 3207 1182 post
3254 1116 3568 1185 dogmatum

1985 1203 2392 1258 discussionem
2421 1203 2488 1256 de
2511 1202 2684 1273 ipsius
2706 1217 2873 1257 causa
2899 1202 3328 1272 disceptaturas.
3359 1204 3573 1272 Quibus

1987 1309 2112 1349 cum
2147 1309 2358 1350 morem
2398 1309 2518 1348 non»
2541 1302 2775 1363 gereret,
2809 1295 3045 1349 Aeacius
3097 1295 3205 1349 illis
3239 1298 3450 1354 relictis
3479 1315 3574 1354 ex-

1987 1387 2159 1442 cessit
2185 1405 2198 1442 :
2234 1395 2288 1442 et
2315 1403 2646 1458 congressus
2673 1402 2796 1441 cum
2825 1387 3090 1450 Eudoxio,
3125 1398 3326 1444 metum
3357 1390 3434 1445 illi
3464 1407 3575 1463 quo

1989 1479 2283 1534 tenebatur
2325 1479 2548 1545 exemit,
2597 1477 2963 1549 ﬁduciamque
3004 1479 3235 1545 addidit,
3294 1484 3576 1553 spondens

1990 1585 2050 1624 se
2076 1577 2372 1640 patronum
2407 1571 2486 1624 illi
2533 1572 2856 1641 sociumque
2902 1574 3267 1628 certaminum
3304 1574 3574 1631 futurum.

1993 1662 2059 1715 Et
2113 1663 2282 1716 vetuit
2330 1663 2555 1732 quidem
2624 1677 2689 1716 ne
2718 1663 2772 1716 in
2821 1663 3115 1717 concilium
3167 1663 3420 1734 intraret,
3479 1667 3577 1726 sed

305 1771 566 1831 ἱκέτευον,
616 1764 1037 1836 ὑπισχνούμενοι
1105 1763 1240 1834 μετὰ
1287 1760 1386 1830 τὴν
1436 1757 1548 1810 τῶν
1599 1754 1886 1825 δογμάτων

1993 1753 2530 1822 Constantinopolim
2574 1769 2699 1808 cum
2739 1769 2803 1810 eo
2837 1755 3122 1823 protectus
3147 1764 3254 1811 est.

301 1862 595 1932 διάκρισιν,
628 1861 721 1910 καὶ
756 1856 854 1927 τὴν
884 1857 1003 1909 κατ’
1044 1853 1204 1907 αὐτὸν
1235 1850 1509 1916 ἐξετάζειν
1539 1848 1797 1902 ὑπόθεσιν
1833 1847 1900 1899 ⁸⁸.
1953 1845 2172 1916 Ἐπειδὴ
2201 1845 2259 1897 δὲ
2293 1846 2393 1899 οὐκ
2463 1842 2595 1912 εἶξε,
2630 1847 2945 1901 καταλιπὼν
2980 1847 3078 1918 μὲν
3102 1849 3298 1912 αὐτοὺς
3327 1854 3355 1905 6
3412 1852 3578 1906 Ἀκά..

304 1929 806 2023 ηας-ἐξελήλυθεν·
839 1947 1076 2018 assueta
1120 1947 1178 2001 δὲ
1220 1945 1638 2016 συγγενόμενος,
1686 1943 1747 1996 τὸ
1793 1941 1892 2013 μὲν
1942 1941 2262 2011 ἐγκείμενον
2303 1940 2532 2012 ἐξήλασε
2569 1929 2709 2009 δέος,
2779 1943 2981 2014 θάρσος
3047 1943 3102 1996 δὲ
3151 1944 3396 2018 ἐνέθηκε,
3452 1965 3578 2001 συν..

305 2049 503 2118 ήγορος
563 2045 724 2099 αὐτοῦ
787 2044 882 2097 καὶ
947 2041 1353 2112 συναγωνιστὴς
1401 2039 1830 2111 ὑπισχνούμενος
1871 2035 1915 2068 ⁸⁷
1953 2035 2198 2090 ἔσεσθαι·
2250 2038 2344 2091 καὶ
2385 2039 2465 2102 εἰς
2511 2037 2613 2108 μὲν
2661 2037 2721 2100 τὸ
2770 2038 3046 2111 συνέδριον
3092 2039 3354 2095 εἰσελθεῖν
3420 2043 3583 2098 αὐτὸν

304 2137 622 2202 διεκώλυσε,
670 2135 768 2208 τὴν
820 2136 874 2190 δὲ
925 2132 1496 2188 Κωνσταντινούπολιν
1543 2132 1640 2185 σὺν
1689 2130 1888 2202 ἐκείνῳ
1927 2128 2215 2183 κατέλαϐε.

900 2229 1148 2282 ΚΕΦΑΛ.
1182 2228 1308 2306 ΚΓέ.

311 2328 450 2398 Περὶ
497 2327 614 2381 τῶν
641 2325 739 2398 ἐνῲ
761 2323 1396 2398 Κῳνσιςαιςτιγοιιπόλει
1433 2317 1894 2389 συμϐεϐηκότων

640 2395 766 2461 τοῖς
797 2393 1138 2462 ὁρθοδόεοις
1174 2393 1551 2457 ἐπισκόποις.

382 2488 760 2550 Κωνστάντιος
793 2486 902 2557 γὰρ
933 2486 1041 2540 ἀπὸ
1073 2486 1173 2555 τῆς
1203 2483 1442 2555 ἑσπέρας
1470 2481 1803 2546 ἐπανελθὼν,
1837 2482 1894 2534 ὲν

310 2582 481 2652 ταύτῃ
507 2579 766 2650 διέτριϐε.
797 2577 972 2631 Πολλὰ
999 2577 1054 2630 δὲ
1082 2576 1188 2629 τῶν
1218 2573 1653 2644 συνεληλυθότων
1682 2574 1773 2627 ἐπὶ
1800 2573 1895 2626 τοῦ

316 2672 578 2743 βασιλέως
622 2669 1032 2741 κατηγορήσας,
1077 2668 1170 2722 καὶ
1213 2667 1468 2739 σύστημα
1508 2665 1764 2738 πονηρῶν
1799 2666 1898 2720 ἀνι-

315 2764 548 2834 θρώπων
587 2761 952 2828 ἀποκαλέσας,
984 2761 1067 2812 ἐπ’
1100 2758 1306 2830 ὀλέθρῳ
1331 2758 1426 2812 καὶ
1455 2759 1602 2832 λύμῃ
1625 2757 1734 2811 τῶν
1776 2758 1898 2810 Ἐκ-

315 2855 552 2925 κλησιιῖΝ
585 2851 1072 2924 συγκροτούμενον,
1102 2851 1192 2904 τὸν
1221 2849 1483 2920 βασιλέως
1505 2849 1680 2920 ἀνῆψε
1703 2849 1895 2920 θυμόν.

319 2946 365 3019 [Ι
387 2946 469 3018 ll]
517 2946 631 3014 Οὐχ
661 2946 862 3015 ἥκιστα
889 2943 946 2996 δὲ
993 2941 1156 2995 αὐτὸν
1202 2942 1503 3012 χαλεπῆναι
1533 2941 1835 3011 πεποίηκεν
1865 2939 1900 2994 ἃ

318 3039 459 3094 κατὰ
487 3038 581 3090 τοῦ
617 3034 884 3106 Κυρίλλου
921 3033 1252 3088 συντέθεικε.
1300 3034 1411 3103 Τὴν
1444 3033 1552 3104 γὰρ
1588 3031 1740 3102 ἱερὰν
1781 3049 1904 3084 στο-

317 3132 438 3202 λὴν,
470 3131 536 3202 ἣν
563 3132 590 3184 6
619 3128 973 3198 πανεύφημος
1005 3128 1418 3188 Κωνσταντῖνος
1447 3126 1475 3177 ὁ
1521 3124 1775 3195 βασιλεὺς
1808 3125 1906 3196 τὴν

2349 2224 2504 2281 CAP.
2539 2221 2732 2279 xxm.
2774 2223 2860 2297 [Β.
2892 2223 2974 2282 St.
2997 2223 3072 2282 ‘v.
3102 2227 3222 2301 ει]
3313 2209 3316 2212 λ

1992 2316 2071 2371 De
2111 2317 2177 2372 iis
2235 2333 2352 2388 qua;
2412 2318 2878 2398 Constantinopoli
2949 2319 3261 2374 orthodoxi:
3321 2325 3582 2393 episcopis

2377 2413 2380 2415 -
2613 2397 2964 2457 contigerunt.

2067 2479 2145 2535 Ibi
2175 2486 2307 2534 tunc
2339 2479 2484 2536 enim
2515 2479 2880 2536 Constantius
2905 2481 2976 2537 ab
3007 2478 3304 2540 Occidente
3324 2485 3586 2552 reversus

1995 2573 2468 2629 commorabatur.
2528 2572 2688 2643 Apud
2729 2587 2893 2644 quem
2953 2589 3079 2629 cum
3138 2577 3432 2648 episcopos
3485 2576 3584 2636 Se-

1995 2667 2188 2722 leuciae
2208 2673 2571 2736 congregatos
2601 2664 2791 2721 multis
2815 2676 3141 2723 accusasset
3176 2671 3438 2735 Aeacius,
3465 2687 3588 2742 per—

1997 2760 2240 2814 ditorum
2265 2758 2551 2813 hominum
2584 2765 2788 2814 coetum
2826 2761 3130 2831 appellans.
3161 2759 3237 2816 'ad
3285 2764 3586 2832 perniciem

2001 2853 2342 2923 exitiumque
2377 2850 2770 2908 ,Ecclesiarum
2811 2863 3196 2920 convocatum,
3240 2855 3448 2911 exarsit
3482 2856 3590 2910 ira.

2003 2944 2205 3000 cundia
2235 2931 2554 3014 imperator.
2588 2941 2872 3013 Pratcipue
2899 2959 3029 2999 vero
3054 2944 3209 2999 illum
3250 2961 3312 3000 ea
3341 2962 3590 3003 cornuto-

2003 3044 2224 3102 verunt,
2287 3030 2409 3106 Quae
2443 3035 2710 3090 adversus
2767 3035 3035 3107 Cyrillum
3081 3047 3426 3095 commentus
3483 3050 3591 3095 est.

2005 3128 2232 3184 Sacram
2257 3128 2402 3184 enim
2431 3137 2660 3192 vestem,
2685 3129 2870 3183 aureis
2924 3128 3030 3184 lilis
3060 3140 3394 3197 contextam,
3427 3148 3590 3203 quam

331 3221 722 3294 Ἰεροσολύμων
786 3219 1113 3290 Ἐκκλησίαν
1165 3217 1437 3290 γεραίρων
1500 3217 1698 3270 δέδωκε
1727 3217 1772 3248 ⁵⁸
1827 3218 1899 3285 τίς)

2009 3222 2159 3277 omni
2210 3220 2374 3276 laude
2411 3221 2776 3277 celebrandus
2820 3222 3222 3282 Constantinus
3269 3227 3590 3298 imperator.

320 3315 592 3386 Μακαρίῳ
617 3314 696 3384 τῷ
727 3313 828 3382 τῆς
862 3312 1069 3375 πόλεως
1104 3311 1318 3380 ἐκείνης
1345 3311 1612 3382 ἀρχιερεῖ,
1655 3311 1741 3363 ἵνα
1774 3307 1902 3363 ταύ-

322 3415 422 3478 την
475 3405 952 3478 περιϐαλλόμενος,
1009 3403 1110 3475 τὴν
1162 3402 1258 3456 τοῦ
1322 3403 1467 3457 θείου
1531 3403 1902 3474 βαπτίσματος

325 3502 545 3571 ἐπιτελῇ
563 3499 918 3570 λειτουργίαν,
945 3501 1006 3554 ὲκ
1027 3499 1244 3571 χρυσῶν
1266 3499 1319 3552 δὲ
1335 3498 1472 3569 αὕτη
1500 3496 1908 3552 κατεσκεύαστο

326 3593 606 3663 νημάτων,
638 3594 984 3662 πεπρακέναι
1010 3593 1100 3646 τὸν
1133 3591 1398 3663 Κύριλλον
1425 3591 1551 3662 ἔφη,
1587 3592 1679 3645 καὶ
1701 3590 1906 3662 ταύτην

325 3689 447 3742 τινὰ
476 3686 586 3738 τῶν
638 3685 730 3738 ἐπὶ
764 3685 863 3754 τῆς
893 3683 1133 3755 θυμέλης
1178 3682 1546 3754 λυγιζομένων
1581 3683 1904 3754 πριάμενον,

327 3778 715 3851 περιϐαλέσθαι
762 3778 877 3847 μὲν,
936 3775 1266 3848 ὀρχούμενον
1312 3775 1368 3829 δὲ
1401 3777 1607 3837 πεσεῖν,
1656 3775 1750 3828 καὶ
1786 3791 1910 3827 συν-

330 3872 605 3941 τριϐῆναι,
665 3871 757 3924 καὶ
815 3869 1029 3939 θανάτῳ
1076 3867 1464 3939 παραδοθῆναι.
1501 3867 1721 3930 Τοῦτον,
1781 3865 1906 3935 ἔφη,

313 3965 582 4019 κοινωνὸν
617 3963 852 4035 ἔχοντες,
882 3961 1088 4034 κρίνειν
1121 3962 1215 4015 καὶ
1240 3964 1354 4025 τοῖς
1387 3960 1566 4022 ἄλλοις
1587 3959 1633 4032 9'
1668 3957 1910 4036 δικάζειν

331 4055 687 4125 ἐπιχειροῦσι.
727 4055 944 4124 Ταύτην
973 4055 1228 4120 λαϐόντες
1268 4054 1364 4125 τὴν
1391 4053 1646 4124 ἀφορμὴν
1677 4051 1786 4104 τῶν
1817 4049 1912 4120 βα-

335 4147 552 4198 σιλείων
585 4148 632 4199 οί
677 4146 1160 4216 προστατεύοντες,
1215 4145 1460 4202 πείθουσι
1516 4143 1606 4196 τὸν
1664 4142 1909 4214 βασιλέα,

337 4237 412 4307 μὴ
439 4237 618 4289 πᾶσαν
649 4238 898 4307 ἀθροῖσαι
927 4238 974 4270 "°
1005 4238 1100 4309 τὴν
1126 4237 1361 4300 σύνοδον,
1394 4236 1662 4291 ἐδεδίεσαν
1687 4235 1794 4308 γὰρ
1819 4235 1912 4292 τοῦ

336 4326 572 4400 πλήθους
599 4329 697 4399 τὴν
719 4329 1056 4400 συμφωνίαν,
1081 4330 1214 4384 ἀλλὰ
1244 4331 1374 4384 δέκα
1399 4331 1524 4393 τοὺς
1553 4329 1909 4400 ἡγουμένους.

348 4425 436 4477 Ἑν
465 4423 672 4488 τούτοις
729 4422 1029 4486 Εὐστάθιος
1074 4419 1141 4494 ἦν
1187 4424 1215 4476 6
1264 4423 1360 4491 τῆς
1407 4421 1784 4494 Ἀρμενίας’¹,
1822 4420 1914 4474 καὶ

335 4513 615 4578 Βασίλειος
647 4513 675 4565 6
701 4514 800 4584 τῆς
833 4513 1182 4578 Γαλατίας⁷⁸,
1215 4515 1308 4568 καὶ
1336 4513 1590 4576 Σιλὸανδς
1617 4515 1644 4566 ὀ
1673 4509 1910 4584 Ταρσοῦ,

337 4610 428 4664 καὶ
470 4607 742 4672 Ἐλεύσιος
776 4607 804 4660 ὁ
838 4607 1099 4670 Κυζίκου.
1125 4600 1284 4660 Οὗτοι
1313 4606 1745 4678 παραγενόμενοι
1777 4621 1917 4676 παρ-

337 4698 566 4754 εκάλουν
610 4700 704 4754 τὸν
741 4697 983 4770 βασιλέα,
1029 4698 1130 4768 ’τὴν
1171 4697 1420 4765 Εὐδοξίου
1458 4697 1805 4767 βλασφημίαν
1859 4713 1919 4748 τε

339 4791 432 4842 καὶ
482 4794 828 4863 παρανομίαν
863 4789 1266 4860 ἐξελεγχθῆναι.
1335 4791 1391 4844 ’0
1442 4791 1498 4842 δὲ
1549 4789 1702 4861 παρὰ
1737 4789 1844 4841 τῶν
1874 4790 1920 4820 ⁷³

339 4881 514 4934 ἄλλων
586 4883 842 4936 τάναντία
903 4882 1306 4952 διδασκόμενος.
1349 4881 1498 4950 ἔλεγε
1547 4881 1744 4953 χρῆναι
1786 4880 1920 4951 πρό-

341 4991 498 5043 τερον
526 4974 592 5026 τὰ
623 4975 764 5028 κατὰ
792 4975 889 5045 τὴν
915 4975 1097 5028 πίστιν
1145 4975 1509 5046 διακριθῆναι,
1542 4969 1642 5026 εἷθ’
1669 4974 1810 5026 οὓτω
1855 4975 1922 5026 τὰ

342 5066 462 5120 κατ’
503 5067 710 5119 ἐκεῖνον
741 5063 1113 5136 ἐξετασθῆναι.
1147 5067 1255 5120 Τοῦ
1285 5067 1342 5119 δὲ
1382 5066 1661 5120 Βασιλείου
1696 5068 1759 5135 τῇ
1792 5083 1924 5134 προ-

341 5158 476 5228 τέρα
509 5155 762 5227 συνηθείᾳ
815 5149 1208 5229 θαρρήσαντος,
1244 5159 1339 5211 καὶ
1389 5158 1484 5211 σὺν
1527 5154 1806 5228 παρρησίᾳ
1832 5157 1921 5208 τῦν

1623 5334 1859 5392 ΫΑΠΙᾹΕ
1905 5334 2200 5391 LECTION
2208 5336 2314 5390 ES.

1698 5429 2081 5500 βουλευμάτων
2112 5429 2254 5483 addit
2293 5429 2702 5500 οοιίρκΑιιιιῑὶἰ.

345 5503 449 5556 Sed
486 5502 613 5557 Bas.
656 5501 830 5557 (ἔναιε.
855 5512 908 5557 et
931 5502 1120 5571 Steph.
1152 5503 1271 5554 κατ’
1303 5501 1480 5555 αὐτῶν
1535 5499 1790 5552 ὑπόθεσιν
1837 5499 2130 5571 ἐξετάζειν.

947 5575 990 5602 δ’
1029 5569 1140 5635 τοῖς
1172 5573 1350 5634 ἄλλοις
1373 5571 1466 5624 καὶ
1492 5571 1669 5631 δικαζ.
1708 5572 1831 5624 Bas.
1865 5569 2040 5624 Graec.

425 5431 470 5462 ⁸⁸⁵
491 5432 606 5497 τοῖς
626 5431 853 5494 λοιποῖς.
886 5431 1011 5486 Bas.
1058 5431 1231 5488 Graec.
1337 5433 1384 5464 "‘
1421 5432 1513 5484 καὶ
1537 5429 1651 5492 ,τῶν

345 5576 518 5626 (haec.
570 5581 623 5627 ct
654 5572 842 5641 Steph.

345 5645 536 5712 Steph.
647 5644 691 5674 τ’
741 5647 768 5695 6
801 5643 1065 5712 Γαλάτης.
1117 5643 1301 5696 Iidem.

346 5713 767 5785 m:;povr;x6:wv
802 5713 1187 5785 διδασκόμενος

630 5807 902 5902 ΡΛΤῑΨῐ..
937 5811 979 5867 C
993 5828 1051 5867 ιι.
1083 5806 1369 5868 LXXXII.

2005 3315 2070 3369 ad
2103 3313 2570 3370 cohonestandam
2593 3312 3097 3385 Hierosolymorum
3123 3315 3449 3382 Ecelesiam,
3480 3317 3597 3392 bla-

2007 3405 2163 3460 cario
2196 3406 2346 3460 illius
2375 3405 2529 3460 urbis
2559 3405 2824 3476 episeopo
2855 3405 3213 3476 donarat,ut,
3236 3423 3299 3464 ea
3327 3407 3492 3481 895
3519 3409 3600 3464 in«

2009 3500 2198 3564 dutus,
2237 3498 2409 3553 divini
2442 3497 2701 3567 baptismi
2744 3497 3011 3554 solemnia
3042 3499 3370 3566 celebraret,
3407 3500 3596 3557 vendio

2009 3591 2160 3646 disse
2193 3589 2377 3644 aiebat
2421 3589 2711 3661 Cyrillum,
2754 3599 2810 3645 et
2861 3589 3004 3646 hanc.
3038 3602 3343 3648 mercatum
3383 3593 3598 3664 thyme-

2012 3683 2176 3738 licum
2212 3682 2503 3752 quemdam
2560 3683 2901 3748 saltatorem,
2935 3698 3060 3740 eum
3117 3684 3310 3741 eadem
3359 3686 3599 3743 amictus

2013 3777 2262 3844 saltaret,
2289 3777 2504 3848 lapsum
2533 3793 2679 3841 esse,
2718 3793 2962 3849 casuque
2991 3778 3258 3836 obtritum
3297 3779 3598 3838 interiisse.

2013 3869 2156 3934 Tali,
2189 3871 2390 3941 inquit,
2433 3887 2558 3926 cum
2609 3870 2763 3926 socio
2813 3870 3086 3942 judicare,
3122 3872 3299 3945 deque
3317 3873 3440 3930 aliis
3471 3889 3600 3930 sen-

2014 3965 2217 4019 tentias
2253 3964 2398 4020 I'erre
2429 3963 2849 4034 aggrediuntur.
2878 3962 2994 4020 Hac
3031 3972 3254 4034 arrepta
3278 3965 3598 4027 occasione,

2016 4070 2278 4124 proceres
2321 4055 2506 4124 palatii
2568 4041 2906 4125 persuadent
2954 4057 2972 4075 ⁴
3015 4055 3356 4124 imperatori,
3398 4068 3458 4108 ut
3489 4071 3600 4108 non

2016 4154 2190 4202 totum
2263 4147 2561 4201 concilium
2629 4145 3023 4218 (multitudinis
3074 4147 3223 4201 enim
3268 4161 3598 4203 consensum

2017 4239 2386 4308 metuebant),
2431 4238 2526 4294 sed
2561 4239 2748 4294 decem
2783 4245 2996 4294 tantum
3023 4240 3332 4310 praecipuos
3386 4251 3599 4306 evocet.
3649 4264 3657 4272 -

2017 4327 2073 4382 In
2106 4329 2190 4384 liis
2223 4327 2377 4384 fuere
2403 4326 3052 4394 Eustathius-Armeniae,
3096 4336 3150 4384 et
3177 4329 3412 4386 Basilius
3439 4329 3601 4387 Gala-

2018 4421 2128 4486 tiae,
2156 4431 2210 4478 et
2246 4421 2505 4476 Silvanus
2535 4419 2718 4487 Tarsi,
2747 4429 2801 4476 et
2823 4421 3080 4477 Eleusius
3102 4421 3307 4495 Cyzici.
3349 4421 3452 4490 Qui
3475 4439 3602 4480 cum

2023 4515 2404 4578 advenissent,
2436 4515 2813 4570 hortabantur
2846 4513 3262 4584 imperatorem,
3296 4524 3355 4570 ut
3403 4516 3458 4570 in
3492 4515 3601 4587 Eu—

2021 4604 2169 4658 doxii
2201 4603 2570 4674 blaspltemias
2612 4615 2666 4660 et
2707 4604 3054 4675 iniquitatem
3099 4605 3322 4675 iuberet
3372 4607 3601 4678 inquiri.

2023 4695 2130 4750 Sed
2161 4700 2298 4767 ipse,
2336 4697 2462 4751 aliis
2513 4697 2791 4752 contraria
2824 4699 3270 4770 suggerentibus,
3321 4699 3606 4770 respondit

2021 4787 2088 4841 de
2143 4787 2310 4843 rebus
2354 4788 2476 4843 ﬁdei
2500 4788 2680 4845 decidi
2716 4789 2872 4860 prius
2924 4800 3200 4861 oportere,
3258 4799 3375 4846 tum
3408 4791 3606 4848 deinde

2024 4877 2175 4932 illius
2233 4893 2457 4934 causam
2494 4879 2824 4954 examinari.
2865 4877 3108 4951 Cumque
3170 4881 3427 4947 Basilius,
3493 4883 3607 4952 pri-

2027 4968 2173 5023 stina
2213 4967 2386 5024 frctus
2422 4969 2813 5034 familiaritate,
2847 4979 3260 5040 nnperatorem.
3297 4980 3356 5026 ut
3385 4981 3608 5043 aposte-

2026 5057 2149 5116 licis
2181 5061 2535 5133 dogmatibus
2569 5063 2948 5130 insidiantem,
2995 5063 3224 5118 liberius
3264 5076 3607 5136 coarguerct.

2029 5156 2222 5225 iniquo
2263 5155 2449 5212 animo
2493 5156 2621 5211 tulit
2664 5155 3047 5225 Constantius,
3081 5163 3135 5212 et
3186 5157 3449 5212 Basilium
3490 5169 3613 5213 tan-

2818 5431 2862 5460 “
2893 5430 2968 5500 lla
2999 5438 3052 5486 et.
3084 5431 3404 5500 Christopb.
3447 5439 3612 5486 ret-1e.

2207 5499 2676 5570 ϐτύπτοσχόμενος.
2730 5499 2850 5553 Bas.
2894 5499 3068 5556 Grmc.
3145 5502 3191 5533 “
3219 5501 3462 5555 δεδώκει.
3490 5500 3617 5560 Bas.

2118 5570 2182 5642 '-'°_
2208 5569 2510 5642 άθροίσθαι.
2549 5572 2713 5626 Idem.
2825 5571 2866 5642 ⁷ν¹
2892 5573 2920 5623 6
2948 5571 3272 5642 ξΑρμένιος.
3307 5571 3447 5625 Idem
3493 5585 3617 5642 cum

1413 5642 1458 5672 ⁷³
1507 5641 1580 5694 Ita
1629 5649 1677 5694 et
1727 5641 1917 5711 Steph.
1957 5639 2010 5691 ‘2.
2080 5637 2187 5694 Sed
2234 5639 2358 5696 Bas.
2403 5637 2574 5696 Gnec.
2622 5650 2674 5696 et
2712 5641 2898 5713 Steph.
2941 5641 2958 5692 l
3008 5637 3159 5714 παρὰ
3208 5641 3318 5696 τῶν
3356 5641 3619 5696 τάναντία.

3219 5804 3299 5865 3ἰ
