  <div class='ocr_page' id='page_1' title='image "/cluster/home/n/w/nwhite01/storage/ocr_20150623/82/hvd.32044020703054/591.png"; bbox 0 0 4032 6192; ppageno 0'>
   <div class='ocr_carea' id='block_1_1' title="bbox 449 225 3702 310">
    <p class='ocr_par' dir='ltr' id='par_1_1' title="bbox 449 225 3702 310">
     <span class='ocr_line' id='line_1_1' title="bbox 449 225 3702 310; baseline -0.007 0"><span class='ocrx_word' id='word_1_1' title='bbox 449 247 471 310; x_wconf 76' lang='lat'><strong><em>1</em></strong></span> <span class='ocrx_word' id='word_1_2' title='bbox 481 248 579 310; x_wconf 67' lang='lat' dir='ltr'><strong>(id?</strong></span> <span class='ocrx_word' id='word_1_3' title='bbox 1511 240 1998 302; x_wconf 79' lang='lat' dir='ltr'><strong>THEODORETI</strong></span> <span class='ocrx_word' id='word_1_4' title='bbox 2042 237 2378 300; x_wconf 83' lang='lat' dir='ltr'><strong>EPISCOPI</strong></span> <span class='ocrx_word' id='word_1_5' title='bbox 2417 234 2781 298; x_wconf 80' lang='lat' dir='ltr'><strong>CYRENSIS</strong></span> <span class='ocrx_word' id='word_1_6' title='bbox 3564 225 3702 288; x_wconf 78' lang='lat'><strong>1038</strong></span> 
     </span>
    </p>
   </div>
   <div class='ocr_carea' id='block_1_2' title="bbox 444 336 2027 426">
    <p class='ocr_par' dir='ltr' id='par_1_2' title="bbox 444 349 2022 426">
     <span class='ocr_line' id='line_1_2' title="bbox 444 349 2022 426; baseline -0.001 -19"><span class='ocrx_word' id='word_1_7' title='bbox 444 373 608 426; x_wconf 73' lang='grc' dir='ltr'><strong>ῳιιιιιι</strong></span> <span class='ocrx_word' id='word_1_8' title='bbox 631 355 913 408; x_wconf 90' lang='lat' dir='ltr'><strong>turbarum</strong></span> <span class='ocrx_word' id='word_1_9' title='bbox 946 352 999 405; x_wconf 91' lang='lat' dir='ltr'><strong>iu</strong></span> <span class='ocrx_word' id='word_1_10' title='bbox 1029 349 1293 406; x_wconf 84' lang='lat' dir='ltr'><strong>Ecclesiis</strong></span> <span class='ocrx_word' id='word_1_11' title='bbox 1317 358 1598 406; x_wconf 87' lang='lat' dir='ltr'><strong>auctorem</strong></span> <span class='ocrx_word' id='word_1_12' title='bbox 1631 359 1814 406; x_wconf 87' lang='lat' dir='ltr'><strong>tacere</strong></span> <span class='ocrx_word' id='word_1_13' title='bbox 1835 351 2022 418; x_wconf 83' lang='lat' dir='ltr'><strong>jussit.</strong></span> 
     </span>
    </p>
   </div>
   <div class='ocr_carea' id='block_1_3' title="bbox 2128 336 3709 426">
    <p class='ocr_par' dir='ltr' id='par_1_3' title="bbox 2131 336 3709 418">
     <span class='ocr_line' id='line_1_3' title="bbox 2131 336 3709 418; baseline -0.007 -16"><span class='ocrx_word' id='word_1_14' title='bbox 2131 348 2353 418; x_wconf 75' lang='grc' dir='ltr'><strong>βασιλέα</strong></span> <span class='ocrx_word' id='word_1_15' title='bbox 2386 346 2780 415; x_wconf 76' lang='grc' dir='ltr'><strong>διελέγξαντος,</strong></span> <span class='ocrx_word' id='word_1_16' title='bbox 2830 343 2905 406; x_wconf 84' lang='grc' dir='ltr'><strong>ὼς</strong></span> <span class='ocrx_word' id='word_1_17' title='bbox 2932 343 3043 404; x_wconf 80' lang='grc' dir='ltr'><strong>τοῖς</strong></span> <span class='ocrx_word' id='word_1_18' title='bbox 3077 336 3457 400; x_wconf 84' lang='grc' dir='ltr'><strong>ἀποστολικοῖς</strong></span> <span class='ocrx_word' id='word_1_19' title='bbox 3485 336 3709 391; x_wconf 73' lang='grc' dir='ltr'><strong>ἐπιϐου-</strong></span> 
     </span>
    </p>
   </div>
   <div class='ocr_carea' id='block_1_4' title="bbox 444 431 2027 511">
    <p class='ocr_par' dir='ltr' id='par_1_4' title="bbox 444 441 2024 509">
     <span class='ocr_line' id='line_1_4' title="bbox 444 441 2024 509; baseline -0.001 -9"><span class='ocrx_word' id='word_1_20' title='bbox 444 448 868 502; x_wconf 83' lang='lat' dir='ltr'><strong>meutescentc</strong></span> <span class='ocrx_word' id='word_1_21' title='bbox 933 443 1156 505; x_wconf 80' lang='lat' dir='ltr'><strong>Basilio,</strong></span> <span class='ocrx_word' id='word_1_22' title='bbox 1214 442 1539 497; x_wconf 78' lang='lat' dir='ltr'><strong>Eustathius</strong></span> <span class='ocrx_word' id='word_1_23' title='bbox 1573 441 1712 496; x_wconf 79' lang='lat' dir='ltr'><strong>dixit</strong></span> <span class='ocrx_word' id='word_1_24' title='bbox 1747 463 1760 497; x_wconf 87' lang='lat'><strong>:</strong></span> <span class='ocrx_word' id='word_1_25' title='bbox 1794 443 2024 509; x_wconf 83' lang='lat' dir='ltr'><strong>Quando</strong></span> 
     </span>
    </p>
   </div>
   <div class='ocr_carea' id='block_1_5' title="bbox 2128 431 3702 511">
    <p class='ocr_par' dir='ltr' id='par_1_5' title="bbox 2128 431 3702 511">
     <span class='ocr_line' id='line_1_5' title="bbox 2128 431 3702 511; baseline -0.008 -16"><span class='ocrx_word' id='word_1_26' title='bbox 2128 441 2345 494; x_wconf 83' lang='grc' dir='ltr'><strong>λεύοντα</strong></span> <span class='ocrx_word' id='word_1_27' title='bbox 2395 441 2680 511; x_wconf 75' lang='grc' dir='ltr'><strong>δόγμασιν,</strong></span> <span class='ocrx_word' id='word_1_28' title='bbox 2729 435 3030 507; x_wconf 76' lang='grc' dir='ltr'><strong>ἐχαλέπηνε</strong></span> <span class='ocrx_word' id='word_1_29' title='bbox 3088 434 3185 504; x_wconf 85' lang='grc' dir='ltr'><strong>μὲν</strong></span> <span class='ocrx_word' id='word_1_30' title='bbox 3227 433 3256 484; x_wconf 94' lang='lat'><strong>6</strong></span> <span class='ocrx_word' id='word_1_31' title='bbox 3303 431 3702 494; x_wconf 80' lang='grc' dir='ltr'><strong>Κωνστάντιος,</strong></span> 
     </span>
    </p>
   </div>
   <div class='ocr_carea' id='block_1_6' title="bbox 445 521 2027 607">
    <p class='ocr_par' dir='ltr' id='par_1_6' title="bbox 445 531 2021 607">
     <span class='ocr_line' id='line_1_6' title="bbox 445 531 2021 607; baseline -0.003 -16"><span class='ocrx_word' id='word_1_32' title='bbox 445 537 612 607; x_wconf 78' lang='lat' dir='ltr'><strong>igitur</strong></span> <span class='ocrx_word' id='word_1_33' title='bbox 636 533 703 589; x_wconf 91' lang='lat' dir='ltr'><strong>de</strong></span> <span class='ocrx_word' id='word_1_34' title='bbox 743 533 848 588; x_wconf 80' lang='lat' dir='ltr'><strong>[ide</strong></span> <span class='ocrx_word' id='word_1_35' title='bbox 875 532 1173 602; x_wconf 76' lang='lat' dir='ltr'><strong>disceptari</strong></span> <span class='ocrx_word' id='word_1_36' title='bbox 1206 531 1405 602; x_wconf 89' lang='lat' dir='ltr'><strong>placet,</strong></span> <span class='ocrx_word' id='word_1_37' title='bbox 1437 536 1753 602; x_wconf 88' lang='lat' dir='ltr'><strong>imperator,</strong></span> <span class='ocrx_word' id='word_1_38' title='bbox 1791 534 2021 587; x_wconf 80' lang='lat' dir='ltr'><strong>Eudoxii</strong></span> 
     </span>
    </p>
   </div>
   <div class='ocr_carea' id='block_1_7' title="bbox 2128 521 3710 607">
    <p class='ocr_par' dir='ltr' id='par_1_7' title="bbox 2128 521 3710 604">
     <span class='ocr_line' id='line_1_7' title="bbox 2128 521 3710 604; baseline -0.008 -18"><span class='ocrx_word' id='word_1_39' title='bbox 2128 534 2348 604; x_wconf 83' lang='grc' dir='ltr'><strong>σιγῆσαι</strong></span> <span class='ocrx_word' id='word_1_40' title='bbox 2376 534 2422 564; x_wconf 68' lang='grc'><strong>⁷⁵</strong></span> <span class='ocrx_word' id='word_1_41' title='bbox 2455 533 2511 586; x_wconf 75' lang='grc' dir='ltr'><strong>δὲ</strong></span> <span class='ocrx_word' id='word_1_42' title='bbox 2564 527 2866 602; x_wconf 80' lang='grc' dir='ltr'><strong>προσέταξε</strong></span> <span class='ocrx_word' id='word_1_43' title='bbox 2918 527 3010 580; x_wconf 80' lang='grc' dir='ltr'><strong>τὸν</strong></span> <span class='ocrx_word' id='word_1_44' title='bbox 3060 523 3364 588; x_wconf 77' lang='grc' dir='ltr'><strong>Βασίλειον,</strong></span> <span class='ocrx_word' id='word_1_45' title='bbox 3408 521 3484 585; x_wconf 84' lang='grc' dir='ltr'><strong>ὡς</strong></span> <span class='ocrx_word' id='word_1_46' title='bbox 3541 522 3710 591; x_wconf 80' lang='grc' dir='ltr'><strong>ζάλης</strong></span> 
     </span>
    </p>
   </div>
   <div class='ocr_carea' id='block_1_8' title="bbox 447 613 2027 698">
    <p class='ocr_par' dir='ltr' id='par_1_8' title="bbox 447 623 2026 698">
     <span class='ocr_line' id='line_1_8' title="bbox 447 623 2026 698; baseline -0.003 -14"><span class='ocrx_word' id='word_1_47' title='bbox 447 627 816 698; x_wconf 83' lang='lat' dir='ltr'><strong>blasphemias</strong></span> <span class='ocrx_word' id='word_1_48' title='bbox 845 636 1052 682; x_wconf 89' lang='lat' dir='ltr'><strong>temere</strong></span> <span class='ocrx_word' id='word_1_49' title='bbox 1105 627 1162 682; x_wconf 90' lang='lat' dir='ltr'><strong>in</strong></span> <span class='ocrx_word' id='word_1_50' title='bbox 1226 623 1574 696; x_wconf 85' lang='lat' dir='ltr'><strong>Unigenitum</strong></span> <span class='ocrx_word' id='word_1_51' title='bbox 1618 625 1822 681; x_wconf 69' lang='lat' dir='ltr'><strong>etrusas</strong></span> <span class='ocrx_word' id='word_1_52' title='bbox 1847 628 2026 680; x_wconf 58' lang='lat' dir='ltr'><strong>censio</strong></span> 
     </span>
    </p>
   </div>
   <div class='ocr_carea' id='block_1_9' title="bbox 2128 613 3710 698">
    <p class='ocr_par' dir='ltr' id='par_1_9' title="bbox 2128 613 3710 691">
     <span class='ocr_line' id='line_1_9' title="bbox 2128 613 3710 691; baseline -0.008 -13"><span class='ocrx_word' id='word_1_53' title='bbox 2128 626 2304 680; x_wconf 79' lang='grc' dir='ltr'><strong>αἴτιον</strong></span> <span class='ocrx_word' id='word_1_54' title='bbox 2347 626 2468 687; x_wconf 71' lang='grc' dir='ltr'><strong>ταῖς</strong></span> <span class='ocrx_word' id='word_1_55' title='bbox 2521 621 2868 691; x_wconf 86' lang='grc' dir='ltr'><strong>Ἐκκλησίαις</strong></span> <span class='ocrx_word' id='word_1_56' title='bbox 2909 617 3214 687; x_wconf 87' lang='grc' dir='ltr'><strong>γινόμενον.</strong></span> <span class='ocrx_word' id='word_1_57' title='bbox 3260 613 3616 683; x_wconf 84' lang='grc' dir='ltr'><strong>Παυσαμένου</strong></span> <span class='ocrx_word' id='word_1_58' title='bbox 3652 613 3710 666; x_wconf 76' lang='grc' dir='ltr'><strong>δὲ</strong></span> 
     </span>
    </p>
   </div>
   <div class='ocr_carea' id='block_1_10' title="bbox 441 703 2027 787">
    <p class='ocr_par' dir='ltr' id='par_1_10' title="bbox 441 717 2024 787">
     <span class='ocr_line' id='line_1_10' title="bbox 441 717 2024 787; baseline -0.004 -11"><span class='ocrx_word' id='word_1_59' title='bbox 441 725 592 776; x_wconf 82' lang='lat' dir='ltr'><strong>dera.</strong></span> <span class='ocrx_word' id='word_1_60' title='bbox 627 719 690 774; x_wconf 85' lang='lat' dir='ltr'><strong>Et</strong></span> <span class='ocrx_word' id='word_1_61' title='bbox 725 721 842 776; x_wconf 69' lang='lat' dir='ltr'><strong>haec</strong></span> <span class='ocrx_word' id='word_1_62' title='bbox 866 719 1058 776; x_wconf 86' lang='lat' dir='ltr'><strong>dicens</strong></span> <span class='ocrx_word' id='word_1_63' title='bbox 1083 717 1374 774; x_wconf 84' lang='lat' dir='ltr'><strong>formulam</strong></span> <span class='ocrx_word' id='word_1_64' title='bbox 1412 717 1537 772; x_wconf 78' lang='lat' dir='ltr'><strong>ﬁdei</strong></span> <span class='ocrx_word' id='word_1_65' title='bbox 1567 718 1634 772; x_wconf 89' lang='lat' dir='ltr'><strong>ab</strong></span> <span class='ocrx_word' id='word_1_66' title='bbox 1661 733 1726 773; x_wconf 88' lang='lat' dir='ltr'><strong>eo</strong></span> <span class='ocrx_word' id='word_1_67' title='bbox 1762 719 2024 787; x_wconf 82' lang='lat' dir='ltr'><strong>scriptam</strong></span> 
     </span>
    </p>
   </div>
   <div class='ocr_carea' id='block_1_11' title="bbox 2128 703 3708 787">
    <p class='ocr_par' dir='ltr' id='par_1_11' title="bbox 2128 703 3708 782">
     <span class='ocr_line' id='line_1_11' title="bbox 2128 703 3708 782; baseline -0.01 -12"><span class='ocrx_word' id='word_1_68' title='bbox 2128 716 2220 770; x_wconf 77' lang='grc' dir='ltr'><strong>τοῦ</strong></span> <span class='ocrx_word' id='word_1_69' title='bbox 2257 715 2538 768; x_wconf 79' lang='grc' dir='ltr'><strong>Βασιλείου</strong></span> <span class='ocrx_word' id='word_1_70' title='bbox 2591 715 2690 782; x_wconf 81' lang='grc' dir='ltr'><strong>τῆς</strong></span> <span class='ocrx_word' id='word_1_71' title='bbox 2729 710 3049 776; x_wconf 80' lang='grc' dir='ltr'><strong>διαλέξεως·</strong></span> <span class='ocrx_word' id='word_1_72' title='bbox 3101 703 3320 777; x_wconf 82' lang='grc' dir='ltr'><strong>Ἐπειδὴ</strong></span> <span class='ocrx_word' id='word_1_73' title='bbox 3368 705 3437 758; x_wconf 86' lang='grc' dir='ltr'><strong>τὰ</strong></span> <span class='ocrx_word' id='word_1_74' title='bbox 3482 705 3583 774; x_wconf 81' lang='grc' dir='ltr'><strong>τῆς</strong></span> <span class='ocrx_word' id='word_1_75' title='bbox 3618 703 3708 756; x_wconf 80' lang='grc' dir='ltr'><strong>πί-</strong></span> 
     </span>
    </p>
   </div>
   <div class='ocr_carea' id='block_1_12' title="bbox 442 799 2022 890">
    <p class='ocr_par' dir='ltr' id='par_1_12' title="bbox 442 799 2022 890">
     <span class='ocr_line' id='line_1_12' title="bbox 442 799 2022 890; baseline -0.004 -20"><span class='ocrx_word' id='word_1_76' title='bbox 442 799 674 877; x_wconf 81' lang='grc' dir='ltr'><strong>οι›ιιι1ἰι,’</strong></span> <span class='ocrx_word' id='word_1_77' title='bbox 690 813 743 868; x_wconf 92' lang='lat' dir='ltr'><strong>in</strong></span> <span class='ocrx_word' id='word_1_78' title='bbox 766 828 872 890; x_wconf 86' lang='lat' dir='ltr'><strong>qua</strong></span> <span class='ocrx_word' id='word_1_79' title='bbox 892 811 1034 866; x_wconf 90' lang='lat' dir='ltr'><strong>inter</strong></span> <span class='ocrx_word' id='word_1_80' title='bbox 1057 819 1252 865; x_wconf 58' lang='lat' dir='ltr'><strong>etetera</strong></span> <span class='ocrx_word' id='word_1_81' title='bbox 1277 809 1444 880; x_wconf 86' lang='lat' dir='ltr'><strong>impie</strong></span> <span class='ocrx_word' id='word_1_82' title='bbox 1460 808 1607 864; x_wconf 87' lang='lat' dir='ltr'><strong>dicta</strong></span> <span class='ocrx_word' id='word_1_83' title='bbox 1632 810 1746 866; x_wconf 68' lang='lat' dir='ltr'><strong>haec</strong></span> <span class='ocrx_word' id='word_1_84' title='bbox 1767 810 1982 863; x_wconf 87' lang='lat' dir='ltr'><strong>inerant</strong></span> <span class='ocrx_word' id='word_1_85' title='bbox 2009 826 2022 863; x_wconf 92' lang='lat'>:</span> 
     </span>
    </p>
   </div>
   <div class='ocr_carea' id='block_1_13' title="bbox 443 901 2028 974">
    <p class='ocr_par' dir='ltr' id='par_1_13' title="bbox 443 901 2028 974">
     <span class='ocr_line' id='line_1_13' title="bbox 443 901 2028 974; baseline -0.001 -14"><span class='ocrx_word' id='word_1_86' title='bbox 443 907 578 974; x_wconf 69' lang='lat' dir='ltr'><strong>Quae</strong></span> <span class='ocrx_word' id='word_1_87' title='bbox 623 905 879 962; x_wconf 81' lang='lat' dir='ltr'><strong>dissimili</strong></span> <span class='ocrx_word' id='word_1_88' title='bbox 918 903 1082 959; x_wconf 89' lang='lat' dir='ltr'><strong>modo</strong></span> <span class='ocrx_word' id='word_1_89' title='bbox 1140 901 1522 973; x_wconf 77' lang='lat' dir='ltr'><strong>proferuntur,</strong></span> <span class='ocrx_word' id='word_1_90' title='bbox 1567 903 1862 959; x_wconf 80' lang='lat' dir='ltr'><strong>dissimilia</strong></span> <span class='ocrx_word' id='word_1_91' title='bbox 1896 910 2028 958; x_wconf 88' lang='lat' dir='ltr'><strong>sunt</strong></span> 
     </span>
    </p>
   </div>
   <div class='ocr_carea' id='block_1_14' title="bbox 446 993 2025 1068">
    <p class='ocr_par' dir='ltr' id='par_1_14' title="bbox 446 993 2025 1068">
     <span class='ocr_line' id='line_1_14' title="bbox 446 993 2025 1068; baseline -0.002 -13"><span class='ocrx_word' id='word_1_92' title='bbox 446 999 749 1055; x_wconf 89' lang='lat' dir='ltr'><strong>secundum</strong></span> <span class='ocrx_word' id='word_1_93' title='bbox 781 996 1152 1056; x_wconf 81' lang='lat' dir='ltr'><strong>substantiam</strong></span> <span class='ocrx_word' id='word_1_94' title='bbox 1179 1014 1222 1050; x_wconf 75' lang='grc' dir='ltr'><strong>ει</strong></span> <span class='ocrx_word' id='word_1_95' title='bbox 1253 993 1406 1050; x_wconf 88' lang='lat' dir='ltr'><strong>Unus</strong></span> <span class='ocrx_word' id='word_1_96' title='bbox 1438 995 1580 1050; x_wconf 85' lang='lat' dir='ltr'><strong>Deus</strong></span> <span class='ocrx_word' id='word_1_97' title='bbox 1598 995 1932 1068; x_wconf 73' lang='lat' dir='ltr'><strong>896Pater</strong></span> <span class='ocrx_word' id='word_1_98' title='bbox 1960 1011 2025 1052; x_wconf 74' lang='lat' dir='ltr'><strong>ex</strong></span> 
     </span>
    </p>
   </div>
   <div class='ocr_carea' id='block_1_15' title="bbox 445 1085 2029 1162">
    <p class='ocr_par' dir='ltr' id='par_1_15' title="bbox 445 1085 2029 1162">
     <span class='ocr_line' id='line_1_15' title="bbox 445 1085 2029 1162; baseline 0 -18"><span class='ocrx_word' id='word_1_99' title='bbox 445 1105 558 1162; x_wconf 90' lang='lat' dir='ltr'><strong>quo</strong></span> <span class='ocrx_word' id='word_1_100' title='bbox 584 1091 792 1156; x_wconf 86' lang='lat' dir='ltr'><strong>omnia,</strong></span> <span class='ocrx_word' id='word_1_101' title='bbox 835 1096 887 1144; x_wconf 90' lang='lat' dir='ltr'><strong>et</strong></span> <span class='ocrx_word' id='word_1_102' title='bbox 917 1105 1061 1143; x_wconf 90' lang='lat' dir='ltr'><strong>unus</strong></span> <span class='ocrx_word' id='word_1_103' title='bbox 1094 1085 1361 1142; x_wconf 80' lang='lat' dir='ltr'><strong>Dominus</strong></span> <span class='ocrx_word' id='word_1_104' title='bbox 1417 1086 1579 1144; x_wconf 82' lang='lat' dir='ltr'><strong>Jesus</strong></span> <span class='ocrx_word' id='word_1_105' title='bbox 1621 1090 1896 1149; x_wconf 81' lang='lat' dir='ltr'><strong>Christus.</strong></span> <span class='ocrx_word' id='word_1_106' title='bbox 1931 1105 2029 1159; x_wconf 81' lang='lat' dir='ltr'><strong>per</strong></span> 
     </span>
    </p>
   </div>
   <div class='ocr_carea' id='block_1_16' title="bbox 445 1178 2030 1255">
    <p class='ocr_par' dir='ltr' id='par_1_16' title="bbox 445 1178 2030 1255">
     <span class='ocr_line' id='line_1_16' title="bbox 445 1178 2030 1255; baseline -0.003 -17"><span class='ocrx_word' id='word_1_107' title='bbox 445 1197 610 1255; x_wconf 90' lang='lat' dir='ltr'><strong>quem</strong></span> <span class='ocrx_word' id='word_1_108' title='bbox 633 1181 851 1236; x_wconf 88' lang='lat' dir='ltr'><strong>omnia:</strong></span> <span class='ocrx_word' id='word_1_109' title='bbox 885 1199 902 1233; x_wconf 77' lang='grc' dir='ltr'><strong>ι</strong></span> <span class='ocrx_word' id='word_1_110' title='bbox 930 1178 1224 1236; x_wconf 81' lang='lat' dir='ltr'><strong>dissimilia</strong></span> <span class='ocrx_word' id='word_1_111' title='bbox 1258 1186 1442 1233; x_wconf 90' lang='lat' dir='ltr'><strong>autem</strong></span> <span class='ocrx_word' id='word_1_112' title='bbox 1472 1188 1603 1234; x_wconf 91' lang='lat' dir='ltr'><strong>sunt</strong></span> <span class='ocrx_word' id='word_1_113' title='bbox 1631 1195 1696 1234; x_wconf 75' lang='lat' dir='ltr'><strong>ea:</strong></span> <span class='ocrx_word' id='word_1_114' title='bbox 1725 1197 1826 1250; x_wconf 85' lang='lat' dir='ltr'><strong>quo</strong></span> <span class='ocrx_word' id='word_1_115' title='bbox 1848 1188 1902 1235; x_wconf 90' lang='lat' dir='ltr'><strong>et</strong></span> <span class='ocrx_word' id='word_1_116' title='bbox 1936 1196 2030 1248; x_wconf 86' lang='lat' dir='ltr'><strong>per</strong></span> 
     </span>
    </p>
   </div>
   <div class='ocr_carea' id='block_1_17' title="bbox 445 1268 2027 1346">
    <p class='ocr_par' dir='ltr' id='par_1_17' title="bbox 445 1268 2027 1346">
     <span class='ocr_line' id='line_1_17' title="bbox 445 1268 2027 1346; baseline -0.001 -18"><span class='ocrx_word' id='word_1_117' title='bbox 445 1290 634 1346; x_wconf 84' lang='lat' dir='ltr'><strong>quem:</strong></span> <span class='ocrx_word' id='word_1_118' title='bbox 659 1272 944 1329; x_wconf 82' lang='lat' dir='ltr'><strong>dissimilis</strong></span> <span class='ocrx_word' id='word_1_119' title='bbox 964 1285 1096 1343; x_wconf 89' lang='lat' dir='ltr'><strong>ergo</strong></span> <span class='ocrx_word' id='word_1_120' title='bbox 1120 1268 1292 1326; x_wconf 86' lang='lat' dir='ltr'><strong>Filius</strong></span> <span class='ocrx_word' id='word_1_121' title='bbox 1318 1270 1430 1325; x_wconf 85' lang='lat' dir='ltr'><strong>Deo</strong></span> <span class='ocrx_word' id='word_1_122' title='bbox 1451 1281 1506 1326; x_wconf 92' lang='lat' dir='ltr'><strong>et</strong></span> <span class='ocrx_word' id='word_1_123' title='bbox 1528 1270 1698 1326; x_wconf 86' lang='lat' dir='ltr'><strong>Patri.</strong></span> <span class='ocrx_word' id='word_1_124' title='bbox 1722 1270 1874 1327; x_wconf 78' lang='lat' dir='ltr'><strong>lianc</strong></span> <span class='ocrx_word' id='word_1_125' title='bbox 1904 1272 2027 1328; x_wconf 81' lang='lat' dir='ltr'><strong>ﬁdei</strong></span> 
     </span>
    </p>
   </div>
   <div class='ocr_carea' id='block_1_18' title="bbox 447 1362 2027 1435">
    <p class='ocr_par' dir='ltr' id='par_1_18' title="bbox 447 1362 2027 1435">
     <span class='ocr_line' id='line_1_18' title="bbox 447 1362 2027 1435; baseline -0.003 -12"><span class='ocrx_word' id='word_1_126' title='bbox 447 1365 851 1435; x_wconf 79' lang='lat' dir='ltr'><strong>expositionem</strong></span> <span class='ocrx_word' id='word_1_127' title='bbox 902 1378 1028 1419; x_wconf 88' lang='lat' dir='ltr'><strong>cum</strong></span> <span class='ocrx_word' id='word_1_128' title='bbox 1091 1362 1311 1418; x_wconf 84' lang='lat' dir='ltr'><strong>recitari</strong></span> <span class='ocrx_word' id='word_1_129' title='bbox 1342 1363 1602 1433; x_wconf 88' lang='lat' dir='ltr'><strong>jussisset</strong></span> <span class='ocrx_word' id='word_1_130' title='bbox 1647 1363 2027 1427; x_wconf 86' lang='lat' dir='ltr'><strong>Constantius.</strong></span> 
     </span>
    </p>
   </div>
   <div class='ocr_carea' id='block_1_19' title="bbox 445 1450 2028 1526">
    <p class='ocr_par' dir='ltr' id='par_1_19' title="bbox 445 1450 2028 1526">
     <span class='ocr_line' id='line_1_19' title="bbox 445 1450 2028 1526; baseline -0.002 -17"><span class='ocrx_word' id='word_1_131' title='bbox 445 1456 730 1526; x_wconf 83' lang='lat' dir='ltr'><strong>impietate</strong></span> <span class='ocrx_word' id='word_1_132' title='bbox 781 1453 871 1507; x_wconf 90' lang='lat' dir='ltr'><strong>illa</strong></span> <span class='ocrx_word' id='word_1_133' title='bbox 933 1452 1289 1508; x_wconf 72' lang='lat' dir='ltr'><strong>Vehementer</strong></span> <span class='ocrx_word' id='word_1_134' title='bbox 1334 1462 1665 1515; x_wconf 89' lang='lat' dir='ltr'><strong>commotus,</strong></span> <span class='ocrx_word' id='word_1_135' title='bbox 1715 1450 2028 1506; x_wconf 77' lang='lat' dir='ltr'><strong>Eudoxium</strong></span> 
     </span>
    </p>
   </div>
   <div class='ocr_carea' id='block_1_20' title="bbox 2127 793 3709 875">
    <p class='ocr_par' dir='ltr' id='par_1_20' title="bbox 2127 793 3709 875">
     <span class='ocr_line' id='line_1_20' title="bbox 2127 793 3709 875; baseline -0.009 -16"><span class='ocrx_word' id='word_1_136' title='bbox 2127 823 2296 868; x_wconf 87' lang='grc' dir='ltr'><strong>στεως</strong></span> <span class='ocrx_word' id='word_1_137' title='bbox 2340 803 2682 875; x_wconf 74' lang='grc' dir='ltr'><strong>διακριθῆναι</strong></span> <span class='ocrx_word' id='word_1_138' title='bbox 2736 801 2942 870; x_wconf 78' lang='grc' dir='ltr'><strong>βούλει,</strong></span> <span class='ocrx_word' id='word_1_139' title='bbox 2996 795 3218 868; x_wconf 79' lang='grc' dir='ltr'><strong>βασιλεῦ</strong></span> <span class='ocrx_word' id='word_1_140' title='bbox 3237 796 3304 860; x_wconf 79' lang='grc'><strong>⁷⁵,</strong></span> <span class='ocrx_word' id='word_1_141' title='bbox 3339 794 3366 845; x_wconf 97' lang='lat'><strong>6</strong></span> <span class='ocrx_word' id='word_1_142' title='bbox 3416 793 3709 854; x_wconf 75' lang='grc' dir='ltr'><strong>Εὑστάθιος</strong></span> 
     </span>
    </p>
   </div>
   <div class='ocr_carea' id='block_1_21' title="bbox 2125 883 3707 966">
    <p class='ocr_par' dir='ltr' id='par_1_21' title="bbox 2125 883 3707 966">
     <span class='ocr_line' id='line_1_21' title="bbox 2125 883 3707 966; baseline -0.008 -18"><span class='ocrx_word' id='word_1_143' title='bbox 2125 894 2251 964; x_wconf 80' lang='grc' dir='ltr'><strong>εφη,</strong></span> <span class='ocrx_word' id='word_1_144' title='bbox 2278 895 2378 966; x_wconf 85' lang='grc' dir='ltr'><strong>ὅρα</strong></span> <span class='ocrx_word' id='word_1_145' title='bbox 2428 894 2524 957; x_wconf 74' lang='grc' dir='ltr'><strong>τὰς</strong></span> <span class='ocrx_word' id='word_1_146' title='bbox 2569 892 2710 946; x_wconf 80' lang='grc' dir='ltr'><strong>κατὰ</strong></span> <span class='ocrx_word' id='word_1_147' title='bbox 2742 890 2836 945; x_wconf 84' lang='grc' dir='ltr'><strong>τοῦ</strong></span> <span class='ocrx_word' id='word_1_148' title='bbox 2867 887 3207 956; x_wconf 77' lang='grc' dir='ltr'><strong>Μονογενοῦς</strong></span> <span class='ocrx_word' id='word_1_149' title='bbox 3242 884 3588 956; x_wconf 76' lang='grc' dir='ltr'><strong>βλασφημίας</strong></span> <span class='ocrx_word' id='word_1_150' title='bbox 3617 883 3707 936; x_wconf 81' lang='grc' dir='ltr'><strong>ὑπ’</strong></span> 
     </span>
    </p>
   </div>
   <div class='ocr_carea' id='block_1_22' title="bbox 2126 976 3708 1054">
    <p class='ocr_par' dir='ltr' id='par_1_22' title="bbox 2126 976 3708 1054">
     <span class='ocr_line' id='line_1_22' title="bbox 2126 976 3708 1054; baseline -0.008 -14"><span class='ocrx_word' id='word_1_151' title='bbox 2126 986 2379 1052; x_wconf 80' lang='grc' dir='ltr'><strong>Εὑδοξίου</strong></span> <span class='ocrx_word' id='word_1_152' title='bbox 2421 984 2853 1054; x_wconf 78' lang='grc' dir='ltr'><strong>τετολμημένας.</strong></span> <span class='ocrx_word' id='word_1_153' title='bbox 2890 981 3000 1034; x_wconf 69' lang='grc' dir='ltr'><strong>Καὶ</strong></span> <span class='ocrx_word' id='word_1_154' title='bbox 3032 981 3148 1050; x_wconf 76' lang='grc' dir='ltr'><strong>ἅμα</strong></span> <span class='ocrx_word' id='word_1_155' title='bbox 3195 978 3389 1047; x_wconf 77' lang='grc' dir='ltr'><strong>λέγων,</strong></span> <span class='ocrx_word' id='word_1_156' title='bbox 3437 976 3708 1030; x_wconf 74' lang='grc' dir='ltr'><strong>ἐπέδωκεν</strong></span> 
     </span>
    </p>
   </div>
   <div class='ocr_carea' id='block_1_23' title="bbox 2125 1068 3707 1151">
    <p class='ocr_par' dir='ltr' id='par_1_23' title="bbox 2125 1068 3707 1151">
     <span class='ocr_line' id='line_1_23' title="bbox 2125 1068 3707 1151; baseline -0.008 -19"><span class='ocrx_word' id='word_1_157' title='bbox 2125 1077 2360 1142; x_wconf 73' lang='grc' dir='ltr'><strong>ἔκθεσιν,</strong></span> <span class='ocrx_word' id='word_1_158' title='bbox 2462 1078 2598 1148; x_wconf 79' lang='grc' dir='ltr'><strong>πρὸς</strong></span> <span class='ocrx_word' id='word_1_159' title='bbox 2625 1076 2801 1139; x_wconf 82' lang='grc' dir='ltr'><strong>ἄλλοις</strong></span> <span class='ocrx_word' id='word_1_160' title='bbox 2833 1073 3046 1136; x_wconf 81' lang='grc' dir='ltr'><strong>πολλοῖς</strong></span> <span class='ocrx_word' id='word_1_161' title='bbox 3075 1071 3358 1125; x_wconf 75' lang='grc' dir='ltr'><strong>δυσσεϐέσι</strong></span> <span class='ocrx_word' id='word_1_162' title='bbox 3403 1070 3500 1122; x_wconf 72' lang='grc' dir='ltr'><strong>καὶ</strong></span> <span class='ocrx_word' id='word_1_163' title='bbox 3535 1068 3707 1122; x_wconf 76' lang='grc' dir='ltr'><strong>ταῦτα</strong></span> 
     </span>
    </p>
   </div>
   <div class='ocr_carea' id='block_1_24' title="bbox 2126 1162 3708 1241">
    <p class='ocr_par' dir='ltr' id='par_1_24' title="bbox 2126 1162 3708 1241">
     <span class='ocr_line' id='line_1_24' title="bbox 2126 1162 3708 1241; baseline -0.007 -16"><span class='ocrx_word' id='word_1_164' title='bbox 2126 1170 2477 1241; x_wconf 79' lang='grc' dir='ltr'><strong>προσέκειτο·</strong></span> <span class='ocrx_word' id='word_1_165' title='bbox 2530 1169 2611 1222; x_wconf 83' lang='grc' dir='ltr'><strong>Τὰ</strong></span> <span class='ocrx_word' id='word_1_166' title='bbox 2655 1166 2925 1238; x_wconf 74' lang='grc' dir='ltr'><strong>ἀνομοίως</strong></span> <span class='ocrx_word' id='word_1_167' title='bbox 2987 1162 3428 1237; x_wconf 64' lang='grc' dir='ltr'><strong>προσφερόμενα,</strong></span> <span class='ocrx_word' id='word_1_168' title='bbox 3479 1162 3708 1231; x_wconf 76' lang='grc' dir='ltr'><strong>ἀνόμοια</strong></span> 
     </span>
    </p>
   </div>
   <div class='ocr_carea' id='block_1_25' title="bbox 2130 1243 3719 1334">
    <p class='ocr_par' dir='ltr' id='par_1_25' title="bbox 2130 1243 3719 1334">
     <span class='ocr_line' id='line_1_25' title="bbox 2130 1243 3719 1334; baseline -0.008 -18"><span class='ocrx_word' id='word_1_169' title='bbox 2130 1262 2272 1316; x_wconf 83' lang='grc' dir='ltr'><strong>κατὰ</strong></span> <span class='ocrx_word' id='word_1_170' title='bbox 2298 1263 2397 1334; x_wconf 82' lang='grc' dir='ltr'><strong>τὴν</strong></span> <span class='ocrx_word' id='word_1_171' title='bbox 2429 1259 2616 1316; x_wconf 81' lang='grc' dir='ltr'><strong>οὐσίαν</strong></span> <span class='ocrx_word' id='word_1_172' title='bbox 2641 1259 2807 1312; x_wconf 77' lang='grc' dir='ltr'><strong>ἐστίν·</strong></span> <span class='ocrx_word' id='word_1_173' title='bbox 2837 1277 2855 1310; x_wconf 81' lang='grc' dir='ltr'><strong>ι</strong></span> <span class='ocrx_word' id='word_1_174' title='bbox 2877 1251 2972 1322; x_wconf 76' lang='grc' dir='ltr'><strong>Εἷς</strong></span> <span class='ocrx_word' id='word_1_175' title='bbox 3002 1255 3134 1318; x_wconf 76' lang='grc' dir='ltr'><strong>Θεὸς</strong></span> <span class='ocrx_word' id='word_1_176' title='bbox 3161 1257 3189 1308; x_wconf 85' lang='grc' dir='ltr'>ὀ</span> <span class='ocrx_word' id='word_1_177' title='bbox 3223 1254 3432 1322; x_wconf 77' lang='grc' dir='ltr'><strong>Πατὴρ,</strong></span> <span class='ocrx_word' id='word_1_178' title='bbox 3465 1250 3525 1315; x_wconf 77' lang='grc' dir='ltr'><strong>ἐξ</strong></span> <span class='ocrx_word' id='word_1_179' title='bbox 3560 1243 3619 1303; x_wconf 64' lang='grc' dir='ltr'><strong>οὗ</strong></span> <span class='ocrx_word' id='word_1_180' title='bbox 3645 1249 3719 1304; x_wconf 71' lang='grc' dir='ltr'><strong>τὰ</strong></span> 
     </span>
    </p>
   </div>
   <div class='ocr_carea' id='block_1_26' title="bbox 2128 1335 3708 1423">
    <p class='ocr_par' dir='ltr' id='par_1_26' title="bbox 2128 1335 3708 1423">
     <span class='ocr_line' id='line_1_26' title="bbox 2128 1335 3708 1423; baseline -0.007 -15"><span class='ocrx_word' id='word_1_181' title='bbox 2128 1356 2325 1418; x_wconf 76' lang='grc' dir='ltr'><strong>πάντα,</strong></span> <span class='ocrx_word' id='word_1_182' title='bbox 2366 1353 2460 1407; x_wconf 77' lang='grc' dir='ltr'><strong>καί</strong></span> <span class='ocrx_word' id='word_1_183' title='bbox 2507 1347 2588 1416; x_wconf 72' lang='grc' dir='ltr'><strong>εἷς</strong></span> <span class='ocrx_word' id='word_1_184' title='bbox 2634 1351 2838 1423; x_wconf 87' lang='grc' dir='ltr'><strong>Κύριος</strong></span> <span class='ocrx_word' id='word_1_185' title='bbox 2901 1345 3106 1419; x_wconf 77' lang='grc' dir='ltr'><strong>Ἰησοῦς</strong></span> <span class='ocrx_word' id='word_1_186' title='bbox 3156 1345 3412 1416; x_wconf 82' lang='grc' dir='ltr'><strong>Χριστὸς,</strong></span> <span class='ocrx_word' id='word_1_187' title='bbox 3444 1343 3511 1396; x_wconf 80' lang='grc' dir='ltr'><strong>δι’</strong></span> <span class='ocrx_word' id='word_1_188' title='bbox 3541 1335 3601 1396; x_wconf 74' lang='grc' dir='ltr'><strong>οὗ</strong></span> <span class='ocrx_word' id='word_1_189' title='bbox 3638 1343 3708 1397; x_wconf 68' lang='grc' dir='ltr'><strong>τὰ</strong></span> 
     </span>
    </p>
   </div>
   <div class='ocr_carea' id='block_1_27' title="bbox 2130 1433 3710 1515">
    <p class='ocr_par' dir='ltr' id='par_1_27' title="bbox 2130 1433 3710 1515">
     <span class='ocr_line' id='line_1_27' title="bbox 2130 1433 3710 1515; baseline -0.009 -16"><span class='ocrx_word' id='word_1_190' title='bbox 2130 1447 2332 1500; x_wconf 80' lang='grc' dir='ltr'><strong>πάντα·</strong></span> <span class='ocrx_word' id='word_1_191' title='bbox 2365 1444 2653 1515; x_wconf 76' lang='grc' dir='ltr'><strong>»ἀνόμοιον</strong></span> <span class='ocrx_word' id='word_1_192' title='bbox 2685 1442 2740 1495; x_wconf 83' lang='grc' dir='ltr'><strong>δὲ</strong></span> <span class='ocrx_word' id='word_1_193' title='bbox 2765 1441 2846 1507; x_wconf 81' lang='grc' dir='ltr'><strong>τὸ,</strong></span> <span class='ocrx_word' id='word_1_194' title='bbox 2871 1439 2942 1504; x_wconf 76' lang='grc' dir='ltr'><strong>ἐξ</strong></span> <span class='ocrx_word' id='word_1_195' title='bbox 2973 1434 3069 1505; x_wconf 85' lang='grc' dir='ltr'><strong>οὗ,</strong></span> <span class='ocrx_word' id='word_1_196' title='bbox 3099 1438 3196 1508; x_wconf 83' lang='grc' dir='ltr'><strong>τῷ,</strong></span> <span class='ocrx_word' id='word_1_197' title='bbox 3228 1437 3301 1490; x_wconf 84' lang='grc' dir='ltr'><strong>δι’</strong></span> <span class='ocrx_word' id='word_1_198' title='bbox 3335 1433 3432 1492; x_wconf 86' lang='grc' dir='ltr'><strong>οὗ·</strong></span> <span class='ocrx_word' id='word_1_199' title='bbox 3459 1435 3710 1505; x_wconf 86' lang='grc' dir='ltr'><strong>ἀνόμοιος</strong></span> 
     </span>
    </p>
   </div>
   <div class='ocr_carea' id='block_1_28' title="bbox 441 1526 2027 1617">
    <p class='ocr_par' dir='ltr' id='par_1_28' title="bbox 441 1541 2027 1617">
     <span class='ocr_line' id='line_1_28' title="bbox 441 1541 2027 1617; baseline -0.004 -15"><span class='ocrx_word' id='word_1_200' title='bbox 441 1545 830 1617; x_wconf 78' lang='lat' dir='ltr'><strong>interrogavit,</strong></span> <span class='ocrx_word' id='word_1_201' title='bbox 861 1552 1046 1602; x_wconf 89' lang='lat' dir='ltr'><strong>utrum</strong></span> <span class='ocrx_word' id='word_1_202' title='bbox 1098 1544 1217 1614; x_wconf 88' lang='lat' dir='ltr'><strong>ipse</strong></span> <span class='ocrx_word' id='word_1_203' title='bbox 1272 1544 1379 1598; x_wconf 86' lang='lat' dir='ltr'><strong>ista</strong></span> <span class='ocrx_word' id='word_1_204' title='bbox 1410 1544 1750 1616; x_wconf 80' lang='lat' dir='ltr'><strong>scripsisset.</strong></span> <span class='ocrx_word' id='word_1_205' title='bbox 1800 1541 2027 1614; x_wconf 79' lang='lat' dir='ltr'><strong>Negavit</strong></span> 
     </span>
    </p>
   </div>
   <div class='ocr_carea' id='block_1_29' title="bbox 2128 1526 3706 1617">
    <p class='ocr_par' dir='ltr' id='par_1_29' title="bbox 2128 1526 3706 1609">
     <span class='ocr_line' id='line_1_29' title="bbox 2128 1526 3706 1609; baseline -0.011 -15"><span class='ocrx_word' id='word_1_206' title='bbox 2128 1539 2236 1609; x_wconf 74' lang='grc' dir='ltr'><strong>ἄρα</strong></span> <span class='ocrx_word' id='word_1_207' title='bbox 2260 1539 2288 1590; x_wconf 92' lang='lat'><strong>6</strong></span> <span class='ocrx_word' id='word_1_208' title='bbox 2310 1535 2436 1599; x_wconf 76' lang='grc' dir='ltr'><strong>Υἰδς</strong></span> <span class='ocrx_word' id='word_1_209' title='bbox 2457 1535 2534 1606; x_wconf 84' lang='grc' dir='ltr'><strong>τῷ</strong></span> <span class='ocrx_word' id='word_1_210' title='bbox 2561 1532 2680 1604; x_wconf 85' lang='grc' dir='ltr'><strong>Θεῷ</strong></span> <span class='ocrx_word' id='word_1_211' title='bbox 2704 1533 2800 1587; x_wconf 82' lang='grc' dir='ltr'><strong>καὶ</strong></span> <span class='ocrx_word' id='word_1_212' title='bbox 2825 1530 3021 1602; x_wconf 84' lang='grc' dir='ltr'><strong>Πατρί.</strong></span> <span class='ocrx_word' id='word_1_213' title='bbox 3046 1529 3264 1600; x_wconf 87' lang='grc' dir='ltr'><strong>Ταύτην</strong></span> <span class='ocrx_word' id='word_1_214' title='bbox 3288 1526 3706 1596; x_wconf 78' lang='grc' dir='ltr'><strong>ἀναγνωσθῆναι</strong></span> 
     </span>
    </p>
   </div>
   <div class='ocr_carea' id='block_1_30' title="bbox 443 1618 2027 1710">
    <p class='ocr_par' dir='ltr' id='par_1_30' title="bbox 443 1633 2026 1710">
     <span class='ocr_line' id='line_1_30' title="bbox 443 1633 2026 1710; baseline -0.004 -17"><span class='ocrx_word' id='word_1_215' title='bbox 443 1638 717 1710; x_wconf 77' lang='lat' dir='ltr'><strong>extemplo</strong></span> <span class='ocrx_word' id='word_1_216' title='bbox 745 1645 798 1693; x_wconf 92' lang='lat' dir='ltr'><strong>et</strong></span> <span class='ocrx_word' id='word_1_217' title='bbox 824 1636 1041 1691; x_wconf 82' lang='lat' dir='ltr'><strong>Aetium</strong></span> <span class='ocrx_word' id='word_1_218' title='bbox 1066 1635 1358 1706; x_wconf 87' lang='lat' dir='ltr'><strong>scripsisse</strong></span> <span class='ocrx_word' id='word_1_219' title='bbox 1389 1633 1689 1706; x_wconf 87' lang='lat' dir='ltr'><strong>respondit.</strong></span> <span class='ocrx_word' id='word_1_220' title='bbox 1721 1634 1818 1688; x_wconf 88' lang='lat' dir='ltr'><strong>llic</strong></span> <span class='ocrx_word' id='word_1_221' title='bbox 1845 1643 2026 1689; x_wconf 90' lang='lat' dir='ltr'><strong>autem</strong></span> 
     </span>
    </p>
   </div>
   <div class='ocr_carea' id='block_1_31' title="bbox 2128 1618 3713 1710">
    <p class='ocr_par' dir='ltr' id='par_1_31' title="bbox 2128 1618 3713 1698">
     <span class='ocr_line' id='line_1_31' title="bbox 2128 1618 3713 1698; baseline -0.008 -15"><span class='ocrx_word' id='word_1_222' title='bbox 2128 1628 2394 1693; x_wconf 84' lang='grc' dir='ltr'><strong>κελεύσας</strong></span> <span class='ocrx_word' id='word_1_223' title='bbox 2435 1627 2534 1698; x_wconf 82' lang='grc' dir='ltr'><strong>τὴν</strong></span> <span class='ocrx_word' id='word_1_224' title='bbox 2577 1625 2792 1680; x_wconf 77' lang='grc' dir='ltr'><strong>ἔκθεσιν</strong></span> <span class='ocrx_word' id='word_1_225' title='bbox 2835 1626 2863 1678; x_wconf 90' lang='lat'><strong>6</strong></span> <span class='ocrx_word' id='word_1_226' title='bbox 2910 1622 3308 1685; x_wconf 87' lang='grc' dir='ltr'><strong>Κωνστάντιος,</strong></span> <span class='ocrx_word' id='word_1_227' title='bbox 3365 1619 3460 1674; x_wconf 74' lang='grc' dir='ltr'><strong>καὶ</strong></span> <span class='ocrx_word' id='word_1_228' title='bbox 3507 1618 3713 1690; x_wconf 70' lang='grc' dir='ltr'><strong>σφόδρα</strong></span> 
     </span>
    </p>
   </div>
   <div class='ocr_carea' id='block_1_32' title="bbox 442 1711 2027 1800">
    <p class='ocr_par' dir='ltr' id='par_1_32' title="bbox 442 1724 2027 1800">
     <span class='ocr_line' id='line_1_32' title="bbox 442 1724 2027 1800; baseline -0.004 -15"><span class='ocrx_word' id='word_1_229' title='bbox 442 1733 635 1787; x_wconf 91' lang='lat' dir='ltr'><strong>Aetius</strong></span> <span class='ocrx_word' id='word_1_230' title='bbox 676 1731 724 1786; x_wconf 89' lang='lat' dir='ltr'><strong>is</strong></span> <span class='ocrx_word' id='word_1_231' title='bbox 771 1737 909 1794; x_wconf 87' lang='lat' dir='ltr'><strong>erat,</strong></span> <span class='ocrx_word' id='word_1_232' title='bbox 950 1743 1114 1800; x_wconf 86' lang='lat' dir='ltr'><strong>quem</strong></span> <span class='ocrx_word' id='word_1_233' title='bbox 1171 1729 1300 1798; x_wconf 82' lang='lat' dir='ltr'><strong>olim</strong></span> <span class='ocrx_word' id='word_1_234' title='bbox 1351 1726 1633 1792; x_wconf 83' lang='lat' dir='ltr'><strong>Leontius,</strong></span> <span class='ocrx_word' id='word_1_235' title='bbox 1676 1724 1926 1779; x_wconf 85' lang='lat' dir='ltr'><strong>Flaviani</strong></span> <span class='ocrx_word' id='word_1_236' title='bbox 1974 1733 2027 1780; x_wconf 91' lang='lat' dir='ltr'><strong>et</strong></span> 
     </span>
    </p>
   </div>
   <div class='ocr_carea' id='block_1_33' title="bbox 2128 1711 3714 1800">
    <p class='ocr_par' dir='ltr' id='par_1_33' title="bbox 2128 1711 3714 1792">
     <span class='ocr_line' id='line_1_33' title="bbox 2128 1711 3714 1792; baseline -0.005 -19"><span class='ocrx_word' id='word_1_237' title='bbox 2128 1721 2440 1792; x_wconf 80' lang='grc' dir='ltr'><strong>χαλεπήνας</strong></span> <span class='ocrx_word' id='word_1_238' title='bbox 2463 1718 2601 1790; x_wconf 82' lang='grc' dir='ltr'><strong>πρὸς</strong></span> <span class='ocrx_word' id='word_1_239' title='bbox 2633 1716 2734 1787; x_wconf 81' lang='grc' dir='ltr'><strong>τὴν</strong></span> <span class='ocrx_word' id='word_1_240' title='bbox 2767 1714 3092 1785; x_wconf 81' lang='grc' dir='ltr'><strong>ὲγκειμένην</strong></span> <span class='ocrx_word' id='word_1_241' title='bbox 3123 1711 3396 1775; x_wconf 78' lang='grc' dir='ltr'><strong>ἀσέϐειαν,</strong></span> <span class='ocrx_word' id='word_1_242' title='bbox 3423 1713 3587 1782; x_wconf 71' lang='grc' dir='ltr'><strong>ἤρετο</strong></span> <span class='ocrx_word' id='word_1_243' title='bbox 3619 1712 3714 1765; x_wconf 81' lang='grc' dir='ltr'><strong>τὸν</strong></span> 
     </span>
    </p>
   </div>
   <div class='ocr_carea' id='block_1_34' title="bbox 445 1815 2018 1885">
    <p class='ocr_par' dir='ltr' id='par_1_34' title="bbox 445 1815 2018 1885">
     <span class='ocr_line' id='line_1_34' title="bbox 445 1815 2018 1885; baseline -0.004 -11"><span class='ocrx_word' id='word_1_244' title='bbox 445 1818 668 1874; x_wconf 89' lang='lat' dir='ltr'><strong>Diodori</strong></span> <span class='ocrx_word' id='word_1_245' title='bbox 717 1819 1105 1873; x_wconf 85' lang='lat' dir='ltr'><strong>accusationes</strong></span> <span class='ocrx_word' id='word_1_246' title='bbox 1125 1817 1358 1882; x_wconf 87' lang='lat' dir='ltr'><strong>veritus,</strong></span> <span class='ocrx_word' id='word_1_247' title='bbox 1396 1816 1694 1871; x_wconf 87' lang='lat' dir='ltr'><strong>diaconatu</strong></span> <span class='ocrx_word' id='word_1_248' title='bbox 1739 1815 2018 1885; x_wconf 82' lang='lat' dir='ltr'><strong>privarat;</strong></span> 
     </span>
    </p>
   </div>
   <div class='ocr_carea' id='block_1_35' title="bbox 445 1903 2022 1980">
    <p class='ocr_par' dir='ltr' id='par_1_35' title="bbox 445 1903 2022 1980">
     <span class='ocr_line' id='line_1_35' title="bbox 445 1903 2022 1980; baseline -0.005 -14"><span class='ocrx_word' id='word_1_249' title='bbox 445 1911 716 1980; x_wconf 77' lang='lat' dir='ltr'><strong>Georgius</strong></span> <span class='ocrx_word' id='word_1_250' title='bbox 770 1923 923 1971; x_wconf 89' lang='lat' dir='ltr'><strong>vero,</strong></span> <span class='ocrx_word' id='word_1_251' title='bbox 963 1906 1225 1962; x_wconf 73' lang='lat' dir='ltr'><strong>Ecclesiae</strong></span> <span class='ocrx_word' id='word_1_252' title='bbox 1265 1904 1650 1962; x_wconf 65' lang='lat' dir='ltr'><strong>Alexandrinae</strong></span> <span class='ocrx_word' id='word_1_253' title='bbox 1707 1903 2022 1968; x_wconf 88' lang='lat' dir='ltr'><strong>insidiator,</strong></span> 
     </span>
    </p>
   </div>
   <div class='ocr_carea' id='block_1_36' title="bbox 447 1993 2021 2069">
    <p class='ocr_par' dir='ltr' id='par_1_36' title="bbox 447 1993 2021 2069">
     <span class='ocr_line' id='line_1_36' title="bbox 447 1993 2021 2069; baseline -0.004 -15"><span class='ocrx_word' id='word_1_254' title='bbox 447 2001 742 2069; x_wconf 88' lang='lat' dir='ltr'><strong>impiorum</strong></span> <span class='ocrx_word' id='word_1_255' title='bbox 825 2011 1144 2052; x_wconf 89' lang='lat' dir='ltr'><strong>sermonum</strong></span> <span class='ocrx_word' id='word_1_256' title='bbox 1216 1993 1669 2064; x_wconf 80' lang='lat' dir='ltr'><strong>nefariorumquc</strong></span> <span class='ocrx_word' id='word_1_257' title='bbox 1721 2002 2021 2052; x_wconf 84' lang='lat' dir='ltr'><strong>conatuum</strong></span> 
     </span>
    </p>
   </div>
   <div class='ocr_carea' id='block_1_37' title="bbox 445 2084 2022 2156">
    <p class='ocr_par' dir='ltr' id='par_1_37' title="bbox 445 2084 2022 2156">
     <span class='ocr_line' id='line_1_37' title="bbox 445 2084 2022 2156; baseline -0.001 -16"><span class='ocrx_word' id='word_1_258' title='bbox 445 2087 750 2156; x_wconf 89' lang='lat' dir='ltr'><strong>adjutorem</strong></span> <span class='ocrx_word' id='word_1_259' title='bbox 792 2085 1058 2138; x_wconf 80' lang='lat' dir='ltr'><strong>habuerat</strong></span> <span class='ocrx_word' id='word_1_260' title='bbox 1110 2102 1124 2140; x_wconf 91' lang='lat'><strong>:</strong></span> <span class='ocrx_word' id='word_1_261' title='bbox 1177 2096 1308 2139; x_wconf 88' lang='lat' dir='ltr'><strong>tunc</strong></span> <span class='ocrx_word' id='word_1_262' title='bbox 1352 2099 1484 2140; x_wconf 83' lang='lat' dir='ltr'><strong>vero</strong></span> <span class='ocrx_word' id='word_1_263' title='bbox 1524 2085 1666 2154; x_wconf 88' lang='lat' dir='ltr'><strong>apud</strong></span> <span class='ocrx_word' id='word_1_264' title='bbox 1719 2084 2022 2140; x_wconf 76' lang='lat' dir='ltr'><strong>Eudoxium</strong></span> 
     </span>
    </p>
   </div>
   <div class='ocr_carea' id='block_1_38' title="bbox 441 2172 2025 2246">
    <p class='ocr_par' dir='ltr' id='par_1_38' title="bbox 441 2172 2025 2246">
     <span class='ocr_line' id='line_1_38' title="bbox 441 2172 2025 2246; baseline 0 -16"><span class='ocrx_word' id='word_1_265' title='bbox 441 2176 675 2246; x_wconf 81' lang='lat' dir='ltr'><strong>degebat</strong></span> <span class='ocrx_word' id='word_1_266' title='bbox 707 2189 813 2228; x_wconf 89' lang='lat' dir='ltr'><strong>una</strong></span> <span class='ocrx_word' id='word_1_267' title='bbox 841 2188 967 2228; x_wconf 90' lang='lat' dir='ltr'><strong>cum</strong></span> <span class='ocrx_word' id='word_1_268' title='bbox 994 2172 1282 2229; x_wconf 86' lang='lat' dir='ltr'><strong>Eunomio.</strong></span> <span class='ocrx_word' id='word_1_269' title='bbox 1308 2172 1528 2232; x_wconf 86' lang='lat' dir='ltr'><strong>Mortuo</strong></span> <span class='ocrx_word' id='word_1_270' title='bbox 1557 2174 1831 2246; x_wconf 80' lang='lat' dir='ltr'><strong>siquidem</strong></span> <span class='ocrx_word' id='word_1_271' title='bbox 1857 2174 2025 2230; x_wconf 85' lang='lat' dir='ltr'><strong>Leon-</strong></span> 
     </span>
    </p>
   </div>
   <div class='ocr_carea' id='block_1_39' title="bbox 445 2249 2025 2333">
    <p class='ocr_par' dir='ltr' id='par_1_39' title="bbox 445 2249 2025 2333">
     <span class='ocr_line' id='line_1_39' title="bbox 445 2249 2025 2333; baseline -0.001 -11"><span class='ocrx_word' id='word_1_272' title='bbox 445 2269 546 2333; x_wconf 88' lang='lat' dir='ltr'><strong>tio,</strong></span> <span class='ocrx_word' id='word_1_273' title='bbox 599 2282 724 2323; x_wconf 91' lang='lat' dir='ltr'><strong>cum</strong></span> <span class='ocrx_word' id='word_1_274' title='bbox 772 2267 1170 2321; x_wconf 78' lang='lat' dir='ltr'><strong>Antiochenam</strong></span> <span class='ocrx_word' id='word_1_275' title='bbox 1211 2265 1513 2322; x_wconf 89' lang='lat' dir='ltr'><strong>Ecclesiam</strong></span> <span class='ocrx_word' id='word_1_276' title='bbox 1567 2267 1859 2324; x_wconf 82' lang='lat' dir='ltr'><strong>invasisset</strong></span> <span class='ocrx_word' id='word_1_277' title='bbox 1917 2249 2025 2322; x_wconf 78' lang='lat' dir='ltr'><strong>Eu-</strong></span> 
     </span>
    </p>
   </div>
   <div class='ocr_carea' id='block_1_40' title="bbox 442 2356 2022 2428">
    <p class='ocr_par' dir='ltr' id='par_1_40' title="bbox 442 2356 2022 2428">
     <span class='ocr_line' id='line_1_40' title="bbox 442 2356 2022 2428; baseline -0.001 -12"><span class='ocrx_word' id='word_1_278' title='bbox 442 2359 662 2423; x_wconf 80' lang='lat' dir='ltr'><strong>doxius,</strong></span> <span class='ocrx_word' id='word_1_279' title='bbox 689 2358 851 2413; x_wconf 89' lang='lat' dir='ltr'><strong>rediit</strong></span> <span class='ocrx_word' id='word_1_280' title='bbox 876 2357 965 2414; x_wconf 89' lang='lat' dir='ltr'><strong>ille</strong></span> <span class='ocrx_word' id='word_1_281' title='bbox 997 2357 1064 2412; x_wconf 90' lang='lat' dir='ltr'><strong>ab</strong></span> <span class='ocrx_word' id='word_1_282' title='bbox 1095 2356 1351 2428; x_wconf 67' lang='lat' dir='ltr'><strong>Egypto,</strong></span> <span class='ocrx_word' id='word_1_283' title='bbox 1391 2373 1579 2415; x_wconf 87' lang='lat' dir='ltr'><strong>secum</strong></span> <span class='ocrx_word' id='word_1_284' title='bbox 1599 2360 1810 2415; x_wconf 89' lang='lat' dir='ltr'><strong>ducens</strong></span> <span class='ocrx_word' id='word_1_285' title='bbox 1840 2359 2022 2414; x_wconf 84' lang='lat' dir='ltr'><strong>Euno-</strong></span> 
     </span>
    </p>
   </div>
   <div class='ocr_carea' id='block_1_41' title="bbox 443 2450 2022 2522">
    <p class='ocr_par' dir='ltr' id='par_1_41' title="bbox 443 2450 2022 2522">
     <span class='ocr_line' id='line_1_41' title="bbox 443 2450 2022 2522; baseline -0.001 -15"><span class='ocrx_word' id='word_1_286' title='bbox 443 2452 640 2520; x_wconf 88' lang='lat' dir='ltr'><strong>mium,</strong></span> <span class='ocrx_word' id='word_1_287' title='bbox 671 2458 726 2507; x_wconf 86' lang='lat' dir='ltr'><strong>et</strong></span> <span class='ocrx_word' id='word_1_288' title='bbox 757 2450 1049 2508; x_wconf 63' lang='lat' dir='ltr'><strong>sententia</strong></span> <span class='ocrx_word' id='word_1_289' title='bbox 1091 2465 1204 2508; x_wconf 67' lang='lat' dir='ltr'><strong>suae</strong></span> <span class='ocrx_word' id='word_1_290' title='bbox 1263 2457 1660 2522; x_wconf 78' lang='lat' dir='ltr'><strong>congruentem</strong></span> <span class='ocrx_word' id='word_1_291' title='bbox 1703 2458 1868 2521; x_wconf 86' lang='lat' dir='ltr'><strong>atque</strong></span> <span class='ocrx_word' id='word_1_292' title='bbox 1915 2466 2022 2506; x_wconf 90' lang='lat' dir='ltr'><strong>una</strong></span> 
     </span>
    </p>
   </div>
   <div class='ocr_carea' id='block_1_42' title="bbox 444 2539 2026 2614">
    <p class='ocr_par' dir='ltr' id='par_1_42' title="bbox 444 2539 2026 2614">
     <span class='ocr_line' id='line_1_42' title="bbox 444 2539 2026 2614; baseline -0.003 -14"><span class='ocrx_word' id='word_1_293' title='bbox 444 2559 572 2600; x_wconf 89' lang='lat' dir='ltr'><strong>cum</strong></span> <span class='ocrx_word' id='word_1_294' title='bbox 630 2542 907 2612; x_wconf 74' lang='lat' dir='ltr'><strong>impietate</strong></span> <span class='ocrx_word' id='word_1_295' title='bbox 990 2539 1309 2614; x_wconf 85' lang='lat' dir='ltr'><strong>Sybariticis</strong></span> <span class='ocrx_word' id='word_1_296' title='bbox 1375 2541 1587 2598; x_wconf 85' lang='lat' dir='ltr'><strong>deliciis</strong></span> <span class='ocrx_word' id='word_1_297' title='bbox 1649 2541 2026 2614; x_wconf 74' lang='lat' dir='ltr'><strong>indulgentem</strong></span> 
     </span>
    </p>
   </div>
   <div class='ocr_carea' id='block_1_43' title="bbox 443 2634 2022 2700">
    <p class='ocr_par' dir='ltr' id='par_1_43' title="bbox 443 2634 2022 2700">
     <span class='ocr_line' id='line_1_43' title="bbox 443 2634 2022 2700; baseline -0.003 -6"><span class='ocrx_word' id='word_1_298' title='bbox 443 2653 678 2694; x_wconf 89' lang='lat' dir='ltr'><strong>cernens</strong></span> <span class='ocrx_word' id='word_1_299' title='bbox 707 2635 1038 2700; x_wconf 80' lang='lat' dir='ltr'><strong>Eudoxium,</strong></span> <span class='ocrx_word' id='word_1_300' title='bbox 1058 2635 1459 2690; x_wconf 84' lang='lat' dir='ltr'><strong>Antiochenam</strong></span> <span class='ocrx_word' id='word_1_301' title='bbox 1489 2634 1881 2689; x_wconf 85' lang='lat' dir='ltr'><strong>habitationem</strong></span> <span class='ocrx_word' id='word_1_302' title='bbox 1911 2647 2022 2690; x_wconf 81' lang='lat' dir='ltr'><strong>cae-</strong></span> 
     </span>
    </p>
   </div>
   <div class='ocr_carea' id='block_1_44' title="bbox 447 2725 2024 2802">
    <p class='ocr_par' dir='ltr' id='par_1_44' title="bbox 447 2725 2024 2802">
     <span class='ocr_line' id='line_1_44' title="bbox 447 2725 2024 2802; baseline -0.003 -18"><span class='ocrx_word' id='word_1_303' title='bbox 447 2731 580 2786; x_wconf 91' lang='lat' dir='ltr'><strong>teris</strong></span> <span class='ocrx_word' id='word_1_304' title='bbox 608 2727 948 2802; x_wconf 81' lang='lat' dir='ltr'><strong>anteposuit,</strong></span> <span class='ocrx_word' id='word_1_305' title='bbox 997 2726 1184 2798; x_wconf 86' lang='lat' dir='ltr'><strong>ibique</strong></span> <span class='ocrx_word' id='word_1_306' title='bbox 1216 2741 1342 2782; x_wconf 86' lang='lat' dir='ltr'><strong>cum</strong></span> <span class='ocrx_word' id='word_1_307' title='bbox 1379 2725 1648 2781; x_wconf 80' lang='lat' dir='ltr'><strong>Eunomia</strong></span> <span class='ocrx_word' id='word_1_308' title='bbox 1680 2725 1828 2780; x_wconf 90' lang='lat' dir='ltr'><strong>illius</strong></span> <span class='ocrx_word' id='word_1_309' title='bbox 1860 2725 2024 2781; x_wconf 87' lang='lat' dir='ltr'><strong>stiba-</strong></span> 
     </span>
    </p>
   </div>
   <div class='ocr_carea' id='block_1_45' title="bbox 445 2817 2020 2887">
    <p class='ocr_par' dir='ltr' id='par_1_45' title="bbox 445 2817 2020 2887">
     <span class='ocr_line' id='line_1_45' title="bbox 445 2817 2020 2887; baseline -0.004 -10"><span class='ocrx_word' id='word_1_310' title='bbox 445 2821 554 2878; x_wconf 88' lang='lat' dir='ltr'><strong>diis</strong></span> <span class='ocrx_word' id='word_1_311' title='bbox 589 2821 788 2876; x_wconf 78' lang='lat' dir='ltr'><strong>afﬁxus</strong></span> <span class='ocrx_word' id='word_1_312' title='bbox 819 2828 924 2875; x_wconf 92' lang='lat' dir='ltr'><strong>est.</strong></span> <span class='ocrx_word' id='word_1_313' title='bbox 959 2818 1136 2874; x_wconf 83' lang='lat' dir='ltr'><strong>Vitam</strong></span> <span class='ocrx_word' id='word_1_314' title='bbox 1179 2818 1326 2874; x_wconf 88' lang='lat' dir='ltr'><strong>enim</strong></span> <span class='ocrx_word' id='word_1_315' title='bbox 1367 2817 1602 2874; x_wconf 87' lang='lat' dir='ltr'><strong>ducebat</strong></span> <span class='ocrx_word' id='word_1_316' title='bbox 1640 2817 2020 2887; x_wconf 77' lang='lat' dir='ltr'><strong>parasitieam,</strong></span> 
     </span>
    </p>
   </div>
   <div class='ocr_carea' id='block_1_46' title="bbox 445 2899 2054 2979">
    <p class='ocr_par' dir='ltr' id='par_1_46' title="bbox 445 2899 2054 2979">
     <span class='ocr_line' id='line_1_46' title="bbox 445 2899 2054 2979; baseline -0.002 -11"><span class='ocrx_word' id='word_1_317' title='bbox 445 2926 499 2969; x_wconf 88' lang='lat' dir='ltr'><strong>et</strong></span> <span class='ocrx_word' id='word_1_318' title='bbox 525 2915 686 2970; x_wconf 88' lang='lat' dir='ltr'><strong>modo</strong></span> <span class='ocrx_word' id='word_1_319' title='bbox 713 2915 781 2967; x_wconf 91' lang='lat' dir='ltr'><strong>ad</strong></span> <span class='ocrx_word' id='word_1_320' title='bbox 819 2914 990 2979; x_wconf 89' lang='lat' dir='ltr'><strong>hunc,</strong></span> <span class='ocrx_word' id='word_1_321' title='bbox 1029 2911 1190 2967; x_wconf 88' lang='lat' dir='ltr'><strong>modo</strong></span> <span class='ocrx_word' id='word_1_322' title='bbox 1229 2911 1300 2966; x_wconf 87' lang='lat' dir='ltr'><strong>ad</strong></span> <span class='ocrx_word' id='word_1_323' title='bbox 1358 2911 1516 2965; x_wconf 88' lang='lat' dir='ltr'><strong>illum</strong></span> <span class='ocrx_word' id='word_1_324' title='bbox 1565 2910 1771 2968; x_wconf 80' lang='lat' dir='ltr'><strong>ventris</strong></span> <span class='ocrx_word' id='word_1_325' title='bbox 1800 2918 1818 2934; x_wconf 86' lang='lat'><strong><em>‘</em></strong></span> <span class='ocrx_word' id='word_1_326' title='bbox 1854 2899 2054 2966; x_wconf 32' lang='lat' dir='ltr'><strong>eausa-</strong></span> 
     </span>
    </p>
   </div>
   <div class='ocr_carea' id='block_1_47' title="bbox 445 2994 2022 3074">
    <p class='ocr_par' dir='ltr' id='par_1_47' title="bbox 445 2994 2022 3074">
     <span class='ocr_line' id='line_1_47' title="bbox 445 2994 2022 3074; baseline -0.003 -10"><span class='ocrx_word' id='word_1_327' title='bbox 445 3007 584 3064; x_wconf 81' lang='lat' dir='ltr'><strong>itare</strong></span> <span class='ocrx_word' id='word_1_328' title='bbox 616 3011 998 3061; x_wconf 84' lang='lat' dir='ltr'><strong>consueverat.</strong></span> <span class='ocrx_word' id='word_1_329' title='bbox 1027 2994 1246 3070; x_wconf 73' lang='lat' dir='ltr'><strong>Quibus</strong></span> <span class='ocrx_word' id='word_1_330' title='bbox 1265 3003 1470 3058; x_wconf 88' lang='lat' dir='ltr'><strong>auditis</strong></span> <span class='ocrx_word' id='word_1_331' title='bbox 1517 3002 1816 3074; x_wconf 84' lang='lat' dir='ltr'><strong>imperator</strong></span> <span class='ocrx_word' id='word_1_332' title='bbox 1848 3003 2022 3060; x_wconf 86' lang='lat' dir='ltr'><strong>intro-</strong></span> 
     </span>
    </p>
   </div>
   <div class='ocr_carea' id='block_1_48' title="bbox 445 3067 2094 3165">
    <p class='ocr_par' dir='ltr' id='par_1_48' title="bbox 445 3067 2094 3165">
     <span class='ocr_line' id='line_1_48' title="bbox 445 3067 2094 3165; baseline -0.003 -14"><span class='ocrx_word' id='word_1_333' title='bbox 445 3098 573 3152; x_wconf 89' lang='lat' dir='ltr'><strong>duci</strong></span> <span class='ocrx_word' id='word_1_334' title='bbox 620 3096 788 3165; x_wconf 88' lang='lat' dir='ltr'><strong>jussit</strong></span> <span class='ocrx_word' id='word_1_335' title='bbox 827 3067 1069 3157; x_wconf 73' lang='lat' dir='ltr'><strong>Aetium,</strong></span> <span class='ocrx_word' id='word_1_336' title='bbox 1111 3100 1166 3148; x_wconf 91' lang='lat' dir='ltr'><strong>et</strong></span> <span class='ocrx_word' id='word_1_337' title='bbox 1227 3093 1477 3164; x_wconf 86' lang='lat' dir='ltr'><strong>ingresso</strong></span> <span class='ocrx_word' id='word_1_338' title='bbox 1518 3067 1816 3148; x_wconf 68' lang='lat' dir='ltr'><strong>formulam</strong></span> <span class='ocrx_word' id='word_1_339' title='bbox 1874 3093 2023 3148; x_wconf 85' lang='lat' dir='ltr'><strong>illam</strong></span> <span class='ocrx_word' id='word_1_340' title='bbox 2049 3067 2094 3126; x_wconf 60' lang='grc' dir='ltr'><strong>(ἶ</strong></span> 
     </span>
    </p>
   </div>
   <div class='ocr_carea' id='block_1_49' title="bbox 447 3185 2023 3258">
    <p class='ocr_par' dir='ltr' id='par_1_49' title="bbox 447 3185 2023 3258">
     <span class='ocr_line' id='line_1_49' title="bbox 447 3185 2023 3258; baseline -0.001 -16"><span class='ocrx_word' id='word_1_341' title='bbox 447 3187 712 3252; x_wconf 84' lang='lat' dir='ltr'><strong>ostendit,</strong></span> <span class='ocrx_word' id='word_1_342' title='bbox 754 3185 1081 3258; x_wconf 74' lang='lat' dir='ltr'><strong>rogavitque</strong></span> <span class='ocrx_word' id='word_1_343' title='bbox 1111 3199 1180 3239; x_wconf 90' lang='lat' dir='ltr'><strong>an</strong></span> <span class='ocrx_word' id='word_1_344' title='bbox 1209 3185 1358 3241; x_wconf 91' lang='lat' dir='ltr'><strong>illius</strong></span> <span class='ocrx_word' id='word_1_345' title='bbox 1383 3192 1581 3240; x_wconf 88' lang='lat' dir='ltr'><strong>auctor</strong></span> <span class='ocrx_word' id='word_1_346' title='bbox 1609 3193 1779 3242; x_wconf 87' lang='lat' dir='ltr'><strong>esset.</strong></span> <span class='ocrx_word' id='word_1_347' title='bbox 1811 3186 1877 3240; x_wconf 88' lang='lat' dir='ltr'><strong>At</strong></span> <span class='ocrx_word' id='word_1_348' title='bbox 1911 3186 2023 3252; x_wconf 88' lang='lat' dir='ltr'><strong>ille,</strong></span> 
     </span>
    </p>
   </div>
   <div class='ocr_carea' id='block_1_50' title="bbox 447 3275 2025 3350">
    <p class='ocr_par' dir='ltr' id='par_1_50' title="bbox 447 3275 2025 3350">
     <span class='ocr_line' id='line_1_50' title="bbox 447 3275 2025 3350; baseline -0.003 -16"><span class='ocrx_word' id='word_1_349' title='bbox 447 3294 633 3335; x_wconf 88' lang='lat' dir='ltr'><strong>rerum</strong></span> <span class='ocrx_word' id='word_1_350' title='bbox 683 3285 958 3350; x_wconf 84' lang='lat' dir='ltr'><strong>gestarum</strong></span> <span class='ocrx_word' id='word_1_351' title='bbox 991 3283 1046 3330; x_wconf 88' lang='lat' dir='ltr'><strong>et</strong></span> <span class='ocrx_word' id='word_1_352' title='bbox 1088 3291 1352 3344; x_wconf 82' lang='lat' dir='ltr'><strong>quorsum</strong></span> <span class='ocrx_word' id='word_1_353' title='bbox 1393 3275 1827 3346; x_wconf 76' lang='lat' dir='ltr'><strong>interrogaretur</strong></span> <span class='ocrx_word' id='word_1_354' title='bbox 1868 3291 2025 3346; x_wconf 85' lang='lat' dir='ltr'><strong>pror-</strong></span> 
     </span>
    </p>
   </div>
   <div class='ocr_carea' id='block_1_51' title="bbox 447 3365 2026 3441">
    <p class='ocr_par' dir='ltr' id='par_1_51' title="bbox 447 3365 2026 3441">
     <span class='ocr_line' id='line_1_51' title="bbox 447 3365 2026 3441; baseline -0.003 -15"><span class='ocrx_word' id='word_1_355' title='bbox 447 3387 544 3426; x_wconf 85' lang='lat' dir='ltr'><strong>sus</strong></span> <span class='ocrx_word' id='word_1_356' title='bbox 572 3371 820 3441; x_wconf 87' lang='lat' dir='ltr'><strong>iguarus,</strong></span> <span class='ocrx_word' id='word_1_357' title='bbox 860 3367 1188 3438; x_wconf 85' lang='lat' dir='ltr'><strong>laudemque</strong></span> <span class='ocrx_word' id='word_1_358' title='bbox 1209 3366 1374 3440; x_wconf 81' lang='lat'><strong>897</strong></span> <span class='ocrx_word' id='word_1_359' title='bbox 1419 3383 1484 3422; x_wconf 79' lang='lat' dir='ltr'><strong>ex</strong></span> <span class='ocrx_word' id='word_1_360' title='bbox 1520 3365 1870 3422; x_wconf 80' lang='lat' dir='ltr'><strong>confessione</strong></span> <span class='ocrx_word' id='word_1_361' title='bbox 1897 3368 2026 3422; x_wconf 77' lang='lat' dir='ltr'><strong>ade-</strong></span> 
     </span>
    </p>
   </div>
   <div class='ocr_carea' id='block_1_52' title="bbox 446 3458 2027 3532">
    <p class='ocr_par' dir='ltr' id='par_1_52' title="bbox 446 3458 2027 3532">
     <span class='ocr_line' id='line_1_52' title="bbox 446 3458 2027 3532; baseline 0 -16"><span class='ocrx_word' id='word_1_362' title='bbox 446 3473 668 3532; x_wconf 86' lang='lat' dir='ltr'><strong>pturum</strong></span> <span class='ocrx_word' id='word_1_363' title='bbox 687 3476 745 3517; x_wconf 86' lang='lat' dir='ltr'><strong>se</strong></span> <span class='ocrx_word' id='word_1_364' title='bbox 772 3470 947 3526; x_wconf 88' lang='lat' dir='ltr'><strong>ratus,</strong></span> <span class='ocrx_word' id='word_1_365' title='bbox 969 3459 1162 3530; x_wconf 88' lang='lat' dir='ltr'><strong>scripti</strong></span> <span class='ocrx_word' id='word_1_366' title='bbox 1183 3459 1332 3514; x_wconf 92' lang='lat' dir='ltr'><strong>illius</strong></span> <span class='ocrx_word' id='word_1_367' title='bbox 1357 3466 1639 3512; x_wconf 89' lang='lat' dir='ltr'><strong>auctorem</strong></span> <span class='ocrx_word' id='word_1_368' title='bbox 1667 3473 1726 3514; x_wconf 80' lang='lat' dir='ltr'><strong>se</strong></span> <span class='ocrx_word' id='word_1_369' title='bbox 1744 3458 2027 3528; x_wconf 79' lang='lat' dir='ltr'><strong>professus</strong></span> 
     </span>
    </p>
   </div>
   <div class='ocr_carea' id='block_1_53' title="bbox 447 3549 2031 3623">
    <p class='ocr_par' dir='ltr' id='par_1_53' title="bbox 447 3549 2031 3623">
     <span class='ocr_line' id='line_1_53' title="bbox 447 3549 2031 3623; baseline -0.002 -15"><span class='ocrx_word' id='word_1_370' title='bbox 447 3562 551 3608; x_wconf 87' lang='lat' dir='ltr'><strong>cst.</strong></span> <span class='ocrx_word' id='word_1_371' title='bbox 599 3551 738 3608; x_wconf 89' lang='lat' dir='ltr'><strong>Tum</strong></span> <span class='ocrx_word' id='word_1_372' title='bbox 789 3552 1111 3623; x_wconf 87' lang='lat' dir='ltr'><strong>imperator,</strong></span> <span class='ocrx_word' id='word_1_373' title='bbox 1158 3549 1460 3620; x_wconf 85' lang='lat' dir='ltr'><strong>impietatis</strong></span> <span class='ocrx_word' id='word_1_374' title='bbox 1500 3558 1784 3621; x_wconf 85' lang='lat' dir='ltr'><strong>perspecta</strong></span> <span class='ocrx_word' id='word_1_375' title='bbox 1819 3551 2031 3619; x_wconf 79' lang='lat' dir='ltr'><strong>magni-</strong></span> 
     </span>
    </p>
   </div>
   <div class='ocr_carea' id='block_1_54' title="bbox 449 3636 2027 3708">
    <p class='ocr_par' dir='ltr' id='par_1_54' title="bbox 449 3636 2027 3708">
     <span class='ocr_line' id='line_1_54' title="bbox 449 3636 2027 3708; baseline -0.003 -12"><span class='ocrx_word' id='word_1_376' title='bbox 449 3642 663 3707; x_wconf 87' lang='lat' dir='ltr'><strong>tudine,</strong></span> <span class='ocrx_word' id='word_1_377' title='bbox 697 3641 953 3696; x_wconf 78' lang='lat' dir='ltr'><strong>exsulare</strong></span> <span class='ocrx_word' id='word_1_378' title='bbox 985 3656 1108 3693; x_wconf 80' lang='lat' dir='ltr'><strong>mox</strong></span> <span class='ocrx_word' id='word_1_379' title='bbox 1133 3639 1311 3702; x_wconf 93' lang='lat' dir='ltr'><strong>illum,</strong></span> <span class='ocrx_word' id='word_1_380' title='bbox 1342 3644 1396 3692; x_wconf 90' lang='lat' dir='ltr'><strong>et</strong></span> <span class='ocrx_word' id='word_1_381' title='bbox 1431 3637 1484 3690; x_wconf 89' lang='lat' dir='ltr'><strong>in</strong></span> <span class='ocrx_word' id='word_1_382' title='bbox 1528 3637 1706 3691; x_wconf 91' lang='lat' dir='ltr'><strong>locum</strong></span> <span class='ocrx_word' id='word_1_383' title='bbox 1734 3636 2027 3708; x_wconf 86' lang='lat' dir='ltr'><strong>quemdam</strong></span> 
     </span>
    </p>
   </div>
   <div class='ocr_carea' id='block_1_55' title="bbox 453 3727 2029 3803">
    <p class='ocr_par' dir='ltr' id='par_1_55' title="bbox 453 3727 2029 3803">
     <span class='ocr_line' id='line_1_55' title="bbox 453 3727 2029 3803; baseline -0.001 -16"><span class='ocrx_word' id='word_1_384' title='bbox 453 3733 700 3803; x_wconf 78' lang='lat' dir='ltr'><strong>Phrygiae</strong></span> <span class='ocrx_word' id='word_1_385' title='bbox 735 3731 1015 3800; x_wconf 88' lang='lat' dir='ltr'><strong>deportari</strong></span> <span class='ocrx_word' id='word_1_386' title='bbox 1054 3730 1244 3800; x_wconf 88' lang='lat' dir='ltr'><strong>jussit.</strong></span> <span class='ocrx_word' id='word_1_387' title='bbox 1276 3728 1366 3783; x_wconf 89' lang='lat' dir='ltr'><strong>Sic</strong></span> <span class='ocrx_word' id='word_1_388' title='bbox 1390 3727 1480 3783; x_wconf 87' lang='lat' dir='ltr'><strong>ille</strong></span> <span class='ocrx_word' id='word_1_389' title='bbox 1505 3729 1730 3800; x_wconf 89' lang='lat' dir='ltr'><strong>palatio,</strong></span> <span class='ocrx_word' id='word_1_390' title='bbox 1765 3729 2029 3799; x_wconf 84' lang='lat' dir='ltr'><strong>blasphe-</strong></span> 
     </span>
    </p>
   </div>
   <div class='ocr_carea' id='block_1_56' title="bbox 454 3819 2028 3885">
    <p class='ocr_par' dir='ltr' id='par_1_56' title="bbox 454 3819 2028 3885">
     <span class='ocr_line' id='line_1_56' title="bbox 454 3819 2028 3885; baseline -0.001 -8"><span class='ocrx_word' id='word_1_391' title='bbox 454 3825 574 3878; x_wconf 77' lang='lat' dir='ltr'><strong>miae</strong></span> <span class='ocrx_word' id='word_1_392' title='bbox 613 3822 856 3878; x_wconf 80' lang='lat' dir='ltr'><strong>fructum</strong></span> <span class='ocrx_word' id='word_1_393' title='bbox 887 3822 1137 3879; x_wconf 77' lang='lat' dir='ltr'><strong>referens</strong></span> <span class='ocrx_word' id='word_1_394' title='bbox 1186 3819 1498 3885; x_wconf 80' lang='lat' dir='ltr'><strong>infamiam,</strong></span> <span class='ocrx_word' id='word_1_395' title='bbox 1549 3820 1877 3876; x_wconf 89' lang='lat' dir='ltr'><strong>deturbatus</strong></span> <span class='ocrx_word' id='word_1_396' title='bbox 1917 3829 2028 3876; x_wconf 83' lang='lat' dir='ltr'><strong>est.</strong></span> 
     </span>
    </p>
   </div>
   <div class='ocr_carea' id='block_1_57' title="bbox 455 3913 2028 3970">
    <p class='ocr_par' dir='ltr' id='par_1_57' title="bbox 455 3913 2028 3970">
     <span class='ocr_line' id='line_1_57' title="bbox 455 3913 2028 3970; baseline 0.001 -3"><span class='ocrx_word' id='word_1_397' title='bbox 455 3913 774 3969; x_wconf 78' lang='lat' dir='ltr'><strong>Eustathius</strong></span> <span class='ocrx_word' id='word_1_398' title='bbox 829 3930 960 3969; x_wconf 84' lang='lat' dir='ltr'><strong>vero</strong></span> <span class='ocrx_word' id='word_1_399' title='bbox 1031 3913 1085 3968; x_wconf 92' lang='lat' dir='ltr'><strong>in</strong></span> <span class='ocrx_word' id='word_1_400' title='bbox 1139 3913 1330 3969; x_wconf 87' lang='lat' dir='ltr'><strong>eadem</strong></span> <span class='ocrx_word' id='word_1_401' title='bbox 1382 3913 1655 3970; x_wconf 89' lang='lat' dir='ltr'><strong>sententia</strong></span> <span class='ocrx_word' id='word_1_402' title='bbox 1720 3914 2028 3968; x_wconf 79' lang='lat' dir='ltr'><strong>Eudoxium</strong></span> 
     </span>
    </p>
   </div>
   <div class='ocr_carea' id='block_1_58' title="bbox 449 3999 2025 4072">
    <p class='ocr_par' dir='ltr' id='par_1_58' title="bbox 449 3999 2025 4072">
     <span class='ocr_line' id='line_1_58' title="bbox 449 3999 2025 4072; baseline -0.001 -13"><span class='ocrx_word' id='word_1_403' title='bbox 449 4005 612 4060; x_wconf 88' lang='lat' dir='ltr'><strong>etiam</strong></span> <span class='ocrx_word' id='word_1_404' title='bbox 648 3999 775 4060; x_wconf 82' lang='lat' dir='ltr'><strong>esse</strong></span> <span class='ocrx_word' id='word_1_405' title='bbox 797 4003 1137 4072; x_wconf 84' lang='lat' dir='ltr'><strong>allirmabat;</strong></span> <span class='ocrx_word' id='word_1_406' title='bbox 1167 4004 1382 4060; x_wconf 86' lang='lat' dir='ltr'><strong>Aetium</strong></span> <span class='ocrx_word' id='word_1_407' title='bbox 1414 4004 1558 4058; x_wconf 90' lang='lat' dir='ltr'><strong>enim</strong></span> <span class='ocrx_word' id='word_1_408' title='bbox 1583 4003 1704 4072; x_wconf 85' lang='lat' dir='ltr'><strong>ejus</strong></span> <span class='ocrx_word' id='word_1_409' title='bbox 1732 4005 2025 4060; x_wconf 86' lang='lat' dir='ltr'><strong>contuber-</strong></span> 
     </span>
    </p>
   </div>
   <div class='ocr_carea' id='block_1_59' title="bbox 450 4095 2030 4168">
    <p class='ocr_par' dir='ltr' id='par_1_59' title="bbox 450 4095 2030 4168">
     <span class='ocr_line' id='line_1_59' title="bbox 450 4095 2030 4168; baseline 0.003 -20"><span class='ocrx_word' id='word_1_410' title='bbox 450 4097 630 4152; x_wconf 87' lang='lat' dir='ltr'><strong>nalem</strong></span> <span class='ocrx_word' id='word_1_411' title='bbox 675 4104 729 4152; x_wconf 91' lang='lat' dir='ltr'><strong>et</strong></span> <span class='ocrx_word' id='word_1_412' title='bbox 775 4097 1064 4151; x_wconf 79' lang='lat' dir='ltr'><strong>convivam</strong></span> <span class='ocrx_word' id='word_1_413' title='bbox 1120 4095 1318 4162; x_wconf 80' lang='lat' dir='ltr'><strong>fuisse,</strong></span> <span class='ocrx_word' id='word_1_414' title='bbox 1357 4097 1591 4168; x_wconf 85' lang='lat' dir='ltr'><strong>ejusque</strong></span> <span class='ocrx_word' id='word_1_415' title='bbox 1644 4095 1916 4151; x_wconf 83' lang='lat' dir='ltr'><strong>voluntati</strong></span> <span class='ocrx_word' id='word_1_416' title='bbox 1968 4103 2030 4152; x_wconf 87' lang='lat' dir='ltr'><strong>ut</strong></span> 
     </span>
    </p>
   </div>
   <div class='ocr_carea' id='block_1_60' title="bbox 448 4186 2028 4260">
    <p class='ocr_par' dir='ltr' id='par_1_60' title="bbox 448 4186 2028 4260">
     <span class='ocr_line' id='line_1_60' title="bbox 448 4186 2028 4260; baseline 0.001 -18"><span class='ocrx_word' id='word_1_417' title='bbox 448 4187 681 4243; x_wconf 84' lang='lat' dir='ltr'><strong>serviret</strong></span> <span class='ocrx_word' id='word_1_418' title='bbox 713 4186 1107 4257; x_wconf 83' lang='lat' dir='ltr'><strong>blasphemiam</strong></span> <span class='ocrx_word' id='word_1_419' title='bbox 1141 4187 1288 4241; x_wconf 82' lang='lat' dir='ltr'><strong>illam</strong></span> <span class='ocrx_word' id='word_1_420' title='bbox 1325 4188 1665 4244; x_wconf 88' lang='lat' dir='ltr'><strong>condidisse.</strong></span> <span class='ocrx_word' id='word_1_421' title='bbox 1699 4188 1873 4260; x_wconf 87' lang='lat' dir='ltr'><strong>Atque</strong></span> <span class='ocrx_word' id='word_1_422' title='bbox 1898 4188 2028 4243; x_wconf 91' lang='lat' dir='ltr'><strong>hinc</strong></span> 
     </span>
    </p>
   </div>
   <div class='ocr_carea' id='block_1_61' title="bbox 448 4279 2028 4351">
    <p class='ocr_par' dir='ltr' id='par_1_61' title="bbox 448 4279 2028 4351">
     <span class='ocr_line' id='line_1_61' title="bbox 448 4279 2028 4351; baseline 0 -17"><span class='ocrx_word' id='word_1_423' title='bbox 448 4282 582 4336; x_wconf 83' lang='lat' dir='ltr'><strong>satis</strong></span> <span class='ocrx_word' id='word_1_424' title='bbox 609 4281 921 4351; x_wconf 79' lang='lat' dir='ltr'><strong>argumenti</strong></span> <span class='ocrx_word' id='word_1_425' title='bbox 953 4295 1077 4335; x_wconf 89' lang='lat' dir='ltr'><strong>esse</strong></span> <span class='ocrx_word' id='word_1_426' title='bbox 1106 4279 1312 4345; x_wconf 88' lang='lat' dir='ltr'><strong>aiebat,</strong></span> <span class='ocrx_word' id='word_1_427' title='bbox 1351 4283 1636 4334; x_wconf 89' lang='lat' dir='ltr'><strong>conscium</strong></span> <span class='ocrx_word' id='word_1_428' title='bbox 1674 4280 1837 4350; x_wconf 88' lang='lat' dir='ltr'><strong>hujus</strong></span> <span class='ocrx_word' id='word_1_429' title='bbox 1883 4281 2028 4336; x_wconf 89' lang='lat' dir='ltr'><strong>scri-</strong></span> 
     </span>
    </p>
   </div>
   <div class='ocr_carea' id='block_1_62' title="bbox 2131 1802 3714 1884">
    <p class='ocr_par' dir='ltr' id='par_1_62' title="bbox 2131 1802 3714 1884">
     <span class='ocr_line' id='line_1_62' title="bbox 2131 1802 3714 1884; baseline -0.006 -19"><span class='ocrx_word' id='word_1_430' title='bbox 2131 1809 2380 1876; x_wconf 79' lang='grc' dir='ltr'><strong>Εὑδόξιον</strong></span> <span class='ocrx_word' id='word_1_431' title='bbox 2408 1811 2456 1863; x_wconf 89' lang='grc' dir='ltr'><strong>εί</strong></span> <span class='ocrx_word' id='word_1_432' title='bbox 2479 1808 2639 1872; x_wconf 78' lang='grc' dir='ltr'><strong>αὐτὸς</strong></span> <span class='ocrx_word' id='word_1_433' title='bbox 2669 1806 2842 1862; x_wconf 79' lang='grc' dir='ltr'><strong>ταῦτα</strong></span> <span class='ocrx_word' id='word_1_434' title='bbox 2863 1804 3291 1884; x_wconf 41' lang='grc' dir='ltr'><strong>συνέγραψεηπ.</strong></span> <span class='ocrx_word' id='word_1_435' title='bbox 3331 1805 3388 1857; x_wconf 87' lang='lat'><strong>&#39;0</strong></span> <span class='ocrx_word' id='word_1_436' title='bbox 3414 1804 3470 1856; x_wconf 80' lang='grc' dir='ltr'><strong>δὲ</strong></span> <span class='ocrx_word' id='word_1_437' title='bbox 3495 1802 3714 1875; x_wconf 76' lang='grc' dir='ltr'><strong>ἠρνήθη</strong></span> 
     </span>
    </p>
   </div>
   <div class='ocr_carea' id='block_1_63' title="bbox 2129 1893 3708 1974">
    <p class='ocr_par' dir='ltr' id='par_1_63' title="bbox 2129 1893 3708 1974">
     <span class='ocr_line' id='line_1_63' title="bbox 2129 1893 3708 1974; baseline -0.008 -17"><span class='ocrx_word' id='word_1_438' title='bbox 2129 1902 2464 1974; x_wconf 82' lang='grc' dir='ltr'><strong>παραυτίκα,</strong></span> <span class='ocrx_word' id='word_1_439' title='bbox 2495 1901 2588 1954; x_wconf 64' lang='grc' dir='ltr'><strong>καλ</strong></span> <span class='ocrx_word' id='word_1_440' title='bbox 2627 1899 2800 1953; x_wconf 78' lang='grc' dir='ltr'><strong>ταῦτα</strong></span> <span class='ocrx_word' id='word_1_441' title='bbox 2819 1896 3155 1966; x_wconf 67' lang='grc' dir='ltr'><strong>γεγραφέναι</strong></span> <span class='ocrx_word' id='word_1_442' title='bbox 3198 1895 3288 1948; x_wconf 74' lang='grc' dir='ltr'><strong>τὸν</strong></span> <span class='ocrx_word' id='word_1_443' title='bbox 3333 1895 3538 1948; x_wconf 77' lang='grc' dir='ltr'><strong>Ἀέτιον</strong></span> <span class='ocrx_word' id='word_1_444' title='bbox 3567 1893 3708 1962; x_wconf 74' lang='grc' dir='ltr'><strong>ἔφη·</strong></span> 
     </span>
    </p>
   </div>
   <div class='ocr_carea' id='block_1_64' title="bbox 2127 1980 3715 2056">
    <p class='ocr_par' dir='ltr' id='par_1_64' title="bbox 2127 1980 3715 2056">
     <span class='ocr_line' id='line_1_64' title="bbox 2127 1980 3715 2056; baseline -0.005 -12"><span class='ocrx_word' id='word_1_445' title='bbox 2127 2007 2219 2044; x_wconf 87' lang='grc' dir='ltr'><strong>σεν</strong></span> <span class='ocrx_word' id='word_1_446' title='bbox 2265 1992 2330 2044; x_wconf 80' lang='lat'><strong>&quot;.</strong></span> <span class='ocrx_word' id='word_1_447' title='bbox 2378 1990 2585 2053; x_wconf 79' lang='grc' dir='ltr'><strong>’Λέτιος</strong></span> <span class='ocrx_word' id='word_1_448' title='bbox 2627 1987 2684 2042; x_wconf 81' lang='grc' dir='ltr'><strong>δὲ</strong></span> <span class='ocrx_word' id='word_1_449' title='bbox 2713 1981 2867 2050; x_wconf 72' lang='grc' dir='ltr'><strong>οὗτος</strong></span> <span class='ocrx_word' id='word_1_450' title='bbox 2905 1987 2954 2017; x_wconf 88' lang='grc'><strong>⁷³</strong></span> <span class='ocrx_word' id='word_1_451' title='bbox 2991 1980 3081 2056; x_wconf 71' lang='grc' dir='ltr'><strong>ἦν,</strong></span> <span class='ocrx_word' id='word_1_452' title='bbox 3123 1985 3182 2037; x_wconf 65' lang='grc' dir='ltr'><strong>ὃν</strong></span> <span class='ocrx_word' id='word_1_453' title='bbox 3221 1984 3387 2038; x_wconf 83' lang='grc' dir='ltr'><strong>πάλαι</strong></span> <span class='ocrx_word' id='word_1_454' title='bbox 3422 1984 3520 2055; x_wconf 86' lang='grc' dir='ltr'><strong>μὲν</strong></span> <span class='ocrx_word' id='word_1_455' title='bbox 3550 1984 3715 2037; x_wconf 80' lang='grc' dir='ltr'><strong>Λεόν-</strong></span> 
     </span>
    </p>
   </div>
   <div class='ocr_carea' id='block_1_65' title="bbox 2122 2075 3714 2149">
    <p class='ocr_par' dir='ltr' id='par_1_65' title="bbox 2122 2075 3714 2149">
     <span class='ocr_line' id='line_1_65' title="bbox 2122 2075 3714 2149; baseline -0.004 -14"><span class='ocrx_word' id='word_1_456' title='bbox 2122 2099 2256 2148; x_wconf 87' lang='grc' dir='ltr'><strong>τιος,</strong></span> <span class='ocrx_word' id='word_1_457' title='bbox 2291 2080 2390 2144; x_wconf 82' lang='grc' dir='ltr'><strong>τὰς</strong></span> <span class='ocrx_word' id='word_1_458' title='bbox 2421 2078 2722 2134; x_wconf 70' lang='grc' dir='ltr'><strong>Φλαδιανοῦ</strong></span> <span class='ocrx_word' id='word_1_459' title='bbox 2751 2079 2845 2132; x_wconf 79' lang='grc' dir='ltr'><strong>καὶ</strong></span> <span class='ocrx_word' id='word_1_460' title='bbox 2875 2075 3028 2149; x_wconf 69' lang='grc' dir='ltr'><strong>[ΗΞ]</strong></span> <span class='ocrx_word' id='word_1_461' title='bbox 3056 2075 3322 2147; x_wconf 81' lang='grc' dir='ltr'><strong>Διοδώρου</strong></span> <span class='ocrx_word' id='word_1_462' title='bbox 3372 2076 3714 2148; x_wconf 71' lang='grc' dir='ltr'><strong>κατηγορίας</strong></span> 
     </span>
    </p>
   </div>
   <div class='ocr_carea' id='block_1_66' title="bbox 2123 2167 3715 2243">
    <p class='ocr_par' dir='ltr' id='par_1_66' title="bbox 2123 2167 3715 2243">
     <span class='ocr_line' id='line_1_66' title="bbox 2123 2167 3715 2243; baseline -0.004 -17"><span class='ocrx_word' id='word_1_463' title='bbox 2123 2172 2498 2243; x_wconf 79' lang='grc' dir='ltr'><strong>δεδειξάμενος</strong></span> <span class='ocrx_word' id='word_1_464' title='bbox 2516 2173 2587 2235; x_wconf 83' lang='grc'><strong>⁷⁹,</strong></span> <span class='ocrx_word' id='word_1_465' title='bbox 2636 2172 2733 2241; x_wconf 82' lang='grc' dir='ltr'><strong>τῆς</strong></span> <span class='ocrx_word' id='word_1_466' title='bbox 2767 2168 3041 2231; x_wconf 72' lang='grc' dir='ltr'><strong>διακονίας</strong></span> <span class='ocrx_word' id='word_1_467' title='bbox 3077 2167 3362 2238; x_wconf 78' lang='grc' dir='ltr'><strong>ἐγύμνωσε</strong></span> <span class='ocrx_word' id='word_1_468' title='bbox 3385 2183 3400 2197; x_wconf 90' lang='grc'><strong>·</strong></span> <span class='ocrx_word' id='word_1_469' title='bbox 3439 2168 3715 2238; x_wconf 85' lang='grc' dir='ltr'><strong>Γεώργιος</strong></span> 
     </span>
    </p>
   </div>
   <div class='ocr_carea' id='block_1_67' title="bbox 2122 2253 3713 2335">
    <p class='ocr_par' dir='ltr' id='par_1_67' title="bbox 2122 2253 3713 2335">
     <span class='ocr_line' id='line_1_67' title="bbox 2122 2253 3713 2335; baseline -0.003 -18"><span class='ocrx_word' id='word_1_470' title='bbox 2122 2264 2179 2318; x_wconf 82' lang='grc' dir='ltr'><strong>δὲ</strong></span> <span class='ocrx_word' id='word_1_471' title='bbox 2201 2265 2229 2316; x_wconf 90' lang='lat'><strong>6</strong></span> <span class='ocrx_word' id='word_1_472' title='bbox 2254 2264 2351 2335; x_wconf 87' lang='grc' dir='ltr'><strong>τῆς</strong></span> <span class='ocrx_word' id='word_1_473' title='bbox 2387 2261 2781 2335; x_wconf 80' lang='grc' dir='ltr'><strong>Ἀλεξανδρέων</strong></span> <span class='ocrx_word' id='word_1_474' title='bbox 2813 2259 3097 2322; x_wconf 76' lang='grc' dir='ltr'><strong>ἐπίϐουλος</strong></span> <span class='ocrx_word' id='word_1_475' title='bbox 3120 2259 3380 2329; x_wconf 78' lang='grc' dir='ltr'><strong>συνεργὸν</strong></span> <span class='ocrx_word' id='word_1_476' title='bbox 3403 2253 3517 2328; x_wconf 77' lang='grc' dir='ltr'><strong>εἶχε</strong></span> <span class='ocrx_word' id='word_1_477' title='bbox 3547 2261 3642 2313; x_wconf 70' lang='grc' dir='ltr'><strong>καὶ</strong></span> <span class='ocrx_word' id='word_1_478' title='bbox 3659 2257 3713 2292; x_wconf 80' lang='grc'><strong>⁸⁸</strong></span> 
     </span>
    </p>
   </div>
   <div class='ocr_carea' id='block_1_68' title="bbox 2123 2351 3713 2425">
    <p class='ocr_par' dir='ltr' id='par_1_68' title="bbox 2123 2351 3713 2425">
     <span class='ocr_line' id='line_1_68' title="bbox 2123 2351 3713 2425; baseline -0.004 -17"><span class='ocrx_word' id='word_1_479' title='bbox 2123 2356 2232 2408; x_wconf 85' lang='grc' dir='ltr'><strong>τῶν</strong></span> <span class='ocrx_word' id='word_1_480' title='bbox 2276 2354 2554 2409; x_wconf 77' lang='grc' dir='ltr'><strong>δυσσεόῶν</strong></span> <span class='ocrx_word' id='word_1_481' title='bbox 2606 2353 2888 2425; x_wconf 73' lang='grc' dir='ltr'><strong>ῥημάτων,</strong></span> <span class='ocrx_word' id='word_1_482' title='bbox 2920 2353 3016 2406; x_wconf 70' lang='grc' dir='ltr'><strong>καί⁸</strong></span> <span class='ocrx_word' id='word_1_483' title='bbox 3045 2351 3156 2405; x_wconf 87' lang='grc' dir='ltr'><strong>τῶν</strong></span> <span class='ocrx_word' id='word_1_484' title='bbox 3187 2351 3420 2405; x_wconf 75' lang='grc' dir='ltr'><strong>ἀνοσίων</strong></span> <span class='ocrx_word' id='word_1_485' title='bbox 3450 2352 3490 2384; x_wconf 82' lang='grc'><strong>⁵¹</strong></span> <span class='ocrx_word' id='word_1_486' title='bbox 3526 2353 3713 2422; x_wconf 75' lang='grc' dir='ltr'><strong>ἐγχει-</strong></span> 
     </span>
    </p>
   </div>
   <div class='ocr_carea' id='block_1_69' title="bbox 2127 2443 3714 2520">
    <p class='ocr_par' dir='ltr' id='par_1_69' title="bbox 2127 2443 3714 2520">
     <span class='ocr_line' id='line_1_69' title="bbox 2127 2443 3714 2520; baseline -0.008 -15"><span class='ocrx_word' id='word_1_487' title='bbox 2127 2449 2419 2520; x_wconf 84' lang='grc' dir='ltr'><strong>ρημάτων·</strong></span> <span class='ocrx_word' id='word_1_488' title='bbox 2471 2447 2591 2501; x_wconf 86' lang='grc' dir='ltr'><strong>τότε</strong></span> <span class='ocrx_word' id='word_1_489' title='bbox 2641 2447 2824 2516; x_wconf 85' lang='grc' dir='ltr'><strong>μέντοι</strong></span> <span class='ocrx_word' id='word_1_490' title='bbox 2861 2444 2978 2516; x_wconf 83' lang='grc' dir='ltr'><strong>μετ’</strong></span> <span class='ocrx_word' id='word_1_491' title='bbox 3040 2443 3316 2514; x_wconf 83' lang='grc' dir='ltr'><strong>Εὐνομίου</strong></span> <span class='ocrx_word' id='word_1_492' title='bbox 3363 2443 3442 2514; x_wconf 82' lang='grc' dir='ltr'><strong>τῷ</strong></span> <span class='ocrx_word' id='word_1_493' title='bbox 3475 2443 3714 2516; x_wconf 78' lang='grc' dir='ltr'><strong>Εύδοξίῳ</strong></span> 
     </span>
    </p>
   </div>
   <div class='ocr_carea' id='block_1_70' title="bbox 2125 2539 3714 2613">
    <p class='ocr_par' dir='ltr' id='par_1_70' title="bbox 2125 2539 3714 2613">
     <span class='ocr_line' id='line_1_70' title="bbox 2125 2539 3714 2613; baseline 0.002 -19"><span class='ocrx_word' id='word_1_494' title='bbox 2125 2540 2312 2610; x_wconf 87' lang='grc' dir='ltr'><strong>συνῆν.</strong></span> <span class='ocrx_word' id='word_1_495' title='bbox 2337 2539 2590 2594; x_wconf 85' lang='grc' dir='ltr'>Λεοντίου</span> <span class='ocrx_word' id='word_1_496' title='bbox 2614 2540 2728 2610; x_wconf 82' lang='grc' dir='ltr'><strong>γὰρ</strong></span> <span class='ocrx_word' id='word_1_497' title='bbox 2747 2540 2811 2610; x_wconf 82' lang='grc' dir='ltr'><strong>δὴ</strong></span> <span class='ocrx_word' id='word_1_498' title='bbox 2838 2541 3306 2613; x_wconf 79' lang='grc' dir='ltr'><strong>τετελευτηκότος,</strong></span> <span class='ocrx_word' id='word_1_499' title='bbox 3331 2545 3426 2596; x_wconf 70' lang='grc' dir='ltr'><strong>καὶ</strong></span> <span class='ocrx_word' id='word_1_500' title='bbox 3454 2543 3714 2610; x_wconf 78' lang='grc' dir='ltr'><strong>Εὐδοξίου</strong></span> 
     </span>
    </p>
   </div>
   <div class='ocr_carea' id='block_1_71' title="bbox 2121 2631 3716 2705">
    <p class='ocr_par' dir='ltr' id='par_1_71' title="bbox 2121 2631 3716 2705">
     <span class='ocr_line' id='line_1_71' title="bbox 2121 2631 3716 2705; baseline 0.001 -20"><span class='ocrx_word' id='word_1_501' title='bbox 2121 2633 2222 2704; x_wconf 84' lang='grc' dir='ltr'><strong>τῆς</strong></span> <span class='ocrx_word' id='word_1_502' title='bbox 2281 2632 2602 2702; x_wconf 77' lang='grc' dir='ltr'><strong>Ἀντιοχέων</strong></span> <span class='ocrx_word' id='word_1_503' title='bbox 2673 2631 2998 2701; x_wconf 83' lang='grc' dir='ltr'><strong>Ἐκκλησίας</strong></span> <span class='ocrx_word' id='word_1_504' title='bbox 3049 2634 3362 2705; x_wconf 77' lang='grc' dir='ltr'><strong>ἡρπακότος</strong></span> <span class='ocrx_word' id='word_1_505' title='bbox 3417 2634 3516 2704; x_wconf 76' lang='grc' dir='ltr'><strong>τὴν</strong></span> <span class='ocrx_word' id='word_1_506' title='bbox 3575 2652 3716 2705; x_wconf 87' lang='grc' dir='ltr'><strong>προ-</strong></span> 
     </span>
    </p>
   </div>
   <div class='ocr_carea' id='block_1_72' title="bbox 2123 2723 3716 2798">
    <p class='ocr_par' dir='ltr' id='par_1_72' title="bbox 2123 2723 3716 2798">
     <span class='ocr_line' id='line_1_72' title="bbox 2123 2723 3716 2798; baseline 0.003 -21"><span class='ocrx_word' id='word_1_507' title='bbox 2123 2723 2329 2795; x_wconf 87' lang='grc' dir='ltr'><strong>εδρίαν,</strong></span> <span class='ocrx_word' id='word_1_508' title='bbox 2358 2724 2633 2793; x_wconf 77' lang='grc' dir='ltr'><strong>ἐπανῆκεν</strong></span> <span class='ocrx_word' id='word_1_509' title='bbox 2682 2723 2791 2776; x_wconf 81' lang='grc' dir='ltr'><strong>ἀπὸ</strong></span> <span class='ocrx_word' id='word_1_510' title='bbox 2820 2724 2921 2792; x_wconf 88' lang='grc' dir='ltr'><strong>τῆς</strong></span> <span class='ocrx_word' id='word_1_511' title='bbox 2975 2726 3256 2796; x_wconf 75' lang='grc' dir='ltr'><strong>Αἰγύπτου</strong></span> <span class='ocrx_word' id='word_1_512' title='bbox 3304 2727 3396 2780; x_wconf 79' lang='grc' dir='ltr'><strong>τὸν</strong></span> <span class='ocrx_word' id='word_1_513' title='bbox 3445 2728 3716 2798; x_wconf 81' lang='grc' dir='ltr'><strong>Εὐνόμιον</strong></span> 
     </span>
    </p>
   </div>
   <div class='ocr_carea' id='block_1_73' title="bbox 2126 2815 3715 2890">
    <p class='ocr_par' dir='ltr' id='par_1_73' title="bbox 2126 2815 3715 2890">
     <span class='ocr_line' id='line_1_73' title="bbox 2126 2815 3715 2890; baseline 0 -19"><span class='ocrx_word' id='word_1_514' title='bbox 2126 2817 2296 2887; x_wconf 80' lang='grc' dir='ltr'><strong>ἄγων,</strong></span> <span class='ocrx_word' id='word_1_515' title='bbox 2331 2817 2422 2870; x_wconf 74' lang='grc' dir='ltr'><strong>καί</strong></span> <span class='ocrx_word' id='word_1_516' title='bbox 2451 2816 2542 2868; x_wconf 84' lang='grc' dir='ltr'><strong>τὸν</strong></span> <span class='ocrx_word' id='word_1_517' title='bbox 2575 2815 2830 2880; x_wconf 77' lang='grc' dir='ltr'><strong>Εὐδόξιον</strong></span> <span class='ocrx_word' id='word_1_518' title='bbox 2871 2815 3048 2888; x_wconf 72' lang='grc' dir='ltr'><strong>εὑρὼν</strong></span> <span class='ocrx_word' id='word_1_519' title='bbox 3089 2819 3399 2890; x_wconf 82' lang='grc' dir='ltr'><strong>ὁμόφρονα,</strong></span> <span class='ocrx_word' id='word_1_520' title='bbox 3431 2820 3525 2873; x_wconf 74' lang='grc' dir='ltr'><strong>καὶ</strong></span> <span class='ocrx_word' id='word_1_521' title='bbox 3573 2820 3715 2888; x_wconf 73' lang='grc' dir='ltr'><strong>πρὸς</strong></span> 
     </span>
    </p>
   </div>
   <div class='ocr_carea' id='block_1_74' title="bbox 2121 2907 3710 2981">
    <p class='ocr_par' dir='ltr' id='par_1_74' title="bbox 2121 2907 3710 2981">
     <span class='ocr_line' id='line_1_74' title="bbox 2121 2907 3710 2981; baseline 0.003 -22"><span class='ocrx_word' id='word_1_522' title='bbox 2121 2912 2191 2981; x_wconf 72' lang='grc' dir='ltr'><strong>τῇ</strong></span> <span class='ocrx_word' id='word_1_523' title='bbox 2240 2907 2529 2980; x_wconf 81' lang='grc' dir='ltr'><strong>δυσσεὸείᾳ</strong></span> <span class='ocrx_word' id='word_1_524' title='bbox 2579 2908 2672 2962; x_wconf 74' lang='grc' dir='ltr'><strong>καὶ</strong></span> <span class='ocrx_word' id='word_1_525' title='bbox 2739 2908 3074 2980; x_wconf 77' lang='grc' dir='ltr'><strong>Συϐαριτικῇ</strong></span> <span class='ocrx_word' id='word_1_526' title='bbox 3135 2909 3476 2981; x_wconf 82' lang='grc' dir='ltr'><strong>κεχρημένον</strong></span> <span class='ocrx_word' id='word_1_527' title='bbox 3529 2911 3710 2981; x_wconf 81' lang='grc' dir='ltr'><strong>χλιδῇ.</strong></span> 
     </span>
    </p>
   </div>
   <div class='ocr_carea' id='block_1_75' title="bbox 2127 2999 3711 3073">
    <p class='ocr_par' dir='ltr' id='par_1_75' title="bbox 2127 2999 3711 3073">
     <span class='ocr_line' id='line_1_75' title="bbox 2127 2999 3711 3073; baseline 0.001 -19"><span class='ocrx_word' id='word_1_528' title='bbox 2127 3000 2347 3054; x_wconf 86' lang='grc' dir='ltr'><strong>πάντων</strong></span> <span class='ocrx_word' id='word_1_529' title='bbox 2403 3001 2746 3072; x_wconf 84' lang='grc' dir='ltr'><strong>προύτίμησε</strong></span> <span class='ocrx_word' id='word_1_530' title='bbox 2791 2999 2892 3069; x_wconf 79' lang='grc' dir='ltr'><strong>τὴν</strong></span> <span class='ocrx_word' id='word_1_531' title='bbox 2937 3001 2994 3053; x_wconf 81' lang='grc' dir='ltr'><strong>ὲν</strong></span> <span class='ocrx_word' id='word_1_532' title='bbox 3047 3001 3344 3073; x_wconf 73' lang='grc' dir='ltr'><strong>Ἀντιοχείᾳ</strong></span> <span class='ocrx_word' id='word_1_533' title='bbox 3391 3000 3711 3072; x_wconf 59' lang='grc' dir='ltr'><strong>διατριϐήν</strong></span> 
     </span>
    </p>
   </div>
   <div class='ocr_carea' id='block_1_76' title="bbox 2127 3092 3706 3165">
    <p class='ocr_par' dir='ltr' id='par_1_76' title="bbox 2127 3092 3706 3165">
     <span class='ocr_line' id='line_1_76' title="bbox 2127 3092 3706 3165; baseline 0.002 -19"><span class='ocrx_word' id='word_1_534' title='bbox 2127 3094 2222 3147; x_wconf 83' lang='grc' dir='ltr'><strong>καί</strong></span> <span class='ocrx_word' id='word_1_535' title='bbox 2249 3093 2346 3146; x_wconf 78' lang='grc' dir='ltr'><strong>σὺν</strong></span> <span class='ocrx_word' id='word_1_536' title='bbox 2380 3092 2630 3164; x_wconf 79' lang='grc' dir='ltr'><strong>Εὑνομίῳ</strong></span> <span class='ocrx_word' id='word_1_537' title='bbox 2659 3095 2780 3156; x_wconf 81' lang='grc' dir='ltr'><strong>ταῖς</strong></span> <span class='ocrx_word' id='word_1_538' title='bbox 2811 3093 3022 3146; x_wconf 73' lang='grc' dir='ltr'><strong>ἐκείνου</strong></span> <span class='ocrx_word' id='word_1_539' title='bbox 3053 3094 3379 3165; x_wconf 79' lang='grc' dir='ltr'><strong>προσηλὼθη</strong></span> <span class='ocrx_word' id='word_1_540' title='bbox 3398 3094 3446 3127; x_wconf 81' lang='grc'>⁸¹</span> <span class='ocrx_word' id='word_1_541' title='bbox 3470 3095 3706 3150; x_wconf 77' lang='grc' dir='ltr'><strong>στιϐάσι.</strong></span> 
     </span>
    </p>
   </div>
   <div class='ocr_carea' id='block_1_77' title="bbox 2127 3184 3710 3258">
    <p class='ocr_par' dir='ltr' id='par_1_77' title="bbox 2127 3184 3710 3258">
     <span class='ocr_line' id='line_1_77' title="bbox 2127 3184 3710 3258; baseline 0.002 -19"><span class='ocrx_word' id='word_1_542' title='bbox 2127 3185 2234 3239; x_wconf 83' lang='grc' dir='ltr'><strong>Τὸν</strong></span> <span class='ocrx_word' id='word_1_543' title='bbox 2270 3185 2381 3256; x_wconf 78' lang='grc' dir='ltr'><strong>γὰρ</strong></span> <span class='ocrx_word' id='word_1_544' title='bbox 2409 3184 2517 3238; x_wconf 86' lang='grc' dir='ltr'><strong>τῶν</strong></span> <span class='ocrx_word' id='word_1_545' title='bbox 2567 3184 2814 3239; x_wconf 82' lang='grc' dir='ltr'><strong>κολάκων</strong></span> <span class='ocrx_word' id='word_1_546' title='bbox 2859 3185 3126 3256; x_wconf 72' lang='grc' dir='ltr'><strong>ἐζηλώκει</strong></span> <span class='ocrx_word' id='word_1_547' title='bbox 3155 3186 3290 3256; x_wconf 89' lang='grc' dir='ltr'><strong>βίον,</strong></span> <span class='ocrx_word' id='word_1_548' title='bbox 3331 3191 3430 3242; x_wconf 72' lang='grc' dir='ltr'><strong>καὶ</strong></span> <span class='ocrx_word' id='word_1_549' title='bbox 3479 3187 3572 3241; x_wconf 80' lang='grc' dir='ltr'><strong>νῦν</strong></span> <span class='ocrx_word' id='word_1_550' title='bbox 3611 3189 3710 3258; x_wconf 80' lang='grc' dir='ltr'><strong>μὲν</strong></span> 
     </span>
    </p>
   </div>
   <div class='ocr_carea' id='block_1_78' title="bbox 2129 3275 3712 3348">
    <p class='ocr_par' dir='ltr' id='par_1_78' title="bbox 2129 3275 3712 3348">
     <span class='ocr_line' id='line_1_78' title="bbox 2129 3275 3712 3348; baseline 0.001 -19"><span class='ocrx_word' id='word_1_551' title='bbox 2129 3276 2282 3348; x_wconf 67' lang='grc' dir='ltr'><strong>παρὰ</strong></span> <span class='ocrx_word' id='word_1_552' title='bbox 2307 3275 2520 3338; x_wconf 73' lang='grc' dir='ltr'><strong>τοῦτον,</strong></span> <span class='ocrx_word' id='word_1_553' title='bbox 2557 3275 2652 3329; x_wconf 82' lang='grc' dir='ltr'><strong>νῦν</strong></span> <span class='ocrx_word' id='word_1_554' title='bbox 2676 3275 2729 3328; x_wconf 83' lang='grc' dir='ltr'><strong>δὲ</strong></span> <span class='ocrx_word' id='word_1_555' title='bbox 2766 3275 2896 3346; x_wconf 79' lang='grc' dir='ltr'><strong>παρ’</strong></span> <span class='ocrx_word' id='word_1_556' title='bbox 2937 3277 3143 3330; x_wconf 77' lang='grc' dir='ltr'><strong>ἐκεῖνον</strong></span> <span class='ocrx_word' id='word_1_557' title='bbox 3164 3276 3389 3330; x_wconf 76' lang='grc' dir='ltr'><strong>διετέλει</strong></span> <span class='ocrx_word' id='word_1_558' title='bbox 3419 3276 3621 3345; x_wconf 80' lang='grc' dir='ltr'><strong>φοιτῶν</strong></span> <span class='ocrx_word' id='word_1_559' title='bbox 3647 3293 3712 3330; x_wconf 80' lang='grc' dir='ltr'><strong>τε</strong></span> 
     </span>
    </p>
   </div>
   <div class='ocr_carea' id='block_1_79' title="bbox 2129 3366 3716 3440">
    <p class='ocr_par' dir='ltr' id='par_1_79' title="bbox 2129 3366 3716 3440">
     <span class='ocr_line' id='line_1_79' title="bbox 2129 3366 3716 3440; baseline 0 -18"><span class='ocrx_word' id='word_1_560' title='bbox 2129 3368 2221 3422; x_wconf 73' lang='grc' dir='ltr'><strong>καὶ</strong></span> <span class='ocrx_word' id='word_1_561' title='bbox 2273 3366 2722 3438; x_wconf 74' lang='grc' dir='ltr'><strong>γαστριζόμενος.</strong></span> <span class='ocrx_word' id='word_1_562' title='bbox 2772 3367 2904 3420; x_wconf 85' lang='grc' dir='ltr'><strong>Τότε</strong></span> <span class='ocrx_word' id='word_1_563' title='bbox 2959 3368 3141 3438; x_wconf 76' lang='grc' dir='ltr'><strong>μέντοι</strong></span> <span class='ocrx_word' id='word_1_564' title='bbox 3191 3369 3220 3421; x_wconf 94' lang='lat'><strong>6</strong></span> <span class='ocrx_word' id='word_1_565' title='bbox 3269 3368 3525 3440; x_wconf 81' lang='grc' dir='ltr'><strong>βασιλεὺς</strong></span> <span class='ocrx_word' id='word_1_566' title='bbox 3549 3370 3716 3422; x_wconf 76' lang='grc' dir='ltr'><strong>τοῦτο</strong></span> 
     </span>
    </p>
   </div>
   <div class='ocr_carea' id='block_1_80' title="bbox 2136 3455 3711 3528">
    <p class='ocr_par' dir='ltr' id='par_1_80' title="bbox 2136 3455 3711 3528">
     <span class='ocr_line' id='line_1_80' title="bbox 2136 3455 3711 3528; baseline 0.004 -18"><span class='ocrx_word' id='word_1_567' title='bbox 2136 3456 2348 3528; x_wconf 83' lang='grc' dir='ltr'><strong>μαθὼν,</strong></span> <span class='ocrx_word' id='word_1_568' title='bbox 2399 3456 2719 3528; x_wconf 70' lang='grc' dir='ltr'><strong>εἰσαχθῆναι</strong></span> <span class='ocrx_word' id='word_1_569' title='bbox 2762 3473 2823 3509; x_wconf 76' lang='grc' dir='ltr'><strong>τε</strong></span> <span class='ocrx_word' id='word_1_570' title='bbox 2872 3458 3171 3528; x_wconf 79' lang='grc' dir='ltr'><strong>προσέταξε</strong></span> <span class='ocrx_word' id='word_1_571' title='bbox 3219 3460 3311 3514; x_wconf 73' lang='grc' dir='ltr'><strong>τὸν</strong></span> <span class='ocrx_word' id='word_1_572' title='bbox 3357 3455 3584 3527; x_wconf 80' lang='grc' dir='ltr'><strong>Ἀέτιον,</strong></span> <span class='ocrx_word' id='word_1_573' title='bbox 3617 3463 3711 3516; x_wconf 77' lang='grc' dir='ltr'><strong>καὶ</strong></span> 
     </span>
    </p>
   </div>
   <div class='ocr_carea' id='block_1_81' title="bbox 2128 3547 3710 3622">
    <p class='ocr_par' dir='ltr' id='par_1_81' title="bbox 2128 3547 3710 3622">
     <span class='ocr_line' id='line_1_81' title="bbox 2128 3547 3710 3622; baseline 0.001 -20"><span class='ocrx_word' id='word_1_574' title='bbox 2128 3547 2559 3622; x_wconf 77' lang='grc' dir='ltr'><strong>εἰσεληλυθότος,</strong></span> <span class='ocrx_word' id='word_1_575' title='bbox 2610 3547 2711 3618; x_wconf 81' lang='grc' dir='ltr'><strong>τὴν</strong></span> <span class='ocrx_word' id='word_1_576' title='bbox 2771 3547 2986 3602; x_wconf 72' lang='grc' dir='ltr'><strong>ἔκθεσιν</strong></span> <span class='ocrx_word' id='word_1_577' title='bbox 3028 3548 3243 3620; x_wconf 73' lang='grc' dir='ltr'><strong>ἐκείνην</strong></span> <span class='ocrx_word' id='word_1_578' title='bbox 3267 3550 3552 3619; x_wconf 76' lang='grc' dir='ltr'><strong>ὲπέδειξε,-</strong></span> <span class='ocrx_word' id='word_1_579' title='bbox 3579 3570 3710 3606; x_wconf 81' lang='grc' dir='ltr'><strong>πυν-</strong></span> 
     </span>
    </p>
   </div>
   <div class='ocr_carea' id='block_1_82' title="bbox 2129 3637 3710 3712">
    <p class='ocr_par' dir='ltr' id='par_1_82' title="bbox 2129 3637 3710 3712">
     <span class='ocr_line' id='line_1_82' title="bbox 2129 3637 3710 3712; baseline 0.002 -19"><span class='ocrx_word' id='word_1_580' title='bbox 2129 3639 2423 3710; x_wconf 81' lang='grc' dir='ltr'><strong>θανόμενος</strong></span> <span class='ocrx_word' id='word_1_581' title='bbox 2465 3640 2512 3692; x_wconf 87' lang='grc' dir='ltr'><strong>εἰ</strong></span> <span class='ocrx_word' id='word_1_582' title='bbox 2562 3637 2725 3701; x_wconf 74' lang='grc' dir='ltr'><strong>αὐτὸς</strong></span> <span class='ocrx_word' id='word_1_583' title='bbox 2776 3640 3019 3704; x_wconf 70' lang='grc' dir='ltr'><strong>ἐκείνους</strong></span> <span class='ocrx_word' id='word_1_584' title='bbox 3055 3640 3293 3706; x_wconf 84' lang='grc' dir='ltr'><strong>τετοκὼς</strong></span> <span class='ocrx_word' id='word_1_585' title='bbox 3337 3643 3424 3712; x_wconf 79' lang='grc' dir='ltr'><strong>εἴη</strong></span> <span class='ocrx_word' id='word_1_586' title='bbox 3465 3645 3591 3708; x_wconf 72' lang='grc' dir='ltr'><strong>τοὺς</strong></span> <span class='ocrx_word' id='word_1_587' title='bbox 3623 3642 3710 3696; x_wconf 83' lang='grc' dir='ltr'><strong>λό-</strong></span> 
     </span>
    </p>
   </div>
   <div class='ocr_carea' id='block_1_83' title="bbox 2127 3730 3709 3804">
    <p class='ocr_par' dir='ltr' id='par_1_83' title="bbox 2127 3730 3709 3804">
     <span class='ocr_line' id='line_1_83' title="bbox 2127 3730 3709 3804; baseline 0.003 -21"><span class='ocrx_word' id='word_1_588' title='bbox 2127 3747 2278 3800; x_wconf 89' lang='grc' dir='ltr'><strong>γους.</strong></span> <span class='ocrx_word' id='word_1_589' title='bbox 2320 3731 2380 3784; x_wconf 88' lang='lat'><strong>&#39;0</strong></span> <span class='ocrx_word' id='word_1_590' title='bbox 2407 3730 2463 3784; x_wconf 79' lang='grc' dir='ltr'><strong>δὲ</strong></span> <span class='ocrx_word' id='word_1_591' title='bbox 2492 3731 2586 3784; x_wconf 84' lang='grc' dir='ltr'><strong>καὶ</strong></span> <span class='ocrx_word' id='word_1_592' title='bbox 2618 3730 2684 3783; x_wconf 81' lang='grc' dir='ltr'><strong>τὰ</strong></span> <span class='ocrx_word' id='word_1_593' title='bbox 2715 3732 3058 3802; x_wconf 82' lang='grc' dir='ltr'><strong>γεγενημένα</strong></span> <span class='ocrx_word' id='word_1_594' title='bbox 3093 3733 3328 3804; x_wconf 82' lang='grc' dir='ltr'><strong>πάμπαν</strong></span> <span class='ocrx_word' id='word_1_595' title='bbox 3355 3736 3582 3803; x_wconf 82' lang='grc' dir='ltr'><strong>ἀγνοῶν,</strong></span> <span class='ocrx_word' id='word_1_596' title='bbox 3613 3737 3709 3788; x_wconf 84' lang='grc' dir='ltr'><strong>καὶ</strong></span> 
     </span>
    </p>
   </div>
   <div class='ocr_carea' id='block_1_84' title="bbox 2127 3821 3712 3898">
    <p class='ocr_par' dir='ltr' id='par_1_84' title="bbox 2127 3821 3712 3898">
     <span class='ocr_line' id='line_1_84' title="bbox 2127 3821 3712 3898; baseline 0.004 -24"><span class='ocrx_word' id='word_1_597' title='bbox 2127 3821 2220 3875; x_wconf 79' lang='grc' dir='ltr'><strong>τὸν</strong></span> <span class='ocrx_word' id='word_1_598' title='bbox 2253 3825 2352 3892; x_wconf 86' lang='grc' dir='ltr'><strong>τῆς</strong></span> <span class='ocrx_word' id='word_1_599' title='bbox 2383 3821 2627 3886; x_wconf 82' lang='grc' dir='ltr'><strong>πεύσεως</strong></span> <span class='ocrx_word' id='word_1_600' title='bbox 2659 3825 2758 3877; x_wconf 66' lang='grc' dir='ltr'><strong>οῦκ</strong></span> <span class='ocrx_word' id='word_1_601' title='bbox 2787 3825 3152 3895; x_wconf 71' lang='grc' dir='ltr'><strong>ἐπιστάμενος</strong></span> <span class='ocrx_word' id='word_1_602' title='bbox 3183 3827 3402 3898; x_wconf 88' lang='grc' dir='ltr'><strong>τρόπον,</strong></span> <span class='ocrx_word' id='word_1_603' title='bbox 3433 3828 3712 3897; x_wconf 74' lang='grc' dir='ltr'><strong>εὐφημίαν</strong></span> 
     </span>
    </p>
   </div>
   <div class='ocr_carea' id='block_1_85' title="bbox 2127 3912 3705 3992">
    <p class='ocr_par' dir='ltr' id='par_1_85' title="bbox 2127 3912 3705 3992">
     <span class='ocr_line' id='line_1_85' title="bbox 2127 3912 3705 3992; baseline 0.003 -25"><span class='ocrx_word' id='word_1_604' title='bbox 2127 3912 2184 3967; x_wconf 82' lang='grc' dir='ltr'><strong>δὲ</strong></span> <span class='ocrx_word' id='word_1_605' title='bbox 2214 3914 2277 3966; x_wconf 85' lang='grc' dir='ltr'><strong>ὲκ</strong></span> <span class='ocrx_word' id='word_1_606' title='bbox 2299 3913 2398 3982; x_wconf 81' lang='grc' dir='ltr'><strong>τῆς</strong></span> <span class='ocrx_word' id='word_1_607' title='bbox 2430 3914 2717 3984; x_wconf 72' lang='grc' dir='ltr'><strong>ὁμολογίας</strong></span> <span class='ocrx_word' id='word_1_608' title='bbox 2751 3915 3149 3987; x_wconf 84' lang='grc' dir='ltr'><strong>καρπώσασθαι</strong></span> <span class='ocrx_word' id='word_1_609' title='bbox 3181 3919 3576 3989; x_wconf 83' lang='grc' dir='ltr'><strong>προσδοκήσας,</strong></span> <span class='ocrx_word' id='word_1_610' title='bbox 3601 3919 3705 3992; x_wconf 75' lang='grc' dir='ltr'><strong>ἔφη</strong></span> 
     </span>
    </p>
   </div>
   <div class='ocr_carea' id='block_1_86' title="bbox 2128 4003 3706 4080">
    <p class='ocr_par' dir='ltr' id='par_1_86' title="bbox 2128 4003 3706 4080">
     <span class='ocr_line' id='line_1_86' title="bbox 2128 4003 3706 4080; baseline 0.003 -24"><span class='ocrx_word' id='word_1_611' title='bbox 2128 4004 2238 4058; x_wconf 82' lang='grc' dir='ltr'><strong>τῶν</strong></span> <span class='ocrx_word' id='word_1_612' title='bbox 2274 4003 2448 4074; x_wconf 85' lang='grc' dir='ltr'><strong>λόγων</strong></span> <span class='ocrx_word' id='word_1_613' title='bbox 2478 4006 2701 4059; x_wconf 81' lang='grc' dir='ltr'><strong>ἐκείνων</strong></span> <span class='ocrx_word' id='word_1_614' title='bbox 2732 4005 2894 4070; x_wconf 85' lang='grc' dir='ltr'><strong>αὐτὸς</strong></span> <span class='ocrx_word' id='word_1_615' title='bbox 2925 4003 3066 4060; x_wconf 82' lang='grc' dir='ltr'><strong>εἶναι</strong></span> <span class='ocrx_word' id='word_1_616' title='bbox 3099 4009 3401 4080; x_wconf 77' lang='grc' dir='ltr'><strong>γεννήτωρ.</strong></span> <span class='ocrx_word' id='word_1_617' title='bbox 3438 4009 3496 4062; x_wconf 88' lang='grc'><strong>’0</strong></span> <span class='ocrx_word' id='word_1_618' title='bbox 3523 4009 3578 4062; x_wconf 80' lang='grc' dir='ltr'><strong>δὲ</strong></span> <span class='ocrx_word' id='word_1_619' title='bbox 3607 4009 3706 4079; x_wconf 85' lang='grc' dir='ltr'><strong>βα-</strong></span> 
     </span>
    </p>
   </div>
   <div class='ocr_carea' id='block_1_87' title="bbox 2132 4095 3708 4171">
    <p class='ocr_par' dir='ltr' id='par_1_87' title="bbox 2132 4095 3708 4171">
     <span class='ocr_line' id='line_1_87' title="bbox 2132 4095 3708 4171; baseline 0.004 -23"><span class='ocrx_word' id='word_1_620' title='bbox 2132 4095 2331 4161; x_wconf 76' lang='grc' dir='ltr'><strong>σιλεὺς,</strong></span> <span class='ocrx_word' id='word_1_621' title='bbox 2352 4097 2452 4167; x_wconf 78' lang='grc' dir='ltr'><strong>τὴν</strong></span> <span class='ocrx_word' id='word_1_622' title='bbox 2470 4097 2572 4168; x_wconf 85' lang='grc' dir='ltr'><strong>τῆς</strong></span> <span class='ocrx_word' id='word_1_623' title='bbox 2594 4097 2910 4161; x_wconf 81' lang='grc' dir='ltr'><strong>δυσσεϐείας</strong></span> <span class='ocrx_word' id='word_1_624' title='bbox 2933 4099 3238 4171; x_wconf 75' lang='grc' dir='ltr'><strong>ὑπερϐολὴν</strong></span> <span class='ocrx_word' id='word_1_625' title='bbox 3262 4101 3520 4168; x_wconf 82' lang='grc' dir='ltr'><strong>κατιδὼν,</strong></span> <span class='ocrx_word' id='word_1_626' title='bbox 3551 4100 3708 4164; x_wconf 74' lang='grc' dir='ltr'><strong>εὐθὺς</strong></span> 
     </span>
    </p>
   </div>
   <div class='ocr_carea' id='block_1_88' title="bbox 2129 4188 3707 4265">
    <p class='ocr_par' dir='ltr' id='par_1_88' title="bbox 2129 4188 3707 4265">
     <span class='ocr_line' id='line_1_88' title="bbox 2129 4188 3707 4265; baseline 0.003 -24"><span class='ocrx_word' id='word_1_627' title='bbox 2129 4188 2294 4242; x_wconf 77' lang='grc' dir='ltr'><strong>αὐτὸν</strong></span> <span class='ocrx_word' id='word_1_628' title='bbox 2351 4189 2773 4259; x_wconf 76' lang='grc' dir='ltr'><strong>ὲξωστράκισεν,</strong></span> <span class='ocrx_word' id='word_1_629' title='bbox 2839 4191 2918 4255; x_wconf 78' lang='grc' dir='ltr'><strong>είς</strong></span> <span class='ocrx_word' id='word_1_630' title='bbox 2977 4209 3030 4244; x_wconf 87' lang='grc' dir='ltr'><strong>τι</strong></span> <span class='ocrx_word' id='word_1_631' title='bbox 3087 4192 3286 4263; x_wconf 82' lang='grc' dir='ltr'><strong>χωρίον</strong></span> <span class='ocrx_word' id='word_1_632' title='bbox 3328 4193 3430 4264; x_wconf 87' lang='grc' dir='ltr'><strong>τῆς</strong></span> <span class='ocrx_word' id='word_1_633' title='bbox 3475 4193 3707 4265; x_wconf 77' lang='grc' dir='ltr'><strong>Φρυγίας</strong></span> 
     </span>
    </p>
   </div>
   <div class='ocr_carea' id='block_1_89' title="bbox 2129 4279 3709 4355">
    <p class='ocr_par' dir='ltr' id='par_1_89' title="bbox 2129 4279 3709 4355">
     <span class='ocr_line' id='line_1_89' title="bbox 2129 4279 3709 4355; baseline 0.004 -24"><span class='ocrx_word' id='word_1_634' title='bbox 2129 4279 2442 4351; x_wconf 82' lang='grc' dir='ltr'><strong>ἀπαχθῆναι</strong></span> <span class='ocrx_word' id='word_1_635' title='bbox 2489 4281 2774 4346; x_wconf 86' lang='grc' dir='ltr'><strong>κελεύσας.</strong></span> <span class='ocrx_word' id='word_1_636' title='bbox 2819 4283 2930 4336; x_wconf 70' lang='grc' dir='ltr'><strong>Καὶ</strong></span> <span class='ocrx_word' id='word_1_637' title='bbox 2983 4283 3190 4345; x_wconf 80' lang='grc' dir='ltr'><strong>ἐκεῖνος</strong></span> <span class='ocrx_word' id='word_1_638' title='bbox 3241 4284 3340 4355; x_wconf 83' lang='grc' dir='ltr'><strong>μὲν</strong></span> <span class='ocrx_word' id='word_1_639' title='bbox 3380 4285 3479 4355; x_wconf 71' lang='grc' dir='ltr'><strong>τὴν</strong></span> <span class='ocrx_word' id='word_1_640' title='bbox 3511 4288 3572 4339; x_wconf 82' lang='grc' dir='ltr'><strong>ὲκ</strong></span> <span class='ocrx_word' id='word_1_641' title='bbox 3613 4285 3709 4352; x_wconf 84' lang='grc' dir='ltr'><strong>τῆς</strong></span> 
     </span>
    </p>
   </div>
   <div class='ocr_carea' id='block_1_90' title="bbox 450 4369 2027 4466">
    <p class='ocr_par' dir='ltr' id='par_1_90' title="bbox 450 4371 2025 4444">
     <span class='ocr_line' id='line_1_90' title="bbox 450 4371 2025 4444; baseline 0.001 -19"><span class='ocrx_word' id='word_1_642' title='bbox 450 4371 654 4440; x_wconf 88' lang='lat' dir='ltr'><strong>ptionis</strong></span> <span class='ocrx_word' id='word_1_643' title='bbox 697 4371 888 4436; x_wconf 81' lang='lat' dir='ltr'><strong>fuisse,</strong></span> <span class='ocrx_word' id='word_1_644' title='bbox 925 4371 1073 4444; x_wconf 89' lang='lat' dir='ltr'><strong>quod</strong></span> <span class='ocrx_word' id='word_1_645' title='bbox 1123 4382 1320 4441; x_wconf 54' lang='lat' dir='ltr'><strong>praeter</strong></span> <span class='ocrx_word' id='word_1_646' title='bbox 1369 4373 1550 4442; x_wconf 86' lang='lat' dir='ltr'><strong>ipsum</strong></span> <span class='ocrx_word' id='word_1_647' title='bbox 1599 4387 1759 4427; x_wconf 90' lang='lat' dir='ltr'><strong>nemo</strong></span> <span class='ocrx_word' id='word_1_648' title='bbox 1808 4372 2025 4430; x_wconf 87' lang='lat' dir='ltr'><strong>Aetium</strong></span> 
     </span>
    </p>
   </div>
   <div class='ocr_carea' id='block_1_91' title="bbox 2128 4369 3710 4466">
    <p class='ocr_par' dir='ltr' id='par_1_91' title="bbox 2133 4369 3710 4447">
     <span class='ocr_line' id='line_1_91' title="bbox 2133 4369 3710 4447; baseline 0.003 -24"><span class='ocrx_word' id='word_1_649' title='bbox 2133 4369 2482 4442; x_wconf 71' lang='grc' dir='ltr'><strong>βλασφημίας</strong></span> <span class='ocrx_word' id='word_1_650' title='bbox 2532 4373 2970 4445; x_wconf 82' lang='grc' dir='ltr'><strong>καρπωσάμενος</strong></span> <span class='ocrx_word' id='word_1_651' title='bbox 3007 4375 3251 4446; x_wconf 83' lang='grc' dir='ltr'><strong>ἀτιμίαν,</strong></span> <span class='ocrx_word' id='word_1_652' title='bbox 3297 4376 3560 4447; x_wconf 71' lang='grc' dir='ltr'><strong>ἐξεϐλήθη</strong></span> <span class='ocrx_word' id='word_1_653' title='bbox 3603 4376 3710 4429; x_wconf 81' lang='grc' dir='ltr'><strong>τῶν</strong></span> 
     </span>
    </p>
   </div>
   <div class='ocr_carea' id='block_1_92' title="bbox 448 4462 2024 4534">
    <p class='ocr_par' dir='ltr' id='par_1_92' title="bbox 448 4462 2024 4534">
     <span class='ocr_line' id='line_1_92' title="bbox 448 4462 2024 4534; baseline 0.001 -18"><span class='ocrx_word' id='word_1_654' title='bbox 448 4462 596 4518; x_wconf 88' lang='lat' dir='ltr'><strong>illius</strong></span> <span class='ocrx_word' id='word_1_655' title='bbox 625 4472 916 4516; x_wconf 87' lang='lat' dir='ltr'><strong>auctorem</strong></span> <span class='ocrx_word' id='word_1_656' title='bbox 943 4464 1288 4517; x_wconf 90' lang='lat' dir='ltr'><strong>memorarit.</strong></span> <span class='ocrx_word' id='word_1_657' title='bbox 1345 4463 1508 4534; x_wconf 79' lang='lat' dir='ltr'><strong>Atqui</strong></span> <span class='ocrx_word' id='word_1_658' title='bbox 1547 4479 1612 4517; x_wconf 81' lang='lat' dir='ltr'><strong>ex</strong></span> <span class='ocrx_word' id='word_1_659' title='bbox 1662 4463 2024 4532; x_wconf 87' lang='lat' dir='ltr'><strong>conjecturis,</strong></span> 
     </span>
    </p>
   </div>
   <div class='ocr_carea' id='block_1_93' title="bbox 448 4553 2026 4624">
    <p class='ocr_par' dir='ltr' id='par_1_93' title="bbox 448 4553 2026 4624">
     <span class='ocr_line' id='line_1_93' title="bbox 448 4553 2026 4624; baseline 0.001 -18"><span class='ocrx_word' id='word_1_660' title='bbox 448 4553 525 4607; x_wconf 89' lang='lat' dir='ltr'><strong>ait</strong></span> <span class='ocrx_word' id='word_1_661' title='bbox 561 4553 880 4624; x_wconf 87' lang='lat' dir='ltr'><strong>imperator,</strong></span> <span class='ocrx_word' id='word_1_662' title='bbox 909 4553 1209 4610; x_wconf 88' lang='lat' dir='ltr'><strong>decernere</strong></span> <span class='ocrx_word' id='word_1_663' title='bbox 1248 4555 1468 4621; x_wconf 69' lang='lat' dir='ltr'><strong>iudices</strong></span> <span class='ocrx_word' id='word_1_664' title='bbox 1496 4570 1604 4608; x_wconf 85' lang='lat' dir='ltr'><strong>non</strong></span> <span class='ocrx_word' id='word_1_665' title='bbox 1649 4554 1869 4619; x_wconf 89' lang='lat' dir='ltr'><strong>debent,</strong></span> <span class='ocrx_word' id='word_1_666' title='bbox 1927 4553 2026 4610; x_wconf 82' lang='lat' dir='ltr'><strong>sed</strong></span> 
     </span>
    </p>
   </div>
   <div class='ocr_carea' id='block_1_94' title="bbox 449 4641 2023 4714">
    <p class='ocr_par' dir='ltr' id='par_1_94' title="bbox 449 4641 2023 4714">
     <span class='ocr_line' id='line_1_94' title="bbox 449 4641 2023 4714; baseline 0.003 -18"><span class='ocrx_word' id='word_1_667' title='bbox 449 4657 539 4696; x_wconf 88' lang='lat' dir='ltr'><strong>res</strong></span> <span class='ocrx_word' id='word_1_668' title='bbox 569 4653 752 4712; x_wconf 83' lang='lat' dir='ltr'><strong>gestas</strong></span> <span class='ocrx_word' id='word_1_669' title='bbox 779 4641 1072 4714; x_wconf 90' lang='lat' dir='ltr'><strong>diligenter</strong></span> <span class='ocrx_word' id='word_1_670' title='bbox 1117 4643 1475 4714; x_wconf 81' lang='lat' dir='ltr'><strong>investigare.</strong></span> <span class='ocrx_word' id='word_1_671' title='bbox 1515 4641 1616 4698; x_wconf 86' lang='lat' dir='ltr'><strong>Cui</strong></span> <span class='ocrx_word' id='word_1_672' title='bbox 1654 4643 1974 4699; x_wconf 87' lang='lat' dir='ltr'><strong>Eustathius</strong></span> <span class='ocrx_word' id='word_1_673' title='bbox 2009 4663 2023 4700; x_wconf 88' lang='lat'><strong>:</strong></span> 
     </span>
    </p>
   </div>
   <div class='ocr_carea' id='block_1_95' title="bbox 448 4731 2028 4804">
    <p class='ocr_par' dir='ltr' id='par_1_95' title="bbox 448 4731 2028 4804">
     <span class='ocr_line' id='line_1_95' title="bbox 448 4731 2028 4804; baseline 0.001 -16"><span class='ocrx_word' id='word_1_674' title='bbox 448 4731 638 4788; x_wconf 78' lang='lat' dir='ltr'><strong>Fidem</strong></span> <span class='ocrx_word' id='word_1_675' title='bbox 667 4749 800 4804; x_wconf 83' lang='lat' dir='ltr'><strong>ergo</strong></span> <span class='ocrx_word' id='word_1_676' title='bbox 830 4734 993 4789; x_wconf 87' lang='lat' dir='ltr'><strong>nobis</strong></span> <span class='ocrx_word' id='word_1_677' title='bbox 1026 4734 1286 4789; x_wconf 89' lang='lat' dir='ltr'><strong>omnibus</strong></span> <span class='ocrx_word' id='word_1_678' title='bbox 1322 4735 1490 4789; x_wconf 80' lang='lat' dir='ltr'><strong>faciat</strong></span> <span class='ocrx_word' id='word_1_679' title='bbox 1521 4733 1803 4790; x_wconf 81' lang='lat' dir='ltr'><strong>Eudoxius</strong></span> <span class='ocrx_word' id='word_1_680' title='bbox 1829 4750 1889 4790; x_wconf 92' lang='lat' dir='ltr'><strong>se</strong></span> <span class='ocrx_word' id='word_1_681' title='bbox 1923 4736 2028 4790; x_wconf 72' lang='grc' dir='ltr'><strong>ἰδία</strong></span> 
     </span>
    </p>
   </div>
   <div class='ocr_carea' id='block_1_96' title="bbox 448 4825 2024 4895">
    <p class='ocr_par' dir='ltr' id='par_1_96' title="bbox 448 4825 2024 4895">
     <span class='ocr_line' id='line_1_96' title="bbox 448 4825 2024 4895; baseline 0 -15"><span class='ocrx_word' id='word_1_682' title='bbox 448 4840 555 4880; x_wconf 86' lang='lat' dir='ltr'><strong>non</strong></span> <span class='ocrx_word' id='word_1_683' title='bbox 588 4825 812 4893; x_wconf 86' lang='lat' dir='ltr'><strong>sentire,</strong></span> <span class='ocrx_word' id='word_1_684' title='bbox 852 4825 1202 4881; x_wconf 86' lang='lat' dir='ltr'><strong>anathemate</strong></span> <span class='ocrx_word' id='word_1_685' title='bbox 1250 4825 1524 4880; x_wconf 90' lang='lat' dir='ltr'><strong>damnans</strong></span> <span class='ocrx_word' id='word_1_686' title='bbox 1563 4826 1831 4895; x_wconf 89' lang='lat' dir='ltr'><strong>scriptum</strong></span> <span class='ocrx_word' id='word_1_687' title='bbox 1858 4826 2024 4880; x_wconf 90' lang='lat' dir='ltr'><strong>Aetii.</strong></span> 
     </span>
    </p>
   </div>
   <div class='ocr_carea' id='block_1_97' title="bbox 445 4916 2024 4988">
    <p class='ocr_par' dir='ltr' id='par_1_97' title="bbox 445 4916 2024 4988">
     <span class='ocr_line' id='line_1_97' title="bbox 445 4916 2024 4988; baseline 0.001 -20"><span class='ocrx_word' id='word_1_688' title='bbox 445 4916 622 4982; x_wconf 87' lang='lat' dir='ltr'><strong>Quam</strong></span> <span class='ocrx_word' id='word_1_689' title='bbox 681 4917 1114 4987; x_wconf 89' lang='lat' dir='ltr'><strong>postulationem</strong></span> <span class='ocrx_word' id='word_1_690' title='bbox 1167 4931 1291 4971; x_wconf 92' lang='lat' dir='ltr'><strong>cum</strong></span> <span class='ocrx_word' id='word_1_691' title='bbox 1351 4917 1640 4986; x_wconf 82' lang='lat' dir='ltr'><strong>probasset</strong></span> <span class='ocrx_word' id='word_1_692' title='bbox 1685 4917 2024 4988; x_wconf 86' lang='lat' dir='ltr'><strong>imperator,</strong></span> 
     </span>
    </p>
   </div>
   <div class='ocr_carea' id='block_1_98' title="bbox 448 5007 2027 5078">
    <p class='ocr_par' dir='ltr' id='par_1_98' title="bbox 448 5007 2027 5078">
     <span class='ocr_line' id='line_1_98' title="bbox 448 5007 2027 5078; baseline -0.001 -16"><span class='ocrx_word' id='word_1_693' title='bbox 448 5017 617 5078; x_wconf 86' lang='lat' dir='ltr'><strong>atque</strong></span> <span class='ocrx_word' id='word_1_694' title='bbox 674 5008 749 5062; x_wconf 86' lang='lat' dir='ltr'><strong>ita</strong></span> <span class='ocrx_word' id='word_1_695' title='bbox 807 5009 927 5063; x_wconf 79' lang='lat' dir='ltr'><strong>ﬁeri</strong></span> <span class='ocrx_word' id='word_1_696' title='bbox 978 5007 1290 5076; x_wconf 84' lang='lat' dir='ltr'><strong>mandaret,</strong></span> <span class='ocrx_word' id='word_1_697' title='bbox 1338 5008 1738 5078; x_wconf 82' lang='lat' dir='ltr'><strong>tergiversatus</strong></span> <span class='ocrx_word' id='word_1_698' title='bbox 1786 5016 1872 5064; x_wconf 87' lang='lat' dir='ltr'><strong>est</strong></span> <span class='ocrx_word' id='word_1_699' title='bbox 1919 5008 2027 5062; x_wconf 86' lang='lat' dir='ltr'><strong>Eu-</strong></span> 
     </span>
    </p>
   </div>
   <div class='ocr_carea' id='block_1_99' title="bbox 446 5100 2020 5173">
    <p class='ocr_par' dir='ltr' id='par_1_99' title="bbox 446 5100 2020 5173">
     <span class='ocr_line' id='line_1_99' title="bbox 446 5100 2020 5173; baseline 0 -18"><span class='ocrx_word' id='word_1_700' title='bbox 446 5102 667 5169; x_wconf 71' lang='lat' dir='ltr'><strong>dosius,</strong></span> <span class='ocrx_word' id='word_1_701' title='bbox 726 5101 1026 5173; x_wconf 87' lang='lat' dir='ltr'><strong>multisque</strong></span> <span class='ocrx_word' id='word_1_702' title='bbox 1069 5101 1246 5156; x_wconf 81' lang='lat' dir='ltr'><strong>modis</strong></span> <span class='ocrx_word' id='word_1_703' title='bbox 1310 5101 1756 5172; x_wconf 85' lang='lat' dir='ltr'><strong>provocationem</strong></span> <span class='ocrx_word' id='word_1_704' title='bbox 1796 5100 2020 5156; x_wconf 89' lang='lat' dir='ltr'><strong>eludere</strong></span> 
     </span>
    </p>
   </div>
   <div class='ocr_carea' id='block_1_100' title="bbox 2133 4461 3712 4536">
    <p class='ocr_par' dir='ltr' id='par_1_100' title="bbox 2133 4461 3712 4536">
     <span class='ocr_line' id='line_1_100' title="bbox 2133 4461 3712 4536; baseline 0.004 -20"><span class='ocrx_word' id='word_1_705' title='bbox 2133 4461 2441 4532; x_wconf 87' lang='grc' dir='ltr'><strong>βασιλείων.</strong></span> <span class='ocrx_word' id='word_1_706' title='bbox 2468 4462 2765 4527; x_wconf 79' lang='grc' dir='ltr'><strong>Εὑστάθιος</strong></span> <span class='ocrx_word' id='word_1_707' title='bbox 2791 4464 2847 4518; x_wconf 81' lang='grc' dir='ltr'><strong>δὲ</strong></span> <span class='ocrx_word' id='word_1_708' title='bbox 2877 4465 2972 4519; x_wconf 79' lang='grc' dir='ltr'><strong>καί</strong></span> <span class='ocrx_word' id='word_1_709' title='bbox 3005 4466 3096 4520; x_wconf 76' lang='grc' dir='ltr'><strong>τὸν</strong></span> <span class='ocrx_word' id='word_1_710' title='bbox 3133 4467 3382 4532; x_wconf 82' lang='grc' dir='ltr'><strong>Εὑδόξιον</strong></span> <span class='ocrx_word' id='word_1_711' title='bbox 3414 4467 3514 4536; x_wconf 72' lang='grc' dir='ltr'><strong>ἔφη</strong></span> <span class='ocrx_word' id='word_1_712' title='bbox 3541 4467 3712 4522; x_wconf 82' lang='grc' dir='ltr'><strong>ταῦτα</strong></span> 
     </span>
    </p>
   </div>
   <div class='ocr_carea' id='block_1_101' title="bbox 2129 4553 3713 4627">
    <p class='ocr_par' dir='ltr' id='par_1_101' title="bbox 2129 4553 3713 4627">
     <span class='ocr_line' id='line_1_101' title="bbox 2129 4553 3713 4627; baseline 0.003 -19"><span class='ocrx_word' id='word_1_713' title='bbox 2129 4557 2377 4626; x_wconf 79' lang='grc' dir='ltr'><strong>φρονεῖν’</strong></span> <span class='ocrx_word' id='word_1_714' title='bbox 2439 4553 2685 4608; x_wconf 82' lang='grc' dir='ltr'><strong>σύνοικον</strong></span> <span class='ocrx_word' id='word_1_715' title='bbox 2740 4555 2851 4627; x_wconf 75' lang='grc' dir='ltr'><strong>γὰρ</strong></span> <span class='ocrx_word' id='word_1_716' title='bbox 2914 4556 3080 4612; x_wconf 80' lang='grc' dir='ltr'><strong>αὐτοῦ</strong></span> <span class='ocrx_word' id='word_1_717' title='bbox 3141 4558 3233 4610; x_wconf 76' lang='grc' dir='ltr'><strong>καὶ</strong></span> <span class='ocrx_word' id='word_1_718' title='bbox 3299 4556 3552 4610; x_wconf 86' lang='grc' dir='ltr'><strong>σύσσιτον</strong></span> <span class='ocrx_word' id='word_1_719' title='bbox 3621 4558 3713 4612; x_wconf 69' lang='grc' dir='ltr'><strong>τὸν</strong></span> 
     </span>
    </p>
   </div>
   <div class='ocr_carea' id='block_1_102' title="bbox 2143 4639 3714 4719">
    <p class='ocr_par' dir='ltr' id='par_1_102' title="bbox 2143 4639 3714 4719">
     <span class='ocr_line' id='line_1_102' title="bbox 2143 4639 3714 4719; baseline 0.003 -21"><span class='ocrx_word' id='word_1_720' title='bbox 2143 4646 2346 4700; x_wconf 82' lang='grc' dir='ltr'><strong>’Δέτιον</strong></span> <span class='ocrx_word' id='word_1_721' title='bbox 2391 4639 2553 4711; x_wconf 77' lang='grc' dir='ltr'><strong>εἶναι,</strong></span> <span class='ocrx_word' id='word_1_722' title='bbox 2607 4646 2704 4699; x_wconf 75' lang='grc' dir='ltr'><strong>καὶ</strong></span> <span class='ocrx_word' id='word_1_723' title='bbox 2749 4649 2815 4717; x_wconf 85' lang='grc' dir='ltr'><strong>τῇ</strong></span> <span class='ocrx_word' id='word_1_724' title='bbox 2875 4647 3065 4701; x_wconf 84' lang='grc' dir='ltr'><strong>τούτου</strong></span> <span class='ocrx_word' id='word_1_725' title='bbox 3111 4647 3308 4719; x_wconf 74' lang='grc' dir='ltr'><strong>γνώμη</strong></span> <span class='ocrx_word' id='word_1_726' title='bbox 3360 4648 3714 4703; x_wconf 80' lang='grc' dir='ltr'><strong>διακονοῦντα</strong></span> 
     </span>
    </p>
   </div>
   <div class='ocr_carea' id='block_1_103' title="bbox 2130 4735 3716 4811">
    <p class='ocr_par' dir='ltr' id='par_1_103' title="bbox 2130 4735 3716 4811">
     <span class='ocr_line' id='line_1_103' title="bbox 2130 4735 3716 4811; baseline 0.001 -22"><span class='ocrx_word' id='word_1_727' title='bbox 2130 4736 2338 4790; x_wconf 76' lang='grc' dir='ltr'><strong>ἐκεῖνον</strong></span> <span class='ocrx_word' id='word_1_728' title='bbox 2362 4735 2461 4807; x_wconf 74' lang='grc' dir='ltr'><strong>τὴν</strong></span> <span class='ocrx_word' id='word_1_729' title='bbox 2489 4735 2838 4808; x_wconf 77' lang='grc' dir='ltr'><strong>βλασφημίαν</strong></span> <span class='ocrx_word' id='word_1_730' title='bbox 2869 4739 3329 4808; x_wconf 73' lang='grc' dir='ltr'><strong>συγγεγραφέναι.</strong></span> <span class='ocrx_word' id='word_1_731' title='bbox 3361 4740 3474 4796; x_wconf 74' lang='grc' dir='ltr'><strong>Καὶ</strong></span> <span class='ocrx_word' id='word_1_732' title='bbox 3505 4742 3716 4811; x_wconf 78' lang='grc' dir='ltr'><strong>τεκμή-</strong></span> 
     </span>
    </p>
   </div>
   <div class='ocr_carea' id='block_1_104' title="bbox 2137 4825 3716 4903">
    <p class='ocr_par' dir='ltr' id='par_1_104' title="bbox 2137 4825 3716 4903">
     <span class='ocr_line' id='line_1_104' title="bbox 2137 4825 3716 4903; baseline 0.001 -20"><span class='ocrx_word' id='word_1_733' title='bbox 2137 4847 2249 4901; x_wconf 86' lang='grc' dir='ltr'><strong>ριον</strong></span> <span class='ocrx_word' id='word_1_734' title='bbox 2275 4830 2459 4898; x_wconf 77' lang='grc' dir='ltr'><strong>ἔλεγεν</strong></span> <span class='ocrx_word' id='word_1_735' title='bbox 2489 4825 2626 4884; x_wconf 79' lang='grc' dir='ltr'><strong>εἰναι</strong></span> <span class='ocrx_word' id='word_1_736' title='bbox 2657 4831 2826 4900; x_wconf 81' lang='grc' dir='ltr'><strong>σαφὲς</strong></span> <span class='ocrx_word' id='word_1_737' title='bbox 2855 4829 2948 4883; x_wconf 81' lang='grc' dir='ltr'><strong>τοῦ</strong></span> <span class='ocrx_word' id='word_1_738' title='bbox 2989 4829 3290 4886; x_wconf 83' lang='grc' dir='ltr'><strong>συνειδέναι</strong></span> <span class='ocrx_word' id='word_1_739' title='bbox 3325 4835 3438 4894; x_wconf 83' lang='grc' dir='ltr'><strong>τοῖς</strong></span> <span class='ocrx_word' id='word_1_740' title='bbox 3463 4849 3716 4903; x_wconf 84' lang='grc' dir='ltr'><strong>γεγραμ-</strong></span> 
     </span>
    </p>
   </div>
   <div class='ocr_carea' id='block_1_105' title="bbox 2137 4921 3718 4994">
    <p class='ocr_par' dir='ltr' id='par_1_105' title="bbox 2137 4921 3718 4994">
     <span class='ocr_line' id='line_1_105' title="bbox 2137 4921 3718 4994; baseline 0.003 -20"><span class='ocrx_word' id='word_1_741' title='bbox 2137 4921 2337 4991; x_wconf 81' lang='grc' dir='ltr'><strong>μένοις,</strong></span> <span class='ocrx_word' id='word_1_742' title='bbox 2357 4922 2416 4974; x_wconf 82' lang='grc' dir='ltr'><strong>τὸ</strong></span> <span class='ocrx_word' id='word_1_743' title='bbox 2439 4921 2643 4992; x_wconf 83' lang='grc' dir='ltr'><strong>μηδένα</strong></span> <span class='ocrx_word' id='word_1_744' title='bbox 2659 4921 2866 4993; x_wconf 72' lang='grc' dir='ltr'><strong>ἕτερον,</strong></span> <span class='ocrx_word' id='word_1_745' title='bbox 2883 4922 2998 4975; x_wconf 76' lang='grc' dir='ltr'><strong>ἀλλ’</strong></span> <span class='ocrx_word' id='word_1_746' title='bbox 3018 4922 3180 4976; x_wconf 79' lang='grc' dir='ltr'><strong>αὑτὸν</strong></span> <span class='ocrx_word' id='word_1_747' title='bbox 3197 4924 3475 4994; x_wconf 84' lang='grc' dir='ltr'><strong>εἰρηκέναι</strong></span> <span class='ocrx_word' id='word_1_748' title='bbox 3506 4925 3718 4979; x_wconf 72' lang='grc' dir='ltr'><strong>Ἀετίου</strong></span> 
     </span>
    </p>
   </div>
   <div class='ocr_carea' id='block_1_106' title="bbox 2135 5005 3718 5086">
    <p class='ocr_par' dir='ltr' id='par_1_106' title="bbox 2135 5005 3718 5086">
     <span class='ocr_line' id='line_1_106' title="bbox 2135 5005 3718 5086; baseline 0.006 -23"><span class='ocrx_word' id='word_1_749' title='bbox 2135 5005 2394 5082; x_wconf 74' lang='grc' dir='ltr'><strong>εἶναιτὴν</strong></span> <span class='ocrx_word' id='word_1_750' title='bbox 2423 5010 2658 5067; x_wconf 72' lang='grc' dir='ltr'><strong>ἔκθεσιν.</strong></span> <span class='ocrx_word' id='word_1_751' title='bbox 2702 5012 2844 5065; x_wconf 83' lang='grc' dir='ltr'><strong>Ἀλλ’</strong></span> <span class='ocrx_word' id='word_1_752' title='bbox 2871 5014 2932 5066; x_wconf 84' lang='grc' dir='ltr'><strong>οὐ</strong></span> <span class='ocrx_word' id='word_1_753' title='bbox 2968 5015 3072 5086; x_wconf 79' lang='grc' dir='ltr'><strong>χρὴ</strong></span> <span class='ocrx_word' id='word_1_754' title='bbox 3103 5015 3440 5080; x_wconf 76' lang='grc' dir='ltr'><strong>τοπάζοντας</strong></span> <span class='ocrx_word' id='word_1_755' title='bbox 3481 5018 3608 5080; x_wconf 78' lang='grc' dir='ltr'><strong>τοὺς</strong></span> <span class='ocrx_word' id='word_1_756' title='bbox 3637 5019 3718 5072; x_wconf 83' lang='grc' dir='ltr'><strong>δι-</strong></span> 
     </span>
    </p>
   </div>
   <div class='ocr_carea' id='block_1_107' title="bbox 2128 5101 3720 5177">
    <p class='ocr_par' dir='ltr' id='par_1_107' title="bbox 2128 5101 3720 5177">
     <span class='ocr_line' id='line_1_107' title="bbox 2128 5101 3720 5177; baseline 0.004 -22"><span class='ocrx_word' id='word_1_757' title='bbox 2128 5101 2394 5166; x_wconf 79' lang='grc' dir='ltr'><strong>κάζοντας</strong></span> <span class='ocrx_word' id='word_1_758' title='bbox 2424 5103 2648 5174; x_wconf 85' lang='grc' dir='ltr'><strong>κρίνειν,</strong></span> <span class='ocrx_word' id='word_1_759' title='bbox 2676 5105 2706 5156; x_wconf 89' lang='lat'><strong>6</strong></span> <span class='ocrx_word' id='word_1_760' title='bbox 2727 5101 2978 5173; x_wconf 78' lang='grc' dir='ltr'><strong>βασιλεὺς</strong></span> <span class='ocrx_word' id='word_1_761' title='bbox 3001 5104 3132 5176; x_wconf 74' lang='grc' dir='ltr'><strong>ἔφη,</strong></span> <span class='ocrx_word' id='word_1_762' title='bbox 3164 5105 3234 5160; x_wconf 79' lang='grc' dir='ltr'><strong>τὰ</strong></span> <span class='ocrx_word' id='word_1_763' title='bbox 3259 5106 3317 5158; x_wconf 87' lang='grc' dir='ltr'><strong>δὲ</strong></span> <span class='ocrx_word' id='word_1_764' title='bbox 3345 5107 3720 5177; x_wconf 81' lang='grc' dir='ltr'><strong>πεπραγμένα</strong></span> 
     </span>
    </p>
   </div>
   <div class='ocr_carea' id='block_1_108' title="bbox 1705 5275 2390 5336">
    <p class='ocr_par' dir='ltr' id='par_1_108' title="bbox 1705 5275 2390 5336">
     <span class='ocr_line' id='line_1_108' title="bbox 1705 5275 2390 5336; baseline 0 -2"><span class='ocrx_word' id='word_1_765' title='bbox 1705 5275 1941 5334; x_wconf 73' lang='lat' dir='ltr'><strong>VARl/E</strong></span> <span class='ocrx_word' id='word_1_766' title='bbox 1983 5275 2390 5336; x_wconf 85' lang='lat' dir='ltr'><strong>LECTIONES.</strong></span> 
     </span>
    </p>
   </div>
   <div class='ocr_carea' id='block_1_109' title="bbox 515 5420 1340 5494">
    <p class='ocr_par' dir='ltr' id='par_1_109' title="bbox 515 5420 1340 5494">
     <span class='ocr_line' id='line_1_109' title="bbox 515 5420 1340 5494; baseline -0.002 -16"><span class='ocrx_word' id='word_1_767' title='bbox 515 5420 563 5455; x_wconf 71' lang='grc'>⁷⁸</span> <span class='ocrx_word' id='word_1_768' title='bbox 592 5422 829 5494; x_wconf 72' lang='grc' dir='ltr'><strong>σιγῆναι.</strong></span> <span class='ocrx_word' id='word_1_769' title='bbox 875 5420 1001 5494; x_wconf 76' lang='lat' dir='ltr'><strong>Bas.</strong></span> <span class='ocrx_word' id='word_1_770' title='bbox 1046 5421 1221 5479; x_wconf 66' lang='lat' dir='ltr'><strong>Graec.</strong></span> <span class='ocrx_word' id='word_1_771' title='bbox 1257 5422 1340 5494; x_wconf 63' lang='lat' dir='ltr'><strong>_&#39;f</strong></span> 
     </span>
    </p>
   </div>
   <div class='ocr_carea' id='block_1_110' title="bbox 440 5483 1069 5554">
    <p class='ocr_par' dir='ltr' id='par_1_110' title="bbox 440 5483 1069 5554">
     <span class='ocr_line' id='line_1_110' title="bbox 440 5483 1069 5554; baseline 0.003 -9"><span class='ocrx_word' id='word_1_772' title='bbox 440 5483 485 5514; x_wconf 80' lang='lat'><strong>&quot;</strong></span> <span class='ocrx_word' id='word_1_773' title='bbox 522 5483 860 5554; x_wconf 60' lang='grc' dir='ltr'><strong>αὑτόέἶἮςις.</strong></span> <span class='ocrx_word' id='word_1_774' title='bbox 896 5491 1069 5548; x_wconf 80' lang='lat' dir='ltr'><strong>Grzec.</strong></span> 
     </span>
    </p>
   </div>
   <div class='ocr_carea' id='block_1_111' title="bbox 1391 5411 3182 5494">
    <p class='ocr_par' dir='ltr' id='par_1_111' title="bbox 1391 5411 3182 5494">
     <span class='ocr_line' id='line_1_111' title="bbox 1391 5411 3182 5494; baseline 0.002 -21"><span class='ocrx_word' id='word_1_775' title='bbox 1391 5417 1660 5494; x_wconf 68' lang='grc' dir='ltr'><strong>βασιλεύς.</strong></span> <span class='ocrx_word' id='word_1_776' title='bbox 1712 5416 1887 5494; x_wconf 67' lang='lat' dir='ltr'><strong>idem.</strong></span> <span class='ocrx_word' id='word_1_777' title='bbox 1952 5419 2009 5494; x_wconf 59' lang='lat'><em>1‘</em></span> <span class='ocrx_word' id='word_1_778' title='bbox 2045 5419 2443 5494; x_wconf 77' lang='grc' dir='ltr'><strong>συγγέγραφεν,</strong></span> <span class='ocrx_word' id='word_1_779' title='bbox 2478 5417 2602 5494; x_wconf 79' lang='lat' dir='ltr'><strong>Bas.</strong></span> <span class='ocrx_word' id='word_1_780' title='bbox 2658 5420 2833 5494; x_wconf 54' lang='grc' dir='ltr'><strong>(ἔξεο.</strong></span> <span class='ocrx_word' id='word_1_781' title='bbox 2876 5433 2932 5478; x_wconf 88' lang='lat' dir='ltr'><strong>et</strong></span> <span class='ocrx_word' id='word_1_782' title='bbox 2978 5411 3182 5494; x_wconf 59' lang='lat' dir='ltr'><strong>Steph.</strong></span> 
     </span>
    </p>
   </div>
   <div class='ocr_carea' id='block_1_112' title="bbox 3273 5421 3716 5494">
    <p class='ocr_par' dir='ltr' id='par_1_112' title="bbox 3273 5421 3716 5494">
     <span class='ocr_line' id='line_1_112' title="bbox 3273 5421 3716 5494; baseline 0.005 -17"><span class='ocrx_word' id='word_1_783' title='bbox 3273 5423 3316 5460; x_wconf 70' lang='grc' dir='ltr'><strong>τ’</strong></span> <span class='ocrx_word' id='word_1_784' title='bbox 3359 5423 3486 5494; x_wconf 74' lang='grc' dir='ltr'><strong>ἔφη.</strong></span> <span class='ocrx_word' id='word_1_785' title='bbox 3515 5421 3716 5479; x_wconf 84' lang='lat' dir='ltr'><strong>Iidem.</strong></span> 
     </span>
    </p>
   </div>
   <div class='ocr_carea' id='block_1_113' title="bbox 1174 5489 3713 5565">
    <p class='ocr_par' dir='ltr' id='par_1_113' title="bbox 1174 5489 3713 5565">
     <span class='ocr_line' id='line_1_113' title="bbox 1174 5489 3713 5565; baseline 0.002 -21"><span class='ocrx_word' id='word_1_786' title='bbox 1174 5494 1225 5565; x_wconf 15' lang='grc' dir='ltr'><strong>πμ</strong></span> <span class='ocrx_word' id='word_1_787' title='bbox 1249 5489 1538 5565; x_wconf 61' lang='grc' dir='ltr'><strong>δεξάμενος</strong></span> <span class='ocrx_word' id='word_1_788' title='bbox 1579 5489 1765 5565; x_wconf 62' lang='lat' dir='ltr'><strong>Steph.</strong></span> <span class='ocrx_word' id='word_1_789' title='bbox 1801 5489 1836 5541; x_wconf 75' lang='grc'>2</span> <span class='ocrx_word' id='word_1_790' title='bbox 1858 5497 1915 5565; x_wconf 84' lang='lat' dir='ltr'><strong>_et</strong></span> <span class='ocrx_word' id='word_1_791' title='bbox 1943 5489 2178 5565; x_wconf 71' lang='lat' dir='ltr'><strong>Qasattb.</strong></span> <span class='ocrx_word' id='word_1_792' title='bbox 2254 5489 2300 5521; x_wconf 88' lang='grc'><strong>⁸⁰</strong></span> <span class='ocrx_word' id='word_1_793' title='bbox 2330 5490 2423 5565; x_wconf 70' lang='grc' dir='ltr'><strong>καί</strong></span> <span class='ocrx_word' id='word_1_794' title='bbox 2462 5492 2616 5565; x_wconf 74' lang='lat' dir='ltr'><strong>abest</strong></span> <span class='ocrx_word' id='word_1_795' title='bbox 2644 5508 2671 5543; x_wconf 88' lang='lat' dir='ltr'><strong>a</strong></span> <span class='ocrx_word' id='word_1_796' title='bbox 2697 5491 2820 5565; x_wconf 84' lang='lat' dir='ltr'><strong>Bas.</strong></span> <span class='ocrx_word' id='word_1_797' title='bbox 2852 5495 3026 5565; x_wconf 58' lang='lat' dir='ltr'><strong>Graec.</strong></span> <span class='ocrx_word' id='word_1_798' title='bbox 3073 5489 3148 5526; x_wconf 79' lang='grc'><strong>’⁸⁸</strong></span> <span class='ocrx_word' id='word_1_799' title='bbox 3181 5493 3292 5548; x_wconf 90' lang='lat' dir='ltr'><strong>tloc</strong></span> <span class='ocrx_word' id='word_1_800' title='bbox 3323 5489 3486 5549; x_wconf 58' lang='lat' dir='ltr'><strong>est&#39;ét</strong></span> <span class='ocrx_word' id='word_1_801' title='bbox 3515 5494 3713 5565; x_wconf 82' lang='lat' dir='ltr'><strong>Steph.</strong></span> 
     </span>
    </p>
   </div>
   <div class='ocr_carea' id='block_1_114' title="bbox 446 5559 3712 5635">
    <p class='ocr_par' dir='ltr' id='par_1_114' title="bbox 446 5559 3712 5635">
     <span class='ocr_line' id='line_1_114' title="bbox 446 5559 3712 5635; baseline 0.002 -23"><span class='ocrx_word' id='word_1_802' title='bbox 446 5561 552 5635; x_wconf 58' lang='lat' dir='ltr'><strong>Yet</strong></span> <span class='ocrx_word' id='word_1_803' title='bbox 583 5563 826 5635; x_wconf 73' lang='lat' dir='ltr'><strong>(.‘asaub.</strong></span> <span class='ocrx_word' id='word_1_804' title='bbox 873 5565 1087 5635; x_wconf 52' lang='lat' dir='ltr'><strong>codice.</strong></span> <span class='ocrx_word' id='word_1_805' title='bbox 1125 5561 1228 5635; x_wconf 83' lang='lat' dir='ltr'><strong>Sed</strong></span> <span class='ocrx_word' id='word_1_806' title='bbox 1258 5559 1588 5635; x_wconf 47' lang='lat' dir='ltr'><strong>Basicraec.</strong></span> <span class='ocrx_word' id='word_1_807' title='bbox 1639 5559 1910 5635; x_wconf 81' lang='lat' dir='ltr'><strong>et_Stcph.</strong></span> <span class='ocrx_word' id='word_1_808' title='bbox 1963 5561 1988 5615; x_wconf 78' lang='grc'><strong>1</strong></span> <span class='ocrx_word' id='word_1_809' title='bbox 2035 5559 2424 5631; x_wconf 77' lang='grc' dir='ltr'><strong>ἀνοσιουργῶν.</strong></span> <span class='ocrx_word' id='word_1_810' title='bbox 2500 5562 2545 5594; x_wconf 82' lang='grc'>⁸⁸</span> <span class='ocrx_word' id='word_1_811' title='bbox 2587 5563 2982 5633; x_wconf 81' lang='grc' dir='ltr'><strong>προσηλωθείς.</strong></span> <span class='ocrx_word' id='word_1_812' title='bbox 3027 5565 3151 5622; x_wconf 86' lang='lat' dir='ltr'><strong>Bas.</strong></span> <span class='ocrx_word' id='word_1_813' title='bbox 3197 5565 3370 5621; x_wconf 71' lang='lat' dir='ltr'><strong>Graec.</strong></span> <span class='ocrx_word' id='word_1_814' title='bbox 3399 5574 3453 5620; x_wconf 92' lang='lat' dir='ltr'><strong>et</strong></span> <span class='ocrx_word' id='word_1_815' title='bbox 3509 5559 3712 5635; x_wconf 68' lang='lat' dir='ltr'><strong>Steph.</strong></span> 
     </span>
    </p>
   </div>
   <div class='ocr_carea' id='block_1_115' title="bbox 441 5629 1851 5704">
    <p class='ocr_par' dir='ltr' id='par_1_115' title="bbox 441 5629 1851 5704">
     <span class='ocr_line' id='line_1_115' title="bbox 441 5629 1851 5704; baseline 0.003 -24"><span class='ocrx_word' id='word_1_816' title='bbox 441 5634 640 5697; x_wconf 72' lang='lat' dir='ltr'><strong>auiisso</strong></span> <span class='ocrx_word' id='word_1_817' title='bbox 679 5632 843 5700; x_wconf 79' lang='lat' dir='ltr'><strong>paulo</strong></span> <span class='ocrx_word' id='word_1_818' title='bbox 877 5645 1000 5698; x_wconf 83' lang='lat' dir='ltr'><strong>post</strong></span> <span class='ocrx_word' id='word_1_819' title='bbox 1023 5633 1118 5702; x_wconf 78' lang='grc' dir='ltr'><strong>τῷ,</strong></span> <span class='ocrx_word' id='word_1_820' title='bbox 1144 5632 1271 5704; x_wconf 76' lang='grc' dir='ltr'><strong>γὰρ,</strong></span> <span class='ocrx_word' id='word_1_821' title='bbox 1303 5641 1428 5688; x_wconf 88' lang='lat' dir='ltr'><strong>ante</strong></span> <span class='ocrx_word' id='word_1_822' title='bbox 1455 5630 1560 5684; x_wconf 75' lang='grc' dir='ltr'><strong>τῶν</strong></span> <span class='ocrx_word' id='word_1_823' title='bbox 1587 5629 1851 5684; x_wconf 83' lang='grc' dir='ltr'><strong>κολάκων.</strong></span> 
     </span>
    </p>
   </div>
  </div>
