4032 6192
317 211 455 278 Ῑθϐθ

1274 214 1870 275 ECCLESIASTICE
1913 208 2296 274 HISTORL-E
2325 214 2472 276 LIB.
2507 215 2588 274 II.

3448 210 3582 272 1070

315 324 416 377 σὺν
451 323 708 396 ἀκριϐείᾳ
742 323 946 395 ζητεῖν.
975 323 1204 387 Οὐκοῦν,
1234 323 1338 396 ἔφη
1368 326 1396 378 6
1430 325 1748 392 Εὖστάθιος,
1779 341 1897 378 πει-

2011 332 2233 380 :onatus
2260 334 2365 380 est.
2389 323 2637 379 Tandem
2680 323 2810 396 quia
2841 321 3234 396 indignabatur
3262 320 3580 393 imperator.

317 419 467 470 σάτω
513 416 721 482 πάντας
765 418 913 488 ἡμᾶς
963 415 1038 488 μὴ
1085 415 1258 471 ταῦτα
1289 419 1504 487 φρονεῖν
1551 419 1581 471 6
1630 416 1898 485 Εὐδόξιος,

317 508 730 578 ἀναθεματίζων
753 507 849 560 τοῦ
886 507 1093 562 Ἀετίου
1124 509 1182 560 τὸ
1210 507 1570 580 σύγγραμμα.
1601 507 1708 562 Τοῦ
1729 509 1784 562 δὲ
1807 509 1904 580 βαη

321 598 513 662 σιλέως
537 597 832 662 ἀσπαστῶς
846 599 892 632 ⁸³
914 597 1206 670 δεξαμένου
1236 599 1333 670 τὴν
1361 599 1597 668 αἴτησιν,
1625 599 1721 652 καὶ
1747 600 1902 654 τοῦτο

319 691 573 760 γενέσθαι
621 690 1070 761 προστεταχότος,
1127 690 1378 745 ἀνεδύετο
1419 691 1516 763 μὲν
1547 691 1576 745 6
1632 691 1900 758 Εὐδόξιος,

321 783 415 836 καὶ
449 781 669 844 πολλαῖς
698 782 965 853 ἐκέχρητο
1017 784 1307 852 μηχαναῖς,
1360 783 1602 837 ἐκκλῖναι
1631 784 1730 854 τὴν
1770 782 1902 854 πρό-

320 873 514 945 κλησιν
531 874 597 928 8‘.
633 873 848 944 Ἐπειδὴ
881 873 938 928 δὲ
969 859 1298 944 ἐχαλέπηνεν
1327 875 1354 927 6
1382 873 1652 944 βασιλεὺς,
1683 874 1776 927 καὶ
1807 873 1903 928 σὺν

333 967 524 1038 Ἀετίῳ
545 967 780 1038 πέμψειν
808 967 1123 1038 ἠπείλησεν,
1159 967 1235 1031 ὡς
1261 967 1353 1020 τοῦ
1382 967 1672 1032 δυσσεϐοῦς
1699 966 1902 1038 φρονή-

325 1076 493 1128 ματος
551 1059 823 1123 κοινωνὸν,
866 1057 964 1128 τὴν
1009 1057 1216 1112 οἰκείαν
1269 1057 1478 1130 ἠρνήθη
1528 1057 1900 1123 διδασκαλίαν,

322 1151 392 1222 ἣν
423 1151 514 1204 καὶ
546 1151 666 1204 τότε
716 1151 811 1204 καὶ
849 1149 986 1221 μετά
1019 1149 1193 1204 ταῦτα
1231 1149 1382 1222 [115]
1430 1149 1752 1222 πρεσϐεύων
1788 1149 1904 1204 δια-

325 1242 624 1298 τετέλεκεν.
679 1237 1053 1314 Ἀντεπήγαγε
1099 1242 1280 1312 μέντοι
1315 1242 1407 1296 καὶ
1437 1241 1600 1305 αὐτὸς
1630 1243 1744 1304 τοῖς
1777 1239 1907 1310 περὶ

326 1331 416 1385 τὸν
448 1331 766 1394 Εὐστάθιον,
810 1333 1006 1404 χρῆναι
1037 1331 1130 1386 καὶ
1157 1331 1355 1394 αὐτοὺς
1395 1329 1791 1401 ἀναθεματίσαι
1816 1328 1905 1381 λέ-

327 1441 435 1492 γων
469 1423 714 1494 ἄγραφον
741 1423 800 1477 ὃν
827 1423 922 1476 τοῦ
949 1422 1280 1493 ὁμοθυσίου
1305 1420 1364 1474 τὸ
1393 1420 1710 1492 πρόσρημα.
1746 1417 1906 1472 Ἀλλά

331 1514 422 1569 καὶ
453 1514 513 1567 τὸ
547 1513 616 1578 ἐξ
644 1517 756 1568 οὐκ
798 1513 1012 1578 ὄντων,
1045 1515 1075 1566 6
1120 1511 1379 1576 Σιλϐανδς
1409 1511 1536 1580 ἔφη,
1573 1511 1670 1565 καὶ
1698 1511 1757 1563 τὸ
1785 1510 1907 1564 κτί-

327 1622 470 1674 σμα,
506 1607 598 1659 καὶ
628 1605 689 1659 τὸ
727 1605 1107 1673 ἐτεροούσιον
1135 1603 1360 1675 ἄγραφα
1402 1602 1760 1672 τυγχάνοντα,
1811 1601 1906 1656 καὶ

2007 423 2060 470 et
2084 415 2339 470 exsilium
2367 431 2489 470 cum
2509 415 2689 482 Aetio,
2720 417 2868 472 velut
2891 415 3070 486 impiae
3094 415 3382 472 sententia
3407 414 3581 481 socio,

2010 506 2352 568 minabatur,
2413 505 2693 575 propriam
2774 507 2892 577 ipse
2948 504 3256 561 doctrinam
3321 504 3582 575 ejuravit,

2007 612 2174 668 quam
2203 607 2258 654 et
2292 598 2389 654 illo
2429 605 2701 669 tempore,
2751 606 2806 654 et
2863 605 3056 668 postea
3089 612 3305 668 semper
3336 596 3587 668 proﬁteri

2009 703 2118 743 non
2150 689 2384 746 destitit.
2422 691 2682 744 Attamen
2710 688 2912 760 objccit
2951 699 3006 746 et
3038 693 3154 760 ipse
3194 689 3438 746 vicissim
3471 687 3587 742 Eu-

2005 781 2216 837 stathio
2248 789 2302 836 et
2325 781 2516 849 sociis,
2560 783 2822 836 homousii
2853 798 3072 866 quoque
3101 799 3320 851 nomen,
3354 781 3501 854 quod
3533 783 3588 836 in

2011 870 2317 943 Scripturae
2374 888 2485 928 non
2533 878 2732 938 exstet,
2798 873 3060 930 damnare
3114 873 3266 945 ipsos
3308 880 3585 945 oportere.
3677 906 3680 908 -

2013 963 2121 1020 Sed
2166 973 2222 1020 et
2265 978 2331 1019 ea:
2361 981 2464 1019 non
2490 963 2846 1032 exstantibus,
2875 965 2955 1021 ait
2985 963 3265 1030 Silvanus,
3294 974 3348 1020 et
3376 974 3589 1018 creatu-

2011 1072 2150 1120 ram,
2180 1065 2235 1112 et
2269 1057 2492 1113 alterius
2534 1056 2870 1124 substantiae,
2905 1073 3029 1129 qua:
3057 1057 3115 1112 in
3159 1057 3449 1127 Scriptura
3477 1069 3587 1110 non

2013 1153 2163 1212 sunt,
2198 1155 2254 1201 ct
2285 1163 2464 1218 neque
2502 1148 2555 1202 in
2583 1147 2943 1218 prapheticis,
2979 1163 3158 1218 neque
3189 1147 3243 1202 in
3273 1145 3593 1217 apostolicis

2013 1238 2238 1310 scriptis
2285 1237 2456 1312 898
2507 1257 2742 1312 usquam
2800 1241 3196 1311 reperiuntur,
3255 1254 3473 1310 aequum
3507 1245 3593 1293 est

2015 1328 2144 1386 illos
2181 1345 2465 1402 respuere,
2495 1340 2662 1404 atque
2693 1349 2772 1389 ex
2807 1334 3012 1389 divinis
3065 1331 3305 1387 cratibus
3333 1329 3592 1384 exterrui-

2009 1432 2170 1474 nare.
2199 1417 2295 1475 His
2327 1433 2594 1478 assensus
2620 1430 2704 1478 est
2753 1423 3074 1492 imperator,
3115 1428 3170 1477 et
3202 1430 3260 1475 ut
3293 1418 3592 1474 anathema

2012 1510 2264 1566 dicerent
2292 1511 2604 1582 imperavit.
2642 1513 2722 1569 Illi
2757 1524 2940 1570 autem
2973 1515 3214 1585 primum
3252 1511 3474 1584 quidem
3503 1524 3593 1566 re-

2011 1611 2328 1674 pugnarunt
2357 1623 2372 1658 :
2416 1614 2606 1676 postea
2645 1622 2775 1662 vero
2805 1607 3154 1678 imperatoris
3185 1607 3324 1661 iram
3356 1619 3593 1661 cernen-

267 1758 276 1766 .
320 1696 450 1750 οὔτε
490 1699 873 1768 προφητικοῖς,
915 1693 1040 1749 οὔτε
1086 1694 1462 1758 ἀποστολικοίς
1508 1693 1710 1762 λογίοις
1738 1711 1906 1764 προσ-

2011 1699 2114 1756 tes.
2145 1708 2289 1764 aegre
2341 1694 2586 1765 quidem,
2623 1697 2718 1752 sed
2757 1698 3091 1753 damnarunt
3127 1707 3311 1753 tamen
3357 1710 3421 1752 ea
3467 1707 3594 1766 qua:

327 1789 580 1858 κείμενα,
605 1789 812 1844 δίκαιον
854 1789 1054 1852 αὐτοὺς
1090 1786 1458 1860 ἀποκηρῦξαι,
1508 1787 1603 1841 καὶ
1633 1787 1792 1840 θείων
1826 1785 1910 1853 ἐξ·

327 1880 517 1935 ελάσαι
566 1879 856 1948 συλλόγων.
889 1878 1111 1943 Τούτοις
1161 1879 1256 1933 καὶ
1289 1878 1540 1949 βασιλεὺς
1580 1877 1908 1949 ἐπεψήφισε,

329 1971 423 2024 καὶ
455 1968 872 2038 ἀναθεματίζειν
898 1969 1138 2032 ἐκείνους
1182 1969 1488 2023 ἐκέλευσεν.
1519 1971 1581 2023 υἱ
1621 1970 1678 2023 δὲ
1705 1969 1772 2024 τά
1811 1969 1910 2041 μὲν

329 2059 523 2131 πρῶτα
566 2061 645 2123 είς
678 2060 986 2129 ἀντιλογίαν
1033 2059 1395 2115 καθίσταντο·
1432 2060 1659 2132 ὕστερον
1705 2061 1785 2127 δὲ,
1813 2061 1909 2116 τοῦ

331 2153 595 2224 βασιλέως
624 2152 714 2206 τὸν
742 2153 912 2224 θυμὸν
945 2151 1293 2225 θεασάμενοι,
1323 2155 1763 2227 δυσχεραίνοντες
1787 2155 1906 2226 μὲν,

329 2246 683 2317 ἀπεκήρυξαν
715 2247 772 2301 δὲ
804 2249 953 2314 ὅμως
998 2249 1141 2320 ἆπερ
1171 2249 1202 2301 6
1243 2248 1499 2311 Σιλϐανδς
1529 2249 1711 2313 αὐτοῖς
1741 2248 1911 2320 προῦ-

329 2357 524 2394 τεινεν.
570 2338 883 2394 Ἐπέκειντο
905 2340 962 2392 δὲ
985 2339 1171 2394 λοιπὸν
1193 2340 1572 2412 σφοδρότερον,
1598 2339 1691 2393 τοῦ
1721 2342 1914 2411 ὁμοου-

330 2433 448 2488 σίου
482 2433 574 2486 τὸν
603 2432 1052 2503 ἀναθεματισμδν
1077 2433 1549 2505 εἰσπραττόμενοι.
1597 2433 1757 2487 Ἀλλὰ
1787 2433 1914 2486 συλ-

329 2525 655 2594 λογιστικῶς
700 2543 760 2578 τε
789 2526 883 2579 καὶ
921 2525 1139 2596 ἀληθῶς
1191 2527 1220 2579 6
1250 2525 1510 2589 Σιλϐανὺς
1543 2527 1682 2597 πρός
1712 2543 1771 2578 τε
1814 2526 1913 2579 αὐ-

326 2618 452 2680 τοὺς
481 2618 575 2670 καὶ⁸
601 2615 693 2670 τὸν
724 2615 946 2686 βασιλέα
971 2617 1074 2687 ἔφη
1096 2633 1109 2646 °
1132 2617 1196 2670 Et
1217 2615 1278 2681 ἐξ
1305 2617 1404 2670 οὐκ
1429 2616 1600 2670 ὄντων
1619 2617 1717 2669 οὐκ
1743 2616 1910 2679 ἐστιν,

322 2709 452 2764 οὔτε
505 2711 728 2780 κτίσμα,
781 2710 904 2763 οὔτε
943 2710 1002 2776 ἐξ
1032 2709 1227 2780 ἑτέρας
1273 2709 1462 2773 οὐσίας
1494 2709 1523 2761 6
1551 2708 1683 2773 Θεὸς
1716 2709 1908 2776 Λόγος,

325 2801 610 2872 ὀμοούσιος
645 2803 751 2873 ἄρα
781 2801 898 2855 ἐστὶ
924 2800 1000 2870 τῷ
1030 2802 1380 2872 γεγεννηκότι
1410 2799 1550 2871 Θεῷ,
1579 2800 1654 2864 ὡς
1679 2799 1812 2863 Θεὸς
1845 2801 1912 2852 ἐκ

325 2895 488 2958 Θεοῦ,
518 2896 612 2948 καὶ
642 2894 758 2964 φῶς
786 2895 851 2948 ὲκ
879 2895 1078 2962 φωτὸς,
1100 2895 1195 2947 καὶ
1222 2895 1322 2965 τὴν
1349 2893 1516 2964 αὐτὴν
1542 2892 1655 2962 ἔχει
1683 2891 1760 2962 τῷ
1790 2909 1913 2960 γεν-

328 2987 517 3056 νήτορι
563 2986 744 3055 φύσιν.
815 2985 975 3038 Ἀλλά
1031 2983 1206 3038 ταῦτα
1240 2985 1338 3052 μὲν
1384 2985 1480 3037 καὶ
1528 2982 1768 3046 δυνατῶς
1816 2983 1911 3036 καὶ

329 3050 545 3148 ἀληθῶς
576 3050 819 3148 εἰρήκει·
860 3076 1109 3130 ἐπείθετο
1135 3075 1190 3128 δὲ
1229 3050 1336 3128 τῶν
1380 3074 1662 3148 τίαρόντων
1694 3073 1906 3136 οὐδείς·
1937 3050 1980 3109 C

328 3171 464 3224 ἀλλά
491 3171 583 3241 βοή
612 3187 673 3222 τε
708 3168 873 3240 πολλὴ
905 3169 1015 3222 τῶν
1061 3167 1189 3240 περὶ
1235 3167 1488 3222 Ἀκάκιον
1536 3167 1629 3220 καὶ
1660 3167 1910 3230 Εὑδόξιον

329 3265 558 3334 ἐγίνετο,
590 3263 684 3318 καὶ
712 3264 740 3316 6
771 3262 1021 3334 βασιλεὺς
1053 3260 1376 3330 ἐχαλέπηνε,
1407 3259 1632 3314 καὶτῶν
1677 3260 1909 3330 Ἐκκλη-

335 3355 469 3408 σιῶν
498 3354 770 3418 ἐξελάσειν
790 3353 1108 3424 ἠπείλησεν.
1146 3351 1416 3414 Ἐλεύσιος
1433 3351 1490 3402 δὲ
1517 3352 1608 3404 καὶ
1629 3349 1908 3414 Σιλϐανὸε,

330 3446 430 3500 σὺν
453 3447 566 3507 τοῖς
591 3444 788 3507 ἀλλοις.
817 3445 909 3498 καὶ
937 3443 1098 3497 αὑτὸν
1129 3442 1340 3512 ἔφασαν
1367 3441 1616 3510 ἐξουσίαν
1646 3443 1789 3514 ἔχειν
1813 3444 1911 3515 τῆς

329 3535 617 3607 τιμωρίας,
663 3536 756 3588 καὶ
805 3536 946 3604 σφᾶς
999 3534 1196 3597 αὐτοὺς
1251 3533 1351 3604 τῆς
1399 3531 1682 3598 εὐσεϐείας
1714 3534 1747 3605 ἦ
1782 3534 1909 3588 δυσ-

331 3626 573 3688 σεϐείας’
618 3626 678 3679 οὐ
726 3625 845 3697 μὴν.
875 3623 1212 3696 προήσεσθαι
1239 3625 1612 3696 τὴνπατρῴαν
1655 3626 1911 3680 διδασκα-

251 3751 268 3758 -
329 3717 471 3772 λίαν.
534 3717 592 3772 Ὃ
625 3718 680 3772 δὲ
721 3716 1119 3780 Κωνστάντιος,
1176 3715 1471 3788 θαυμάζειν
1515 3717 1632 3770 δέον
1686 3717 1782 3770 καὶ
1813 3715 1952 3788 τὴν·

336 3809 550 3879 σοφίαν.
601 3811 694 3864 καὶ
749 3810 847 3881 τὴν
884 3809 1160 3880 ἀνδρείαν,
1209 3808 1349 3879 ὑπὲρ
1380 3808 1488 3861 τῶν
1535 3807 1910 3862 ἀποστολικῶν

2011 1783 2270 1841 Silvanus
2325 1799 2708 1858 proposuerat.
2747 1788 2888 1844 Tum
2933 1791 3216 1846 instabant
3251 1790 3354 1860 ipsi
3387 1788 3458 1845 de
3487 1802 3593 1843 ca:-

2013 1883 2132 1932 tero
2155 1875 2564 1945 vehementius,
2605 1876 2915 1949 ﬂagitantes
2946 1886 3005 1933 nt
3029 1878 3340 1934 homousion
3366 1877 3594 1932 damna-

2011 1959 2185 2026 retur.
2218 1970 2326 2027 Sed
2354 1969 2616 2028 Silvanus
2639 1975 2659 1996 θ
2701 1973 2767 2034 ad
2807 1974 2932 2029 illos
2967 1981 3022 2030 et
3067 1973 3460 2044 imperatorem
3496 1987 3591 2027 ar-

2012 2071 2141 2133 gute
2194 2072 2247 2119 et
2273 2078 2402 2118 vere
2443 2083 2458 2119 :
2501 2063 2558 2118 Si
2597 2063 2746 2120 Deus
2787 2063 3053 2133 Verbum,
3114 2064 3316 2135 inquit,
3366 2079 3432 2120 ex
3482 2078 3592 2118 non

2011 2155 2364 2212 exstantibus
2389 2171 2500 2211 non
2523 2163 2631 2223 est,
2666 2171 2843 2228 neque
2876 2166 3154 2224 creatura,
3195 2174 3372 2230 neque
3405 2174 3474 2215 ex
3507 2158 3592 2212 al-

2012 2254 2130 2302 tera
2174 2247 2507 2316 substantia,
2546 2251 3046 2307 consubstantialis
3103 2258 3190 2307 est
3247 2251 3439 2322 utique
3482 2249 3593 2306 Deo

2001 2339 2106 2410 qui
2133 2341 2341 2411 genuit,
2367 2348 2431 2395 ut
2459 2341 2602 2398 Deus
2625 2342 2694 2398 de
2723 2341 2854 2406 Deo,
2885 2351 2940 2400 et
2964 2345 3147 2400 lumen
3181 2344 3249 2400 de
3280 2344 3507 2410 lumine,
3538 2353 3594 2399 et

2009 2430 2260 2487 eamdem
2317 2446 2442 2487 eum
2479 2432 2736 2490 Genitore
2785 2444 3040 2490 naturam
3077 2436 3258 2492 habet.
3298 2435 3431 2504 Quze
3468 2436 3595 2492 licet

2013 2523 2083 2578 ab
2107 2524 2203 2578 illo
2239 2523 2394 2578 ﬂrma
2427 2533 2484 2581 et
2539 2539 2673 2582 vera
2729 2528 2944 2582 ratione
2985 2527 3328 2590 dicerentur.
3360 2527 3593 2584 audien-

2014 2615 2150 2671 tium
2177 2624 2360 2673 tamen
2388 2618 2594 2674 nemini
2631 2629 3030 2690 persuaserunt
3065 2640 3081 2676 :
3117 2623 3214 2678 sed
3259 2623 3477 2678 clamor
3505 2623 3594 2680 in-

2014 2724 2146 2779 gens
2170 2707 2423 2766 sublatus
2448 2721 2532 2766 est
2561 2711 2740 2782 partis
2773 2711 2960 2768 Acacii
2999 2721 3054 2769 et
3101 2713 3360 2770 Eudoxii.
3403 2713 3593 2786 Itaque

2014 2801 2277 2858 incensus
2323 2803 2644 2873 imperator,
2701 2803 2964 2860 Ecclesiis
3013 2819 3072 2862 se
3103 2806 3227 2862 illos
3282 2805 3594 2877 ejecturum

2014 2891 2260 2948 minatus
2298 2900 2404 2948 est.
2448 2889 2547 2948 Cui
2580 2893 2838 2951 Eleusius
2867 2903 2921 2950 et
2963 2893 3242 2963 Silvanus,
3282 2913 3406 2952 cum
3435 2906 3595 2954 caete-

2014 2983 2114 3048 ris,
2141 2985 2194 3036 in
2228 2985 2400 3054 ipsius
2441 2993 2714 3056 potestate
2737 2985 2905 3042 situm
2938 3003 3060 3044 esse
3082 2989 3412 3060 supplicium
3436 2989 3594 3046 dixe-

2015 3082 2166 3138 runt,
2210 3075 2261 3126 in
2299 3090 2396 3130 sua
2427 3076 2683 3144 pietatem
2716 3077 2798 3134 vel
2834 3078 3206 3148 impietatem;
3241 3089 3498 3138 caeterum
3533 3097 3595 3138 se

2013 3167 2320 3222 doctrinam
2383 3168 2610 3224 Patrum
2669 3186 2777 3226 non
2825 3172 3167 3242 prodituros.
3229 3174 3591 3232 Constantius

2012 3273 2167 3324 vero,
2201 3273 2326 3314 cum
2360 3260 2622 3316 admirari
2657 3277 2849 3317 eorum
2883 3265 3208 3335 sapientiam
3235 3275 3289 3322 et
3317 3267 3595 3324 fortitudi-

2016 3365 2164 3414 nem,
2199 3361 2364 3421 atque
2415 3351 2469 3406 in
2513 3353 2734 3408 tuendis
2786 3354 3106 3423 apostolicis
3143 3355 3494 3426 dogmatibus
3525 3357 3596 3412 li~

2019 3442 2287 3499 bertate‘m
2329 3443 2576 3508 deberet,
2600 3446 2875 3526 [Ecclesiis
2908 3446 3032 3504 illos
3061 3449 3292 3519 expulit,
3347 3451 3595 3520 aliosque

2016 3545 2205 3591 eorum
2251 3537 2375 3593 loco
2429 3539 2716 3611 subrogari
2774 3543 3053 3614 przecepit.
3117 3541 3273 3598 Tunc
3331 3545 3594 3613 temporis

2013 3624 2684 3697 Constantinopolitanam
2753 3629 3056 3686 Ecclesiam
3106 3646 3200 3700 per
3246 3628 3595 3702 tyrannidem

2013 3719 2304 3787 occupavit
2338 3719 2643 3787 Eudoxius,
2694 3719 2895 3793 Cyzico
2931 3729 3112 3778 autem
3163 3719 3441 3777 Eleusium
3483 3721 3598 3793 pel~

2013 3809 2212 3872 lentes,
2249 3809 2582 3867 Eunomium
2619 3814 2742 3884 ejus
2769 3803 2892 3870 loco
2919 3814 3344 3870 substituerunt.

323 3903 614 3972 δογμάτων
636 3905 968 3977 παρρησίαν,
1004 3906 1130 3968 τοὺς
1163 3905 1261 3976 μὲν
1283 3903 1513 3974 ἐξήλασε
1540 3902 1650 3956 τῶν
1682 3903 2039 3974 Ἐκκλησιῶν,
2071 3905 2291 3975 ἐτέρους
2322 3907 2378 3961 δὲ
2411 3909 2528 3962 ἀντ’
2553 3909 2733 3964 αὐτῶν
2756 3911 3096 3982 καταστῆναι
3125 3909 3444 3983 προσέταξε.
3465 3910 3597 3964 Τότε

328 3995 424 4064 τῆς
453 3995 551 4065 μὲν
573 3997 1191 4060 Κωνσταντινουπόλεως
1212 3995 1260 4028 ³⁵
1294 3995 1618 4066 Ἑκγλησίας
1641 3997 1668 4047 ὁ
1688 3995 1734 4026 ⁸⁸
1767 3995 2016 4061 Εὑδόξιος
2045 4002 2382 4070 τυραννικῶς
2409 4003 2643 4074 ἁρπάζει
2668 4003 2760 4056 τὸν
2785 4001 3002 4074 θρόνον⁶
3037 4001 3138 4073 τῆς
3155 4003 3213 4058 δὲ
3234 4003 3471 4068 Κυζίκου
3505 4001 3597 4057 τὸν

341 4083 610 4141 Ἐλεύσιον
642 4085 990 4151 ἐξελάσαντες
1011 4088 1102 4150 ¹¹⁶⁶,
1131 4089 1248 4141 ἀντ’
1290 4085 1502 4140 ἐκείνου
1547 4084 1888 4156 κατέστησαν
1915 4088 2005 4142 τὸν
2044 4090 2329 4162 Εὐνόμιον.
3645 4080 3654 4089 ’

909 4246 1158 4304 ΚΕΦΑΛ.
1200 4246 1323 4298 KA'.

399 4359 698 4428 Συνοδικὴ
736 4359 1033 4428 ἐπιστολὴ
1071 4356 1367 4431 τραφεῖσα
1395 4361 1546 4413 κατὰ
1587 4359 1833 4414 Ἀετίου.

403 4476 512 4530 Καὶ
545 4475 748 4530 τούτων
778 4473 837 4528 δὲ
884 4473 1059 4538 οὕτως
1092 4474 1494 4546 γεγενημένων,
1523 4472 1909 4545 ἀποκηρυχθῆ-

2493 4242 2666 4314 399
2698 4240 2849 4298 car.
2887 4239 3112 4296 xxrv..

2194 4353 2441 4428 Epistola
2464 4357 2718 4427 synodica
2751 4365 2938 4410 contra
2967 4355 3173 4410 Aetium
3197 4356 3414 4426 scripta.

2088 4471 2186 4527 His
2223 4469 2296 4527 ita
2331 4467 2524 4542 gestis,
2581 4469 2800 4526 Actium
2864 4470 3069 4540 scripto
3126 4468 3376 4524 damnari
3423 4455 3590 4540 jussit

328 4584 414 4620 ναι
456 4567 548 4620 τὸν
591 4565 794 4620 Ἀέτιον
827 4566 1121 4637 ἐγγράφως
1152 4565 1453 4639 προσέταξε
1493 4565 1748 4636 βασιλεύς
1773 4582 1786 4596 ⁸
1822 4553 1909 4620 καὶ

2019 4555 2361 4633 imperator:
2397 4564 2486 4618 cui
2529 4563 2976 4632 obtemperantes
3027 4561 3334 4634 impietatis
3359 4576 3591 4618 consor-

325 4657 426 4728 τῆς
456 4656 776 4722 δυσσεϐείας
805 4659 856 4710 oi
901 4659 1149 4712 κοινωνοὶ
1196 4657 1510 4720 πεισθέντες
1557 4656 1909 4728 ἀπεκήρυξαν

2011 4662 2089 4710 tes
2125 4653 2415 4709 sententias
2443 4670 2560 4711 suae
2594 4655 2807 4710 socium
2848 4643 3307 4710 condemnarunt.
3341 4651 3594 4726 Scripse-

323 4749 419 4802 τὸν
449 4752 744 4822 ὁμόφρονα.
783 4749 1072 4821 Ἔγραψαν
1116 4749 1173 4804 δὲ
1209 4751 1303 4805 καὶ
1343 4748 1478 4820 πρὸς
1512 4748 1778 4820 Γεώργιον
1820 4749 1909 4801 τὸν

2011 4753 2136 4799 runt
2189 4746 2356 4799 etiam
2419 4747 2486 4803 de
2541 4747 2636 4801 illo
2687 4745 2755 4801 ad
2816 4743 3112 4817 Georgium
3161 4744 3592 4800 Alexandrinum

328 4840 426 4908 τῆς
458 4839 1177 4913 Ἀλεξανδρέωνήγούμενον
1201 4840 1269 4894 τὰ
1298 4839 1438 4894 κατά
1467 4839 1654 4892 τοῦτον
1680 4837 1909 4908 μηνύον-

2011 4837 2316 4904 epistolam,
2347 4855 2514 4910 quam
2545 4839 2763 4910 quidem
2809 4838 3056 4893 historiae
3101 4836 3360 4903 inseram,
3395 4843 3455 4890 ut
3500 4851 3595 4892 eo-

326 4943 437 4990 τες.
481 4927 623 4997 Ἐγὼ
663 4929 720 4982 δὲ
753 4931 912 5001 τήνδε
945 4932 1043 5003 τὴν
1095 4933 1387 5002 ἐπιστολὴν
1419 4931 1631 5003 ἐνθήσω
1678 4931 1742 5000 τῇ
1777 4947 1909 4997 συγ-

2011 4945 2127 4982 rutn
2186 4931 2511 5000 improbitas
2593 4930 2866 5002 pateﬁat:
2911 4930 3112 5000 quippe
3177 4927 3273 5000 qui
3330 4927 3595 4984 doctrinae

326 5021 536 5091 γραφῇ,
561 5018 659 5090 τὴν
687 5020 910 5076 ἐκείνων
935 5025 1238 5096 μοχθηρίαν
1263 5023 1590 5086 ἐπιδεικνύς.
1620 5019 1773 5094 [114]
1798 5023 1908 5078 Καὶ

2011 5036 2126 5076 sua:
2177 5018 2426 5077 faventes
2483 5031 2536 5078 et
2583 5020 2954 5088 adversarios
2978 5036 3088 5078 non
3129 5019 3385 5076 dissimili
3428 5017 3594 5074 modo

327 5111 436 5182 γάρ
469 5113 580 5176 τοῖς
610 5114 1044 5184 σνμφρονοῦσι⁸⁸⁷
1081 5118 1176 5170 καὶ
1209 5119 1321 5180 τοῖς
1355 5114 1696 5184 ἀντιλέγουσι
1727 5129 1901 5183 παραυ
2009 5101 2318 5168 tractarint.

326 5202 566 5274 πλησίως
594 5203 909 5275 ἐκέχρηντο.

1627 5377 1864 5434 νΑῑιιΑ]
1899 5350 2306 5433 Lscrtoivss.

383 5559 442 5594 ’⁸³
473 5561 775 5625 ἀσπασίως.
800 5561 922 5616 Bas.
953 5559 1136 5631 Graec.
1183 5559 1232 5631 ἕ*
1265 5560 1618 5631 πρόσκλησιν.
1650 5559 1850 5631 Idem:
1883 5557 1905 5588 ⁸

2011 5556 2646 5631 ωνσταντινουπολιτιιῦνζ
2663 5556 2808 5631 Iden)
2835 5570 2958 5631 cum
2991 5555 3181 5628 Steph.
3242 5555 3288 5589 ³⁸
3318 5555 3598 5613 Ατίὶοιιὶω

326 5631 485 5687 abest
539 5634 608 5688 ab
666 5643 918 5702 utraque.
993 5632 1062 5664 "'
1091 5626 1434 5694 ἐξελάσαςε-
1463 5626 1788 5694 κατέστησε.
1823 5629 1909 5684 Bas

2011 5632 2145 5684 lrtec.
2255 5631 2299 5662 ⁸⁷
2356 5626 2728 5697 συμφωνοῦσι.
2773 5626 3095 5684 Bas.Gr.1-c.
