4032 6192
508 267 650 338 1875

1494 277 1980 340 THEODORETI
2010 278 2346 338 EPISCOPI
2384 277 2748 340 CYRENSIS

3622 283 3764 350 1076

503 379 644 456 Ipsis
706 394 978 458 exponat,
1021 402 1126 444 nec
1179 403 1278 444 eos
1337 387 1625 460 despiciat,
1688 391 1782 461 qui
1846 387 2075 446 diversis

2185 389 2476 460 προφανῶς
2507 389 2690 458 σφίσιν
2741 387 2992 442 ἐκθέσθαι
3043 387 3138 443 τοῦ
3173 389 3442 462 δόγματος
3485 391 3584 464 τὴν
3627 393 3764 465 ἀλή-

514 476 777 534 loctrinis
802 477 909 534 huc
940 480 1181 552 illucque
1217 482 1580 552 iactarentur.
1609 481 1747 538 Tum
1784 482 1877 539 ille
1907 483 2078 537 llden-

502 569 614 623 tior
642 567 821 626 factus
861 570 1176 641 opinionem
1230 588 1394 643 quam
1429 572 1702 630 celaverat
1748 572 1982 645 aperuit.
2009 571 2078 627 At

502 660 582 716 illi
612 676 783 732 porro
807 661 1056 734 iniquum
1094 671 1261 734 atque
1298 664 1526 734 impium
1561 664 1822 720 dicebant
1844 679 1986 730 esse,
2027 666 2075 722 si

502 767 614 808 non
641 768 835 811 omnes
857 755 951 826 qui
977 754 1082 811 sub
1111 769 1176 810 eo
1197 762 1381 811 essent
1423 757 1673 812 veritatis
1712 755 1907 812 fierent
1951 772 2078 828 par-

504 845 722 916 ticipes.
766 845 955 918 Itaque
1002 847 1089 904 his
1125 855 1183 904 et
1232 847 1508 904 similibus
1555 849 1739 906 verbis
1790 850 2074 918 inductus,

503 935 559 991 in
621 938 860 1007 publicis
921 939 1169 995 ecclesiae
1243 941 1606 997 conventibus
1678 942 2075 1014 blasphemiam

503 1042 658 1082 suam
719 1029 991 1099 patefecit.
1050 1030 1129 1086 llli
1161 1047 1290 1088 vero
1339 1033 1554 1088 ardenti
1611 1035 1796 1090 studio
1865 1036 2076 1092 incitati

501 1119 1036 1193 ConstantinOpolim
1079 1125 1438 1191 contendunt,
1473 1125 1836 1198 Eunomiique
1877 1143 2076 1184 nomen

505 1213 683 1282 primo
739 1214 992 1271 deferunt
1040 1216 1109 1271 ad
1159 1217 1465 1274 Eudoxium
1502 1238 1516 1275 :
1552 1219 1768 1288 deinde,
1816 1236 1941 1276 cum
1988 1223 2078 1278 ille

503 1319 614 1361 non
667 1306 956 1376 reciperet,
1010 1307 1398 1378 imperatorem
1460 1311 1684 1379 adeunt,
1713 1314 1780 1369 de
1837 1314 2078 1385 pernicie

504 1413 680 1468 quam-
721 1397 991 1454 inferebat
1045 1399 1437 1469 lamentantes,
1487 1405 1718 1476 ejusque
1770 1407 1914 1462 dicta
1960 1407 2077 1464 bla-

503 1490 807 1560 sphemiam
871 1491 988 1547 Arii
1066 1493 1343 1562 impietate
1402 1513 1664 1567 superare
1722 1499 2073 1556 allirmantes.

504 1582 714 1650 Quibus
767 1583 835 1638 ad
887 1583 1024 1640 iram
1079 1595 1410 1657 provocatus
1465 1589 1783 1660 imperator.
1827 1592 2076 1647 Eudoxio

502 1677 749 1741 mandat,
792 1683 852 1732 ut
893 1690 1135 1734 accersat
1181 1680 1533 1745 Eunomium,
1567 1697 1822 1753 eumque,
1863 1685 1910 1738 si
1941 1699 2074 1740 con-

2187 477 2362 546 θειαν,
2391 481 2484 534 καὶ
2520 479 2594 552 μὴ
2629 480 2889 551 περιιδεῖν
2921 478 3046 551 τῇδε
3078 481 3302 534 κάκεῖσε
3333 483 3453 546 ταῖς
3480 482 3764 556 διαφόροις

2184 572 2654 644 περιφερομένους
2704 571 3090 636 διδασκαλίαις.
3151 572 3210 627 '0
3247 573 3304 628 δὲ
3348 573 3630 646 θαρσήσας
3669 575 3762 641 ἐξ-

2184 665 2383 735 έφηνεν
2419 663 2448 717 δ
2497 662 2843 735 κατέκρυπτε
2892 663 3166 734 φρόνημα.
3218 664 3381 718 Ἀλλά
3428 666 3536 738 γὰρ
3573 667 3760 721 ἄδικον

2183 754 2369 823 ἔλεγον
2399 753 2615 816 ἐκεῖνοι,
2651 752 2746 806 καὶ
2769 750 2892 804 λίαν
2926 751 3160 813 ἀνόσιον,
3215 753 3288 825 μὴ
3335 755 3547 818 πάντας
3567 756 3587 788 ⁸
3630 757 3760 822 τοὺς

2184 848 2277 900 ὑπ’
2310 845 2473 900 αὐτὸν
2524 843 2814 908 τελοῦντας
2858 845 2957 914 τῆς
3007 843 3266 915 ἀληθείας
3335 847 3752 918 μεταλαχεῖνίο.

2195 935 2254 989 '0
2283 935 2341 988 δέ
2373 935 2574 989 αὐτίκα
2599 973 2615 1000 ,
2649 932 2862 995 τούτοις
2911 931 3006 984 καὶ
3051 935 3160 996 τοῖς
3205 931 3466 996 τοιούτοις
3494 933 3757 1003 ὑπαχθεὶς

2182 1030 2379 1099 λόγοις,
2405 1031 2463 1084 ἐν
2491 1031 2604 1094 τοῖς
2637 1029 2734 1099 τῆς
2760 1028 3058 1099 ἐκκλησίας
3081 1028 3126 1060 ³⁸
3153 1029 3433 1098 συλλόγοις
3468 1030 3566 1100 τὴν
3594 1030 3756 1101 βλασ.

2184 1123 2396 1195 φημίαν
2432 1118 2768 1192 ἐγύμνωσεν.
2798 1121 3028 1176 Ἐκεῖνοι
3053 1121 3109 1175 δέ
3138 1119 3214 1191 τῷ
3245 1119 3393 1192 ζήλῳ
3442 1122 3540 1186 τὰς
3575 1125 3757 1195 ψυχὰς

2185 1212 2480 1283 θήξαντες,
2533 1211 2614 1274 είς
2679 1211 2780 1279 τὴν
2838 1208 3414 1264 Κωνσταντινούπολιν
3477 1210 3754 1282 ἔδραμον·

2183 1306 2280 1361 καὶ
2313 1304 2528 1375 πρῶτον
2565 1303 2664 1373 μὲν
2702 1302 2832 1374 παρ’
2863 1299 3097 1369 Εύδοξίῳ
3128 1300 3436 1374 ἐγράψαντο
3474 1301 3563 1355 τὸν
3594 1304 3757 1355 Εύνό⁴

2185 1414 2346 1472 μιον·
2399 1396 2610 1451 ἐκείνου
2656 1395 2714 1449 δέ
2767 1395 2842 1467 μὴ
2896 1395 3370 1467 προσδεξαμένου,
3421 1394 3500 1466 τῷ
3547 1396 3760 1465 βασιλεῖ

2183 1488 2596 1562 προσελθόντες,
2626 1487 2726 1559 τὴν
2761 1488 2892 1558 παρ’
2927 1485 3140 1540 ἐκείνου
3167 1485 3494 1558 γιγνομένην
3542 1486 3754 1539 ἀπωδύσ

2184 1600 2340 1656 ροντο
2369 1579 2571 1650 λώϐην.
2625 1581 2737 1651 Τῆς
2777 1578 2986 1650 Ἀρείου
3018 1577 3128 1650 γὰρ
3177 1577 3361 1645 ἔλεγον
3407 1577 3756 1649 βλασφημίας

2181 1674 2584 1744 δυσσεϐέστερα
2635 1667 2774 1725 εἶναι
2829 1670 2898 1723 τὰ
2947 1668 3101 1741 παρὰ
3153 1668 3412 1722 τούτου¹¹
3461 1669 3753 1739 λεγόμενα.

502 1766 688 1824 victus
738 1767 922 1834 fuerit,
955 1770 1132 1839 privet
1182 1744 1526 1828 sacerdotio.
1563 1744 1730 1827 Cum-
1767 1744 1948 1829 autem
2009 1777 2075 1832 ab

2179 1764 2465 1835 Θυμωθεὶς
2503 1763 2560 1818 δὲ
2583 1761 2676 1814 ἐπὶ
2707 1759 2919 1823 τούτοις
2947 1762 2975 1813 6
3003 1759 3259 1830 βασιλεὺς
3282 1802 3296 1826 ,
3330 1761 3560 1828 ἀγαγεῖν
3589 1761 3632 1792 ⁸³
3661 1760 3755 1813 τὸν

505 1858 928 1914 accusatoribus
961 1875 1107 1930 saepe
1142 1861 1520 1931 interpellatus
1562 1862 1843 1919 Eudoxius
1891 1879 2076 1922 moras

506 1955 724 2003 nectere
748 1958 1018 2018 pergeret,
1054 1949 1290 2006 redeunt
1323 1953 1522 2007 iterum
1567 1953 1632 2008 ad
1668 1955 2074 2026 imperatorem,

504 2045 923 2108 querunturque
971 2046 1025 2093 et
1074 2039 1384 2108 clamitant,
1431 2041 1738 2097 Eudoxium
1794 2043 1932 2097 nihil
1983 2059 2078 2099 eo-

505 2143 627 2185 rum
691 2128 890 2186 fecisse
947 2145 1067 2202 qua;
1128 2131 1345 2186 fuerant
1399 2132 1704 2204 imperata,
1758 2143 2076 2206 tantamque

503 2224 778 2280 civitatem
833 2223 1088 2282 Eunomii
1152 2226 1512 2298 blasphemia:
1567 2230 1872 2300 expositam
1945 2247 2078 2286 con-

505 2328 774 2371 temnere.
798 2313 952 2371 Tunc
986 2316 1348 2376 Constantius
1383 2318 1634 2377 Eudoxio
1681 2323 1785 2393 ipsi
1815 2323 2073 2379 exsilium

502 2407 745 2460 minatus
777 2417 882 2471 est,
916 2407 1314 2477 nisijudicium
1363 2409 1562 2466 habeat
1596 2411 1664 2468 de
1695 2410 1988 2480 Eunomio,
2017 2415 2075 2476 in

503 2512 737 2567 eumque
765 2499 833 2556 de
861 2499 1096 2570 objectis
1132 2502 1444 2556 convictum
1498 2491 1920 2562 animadvertat.
1945 2505 2078 2574 Qui«

503 2589 605 2645 bus
631 2589 794 2647 minis
820 2592 1120 2648 exterritus
1169 2592 1474 2659 Eudoxius,
1506 2610 1600 2666 per
1653 2596 1866 2652 litteras
1899 2598 2072 2668 signi-

502 2678 630 2733 ticat
663 2678 955 2747 Eunomio,
1007 2689 1064 2736 ut
1095 2681 1218 2754 fuga
1251 2699 1310 2739 se
1352 2685 1552 2757 Cyzico
1585 2685 1749 2759 904.
1780 2688 2070 2755 subducat,

502 2770 716 2842 sibique
748 2771 850 2842 ipsi
875 2783 1198 2830 succenseat
1230 2776 1377 2846 quod
1410 2778 1632 2834 monitis
1671 2794 1779 2834 non
1805 2783 2070 2850 paruerit.

500 2859 805 2918 Eunomius
861 2879 992 2935 ergo
1039 2873 1185 2921 metu
1232 2868 1522 2937 perculsus
1557 2885 1616 2927 se
1651 2869 1936 2927 subduxit.
1966 2871 2072 2928 Sed

501 2953 794 3026 impatiens
844 2957 1158 3028 ignominia
1210 2961 1576 3032 proditionem
1626 2965 1924 3022 accusabat
1966 2964 2074 3020 Eu-

499 3047 646 3102 doxii
681 3049 895 3120 sibique
932 3058 986 3108 et
1008 3049 1180 3108 Aetio
1206 3054 1464 3126 injuriam
1493 3056 1560 3112 ab
1593 3071 1659 3113 eo
1684 3057 1885 3114 factam
1931 3075 2069 3130 ρηο-
2098 3079 2141 3137 ο

499 3139 744 3196 dicabat.
783 3140 848 3198 Et
898 3157 964 3198 eo
1007 3151 1254 3216 tempore
1288 3162 1448 3202 suum
1495 3147 1586 3204 ille
1619 3149 1876 3221 deinceps
1922 3167 2072 3207 seor-

499 3232 602 3287 sim
640 3241 841 3288 emt-um
892 3235 1148 3292 instituit.
1207 3238 1487 3312 Quotquot
1546 3241 1696 3297 enim
1749 3243 1966 3298 illorum
2014 3243 2070 3299 in

498 3325 752 3381 doctrina
794 3330 1178 3386 consensionis
1211 3333 1419 3388 conscii
1471 3342 1652 3398 erant,
1705 3334 1774 3390 ab
1824 3333 2071 3392 Eudoxio

498 3411 622 3488 ejus
661 3420 1030 3490 proditionem
1059 3423 1386 3480 damnantes
1412 3413 1764 3491 defecerunt,
1803 3433 1858 3482 et
1886 3424 2070 3483 Euno-

497 3509 612 3567 mio
640 3526 700 3568 se
733 3512 1124 3583 adjunxerunt,
1156 3529 1186 3569 a
1216 3531 1325 3586 quo
1371 3524 1426 3570 et
1473 3531 1674 3572 nomen
1723 3517 1959 3573 retinent
2013 3519 2070 3576 in

500 3600 833 3660 hodiernum
863 3605 1027 3660 diem.
1065 3603 1223 3663 Unde
1259 3615 1428 3664 set-tae
1458 3608 1568 3663 dux
1598 3617 1652 3664 et
1677 3617 1870 3664 auctor
1892 3609 2071 3668 factus

500 3694 824 3761 Eunomius,
857 3697 976 3751 Arii
1019 3697 1414 3768 blasphemiam
1452 3699 1756 3770 impietatis
1787 3703 2070 3760 accessio-

499 3789 663 3847 nibus
697 3791 1014 3848 cumulavit.
1046 3793 1201 3858 Quod
1229 3801 1410 3850 autem
1451 3793 1739 3851 ambitioni
1790 3811 1904 3853 suae
1951 3813 2071 3855 ser-

497 3881 651 3936 viens
699 3883 984 3952 prOprium
1031 3891 1234 3939 coetum
1259 3885 1544 3954 conflarit,
1577 3887 1695 3958 ipsa
1729 3903 1818 3944 res
1851 3890 2067 3946 clamat.

499 3968 632 4026 Nam
659 3987 783 4028 cum
815 3973 1106 4032 damnatus
1133 3977 1260 4032 olim
1296 3978 1619 4050 cjectusque
1653 3988 1799 4037 esset
1831 3982 2071 4046 Actius,‘

498 4064 656 4120 illum
683 4066 841 4137 sequi
885 4069 1086 4135 noluit,
1117 4071 1374 4141 quamvis
1425 4073 1746 4143 magistrum
1793 4074 1971 4145 ipsum
2017 4084 2072 4131 et

500 4153 596 4211 Dei
629 4155 906 4214 hominem
937 4160 1261 4230 appellaret,
1292 4162 1387 4220 sed
1423 4165 1712 4234 copulatus
1759 4168 2068 4222 communi-

497 4254 698 4318 tusque
727 4251 935 4306 mansit
970 4267 1094 4306 cum
1125 4253 1398 4310 Eudoxio.
1434 4254 1736 4328 Postquam
1766 4273 1900 4314 vero
1930 4259 2073 4329 ipse-

500 4347 610 4395 met
643 4339 941 4412 impietatis
984 4360 1176 4415 paauas
1223 4346 1360 4413 luit,
1403 4348 1600 4419 synodi
1641 4349 1928 4405 sententiae
1959 4366 2070 4406 non

2177 1856 2442 1927 Εὐνόμιον
2473 1854 2552 1925 τῷ
2585 1852 2818 1923 Boeong
2859 1850 3180 1923 προσέταξε,
3219 1852 3315 1904 καὶ⁸
3344 1851 3756 1922 διελεγχόμενον

2178 1948 2278 2016 τῆς
2315 1945 2613 2017 ἱερωσύνης
2647 1943 2958 2015 γυμνῶσαι.
3003 1941 3225 2012 Ἐπειδὴ
3258 1940 3316 1996 δὲ
3350 1941 3612 2006 πολλάκις
3648 1941 3758 1995 ὑπὸ

2177 2039 2284 2094 τῶν
2313 2037 2634 2107 κατηγόρων
2675 2033 3002 2106 ὁχλούμενος
3027 2035 3056 2088 6
3095 2033 3346 2098 Εὐδόξιος
3389 2034 3754 2105 ἀναδυόμενος

2176 2127 2420 2190 διετέλει,
2470 2124 2777 2196 προσῆλθον
2818 2118 2972 2186 αὖθις
3003 2123 3046 2155 ¹⁸
3090 2123 3168 2194 τῷ
3197 2122 3448 2193 βασιλεῖ,
3486 2123 3754 2195 ὀλοφυρό-

2181 2236 2331 2291 μενοι
2361 2219 2456 2272 καὶ
2499 2217 2729 2288 βοῶντες
2758 2215 2923 2286 μηδὲν
2955 2208 3030 2270 ὧν
3060 2215 3407 2287 προσετάχθη
3453 2214 3544 2269 τὸν
3587 2214 3757 2268 Εὐδό-

2179 2311 2291 2378 ξιον
2317 2293 2658 2383 δεδρακέναι,
2694 2307 2830 2362 ἀλλὰ
2869 2307 3022 2361 πόλιν
3048 2307 3316 2379 τοσαύτην
3344 2309 3607 2380 περιορᾷν
3633 2309 3755 2372 ταῖς

2178 2403 2447 2474 Εύνομίου
2487 2401 2859 2473 βλασφημίαις
2885 2400 3258 2472 ἐκδεδομένην.
3292 2400 3426 2453 Τότε
3457 2400 3754 2454 Κωνστάν-

2175 2511 2290 2560 τιος
2329 2493 2491 2547 αὐτὸν
2529 2491 2802 2558 ἐξελάσειν
2839 2490 3106 2562 ἠπείλησε
3143 2491 3234 2546 τὸν
3280 2491 3549 2558 Εὑδόξιον,
3579 2493 3627 2544 εί
3671 2491 3753 2561 μὴ

2174 2585 2268 2640 τὸν
2306 2585 2568 2654 Εὐνόμιον
2616 2583 2838 2654 ἀγαγὼν
2895 2583 3140 2648 δικάσοι,
3191 2579 3285 2636 καὶ
3330 2581 3751 2654 ἐξελεγχόμενον

2177 2681 2264 2749 ἐφ’
2313 2673 2394 2741 οἷς
2423 2677 2620 2748 ᾐτιάθη
2657 2675 2807 2749 [H7]
2859 2675 3101 2730 κολάσοι.
3151 2675 3369 2746 Ταύτην
3419 2675 3601 2737 δείσας
3647 2673 3751 2745 τὴν

2174 2771 2402 2843 ἀπειλὴν
2435 2775 2462 2825 6
2491 2769 2762 2836 Εύδὸξιος,
2793 2771 2986 2839 φυγεῖν
3023 2770 3088 2823 ἐκ
3116 2769 3218 2838 τῆς
3246 2767 3488 2832 Κυζίκου
3521 2767 3598 2838 τῷ
3637 2768 3750 2840 Εὑ-

2174 2863 2344 2934 νομίῳ
2391 2862 2479 2916 διὰ
2521 2861 2865 2934 γραμμάτων
2908 2859 3178 2930 ἐδήλωσε,
3211 2859 3302 2913 καὶ
3331 2857 3568 2928 ἐαυτῷ¹¹
3603 2858 3750 2928 μέμέ

2175 2956 2372 3026 φεσθαι
2401 2955 2475 3027 μὴ
2506 2953 2782 3008 πεισθέντι
2815 2954 2934 3015 ταῖς
2961 2952 3282 3022 ὑποθήκαις.
3317 2950 3374 3004 '0
3404 2950 3462 3004 δέ
3484 2949 3750 3017 Εὖνόμιος

2175 3047 2361 3110 δείσας
2393 3045 2490 3118 μὲν
2513 3043 2858 3117 ὑπεχώρησε,
2889 3043 2989 3114 τήν
3021 3044 3077 3097 δὲ
3105 3041 3328 3113 ἀτιμίαν
3351 3042 3450 3094 οὐκ
3481 3039 3748 3108 ἐνεγκὼν,

2175 3138 2466 3210 προδοσίαν
2507 3138 2606 3209 μὲν
2647 3135 2942 3208 κατηγόρει
2990 3135 3082 3189 τοῦ
3130 3133 3417 3201 Εύδοξίου,
3453 3132 3748 3204 ἠδικῆσθαι

2170 3231 2226 3286 δὲ
2257 3231 2352 3284 καὶ
2382 3229 2570 3284 ἑαυτὸν
2606 3229 2698 3282 καὶ
2722 3228 2812 3282 τὸν
2842 3228 3048 3282 Ἀέτιον
3070 3227 3276 3296 ἔλεγεν.
3303 3224 3587 3280 Ἐντεῦθεν
3630 3225 3747 3276 λοι-

2173 3323 2272 3376 πὸν
2304 3321 2440 3376 ἰδίαν
2473 3321 2746 3393 φρατρίαν
2777 3321 3163 3391 συνεστήσατο.
3196 3319 3354 3373 Ὅσοι
3387 3318 3496 3389 γὰρ
3523 3317 3587 3389 δὴ
3621 3334 3746 3370 συν-

2175 3414 2386 3483 ίστορες
2407 3409 2548 3485 ἦσαν
2573 3411 2674 3482 τῆς
2697 3413 2753 3466 ἐν
2776 3414 2889 3477 τοῖς
2910 3411 3175 3483 δόγμασιν
3198 3410 3378 3465 αὐτῶν
3403 3409 3741 3482 συμφωνίας,

2171 3503 2422 3570 Εύδοξίου
2470 3503 2569 3575 μέν
2616 3503 2933 3574 ἀπέστησαν
2980 3501 3268 3575 προδοσίαν
3317 3501 3742 3570 κατεγνωκότες,

2172 3579 2422 3668 Εὐνομίῳ
2474 3595 2533 3649 δέ
2581 3594 3009 3667 συνετάχθησαν,
3051 3593 3147 3648 καὶ
3193 3593 3293 3664 τὴν
3330 3593 3646 3663 ἐπωνυμίαν
3685 3589 3747 3655 ἐξ

2173 3688 2384 3742 ἐκείνου
2419 3685 2580 3758 μέχρι
2607 3686 2700 3739 καὶ
2736 3686 2977 3759 τήμερον
3011 3682 3250 3754 ἔχουσιν.
3285 3680 3568 3736 Ἐντεῦθεν
3596 3680 3748 3749 αίρέο

2174 3797 2312 3843 σεως
2343 3777 2584 3850 ἀρχηγὸς
2617 3777 2908 3847 γενόμενος
2949 3777 2976 3830 6
3005 3775 3292 3845 Εὐνόμιος,
3325 3776 3444 3836 ταῖς
3483 3773 3581 3840 τῆς
3615 3773 3748 3824 ἀσε-

2172 3873 2324 3936 ϐείας
2339 3871 2673 3943 προσθήκαις
2691 3869 2789 3940 τὴν
2812 3867 3024 3938 Ἀρείου
3052 3865 3394 3937 βλασφημίαν
3414 3863 3745 3934 ἐπηύξησεν.

2174 3967 2296 4018 Ὀτι
2339 3963 2395 4017 δέ
2440 3960 2752 4033 φιλοτιμίας
2799 3959 2964 4014 πάθει
3009 3957 3274 4014 δουλεύων
3321 3956 3448 4010 ῐδιον
3488 3953 3751 4023 συνεστή-

2173 4073 2303 4112 σατο
2357 4055 2613 4124 σύλλογον
2637 4094 2653 4119 ,
2685 4053 2823 4108 αὐτὰ
2871 4051 2942 4106 τὰ
2995 4049 3365 4123 πεπραγμένα
3399 4048 3515 4120 βοᾷ.
3553 4045 3750 4101 Ἤνίκα

2179 4150 2277 4220 μὲν
2325 4147 2434 4218 γὰρ
2493 4145 2697 4210 ’Δέτιος
2743 4143 3151 4215 ἀποκηρυχθεὶς
3199 4141 3472 4213 ἐξηλάθη,
3518 4139 3578 4193 ού
3621 4155 3750 4190 συν-

2172 4238 2394 4309 εξῆλθεν
2423 4236 2616 4308 ἐκείνῳ
2640 4278 2654 4302 ,
2685 4235 2860 4290 καίτοι
2901 4233 3217 4289 διδάσκαλον
3245 4233 3408 4287 αὑτὸν
3432 4272 3448 4294 ,
3496 4229 3590 4284 καὶ
3614 4227 3752 4282 Θεοῦ

2173 4330 2460 4402 ἄνθρωπον
2486 4328 2789 4399 ὀνομάζων,
2827 4325 2966 4381 ἀλλά
3014 4325 3321 4397 μεμένηκεν
3353 4321 3584 4392 Εύδοξίῳ
3616 4337 3754 4389 συμ-

498 4431 808 4502 acquievit,
841 4436 1243 4508 episcoposque
1295 4447 1350 4495 et
1393 4415 1746 4512 presbyteros
1793 4441 1911 4512 ipse
1954 4441 2068 4512 jam

2179 4421 2586 4492 πεφραγμένος.
2636 4417 2827 4473 Ἦνίκα
2863 4417 2920 4471 δέ
2961 4419 2989 4472 ὁ
3017 4418 3061 4449 ²⁶
3094 4416 3254 4480 αὐτὸς
3303 4415 3456 4478 δίκας
3490 4415 3756 4518 εἰσεπρά-

499 4525 795 4596 episcopali
824 4506 1088 4598 dignitate
1132 4506 1734 4600 spoliatus—ordinavit.
1760 4506 1884 4590 llaec
1908 4506 2075 4608 igitur

2178 4515 2281 4586 χθη
2316 4514 2414 4585 τῆς
2464 4511 2754 4576 ἀσεϐείας,
2813 4509 2914 4563 οὐκ
2964 4507 3183 4580 ἔστερξε
3235 4506 3336 4576 τῆς
3391 4506 3632 4618 συνόδουε
3654 4506 3756 4604 την

501 4593 655 4689 gesta
683 4593 812 4674 sunt
843 4593 1341 4694 Constantinopoli.
1929 4593 1960 4608 ν

2178 4606 2378 4676 ψῆφον,
2411 4603 2526 4658 ἀλλ’
2563 4600 2895 4664 ἐπισκόπους
2926 4599 3271 4683 ἐχειροτόνει,
3316 4596 3409 4650 καὶ
3458 4593 3761 4694 πρεστόυτέ-

2185 4711 2330 4768 ρους,
2358 4695 2386 4746 6
2408 4693 2506 4762 τῆς
2533 4689 2900 4760 ἐπισκοπικῆς
2925 4687 3080 4752 ἀξίας
3107 4687 3549 4756 γεγυμνωμένος.
3574 4683 3762 4734 Ταῦτα

2187 4787 2284 4859 μὲν
2317 4781 2410 4840 οὖν
2440 4787 2497 4838 ἐν
2526 4780 3097 4838 Κωνσταντινουπόλει
3124 4778 3435 4847 γεγένηται.

2754 4874 3007 4930 ΚΕΦΛΛ.
3037 4873 3182 4938 καῖ’.

2179 4972 2318 5040 Περὶ
2353 4968 2464 5040 τῆς
2502 4965 2856 5040 πολιορκίας
2890 4961 3177 5040 Νισίϐεως
3208 4959 3434 5040 πόλεως
3456 4956 3603 5035 .-καὶ
3657 4957 3766 5040 τῇ(

2263 5029 2544 5097 ςΙιικώδου
2595 5029 2701 5091 τοῦ
2745 5032 3087 5088 ἐπισκόπου
3122 5029 3542 5088 ἀποστολικῆς
3599 5034 3764 5080 που.

2327 5112 2432 5164 r'ac.

2340 5130 2375 5162 α
2422 5155 2432 5164 .

2251 5130 2576 5275 ἓῗόιξρουίτ
2619 5199 2680 5253 δὲ
2718 5194 2809 5250 τοῦ
2859 5193 3084 5265 Περσῶν
3129 5192 3392 5260 βασιλέως
3433 5189 3578 5243 κατᾶ
3636 5187 3761 5239 Ῥω-

798 4883 953 4940 CAP.
983 4883 1172 4942 xxvr.
1209 4887 1383 4959 [8.51
1414 4889 1517 4946 cn.
1557 4890 1624 4946 γ.
1661 4890 1776 4964 30.]

503 4977 580 5034 De
609 4977 815 5061 Nisibis
849 4975 994 5032 urbis
1028 4976 1317 5065 opsidione,
1347 4990 1395 5034 et
1429 4981 1720 5050 apostolica
1750 4982 1854 5036 uita
1887 4979 2078 5037 Jacobi

572 5065 822 5118 episcopi.

576 5208 786 5278 Sapore
840 5215 1021 5264 autem
1062 5207 1352 5266 Persarum
1395 5225 1521 5280 rege
1564 5210 1765 5266 bellum
1815 5209 2079 5268 Romanis

1772 5383 2011 5440 VARUS
2050 5382 2454 5442 LECTIONES.

577 5549 597 5581 ⁵
619 5550 889 5612 ἅπαντας.
924 5549 1047 5607 ϐας.
1079 5548 1276 5606 Gra‘c..
1325 5549 1516 5620 Steph.
1540 5618 1554 5629 _
1597 5550 1640 5581 ¹⁰
1669 5553 1980 5620 μετασχεῖν.
2009 5549 2206 5629 iidem;
2230 5543 2854 5629 Basilernsis'etiam‘rb,
2881 5536 3389 5629 αύτίιια,,¹ι)ρὶιιὶι.ηι
3432 5541 3475 5629 ’ξ
3506 5542 3768 5629 τῇςιξλτς.

503 5615 672 5686 θείας.
713 5608 900 5694 Steph.
1066 5620 1106 5652 ³³
1140 5622 1368 5674 τούτων.
1402 5608 1599 5694 Steph;
1669 5608 1719 5650 ’¹³
1741 5637 1802 5674 τε
1824 5608 1978 5694 addit
2009 5619 2135 5694 llas.
2169 5617 2342 5694 Grave.
2447 5614 2486 5694 ’ξ’
2512 5611 3018 5694 παλαι-[(1911]-ςιιιυ
3051 5608 3241 5679 Steph.
3348 5610 3390 5643 "
3418 5608 3583 5683 αὐτῷ’,
3612 5608 3766 5669 Hui-

498 5681 679 5762 Napi}.
771 5681 1129 5745 u'Articulus
1160 5692 1311 5749 abest
1347 5706 1375 5745 a
1402 5681 1526 5746 Bas'.
1561 5688 1736 5746 Grece.
1820 5692 1859 5722 ¹⁷
1892 5691 2177 5756 Σαπώριυ.
2205 5681 2835 5754 Chris'opli.,l‘IpiphA',
2865 5682 2956 5736 l5.
