4032 6192
479 243 614 308 ῙΟῑυ

1448 244 1936 306 THEODURETI
1991 247 2342 306 EPISCOPI’
2368 249 2736 310 CYRENSIS

3593 251 3731 318 1080

437 351 750 426 ’Ueumque
786 372 886 426 pro
909 355 1173 414 Romanis
1214 369 1463 427 pugnare
1493 354 1651 409 dixit.
1685 353 1750 406 Et
1793 354 2031 424 indigna-

2147 354 2246 426 τὴν
2280 355 2474 427 αἴγλην
2508 359 2956 431 ἐκπεμπομένην.
3009 359 3268 424 Τοπάσας
3323 361 3377 415 δὲ
3436 356 3576 416 εἶναι
3637 367 3730 418 τόν

463 449 616 504 tione
647 450 894 520 percitus
926 450 1096 504 miser
1127 449 1381 518 sagittam
1421 446 1569 502 misit
1603 447 1655 500 in
1685 461 1901 511 aerem,
1937 461 2044 498 non

467 543 726 613 ignorans
752 543 952 612 configi
1003 557 1127 596 eum
1181 557 1289 595 non
1344 555 1504 610 posse
1538 539 1632 608 qni
1691 539 1940 606 corporis
1971 537 2044 592 sit

463 649 682 706 expers,
715 633 810 690 sed
844 633 1048 690 furoris
1084 633 1342 703 impetum
1379 647 1487 686 non
1519 629 1717 686 ferens.
1743 629 1880 683 Tum
1916 645 2046 683 vero

465 725 825 781 admirandus
863 725 1137 796 Ephraam,
1173 724 1416 794 scriptor
1467 723 1609 778 inter
1678 720 1852 794 Syros
1902 737 2043 791 pra:-

465 818 867 885 stantissimus,
900 816 1164 872 Jacobum
1201 816 1381 872 oravit
1407 816 1568 886 907
1607 823 1665 870 ut
1694 814 1896 870 muenia
1921 831 2047 870 con-

464 913 778 976 scenderet,
841 922 896 968 et
931 913 1205 968 Barbaros
1268 913 1586 978 contuitus,
1641 910 2043 966 exsecrationis

465 1005 520 1060 in
551 1020 648 1062 eos
694 1006 802 1060 tela
831 1005 1155 1075 conjiceret.
1204 1004 1393 1060 Paruit
1441 1004 1528 1058 vir
1558 1003 1808 1070 divinus,
1846 1012 1896 1058 et
1929 1012 2044 1058 tur-

463 1096 566 1152 rim
601 1096 890 1168 quamdam
928 1096 1286 1160 conscendit,
1319 1105 1374 1150 et
1413 1094 1872 1150 innumerabilem
1922 1109 2043 1150 cer-

465 1204 604 1246 nens
628 1189 1058 1256 multitudinem,
1079 1189 1466 1245 exsecratione
1495 1188 1602 1242 alia
1629 1203 1737 1242 non
1765 1196 1852 1244 est
1882 1205 2039 1255 usus,

464 1281 559 1336 sed
589 1281 839 1352 siniphes
868 1290 922 1336 ct
943 1282 1147 1337 culices
1185 1281 1237 1336 in
1265 1296 1360 1337 eos
1387 1281 1607 1335 immitti
1635 1280 1956 1351 postulavit,
1982 1290 2041 1335 ut

462 1390 530 1428 ex
563 1374 789 1429 minutis
829 1374 1076 1429 bestiolis
1124 1373 1470 1428 auxiliatoris
1524 1372 1822 1442 potentiam
1871 1388 2042 1443 agno-

461 1473 702 1521 scercnt.
726 1465 947 1522 Orantis
965 1473 1150 1520 votum
1183 1474 1383 1520 secutae
1411 1474 1540 1520 sunt
1566 1464 1842 1531 siniphnm
1873 1472 1924 1518 et
1945 1479 2042 1518 cu-

461 1555 628 1612 licum
671 1555 880 1620 nubes,
913 1571 1033 1625 quae
1062 1571 1225 1611 cavas
1270 1554 1632 1625 proboscides
1665 1554 2039 1624 elephantum,

459 1663 861 1718 equorumque,
891 1656 946 1702 et
972 1648 1308 1718 reliquorum
1336 1648 1714 1716 jumentorum
1745 1661 1908 1702 aures
1939 1662 2035 1701 na-

461 1756 657 1812 resque
687 1741 1120 1813 compleverunt.
1147 1740 1251 1806 Qui
1281 1757 1407 1796 eum
1446 1739 1907 1794 animalculornm
1940 1740 2038 1792 im-

460 1834 973 1910 pressionenrferre
1009 1851 1116 1890 non
1143 1842 1388 1904 possent,
1428 1834 1605 1903 ruptis
1639 1833 1804 1898 loris,
1835 1847 2038 1888 excus-

459 1925 648 1994 sisque
693 1924 1039 1985 sessoribus.
1074 1923 1297 1979 ordines
1337 1923 1650 1986 turbagunt.
1699 1922 1891 1991 Itaque
1942 1936 2037 1975 ca-

457 2017 592 2072 stris
617 2015 825 2071 relictis
856 2015 909 2069 in
961 2014 1302 2085 repentinam
1358 2013 1541 2083 fugam
1606 2028 1664 2068 se
1723 2013 2034 2068 dederunt:

457 2115 622 2179 atque
656 2107 732 2162 ita
767 2124 860 2164 rex
897 2107 1351 2171 infelicissimus,
1395 2122 1564 2179 parva
1611 2108 1834 2178 lenique
1872 2111 2039 2163 casti-

455 2199 679 2269 gatione
729 2198 822 2256 Dei
872 2199 992 2270 pios
1038 2199 1376 2270 protegentis
1405 2200 1552 2254 vires
1604 2197 1868 2264 edoctus,
1902 2199 2030 2254 inde

455 2307 516 2348 se
555 2292 781 2363 recepit,
829 2307 897 2348 ex
949 2292 1244 2350 obsidione
1299 2293 1392 2347 illa
1426 2291 1708 2348 infamiam
1760 2292 2027 2360 referens,

405 2433 408 2438 .
452 2398 562 2439 non
600 2384 906 2452 victoriam.

2159 445 2446 516 Ῥωμαίων
2497 447 2721 517 βασιλέα
2743 449 2808 514 ³⁸,
2862 451 3087 506 θάνατον
3145 453 3411 523 ἠπείλησε
3461 457 3572 518 τοῖς
3650 457 3728 527 μὴ

2150 541 2402 605 παρεῖναι
2450 539 2638 594 τοῦτον
2679 541 3106 613 ἀπηγγελκόσιν.
3166 544 3614 616 Ἰσχυριζομένων
3667 548 3728 600 δὲ

2149 631 2371 684 ἐκείνων
2428 632 2599 703 ἀληθῆ
2673 632 2810 687 εἶναι
2864 636 2934 688 τὰ
3001 636 3131 708 παρ’
3182 636 3362 706 αὐτῶν
3432 638 3721 709 εἰρημένα,

2146 724 2240 775 καὶ
2267 723 2357 776 τὸν
2388 725 2762 780 Κωνστάντιον
2808 728 2864 781 ὲν
2905 726 3209 800 Ἀντιοχείᾳ
3247 729 3456 799 διάγειν
3501 731 3724 800 εἰρηκόο

2143 830 2273 878 των,
2306 815 2520 891 ἐπέγνω
2546 817 2644 887 τῆς
2669 817 2846 887 ὅψεως
2885 818 2956 872 τὰ
2988 819 3301 891 μηνύματα,
3343 822 3439 874 καὶ
3469 820 3559 874 τὸν
3587 822 3723 876 Θεὸν

2145 905 2250 974 ἔφη
2281 905 2387 960 τῶν
2437 889 2722 980 Ῥωμαίων
2756 889 3116 984 ὑπερμαχείν.
3138 889 3146 891 ν
3171 889 3279 966 Καὶ
3316 913 3649 985 δυσχεράνας
3690 916 3721 967 ό

2144 1001 2407 1066 δείλαιος,
2441 1001 2596 1071 βέλος
2630 1004 2841 1074 ἀφῆκεν
2882 1006 2961 1068 είς
2989 1006 3081 1058 τὸν
3115 1004 3282 1076 ἀέρα,
3313 1005 3468 1068 εἰδὼς
3501 1007 3598 1076 μὲν
3643 1006 3720 1071 ὡς

2143 1093 2204 1148 οὐ
2239 1093 2391 1165 βαλεῖ
2425 1093 2516 1148 τὸν
2552 1094 2845 1166 ἀσώματον
2870 1136 2884 1162 ,
2937 1097 3037 1167 τῆς
3081 1095 3139 1149 δὲ
3173 1095 3370 1167 μανίας
3402 1097 3501 1169 τὴν
3541 1097 3719 1167 ῥύμην

2143 1186 2243 1240 οὐκ
2290 1185 2551 1256 ἐνεγκὼν.
2595 1187 2729 1241 Τότε
2772 1187 3013 1259 Ἐφραῖμ
3061 1190 3089 1242 ὁ
3119 1187 3444 1258 θαυμάσιος,
3480 1205 3720 1256 συγγρα-

2145 1279 2280 1346 φεὺς
2324 1277 2381 1332 δὲ
2427 1270 2584 1348 οὗτος
2625 1281 2846 1351 ἄριστος
2877 1279 3032 1353 παρὰ
3075 1281 3270 1352 Σύροις
3324 1282 3574 1349 ἐγένετο,
3628 1281 3719 1350 τξιν

2145 1370 2288 1422 θετον
2333 1370 2590 1424 Ἰάκωϐον
2636 1371 2991 1444 ὴντιϐόλησεν
3045 1373 3303 1443 ἐπιϐῆναι
3350 1372 3444 1426 τοῦ
3485 1372 3723 1442 τείχους⁹

2144 1459 2297 1534 [H9]
2339 1463 2434 1516 καὶ
2462 1463 2588 1527 τοὺς
2629 1462 2940 1535 βαρϐάρους
2977 1465 3126 1528 ἰδεῖν,
3172 1465 3266 1518 καὶ
3299 1464 3401 1536 τῆς
3431 1466 3570 1536 ἀρᾶς
3598 1481 3720 1518 κατ’

2144 1551 2323 1606 αὐτῶν
2367 1552 2585 1622 ἀφιέναι
2618 1554 2687 1608 τὰ
2734 1554 2886 1624 βέλη.
2938 1553 3100 1619 Εἴξας
3142 1554 3206 1626 δὴ
3248 1550 3340 1608 οὖν
3372 1555 3400 1607 ὀ
3435 1555 3716 1616 Θεσπέσιος

2142 1645 2447 1716 ἄνθρωπος,
2485 1646 2655 1716 ἀνέϐη
2693 1646 2793 1716 μὲν
2822 1648 2904 1712 εἷς
2927 1665 3048 1702 τινα
3078 1647 3285 1720 πύργον
3311 1663 3325 1677 ·
3361 1647 3423 1700 τὸ
3443 1647 3499 1700 δὲ
3528 1645 3718 1716 μυρίον

2143 1737 2343 1808 πλῆθος
2376 1737 2518 1802 ίδὼν,
2553 1735 2722 1810 ἄλλην
2763 1738 2864 1810 μὲν
2908 1739 3009 1794 οὐκ
3043 1738 3254 1810 ἀφῆκεν
3284 1739 3448 1810 ἀρὰν,
3486 1740 3719 1804 σκνῖπες

2139 1827 2197 1881 δὲ
2247 1829 2430 1893 αὐτοῖς
2485 1830 2747 1903 ἐξῄτησεν
2805 1830 3217 1902 ἐπιπεμφθῆναι
3272 1831 3369 1884 καὶ
3427 1829 3718 1894 κώνωπας,

2140 1920 2281 1974 ὥστε
2310 1921 2402 1974 καὶ
2423 1921 2511 1976 διὰ
2534 1922 2644 1976 τῶν
2670 1922 2882 1994 μικρῶν
2909 1922 3159 1992 ζωῦφίων
3195 1921 3289 1976 τοῦ
3326 1922 3510 1990 σφίσιν
3546 1923 3721 1991 ἐπαρ-

2139 2012 2365 2078 κοῦντος
2400 2014 2699 2082 ἐπιγνῶναι
2728 2015 2827 2084 τὴν
2862 2015 3116 2085 δύναμιν.
3151 2015 3350 2068 Εἵπετο
3396 2013 3452 2066 δὲ
3486 2016 3551 2084 τῇ
3582 2013 3718 2084 εὐχῇ

2140 2105 2248 2158 τῶν
2279 2106 2524 2159 σκνιπῶν
2558 2107 2655 2160 καὶ
2683 2107 2792 2161 τῶν
2841 2108 3123 2162 κωνώπων
3157 2107 3224 2161 τὰ
3270 2108 3438 2177 νέφη·
3478 2107 3573 2159 καὶ
3609 2105 3720 2158 τῶν

2143 2195 2242 2266 μὲν
2274 2196 2586 2266 ἐλεφάντων
2624 2199 2724 2263 τὰς
2755 2199 3094 2271 προνομαίας
3121 2201 3166 2232 ³⁵
3217 2199 3512 2262 αύλοειδεῖς
3542 2216 3720 2266 πεφυ-

2137 2288 2294 2353 κυίας
2325 2289 2588 2361 ἐπλήρου,
2620 2290 2728 2345 τῶν
2757 2292 2813 2346 δὲ
2849 2293 3052 2360 ἵππων,
3087 2293 3181 2346 καὶ
3224 2292 3334 2347 τῶν
3377 2292 3552 2346 ἄλλων
3580 2309 3719 2361 κτη-

2141 2381 2270 2447 νῶν,
2301 2383 2369 2436 τά
2399 2400 2458 2436 τε
2485 2376 2599 2439 ώτα
2625 2385 2720 2438 καὶ
2742 2384 2841 2450 τὰς
2869 2387 3040 2456 ῥῖνας.
3071 2385 3135 2439 Oi
3163 2385 3219 2439 δὲ
3251 2385 3436 2456 φέρειν
3466 2384 3527 2437 οὐ
3560 2382 3725 2436 δυνά-

455 2496 607 2551 μενοι
629 2459 737 2533 τοῦ
761 2479 1015 2550 ζωῦφίων
1053 2480 1152 2551 τὴν
1178 2481 1507 2554 προσϐολὴν,
1538 2480 1664 2546 τούς
1698 2499 1756 2535 τε
1788 2481 2028 2552 ῥυτῆρας
2065 2478 2404 2550 ἀπέρρηξαν,
2445 2481 2540 2533 καὶ
2561 2481 2606 2512 ³⁸
2644 2481 2772 2544 τοὺς
2859 2481 3268 2552 ὲποχουμένους
3349 2481 3721 2550 κατήνεγκαν,

448 2575 552 2646 τήν
602 2593 663 2630 τε
715 2575 871 2642 τάξιν
925 2576 1202 2647 συνέχεον.
1255 2574 1328 2629 Τό
1390 2592 1451 2628 τε
1526 2574 1891 2644 στρατόπεδον
1937 2575 2363 2642 καταλιπόντες,
2415 2574 2616 2644 ἔφυγον
2653 2575 3025 2645 κατακράτος.
3069 2574 3257 2638 Οὕτως
3307 2574 3332 2627 ὁ
3407 2571 3726 2644 τρισάθλιος

452 2668 708 2740 βασιλεὺς
755 2671 822 2740 τῇ
877 2669 1088 2739 σμικρᾷ
1119 2668 1161 2699 ³⁷
1219 2667 1314 2722 καὶ
1376 2666 1748 2737 φιλανθρώπῳ
1806 2664 2027 2737 παιδείᾳ
2064 2665 2160 2718 τοῦ
2191 2665 2301 2719 τῶν
2358 2664 2732 2718 εὐσεϐούντων
2814 2664 3275 2737 προμηθουμένου
3351 2665 3487 2719 Θεοῦ
3537 2681 3727 2735 μεμα-

331 4313 340 4320 “
438 4307 730 4377 cujusdam
791 4307 946 4362 urbis
996 4306 1274 4361 Armeniae
1325 4308 1596 4369 antistes,

449 2760 634 2834 θηκὼς
659 2762 759 2834 τὴν
791 2764 976 2833 ίσχὺν,
1002 2760 1290 2851 ἀνέζευξεν
1321 2761 1561 2827 ἐκεῖθεν,
1609 2760 1873 2834 αἰσχύνην
1897 2799 1912 2828 ,
1962 2759 2026 2814 οὐ
2059 2761 2217 2832 νίκην
2239 2801 2254 2828 ,
2287 2761 2352 2812 ὲκ
2378 2759 2477 2830 τῆς
2507 2759 2826 2830 πολιορκίας
2851 2759 3215 2832 δρεψάμενσς.

742 2876 895 2932 CAP.
921 2875 1132 2934 xxvn.
1167 2876 1266 2950 [Β.
1297 2877 1376 2932 St.
1413 2876 1512 2932 cn.
1550 2876 1614 2932 v.
1652 2879 1742 2933 σι.

454 2969 526 3026 De
550 2970 751 3041 synodo
783 2971 1128 3034 Antiochena,
1180 2979 1228 3024 et
1247 2986 1384 3041 ique:
1413 2971 1485 3024 ibi
1516 2982 1664 3040 gesta
1694 2981 1816 3026 sunt
1842 2980 2028 3027 contra

959 3049 1204 3094 sanctum
1236 3039 1528 3096 Meletium.

2729 2879 2984 2933 ΚΕΦΑΛ.
3018 2879 3147 2932 KZ'.

2135 2932 2276 3040 hisp!
2325 2968 2436 3037 τῆς
2479 2969 2550 3024 ἐν
2588 2969 2908 3038 Ἀντιοχείᾳ
2950 2969 3352 3039 γεγενημένης
3413 2971 3726 3038 συνόδου,

2205 3041 2302 3166 agri
2332 3040 2451 3095 τῶν
2469 3040 2621 3095 κατὰ
2643 3040 2750 3094 τὸν
2801 3039 2970 3109 ἅγιον
3000 3040 3292 3095 Μελέτιον
3330 3042 3533 3096 αὐτόθι
3564 3058 3726 3110 συμ-

2245 3129 2459 3166 οντων.

517 3197 630 3254 lioc
661 3204 906 3268 tempore
940 3197 1332 3256 Constantinus
1354 3200 1656 3255 Antiochia:
1687 3200 2026 3255 morabatur.

2206 3203 2365 3258 Κατὰ
2387 3203 2576 3257 τοῦτον
2591 3203 2647 3256 δὲ
2661 3203 2751 3257 τὸν
2768 3203 2957 3274 χρόνον
2981 3203 3010 3256 ὁ
3040 3202 3420 3266 Κωνστάντιος
3441 3203 3722 3256 ὲνἈντιο-

447 3293 500 3347 is
528 3289 710 3361 quiete
738 3290 1014 3357 restituta,
1041 3299 1095 3346 et
1121 3289 1346 3347 Persico
1395 3291 1536 3347 bello
1590 3291 1861 3356 confecto,
1909 3292 2026 3361 epi-

446 3396 645 3453 scopos
675 3397 870 3438 rursus
895 3382 1239 3449 convocavit,
1268 3398 1460 3438 omnes
1501 3391 1612 3437 tum
1654 3381 1720 3435 ad
1753 3382 2024 3451 ejusdem,

445 3483 561 3529 tum
592 3473 657 3530 ad
681 3473 914 3530 diversae
943 3475 1268 3530 substantiae
1286 3474 1631 3544 negationem
1663 3473 2023 3543 compellens.

442 3567 689 3625 Eudoxio
707 3579 907 3631 autem,
933 3568 1023 3639 qui
1054 3576 1174 3638 post
1194 3567 1476 3624 Leontium
1499 3566 1684 3622 sedem
1708 3567 1852 3620 illam
1875 3567 2030 3620 inva-

442 3671 614 3728 serat,
643 3661 772 3717 inde
807 3671 930 3731 post
962 3662 1214 3731 expulso,
1259 3669 1313 3715 et
1343 3659 1874 3728 Constantinopolim
1903 3665 2026 3726 post

443 3754 687 3824 synodos
720 3754 1032 3824 complures
1065 3761 1255 3806 contra
1281 3753 1425 3822 leges
1459 3749 1869 3820 intruso,908
1912 3750 2025 3802 An-

444 3845 699 3902 tiochena
757 3845 1002 3900 Ecclesia
1065 3855 1287 3916 pastore
1347 3843 1612 3899 destituta
1661 3852 2021 3897 remanserat.

442 3936 599 3992 Tunc
632 3938 798 4009 igitur
833 3937 1095 4009 episcOpi,
1119 3937 1212 4007 qui
1260 3936 1506 4006 undique
1556 3936 1768 3990 collecti
1801 3933 2022 4005 plurimi

441 4030 686 4095 aderant,
728 4037 856 4085 ante
885 4029 1069 4084 omnia
1115 4037 1392 4099 pastorem
1439 4027 1586 4098 gregi
1625 4026 2020 4097 assignandum

439 4140 564 4180 esse
589 4123 830 4185 aiebant,
863 4121 1062 4177 deinde
1098 4137 1205 4176 una
1249 4134 1375 4176 cum
1427 4120 1522 4174 illo
1557 4121 1623 4175 de
1672 4119 2022 4187 dogmatibus

439 4213 884 4270 consultandum.
921 4212 1024 4270 Per
1052 4214 1192 4269 idem
1225 4221 1443 4282 tempus
1471 4212 1692 4268 divinus
1727 4211 1979 4266 Mcletius
2004 4251 2018 4273 ,

1669 4305 2017 4360 subditorum

439 4400 684 4456 offensus
713 4399 1106 4464 inobedienlia,
1129 4400 1235 4453 alio
1263 4414 1322 4455 se
1353 4398 1688 4460 contulerat,
1731 4396 1919 4465 ibique
1965 4396 2016 4450 in

438 4493 550 4547 ctio
599 4491 850 4561 degebat.
909 4490 1066 4548 "unc
1113 4490 1301 4546 Ariani
1368 4490 1688 4560 conspirare
1730 4505 1916 4544 secum
1966 4498 2019 4544 et

435 4585 704 4640 doctrinae
728 4600 841 4641 sua:
869 4584 1153 4640 adhaerere
1183 4584 1455 4647 arbitrati,
1487 4583 1772 4653 postulant
1814 4597 1842 4634 a
1876 4582 2021 4637 Con-

438 4675 643 4729 stantio
690 4686 750 4729 ut
799 4674 1103 4728 Ecclesiam
1170 4674 1564 4729 Antiochenam
1615 4674 1663 4727 ei
1728 4671 2020 4742 regendam

2135 3296 2258 3367 χείᾳ
2279 3296 2533 3368 διέτριϐε.
2579 3296 2762 3366 Τῆςδὲ
2818 3294 3108 3365 ἀνακωχῆς
3151 3295 3472 3366 γενομένης,
3509 3294 3716 3347 καὶτοῦ

2136 3387 2406 3459 Περσικοῦ
2463 3387 2814 3458 παυσαμένου
2867 3386 3128 3457 πολέμου,
3188 3386 3350 3440 πάλιν
3387 3385 3715 3447 ἐπισκόπους

2136 3481 2483 3551 συνήθροισεν
2515 3479 2814 3549 ἀρνηθῆναι
2829 3479 3035 3541 πάντας
3053 3480 3146 3531 καὶ
3167 3479 3231 3532 τὸ
3245 3477 3529 3548 ὁμοούσιον
3542 3477 3713 3544 ἀναγ-

2133 3571 2337 3635 κάζων,
2357 3571 2449 3624 καὶ
2479 3571 2538 3624 τὸ
2571 3569 2929 3641 ἑτεροούσιον.
2958 3569 3210 3636 Εὺδοξίου
3231 3569 3285 3621 δὲ
3307 3569 3448 3640 μετά
3467 3568 3711 3621 Λεόντιον

2134 3665 2337 3717 ἐκεῖνον
2366 3663 2456 3715 τὸν
2481 3662 2666 3732 θρόνον
2698 3662 3063 3734 ἁρπάσαντος,
3095 3657 3214 3714 εἶτα
3231 3661 3588 3734 ὲξελαθέντος,
3615 3659 3710 3712 καὶ

2137 3757 2272 3827 μετά
2298 3755 2496 3819 πολλὰς
2544 3756 2789 3819 συνόδους
2809 3754 2908 3826 τὴν
2938 3753 3503 3808 Κωνσταντινούπολιν
3532 3769 3707 3822 παρα-

2133 3848 2310 3917 νόμως
2325 3847 2741 3918 κατεσχηκότος,
2756 3851 2788 3917 ὴ
2808 3846 3122 3917 Ἀντιοχέων
3139 3846 3430 3916 Ἐκκλησία
3453 3843 3704 3913 ποιμένος

2130 3940 2407 4012 ἐστέρητο.
2437 3939 2569 3992 Τότε
2615 3939 2678 4012 δὴ
2727 3935 2818 3993 οὖν
2843 3941 2891 3992 οἱ
2937 3938 3354 4009 συνεληλυθότες
3382 3936 3699 3997 ἐπίσκοποι,
3757 3995 3762 3999 _

2129 4031 2314 4085 πολλοὶ
2358 4033 2412 4085 δὲ
2473 4028 2612 4102 ἦσαν
2669 4031 2934 4086 πάντοθεν
2995 4029 3399 4098 συνειλεγμένοι
3420 4029 3485 4091 ³⁸,
3511 4029 3698 4098 χρῆναι

2129 4125 2312 4194 ἔλεγον
2344 4125 2714 4196 προϐληθῆναι
2745 4123 3009 4195 πρότερον
3041 4125 3105 4193 τῇ
3152 4121 3358 4194 ποίμνῃ
3391 4121 3574 4191 νομέα,
3603 4115 3696 4170 εἷθ’

2128 4218 2270 4272 οὕτω
2315 4222 2465 4288 κοινῇ
2501 4219 2598 4271 σὺν
2645 4218 2838 4288 ἐκείνῳ
2898 4217 3026 4288 περὶ
3073 4215 3360 4283 δογμάτων
3421 4211 3698 4285 βουλεύσα-

2131 4311 2272 4365 σθαι.
2300 4311 2435 4365 Κατ’
2461 4313 2667 4365 ἐκεῖνον
2693 4311 2748 4363 δὲ
2774 4310 2866 4364 τὸν
2911 4309 3102 4379 καιρὸν
3159 4308 3423 4372 Μελέτιος
3451 4310 3477 4360 ὀ
3508 4306 3698 4360 θεσπέ-

2130 4420 2242 4466 σιος
2291 4403 2443 4456 πόλιν
2489 4404 2609 4456 τινά
2650 4405 2749 4472 τῆς
2792 4401 3106 4472 Ἀρμενίας·
3146 4399 3364 4463 ἰθύνων,
3437 4395 3554 4452 εἶτα
3595 4388 3700 4450 τῶν

2127 4495 2448 4564 ἀρχομένων
2494 4494 2556 4547 τὸ
2588 4495 2836 4564 δυσήνιον
2890 4492 3249 4564 δυσχεράνας,
3298 4492 3530 4563 ἡσυχίαν

2125 4586 2352 4658 ἑτέρωθι
2411 4585 2720 4658 διατρίϐων,
2773 4583 2972 4638 Τοῦτον
3015 4585 3412 4654 ὑπονοήσαντες
3440 4585 3483 4615 ³9
3525 4586 3571 4637 οἱ
3604 4583 3704 4651 τῆς

2131 4679 2341 4751 Ἀρείου
2372 4680 2678 4750 συμμορίας
2703 4681 2984 4751 ὁμόφρονα
3007 4674 3168 4743 εἶναι,
3198 4679 3290 4731 καὶ
3319 4677 3576 4730 κοινιιινδν
3597 4676 3706 4728 τῶν

437 4764 770 4820 committat.
811 4763 1026 4819 Nullam
1088 4765 1292 4835 quippe
1358 4766 1530 4833 legem
1560 4839 1562 4842 τ
1597 4779 1708 4818 non
1762 4764 2024 4819 audacter

2138 4772 2424 4841 Ξογμάτων,
2485 4770 2754 4843 ὲξῄτησαν
2784 4774 2874 4826 τὸν
2936 4772 3313 4827 Κωνστάντιον
3373 4769 3550 4838 τούτῳ
3606 4768 3708 4834 τῆς

436 4855 740 4921 violabant,
768 4855 898 4910 dum
930 4856 1262 4925 impietatem
1289 4856 1536 4910 stabilire
1558 4839 1804 4918 student,
1831 4854 2024 4909 funda-

426 4956 792 5019 mentumque
841 4947 948 5002 illis
987 4955 1103 5003 erat
1157 4947 1508 5015 blasphemia:
1535 4947 1740 5018 jurium
1778 4948 2022 5000 omnium
2059 4955 2064 4960 '

401 5097 414 5106 _
437 5039 826 5110 transgressio.
862 5038 1029 5094 Multa
1059 5039 1206 5094 enim
1245 5039 1520 5109 ejusmodi
1551 5040 1740 5094 multis
1791 5040 1843 5092 in
1874 5039 2015 5094 locis

435 5143 727 5196 novarum.
751 5133 1188 5204 Apostolicorum
1208 5147 1336 5188 vero
1352 5132 1665 5204 dogmatum
1692 5139 2012 5195 sectatores,

433 5225 636 5289 quibus
671 5228 852 5297 magni
883 5225 1082 5282 Meletii
1107 5235 1160 5282 et
1194 5226 1402 5281 sanitas
1457 5225 1748 5286 doctrinae,
1808 5235 1861 5278 et
1894 5227 2016 5279 vitae

436 5325 696 5384 praeterea
723 5318 969 5384 claritas,
996 5299 1327 5388 virtutisque
1357 5317 1635 5388 opulentia
1677 5317 1836 5387 plane
1887 5332 2013 5386 per-

2135 4862 2450 4932 Ἀντιοχέων
2480 4863 2806 4934 Ἐκκλησίας
2838 4862 3170 4933 παραδοῦναι
3191 4861 3288 4924 τὰς
3315 4862 3494 4930 ἡνίας.
3519 4862 3708 4914 Πάντα

2123 4956 2232 5026 γὰρ
2255 4956 2416 5025 νόμον
2453 4955 2785 5026 παρέϐαινον
2814 4957 3005 5021 ἀδεῶς,
3052 4954 3314 5027 κρατῦναι
3373 4951 3708 5025 πειρώμενοι

2123 5047 2219 5115 τὴν
2252 5045 2504 5098 ἀσέϐειαν
2529 5061 2545 5077 θ
2592 5045 2686 5098 καὶ
2725 5047 2833 5100 τῶν
2869 5045 3088 5116 θεσμῶν
3123 5047 3155 5116 ὴ
3198 5043 3509 5114 παράϐασις
3571 5043 3708 5094 ὑπο-

2124 5137 2298 5207 ϐάθρα
2358 5136 2458 5204 τῆς
2517 5136 2864 5208 βλασφημίας
2920 5137 3130 5206 ἐγίνετο
3199 5135 3374 5189 Πολλὰ
3398 5135 3455 5187 δὲ
3478 5131 3709 5187 τοιαῦτα

2126 5227 2388 5298 πολλαχοῦ
2427 5229 2529 5298 γῆς
2590 5229 2956 5298 ὲνεόχμωσαν.
3007 5229 3068 5281 Οἱ
3096 5228 3152 5281 δὲ
3191 5227 3296 5280 τῶν
3331 5225 3708 5279 ἀποστολικῶν

2125 5319 2472 5390 ἀντεχόμενοι
2512 5320 2819 5390 δογμάτων,
2872 5317 2967 5372 τοῦ
3011 5319 3245 5390 μεγάλου
3289 5318 3552 5371 Μελετίου
3607 5316 3710 5367 καὶ

1680 5493 1915 5548 VARle
1973 5492 2378 5549 LECTIONES.

523 5611 564 5644 "
589 5616 707 5671 τῶν
747 5610 1032 5680 Ῥωμαίων
1060 5612 1148 5663 τὸν
1175 5610 1418 5678 βασιλέα.
1451 5609 1635 5661 Iidem.

1735 5611 1779 5640 35
1812 5609 2131 5680 προνομίας.
2164 5609 2347 5664 Iidem.

2454 5610 2616 5686 "‘nza‘t
2645 5612 2804 5686 addit
2831 5613 2952 5686 llas.
2980 5614 3151 5671 (ἔνευε.
3233 5617 3274 5647 ³τ
3309 5615 3498 5686 μικρᾷ.
3548 5613 3699 5669 Idem

425 5687 544 5738 cum
569 5681 770 5754 Sit-ph.
852 5679 895 5711 3"
923 5683 1266 5752 σ·.,νηγμένοι.
1305 5682 1423 5738 Bas.
1462 5679 1632 5734 Graec.
1715 5682 1755 5711 ³³
1793 5683 2282 5752 ’λ’ποτοπήσαντες.
2320 5681 2442 5737 Bas.
2474 5680 2644 5736 Cum.
2681 5692 2728 5738 et
2776 5685 2964 5753 Steph.
3009 5687 3056 5742 1.
