4032 6192
348 250 479 316 1081

1336 267 1924 335 ECCLESIASTIt'LE
1959 277 2340 349 IIlSTORLE
2370 291 2514 352 LIB.
2554 289 2636 350 II.

3479 291 3613 404 1.032

345 371 442 440 τὴν
472 373 530 424 ἐν
555 375 664 436 τοῖς
702 373 972 446 δόγμασιν
1025 377 1211 446 ὑγείαν
1243 381 1462 447 εἰδότες,
1488 387 1580 438 καὶ
1613 387 1710 458 μὲν
1739 389 1802 462 δὴ
1827 408 1891 442 κα

2026 409 2212 466 specta
2247 413 2388 468 erat,
2426 402 2706 474 suﬂragati
2740 412 2888 467 sunt,
2942 402 3338 473 decretumque
3368 378 3612 475 perscri-

340 462 442 533 τήν
469 463 565 518 τοῦ
593 464 708 535 βίου
737 465 1120 540 λαμπρότητα,
1151 473 1370 544 καὶτῆς
1403 476 1602 549 ἀρετῆς
1629 479 1723 533 τὸν
1754 481 1918 535 πλοῦ-

340 571 434 610 τον
461 555 648 627 σαφῶς
680 559 1056 632 ἐπιστάμενοι,
1103 566 1562 638 συνεψηφίσαντο,
1598 574 1700 626 καὶ·
1719 573 1778 626 τὸ
1799 574 1912 646 ψή-

345 664 522 719 φισμα
553 652 852 722 γραφῆναι,
910 658 1004 707 καὶ
1058 657 1208 730 παρά
1255 661 1471 715 πάντων
1533 648 1920 736 ὑπογραφῆναι

345 739 484 804 μετά
512 740 770 814 πλείστης
795 746 876 799 ὅτι
908 746 1144 815 μάλιστα
1181 752 1418 821 σπουδῆς
1472 757 1916 826 παρεσκεύασαν.

342 832 511 887 Τοῦτο
539 835 689 903 δέ.γε
720 838 813 891 καὶ
853 831 999 894 οὗτοι
1034 843 1296 910 κάκεῖνοι,
1346 841 1456 902 οἷόν
1490 867 1611 902 τινα
1646 852 1920 925 συνθήκην

341 923 544 995 κοινὴν,
573 926 817 1000 Εὑσεϐίῳ
845 931 922 1000 τῷ
952 933 1282 1004 Σαμοσάτων
1318 940 1599 1010 ἐπισκόπιρ
1632 923 1921 1013 φυλάττειν

339 1013 568 1109 ἐδοσαν.
628 1020 782 1091 ἀνδρὶ
843 1025 1074 1095 γενναίῳ
1142 1028 1240 1098 τῆς
1306 1029 1566 1101 ἀληθείας
1615 1035 1915 1109 ἀγωνιστῇ.

351 1107 566 1200 tta-Fam]
595 1111 651 1164 δὲ
674 1112 958 1186 βασιλικὴν
986 1116 1280 1200 δεξάμενος
1311 1123 1503 1194 κλῆσιν
1530 1122 1667 1199 ἧκεν
1696 1129 1723 1182 ὁ
1743 1107 1919 1200 μέγας

339 1199 618 1293 Μελέτιος,
670 1199 990 1277 ὑπήντησαν
1021 1208 1120 1278 μὲν
1158 1209 1398 1278 ἅπαντες
1427 1218 1475 1269 οί
1506 1221 1603 1288 τῆς
1641 1199 1916 1293 ἀρχιερω-

340 1289 504 1361 σύνης
529 1292 586 1324 ⁸⁸
619 1296 1016 1366 μετειληχότες,
1073 1301 1389 1374 ὑπήντησαν
1427 1306 1484 1360 δὲ
1533 1310 1626 1362 καὶ
1670 1289 1917 1370 οίηᾶλλοι

333 1383 432 1477 τῆς
460 1385 754 1456 ἐκκλησίας
787 1390 958 1461 χοροὶ,
991 1392 1083 1446 καὶ
1114 1392 1260 1448 ἅπαν
1291 1397 1352 1450 τὸ
1378 1400 1476 1469 τῆς
1508 1401 1717 1468 πόλεως
1779 1406 1914 1477 πλῆ-

335 1473 426 1539 θος
453 1491 468 1506 ’
515 1479 769 1549 παρῆσαν
800 1481 858 1534 δὲ
902 1483 996 1536 καὶ
1033 1485 1272 1540 Ἰουδαῖοι
1326 1490 1419 1543 καὶ
1475 1493 1769 1565 Ἕλληνες,
1818 1473 1911 1552 τδν

333 1566 732 1639 πολυθρύλητον
769 1573 894 1628 ἰδεῖν
924 1576 1183 1631 Μελέτιον
1225 1579 1579 1652 ίμειρόμενοι.
1625 1587 1684 1640 '0
1711 1587 1766 1643 δέ
1809 1591 1906 1660 βα-

333 1658 516 1723 σιλεὺς
539 1663 630 1716 καὶ
673 1665 824 1735 αὑτῷ
845 1669 940 1720 καὶ
969 1671 1080 1733 τοῖς
1114 1669 1312 1736 ἄλλοις,
1340 1675 1390 1728 οἳ
1415 1675 1595 1744 λέγειν
1622 1658 1903 1752 ἠδύναντο,

327 1748 390 1845 τό
413 1765 430 1782 ·
521 1753 723 1825 Κύριος
752 1755 934 1812 ἐκτισέ
965 1777 1031 1830 με
1071 1763 1245 1836 ἀρχὴν
1276 1766 1410 1820 ὁδῶν
1446 1770 1612 1826 αὑτοῦ
1643 1748 1726 1836 είς
1767 1748 1905 1845 ἔργα

327 1842 514 1908 αὑτοῦ,
544 1863 562 1896 ι
607 1850 1001 1921 παρηγγύησεν
1047 1855 1347 1932 ἀναπτύξαι
1381 1859 1458 1931 τῷ
1493 1862 1706 1932 πλήθει.
1767 1842 1905 1932 Τοὺς

324 1933 380 2028 δὲ
469 1936 702 2004 γράφειν
725 1943 1188 2015 πεπαιδευμένους
1211 1949 1288 2011 είς
1319 1929 1481 2022 τάχος
1503 1929 1709 2024 γράψαι
1735 1929 1903 2028 προσξ

324 2025 480 2120 έταξε
535 2029 602 2083 τὰ
661 2035 792 2104 παρ’
857 2036 1090 2091 ἑκάστου
1144 2039 1446 2111 λεγόμενα,
1504 2025 1900 2120 ἀκριϐεστέραν

323 2117 539 2174 ἔσεσθαι
562 2123 734 2198 ταύτῃ
758 2125 855 2198 τὴν
883 2127 1228 2186 διδασκαλίαν
1263 2117 1590 2192 ὑπολαϐών.
1612 2140 1722 2194 Καὶ
1744 2117 1898 2213 πρῶ-

320 2227 412 2276 τος
443 2214 540 2284 μέν
564 2216 592 2270 ό
617 2217 936 2285 Λαοδικείας
979 2222 1252 2294 Γεώργιος
1303 2229 1402 2300 τὴν
1439 2231 1722 2305 αἱρετικὴν
1770 2235 1896 2307 ἐξή-

322 2322 456 2374 μεσε
495 2307 810 2382 δυσοσμίαν.
845 2314 1001 2369 Μιτά
1027 2317 1084 2370 δέ
1105 2318 1294 2374 τοῦτον
1333 2323 1586 2390 Ἀκάκιος
1619 2327 1647 2379 ό
1681 2329 1895 2383 Καισα-

321 2397 490 2466 ρείας,
530 2400 702 2474 μέσην
729 2405 848 2458 τινά
871 2406 1223 2463 διδασκαλίαν
1253 2414 1622 2485 προσήνεγκε,
1644 2418 1895 2476 πλεῖστον

320 2491 418 2560 μὲν
454 2493 577 2548 ὅσον
607 2496 704 2565 τῆς
739 2498 963 2552 ἐκείνων
991 2499 1342 2573 βλασφημίας
1367 2505 1762 2577 ἀφεστηκυῖαν,
1794 2512 1894 2566 οὑκ

315 2583 592 2656 ἀκραιφνῆ
636 2587 693 2642 δέ
730 2590 825 2644 καὶ
880 2591 1138 2661 ἀκέραιον
1171 2595 1261 2648 τὸν
1299 2597 1657 2654 ἀποστολικὸν
1717 2620 1891 2675 χαρα-

314 2675 491 2746 κτῆρα
513 2677 906 2746 φυλάττουσαν.
933 2683 1126 2754 Τρίτον
1151 2687 1179 2738 ὁ
1203 2687 1375 2756 μέγας
1401 2689 1602 2762 ἀνέστη
1625 2693 1891 2760 Μελέτιος

312 2767 406 2820 καὶ
440 2769 532 2822 τοῦ
566 2770 667 2841 τῆς
713 2771 991 2843 θεολογίας
1037 2778 1264 2843 κανόνος
1320 2780 1566 2849 ὑπέδειξε
1595 2783 1694 2854 τὴν
1731 2787 1890 2841 εὐθύ-

311 2875 467 2929 τητα.
497 2856 621 2916 Οῖον
645 2863 752 2934 γάρ
773 2882 877 2919 τινι
916 2867 1130 2940 στάθμῃ
1163 2870 1228 2939 τῇ
1266 2860 1885 2946 ἀληθείᾳ’χρησάμενος,

313 2951 490 3005 καὶτὸ
519 2955 770 3024 περιττὸν
805 2957 900 3010 καὶ
926 2957 986 3011 τὸ
1014 2959 1259 3013 ἐλλεῖπον
1286 2960 1561 3032 διέφυγεν,
1605 2966 1888 3039 εὐφημίας

309 3041 364 3094 δὲ
395 3043 654 3116 πλείστης
680 3046 831 3117 παρά
859 3049 953 3102 τοῦ
993 3051 1232 3121 πλήθους
1266 3057 1742 3130 προσφερομένης,
1791 3064 1886 3114 καὶ

310 3134 572 3206 σύντομον
604 3137 787 3204 αὑτοῖς
823 3147 1211 3213 προσενεγκεῖν
1259 3147 1682 3203 ἀντιϐολούντων
1742 3151 1888 3206 διδα-

309 3225 555 3293 σκαλίαν,
591 3233 741 3300 τρεῖς
775 3231 1063 3299 ὑποδείξας
1121 3235 1434 3301 δακτύλους,
1471 3234 1588 3294 εἶτα
1642 3243 1768 3306 τοὺς
1793 3244 1886 3298 δύο

307 3319 646 3388 συναγαγὼν,
677 3323 770 3376 καὶ
795 3324 884 3377 τὸν
928 3325 1026 3379 ἕνα
1058 3326 1399 3392 καταλιπὼν,
1431 3328 1528 3398 τὴν
1570 3329 1882 3395 ἀξιέπαινον

304 3411 519 3482 ἐκείνην
547 3414 724 3484 ἀφῆκε
759 3418 970 3488 φωνήν·
999 3419 1138 3490 Τρία
1169 3421 1238 3474 τὰ
1285 3420 1569 3491 νοούμενα,
1597 3423 1674 3488 ὼς
1716 3425 1796 3479 ἐνὶ
1823 3424 1880 3480 δέ

301 3502 681 3575 διαλεγόμεθα.
720 3508 875 3562 Κατὰ
924 3509 1126 3583 ταύτης
1184 3514 1281 3584 τῆς
1321 3515 1669 3582 διδασκαλίας
1705 3520 1754 3572 οἱ
1783 3519 1882 3591 τὴν

313 3595 524 3666 Ἀρείου
559 3597 713 3650 νόσον
740 3599 798 3651 ἐν
829 3601 894 3671 τῇ
923 3599 1068 3673 ψυχῇ
1110 3603 1365 3674 φέροντες
1389 3605 1455 3671 δ’,
1491 3608 1592 3671 τὰς
1625 3608 1874 3677 γλώττας

299 3685 555 3757 ἐκίνησαν
575 3688 640 3753 ⁸³,
669 3692 762 3744 καὶ
787 3693 1149 3762 συκοφαντίαν
1176 3695 1466 3765 ἐξύφηναν,
1489 3699 1557 3753 τὰ
1586 3701 1876 3755 Σαϐελλίου

295 3783 514 3851 φρονεῖν
551 3781 642 3834 τδν
674 3783 816 3838 θεῖον
874 3787 1156 3857 εἰρηκότες
1195 3788 1477 3856 Μελέτιον,
1514 3795 1608 3845 καὶ
1653 3794 1878 3848 ἔπεισάν

295 3886 356 3938 γε
387 3873 480 3925 τὸν
508 3871 731 3944 εὑριπον
759 3875 987 3940 ἐκεῖνον,
1026 3877 1119 3930 καὶ
1149 3878 1274 3950 τῇδε
1301 3882 1526 3934 κάκεῖσε
1555 3883 1754 3954 ῥᾳδίως
1781 3901 1877 3952 φε-

297 3961 544 4032 ρόμενον,
573 3966 665 4017 καὶ
691 3965 1108 4036 παρεσκεύασαν
1139 3969 1217 4031 είς
1238 3969 1337 4039 τὴν
1366 3971 1578 4023 οἰκείαν
1624 3971 1880 4042 ἐξοστρα-

295 4051 446 4104 κίσαι
477 4055 729 4126 πατρίδα.
759 4057 868 4109 Καὶ
897 4060 1212 4129 παραυτίκα
1243 4059 1485 4123 Εύζώῖον
1515 4062 1630 4114 ἀντ’
1663 4063 1875 4116 ἐκείνου

296 4141 730 4210 προὺϐάλοντοιδ
769 4187 784 4208 ,
841 4149 1095 4219 προφανῆ
1151 4149 1263 4202 τῶν
1321 4151 1535 4222 Ἀρείου
1588 4151 1876 4222 δογμάτων

297 4234 632 4304 συνήγορον’
694 4236 791 4289 σὺν
822 4237 1018 4308 Ἀρείῳ
1047 4240 1156 4310 γὰρ
1206 4241 1303 4295 καὶ
1351 4243 1540 4295 τοῦτον
1599 4244 1876 4313 διακονίας

295 4323 638 4394 ἠξιωμένονό
662 4326 835 4396 μέγας
877 4329 1222 4404 Ἀλέξανδρος
1268 4335 1637 4405 ἀπεκήρυξεν.
1695 4338 1873 4404 Εὐθὺς

2030 488 2265 544 bendum
2295 499 2347 546 et
2381 493 2448 546 ab
2503 494 2760 547 omnibus
2791 491 3255 548 subscribendum
3303 493 3611 564 diligentis-

2025 581 2162 637 sime
2185 592 2489 648 curarunt,
2555 584 2718 654 idque
2777 591 2891 638 tum
2945 585 3042 646 hi,
3113 596 3222 640 tutu
3279 586 3401 648 illi,
3463 589 3610 643 velut

2024 687 2318 728 commune
2349 685 2591 744 pactum,
2619 674 2856 730 Eusebio
2892 675 3267 732 Samosatensi
3316 678 3604 750 episc0po,

2023 766 2265 834 glorioso
2296 767 2515 836 pietatis
2545 768 2785 834 athletae,
2811 769 3205 823 asservandum
3251 772 3608 826 commenda-

2024 868 2172 913 runt.
2232 860 2336 915 Ubi
2371 875 2502 916 vero
2536 863 2604 916 ab
2669 862 3001 931 imperatore
3047 862 3257 917 accitus
3297 863 3606 919 adventavit

2022 965 2253 1021 magnus
2288 951 2558 1015 Meletius,
2599 951 2818 1009 obviam
2872 966 3195 1022 processere
3229 965 3420 1006 omnes
3457 969 3598 1023 pon-

2021 1043 2218 1107 tifices,
2256 1059 2578 1114 processere
2607 1053 2660 1101 et
2713 1045 2804 1099 alii
2864 1047 3088 1101 ordines
3136 1046 3518 1108 ecclesiastici,
3550 1056 3606 1103 et

2019 1129 2274 1189 universa
2298 1137 2500 1191 civium
2527 1138 2858 1193 multitudo:
2886 1137 3221 1207 aderantque
3240 1138 3403 1192 etiam
3429 1136 3602 1194 Judzei

2019 1244 2082 1284 ac
2109 1230 2363 1299 gentiles,
2390 1231 2810 1286 celeberrimum
2866 1231 3146 1287 Meletium
3198 1230 3384 1286 videre
3439 1232 3606 1301 gesti-

2017 1330 2192 1377 entes.
2237 1321 2543 1392 Imperator
2589 1332 2773 1378 autem
2801 1324 2969 1394 909
3001 1333 3053 1378 et
3101 1323 3306 1394 ipsum,
3353 1332 3406 1378 et
3441 1325 3600 1386 alios.

2016 1412 2112 1484 qui
2173 1412 2393 1468 dicendi
2451 1412 2724 1468 facultate
2785 1415 3119 1484 valebantﬁ
3172 1415 3476 1479 admonuit,
3543 1423 3603 1469 ut

2019 1503 2222 1572 popqu
2261 1503 2587 1558 sententiam
2640 1503 2789 1558 illam
2843 1501 3218 1574 explicarent:
3279 1525 3296 1558 ι
3337 1507 3600 1560 Dominus

2022 1593 2230 1648 creavit
2262 1609 2347 1648 me
2378 1593 2592 1648 initium
2623 1595 2832 1649 viarum
2863 1610 3084 1650 suarum
3110 1596 3176 1650 ad
3202 1611 3366 1666 opera
3390 1613 3488 1652 sua
3517 1594 3593 1662 1,»

2019 1693 2073 1740 et
2113 1685 2356 1742 notarios
2387 1686 2718 1742 exercitatos
2758 1703 2822 1742 ea
2865 1689 3120 1758 excipere
3172 1689 3338 1758 jussit
3385 1705 3508 1760 qua:
3566 1706 3595 1743 ει

1943 1753 1982 1807 Β
2014 1779 2249 1849 singulis
2283 1777 2618 1846 dicerentur,
2651 1778 2732 1834 sic
2773 1777 3013 1834 futurum
3052 1781 3285 1836 credens
3321 1789 3376 1834 ut
3429 1795 3597 1837 aet-u-

2012 1870 2271 1924 ratiorem
2295 1869 2603 1923 doctrinam
2627 1880 3031 1939 expromerent.
3065 1872 3143 1926 Ae
3175 1873 3348 1940 primo
3375 1873 3592 1942 quidem

2011 1959 2278 2030 Georgius
2326 1958 2668 2016 Laodicenus
2729 1975 2891 2029 grave
2947 1963 3101 2022 olens
3159 1963 3384 2018 haeresis
3445 1966 3594 2020 virus

2008 2053 2272 2108 evomuit.
2324 2050 2454 2108 Post
2507 2053 2655 2107 hunc
2709 2053 2946 2109 Aeacius
2996 2054 3291 2125 episcopus
3336 2055 3594 2112 Caesarea!

2009 2143 2241 2200 mediam
2261 2144 2564 2199 doctrinam
2587 2148 2840 2216 protulit,
2866 2147 3023 2218 longe
3042 2147 3259 2218 quidem
3284 2149 3352 2203 ab
3375 2149 3588 2206 illorum

2006 2236 2348 2306 blasphemia
2377 2237 2650 2306 dissitam,
2681 2255 2818 2310 puro
2851 2249 3032 2296 tamen
3096 2255 3159 2296 ac
3206 2243 3423 2297 sincero
3460 2258 3592 2311 apo-

2005 2329 2204 2384 stolieo
2249 2329 2554 2386 characteri
2615 2331 2841 2388 minime
2899 2343 3313 2404 congruentem.
3367 2332 3588 2391 Tertius

2004 2422 2244 2479 surrexit
2281 2439 2510 2494 magnus
2556 2423 2842 2490 Meletius,
2904 2435 2958 2480 et
3015 2425 3331 2497 theologica:
3377 2429 3584 2498 regula:

2004 2513 2381 2568 rectitudiucin
2409 2515 2668 2571 ostendit.
2725 2515 2858 2570 Nam
2889 2515 2956 2570 ad
3009 2517 3257 2572 veritatis
3313 2519 3581 2573 auiussim

2001 2607 2185 2661 omnia
2245 2606 2527 2676 dirigens,
2583 2623 2651 2662 ne
2699 2608 2820 2678 plus
2871 2610 3125 2663 minusve
3177 2608 3306 2680 quid
3376 2609 3585 2665 diceret

1999 2697 2277 2753 devitavit.
2311 2699 2717 2754 Acclamalione
2748 2708 2930 2755 autem
2958 2701 3139 2771 populi
3183 2703 3418 2755 maxima
3452 2717 3583 2755 con-

1999 2798 2208 2854 secuta,
2260 2806 2383 2846 cum
2425 2801 2734 2861 rogaretur,
2778 2800 2837 2846 ut
2878 2791 3189 2848 doctrinam
3245 2792 3380 2863 ipsis
3432 2793 3583 2849 brevi

1999 2882 2322 2953 compendio
2378 2883 2637 2949 traderet,
2710 2892 2822 2939 tres
2877 2884 3082 2955 digitos
3133 2885 3394 2950 ostendit,
3463 2896 3578 2939 tum

1997 2973 2214 3030 duobus
2249 2975 2609 3044 compressis,
2641 2971 2696 3030 et
2726 2992 2837 3030 uno
2866 2984 3095 3055 extenso
3127 2977 3339 3039 relicto.
3369 2993 3575 3032 ntemn-

1999 3068 2224 3122 rabilem
2283 3067 2430 3122 illam
2484 3084 2670 3124 vocem
2725 3070 2958 3140 protulit
3006 3091 3020 3126 :
3085 3068 3212 3125 Tria
3267 3080 3399 3126 sunt
3457 3086 3580 3141 qua:

1994 3157 2396 3228 intelliguntur,
2427 3157 2523 3213 sed
2554 3166 2814 3229 tanquam
2852 3175 3020 3214 unum
3065 3161 3418 3232 alloquimur.
3461 3161 3577 3215 Ad-

1989 3263 2184 3304 versus
2210 3247 2348 3301 hanc
2373 3247 2678 3302 doctrinam
2713 3249 2746 3302 ii
2812 3266 3046 3320 quorum
3100 3252 3315 3307 animos
3366 3251 3574 3306 Ariana

1987 3339 2138 3396 labes
2163 3338 2451 3403 infecerat,
2482 3339 2696 3411 linguas
2721 3350 3083 3408 exacuerunt,
3125 3343 3573 3412 calumniamque

1987 3433 2098 3488 orsi
2129 3441 2277 3495 sunt,
2306 3447 2430 3487 cum
2479 3431 2718 3488 Sabellio
2762 3433 2969 3489 sentire
2995 3433 3242 3489 divinum
3289 3437 3562 3490 Melctium

1984 3525 2311 3594 garrientcs,
2338 3524 2514 3580 ethoc
2540 3525 2732 3594 euripo
2753 3523 2852 3590 illi,
2886 3525 2978 3595 qui
3006 3525 3112 3580 huc
3145 3525 3385 3595 illucque
3412 3527 3572 3580 facile

1985 3616 2388 3688 impellebatur,
2431 3626 2845 3687 persuaserunt,
2877 3629 3215 3689 egeruntque
3256 3629 3315 3672 ut
3353 3634 3476 3674 eum
3511 3619 3567 3673 in

1982 3708 2216 3778 patriam
2255 3723 2408 3764 suam
2441 3709 2726 3778 relegarct.
2769 3703 3077 3778 Statimque
3127 3708 3391 3762 Euzoium
3450 3707 3572 3772 ejus

1980 3799 2104 3856 loco
2126 3801 2516 3873 subrogarunt,
2539 3801 2886 3856 manifestum
2905 3801 3232 3855 Arianorum
3253 3802 3568 3871 dogmatum

1982 3893 2366 3948 defensorem:
2423 3893 2570 3948 hunc
2613 3893 2817 3965 quippe
2882 3893 3062 3964 ipsum
3117 3909 3346 3964 magnus
3405 3891 3570 3961 910

1979 3985 2291 4040 Alexander
2340 3999 2448 4038 una
2499 3999 2624 4038 cum
2689 3985 2822 4039 Ario
2887 3983 3210 4038 damnatum
3270 3986 3564 4038 diacouatu

1979 4076 2245 4145 privarat.
2289 4074 2412 4129 Mox
2463 4075 2630 4143 igitur
2662 4089 2796 4129 sana
2835 4091 2962 4144 pars
3003 4075 3210 4144 populi,
3269 4075 3337 4128 ab
3391 4089 3455 4127 ea
3507 4088 3566 4128 se

1979 4167 2293 4223 subducens
2333 4181 2454 4236 qua:
2484 4166 2734 4220 morbum
2767 4173 3143 4227 contraxerat,
3180 4165 3232 4218 in
3263 4164 3564 4234 apostolica

1989 4259 2244 4325 ecclesia,
2277 4275 2397 4329 qua:
2431 4260 2484 4313 in
2515 4266 2697 4315 vetere
2722 4301 2736 4321 ,
2763 4265 2822 4312 ut
2869 4266 3094 4324 vocant,
3153 4258 3285 4312 urbe
3320 4259 3421 4312 sita
3455 4268 3562 4321 est,

1976 4351 2296 4421 congregari
2358 4351 2546 4420 cmpit.
2600 4349 2850 4420 Triginta
2883 4365 3121 4420 namque
3165 4366 3384 4414 annos,
3442 4359 3565 4420 post

289 4414 352 4486 δὴ
387 4417 535 4484 γοῦν,
569 4417 629 4471 τὸ
656 4420 896 4486 ὑγιαῖνον
939 4421 1142 4495 πλῆθος
1190 4425 1284 4478 τοῦ
1317 4426 1416 4497 τὴν
1452 4428 1604 4482 νόσον
1620 4429 1663 4464 ⁸⁵
1701 4431 1866 4485 εἰσδε-

291 4509 548 4532 9---.-ι-.-.-
609 4513 746 4532 ΑΔ-..
767 4530 778 4532 _
815 4514 862 4532 n!
1011 4517 1023 4532 ι
1139 4518 1149 4532 I
1242 4520 1254 4532 ι
1436 4521 1452 4532 ι
1534 4523 1544 4532 .
1639 4524 1695 4532 -_
1773 4525 1788 4532 -

1997 4450 2215 4497 ltruetas
2246 4441 2591 4513 praedicando
2630 4441 2926 4496 Eustathio
2954 4443 3202 4508 insidias,
3240 4443 3556 4496 Arianicam

288 4509 552 4582 δεγμένου
602 4513 926 4584 ἀποκριθὲν,
976 4517 1056 4580 είς
1099 4518 1197 4589 τὴν
1232 4520 1593 4593 ἀποστολικὴν
1639 4524 1869 4598 Ἐκκλη-

291 4599 410 4654 σίαν
430 4601 528 4673 τὴν
551 4603 608 4657 ἐν
633 4607 698 4675 τῇ
733 4605 1041 4680 καλουμένῃ
1074 4609 1286 4683 Παλαιᾷ
1309 4613 1659 4686 διακειμένην
1678 4617 1866 4689 ἠθροί-

289 4694 460 4755 ζοντο.
490 4697 798 4766 Τριάκοντα
826 4693 829 4696 ’
856 4702 955 4771 μὲν
995 4704 1106 4774 γὰρ
1137 4703 1231 4777 ἔτη
1274 4707 1413 4777 μετά
1446 4727 1509 4778 γε
1532 4707 1579 4740 ⁸⁸
1613 4710 1712 4775 τὰς
1746 4713 1866 4764 κατ’

289 4781 585 4840 Ι-Σὺσταθίου
612 4789 708 4843 τοῦ
748 4795 1107 4876 πανευφήμου
1144 4801 1516 4870 γεγενημένας
1572 4805 1865 4870 ἐπιϐουλὰς

286 4870 629 4968 διε-τέλεσαν»
670 4883 767 4952 τῆς
789 4870 1155 4960 ’Ἄρειοινικῆς
1190 4891 1506 4962 ἀνεχόμενοι
1557 4895 1859 4968 βδελυρίας,

289 4962 380 5014 καὶ
413 4971 653 5039 χρηστήν
677 4989 794 5026 τινα
821 4979 1123 5051 μεταϐολὴν
1155 4985 1601 5056 προσδεχόμενοι.
1637 4990 1857 5063 Ἐπειδὴ

284 5055 340 5110 δὲ
367 5051 506 5112 εἶδον
528 5060 626 5132 τὴν
653 5063 906 5121 ἀσέϐειαν
942 5076 1069 5142 παρ’
1095 5075 1282 5140 αὑτοῖς
1305 5107 1308 5110 λ
1328 5078 1726 5152 αὐξανομένην,
1766 5085 1861 5136 καὶ

361 5213 380 5253 ι
415 5213 581 5272 Prov.
625 5231 748 5284 νιιι,
785 5220 879 5278 22.

1977 4528 2308 4603 proterviain
2341 4533 2610 4604 patienter
2668 4535 3026 4604 pertulerant,
3079 4534 3276 4590 bonam
3319 4535 3557 4605 aliquam

1977 4627 2333 4680 mutationem
2357 4634 2762 4696 exspectantes.
2782 4628 2849 4681 At
2873 4636 3162 4698 postquam
3199 4631 3385 4696 augeri
3417 4627 3558 4696 apud

1973 4716 2098 4771 illos
2123 4718 2453 4788 impietatem
2487 4728 2802 4782 senserunt,
2855 4728 2910 4776 et
2967 4737 3062 4776 eos
3103 4721 3194 4790 qui
3253 4719 3556 4790 apostolica

1972 4806 2223 4878 dogmata
2251 4791 2580 4874 retinebant,
2611 4819 2664 4866 et
2689 4824 2874 4880 aperte
2893 4812 3290 4882 oppugnari,et
3321 4810 3556 4864 occultis

1973 4902 2192 4956 insidiis
2226 4904 2352 4972 peti,
2390 4903 2636 4958 divinum
2678 4905 2950 4960 Meletiuiu
2990 4907 3302 4976 expulsum,
3359 4903 3554 4957 Euzoi-

1975 5009 2175 5063 umque
2207 4994 2489 5064 praesidem
2541 4995 2812 5052 haereseos
2845 4997 2992 5052 illius
3025 4997 3209 5051 sedem
3266 4996 3544 5064 adeptum,

1971 5087 2119 5142 venit
2154 5086 2262 5156 illis
2313 5086 2368 5141 in
2423 5096 2661 5143 mentem
2697 5096 2810 5144 tum
2842 5101 3032 5144 eorum
3063 5103 3184 5158 quae
3234 5085 3301 5141 ad
3358 5085 3551 5146 Letum

1512 5391 1745 5447 VAlil.-E
1787 5393 2074 5452 LECTION‘
2083 5398 2182 5452 ES.

343 5538 390 5574 ‘°
421 5545 739 5614 ἱερωσύνης.
767 5547 949 5601 Iidem.

281 5616 705 5691 φέροντεςκῐξιιε.
741 5617 914 5691 Graec.
945 5627 997 5691 et
1027 5622 1213 5691 Steph,

284 5701 429 5740 νοσον
465 5686 904 5760 είσδεδεγμένων.
946 5686 1136 5762 Steph.
1168 5693 1222 5747 ‘2.

1028 5551 1067 5635 1'
1094 5553 1214 5635 τ..δ.
1243 5571 1336 5635 rp.-
1362 5557 1591 5635 §E;_‘:ax.
1633 5578 1758 5613 πει-ε.
1794 5558 1978 5626 Steph.
2011 5561 2117 5635 Καὶ
2150 5563 2273 5625 τοὺς
2305 5581 2392 5635 γρ.

1292 5625 1341 5698 ξδᾲ
1362 5625 1638 5693 ἠκὸνισαν.
1673 5632 1861 5698 Steph.
1893 5625 1944 5682 Vl.

1301 5693 1346 5725 “
1376 5713 1435 5766 γε
1465 5698 1617 5756 abCSI
1643 5719 1670 5755 ιι
1704 5693 1822 5757 llas.
1853 5703 2026 5757 (lucc.

2443 5567 2521 5629 εἰς
2550 5569 2669 5636 τάχ.
2708 5583 2836 5618 πεπ.
2874 5565 2994 5621 lius.
3045 5564 3218 5620 (irate.
3297 5568 3340 5598 δ’
3390 5583 3545 5636 περι-

2045 5631 2064 5661 δ
2091 5631 2509 5704 προύϐάλλοντο.
2547 5631 2669 5693 llas.
2694 5637 2866 5693 ϐιαιο.
2899 5647 2950 5692 et
2977 5637 3170 5707 Strph.
3250 5641 3292 5669 ⁵³⁵
3330 5638 3433 5690 τῶν
3459 5631 3557 5706 ἢν
