4032 6192
484 265 624 330 1033

1472 260 1962 324 THEODORETI
1994 263 2332 325 EPISCOPI
2362 263 2730 328 CYRENSIS

3605 270 3740 337 1085

475 375 623 432 diCta
654 374 867 430 fuerant
895 391 907 428 ;
949 392 967 425 ι
1004 371 1236 426 Salvans
1270 367 1420 424 salva
1452 370 1690 425 animam
1727 367 1874 426 tuam
1905 381 1944 408 ιη
1985 393 2003 424 ι
2032 389 2047 438 ;

2174 374 2288 438 τοὺς
2327 375 2426 447 μὲν
2456 377 2564 429 τῶν
2608 376 2984 430 άποστολικῶν
3014 375 3404 448 ἀντεχομένους
3435 379 3741 450 δογμάτων,

477 480 590 525 ιιιιη
627 467 1061 537 evangeliearum
1105 464 1306 534 legum,
1343 478 1467 533 qua:
1495 473 1679 536 aperte
1697 464 2058 534 praecipiunt:

480 580 500 614 ι
543 559 599 614 Si
633 560 826 615 oculus
860 560 1022 614 ‘tuus
1052 556 1243 612 dexter
1271 556 1610 612 scandalizat
1641 564 1710 618 te,
1743 571 1876 611 erue
1905 570 2057 620 eum,

474 663 529 707 et
550 650 757 722 projice
789 650 888 726 abs
915 657 966 704 te
992 657 1040 702 ι.
1083 647 1441 718 »Εοιιειηιιυο
1497 646 1639 703 etde
1703 647 1840 717 pede
1885 654 1940 702 et
1995 645 2062 702 de

480 758 646 796 manu
692 740 958 796 Dominus
993 739 1198 804 sanxit,
1261 745 1316 793 et
1369 737 1621 792 addidit:
1657 755 1675 790 ι
1724 738 1934 792 Bonum
1975 747 2061 796 est

476 834 596 900 tibi,
631 843 691 888 ut
730 841 916 905 pereat
948 847 1117 887 unum
1154 847 1219 888 ex
1271 830 1532 886 membris
1585 831 1697 887 tuis
1728 867 1745 895 .
1812 838 1867 886 et
1935 846 2046 886 non

2172 467 2266 520 καὶ
2308 468 2601 537 προφανῶς
2635 468 3092 539 πολεμουμένους,
3126 471 3220 525 καὶ
3247 469 3484 543 κρύϐδην
3527 474 3745 528 ἐπιϐου-

2168 559 2510 630 λευομένους,
2551 560 2645 615 καλ⁵
2675 561 2766 613 τὸν
2804 561 2904 630 μὲν
2934 560 3076 616 θεῖον
3105 561 3429 628 ὲξελαθέντα
3455 562 3743 629 Μελέτιον,

2168 650 2408 718 Εὐζὼῖον
2437 653 2493 706 δὲ
2519 654 2609 706 τὸν
2642 655 2742 726 τῆς
2772 655 3036 724 αἱρέσεως
3068 655 3384 727 προστάτην
3447 656 3566 709 ἀντ’
3602 658 3741 710 ὲκεί-

2167 760 2260 798 νου
2311 743 2408 816 τὴν
2459 745 2750 817 προεδρίαν
2788 746 3104 817 δεξάμενον,
3157 749 3265 801 τῶν
3317 748 3454 818 πρὸς
3491 748 3586 800 τὸν
3624 748 3743 802 Λὼτ

2168 835 2587 907 ἀνεμνήσθησαν
2611 840 2920 908 εἰρημένων
2947 855 2960 869 ·
2989 857 3007 889 ι
3036 837 3232 902 Σώζων
3261 838 3404 902 σῶζε
3443 839 3544 908 τὴν
3589 856 3744 893 aeau-

477 933 651 978 totum
681 939 885 995 corpus
920 935 1070 978 tuum
1097 922 1348 978 mittatur
1372 921 1424 976 in
1443 923 1774 992 gehennam.
1816 941 1834 976 ι
1870 923 2059 980 Eccle-

2174 927 2257 980 τοῦ
2279 928 2487 1001 ψυχήν·
2525 948 2545 980 ι
2585 931 2722 1001 πρὸς
2753 931 2810 984 δὲ
2833 931 2899 1002 δὴ
2924 929 3154 995 τούτοις,
3178 930 3274 984 καὶ
3303 931 3411 984 τῶν
3445 931 3741 1000 Εὑαγγελιο

477 1015 574 1070 size
603 1016 785 1086 itaque
812 1015 1010 1070 divisio
1036 1014 1103 1068 ad
1140 1014 1287 1069 hunc
1321 1012 1545 1068 modqu
1577 1013 1721 1070 facta
1751 1023 1858 1071 est.

2166 1017 2280 1071 κῶν
2302 1020 2507 1090 νόμων,
2533 1020 2582 1074 οἳ
2615 1022 2803 1090 σαφῶς
2831 1021 3273 1094 διαγορεύουσιν·
3308 1041 3326 1075 ι
3353 1023 3518 1078 Είὸδτ
3548 1022 3741 1092 ὀφθαλ-

480 1107 579 1180 μός
606 1124 700 1160 σου
738 1109 766 1160 6
787 1107 956 1173 δεξιὸς
985 1106 1324 1174 σκανδαλίζει
1353 1123 1432 1171 σε,
1467 1105 1698 1178 ἔκκοψον
1729 1106 1914 1171 αὑτὸν,
1958 1107 2054 1161 καὶ
2094 1105 2222 1176 βάλε
2250 1111 2358 1164 ἀπὸ
2389 1112 2506 1168 σοῦ.
2533 1133 2551 1165 ι
2585 1113 2770 1168 Ταῦτα
2795 1114 2852 1168 δὲ
2879 1117 2970 1169 καὶ
3006 1116 3134 1187 περὶ
3168 1115 3350 1186 χειρὸς
3409 1116 3508 1169 καὶ
3592 1116 3749 1180 ποδὸς

477 1199 803 1269 όΔεσπότης
857 1200 1240 1276 ἐνομοθέτησε,
1303 1199 1400 1251 καὶ
1439 1198 1830 1269 προστέθεικε·
1869 1216 1887 1251 ι
1917 1196 2193 1270 Συμφέρει
2255 1201 2364 1273 γάρ
2410 1220 2514 1271 σοι,
2549 1205 2636 1258 ἵνα
2688 1205 2958 1278 ἀπόληται
2999 1206 3057 1259 ἓν
3111 1207 3222 1259 τῶν
3277 1205 3456 1277 μελῶν
3477 1223 3596 1270 σου,
3653 1203 3743 1259 καί

482 1293 558 1366 μὴ
580 1292 699 1347 ὅλον
731 1294 790 1347 τὸ
834 1294 994 1364 σῶμά
1053 1311 1146 1347 σου
1187 1292 1359 1364 βληθῇ
1416 1294 1494 1356 είς
1523 1293 1768 1362 γέενναν.
1805 1312 1822 1346 ι
1903 1294 1967 1349 Ἦ
2037 1292 2137 1364 μὲν
2176 1289 2269 1351 οὖν
2315 1298 2414 1363 τῑις
2451 1299 2781 1371 Ἐκκλησίας
2828 1299 3096 1371 διαίρεσις
3153 1297 3346 1353 τοῦτον
3393 1300 3488 1354 τὸν
3550 1298 3743 1369 τρόπον

483 1387 718 1456 ἐγένετο.

726 1475 877 1532 CAP.
911 1474 1150 1530 XXVIII.
1189 1475 1208 1549 [
1249 1475 1309 1531 Β.
1345 1477 1426 1533 SI.
1456 1478 1556 1533 Ch.
1591 1475 1656 1531 ν.
1687 1475 1825 1549 52.]

761 1569 837 1622 De
869 1567 916 1620 Ε
924 1570 1099 1622 usebio
1129 1570 1367 1638 episcopo
1396 1569 1785 1624 Samosatensi.

549 1660 918 1716 Admirandus
945 1669 1124 1715 autem
1155 1657 1427 1717 Eusebius
1445 1661 1512 1716 de
1542 1676 1651 1728 quo
1681 1734 1684 1737 ι
1709 1674 1880 1730 supra
1949 1673 2062 1714 me-

483 1753 642 1816 mini,
706 1753 869 1822 cujus
937 1751 1060 1806 lidei
1136 1752 1491 1806 commissum
1551 1751 1730 1807 fuerat
1777 1766 2068 1805 commune

485 1843 802 1908 decretum,
837 1859 962 1899 cum
995 1843 1227 1898 violatas
1262 1845 1653 1900 conventiones
1685 1853 1957 1908 cerneret,
2013 1845 2069 1898 in

485 1935 680 1990 urbem
707 1935 812 1991 sibi
855 1936 1295 1990 commendatam
1325 1951 1613 2007 regressus
1658 1943 1764 1992 est.
1811 1935 1920 1991 Sed
1978 1936 2058 1990 illi

484 2025 692 2095 scripto
723 2040 1036 2094 expressam
1079 2009 1502 2083 'conviction'em
1557 2035 1886 2092 metuentes,
1927 2027 2070 2082 Con-

487 2116 694 2170 stantio
777 2115 937 2186 911
1001 2126 1297 2186 suggerunt
1340 2125 1398 2171 ut
1451 2118 1688 2187 aliquem
1750 2119 1948 2174 mittat.
1977 2119 2070 2189 qui

488 2205 769 2261 decretum
804 2195 1108 2276 recuperet.
1144 2206 1450 2264 Persuasus
1478 2210 1783 2280 imperator
1805 2226 1972 2265 unum
2003 2227 2072 2266 ex

489 2297 558 2352 iis
583 2297 751 2361 misit,
787 2299 880 2368 qui
915 2300 1137 2356 mutatis
1164 2301 1322 2371 equis
1363 2300 1559 2356 itinera
1582 2303 1854 2359 conﬁcere
1893 2304 2074 2360 solent

489 2395 541 2441 et
559 2402 819 2456 responsa
847 2404 1013 2459 quam
1053 2389 1321 2446 citissime
1349 2390 1573 2446 referre.
1610 2391 1658 2449 Is
1698 2399 1759 2448 ut
1800 2395 2068 2466 pervenit,

488 2489 542 2534 et
583 2480 930 2550 imperatoris
956 2481 1272 2536 mandatum
1317 2483 1620 2553 exposuit:
1668 2483 1786 2540 Non
1819 2501 2069 2556 possum,

490 2570 669 2641 inquit
701 2571 1046 2628 admirabilis
1089 2572 1358 2631 Eusebius
1382 2615 1396 2639 ,
1434 2590 1723 2631 commune
1765 2577 2070 2647 depositum

487 2662 736 2728 reddere,
751 2664 856 2718 nisi
876 2663 928 2718 in
953 2681 1117 2720 umtm
1132 2667 1457 2722 conveniant
1474 2682 1664 2724 omnes
1685 2670 1778 2739 qui
1795 2684 2072 2727 commen-

487 2755 720 2840 darunt._
747 2755 1092 2827 Responsum
1130 2759 1356 2814 nuntius
1386 2757 1552 2840 refert
1571 2760 1637 2814 ad
1664 2761 2069 2832 imperatorem.

488 2849 555 2900 At
590 2848 677 2902 ille
709 2835 790 2902 ira
816 2849 1187 2906 inﬂammatus
1232 2852 1456 2926 scripsit
1505 2835 1730 2918 iterum,
1789 2855 2069 2912 decretum

491 2939 643 2992 reddi
672 2939 896 3008 jubens,
921 2940 1234 3011 adjecitque
1255 2944 1546 3000 mandasse
1563 2961 1644 3010 se,
1664 2945 1772 3001 nisi
1795 2947 2069 3006 redderet.

490 3029 740 3085 dextram
801 3031 977 3100 ipsius
1013 3048 1237 3088 manum
1287 3037 1584 3106 amputari.
1628 3036 1788 3106 Quod
1835 3039 2066 3097 terroris
2097 3059 2142 3122 ς

493 3125 708 3172 tantum
773 3119 947 3186 gratia
1013 3121 1276 3192 scripsit;
1337 3126 1622 3183 tabellario
1683 3129 1830 3184 enim
1894 3131 2073 3188 minas

491 3209 718 3281 exsequi
741 3218 1011 3268 vetuerat.
1041 3210 1340 3284 P03tquam
1377 3217 1598 3274 divinus
1630 3219 1722 3277 ille
1761 3221 1865 3286 vir,
1918 3237 2069 3278 rese-

493 3303 632 3358 ratis
688 3303 907 3370 litteris,
952 3307 1206 3377 cognovit
1263 3308 1396 3378 quid
1427 3310 1685 3380 supplicii
1769 3312 2074 3369 minaretur

496 3394 817 3465 imperator,
846 3411 970 3452 cum
1021 3396 1219 3452 dextra
1277 3399 1465 3453 lmvam
1527 3416 1748 3474 quoque
1805 3404 2071 3471 porrexit,

493 3501 716 3541 manum
741 3497 1032 3559 utramque
1056 3499 1113 3543 ut
1140 3498 1352 3545 secaret
1373 3490 1674 3546 admonens
1695 3510 1706 3546 :
1731 3490 1864 3545 Nam
1887 3493 2076 3549 decre-

494 3584 630 3639 tum,
664 3579 760 3644 ait,
804 3594 913 3634 non
949 3580 1196 3644 reddam,
1257 3583 1404 3650 quod
1457 3582 1727 3638 Ariauica:
1783 3585 2074 3654 pravitatis

493 3670 702 3724 clarum
734 3679 817 3726 est
850 3681 1257 3741 argumentum.
1299 3671 1450 3729 lianc
1499 3673 1668 3743 igitur
1703 3677 2072 3732 constantiam

494 3767 555 3814 ut
581 3763 837 3830 cognovit
863 3761 1246 3829 Constantius,
1276 3773 1330 3819 ct
1352 3774 1464 3819 tum
1499 3767 1797 3836 plurimum
1834 3767 2075 3824 admira-

496 3857 586 3904 tus
618 3857 722 3912 est,
746 3857 802 3904 et
827 3850 1050 3908 laudare
1078 3852 1338 3924 deinceps
1372 3870 1482 3910 non
1515 3857 1742 3912 destitit.
1785 3859 2075 3916 Admiran-

497 3947 590 3994 tur
616 3941 763 3996 enim
793 3942 959 3998 etiam
1017 3944 1228 4000 inimici
1285 3948 1576 4017 praeclaras
1628 3949 2074 4008 adversariorum

496 4032 750 4100 virtutes,
776 4048 960 4090 rerum
994 4036 1372 4107 magnitudine
1421 4040 1718 4110 compulsi.
1771 4040 1875 4099 Per
1931 4042 2075 4100 idem

500 4132 717 4196 tempus
750 4125 1166 4193 Constantinus,
1193 4127 1564 4188 cum'audiret
1587 4132 1887 4201 Iulianum,
1916 4152 2076 4206 quem

495 4215 728 4288 Europa
749 4218 1018 4276 Caesarem
1042 4229 1280 4287 crearat,
1312 4225 1518 4294 majora
1547 4226 1752 4293 moliri,
1779 4235 1835 4282 et
1883 4238 2078 4283 contra

500 4319 779 4365 auctorem
837 4327 998 4366 suum
1049 4314 1352 4369 exercitum
1392 4331 1733 4388 comparare,
1781 4318 2017 4375 decessit
2047 4337 2079 4377 e

2650 1462 2654 1468 '
2730 1477 2980 1531 KEMA.
3033 1478 3170 1533 κη’.

2260 1567 2396 1636 Περὶ
2412 1568 2707 1622 Εὐσεϐἱου
2733 1567 2840 1622 τοῦ
2874 1568 3213 1624 ἐπισκόπου
3240 1570 3629 1640 Σαμοσάτων.

2239 1655 2496 1720 Εὐσέϐιος
2527 1657 2582 1710 δὲ
2612 1659 2640 1712 6
2669 1657 2992 1728 θαυμάσιος,
3047 1650 3108 1711 οὗ
3154 1660 3250 1714 καὶ
3291 1662 3531 1732 πρόσθεν
3575 1664 3746 1733 ἐμνήο

2172 1747 2327 1819 σθην,
2362 1751 2390 1803 6
2427 1749 2489 1803 τὸ
2504 1749 2767 1821 ψήφισμα
2792 1750 2852 1804 τὸ
2875 1750 3056 1804 κοινὸν
3106 1753 3444 1818 πιστευθεὶς,
3477 1755 3584 1808 τῶν
3619 1773 3747 1808 συν-

2172 1838 2355 1910 θηκῶν
2388 1838 2485 1911 τὴν
2511 1840 2824 1912 παράδασιν
2853 1841 3209 1912 θεασάμενος,
3239 1845 3319 1908 είς
3350 1844 3452 1916 τὴν
3497 1847 3750 1916 ἐγκεχει-

2175 1930 2432 2002 ρισμένην
2461 1930 2632 2003 ᾤχετο
2659 1932 2830 1987 πόλιν.
2850 1935 2912 1986 υί
2928 1934 2985 1987 δὲ
3003 1935 3094 1987 τὸν
3110 1934 3459 2005 ἀνάγραπτον
3478 1935 3749 2008 ἐλεγχον⁸⁸

2171 2022 2545 2096 ὑφορώμενοι,
2592 2025 2682 2079 τὸν
2722 2026 3102 2082 Κωνστάντιον
3145 2027 3370 2084 ἔπεισαν
3427 2031 3748 2086 ἀποστεῖλαί

2171 2130 2291 2166 τινα
2311 2114 2372 2168 τὸ
2401 2114 2658 2188 ψήφισμα
2680 2115 2726 2149 ⁸⁸
2771 2116 3154 2189 κομιούμενον.
3203 2121 3314 2173 Καὶ
3356 2120 3420 2192 δὴ
3454 2121 3698 2186 πεισθεὶς
3723 2124 3754 2175 6

2173 2203 2426 2273 βασιλεὺς
2463 2207 2749 2262 ἀπέστειλέ
2818 2225 2960 2273 τινα,
3010 2209 3138 2272 τοὺς
3185 2208 3328 2263 κατὰ
3363 2210 3462 2279 τὴν
3521 2212 3754 2282 πορείαν

2172 2298 2660 2366 έναλλαττομένους
2709 2299 2913 2362 ἵππους
2951 2299 3198 2374 ἐλαύνειν
3241 2301 3488 2363 είωθότα,
3527 2302 3754 2367 καὶτὰς

2171 2388 2490 2460 ἀποκρίσεις
2517 2390 2593 2452 ὼς
2621 2390 2850 2460 τάχιστα
2873 2388 3132 2460 φέροντα.
3162 2389 3382 2460 Ἐπειδὴ
3415 2390 3473 2443 δὲ
3498 2391 3753 2460 ἀφίκετο,

2172 2482 2266 2534 καὶ
2305 2481 2372 2533 τὰ
2412 2481 2561 2551 παρά
2594 2479 2858 2551 βασιλέως
2898 2483 3237 2554 ἀπήγγειλεν
3267 2498 3280 2513 °
3309 2483 3424 2536 Οὐκ
3461 2484 3752 2555 ἀνέχομαι,

2173 2575 2276 2644 ἔφη
2306 2574 2562 2638 Εὐσέϐιος
2583 2576 2611 2628 6
2627 2573 2953 2644 Θαυμάσιος,
2976 2575 3076 2645 τὴν
3106 2574 3292 2645 κοινὴν
3331 2575 3627 2630 ἀποδοῦναι
3651 2594 3757 2631 πα-

2175 2665 2582 2737 ρακαταθήκην,
2614 2665 2740 2736 πρὶν
2757 2666 2804 2697 ⁸ο
2825 2665 3064 2730 ἅπαντες
3077 2669 3122 2720 οἱ
3143 2666 3432 2732 δεδωκότες
3462 2667 3604 2721 κατὰ
3621 2686 3756 2722 ταυ-

2176 2759 2267 2812 τὺν
2286 2759 2547 2826 γένοιντο.
2576 2755 2728 2830 [I22]
2759 2757 2944 2811 Ταῦτα
2960 2759 2988 2811 6
3005 2756 3102 2829 μὲν
3135 2759 3435 2829 ἀπήγγειλε
3453 2759 3530 2830 τῷ
3541 2777 3756 2830 πεπομ-

2175 2849 2296 2917 φότι
2317 2867 2328 2879 ο
2359 2849 2386 2902 6
2409 2849 2466 2903 δὲ
2490 2847 2564 2920 τῷ
2593 2848 2751 2919 θυμῷ
2795 2848 2982 2914 ζέσας,
3020 2849 3334 2902 ἐπέστειλεν
3381 2850 3531 2920 αὐτῷ
3567 2851 3752 2912 πάλιν,

2176 2941 2472 2996 ἀποδοῦναι
2506 2941 2982 3011 παρεγγυῶν·καὶ
3022 2941 3413 3013 προστέθεικεν
3459 2942 3535 3006 ὡς
3582 2960 3758 3013 προσ-

2175 3030 2362 3096 ἑταξεν
2412 3030 2752 3103 ἐκτμηθῆναι
2783 3029 2950 3084 αὐτοῦ
2981 3030 3082 3101 τὴν
3131 3033 3293 3102 χεῖρα
3344 3031 3445 3101 τὴν
3467 3033 3672 3098 δεξιὰν,
3705 3032 3760 3084 εί

2179 3124 2253 3195 μὴ
2282 3121 2399 3194 δοίη
2441 3121 2501 3176 1:6
2541 3122 2820 3193 ψήφισμα.
2885 3119 3073 3175 Ταῦτα
3147 3121 3328 3191 μέντοι
3386 3120 3757 3191 δεδιττόμενος

2176 3213 2380 3286 ἔγραψε
2399 3230 2414 3246 ·
2449 3213 2530 3284 τῷ
2549 3214 2656 3285 γάρ
2689 3212 2971 3283 κομίζοντι
2990 3213 3092 3283 τὴν
3121 3212 3411 3283 επιστολὴν
3433 3213 3751 3282 ἀπηγόρευ-

2178 3320 2269 3359 σεν
2293 3306 2438 3374 άπερ
2456 3304 2719 3375 ἠπείλησε
2747 3303 2965 3375 δρᾶσαι.
3000 3303 3218 3374 Ἐπειδὴ
3245 3304 3303 3357 δὲ
3333 3304 3433 3374 τὴν
3450 3303 3742 3375 ἐπιστολὴν

2175 3397 2488 3465 ἀναπτύξας
2517 3397 2546 3450 ὁ
2575 3395 2717 3460 θεῖος
2745 3397 2950 3460 ἐκεῖνος
2984 3396 3144 3468 ἀνὴρ,
3176 3392 3316 3449 εἶδεν
3339 3398 3397 3450 ὲν
3426 3399 3540 3459 τοῖς
3575 3396 3751 3465 γράμ-

2180 3507 2343 3561 μασιν
2366 3489 2432 3560 ἣν
2450 3489 2478 3541 6
2502 3488 2752 3559 βασιλεὺς
2802 3487 3068 3560 ἠπείλησε
3102 3488 3351 3552 κόλασιν,
3389 3489 3532 3558 μετὰ
3555 3487 3652 3556 τῆς
3681 3485 3752 3538 δε-

2178 3581 2296 3646 ξιᾶς
2321 3579 2416 3634 καὶ
2441 3580 2540 3651 τὴν
2581 3577 2863 3650 εὐώνυμον
2894 3579 3228 3652 προῦθηκεν,
3280 3579 3450 3648 ἄμφω
3484 3579 3563 3632 τὼ
3608 3581 3752 3650 χεῖρε

2175 3673 2362 3743 τεμεῖν
2405 3671 2756 3744 παρεγγυῶν-
2785 3671 2860 3725 T6
2891 3671 2999 3742 γὰρ
3037 3671 3316 3742 ψήφισμα,
3341 3670 3468 3742 ἔφη.
3494 3672 3555 3725 οὐ
3577 3670 3750 3731 δώσω,

2175 3764 2277 3834 τῆς
2344 3764 2688 3835 ’Δρειανικῆς
2751 3763 3054 3836 μοχθηρίας
3111 3763 3334 3833 ἔλεγχον
3393 3764 3523 3817 δντα
3581 3762 3748 3832 σαφῆ.

2178 3854 2393 3925 Ταύτην
2436 3849 2529 3908 οὖν
2578 3853 2674 3924 τὴν
2701 3854 2744 3886 ⁸³
2780 3853 3032 3923 ἀνδρείαν
3088 3853 3277 3924 μαθὼν
3300 3855 3328 3906 6
3353 3854 3750 3915 Κωνστάντιος,

2177 3946 2273 4000 καὶ
2303 3946 2425 4000 τότε
2453 3944 2691 4017 ἠγάσθη,
2721 3945 2814 3998 καλ⁵
2839 3943 3106 3998 διετέλεσε
3130 3943 3470 4016 ⁸’θαυμάζων
3487 3983 3501 3997 .
3525 3944 3747 4013 Θαυμά-

2177 4034 2329 4100 ζουσι
2346 4035 2453 4108 γὰρ
2470 4035 2566 4090 καὶ
2581 4036 2864 4106 δυσμενεῖς
2880 4034 2950 4089 τὰ
2963 4034 3071 4088 τῶν
3087 4034 3402 4090 ἀντιπάλων
3433 4035 3750 4107 πλεονεκτήο

2182 4146 2348 4199 ματα,
2371 4128 2474 4181 ὑπὸ
2499 4127 2593 4181 τοῦ
2621 4127 2886 4198 μεγέθους
2949 4126 3060 4180 τῶν
3086 4128 3478 4199 πραττομένων
3525 4129 3748 4196 ἀναγκα-

2179 4220 2417 4291 ζόμενοι.
2474 4219 2630 4273 Κατὰ
2685 4219 2874 4272 τοῦτον
2925 4217 3016 4272 τὸν
3069 4219 3260 4291 χρόνον
3303 4220 3332 4272 6
3383 4219 3748 4282 Κωνστάντιος

2180 4312 2480 4384 πυθόμενος
2506 4311 2588 4365 ὅτι
2622 4309 2925 4374 Ἰουλιανὸς.
2955 4309 3015 4364 ὃν
3063 4312 3165 4381 τῆς
3210 4311 3484 4382 Εὐρώπης
3514 4312 3748 4382 ἀπέφηνε

500 4397 682 4471 Syria,
716 4401 932 4471 vitaque
955 4402 1174 4460 functus
1196 4406 1351 4462 estin
1385 4408 1597 4463 Cilicia.
1623 4407 1732 4466 Nec
1753 4412 1900 4467 enim
1923 4413 2071 4484 adju-

2182 4404 2458 4474 Καίσαρα,
2509 4402 2770 4473 μειζόνων
2814 4402 3160 4473 πραγμάτων
3201 4403 3434 4472 ἐφίεται,
3481 4407 3575 4456 καὶ
3620 4403 3756 4455 κατὰ

501 4501 676 4545 torem
709 4491 872 4562 912
943 4495 1132 4550 habuit
1193 4512 1355 4566 quem
1407 4499 1457 4554 ei
1516 4508 1669 4570 pater
1733 4503 2075 4574 reliquerat:

501 4583 702 4653 quippe
736 4586 827 4654 qui
860 4593 1098 4654 paterna:
1127 4589 1141 4609 '
1169 4589 1388 4658 pictatis
1411 4591 1782 4650 haereditatem
1808 4596 2076 4668 integram

503 4688 612 4728 non
671 4677 904 4730 servarit
953 4720 965 4732 .
1023 4695 1186 4750 quam
1249 4681 1322 4736 ob
1379 4697 1643 4752 causam,
1711 4692 1857 4760 quod
1916 4690 2076 4746 lldcm

501 4774 790 4834 mutasset,
818 4771 1014 4826 acerbe
1048 4771 1476 4830 Iamentabatur.

570 5107 766 5165 mGen.
794 5125 910 5176 ιιι,
944 5109 1030 5164 I7.
1057 5101 1069 5132 ‘
1108 5115 1136 5146 υ
1160 5107 1355 5175 Matth,
1389 5127 1441 5176 v,
1471 5113 1564 5168 29.

2178 4493 2272 4548 τοῦ
2301 4493 2656 4563 τετιμηκότος
2681 4493 2970 4564 στρατείαν
3001 4491 3333 4563 συναγείρει,
3363 4493 3474 4546 ἀπὸ
3523 4494 3620 4564 μὲν
3661 4493 3754 4560 τῆς

2179 4586 2438 4658 Συρίας⁸³
2469 4585 2700 4656 ἀπῆρεν,
2727 4588 2783 4639 ὲν
2810 4585 2865 4639 δὲ
2889 4588 2954 4656 τῇ
2987 4585 3212 4656 Κιλικίᾳ
3241 4584 3330 4638 τὸν
3369 4586 3484 4654 βίον
3519 4585 3753 4638 κατέλυ-

2180 4698 2293 4734 σεν.
2322 4680 2398 4733 Οὐ
2429 4677 2536 4750 γὰρ
2563 4673 2706 4749 εἶχεν
2728 4678 3039 4750 ἐπίκουρον,
3066 4677 3124 4731 δν
3150 4678 3178 4729 6
3208 4677 3393 4748 πατὴρ
3419 4676 3567 4746 αὑτῷ
3589 4693 3760 4730 καταο

2177 4771 2416 4833 λέλοιπε,
2449 4769 2546 4839 τῆς
2574 4767 2834 4838 πατρῴας
2862 4769 3144 4832 εὐσεϐείας
3177 4767 3379 4821 ἄσυλον
3409 4767 3471 4820 οὐ
3509 4765 3757 4835 φυλάξας

2188 4865 2278 4917 τὸν
2301 4862 2526 4932 κλῆρον,
2569 4856 2642 4916 Οὔ
2688 4861 2751 4932 δὴ
2794 4862 2973 4915 εἵνεκα
3008 4861 3220 4933 πικρῶς
3254 4859 3622 4932 ὠλοφύρετου
3667 4860 3764 4928 τῆς

2190 4958 2426 5021 πίστεως
2454 4957 2552 5026 τὴν
2592 4955 2896 5026 μετάθεσιν.

1803 5244 2031 5300 νΛΙῖΙΛΕ
2070 5243 2471 5302 LECTIONES.

609 5385 652 5418 ⁸⁷
677 5387 956 5443 Articulus
985 5388 1053 5443 ab
1087 5387 1277 5443 eodem
1313 5387 1487 5442 abest.
1563 5387 1607 5417 ⁸⁸
1642 5385 1838 5456 ἁνάγρ.
1879 5385 2042 5456 habet
2073 5385 2234 5456 etiam
2273 5384 2462 5456 Steph.
2492 5385 2601 5440 εει
2629 5384 2808 5456 Allatii
2839 5384 3030 5456 codex.
3062 5384 3167 5456 Sed
3210 5385 3396 5453 Steph.
3479 5400 3602 5438 cum
3635 5386 3766 5440 Bas.

498 5455 697 5530 (ξι-ωε..
735 5459 1032 5530 ἔγγραφον,
1065 5467 1124 5512 ιιι
1151 5457 1336 5530 Savilii
1367 5459 1500 5512 Ilel‘
1520 5453 1847 5530 ἔγγραπτον.
1924 5456 1970 5488 δ’
1997 5455 2157 5530 Haec:
2182 5455 2240 5510 τὸ
2257 5453 2395 5530 ψήφέ
2421 5472 2547 5530 κομ.
2571 5472 2626 5507 κ.
2655 5454 2702 5509 δ.
2735 5472 2792 5530 π..
2821 5456 2848 5507 ὁ
2966 5455 3331 5530 ἀπέστητινα,
3355 5458 3550 5510 absunt
3577 5473 3603 5507 a
3635 5456 3767 5530 Bas.

499 5525 698 5596 ιξιοςορη
728 5525 980 5596 idetiique
1023 5537 1147 5583 ante
1176 5529 1288 5584 lirec
1323 5532 1487 5582 verba
1519 5525 1683 5580 habet
1730 5544 1881 5596 τινας
1914 5542 1979 5580 ae
2011 5526 2170 5596 paulo
2206 5525 2609 5596 postaimllcSm;
2631 5533 2683 5578 ct

2719 5525 3004 5596 φέροντας.
3083 5526 3128 5556 ⁸⁰
3169 5525 3235 5579 ἂν
3261 5526 3609 5596 interponunt
3636 5525 3766 5580 Bas.

499 5592 666 5654 liram.
704 5606 762 5650 et
790 5592 976 5664 Steph.
1050 5599 1094 5632 ⁵⁸
1129 5599 1334 5669 ταύτην
1371 5597 1535 5651 αὖτοῦ
1569 5598 1686 5666 τήν.
1728 5595 1848 5650 llas.
1891 5592 2265 5669 lirae'cJ‘lpiph.
2299 5593 2360 5656 V,
2391 5595 2492 5649 6!):
2532 5595 2663 5649 hanc
2697 5592 2810 5664 (jus
2856 5596 3182 5664 firmitatem.
3265 5599 3308 5628 ⁸²
3335 5592 3575 5652 διετέλει.
3614 5596 3770 5650 ΙιΙιῚιι

494 5674 613 5722 (Ὶηη
646 5664 840 5730 Steph.
916 5664 1434 5739 “Eupuzﬁqflitts.
1479 5664 1653 5720 Gram}.

1734 5666 1776 5696 ³⁸
1809 5667 2143 5737 ὠλοφύρατο.
2183 5665 2345 5720 Idem.
