4032 6192
359 284 498 351 1085
1111 284 1113 287 ’
1337 295 1924 361 ECCLESIASTIC/E
1953 303 2336 366 HISTORIIE
2360 308 2506 369 LIB.
2534 310 2650 370 III.

365 441 3294 498 Tm—W

1706 609 2071 698 ΛΟΓΟΣ
2144 614 2252 700 Γ.

1931 816 2000 836 ρ·-

1457 965 1812 1052 LIBER
1943 964 2498 1058 TERTIUS.
2587 1029 2598 1040 -

1928 1182 2000 1198 ἡ

3463 312 3594 377 1036

882 1302 1281 1357 ΚΕΦΔᾹΑΙΟΝ
1307 1303 1387 1360 A’.

2661 1299 2891 1360 CAPUT
2922 1303 2965 1358 Ι.

362 1397 501 1465 Περὶ
523 1393 634 1465 τῆς
654 1467 657 1468 ν
676 1395 1002 1468 Ἰουλιανοῦ
1025 1396 1352 1468 ,βασιλείας
1372 1413 1386 1428 ο
1418 1397 1505 1451 ὅτι
1547 1397 1830 1452 παιδόθεν
1859 1397 1930 1455 ἐπ’

2037 1400 2111 1454 De
2132 1399 2337 1454 Juliani
2367 1400 2604 1468 imperio,
2638 1397 2775 1466 quod
2804 1415 2836 1450 a
2867 1413 3026 1466 puero
3056 1398 3109 1451 in
3128 1398 3322 1468 pietate
3347 1399 3600 1457 educatus

427 1467 698 1541 εὐσεϐείᾳ
753 1467 997 1541 τραφείς
1012 1466 1330 1541 ἐξώκειλεν
1358 1468 1444 1533 εις
1472 1468 1787 1541 ἀσέϐειανξ
1827 1468 1928 1541 καὶ

429 1537 587 1604 ὅπως
621 1537 690 1590 τὰ
713 1535 913 1604 πρῶτα
942 1536 1055 1602 τὴν
1085 1536 1366 1591 ἀσέϐειαν
1418 1538 1726 1605 κρύπτων,
1750 1535 1928 1592 iicre-

419 1624 538 1676 ρον
563 1607 755 1674 αὐτὴν
780 1607 1087 1676 ἐγύμνωσε
1109 1606 1177 1660 ⁵⁵.

428 1697 800 1762 Κωνστάντιος
866 1697 964 1768 μὲν
992 1697 1054 1768 δὴ
1091 1696 1289 1750 στένων
1331 1697 1424 1751 καὶ
1460 1697 1779 1770 ὀδυρόμενος
1827 1701 1930 1754 ὐπ-

360 1790 551 1860 εξῆλθε
569 1789 658 1842 τὸν
677 1791 808 1859 βίον,
825 1791 906 1843 ὅτι
929 1789 1028 1859 τῆς
1051 1786 1306 1859 πατρῴας
1325 1790 1555 1853 πίστεως
1572 1792 1926 1863 παρετράπη.

374 1881 656 1945 Ἰουλιανὸς
686 1881 742 1935 δὲ
788 1882 894 1935 ἀπὸ
943 1881 1043 1952 τῆς
1091 1880 1362 1951 Εὐρώπης
1409 1883 1487 1944 εἰς
1531 1881 1627 1953 τὴν
1673 1882 1928 1937 Ἀσίαν-ιε

359 1973 668 2039 διαϐαίνων,
705 1972 934 2028 ἐπύθετο
967 1973 1060 2030 τοῦ
1112 1973 1491 2029 Κωνσταντίου
1527 1975 1623 2045 τὴν
1645 1974 1925 2047 τελευτὴν,

362 2065 455 2122 καὶ
497 2064 776 2140 θαρρήσας
803 2069 876 2132 ὼς
899 2068 1089 2123 οὐδένα
1125 2067 1415 2122 ἀντίπαλον
1446 2065 1586 2136 ἔχων
1624 2065 1723 2137 τὴν
1773 2065 1929 2137 βασι-

361 2157 509 2211 λείαν
527 2175 599 2210 πα
609 2157 850 2228 ρέλαϐεν.

432 2242 600 2311 Οὗτος
647 2248 771 2301 νέαν
803 2249 902 2318 μὲν
927 2249 1074 2316 ἄγων
1113 2249 1211 2319 τὴν
1250 2248 1468 2318 ἡλικίαν
1503 2249 1597 2302 σὺν
1629 2249 1814 2319 Γάλλῳ
1853 2247 1930 2320 τῷ

362 2337 596 2408 ἀδελφῷ,
625 2341 718 2392 καὶ
744 2340 941 2409 ἄνηϐος
970 2340 1046 2394 ῶν
1093 2341 1200 2407 ἔτι,
1247 2340 1343 2411 την
1371 2340 1470 2410 τῆς
1501 2339 1754 2404 εὐσεϐοῦς
1785 2341 1931 2394 διδα-

363 2431 583 2496 σκαλίας
613 2426 760 2486 εἷλκε
794 2434 982 2504 θηλήν.

423 2522 540 2574 Καὶ
568 2521 667 2592 μὲν
691 2520 754 2592 δὴ
788 2523 882 2575 καὶ
909 2521 1183 2592 πρόσηϐος
1219 2521 1529 2592 γενόμενος,
1578 2521 1671 2576 καὶ
1701 2520 1925 2592 ἔφηϐος,

2100 1471 2168 1524 ad
2192 1471 2505 1536 impietatem
2528 1468 2772 1537 delapsus
2798 1469 2864 1521 sit
2894 1484 2912 1520 :
2939 1478 2986 1522 et
3009 1469 3264 1539 quomodo
3285 1470 3601 1539 impietatem

2096 1541 2357 1610 principio
2387 1552 2581 1609 tegens,
2615 1553 2732 1592 eam
2779 1546 2960 1606 postea
2982 1538 3291 1608 patefecerit.

2585 1647 2606 1669 Ι

2099 1696 2458 1751 Constantius
2495 1710 2623 1766 ergo
2653 1710 2874 1770 gemens
2912 1695 3211 1765 dolensque
3245 1697 3391 1767 quod
3423 1713 3453 1752 a
3495 1697 3598 1755 ﬁde

2030 1795 2254 1858 paterna
2282 1789 2628 1852 descivisset,
2655 1788 2891 1843 excessit
2915 1804 2945 1844 e
2980 1789 3108 1842 vita.
3151 1788 3403 1845 Julianus
3445 1805 3597 1856 vero,

2028 1895 2151 1937 cum
2184 1881 2254 1936 ab
2284 1879 2498 1950 Europa
2521 1881 2784 1934 transiret
2818 1880 2870 1934 in
2912 1881 3119 1945 Asiam,
3170 1881 3238 1936 de
3291 1880 3598 1937 Constantii

2028 1982 2202 2030 morte
2234 1975 2435 2029 certior
2472 1973 2668 2038 factus,
2704 1973 2886 2028 ﬁdenti
2930 1974 3133 2038 animo,
3167 1981 3224 2027 ut
3256 1974 3595 2043 nullumjam

2031 2068 2236 2125 habens
2268 2067 2666 2132 adversarium,
2701 2066 2906 2135 potitus
2935 2074 3015 2121 est
3053 2066 3317 2136 imperio..

2102 2245 2123 2318 [
2149 2244 2249 2300 Ch.
2280 2245 2343 2300 V.
2367 2244 2420 2297 2.
2454 2244 2474 2316 ]
2499 2241 2596 2298 llic
2624 2244 2676 2298 in
2713 2237 2898 2300 tenera
2918 2251 3075 2300 actate
3117 2246 3296 2300 adhuc.
3326 2246 3597 2318 impubes,

2031 2352 2155 2392 cum
2187 2335 2342 2392 Gallo
2377 2336 2544 2392 fratre
2574 2337 2657 2390 lac
2685 2337 2829 2392 suxit
2858 2337 2959 2407 pia:
2987 2337 3278 2392 doctrinae.

2101 2518 2206 2591 [Β.
2231 2517 2312 2575 St.
2347 2518 2402 2575 2.
2435 2515 2454 2590 ]
2491 2517 2596 2573 Sed
2629 2525 2682 2573 et
2718 2517 2889 2588 puber
2923 2525 3135 2588 postea,
3170 2525 3225 2571 et
3257 2516 3597 2576 adolescens.

357 2617 456 2686 τῆς
483 2615 650 2684 αὐτῆς
690 2614 1073 2684 μετελάγχανε.
1102 2613 1294 2675 Δείσας
1323 2613 1379 2665 δὲ
1400 2612 1491 2665 τὸν
1529 2612 1922 2676 Κωνστὰντιον,

2037 2611 2221 2666 eadem
2253 2610 2500 2664 doctrina
2525 2609 2766 2664 imbutus
2800 2615 2903 2661 est.
2950 2605 3279 2676 Veritusque
3329 2605 3604 2660 Constan-

357 2707 483 2767 τοὺς
513 2704 620 2774 γὰρ
664 2705 808 2773 γένει
861 2707 1236 2775 προσήκοντας
1271 2702 1460 2773 ἀνῄρει
1517 2703 1807 2773 δειμαίνων
1830 2703 1928 2768 τὰς

2037 2704 2192 2767 tiutn,
2229 2703 2320 2773 qui
2351 2701 2659 2774 tyrannidis
2698 2710 2840 2755 metu
2875 2701 3213 2770 propinquos
3237 2699 3606 2753 suostollcbat

358 2796 698 2868 τυραννίδας,
722 2797 815 2849 καὶ
835 2795 927 2848 τοῦ
969 2795 1075 2848 τῶν
1103 2794 1464 2863 ἁναγνωστῶν
1509 2795 1714 2866 ἠξιώθη
1743 2797 1924 2867 χοροῦ,

360 2891 455 2942 καὶ
488 2887 586 2951 τὰς
608 2888 757 2957 ἱερὰς
783 2887 996 2958 βίϐλους
1028 2888 1086 2938 ἐν
1127 2889 1239 2950 τοῖς
1273 2887 1745 2957 ἐκκλησιαστικαῖς
1799 2889 1929 2940 συλ-

359 2979 538 3046 λόγοις
576 2979 980 3045 ὐπανεγίνωσκε
1008 2977 1085 3046 τῷ
1115 2976 1248 3046 λαῷ.
1282 2979 1390 3030 Καὶ
1427 2978 1592 3046 σηκὸν
1629 2978 1930 3050 μαρτύρων

361 3067 662 3138 ὲδομὴσατο
731 3069 852 3138 μὲν,
903 3067 962 3120 οὐ
1003 3066 1398 3138 προσεδέξαντο
1435 3068 1504 3120 δὲ’
1537 3069 1587 3120 oi
1633 3069 1928 3140 μάρτυρες,

360 3158 460 3228 τὴν
488 3161 566 3222 είς
607 3159 860 3212 ἀσέϐειαν
899 3157 1066 3212 αὐτοῦ
1126 3158 1484 3230 παρατροπὴν
1537 3157 1928 3234 προθεώμενοι.

363 3248 484 3302 Τῶν
507 3249 615 3320 γὰρ
656 3249 719 3320 δὴ
753 3248 1020 3319 θεμελίων
1048 3250 1108 3302 τὸ
1168 3251 1266 3321 τῆς
1307 3250 1514 3303 ἐκείνου
1569 3251 1790 3322 γνώμης
1829 3270 1933 3323 -μι-

263 3337 265 3340 ⁴
367 3341 698 3410 μησαμένων
754 3340 1027 3405 ἀϐέϐαιον,
1093 3342 1223 3412 πρὶν
1288 3341 1577 3413 ίερωθῆναι
1639 3343 1928 3398 κατέπεσε.

363 3429 444 3484 Τὰ
479 3433 575 3500 μὲν
597 3432 660 3501 δὴ
689 3432 786 3500 τῆς
817 3432 1038 3503 πρώτης
1069 3433 1286 3503 ἡλικίας
1313 3433 1501 3499 αὐτοῦ,
1552 3435 1646 3487 καὶ
1677 3435 1775 3504 τῆς
1812 3434 1934 3488 δευ-

363 3521 528 3590 τέρας
553 3522 776 3575 τοιαῦτα
812 3519 880 3593 ἦν
896 3524 962 3579 ⁸⁷.

447 3612 664 3682 Ἐπειδὴ
691 3612 746 3666 δὲ
775 3613 819 3646 ⁸⁸
856 3615 934 3677 είς
969 3613 1066 3684 τὴν
1100 3615 1337 3687 ἑσπέραν
1365 3616 1616 3686 ἀπαίρων
1647 3618 1937 3671 Κωνστάνο

362 3722 498 3769 τιος,
538 3707 716 3758 ἐκεῖσε
763 3704 872 3775 γὰρ
899 3705 1060 3758 αὐτὸν
1111 3702 1291 3760 εἷλκεν
1336 3709 1364 3760 ὁ
1416 3708 1552 3779 πρὸς
1599 3710 1936 3778 Μαγνέντιον

364 3800 619 3869 πόλεμος,
663 3799 917 3870 Καίσαρα
959 3797 1109 3870 [126]
1144 3801 1243 3869 τῆς
1291 3799 1432 3870 ἑῴας
1473 3801 1562 3854 τὸν
1607 3802 1804 3856 Γάλλον
1831 3805 1938 3856 ἀπ-

362 3889 582 3960 έφηνεν,
608 3889 805 3960 εὐσεϐῆ
855 3907 914 3942 τε
945 3890 1094 3957 ὅντα,
1127 3892 1221 3944 κα)⁸
1248 3893 1328 3956 είς
1357 3893 1508 3957 τέλος
1536 3911 1598 3962 γε
1630 3895 1938 3966 διαμείναν-

2030 2811 2061 2850 e
2089 2794 2287 2858 medio,
2319 2795 2372 2848 in
2403 2795 2667 2848 lectorum
2708 2807 2995 2847 numerum
3051 2790 3324 2859 ascriptus
3385 2797 3469 2845 est
3497 2829 3511 2851 ,
3552 2797 3605 2844 et

2031 2901 2220 2942 sacros
2241 2884 2438 2940 Libros
2466 2885 2519 2938 in
2565 2884 2962 2939 ecclesiasticis
2995 2865 3358 2937 convcntihtis
3407 2881 3606 2950 populo

2033 2979 2305 3036 recitavit.
2337 2977 2529 3032 [Edem
2565 2992 2784 3047 quoque
2817 2985 3121 3047 martyrum
3157 2977 3467 3031 exstruxit:
3507 2973 3606 3030 sed

2033 3078 2323 3140 martyres,
2359 3085 2485 3125 cum
2517 3070 2637 3139 ejus
2669 3069 3090 3139 adimpietatem
3139 3069 3350 3138 lapsum
3387 3066 3608 3137 prospi-

2034 3170 2244 3224 cerent,
2282 3169 2562 3233 acceptum
2600 3177 2707 3215 non
2743 3160 3071 3214 habuerunt.
3111 3158 3242 3213 Nam
3282 3158 3606 3213 fundamen-

2035 3256 2108 3311 tis
2164 3255 2330 3310 animi
2377 3255 2498 3324 ejus
2558 3252 2970 3308 instabilitatem
3031 3249 3606 3324 referentibus,913

2037 3348 2355 3419 priusquam
2405 3357 2824 3401 consecraretur
2851 3345 3091 3413 collapsa
3133 3352 3238 3398 est.
3277 3350 3454 3412 Atque
3504 3341 3608 3396 hoc
3705 3331 3720 3348 ’

2036 3440 2198 3496 modo
2233 3442 2407 3512 prima
2441 3447 2495 3494 et
2526 3439 2822 3508 insequens
2853 3437 2972 3506 ejus
3003 3445 3134 3491 aetas
3161 3451 3218 3492 se
3249 3437 3457 3492 habuit.

2111 3623 2195 3697 [Β.
2231 3623 2310 3678 St.
2344 3622 2445 3677 Ch.
2473 3619 2540 3674 γ.
2571 3618 2654 3692 5.]
2677 3618 2795 3686 Quo
2824 3632 2958 3672 vero
2991 3625 3236 3686 tempore
3252 3610 3607 3668 Constantius

2037 3719 2168 3774 belli
2210 3715 2579 3788 Magnentiani
2626 3727 2791 3769 causa
2837 3725 3066 3766 movens
3136 3709 3189 3762 in
3229 3704 3606 3768 Occidentem,

2039 3810 2253 3866 Gallum
2278 3808 2514 3864 Orientis
2541 3805 2816 3861 Ctesarem
2849 3800 3204 3862 renuntiavit,
3231 3798 3325 3869 qui
3353 3798 3608 3866 pietatem

2041 3911 2208 3967 quam
2239 3896 2455 3951 colebat
2483 3909 2660 3964 usque
2683 3892 2748 3947 ad
2781 3892 2988 3947 exitum
3015 3891 3142 3944 vitae
3165 3887 3414 3950 retinuit,
3435 3883 3610 3958 Julia-

361 3996 452 4046 τα,
508 3980 568 4032 τὸ
608 3981 705 4050 μὲν
737 3981 782 4012 ⁸⁹
820 3981 1143 4052 ὀνησιφόρον
1191 3983 1310 4046 δέος
1354 3984 1638 4048 Ἰουλιανὸς
1681 3986 1934 4040 ἐσκέδασε

2043 4003 2148 4042 nus
2177 3987 2368 4040 utilem
2394 3985 2497 4038 sibi
2529 3993 2732 4038 metum
2767 3997 2834 4036 ex
2863 3983 3048 4035 animo
3073 3980 3334 4038 excussit.
3373 3987 3611 4030 summa-

361 4071 459 4139 τῆς
483 4069 681 4140 ψυχῆς.
736 4072 946 4142 Θάρσος
992 4073 1049 4126 δὲ
1089 4073 1290 4140 λαϐὼν,
1337 4076 1411 4137 ὡς
1455 4076 1555 4128 οὐκ
1585 4076 1782 4146 ὢφελε,
1831 4077 1940 4130 τῶν

367 4161 656 4232 βασιλικῶν
699 4163 1011 4233 ἐπεθύμησε
1065 4167 1377 4236 σκήπτρων.
1410 4163 1484 4222 Οὐ
1517 4167 1580 4238 δὴ
1629 4169 1798 4228 ,ἕνεκα
1845 4170 1942 4241 τὴν

378 4248 604 4303 Ἐλλάδα
646 4251 981 4319 περινοστῶν
1038 4253 1261 4323 μάντεις
1302 4255 1347 4286 ⁶⁰
1392 4256 1645 4326 ἐπεζήτει
1693 4258 1784 4310 καὶ
1805 4276 1940 4328 χρη-

366 4337 680 4409 σμολόγους,
723 4343 772 4392 εί
808 4341 1055 4406 τεύξεται
1086 4342 1178 4398 -ιτού⁹
1211 4344 1541 4416 ποθουμένου
1574 4345 1760 4416 μαθεῖν
1797 4349 1938 4418 ἱμει-

366 4431 613 4504 ρόμενος.
656 4433 1049 4503 Περιτυγχάνει
1099 4435 1156 4488 δὲ
1203 4435 1492 4508 ἀνθρώπῳ,
1527 4436 1700 4491 ταῦτα
1737 4438 1935 4510 προλὲ-

363 4540 482 4592 γειν
511 4525 943 4598 ὑπισχνουμένῳ,
971 4527 1028 4588 ὃς
1057 4527 1138 4592 είς
1165 4547 1286 4584 τινα
1315 4530 1358 4561 ⁸⁸
1385 4529 1492 4582 τῶν
1523 4530 1814 4584 είδωλικῶν
1841 4549 1938 4602 ση-

364 4617 478 4671 κῶν
510 4618 756 4688 ἀγαγὼν,
790 4621 882 4674 καὶ
919 4620 1049 4674 εῐσω
1089 4622 1342 4690 γενέσθαι
1371 4622 1482 4676 τῶν
1511 4623 1720 4677 ἀδύτων
1758 4641 1938 4696 παρα·

321 4775 345 4792 εἴ
366 4711 656 4778 σκευάσας,
693 4715 820 4778 τούς
847 4714 1165 4779 ἀπατεῶνας
1200 4715 1425 4769 ἐκάλεσε
1471 4715 1748 4787 δαίμονας.
1768 4717 1939 4770 Ἐκεί-

363 4817 469 4854 νων
490 4802 546 4854 δὲ
583 4803 720 4872 μετὰ
743 4805 839 4873 τῆς
869 4802 1128 4876 συνήθους
1157 4807 1456 4876 φαντασίας
1479 4807 1847 4876 ἐπιφανέντων
1867 4809 1936 4874 ⁸⁸,

367 4890 644 4958 ἠνάγκασε
692 4895 878 4949 τοῦτον
901 4896 962 4948 τὸ
989 4896 1106 4960 δέος
1144 4896 1414 4950 ἐπιθεῖναι
1441 4896 1516 4967 τῷ
1553 4895 1788 4968 μετώπῳ
1843 4897 1940 4950 τοῦ

368 4982 601 5052 σταυροῦ
629 4983 692 5036 τὸ
749 4990 990 5057 σημεῖον.
1029 4991 1090 5042 Οἱ
1110 4989 1165 5041 δὲ
1193 4989 1288 5042 τοῦ
1323 4987 1653 5042 Δεσποτικοῦ
1678 4988 1941 5056 τροπαίου

366 5074 457 5126 τὸν
479 5074 647 5128 τύπον
691 5077 912 5142 ἰδόντες,
945 5081 1039 5135 καὶ
1075 5082 1175 5150 τῆς
1205 5082 1470 5152 σφετέρας
1499 5081 1665 5150 ἥττης
1696 5081 1943 5150 ἀναμνη-

368 5169 607 5236 σθέντες,
655 5173 875 5242 φροῦδοι
914 5177 1224 5247 παραυτίκα
1269 5177 1533 5246 ἐγένοντο.
1573 5175 1760 5238 Συνεὶς
1801 5175 1860 5228 δὲ
1913 5176 1944 5228 ὁ

2042 4093 2148 4148 que
2201 4074 2556 4140 conﬁdentia,
2594 4085 2783 4128 contra
2829 4085 2993 4140 quam
3029 4069 3240 4130 debuit,
3281 4064 3348 4119 ad
3395 4058 3609 4131 imperii

2040 4169 2258 4223 culmen
2317 4163 2603 4232 aspiravit.
2661 4161 3030 4227 Quamobrem
3097 4157 3360 4211 Graeciam
3431 4152 3610 4221 perlu-

2042 4267 2249 4320 strans,
2279 4264 2435 4309 vates
2469 4254 2748 4324 quaerebat
2801 4258 2856 4306 et
2907 4247 3182 4310 fatidicos,
3235 4261 3262 4298 a
3304 4240 3610 4312 quihus.de

2040 4357 2238 4406 eventu
2297 4345 2556 4402 desiderii
2612 4343 2697 4399 sui
2751 4345 3128 4413 cognosceret.
3193 4334 3258 4389 Et
3317 4333 3512 4388 incidit
3553 4331 3609 4386 in

2041 4443 2356 4514 quemdam,
2381 4439 2475 4510 qui
2509 4439 2624 4493 haec
2659 4452 2718 4494 se
2749 4433 3147 4505 pra-dicturum
3177 4429 3553 4500 polliceretur,
3577 4439 3609 4478 a

2042 4549 2154 4604 quo
2181 4532 2454 4586 deductus
2489 4529 2542 4582 in
2590 4526 2881 4582 delubrum
2932 4521 3226 4581 idolorum,
3267 4525 3321 4573 et
3364 4517 3419 4571 in
3448 4515 3610 4586 adyta

2042 4625 2419 4687 intromissus,
2451 4636 2574 4675 cum
2602 4618 2824 4674 fallaces
2847 4617 2937 4672 ille
2971 4616 3244 4670 daemones
3275 4612 3608 4672 invocasset,

2043 4725 2098 4773 et
2145 4717 2202 4770 hi
2260 4729 2369 4784 qua
2426 4716 2446 4737 ‘
2510 4713 2688 4767 solent
2739 4708 2920 4780 specie
2971 4705 3378 4777 apparuissent,
3429 4701 3611 4771 coegit

2045 4815 2221 4885 ipsum
2256 4812 2419 4867 timor
2454 4810 2622 4865 fronti
2669 4810 2883 4879 signum
2911 4803 3094 4859 crucis
3151 4799 3469 4870 imprimere
3502 4813 3516 4849 :
3554 4801 3610 4846 at

2040 4904 2124 4958 illi
2145 4910 2440 4971 conspecta
2470 4900 2640 4972 ﬁgura
2666 4896 2932 4952 Dominici
2964 4891 3174 4961 tropmi,
3199 4899 3252 4944 et
3269 4885 3472 4955 stragis
3494 4897 3610 4939 sum

2042 5009 2337 5058 inemores,
2357 4992 2645 5047 confestim
2664 4992 3027 5045 evanuerunt.
3053 4981 3190 5036 Tum
3221 4976 3608 5049 prazstigiator,

2041 5101 2209 5144 causa
2256 5085 2396 5156 fugae
2439 5085 2738 5146 intellecta,
2786 5078 3070 5135 lulianum
3105 5073 3379 5142 objurgat.
3410 5066 3514 5132 Qui
3556 5076 3609 5120 et

2043 5190 2246 5235 metum
2271 5180 2326 5233 in
2357 5194 2469 5248 quo
2500 5177 2678 5232 fuerat
2708 5170 2986 5243 exposuit,
3007 5176 3060 5224 et
3087 5167 3198 5222 vim
3229 5161 3412 5221 crucis
3436 5156 3610 5212 admi-

1670 5359 1902 5416 VARIA‘J
1946 5358 2347 5417 LECTIONES.

437 5475 482 5506 ⁵⁸
513 5473 729 5531 Titulus
763 5473 1033 5530 conﬂatus
1055 5490 1084 5528 e
1113 5477 1312 5537 tribus,
1339 5492 1478 5544 quos
1499 5477 1755 5532 exhibent
1785 5488 1992 5532 caetera:
2024 5475 2310 5539 editiones,
2345 5483 2402 5526 ιιι
2433 5486 2560 5544 quae
2586 5479 2745 5544 caput
2766 5470 2795 5544 Al
2837 5466 3277 5544 Sit-inomliapum
3309 5465 3490 5544 triaﬁin
3517 5476 3609 5544 ett-

368 5545 477 5616 pila
515 5547 844 5616 partiuntur.
919 5545 966 5577 "
993 5544 1223 5616 ἀποτῆς
1249 5533 1433 5608 Ἀσίας
1460 5548 1551 5599 ἐπὶ
1570 5547 1668 5616 τὴν
1695 5547 1982 5616 Εὐρώπην.
2018 5545 2204 5616 Steph.
2233 5545 2271 5616 ἓ
2295 5533 2464 5616 male:
2484 5614 2500 5616 _
2519 5543 2562 5574 ⁵⁷
2599 5533 2666 5616 ἐν’
2683 5540 2892 5616 εούττξις
2918 5535 3004 5610 ἦν.
3024 5537 3199 5616 ἠδιεῇί.
3219 5535 3312 5616 Cr.
3331 5543 3386 5616 et
3419 5533 3610 5616 Steph.

365 5601 411 5687 ξε
444 5601 682 5687 ἐπεὶ-δέ.
725 5615 912 5687 Iidem.
953 5685 962 5687 Α
995 5616 1039 5646 ⁸⁹
1069 5614 1156 5687 δή.
1181 5601 1364 5687 ἸίιΙοιιι
1404 5601 1785 5686 interponunt:
1855 5601 2200 5687 ⁶⁰’μαντείας
2239 5613 2429 5685 Steph.
2475 5614 2530 5668 2.
2609 5611 2650 5643 θ’
2681 5609 2738 5673 ὃς
2759 5601 2952 5664 τοῦτον
2992 5609 3071 5672 είς
3113 5604 3387 5660 εἰδωλικον
3423 5601 3612 5673 σηκόν.

366 5683 531 5742 Basil.
564 5685 657 5742 Gr.
702 5693 757 5743 et
817 5685 1004 5757 Steph.
1083 5686 1125 5716 ε’
1167 5684 1454 5753 φανέντων,
1496 5683 1658 5744 Basil.
1691 5688 1861 5746 Gram.
