  <div class='ocr_page' id='page_1' title='image "/cluster/home/n/w/nwhite01/storage/ocr_20150623/82/hvd.32044020703054/601.png"; bbox 0 0 4032 6192; ppageno 0'>
   <div class='ocr_carea' id='block_1_1' title="bbox 435 304 572 371">
    <p class='ocr_par' dir='ltr' id='par_1_1' title="bbox 435 304 572 371">
     <span class='ocr_line' id='line_1_1' title="bbox 435 304 572 371; baseline 0 -1"><span class='ocrx_word' id='word_1_1' title='bbox 435 304 572 371; x_wconf 79' lang='grc'><strong>1087</strong></span> 
     </span>
    </p>
   </div>
   <div class='ocr_carea' id='block_1_2' title="bbox 1404 307 2665 374">
    <p class='ocr_par' dir='ltr' id='par_1_2' title="bbox 1404 307 2665 374">
     <span class='ocr_line' id='line_1_2' title="bbox 1404 307 2665 374; baseline -0.001 -3"><span class='ocrx_word' id='word_1_2' title='bbox 1404 307 1888 374; x_wconf 75' lang='lat' dir='ltr'><strong>TIIEODORETI</strong></span> <span class='ocrx_word' id='word_1_3' title='bbox 1931 313 2264 373; x_wconf 79' lang='lat' dir='ltr'><strong>EPISCOPI</strong></span> <span class='ocrx_word' id='word_1_4' title='bbox 2301 309 2665 372; x_wconf 72' lang='lat' dir='ltr'><strong>(JYRENSIS</strong></span> 
     </span>
    </p>
   </div>
   <div class='ocr_carea' id='block_1_3' title="bbox 3563 305 3699 371">
    <p class='ocr_par' dir='ltr' id='par_1_3' title="bbox 3563 305 3699 371">
     <span class='ocr_line' id='line_1_3' title="bbox 3563 305 3699 371; baseline 0 0"><span class='ocrx_word' id='word_1_5' title='bbox 3563 305 3699 371; x_wconf 54' lang='lat'><strong>10.08</strong></span> 
     </span>
    </p>
   </div>
   <div class='ocr_carea' id='block_1_4' title="bbox 433 415 2005 490">
    <p class='ocr_par' dir='ltr' id='par_1_4' title="bbox 433 415 2005 489">
     <span class='ocr_line' id='line_1_4' title="bbox 433 415 2005 489; baseline 0.004 -19"><span class='ocrx_word' id='word_1_6' title='bbox 433 417 543 470; x_wconf 86' lang='lat' dir='ltr'><strong>rari</strong></span> <span class='ocrx_word' id='word_1_7' title='bbox 570 434 627 472; x_wconf 90' lang='lat' dir='ltr'><strong>se</strong></span> <span class='ocrx_word' id='word_1_8' title='bbox 659 418 820 482; x_wconf 78' lang='lat' dir='ltr'><strong>dixit,</strong></span> <span class='ocrx_word' id='word_1_9' title='bbox 857 416 1017 485; x_wconf 85' lang='lat' dir='ltr'><strong>cujus</strong></span> <span class='ocrx_word' id='word_1_10' title='bbox 1046 415 1216 489; x_wconf 83' lang='lat' dir='ltr'><strong>ﬁgura</strong></span> <span class='ocrx_word' id='word_1_11' title='bbox 1264 422 1508 475; x_wconf 81' lang='lat' dir='ltr'><strong>exterriti</strong></span> <span class='ocrx_word' id='word_1_12' title='bbox 1539 423 1815 478; x_wconf 69' lang='lat' dir='ltr'><strong>daemones</strong></span> <span class='ocrx_word' id='word_1_13' title='bbox 1849 421 2005 476; x_wconf 81' lang='lat' dir='ltr'><strong>aufu-</strong></span> 
     </span>
    </p>
   </div>
   <div class='ocr_carea' id='block_1_5' title="bbox 2110 415 3694 490">
    <p class='ocr_par' dir='ltr' id='par_1_5' title="bbox 2110 417 3694 490">
     <span class='ocr_line' id='line_1_5' title="bbox 2110 417 3694 490; baseline -0.001 -18"><span class='ocrx_word' id='word_1_14' title='bbox 2110 419 2241 489; x_wconf 78' lang='grc' dir='ltr'>γόης</span> <span class='ocrx_word' id='word_1_15' title='bbox 2292 422 2496 481; x_wconf 81' lang='grc' dir='ltr'>ἐκεῖνος</span> <span class='ocrx_word' id='word_1_16' title='bbox 2554 421 2654 489; x_wconf 80' lang='grc' dir='ltr'>τῆς</span> <span class='ocrx_word' id='word_1_17' title='bbox 2708 418 2883 489; x_wconf 81' lang='grc' dir='ltr'>φυγῆς</span> <span class='ocrx_word' id='word_1_18' title='bbox 2935 417 3033 489; x_wconf 81' lang='grc' dir='ltr'>τὴν</span> <span class='ocrx_word' id='word_1_19' title='bbox 3083 420 3284 486; x_wconf 86' lang='grc' dir='ltr'>αἰτίαν,</span> <span class='ocrx_word' id='word_1_20' title='bbox 3328 417 3615 490; x_wconf 69' lang='grc' dir='ltr'>ἐμέμψατο</span> <span class='ocrx_word' id='word_1_21' title='bbox 3647 421 3694 450; x_wconf 74' lang='grc'><strong>⁸³</strong></span> 
     </span>
    </p>
   </div>
   <div class='ocr_carea' id='block_1_6' title="bbox 434 509 2002 584">
    <p class='ocr_par' dir='ltr' id='par_1_6' title="bbox 434 509 2002 584">
     <span class='ocr_line' id='line_1_6' title="bbox 434 509 2002 584; baseline 0.004 -22"><span class='ocrx_word' id='word_1_22' title='bbox 434 510 659 579; x_wconf 86' lang='lat' dir='ltr'><strong>gisseut.</strong></span> <span class='ocrx_word' id='word_1_23' title='bbox 687 509 831 564; x_wconf 97' lang='lat' dir='ltr'><strong>Cave</strong></span> <span class='ocrx_word' id='word_1_24' title='bbox 853 509 955 563; x_wconf 89' lang='lat' dir='ltr'><strong>hoc</strong></span> <span class='ocrx_word' id='word_1_25' title='bbox 991 519 1171 581; x_wconf 90' lang='lat' dir='ltr'><strong>putes,</strong></span> <span class='ocrx_word' id='word_1_26' title='bbox 1198 511 1281 565; x_wconf 92' lang='lat' dir='ltr'><strong>vir</strong></span> <span class='ocrx_word' id='word_1_27' title='bbox 1304 512 1466 576; x_wconf 88' lang='lat' dir='ltr'><strong>bone,</strong></span> <span class='ocrx_word' id='word_1_28' title='bbox 1498 515 1574 567; x_wconf 98' lang='lat' dir='ltr'><strong>ait</strong></span> <span class='ocrx_word' id='word_1_29' title='bbox 1616 515 2002 584; x_wconf 69' lang='lat' dir='ltr'><strong>prazstigiator.</strong></span> 
     </span>
    </p>
   </div>
   <div class='ocr_carea' id='block_1_7' title="bbox 431 598 2006 663">
    <p class='ocr_par' dir='ltr' id='par_1_7' title="bbox 431 598 2006 663">
     <span class='ocr_line' id='line_1_7' title="bbox 431 598 2006 663; baseline 0.003 -8"><span class='ocrx_word' id='word_1_30' title='bbox 431 598 552 655; x_wconf 79' lang='lat' dir='ltr'><strong>Non</strong></span> <span class='ocrx_word' id='word_1_31' title='bbox 586 601 728 654; x_wconf 89' lang='lat' dir='ltr'><strong>enim</strong></span> <span class='ocrx_word' id='word_1_32' title='bbox 757 600 1078 663; x_wconf 85' lang='lat' dir='ltr'><strong>timuerunt,</strong></span> <span class='ocrx_word' id='word_1_33' title='bbox 1107 611 1165 656; x_wconf 92' lang='lat' dir='ltr'><strong>ut</strong></span> <span class='ocrx_word' id='word_1_34' title='bbox 1196 613 1250 656; x_wconf 93' lang='lat' dir='ltr'><strong>tu</strong></span> <span class='ocrx_word' id='word_1_35' title='bbox 1290 603 1430 659; x_wconf 90' lang='lat' dir='ltr'><strong>dicis</strong></span> <span class='ocrx_word' id='word_1_36' title='bbox 1465 624 1476 658; x_wconf 90' lang='lat'><strong>:</strong></span> <span class='ocrx_word' id='word_1_37' title='bbox 1504 605 1597 660; x_wconf 91' lang='lat' dir='ltr'><strong>sed</strong></span> <span class='ocrx_word' id='word_1_38' title='bbox 1625 605 1826 659; x_wconf 78' lang='lat' dir='ltr'><strong>factum</strong></span> <span class='ocrx_word' id='word_1_39' title='bbox 1851 613 2006 659; x_wconf 91' lang='lat' dir='ltr'><strong>tuum</strong></span> 
     </span>
    </p>
   </div>
   <div class='ocr_carea' id='block_1_8' title="bbox 431 688 2004 750">
    <p class='ocr_par' dir='ltr' id='par_1_8' title="bbox 431 688 2004 750">
     <span class='ocr_line' id='line_1_8' title="bbox 431 688 2004 750; baseline 0.004 -6"><span class='ocrx_word' id='word_1_40' title='bbox 431 689 688 744; x_wconf 84' lang='lat' dir='ltr'><strong>detestati</strong></span> <span class='ocrx_word' id='word_1_41' title='bbox 727 691 1005 745; x_wconf 89' lang='lat' dir='ltr'><strong>abierunt.</strong></span> <span class='ocrx_word' id='word_1_42' title='bbox 1037 688 1112 746; x_wconf 86' lang='lat' dir='ltr'><strong>Ita</strong></span> <span class='ocrx_word' id='word_1_43' title='bbox 1139 692 1574 747; x_wconf 88' lang='lat' dir='ltr'><strong>circumventum</strong></span> <span class='ocrx_word' id='word_1_44' title='bbox 1602 696 1862 749; x_wconf 87' lang='lat' dir='ltr'><strong>miserum</strong></span> <span class='ocrx_word' id='word_1_45' title='bbox 1900 695 2004 750; x_wconf 92' lang='lat' dir='ltr'><strong>ini-</strong></span> 
     </span>
    </p>
   </div>
   <div class='ocr_carea' id='block_1_9' title="bbox 433 777 2007 856">
    <p class='ocr_par' dir='ltr' id='par_1_9' title="bbox 433 777 2007 856">
     <span class='ocr_line' id='line_1_9' title="bbox 433 777 2007 856; baseline 0.004 -22"><span class='ocrx_word' id='word_1_46' title='bbox 433 777 590 834; x_wconf 88' lang='lat' dir='ltr'><strong>tiavit</strong></span> <span class='ocrx_word' id='word_1_47' title='bbox 632 781 932 850; x_wconf 78' lang='lat' dir='ltr'><strong>mysteriis,</strong></span> <span class='ocrx_word' id='word_1_48' title='bbox 1006 793 1060 835; x_wconf 93' lang='lat' dir='ltr'><strong>et</strong></span> <span class='ocrx_word' id='word_1_49' title='bbox 1138 783 1414 838; x_wconf 91' lang='lat' dir='ltr'><strong>horrendo</strong></span> <span class='ocrx_word' id='word_1_50' title='bbox 1465 786 1675 840; x_wconf 76' lang='lat' dir='ltr'><strong>scelere</strong></span> <span class='ocrx_word' id='word_1_51' title='bbox 1742 787 2007 856; x_wconf 79' lang='lat' dir='ltr'><strong>implevit,</strong></span> 
     </span>
    </p>
   </div>
   <div class='ocr_carea' id='block_1_10' title="bbox 432 872 2004 948">
    <p class='ocr_par' dir='ltr' id='par_1_10' title="bbox 432 872 2004 948">
     <span class='ocr_line' id='line_1_10' title="bbox 432 872 2004 948; baseline 0.003 -20"><span class='ocrx_word' id='word_1_52' title='bbox 432 872 802 944; x_wconf 82' lang='lat' dir='ltr'><strong>spoliavitque</strong></span> <span class='ocrx_word' id='word_1_53' title='bbox 824 873 1090 944; x_wconf 86' lang='lat' dir='ltr'><strong>religione</strong></span> <span class='ocrx_word' id='word_1_54' title='bbox 1121 873 1288 947; x_wconf 69' lang='grc'><strong>914</strong></span> <span class='ocrx_word' id='word_1_55' title='bbox 1321 875 1762 933; x_wconf 81' lang='lat' dir='ltr'><strong>infelicissimum</strong></span> <span class='ocrx_word' id='word_1_56' title='bbox 1791 878 2004 948; x_wconf 88' lang='lat' dir='ltr'><strong>cupidi-</strong></span> 
     </span>
    </p>
   </div>
   <div class='ocr_carea' id='block_1_11' title="bbox 431 965 2009 1039">
    <p class='ocr_par' dir='ltr' id='par_1_11' title="bbox 431 965 2009 1039">
     <span class='ocr_line' id='line_1_11' title="bbox 431 965 2009 1039; baseline 0.003 -20"><span class='ocrx_word' id='word_1_57' title='bbox 431 975 517 1021; x_wconf 90' lang='lat' dir='ltr'><strong>tas</strong></span> <span class='ocrx_word' id='word_1_58' title='bbox 561 966 735 1036; x_wconf 89' lang='lat' dir='ltr'><strong>regni.</strong></span> <span class='ocrx_word' id='word_1_59' title='bbox 789 965 1080 1036; x_wconf 85' lang='lat' dir='ltr'><strong>Imperium</strong></span> <span class='ocrx_word' id='word_1_60' title='bbox 1123 978 1300 1022; x_wconf 90' lang='lat' dir='ltr'><strong>tamen</strong></span> <span class='ocrx_word' id='word_1_61' title='bbox 1344 970 1573 1039; x_wconf 86' lang='lat' dir='ltr'><strong>adeptus</strong></span> <span class='ocrx_word' id='word_1_62' title='bbox 1620 969 1712 1024; x_wconf 92' lang='lat' dir='ltr'><strong>diu</strong></span> <span class='ocrx_word' id='word_1_63' title='bbox 1763 971 2009 1025; x_wconf 83' lang='lat' dir='ltr'><strong>occuluit</strong></span> 
     </span>
    </p>
   </div>
   <div class='ocr_carea' id='block_1_12' title="bbox 432 1059 2009 1133">
    <p class='ocr_par' dir='ltr' id='par_1_12' title="bbox 432 1059 2009 1133">
     <span class='ocr_line' id='line_1_12' title="bbox 432 1059 2009 1133; baseline 0.004 -21"><span class='ocrx_word' id='word_1_64' title='bbox 432 1059 799 1128; x_wconf 74' lang='lat' dir='ltr'><strong>impietatem,</strong></span> <span class='ocrx_word' id='word_1_65' title='bbox 833 1067 980 1113; x_wconf 89' lang='lat' dir='ltr'><strong>metu</strong></span> <span class='ocrx_word' id='word_1_66' title='bbox 1013 1059 1363 1129; x_wconf 87' lang='lat' dir='ltr'><strong>potissimum</strong></span> <span class='ocrx_word' id='word_1_67' title='bbox 1396 1062 1629 1116; x_wconf 89' lang='lat' dir='ltr'><strong>militum</strong></span> <span class='ocrx_word' id='word_1_68' title='bbox 1680 1063 1902 1133; x_wconf 83' lang='lat' dir='ltr'><strong>pietatis</strong></span> <span class='ocrx_word' id='word_1_69' title='bbox 1923 1063 2009 1118; x_wconf 88' lang='lat' dir='ltr'><strong>di-</strong></span> 
     </span>
    </p>
   </div>
   <div class='ocr_carea' id='block_1_13' title="bbox 429 1147 2007 1223">
    <p class='ocr_par' dir='ltr' id='par_1_13' title="bbox 429 1147 2007 1223">
     <span class='ocr_line' id='line_1_13' title="bbox 429 1147 2007 1223; baseline 0.003 -19"><span class='ocrx_word' id='word_1_70' title='bbox 429 1150 662 1220; x_wconf 85' lang='lat' dir='ltr'><strong>sciplina</strong></span> <span class='ocrx_word' id='word_1_71' title='bbox 726 1151 1150 1205; x_wconf 84' lang='lat' dir='ltr'><strong>instructorum.</strong></span> <span class='ocrx_word' id='word_1_72' title='bbox 1209 1151 1335 1206; x_wconf 89' lang='lat' dir='ltr'><strong>Illos</strong></span> <span class='ocrx_word' id='word_1_73' title='bbox 1393 1153 1540 1207; x_wconf 90' lang='lat' dir='ltr'><strong>enim</strong></span> <span class='ocrx_word' id='word_1_74' title='bbox 1598 1154 1810 1223; x_wconf 88' lang='lat' dir='ltr'><strong>primus</strong></span> <span class='ocrx_word' id='word_1_75' title='bbox 1859 1147 2007 1209; x_wconf 71' lang='lat' dir='ltr'><strong>omni</strong></span> 
     </span>
    </p>
   </div>
   <div class='ocr_carea' id='block_1_14' title="bbox 431 1240 2010 1312">
    <p class='ocr_par' dir='ltr' id='par_1_14' title="bbox 431 1240 2010 1312">
     <span class='ocr_line' id='line_1_14' title="bbox 431 1240 2010 1312; baseline 0.003 -15"><span class='ocrx_word' id='word_1_76' title='bbox 431 1240 593 1297; x_wconf 85' lang='lat' dir='ltr'><strong>laude</strong></span> <span class='ocrx_word' id='word_1_77' title='bbox 621 1241 1004 1312; x_wconf 67' lang='lat' dir='ltr'><strong>praedicandus</strong></span> <span class='ocrx_word' id='word_1_78' title='bbox 1054 1242 1451 1299; x_wconf 82' lang='lat' dir='ltr'><strong>Constantinus</strong></span> <span class='ocrx_word' id='word_1_79' title='bbox 1486 1246 1554 1298; x_wconf 90' lang='lat' dir='ltr'><strong>ab</strong></span> <span class='ocrx_word' id='word_1_80' title='bbox 1590 1261 1779 1301; x_wconf 88' lang='lat' dir='ltr'><strong>errore</strong></span> <span class='ocrx_word' id='word_1_81' title='bbox 1814 1247 2010 1302; x_wconf 84' lang='lat' dir='ltr'><strong>libera-</strong></span> 
     </span>
    </p>
   </div>
   <div class='ocr_carea' id='block_1_15' title="bbox 433 1334 2007 1405">
    <p class='ocr_par' dir='ltr' id='par_1_15' title="bbox 433 1334 2007 1405">
     <span class='ocr_line' id='line_1_15' title="bbox 433 1334 2007 1405; baseline 0.003 -17"><span class='ocrx_word' id='word_1_82' title='bbox 433 1341 522 1388; x_wconf 88' lang='lat' dir='ltr'><strong>tos</strong></span> <span class='ocrx_word' id='word_1_83' title='bbox 560 1334 812 1389; x_wconf 83' lang='lat' dir='ltr'><strong>veritatis</strong></span> <span class='ocrx_word' id='word_1_84' title='bbox 841 1335 1132 1405; x_wconf 69' lang='lat' dir='ltr'><strong>praeceptis</strong></span> <span class='ocrx_word' id='word_1_85' title='bbox 1167 1335 1503 1390; x_wconf 76' lang='lat' dir='ltr'><strong>iustizuerat.</strong></span> <span class='ocrx_word' id='word_1_86' title='bbox 1535 1336 1668 1405; x_wconf 85' lang='lat' dir='ltr'><strong>Ejus</strong></span> <span class='ocrx_word' id='word_1_87' title='bbox 1690 1336 1888 1392; x_wconf 90' lang='lat' dir='ltr'><strong>deinde</strong></span> <span class='ocrx_word' id='word_1_88' title='bbox 1913 1337 2007 1392; x_wconf 77' lang='lat' dir='ltr'><strong>filii</strong></span> 
     </span>
    </p>
   </div>
   <div class='ocr_carea' id='block_1_16' title="bbox 433 1425 2009 1497">
    <p class='ocr_par' dir='ltr' id='par_1_16' title="bbox 433 1425 2009 1497">
     <span class='ocr_line' id='line_1_16' title="bbox 433 1425 2009 1497; baseline 0.002 -18"><span class='ocrx_word' id='word_1_89' title='bbox 433 1425 688 1480; x_wconf 86' lang='lat' dir='ltr'><strong>traditam</strong></span> <span class='ocrx_word' id='word_1_90' title='bbox 721 1426 829 1481; x_wconf 90' lang='lat' dir='ltr'><strong>illis</strong></span> <span class='ocrx_word' id='word_1_91' title='bbox 871 1443 900 1481; x_wconf 92' lang='lat' dir='ltr'><strong>a</strong></span> <span class='ocrx_word' id='word_1_92' title='bbox 929 1436 1082 1497; x_wconf 89' lang='lat' dir='ltr'><strong>patre</strong></span> <span class='ocrx_word' id='word_1_93' title='bbox 1109 1426 1414 1481; x_wconf 82' lang='lat' dir='ltr'><strong>docuiuam</strong></span> <span class='ocrx_word' id='word_1_94' title='bbox 1447 1427 1862 1482; x_wconf 81' lang='lat' dir='ltr'><strong>contirmaraul.</strong></span> <span class='ocrx_word' id='word_1_95' title='bbox 1892 1426 2009 1484; x_wconf 83' lang='lat' dir='ltr'><strong>Etsi</strong></span> 
     </span>
    </p>
   </div>
   <div class='ocr_carea' id='block_1_17' title="bbox 431 1515 2011 1591">
    <p class='ocr_par' dir='ltr' id='par_1_17' title="bbox 431 1515 2011 1591">
     <span class='ocr_line' id='line_1_17' title="bbox 431 1515 2011 1591; baseline 0.003 -21"><span class='ocrx_word' id='word_1_96' title='bbox 431 1518 576 1570; x_wconf 87' lang='lat' dir='ltr'><strong>enim</strong></span> <span class='ocrx_word' id='word_1_97' title='bbox 617 1515 980 1573; x_wconf 82' lang='lat' dir='ltr'><strong>Constantius</strong></span> <span class='ocrx_word' id='word_1_98' title='bbox 1031 1534 1222 1574; x_wconf 87' lang='lat' dir='ltr'><strong>eorum</strong></span> <span class='ocrx_word' id='word_1_99' title='bbox 1267 1534 1296 1572; x_wconf 93' lang='lat' dir='ltr'><strong>a</strong></span> <span class='ocrx_word' id='word_1_100' title='bbox 1349 1521 1553 1589; x_wconf 82' lang='lat' dir='ltr'><strong>quibus</strong></span> <span class='ocrx_word' id='word_1_101' title='bbox 1593 1520 1882 1591; x_wconf 80' lang='lat' dir='ltr'><strong>regebatur</strong></span> <span class='ocrx_word' id='word_1_102' title='bbox 1933 1522 2011 1576; x_wconf 83' lang='lat' dir='ltr'><strong>in-</strong></span> 
     </span>
    </p>
   </div>
   <div class='ocr_carea' id='block_1_18' title="bbox 433 1608 2009 1684">
    <p class='ocr_par' dir='ltr' id='par_1_18' title="bbox 433 1608 2009 1684">
     <span class='ocr_line' id='line_1_18' title="bbox 433 1608 2009 1684; baseline 0.006 -21"><span class='ocrx_word' id='word_1_103' title='bbox 433 1608 639 1672; x_wconf 80' lang='lat' dir='ltr'><strong>ductu,</strong></span> <span class='ocrx_word' id='word_1_104' title='bbox 696 1611 1171 1664; x_wconf 72' lang='lat' dir='ltr'><strong>cansubstanlialis</strong></span> <span class='ocrx_word' id='word_1_105' title='bbox 1227 1627 1416 1665; x_wconf 87' lang='lat' dir='ltr'><strong>vocem</strong></span> <span class='ocrx_word' id='word_1_106' title='bbox 1456 1628 1562 1666; x_wconf 89' lang='lat' dir='ltr'><strong>non</strong></span> <span class='ocrx_word' id='word_1_107' title='bbox 1609 1613 1854 1678; x_wconf 89' lang='lat' dir='ltr'><strong>admisit,</strong></span> <span class='ocrx_word' id='word_1_108' title='bbox 1888 1616 2009 1684; x_wconf 84' lang='lat' dir='ltr'><strong>ejus</strong></span> 
     </span>
    </p>
   </div>
   <div class='ocr_carea' id='block_1_19' title="bbox 429 1703 2005 1761">
    <p class='ocr_par' dir='ltr' id='par_1_19' title="bbox 429 1703 2005 1761">
     <span class='ocr_line' id='line_1_19' title="bbox 429 1703 2005 1761; baseline 0.003 -6"><span class='ocrx_word' id='word_1_109' title='bbox 429 1708 610 1757; x_wconf 88' lang='lat' dir='ltr'><strong>tamen</strong></span> <span class='ocrx_word' id='word_1_110' title='bbox 641 1717 863 1756; x_wconf 84' lang='lat' dir='ltr'><strong>sensum</strong></span> <span class='ocrx_word' id='word_1_111' title='bbox 916 1703 1135 1758; x_wconf 88' lang='lat' dir='ltr'><strong>sincere</strong></span> <span class='ocrx_word' id='word_1_112' title='bbox 1191 1703 1481 1758; x_wconf 79' lang='lat' dir='ltr'><strong>confessus</strong></span> <span class='ocrx_word' id='word_1_113' title='bbox 1518 1714 1622 1759; x_wconf 80' lang='lat' dir='ltr'><strong>est.</strong></span> <span class='ocrx_word' id='word_1_114' title='bbox 1671 1704 2005 1761; x_wconf 86' lang='lat' dir='ltr'><strong>Germanum</strong></span> 
     </span>
    </p>
   </div>
   <div class='ocr_carea' id='block_1_20' title="bbox 427 1801 2003 1876">
    <p class='ocr_par' dir='ltr' id='par_1_20' title="bbox 427 1801 2003 1876">
     <span class='ocr_line' id='line_1_20' title="bbox 427 1801 2003 1876; baseline 0.006 -22"><span class='ocrx_word' id='word_1_115' title='bbox 427 1802 634 1872; x_wconf 87' lang='lat' dir='ltr'><strong>quippe</strong></span> <span class='ocrx_word' id='word_1_116' title='bbox 661 1801 883 1867; x_wconf 80' lang='lat' dir='ltr'><strong>Filium,</strong></span> <span class='ocrx_word' id='word_1_117' title='bbox 911 1816 1037 1860; x_wconf 89' lang='lat' dir='ltr'><strong>aute</strong></span> <span class='ocrx_word' id='word_1_118' title='bbox 1072 1806 1270 1860; x_wconf 75' lang='lat' dir='ltr'><strong>szrcula</strong></span> <span class='ocrx_word' id='word_1_119' title='bbox 1297 1805 1363 1858; x_wconf 90' lang='lat' dir='ltr'><strong>de</strong></span> <span class='ocrx_word' id='word_1_120' title='bbox 1385 1805 1546 1860; x_wconf 82' lang='lat' dir='ltr'><strong>Patre</strong></span> <span class='ocrx_word' id='word_1_121' title='bbox 1565 1808 1807 1876; x_wconf 88' lang='lat' dir='ltr'><strong>genitum</strong></span> <span class='ocrx_word' id='word_1_122' title='bbox 1838 1807 2003 1863; x_wconf 83' lang='lat' dir='ltr'><strong>Deum</strong></span> 
     </span>
    </p>
   </div>
   <div class='ocr_carea' id='block_1_21' title="bbox 373 1890 2008 1968">
    <p class='ocr_par' dir='ltr' id='par_1_21' title="bbox 373 1890 2008 1968">
     <span class='ocr_line' id='line_1_21' title="bbox 373 1890 2008 1968; baseline 0.006 -22"><span class='ocrx_word' id='word_1_123' title='bbox 373 1901 378 1906; x_wconf 82' lang='lat'><strong><em>&#39;</em></strong></span> <span class='ocrx_word' id='word_1_124' title='bbox 429 1890 667 1949; x_wconf 82' lang='lat' dir='ltr'><strong>Verbum</strong></span> <span class='ocrx_word' id='word_1_125' title='bbox 710 1896 1262 1967; x_wconf 82' lang='lat' dir='ltr'><strong>nominavit,eosque</strong></span> <span class='ocrx_word' id='word_1_126' title='bbox 1287 1899 1377 1968; x_wconf 85' lang='lat' dir='ltr'><strong>qui</strong></span> <span class='ocrx_word' id='word_1_127' title='bbox 1411 1908 1724 1952; x_wconf 87' lang='lat' dir='ltr'><strong>creaturam</strong></span> <span class='ocrx_word' id='word_1_128' title='bbox 1760 1903 2008 1955; x_wconf 89' lang='lat' dir='ltr'><strong>dicereut</strong></span> 
     </span>
    </p>
   </div>
   <div class='ocr_carea' id='block_1_22' title="bbox 428 1985 2006 2061">
    <p class='ocr_par' dir='ltr' id='par_1_22' title="bbox 428 1985 2006 2061">
     <span class='ocr_line' id='line_1_22' title="bbox 428 1985 2006 2061; baseline 0.006 -24"><span class='ocrx_word' id='word_1_129' title='bbox 428 1985 607 2056; x_wconf 82' lang='lat' dir='ltr'><strong>palam</strong></span> <span class='ocrx_word' id='word_1_130' title='bbox 652 1986 950 2052; x_wconf 83' lang='lat' dir='ltr'><strong>abdicavit,</strong></span> <span class='ocrx_word' id='word_1_131' title='bbox 991 1999 1042 2042; x_wconf 93' lang='lat' dir='ltr'><strong>et</strong></span> <span class='ocrx_word' id='word_1_132' title='bbox 1098 1988 1372 2044; x_wconf 88' lang='lat' dir='ltr'><strong>idolorum</strong></span> <span class='ocrx_word' id='word_1_133' title='bbox 1408 1991 1616 2045; x_wconf 91' lang='lat' dir='ltr'><strong>cultum</strong></span> <span class='ocrx_word' id='word_1_134' title='bbox 1665 1993 1884 2061; x_wconf 89' lang='lat' dir='ltr'><strong>penitus</strong></span> <span class='ocrx_word' id='word_1_135' title='bbox 1920 1993 2006 2046; x_wconf 93' lang='lat' dir='ltr'><strong>in-</strong></span> 
     </span>
    </p>
   </div>
   <div class='ocr_carea' id='block_1_23' title="bbox 428 2075 2007 2153">
    <p class='ocr_par' dir='ltr' id='par_1_23' title="bbox 428 2075 2007 2153">
     <span class='ocr_line' id='line_1_23' title="bbox 428 2075 2007 2153; baseline 0.006 -22"><span class='ocrx_word' id='word_1_136' title='bbox 428 2075 674 2133; x_wconf 76' lang='lat' dir='ltr'><strong>terdixit.</strong></span> <span class='ocrx_word' id='word_1_137' title='bbox 710 2077 872 2132; x_wconf 79' lang='lat' dir='ltr'><strong>Aliud</strong></span> <span class='ocrx_word' id='word_1_138' title='bbox 924 2079 1087 2134; x_wconf 90' lang='lat' dir='ltr'><strong>etiam</strong></span> <span class='ocrx_word' id='word_1_139' title='bbox 1124 2079 1284 2136; x_wconf 89' lang='lat' dir='ltr'><strong>laude</strong></span> <span class='ocrx_word' id='word_1_140' title='bbox 1334 2080 1559 2153; x_wconf 89' lang='lat' dir='ltr'><strong>dignum</strong></span> <span class='ocrx_word' id='word_1_141' title='bbox 1615 2081 1737 2152; x_wconf 86' lang='lat' dir='ltr'><strong>ejus</strong></span> <span class='ocrx_word' id='word_1_142' title='bbox 1795 2082 2007 2140; x_wconf 82' lang='lat' dir='ltr'><strong>facinus</strong></span> 
     </span>
    </p>
   </div>
   <div class='ocr_carea' id='block_1_24' title="bbox 427 2179 2004 2255">
    <p class='ocr_par' dir='ltr' id='par_1_24' title="bbox 427 2179 2004 2255">
     <span class='ocr_line' id='line_1_24' title="bbox 427 2179 2004 2255; baseline 0.008 -26"><span class='ocrx_word' id='word_1_143' title='bbox 427 2179 894 2247; x_wconf 84' lang='lat' dir='ltr'><strong>commemorabo,</strong></span> <span class='ocrx_word' id='word_1_144' title='bbox 922 2195 985 2236; x_wconf 80' lang='lat' dir='ltr'><strong>ex</strong></span> <span class='ocrx_word' id='word_1_145' title='bbox 1016 2196 1128 2252; x_wconf 82' lang='lat' dir='ltr'><strong>quo</strong></span> <span class='ocrx_word' id='word_1_146' title='bbox 1157 2182 1224 2237; x_wconf 92' lang='lat' dir='ltr'><strong>de</strong></span> <span class='ocrx_word' id='word_1_147' title='bbox 1253 2182 1427 2253; x_wconf 88' lang='lat' dir='ltr'><strong>ipsius</strong></span> <span class='ocrx_word' id='word_1_148' title='bbox 1467 2200 1598 2255; x_wconf 89' lang='lat' dir='ltr'><strong>erga</strong></span> <span class='ocrx_word' id='word_1_149' title='bbox 1645 2201 1735 2242; x_wconf 86' lang='lat' dir='ltr'><strong>res</strong></span> <span class='ocrx_word' id='word_1_150' title='bbox 1786 2185 2004 2242; x_wconf 86' lang='lat' dir='ltr'><strong>divinas</strong></span> 
     </span>
    </p>
   </div>
   <div class='ocr_carea' id='block_1_25' title="bbox 426 2267 2007 2349">
    <p class='ocr_par' dir='ltr' id='par_1_25' title="bbox 426 2267 2007 2349">
     <span class='ocr_line' id='line_1_25' title="bbox 426 2267 2007 2349; baseline 0.006 -27"><span class='ocrx_word' id='word_1_151' title='bbox 426 2267 614 2323; x_wconf 86' lang='lat' dir='ltr'><strong>studio</strong></span> <span class='ocrx_word' id='word_1_152' title='bbox 647 2270 773 2325; x_wconf 90' lang='lat' dir='ltr'><strong>duci</strong></span> <span class='ocrx_word' id='word_1_153' title='bbox 815 2272 1131 2341; x_wconf 87' lang='lat' dir='ltr'><strong>conjectura</strong></span> <span class='ocrx_word' id='word_1_154' title='bbox 1156 2275 1349 2344; x_wconf 77' lang='lat' dir='ltr'><strong>possit.</strong></span> <span class='ocrx_word' id='word_1_155' title='bbox 1384 2273 1533 2332; x_wconf 83' lang='lat' dir='ltr'><strong>Bello</strong></span> <span class='ocrx_word' id='word_1_156' title='bbox 1571 2278 1716 2332; x_wconf 86' lang='lat' dir='ltr'><strong>enim</strong></span> <span class='ocrx_word' id='word_1_157' title='bbox 1748 2277 2007 2349; x_wconf 80' lang='lat' dir='ltr'><strong>Magnen—</strong></span> 
     </span>
    </p>
   </div>
   <div class='ocr_carea' id='block_1_26' title="bbox 427 2360 2006 2432">
    <p class='ocr_par' dir='ltr' id='par_1_26' title="bbox 427 2360 2006 2432">
     <span class='ocr_line' id='line_1_26' title="bbox 427 2360 2006 2432; baseline 0.01 -23"><span class='ocrx_word' id='word_1_158' title='bbox 427 2360 601 2423; x_wconf 90' lang='lat' dir='ltr'><strong>tiauo,</strong></span> <span class='ocrx_word' id='word_1_159' title='bbox 637 2361 815 2432; x_wconf 90' lang='lat' dir='ltr'><strong>copiis</strong></span> <span class='ocrx_word' id='word_1_160' title='bbox 847 2363 1108 2420; x_wconf 82' lang='lat' dir='ltr'><strong>omnibus</strong></span> <span class='ocrx_word' id='word_1_161' title='bbox 1139 2367 1483 2432; x_wconf 90' lang='lat' dir='ltr'><strong>convocatis,</strong></span> <span class='ocrx_word' id='word_1_162' title='bbox 1533 2368 1785 2426; x_wconf 84' lang='lat' dir='ltr'><strong>hortatus</strong></span> <span class='ocrx_word' id='word_1_163' title='bbox 1821 2380 1906 2427; x_wconf 91' lang='lat' dir='ltr'><strong>est</strong></span> <span class='ocrx_word' id='word_1_164' title='bbox 1949 2379 2006 2425; x_wconf 90' lang='lat' dir='ltr'><strong>ut</strong></span> 
     </span>
    </p>
   </div>
   <div class='ocr_carea' id='block_1_27' title="bbox 425 2450 2004 2538">
    <p class='ocr_par' dir='ltr' id='par_1_27' title="bbox 425 2450 2004 2538">
     <span class='ocr_line' id='line_1_27' title="bbox 425 2450 2004 2538; baseline 0.01 -32"><span class='ocrx_word' id='word_1_165' title='bbox 425 2450 612 2506; x_wconf 89' lang='lat' dir='ltr'><strong>divina</strong></span> <span class='ocrx_word' id='word_1_166' title='bbox 639 2456 900 2526; x_wconf 82' lang='lat' dir='ltr'><strong>mysteria</strong></span> <span class='ocrx_word' id='word_1_167' title='bbox 930 2458 1174 2515; x_wconf 87' lang='lat' dir='ltr'><strong>universi</strong></span> <span class='ocrx_word' id='word_1_168' title='bbox 1214 2462 1584 2534; x_wconf 88' lang='lat' dir='ltr'><strong>perciperent,</strong></span> <span class='ocrx_word' id='word_1_169' title='bbox 1624 2479 1843 2536; x_wconf 84' lang='lat' dir='ltr'><strong>semper</strong></span> <span class='ocrx_word' id='word_1_170' title='bbox 1881 2468 2004 2538; x_wconf 89' lang='lat' dir='ltr'><strong>qui-</strong></span> 
     </span>
    </p>
   </div>
   <div class='ocr_carea' id='block_1_28' title="bbox 424 2551 2004 2626">
    <p class='ocr_par' dir='ltr' id='par_1_28' title="bbox 424 2551 2004 2626">
     <span class='ocr_line' id='line_1_28' title="bbox 424 2551 2004 2626; baseline 0.009 -17"><span class='ocrx_word' id='word_1_171' title='bbox 424 2551 548 2609; x_wconf 91' lang='lat' dir='ltr'><strong>dem</strong></span> <span class='ocrx_word' id='word_1_172' title='bbox 579 2555 847 2612; x_wconf 90' lang='lat' dir='ltr'><strong>incertum</strong></span> <span class='ocrx_word' id='word_1_173' title='bbox 875 2573 998 2615; x_wconf 87' lang='lat' dir='ltr'><strong>esse</strong></span> <span class='ocrx_word' id='word_1_174' title='bbox 1021 2559 1213 2617; x_wconf 88' lang='lat' dir='ltr'><strong>dicens</strong></span> <span class='ocrx_word' id='word_1_175' title='bbox 1235 2563 1440 2618; x_wconf 80' lang='lat' dir='ltr'><strong>exitum</strong></span> <span class='ocrx_word' id='word_1_176' title='bbox 1466 2565 1610 2626; x_wconf 67' lang='lat' dir='ltr'><strong>vitaz.</strong></span> <span class='ocrx_word' id='word_1_177' title='bbox 1641 2573 1756 2620; x_wconf 88' lang='lat' dir='ltr'><strong>tum</strong></span> <span class='ocrx_word' id='word_1_178' title='bbox 1781 2567 1833 2621; x_wconf 92' lang='lat' dir='ltr'><strong>in</strong></span> <span class='ocrx_word' id='word_1_179' title='bbox 1863 2567 2004 2624; x_wconf 86' lang='lat' dir='ltr'><strong>bello</strong></span> 
     </span>
    </p>
   </div>
   <div class='ocr_carea' id='block_1_29' title="bbox 427 2645 2001 2725">
    <p class='ocr_par' dir='ltr' id='par_1_29' title="bbox 427 2645 2001 2725">
     <span class='ocr_line' id='line_1_29' title="bbox 427 2645 2001 2725; baseline 0.009 -27"><span class='ocrx_word' id='word_1_180' title='bbox 427 2645 683 2711; x_wconf 77' lang='lat' dir='ltr'><strong>maxime,</strong></span> <span class='ocrx_word' id='word_1_181' title='bbox 710 2646 803 2702; x_wconf 89' lang='lat' dir='ltr'><strong>ubi</strong></span> <span class='ocrx_word' id='word_1_182' title='bbox 827 2650 1074 2720; x_wconf 78' lang='lat' dir='ltr'><strong>conjecta</strong></span> <span class='ocrx_word' id='word_1_183' title='bbox 1103 2651 1360 2722; x_wconf 89' lang='lat' dir='ltr'><strong>utrinque</strong></span> <span class='ocrx_word' id='word_1_184' title='bbox 1396 2655 1654 2719; x_wconf 89' lang='lat' dir='ltr'><strong>telorum,</strong></span> <span class='ocrx_word' id='word_1_185' title='bbox 1667 2653 2001 2725; x_wconf 89' lang='lat' dir='ltr'><strong>jaculorum,</strong></span> 
     </span>
    </p>
   </div>
   <div class='ocr_carea' id='block_1_30' title="bbox 424 2733 2004 2819">
    <p class='ocr_par' dir='ltr' id='par_1_30' title="bbox 424 2733 2004 2819">
     <span class='ocr_line' id='line_1_30' title="bbox 424 2733 2004 2819; baseline 0.009 -29"><span class='ocrx_word' id='word_1_186' title='bbox 424 2733 708 2793; x_wconf 80' lang='lat' dir='ltr'><strong>hastarum</strong></span> <span class='ocrx_word' id='word_1_187' title='bbox 750 2748 831 2795; x_wconf 88' lang='lat' dir='ltr'><strong>tot</strong></span> <span class='ocrx_word' id='word_1_188' title='bbox 865 2743 1056 2808; x_wconf 85' lang='lat' dir='ltr'><strong>millia,</strong></span> <span class='ocrx_word' id='word_1_189' title='bbox 1099 2745 1387 2816; x_wconf 81' lang='lat' dir='ltr'><strong>strictique</strong></span> <span class='ocrx_word' id='word_1_190' title='bbox 1426 2762 1610 2813; x_wconf 80' lang='lat' dir='ltr'><strong>enses,</strong></span> <span class='ocrx_word' id='word_1_191' title='bbox 1639 2756 1693 2805; x_wconf 87' lang='lat' dir='ltr'><strong>et</strong></span> <span class='ocrx_word' id='word_1_192' title='bbox 1715 2748 1908 2819; x_wconf 81' lang='lat' dir='ltr'><strong>gladii,</strong></span> <span class='ocrx_word' id='word_1_193' title='bbox 1940 2765 2004 2804; x_wconf 89' lang='lat' dir='ltr'><strong>ac</strong></span> 
     </span>
    </p>
   </div>
   <div class='ocr_carea' id='block_1_31' title="bbox 424 2828 2000 2899">
    <p class='ocr_par' dir='ltr' id='par_1_31' title="bbox 424 2828 2000 2899">
     <span class='ocr_line' id='line_1_31' title="bbox 424 2828 2000 2899; baseline 0.009 -17"><span class='ocrx_word' id='word_1_194' title='bbox 424 2828 650 2899; x_wconf 75' lang='lat' dir='ltr'><strong>reliquze</strong></span> <span class='ocrx_word' id='word_1_195' title='bbox 695 2832 976 2890; x_wconf 70' lang='lat' dir='ltr'><strong>machina:</strong></span> <span class='ocrx_word' id='word_1_196' title='bbox 1040 2835 1335 2892; x_wconf 85' lang='lat' dir='ltr'><strong>violentam</strong></span> <span class='ocrx_word' id='word_1_197' title='bbox 1404 2848 1634 2895; x_wconf 88' lang='lat' dir='ltr'><strong>mortem</strong></span> <span class='ocrx_word' id='word_1_198' title='bbox 1697 2840 2000 2896; x_wconf 88' lang='lat' dir='ltr'><strong>intentant.</strong></span> 
     </span>
    </p>
   </div>
   <div class='ocr_carea' id='block_1_32' title="bbox 425 2926 2003 3009">
    <p class='ocr_par' dir='ltr' id='par_1_32' title="bbox 425 2926 2003 3009">
     <span class='ocr_line' id='line_1_32' title="bbox 425 2926 2003 3009; baseline 0.01 -25"><span class='ocrx_word' id='word_1_199' title='bbox 425 2926 664 2988; x_wconf 79' lang='lat' dir='ltr'><strong>Proinde</strong></span> <span class='ocrx_word' id='word_1_200' title='bbox 717 2949 1165 3008; x_wconf 77' lang='lat' dir='ltr'><strong>unumquemque</strong></span> <span class='ocrx_word' id='word_1_201' title='bbox 1207 2939 1448 3009; x_wconf 88' lang='lat' dir='ltr'><strong>pretiosa</strong></span> <span class='ocrx_word' id='word_1_202' title='bbox 1509 2942 1603 2998; x_wconf 90' lang='lat' dir='ltr'><strong>illa</strong></span> <span class='ocrx_word' id='word_1_203' title='bbox 1652 2944 1794 2998; x_wconf 88' lang='lat' dir='ltr'><strong>stola</strong></span> <span class='ocrx_word' id='word_1_204' title='bbox 1849 2943 2003 2999; x_wconf 87' lang='lat' dir='ltr'><strong>indui</strong></span> 
     </span>
    </p>
   </div>
   <div class='ocr_carea' id='block_1_33' title="bbox 423 3031 2000 3107">
    <p class='ocr_par' dir='ltr' id='par_1_33' title="bbox 423 3031 2000 3107">
     <span class='ocr_line' id='line_1_33' title="bbox 423 3031 2000 3107; baseline 0.011 -32"><span class='ocrx_word' id='word_1_205' title='bbox 423 3031 704 3091; x_wconf 85' lang='lat' dir='ltr'><strong>Oportcre,</strong></span> <span class='ocrx_word' id='word_1_206' title='bbox 771 3042 877 3096; x_wconf 88' lang='lat' dir='ltr'><strong>qua</strong></span> <span class='ocrx_word' id='word_1_207' title='bbox 934 3031 1173 3085; x_wconf 75' lang='lat' dir='ltr'><strong>maxime</strong></span> <span class='ocrx_word' id='word_1_208' title='bbox 1207 3031 1260 3086; x_wconf 86' lang='lat' dir='ltr'><strong>in</strong></span> <span class='ocrx_word' id='word_1_209' title='bbox 1321 3032 1506 3088; x_wconf 77' lang='lat' dir='ltr'><strong>futura</strong></span> <span class='ocrx_word' id='word_1_210' title='bbox 1551 3034 1661 3089; x_wconf 85' lang='lat' dir='ltr'><strong>vita</strong></span> <span class='ocrx_word' id='word_1_211' title='bbox 1701 3046 1789 3092; x_wconf 86' lang='lat' dir='ltr'><strong>est</strong></span> <span class='ocrx_word' id='word_1_212' title='bbox 1841 3051 2000 3107; x_wconf 88' lang='lat' dir='ltr'><strong>opus.</strong></span> 
     </span>
    </p>
   </div>
   <div class='ocr_carea' id='block_1_34' title="bbox 2110 511 3698 582">
    <p class='ocr_par' dir='ltr' id='par_1_34' title="bbox 2110 511 3698 582">
     <span class='ocr_line' id='line_1_34' title="bbox 2110 511 3698 582; baseline 0 -17"><span class='ocrx_word' id='word_1_213' title='bbox 2110 512 2302 582; x_wconf 84' lang='grc' dir='ltr'>τούτῳ.</span> <span class='ocrx_word' id='word_1_214' title='bbox 2348 511 2628 573; x_wconf 71' lang='grc' dir='ltr'>Ἰουλιανὸς</span> <span class='ocrx_word' id='word_1_215' title='bbox 2677 511 2732 564; x_wconf 73' lang='grc' dir='ltr'>δὲ</span> <span class='ocrx_word' id='word_1_216' title='bbox 2763 512 2856 564; x_wconf 70' lang='grc' dir='ltr'><strong>καὶ</strong></span> <span class='ocrx_word' id='word_1_217' title='bbox 2905 512 2965 563; x_wconf 70' lang='grc' dir='ltr'>τὸ</span> <span class='ocrx_word' id='word_1_218' title='bbox 2991 511 3106 574; x_wconf 86' lang='grc' dir='ltr'>δέος</span> <span class='ocrx_word' id='word_1_219' title='bbox 3133 512 3390 580; x_wconf 85' lang='grc' dir='ltr'>ἐδήλωσε,</span> <span class='ocrx_word' id='word_1_220' title='bbox 3445 511 3537 564; x_wconf 73' lang='grc' dir='ltr'><strong>καὶ</strong></span> <span class='ocrx_word' id='word_1_221' title='bbox 3603 512 3698 565; x_wconf 76' lang='grc' dir='ltr'>τοῦ</span> 
     </span>
    </p>
   </div>
   <div class='ocr_carea' id='block_1_35' title="bbox 2112 601 3697 676">
    <p class='ocr_par' dir='ltr' id='par_1_35' title="bbox 2112 601 3697 676">
     <span class='ocr_line' id='line_1_35' title="bbox 2112 601 3697 676; baseline -0.001 -19"><span class='ocrx_word' id='word_1_222' title='bbox 2112 602 2348 675; x_wconf 77' lang='grc' dir='ltr'>σταυροῦ</span> <span class='ocrx_word' id='word_1_223' title='bbox 2395 602 2693 673; x_wconf 76' lang='grc' dir='ltr'>θαυμάζειν</span> <span class='ocrx_word' id='word_1_224' title='bbox 2716 602 2883 672; x_wconf 66' lang='grc' dir='ltr'>ἔφησε</span> <span class='ocrx_word' id='word_1_225' title='bbox 2907 601 3005 674; x_wconf 75' lang='grc' dir='ltr'><strong>τὴν</strong></span> <span class='ocrx_word' id='word_1_226' title='bbox 3048 603 3217 673; x_wconf 73' lang='grc' dir='ltr'>ἰσχύν·</span> <span class='ocrx_word' id='word_1_227' title='bbox 3245 604 3555 675; x_wconf 76' lang='grc' dir='ltr'><strong>ἀπέδρασαν</strong></span> <span class='ocrx_word' id='word_1_228' title='bbox 3588 605 3697 676; x_wconf 78' lang='grc' dir='ltr'>γὰρ</span> 
     </span>
    </p>
   </div>
   <div class='ocr_carea' id='block_1_36' title="bbox 2109 694 3695 766">
    <p class='ocr_par' dir='ltr' id='par_1_36' title="bbox 2109 694 3695 766">
     <span class='ocr_line' id='line_1_36' title="bbox 2109 694 3695 766; baseline 0.003 -17"><span class='ocrx_word' id='word_1_229' title='bbox 2109 698 2157 749; x_wconf 77' lang='lat' dir='ltr'><strong>oi</strong></span> <span class='ocrx_word' id='word_1_230' title='bbox 2199 695 2470 766; x_wconf 72' lang='grc' dir='ltr'>δαίμονες,</span> <span class='ocrx_word' id='word_1_231' title='bbox 2496 695 2684 748; x_wconf 76' lang='grc' dir='ltr'>τούτου</span> <span class='ocrx_word' id='word_1_232' title='bbox 2731 694 2824 748; x_wconf 83' lang='lat' dir='ltr'><strong>16v</strong></span> <span class='ocrx_word' id='word_1_233' title='bbox 2869 694 3038 747; x_wconf 75' lang='grc' dir='ltr'>τύπον</span> <span class='ocrx_word' id='word_1_234' title='bbox 3072 697 3170 749; x_wconf 71' lang='grc' dir='ltr'><strong>οὐκ</strong></span> <span class='ocrx_word' id='word_1_235' title='bbox 3199 697 3511 765; x_wconf 71' lang='grc' dir='ltr'><strong>ἐνεγκόντες</strong></span> <span class='ocrx_word' id='word_1_236' title='bbox 3545 698 3695 754; x_wconf 79' lang='grc' dir='ltr'>ἰδεῖν.</span> 
     </span>
    </p>
   </div>
   <div class='ocr_carea' id='block_1_37' title="bbox 2110 781 3694 860">
    <p class='ocr_par' dir='ltr' id='par_1_37' title="bbox 2110 781 3694 860">
     <span class='ocr_line' id='line_1_37' title="bbox 2110 781 3694 860; baseline -0.001 -18"><span class='ocrx_word' id='word_1_237' title='bbox 2110 789 2203 859; x_wconf 79' lang='grc' dir='ltr'><strong>Μὴ</strong></span> <span class='ocrx_word' id='word_1_238' title='bbox 2249 788 2314 860; x_wconf 78' lang='grc' dir='ltr'>δὴ</span> <span class='ocrx_word' id='word_1_239' title='bbox 2363 788 2518 842; x_wconf 81' lang='grc' dir='ltr'>τοῦτο</span> <span class='ocrx_word' id='word_1_240' title='bbox 2569 787 2864 859; x_wconf 74' lang='grc' dir='ltr'>ὑπολάϐῃς,</span> <span class='ocrx_word' id='word_1_241' title='bbox 2896 781 2941 841; x_wconf 83' lang='grc' dir='ltr'>ὦ</span> <span class='ocrx_word' id='word_1_242' title='bbox 2971 788 3162 855; x_wconf 80' lang='grc' dir='ltr'>ἀγαθὲ,</span> <span class='ocrx_word' id='word_1_243' title='bbox 3215 790 3243 842; x_wconf 99' lang='lat'><strong>6</strong></span> <span class='ocrx_word' id='word_1_244' title='bbox 3281 789 3413 859; x_wconf 76' lang='grc' dir='ltr'>γόης</span> <span class='ocrx_word' id='word_1_245' title='bbox 3460 789 3586 859; x_wconf 70' lang='grc' dir='ltr'><strong>ἔφη’</strong></span> <span class='ocrx_word' id='word_1_246' title='bbox 3631 793 3694 846; x_wconf 78' lang='grc' dir='ltr'><strong>οὐ</strong></span> 
     </span>
    </p>
   </div>
   <div class='ocr_carea' id='block_1_38' title="bbox 2111 880 3694 952">
    <p class='ocr_par' dir='ltr' id='par_1_38' title="bbox 2111 880 3694 952">
     <span class='ocr_line' id='line_1_38' title="bbox 2111 880 3694 952; baseline 0.003 -19"><span class='ocrx_word' id='word_1_247' title='bbox 2111 881 2219 951; x_wconf 77' lang='grc' dir='ltr'>γὰρ</span> <span class='ocrx_word' id='word_1_248' title='bbox 2251 882 2480 946; x_wconf 83' lang='grc' dir='ltr'>ἔδεισαν,</span> <span class='ocrx_word' id='word_1_249' title='bbox 2533 880 2607 945; x_wconf 81' lang='grc' dir='ltr'>ὥς</span> <span class='ocrx_word' id='word_1_250' title='bbox 2660 898 2722 948; x_wconf 83' lang='grc' dir='ltr'><strong>γε</strong></span> <span class='ocrx_word' id='word_1_251' title='bbox 2753 882 2816 933; x_wconf 73' lang='grc' dir='ltr'><strong>σὺ</strong></span> <span class='ocrx_word' id='word_1_252' title='bbox 2865 881 2991 951; x_wconf 75' lang='grc' dir='ltr'><strong>φής·</strong></span> <span class='ocrx_word' id='word_1_253' title='bbox 3029 880 3162 934; x_wconf 80' lang='grc' dir='ltr'><strong>ἀλλά</strong></span> <span class='ocrx_word' id='word_1_254' title='bbox 3203 881 3584 952; x_wconf 75' lang='grc' dir='ltr'>βδελυξάμενοι</span> <span class='ocrx_word' id='word_1_255' title='bbox 3633 885 3694 937; x_wconf 81' lang='lat'><em>16</em></span> 
     </span>
    </p>
   </div>
   <div class='ocr_carea' id='block_1_39' title="bbox 2112 972 3693 1046">
    <p class='ocr_par' dir='ltr' id='par_1_39' title="bbox 2112 972 3693 1046">
     <span class='ocr_line' id='line_1_39' title="bbox 2112 972 3693 1046; baseline 0.003 -20"><span class='ocrx_word' id='word_1_256' title='bbox 2112 973 2261 1044; x_wconf 87' lang='grc' dir='ltr'><strong>παρά</strong></span> <span class='ocrx_word' id='word_1_257' title='bbox 2313 973 2406 1028; x_wconf 82' lang='grc' dir='ltr'>σοῦ</span> <span class='ocrx_word' id='word_1_258' title='bbox 2456 974 2746 1042; x_wconf 80' lang='grc' dir='ltr'>γενόμενον</span> <span class='ocrx_word' id='word_1_259' title='bbox 2773 972 2997 1044; x_wconf 79' lang='grc' dir='ltr'>ᾤχοντο.</span> <span class='ocrx_word' id='word_1_260' title='bbox 3050 972 3205 1026; x_wconf 73' lang='grc' dir='ltr'><strong>υῦτω</strong></span> <span class='ocrx_word' id='word_1_261' title='bbox 3246 974 3578 1046; x_wconf 80' lang='grc' dir='ltr'>βουκολήσας</span> <span class='ocrx_word' id='word_1_262' title='bbox 3604 976 3693 1030; x_wconf 71' lang='grc' dir='ltr'><strong>τδν</strong></span> 
     </span>
    </p>
   </div>
   <div class='ocr_carea' id='block_1_40' title="bbox 2110 1047 3690 1139">
    <p class='ocr_par' dir='ltr' id='par_1_40' title="bbox 2110 1047 3690 1139">
     <span class='ocr_line' id='line_1_40' title="bbox 2110 1047 3690 1139; baseline 0.001 -19"><span class='ocrx_word' id='word_1_263' title='bbox 2110 1068 2361 1131; x_wconf 80' lang='grc' dir='ltr'><strong>δείλαιον,</strong></span> <span class='ocrx_word' id='word_1_264' title='bbox 2392 1066 2600 1137; x_wconf 81' lang='grc' dir='ltr'>ἐμύησέ</span> <span class='ocrx_word' id='word_1_265' title='bbox 2625 1083 2683 1118; x_wconf 86' lang='grc' dir='ltr'><strong>τε</strong></span> <span class='ocrx_word' id='word_1_266' title='bbox 2712 1066 2807 1120; x_wconf 80' lang='grc' dir='ltr'>καὶ</span> <span class='ocrx_word' id='word_1_267' title='bbox 2835 1066 2929 1119; x_wconf 80' lang='grc' dir='ltr'>τοῦ</span> <span class='ocrx_word' id='word_1_268' title='bbox 2965 1047 3169 1137; x_wconf 80' lang='grc' dir='ltr'>μύσους</span> <span class='ocrx_word' id='word_1_269' title='bbox 3197 1067 3480 1138; x_wconf 89' lang='grc' dir='ltr'>ἐνέπλησε·</span> <span class='ocrx_word' id='word_1_270' title='bbox 3536 1069 3628 1122; x_wconf 76' lang='grc' dir='ltr'>καὶ</span> <span class='ocrx_word' id='word_1_271' title='bbox 3656 1072 3690 1139; x_wconf 78' lang='grc' dir='ltr'><strong>ἡ</strong></span> 
     </span>
    </p>
   </div>
   <div class='ocr_carea' id='block_1_41' title="bbox 2110 1159 3691 1232">
    <p class='ocr_par' dir='ltr' id='par_1_41' title="bbox 2110 1159 3691 1232">
     <span class='ocr_line' id='line_1_41' title="bbox 2110 1159 3691 1232; baseline -0.003 -16"><span class='ocrx_word' id='word_1_272' title='bbox 2110 1163 2209 1230; x_wconf 81' lang='grc' dir='ltr'>τῆς</span> <span class='ocrx_word' id='word_1_273' title='bbox 2237 1161 2514 1231; x_wconf 73' lang='grc' dir='ltr'><strong>βασιλείας</strong></span> <span class='ocrx_word' id='word_1_274' title='bbox 2545 1159 2810 1232; x_wconf 86' lang='grc' dir='ltr'>ἐπιθυμία</span> <span class='ocrx_word' id='word_1_275' title='bbox 2840 1163 2936 1232; x_wconf 83' lang='grc' dir='ltr'>τῆς</span> <span class='ocrx_word' id='word_1_276' title='bbox 2969 1160 3255 1227; x_wconf 73' lang='grc' dir='ltr'>εὐσεϐείας</span> <span class='ocrx_word' id='word_1_277' title='bbox 3293 1161 3578 1231; x_wconf 80' lang='grc' dir='ltr'>ἐγύμνωσε</span> <span class='ocrx_word' id='word_1_278' title='bbox 3605 1165 3691 1218; x_wconf 64' lang='grc' dir='ltr'>τὸν</span> 
     </span>
    </p>
   </div>
   <div class='ocr_carea' id='block_1_42' title="bbox 2110 1256 3692 1330">
    <p class='ocr_par' dir='ltr' id='par_1_42' title="bbox 2110 1256 3692 1330">
     <span class='ocr_line' id='line_1_42' title="bbox 2110 1256 3692 1330; baseline -0.001 -18"><span class='ocrx_word' id='word_1_279' title='bbox 2110 1258 2440 1330; x_wconf 83' lang='grc' dir='ltr'>τρισάθλιον.</span> <span class='ocrx_word' id='word_1_280' title='bbox 2476 1256 2819 1329; x_wconf 76' lang='grc' dir='ltr'>Παραλαϐὼν</span> <span class='ocrx_word' id='word_1_281' title='bbox 2848 1256 2904 1310; x_wconf 72' lang='grc' dir='ltr'><strong>δέ</strong></span> <span class='ocrx_word' id='word_1_282' title='bbox 2935 1258 3084 1328; x_wconf 80' lang='grc' dir='ltr'>ὅμως</span> <span class='ocrx_word' id='word_1_283' title='bbox 3113 1257 3211 1329; x_wconf 77' lang='grc' dir='ltr'><strong>τὴν</strong></span> <span class='ocrx_word' id='word_1_284' title='bbox 3255 1257 3576 1311; x_wconf 70' lang='grc' dir='ltr'><strong>δυναστείαν</strong></span> <span class='ocrx_word' id='word_1_285' title='bbox 3604 1260 3692 1311; x_wconf 75' lang='grc' dir='ltr'>ἐπὶ</span> 
     </span>
    </p>
   </div>
   <div class='ocr_carea' id='block_1_43' title="bbox 2111 1349 3693 1424">
    <p class='ocr_par' dir='ltr' id='par_1_43' title="bbox 2111 1349 3693 1424">
     <span class='ocr_line' id='line_1_43' title="bbox 2111 1349 3693 1424; baseline -0.001 -18"><span class='ocrx_word' id='word_1_286' title='bbox 2111 1353 2360 1407; x_wconf 74' lang='grc' dir='ltr'>πλείσταν</span> <span class='ocrx_word' id='word_1_287' title='bbox 2412 1351 2617 1424; x_wconf 61' lang='grc' dir='ltr'>ἔκρυψε</span> <span class='ocrx_word' id='word_1_288' title='bbox 2668 1349 2768 1422; x_wconf 73' lang='grc' dir='ltr'>τὴν</span> <span class='ocrx_word' id='word_1_289' title='bbox 2833 1350 3107 1406; x_wconf 79' lang='grc' dir='ltr'>ἀσέϐειαν.</span> <span class='ocrx_word' id='word_1_290' title='bbox 3159 1350 3536 1422; x_wconf 80' lang='grc' dir='ltr'>Διαφερὸντως</span> <span class='ocrx_word' id='word_1_291' title='bbox 3587 1351 3693 1421; x_wconf 82' lang='grc' dir='ltr'>γὰρ</span> 
     </span>
    </p>
   </div>
   <div class='ocr_carea' id='block_1_44' title="bbox 2109 1443 3692 1522">
    <p class='ocr_par' dir='ltr' id='par_1_44' title="bbox 2109 1443 3692 1522">
     <span class='ocr_line' id='line_1_44' title="bbox 2109 1443 3692 1522; baseline -0.002 -22"><span class='ocrx_word' id='word_1_292' title='bbox 2109 1446 2300 1522; x_wconf 69' lang='grc' dir='ltr'>ἐδεδίει</span> <span class='ocrx_word' id='word_1_293' title='bbox 2335 1447 2461 1508; x_wconf 75' lang='grc' dir='ltr'>τοὺς</span> <span class='ocrx_word' id='word_1_294' title='bbox 2512 1444 2869 1514; x_wconf 84' lang='grc' dir='ltr'>στρατιώτας,</span> <span class='ocrx_word' id='word_1_295' title='bbox 2897 1444 2964 1498; x_wconf 73' lang='grc' dir='ltr'>τὰ</span> <span class='ocrx_word' id='word_1_296' title='bbox 3011 1443 3111 1514; x_wconf 85' lang='grc' dir='ltr'><strong>τῆς</strong></span> <span class='ocrx_word' id='word_1_297' title='bbox 3145 1443 3427 1507; x_wconf 79' lang='grc' dir='ltr'>εὐσεϐείας</span> <span class='ocrx_word' id='word_1_298' title='bbox 3463 1443 3692 1497; x_wconf 81' lang='grc' dir='ltr'>εἰσδεδε-</span> 
     </span>
    </p>
   </div>
   <div class='ocr_carea' id='block_1_45' title="bbox 2110 1536 3694 1609">
    <p class='ocr_par' dir='ltr' id='par_1_45' title="bbox 2110 1536 3694 1609">
     <span class='ocr_line' id='line_1_45' title="bbox 2110 1536 3694 1609; baseline -0.001 -18"><span class='ocrx_word' id='word_1_299' title='bbox 2110 1540 2346 1608; x_wconf 84' lang='grc' dir='ltr'>γμένους</span> <span class='ocrx_word' id='word_1_300' title='bbox 2377 1538 2692 1609; x_wconf 86' lang='grc' dir='ltr'>μαθήματα.</span> <span class='ocrx_word' id='word_1_301' title='bbox 2730 1536 2952 1608; x_wconf 85' lang='grc' dir='ltr'>Πρῶτον</span> <span class='ocrx_word' id='word_1_302' title='bbox 2987 1536 3086 1608; x_wconf 84' lang='grc' dir='ltr'><strong>μὲν</strong></span> <span class='ocrx_word' id='word_1_303' title='bbox 3130 1537 3238 1607; x_wconf 75' lang='grc' dir='ltr'>γὰρ</span> <span class='ocrx_word' id='word_1_304' title='bbox 3273 1537 3471 1600; x_wconf 74' lang='grc' dir='ltr'>αὐτοὺς</span> <span class='ocrx_word' id='word_1_305' title='bbox 3498 1538 3527 1589; x_wconf 90' lang='lat'><strong>6</strong></span> <span class='ocrx_word' id='word_1_306' title='bbox 3561 1554 3694 1590; x_wconf 85' lang='grc' dir='ltr'>παν-</span> 
     </span>
    </p>
   </div>
   <div class='ocr_carea' id='block_1_46' title="bbox 2111 1629 3697 1702">
    <p class='ocr_par' dir='ltr' id='par_1_46' title="bbox 2111 1629 3697 1702">
     <span class='ocr_line' id='line_1_46' title="bbox 2111 1629 3697 1702; baseline -0.008 -17"><span class='ocrx_word' id='word_1_307' title='bbox 2111 1629 2356 1700; x_wconf 70' lang='grc' dir='ltr'>εύφημος</span> <span class='ocrx_word' id='word_1_308' title='bbox 2421 1631 2852 1698; x_wconf 84' lang='grc' dir='ltr'>Κωνσταντίνος,</span> <span class='ocrx_word' id='word_1_309' title='bbox 2918 1630 3018 1700; x_wconf 85' lang='grc' dir='ltr'>τῆς</span> <span class='ocrx_word' id='word_1_310' title='bbox 3091 1629 3360 1702; x_wconf 79' lang='grc' dir='ltr'><strong>προτέρας</strong></span> <span class='ocrx_word' id='word_1_311' title='bbox 3417 1629 3697 1699; x_wconf 71' lang='grc' dir='ltr'>ἐξαπάτης</span> 
     </span>
    </p>
   </div>
   <div class='ocr_carea' id='block_1_47' title="bbox 2113 1721 3697 1794">
    <p class='ocr_par' dir='ltr' id='par_1_47' title="bbox 2113 1721 3697 1794">
     <span class='ocr_line' id='line_1_47' title="bbox 2113 1721 3697 1794; baseline 0.008 -19"><span class='ocrx_word' id='word_1_312' title='bbox 2113 1721 2505 1794; x_wconf 83' lang='grc' dir='ltr'>ἐλευθερώσας,</span> <span class='ocrx_word' id='word_1_313' title='bbox 2555 1721 2901 1787; x_wconf 77' lang='grc' dir='ltr'>ἐξεπαίδευσέ</span> <span class='ocrx_word' id='word_1_314' title='bbox 2949 1722 3018 1777; x_wconf 89' lang='grc' dir='ltr'><strong>τά</strong></span> <span class='ocrx_word' id='word_1_315' title='bbox 3055 1723 3154 1793; x_wconf 86' lang='grc' dir='ltr'>τῆς</span> <span class='ocrx_word' id='word_1_316' title='bbox 3212 1722 3473 1792; x_wconf 76' lang='grc' dir='ltr'>ἀληθείας</span> <span class='ocrx_word' id='word_1_317' title='bbox 3521 1721 3697 1792; x_wconf 76' lang='grc' dir='ltr'>μαθή-</span> 
     </span>
    </p>
   </div>
   <div class='ocr_carea' id='block_1_48' title="bbox 2116 1814 3697 1887">
    <p class='ocr_par' dir='ltr' id='par_1_48' title="bbox 2116 1814 3697 1887">
     <span class='ocr_line' id='line_1_48' title="bbox 2116 1814 3697 1887; baseline 0 -19"><span class='ocrx_word' id='word_1_318' title='bbox 2116 1832 2282 1887; x_wconf 90' lang='grc' dir='ltr'>ματα.</span> <span class='ocrx_word' id='word_1_319' title='bbox 2316 1814 2553 1870; x_wconf 81' lang='grc' dir='ltr'>Ἔπειτα</span> <span class='ocrx_word' id='word_1_320' title='bbox 2579 1815 2633 1868; x_wconf 80' lang='grc' dir='ltr'>δὲ</span> <span class='ocrx_word' id='word_1_321' title='bbox 2656 1817 2706 1869; x_wconf 86' lang='grc' dir='ltr'>οἱ</span> <span class='ocrx_word' id='word_1_322' title='bbox 2753 1815 2964 1869; x_wconf 83' lang='grc' dir='ltr'>ἐκείνου</span> <span class='ocrx_word' id='word_1_323' title='bbox 3006 1814 3194 1879; x_wconf 82' lang='grc' dir='ltr'>παῖδες</span> <span class='ocrx_word' id='word_1_324' title='bbox 3235 1815 3585 1886; x_wconf 74' lang='grc' dir='ltr'>βεϐαιοτέραν</span> <span class='ocrx_word' id='word_1_325' title='bbox 3635 1817 3697 1868; x_wconf 81' lang='grc' dir='ltr'><strong>ἐν</strong></span> 
     </span>
    </p>
   </div>
   <div class='ocr_carea' id='block_1_49' title="bbox 2109 1906 3696 1980">
    <p class='ocr_par' dir='ltr' id='par_1_49' title="bbox 2109 1906 3696 1980">
     <span class='ocr_line' id='line_1_49' title="bbox 2109 1906 3696 1980; baseline -0.001 -17"><span class='ocrx_word' id='word_1_326' title='bbox 2109 1909 2294 1972; x_wconf 78' lang='grc' dir='ltr'>αὐτοῖς</span> <span class='ocrx_word' id='word_1_327' title='bbox 2317 1909 2417 1979; x_wconf 79' lang='grc' dir='ltr'>τὴν</span> <span class='ocrx_word' id='word_1_328' title='bbox 2456 1908 2607 1980; x_wconf 83' lang='grc' dir='ltr'><strong>παρά</strong></span> <span class='ocrx_word' id='word_1_329' title='bbox 2635 1906 2730 1961; x_wconf 80' lang='grc' dir='ltr'>τοῦ</span> <span class='ocrx_word' id='word_1_330' title='bbox 2775 1908 2982 1978; x_wconf 75' lang='grc' dir='ltr'>πατρὸς</span> <span class='ocrx_word' id='word_1_331' title='bbox 3021 1907 3396 1978; x_wconf 78' lang='grc' dir='ltr'>γεγενημένην</span> <span class='ocrx_word' id='word_1_332' title='bbox 3439 1908 3696 1962; x_wconf 80' lang='grc' dir='ltr'>διδασκαο</span> 
     </span>
    </p>
   </div>
   <div class='ocr_carea' id='block_1_50' title="bbox 2109 1999 3700 2072">
    <p class='ocr_par' dir='ltr' id='par_1_50' title="bbox 2109 1999 3700 2072">
     <span class='ocr_line' id='line_1_50' title="bbox 2109 1999 3700 2072; baseline 0 -18"><span class='ocrx_word' id='word_1_333' title='bbox 2109 2001 2230 2054; x_wconf 83' lang='grc' dir='ltr'>λίαν</span> <span class='ocrx_word' id='word_1_334' title='bbox 2281 2001 2623 2072; x_wconf 77' lang='grc' dir='ltr'>εἰργάσαντο.</span> <span class='ocrx_word' id='word_1_335' title='bbox 2685 2001 2746 2054; x_wconf 83' lang='grc' dir='ltr'>Εἰ</span> <span class='ocrx_word' id='word_1_336' title='bbox 2807 2001 2912 2071; x_wconf 72' lang='grc' dir='ltr'><strong>γὰρ</strong></span> <span class='ocrx_word' id='word_1_337' title='bbox 2976 2003 3069 2054; x_wconf 75' lang='grc' dir='ltr'><strong>καὶ</strong></span> <span class='ocrx_word' id='word_1_338' title='bbox 3121 2000 3214 2053; x_wconf 80' lang='grc' dir='ltr'>τοῦ</span> <span class='ocrx_word' id='word_1_339' title='bbox 3274 2000 3602 2070; x_wconf 73' lang='grc' dir='ltr'>ὁμοθυσίου</span> <span class='ocrx_word' id='word_1_340' title='bbox 3633 1999 3700 2054; x_wconf 80' lang='grc' dir='ltr'><strong>τδ</strong></span> 
     </span>
    </p>
   </div>
   <div class='ocr_carea' id='block_1_51' title="bbox 2111 2093 3700 2165">
    <p class='ocr_par' dir='ltr' id='par_1_51' title="bbox 2111 2093 3700 2165">
     <span class='ocr_line' id='line_1_51' title="bbox 2111 2093 3700 2165; baseline -0.001 -18"><span class='ocrx_word' id='word_1_341' title='bbox 2111 2095 2409 2165; x_wconf 82' lang='grc' dir='ltr'>πρόσρημα</span> <span class='ocrx_word' id='word_1_342' title='bbox 2465 2093 2816 2164; x_wconf 83' lang='grc' dir='ltr'>βουκοληθε“ις</span> <span class='ocrx_word' id='word_1_343' title='bbox 2849 2093 2954 2146; x_wconf 78' lang='grc' dir='ltr'><strong>ὑπὸ</strong></span> <span class='ocrx_word' id='word_1_344' title='bbox 3007 2093 3114 2146; x_wconf 89' lang='grc' dir='ltr'><strong>τῶν</strong></span> <span class='ocrx_word' id='word_1_345' title='bbox 3167 2093 3411 2161; x_wconf 77' lang='grc' dir='ltr'><strong>ἀγόντων</strong></span> <span class='ocrx_word' id='word_1_346' title='bbox 3453 2093 3615 2145; x_wconf 67' lang='grc' dir='ltr'>αὐτδν</span> <span class='ocrx_word' id='word_1_347' title='bbox 3666 2095 3700 2146; x_wconf 86' lang='lat'><strong>6</strong></span> 
     </span>
    </p>
   </div>
   <div class='ocr_carea' id='block_1_52' title="bbox 2108 2185 3702 2259">
    <p class='ocr_par' dir='ltr' id='par_1_52' title="bbox 2108 2185 3702 2259">
     <span class='ocr_line' id='line_1_52' title="bbox 2108 2185 3702 2259; baseline -0.002 -18"><span class='ocrx_word' id='word_1_348' title='bbox 2108 2187 2490 2250; x_wconf 82' lang='grc' dir='ltr'>Κωνστάντιος</span> <span class='ocrx_word' id='word_1_349' title='bbox 2536 2187 2596 2240; x_wconf 72' lang='grc' dir='ltr'><strong>οὐ</strong></span> <span class='ocrx_word' id='word_1_350' title='bbox 2633 2187 2908 2259; x_wconf 86' lang='grc' dir='ltr'>προσίετο,</span> <span class='ocrx_word' id='word_1_351' title='bbox 2937 2187 3035 2257; x_wconf 78' lang='grc' dir='ltr'>τὴν</span> <span class='ocrx_word' id='word_1_352' title='bbox 3063 2185 3196 2255; x_wconf 84' lang='grc' dir='ltr'>γοῦν</span> <span class='ocrx_word' id='word_1_353' title='bbox 3228 2186 3423 2239; x_wconf 80' lang='grc' dir='ltr'>τούτου</span> <span class='ocrx_word' id='word_1_354' title='bbox 3455 2187 3702 2240; x_wconf 84' lang='grc' dir='ltr'>διάνοιαν</span> 
     </span>
    </p>
   </div>
   <div class='ocr_carea' id='block_1_53' title="bbox 2107 2279 3700 2351">
    <p class='ocr_par' dir='ltr' id='par_1_53' title="bbox 2107 2279 3700 2351">
     <span class='ocr_line' id='line_1_53' title="bbox 2107 2279 3700 2351; baseline 0 -18"><span class='ocrx_word' id='word_1_355' title='bbox 2107 2280 2423 2350; x_wconf 77' lang='grc' dir='ltr'>ἀκραιφνῶς</span> <span class='ocrx_word' id='word_1_356' title='bbox 2475 2280 2766 2350; x_wconf 82' lang='grc' dir='ltr'>ὡμολόγει.</span> <span class='ocrx_word' id='word_1_357' title='bbox 2822 2280 3049 2350; x_wconf 73' lang='grc' dir='ltr'>ι’νὴσιον</span> <span class='ocrx_word' id='word_1_358' title='bbox 3096 2279 3206 2351; x_wconf 78' lang='grc' dir='ltr'>γὰρ</span> <span class='ocrx_word' id='word_1_359' title='bbox 3247 2279 3376 2333; x_wconf 75' lang='grc' dir='ltr'>Υἱδν</span> <span class='ocrx_word' id='word_1_360' title='bbox 3429 2280 3534 2350; x_wconf 74' lang='grc' dir='ltr'>πρὸ</span> <span class='ocrx_word' id='word_1_361' title='bbox 3587 2280 3700 2333; x_wconf 88' lang='grc' dir='ltr'><strong>τῶν</strong></span> 
     </span>
    </p>
   </div>
   <div class='ocr_carea' id='block_1_54' title="bbox 2106 2371 3704 2444">
    <p class='ocr_par' dir='ltr' id='par_1_54' title="bbox 2106 2371 3704 2444">
     <span class='ocr_line' id='line_1_54' title="bbox 2106 2371 3704 2444; baseline -0.003 -18"><span class='ocrx_word' id='word_1_362' title='bbox 2106 2372 2318 2427; x_wconf 84' lang='grc' dir='ltr'>αἰώνων</span> <span class='ocrx_word' id='word_1_363' title='bbox 2351 2375 2415 2428; x_wconf 81' lang='grc' dir='ltr'><strong>ἐκ</strong></span> <span class='ocrx_word' id='word_1_364' title='bbox 2456 2371 2550 2426; x_wconf 81' lang='grc' dir='ltr'>τοῦ</span> <span class='ocrx_word' id='word_1_365' title='bbox 2578 2373 2787 2444; x_wconf 76' lang='grc' dir='ltr'>[ἰατρὸς</span> <span class='ocrx_word' id='word_1_366' title='bbox 2827 2373 3225 2442; x_wconf 78' lang='grc' dir='ltr'>γεγεννημένον</span> <span class='ocrx_word' id='word_1_367' title='bbox 3255 2373 3343 2426; x_wconf 79' lang='grc' dir='ltr'><strong>τὸν</strong></span> <span class='ocrx_word' id='word_1_368' title='bbox 3365 2372 3496 2425; x_wconf 80' lang='grc' dir='ltr'>Θεὸν</span> <span class='ocrx_word' id='word_1_369' title='bbox 3524 2372 3704 2440; x_wconf 75' lang='grc' dir='ltr'>Λόγον</span> 
     </span>
    </p>
   </div>
   <div class='ocr_carea' id='block_1_55' title="bbox 2105 2463 3704 2538">
    <p class='ocr_par' dir='ltr' id='par_1_55' title="bbox 2105 2463 3704 2538">
     <span class='ocr_line' id='line_1_55' title="bbox 2105 2463 3704 2538; baseline -0.002 -19"><span class='ocrx_word' id='word_1_370' title='bbox 2105 2465 2377 2538; x_wconf 76' lang='grc' dir='ltr'>ὠνόμαζε,</span> <span class='ocrx_word' id='word_1_371' title='bbox 2411 2467 2507 2521; x_wconf 79' lang='grc' dir='ltr'>καὶ</span> <span class='ocrx_word' id='word_1_372' title='bbox 2557 2465 2685 2530; x_wconf 79' lang='grc' dir='ltr'>τοὺς</span> <span class='ocrx_word' id='word_1_373' title='bbox 2735 2466 2942 2536; x_wconf 84' lang='grc' dir='ltr'>κτίσμα</span> <span class='ocrx_word' id='word_1_374' title='bbox 2988 2465 3170 2534; x_wconf 84' lang='grc' dir='ltr'>λέγειν</span> <span class='ocrx_word' id='word_1_375' title='bbox 3203 2463 3516 2536; x_wconf 80' lang='grc' dir='ltr'>τολμῶντας</span> <span class='ocrx_word' id='word_1_376' title='bbox 3545 2465 3704 2518; x_wconf 84' lang='grc' dir='ltr'>ἄντι-</span> 
     </span>
    </p>
   </div>
   <div class='ocr_carea' id='block_1_56' title="bbox 2106 2557 3702 2631">
    <p class='ocr_par' dir='ltr' id='par_1_56' title="bbox 2106 2557 3702 2631">
     <span class='ocr_line' id='line_1_56' title="bbox 2106 2557 3702 2631; baseline -0.002 -18"><span class='ocrx_word' id='word_1_377' title='bbox 2106 2577 2240 2630; x_wconf 84' lang='grc' dir='ltr'>κρυς</span> <span class='ocrx_word' id='word_1_378' title='bbox 2297 2561 2661 2631; x_wconf 82' lang='grc' dir='ltr'>ἀπεκήρυττε·</span> <span class='ocrx_word' id='word_1_379' title='bbox 2712 2559 2810 2630; x_wconf 81' lang='grc' dir='ltr'><strong>τὴν</strong></span> <span class='ocrx_word' id='word_1_380' title='bbox 2859 2558 2915 2612; x_wconf 86' lang='grc' dir='ltr'><strong>δέ</strong></span> <span class='ocrx_word' id='word_1_381' title='bbox 2962 2559 3071 2612; x_wconf 85' lang='grc' dir='ltr'><strong>τῶν</strong></span> <span class='ocrx_word' id='word_1_382' title='bbox 3128 2557 3362 2612; x_wconf 80' lang='grc' dir='ltr'>εἰδώλων</span> <span class='ocrx_word' id='word_1_383' title='bbox 3421 2558 3702 2620; x_wconf 76' lang='grc' dir='ltr'>παντελῶς</span> 
     </span>
    </p>
   </div>
   <div class='ocr_carea' id='block_1_57' title="bbox 2105 2649 3704 2723">
    <p class='ocr_par' dir='ltr' id='par_1_57' title="bbox 2105 2649 3704 2723">
     <span class='ocr_line' id='line_1_57' title="bbox 2105 2649 3704 2723; baseline -0.003 -17"><span class='ocrx_word' id='word_1_384' title='bbox 2105 2654 2450 2723; x_wconf 81' lang='grc' dir='ltr'>ἀπηγόρευσε</span> <span class='ocrx_word' id='word_1_385' title='bbox 2494 2651 2817 2723; x_wconf 82' lang='grc' dir='ltr'>θεραπείαν.</span> <span class='ocrx_word' id='word_1_386' title='bbox 2880 2651 3023 2723; x_wconf 77' lang='grc' dir='ltr'>Ἐρῶ</span> <span class='ocrx_word' id='word_1_387' title='bbox 3068 2651 3125 2706; x_wconf 80' lang='grc' dir='ltr'>δὲ</span> <span class='ocrx_word' id='word_1_388' title='bbox 3179 2650 3342 2704; x_wconf 80' lang='grc' dir='ltr'>αὑτοῦ</span> <span class='ocrx_word' id='word_1_389' title='bbox 3375 2651 3467 2706; x_wconf 71' lang='grc' dir='ltr'>καὶ</span> <span class='ocrx_word' id='word_1_390' title='bbox 3510 2649 3704 2721; x_wconf 73' lang='grc' dir='ltr'>’ἑτερο-ι</span> 
     </span>
    </p>
   </div>
   <div class='ocr_carea' id='block_1_58' title="bbox 2103 2743 3704 2816">
    <p class='ocr_par' dir='ltr' id='par_1_58' title="bbox 2103 2743 3704 2816">
     <span class='ocr_line' id='line_1_58' title="bbox 2103 2743 3704 2816; baseline -0.002 -17"><span class='ocrx_word' id='word_1_391' title='bbox 2103 2744 2438 2810; x_wconf 77' lang='grc' dir='ltr'><strong>ἀξιέπαινον,</strong></span> <span class='ocrx_word' id='word_1_392' title='bbox 2475 2744 2658 2798; x_wconf 77' lang='grc' dir='ltr'>ἱκανὸν</span> <span class='ocrx_word' id='word_1_393' title='bbox 2715 2743 3097 2816; x_wconf 80' lang='grc' dir='ltr'>τεκμηριῶσαι</span> <span class='ocrx_word' id='word_1_394' title='bbox 3141 2744 3238 2813; x_wconf 77' lang='grc' dir='ltr'><strong>τὴν</strong></span> <span class='ocrx_word' id='word_1_395' title='bbox 3289 2745 3417 2816; x_wconf 74' lang='grc' dir='ltr'>περὶ</span> <span class='ocrx_word' id='word_1_396' title='bbox 3462 2745 3528 2796; x_wconf 74' lang='grc' dir='ltr'>τὰ</span> <span class='ocrx_word' id='word_1_397' title='bbox 3577 2743 3704 2796; x_wconf 72' lang='grc' dir='ltr'>θεῖα</span> 
     </span>
    </p>
   </div>
   <div class='ocr_carea' id='block_1_59' title="bbox 2107 2837 3704 2914">
    <p class='ocr_par' dir='ltr' id='par_1_59' title="bbox 2107 2837 3704 2914">
     <span class='ocr_line' id='line_1_59' title="bbox 2107 2837 3704 2914; baseline -0.004 -19"><span class='ocrx_word' id='word_1_398' title='bbox 2107 2840 2364 2913; x_wconf 79' lang='grc' dir='ltr'>σπουδήν.</span> <span class='ocrx_word' id='word_1_399' title='bbox 2427 2841 2515 2895; x_wconf 87' lang='grc' dir='ltr'>Ἐν</span> <span class='ocrx_word' id='word_1_400' title='bbox 2557 2841 2666 2912; x_wconf 83' lang='grc' dir='ltr'>γὰρ</span> <span class='ocrx_word' id='word_1_401' title='bbox 2695 2840 2762 2912; x_wconf 75' lang='grc' dir='ltr'>δὴ</span> <span class='ocrx_word' id='word_1_402' title='bbox 2789 2839 2868 2912; x_wconf 84' lang='grc' dir='ltr'>τῷ</span> <span class='ocrx_word' id='word_1_403' title='bbox 2908 2840 3046 2914; x_wconf 85' lang='grc' dir='ltr'>πρὸς</span> <span class='ocrx_word' id='word_1_404' title='bbox 3087 2841 3428 2910; x_wconf 85' lang='grc' dir='ltr'>Μαγνέντιον</span> <span class='ocrx_word' id='word_1_405' title='bbox 3473 2837 3704 2905; x_wconf 81' lang='grc' dir='ltr'>πολέμῳ</span> 
     </span>
    </p>
   </div>
   <div class='ocr_carea' id='block_1_60' title="bbox 2106 2932 3700 3008">
    <p class='ocr_par' dir='ltr' id='par_1_60' title="bbox 2106 2932 3700 3008">
     <span class='ocr_line' id='line_1_60' title="bbox 2106 2932 3700 3008; baseline -0.004 -17"><span class='ocrx_word' id='word_1_406' title='bbox 2106 2937 2327 2992; x_wconf 74' lang='grc' dir='ltr'>ἃπασαν</span> <span class='ocrx_word' id='word_1_407' title='bbox 2369 2936 2659 3001; x_wconf 84' lang='grc' dir='ltr'>συναλίσας</span> <span class='ocrx_word' id='word_1_408' title='bbox 2689 2937 2787 3008; x_wconf 72' lang='grc' dir='ltr'>τήν</span> <span class='ocrx_word' id='word_1_409' title='bbox 2818 2935 3102 3008; x_wconf 83' lang='grc' dir='ltr'>στρατιὰν,</span> <span class='ocrx_word' id='word_1_410' title='bbox 3149 2935 3477 3006; x_wconf 75' lang='grc' dir='ltr'>μεταλαχείν</span> <span class='ocrx_word' id='word_1_411' title='bbox 3520 2932 3700 2986; x_wconf 79' lang='grc' dir='ltr'>ἀπαν-</span> 
     </span>
    </p>
   </div>
   <div class='ocr_carea' id='block_1_61' title="bbox 2105 3026 3704 3101">
    <p class='ocr_par' dir='ltr' id='par_1_61' title="bbox 2105 3026 3704 3101">
     <span class='ocr_line' id='line_1_61' title="bbox 2105 3026 3704 3101; baseline -0.006 -17"><span class='ocrx_word' id='word_1_412' title='bbox 2105 3048 2205 3094; x_wconf 89' lang='grc' dir='ltr'><strong>τας</strong></span> <span class='ocrx_word' id='word_1_413' title='bbox 2237 3031 2345 3084; x_wconf 86' lang='grc' dir='ltr'><strong>τῶν</strong></span> <span class='ocrx_word' id='word_1_414' title='bbox 2392 3031 2555 3085; x_wconf 80' lang='grc' dir='ltr'>θείων</span> <span class='ocrx_word' id='word_1_415' title='bbox 2609 3030 2999 3085; x_wconf 80' lang='grc' dir='ltr'>συνεϐούλευσε</span> <span class='ocrx_word' id='word_1_416' title='bbox 3059 3031 3396 3101; x_wconf 81' lang='grc' dir='ltr'>μυστηρίων,</span> <span class='ocrx_word' id='word_1_417' title='bbox 3449 3027 3537 3082; x_wconf 73' lang='grc' dir='ltr'>ἀεὶ</span> <span class='ocrx_word' id='word_1_418' title='bbox 3598 3026 3704 3094; x_wconf 79' lang='grc' dir='ltr'>μὲν</span> 
     </span>
    </p>
   </div>
   <div class='ocr_carea' id='block_1_62' title="bbox 423 3109 2005 3195">
    <p class='ocr_par' dir='ltr' id='par_1_62' title="bbox 423 3109 2005 3194">
     <span class='ocr_line' id='line_1_62' title="bbox 423 3109 2005 3194; baseline 0.012 -31"><span class='ocrx_word' id='word_1_419' title='bbox 423 3109 580 3180; x_wconf 84' lang='lat' dir='ltr'><strong>Quod</strong></span> <span class='ocrx_word' id='word_1_420' title='bbox 611 3115 657 3169; x_wconf 85' lang='lat' dir='ltr'><strong>si</strong></span> <span class='ocrx_word' id='word_1_421' title='bbox 685 3117 811 3185; x_wconf 85' lang='lat' dir='ltr'><strong>quis</strong></span> <span class='ocrx_word' id='word_1_422' title='bbox 841 3127 1046 3175; x_wconf 87' lang='lat' dir='ltr'><strong>vestem</strong></span> <span class='ocrx_word' id='word_1_423' title='bbox 1081 3120 1226 3177; x_wconf 91' lang='lat' dir='ltr'><strong>hanc</strong></span> <span class='ocrx_word' id='word_1_424' title='bbox 1282 3138 1430 3179; x_wconf 88' lang='lat' dir='ltr'><strong>nunc</strong></span> <span class='ocrx_word' id='word_1_425' title='bbox 1467 3124 1648 3180; x_wconf 80' lang='lat' dir='ltr'><strong>dilTert</strong></span> <span class='ocrx_word' id='word_1_426' title='bbox 1701 3141 2005 3194; x_wconf 87' lang='lat' dir='ltr'><strong>assumere,</strong></span> 
     </span>
    </p>
   </div>
   <div class='ocr_carea' id='block_1_63' title="bbox 2110 3109 3698 3195">
    <p class='ocr_par' dir='ltr' id='par_1_63' title="bbox 2110 3117 3698 3195">
     <span class='ocr_line' id='line_1_63' title="bbox 2110 3117 3698 3195; baseline -0.008 -15"><span class='ocrx_word' id='word_1_427' title='bbox 2110 3123 2304 3195; x_wconf 76' lang='grc' dir='ltr'>ἄδηλον</span> <span class='ocrx_word' id='word_1_428' title='bbox 2333 3117 2475 3178; x_wconf 79' lang='grc' dir='ltr'>εἶναι</span> <span class='ocrx_word' id='word_1_429' title='bbox 2518 3124 2694 3192; x_wconf 88' lang='grc' dir='ltr'>λέγων</span> <span class='ocrx_word' id='word_1_430' title='bbox 2723 3121 2816 3177; x_wconf 78' lang='grc' dir='ltr'>τοῦ</span> <span class='ocrx_word' id='word_1_431' title='bbox 2849 3122 2965 3193; x_wconf 71' lang='grc' dir='ltr'>βίου</span> <span class='ocrx_word' id='word_1_432' title='bbox 2992 3123 3053 3177; x_wconf 81' lang='lat'><em>16</em></span> <span class='ocrx_word' id='word_1_433' title='bbox 3087 3123 3260 3188; x_wconf 87' lang='grc' dir='ltr'>τέλος,</span> <span class='ocrx_word' id='word_1_434' title='bbox 3284 3123 3383 3192; x_wconf 78' lang='grc' dir='ltr'><strong>οὐχ</strong></span> <span class='ocrx_word' id='word_1_435' title='bbox 3409 3123 3608 3191; x_wconf 77' lang='grc' dir='ltr'>ἥκιστα</span> <span class='ocrx_word' id='word_1_436' title='bbox 3636 3117 3698 3169; x_wconf 76' lang='grc' dir='ltr'>δὲ</span> 
     </span>
    </p>
   </div>
   <div class='ocr_carea' id='block_1_64' title="bbox 427 3204 2005 3287">
    <p class='ocr_par' dir='ltr' id='par_1_64' title="bbox 427 3204 2005 3287">
     <span class='ocr_line' id='line_1_64' title="bbox 427 3204 2005 3287; baseline 0.01 -29"><span class='ocrx_word' id='word_1_437' title='bbox 427 3204 557 3260; x_wconf 88' lang='lat' dir='ltr'><strong>hinc</strong></span> <span class='ocrx_word' id='word_1_438' title='bbox 591 3207 850 3264; x_wconf 83' lang='lat' dir='ltr'><strong>recedens</strong></span> <span class='ocrx_word' id='word_1_439' title='bbox 881 3210 1102 3266; x_wconf 90' lang='lat' dir='ltr'><strong>domum</strong></span> <span class='ocrx_word' id='word_1_440' title='bbox 1120 3213 1302 3280; x_wconf 87' lang='lat' dir='ltr'><strong>abeat,</strong></span> <span class='ocrx_word' id='word_1_441' title='bbox 1329 3215 1540 3287; x_wconf 84' lang='lat' dir='ltr'><strong>inquit:</strong></span> <span class='ocrx_word' id='word_1_442' title='bbox 1569 3217 1870 3274; x_wconf 87' lang='lat' dir='ltr'><strong>mihienim</strong></span> <span class='ocrx_word' id='word_1_443' title='bbox 1897 3233 2005 3274; x_wconf 93' lang='lat' dir='ltr'><strong>non</strong></span> 
     </span>
    </p>
   </div>
   <div class='ocr_carea' id='block_1_65' title="bbox 431 3296 1463 3377">
    <p class='ocr_par' dir='ltr' id='par_1_65' title="bbox 431 3296 1463 3377">
     <span class='ocr_line' id='line_1_65' title="bbox 431 3296 1463 3377; baseline 0.016 -30"><span class='ocrx_word' id='word_1_444' title='bbox 431 3296 660 3353; x_wconf 87' lang='lat' dir='ltr'><strong>initiatis</strong></span> <span class='ocrx_word' id='word_1_445' title='bbox 692 3299 814 3354; x_wconf 90' lang='lat' dir='ltr'><strong>belli</strong></span> <span class='ocrx_word' id='word_1_446' title='bbox 853 3303 1021 3360; x_wconf 82' lang='lat' dir='ltr'><strong>sociis</strong></span> <span class='ocrx_word' id='word_1_447' title='bbox 1056 3306 1132 3360; x_wconf 89' lang='lat' dir='ltr'><strong>uti</strong></span> <span class='ocrx_word' id='word_1_448' title='bbox 1162 3322 1268 3360; x_wconf 92' lang='lat' dir='ltr'><strong>non</strong></span> <span class='ocrx_word' id='word_1_449' title='bbox 1309 3308 1463 3377; x_wconf 89' lang='lat' dir='ltr'><strong>place</strong></span> 
     </span>
    </p>
   </div>
   <div class='ocr_carea' id='block_1_66' title="bbox 2114 3211 3701 3286">
    <p class='ocr_par' dir='ltr' id='par_1_66' title="bbox 2114 3211 3701 3286">
     <span class='ocr_line' id='line_1_66' title="bbox 2114 3211 3701 3286; baseline -0.006 -17"><span class='ocrx_word' id='word_1_450' title='bbox 2114 3220 2172 3270; x_wconf 81' lang='grc' dir='ltr'><strong>ἐν</strong></span> <span class='ocrx_word' id='word_1_451' title='bbox 2231 3214 2473 3286; x_wconf 83' lang='grc' dir='ltr'>πολέμῳ,</span> <span class='ocrx_word' id='word_1_452' title='bbox 2528 3215 2741 3286; x_wconf 85' lang='grc' dir='ltr'>μυρίων</span> <span class='ocrx_word' id='word_1_453' title='bbox 2822 3213 3165 3285; x_wconf 79' lang='grc' dir='ltr'>ἑκατέρωθεν</span> <span class='ocrx_word' id='word_1_454' title='bbox 3239 3212 3554 3282; x_wconf 75' lang='grc' dir='ltr'>ἀφιεμένων</span> <span class='ocrx_word' id='word_1_455' title='bbox 3605 3211 3701 3261; x_wconf 68' lang='grc' dir='ltr'><strong>καὶ</strong></span> 
     </span>
    </p>
   </div>
   <div class='ocr_carea' id='block_1_67' title="bbox 2110 3302 3700 3379">
    <p class='ocr_par' dir='ltr' id='par_1_67' title="bbox 2110 3302 3700 3379">
     <span class='ocr_line' id='line_1_67' title="bbox 2110 3302 3700 3379; baseline -0.006 -18"><span class='ocrx_word' id='word_1_456' title='bbox 2110 3307 2302 3379; x_wconf 81' lang='grc' dir='ltr'>βελῶν,</span> <span class='ocrx_word' id='word_1_457' title='bbox 2331 3309 2424 3362; x_wconf 74' lang='grc' dir='ltr'>καὶ</span> <span class='ocrx_word' id='word_1_458' title='bbox 2458 3306 2668 3361; x_wconf 88' lang='grc' dir='ltr'>πελτῶν</span> <span class='ocrx_word' id='word_1_459' title='bbox 2705 3306 2773 3371; x_wconf 70' lang='grc'><strong>⁸⁸,</strong></span> <span class='ocrx_word' id='word_1_460' title='bbox 2808 3308 2902 3361; x_wconf 71' lang='grc' dir='ltr'>καὶ</span> <span class='ocrx_word' id='word_1_461' title='bbox 2943 3307 3206 3377; x_wconf 79' lang='grc' dir='ltr'>δοράτων,</span> <span class='ocrx_word' id='word_1_462' title='bbox 3245 3307 3338 3359; x_wconf 73' lang='grc' dir='ltr'><strong>καὶ</strong></span> <span class='ocrx_word' id='word_1_463' title='bbox 3377 3306 3477 3376; x_wconf 72' lang='grc' dir='ltr'><strong>μὲν</strong></span> <span class='ocrx_word' id='word_1_464' title='bbox 3503 3304 3568 3370; x_wconf 81' lang='grc' dir='ltr'>δὴ</span> <span class='ocrx_word' id='word_1_465' title='bbox 3604 3302 3700 3354; x_wconf 73' lang='grc' dir='ltr'><strong>καὶ</strong></span> 
     </span>
    </p>
   </div>
   <div class='ocr_carea' id='block_1_68' title="bbox 424 3389 3693 3471">
    <p class='ocr_par' dir='ltr' id='par_1_68' title="bbox 424 3389 3693 3471">
     <span class='ocr_line' id='line_1_68' title="bbox 424 3389 3693 3471; baseline 0.002 -29"><span class='ocrx_word' id='word_1_466' title='bbox 424 3389 616 3459; x_wconf 76' lang='grc' dir='ltr'>ξιφῶν,</span> <span class='ocrx_word' id='word_1_467' title='bbox 671 3395 763 3448; x_wconf 75' lang='grc' dir='ltr'><strong>καὶ</strong></span> <span class='ocrx_word' id='word_1_468' title='bbox 804 3396 1039 3450; x_wconf 83' lang='grc' dir='ltr'>κοπίδων</span> <span class='ocrx_word' id='word_1_469' title='bbox 1069 3399 1500 3471; x_wconf 79' lang='grc' dir='ltr'>ἐπιφερομένων,</span> <span class='ocrx_word' id='word_1_470' title='bbox 1550 3402 1776 3454; x_wconf 79' lang='grc' dir='ltr'>καὶτῶν</span> <span class='ocrx_word' id='word_1_471' title='bbox 1839 3401 2014 3456; x_wconf 86' lang='grc' dir='ltr'>ἀλλων</span> <span class='ocrx_word' id='word_1_472' title='bbox 2055 3401 2322 3469; x_wconf 79' lang='grc' dir='ltr'>ὁργάνων,</span> <span class='ocrx_word' id='word_1_473' title='bbox 2376 3399 2443 3452; x_wconf 87' lang='grc' dir='ltr'>δι’</span> <span class='ocrx_word' id='word_1_474' title='bbox 2483 3392 2558 3452; x_wconf 83' lang='grc' dir='ltr'>ὧν</span> <span class='ocrx_word' id='word_1_475' title='bbox 2618 3401 2647 3452; x_wconf 92' lang='lat'><strong>6</strong></span> <span class='ocrx_word' id='word_1_476' title='bbox 2692 3398 2864 3468; x_wconf 82' lang='grc' dir='ltr'>βίαιος</span> <span class='ocrx_word' id='word_1_477' title='bbox 2893 3399 3155 3466; x_wconf 76' lang='grc' dir='ltr'>ἐπάγεται</span> <span class='ocrx_word' id='word_1_478' title='bbox 3212 3397 3466 3460; x_wconf 74' lang='grc' dir='ltr'>θάνατος.</span> <span class='ocrx_word' id='word_1_479' title='bbox 3503 3391 3578 3449; x_wconf 70' lang='grc' dir='ltr'><strong>υἷι</strong></span> <span class='ocrx_word' id='word_1_480' title='bbox 3625 3394 3693 3460; x_wconf 69' lang='grc' dir='ltr'>δὴ</span> 
     </span>
    </p>
   </div>
   <div class='ocr_carea' id='block_1_69' title="bbox 422 3484 3697 3565">
    <p class='ocr_par' dir='ltr' id='par_1_69' title="bbox 422 3484 3697 3565">
     <span class='ocr_line' id='line_1_69' title="bbox 422 3484 3697 3565; baseline 0.001 -28"><span class='ocrx_word' id='word_1_481' title='bbox 422 3484 584 3540; x_wconf 67' lang='grc' dir='ltr'>ἕνεκα</span> <span class='ocrx_word' id='word_1_482' title='bbox 635 3487 739 3560; x_wconf 79' lang='grc' dir='ltr'><strong>χρὴ</strong></span> <span class='ocrx_word' id='word_1_483' title='bbox 784 3489 1011 3545; x_wconf 72' lang='grc' dir='ltr'>ἕκαστον</span> <span class='ocrx_word' id='word_1_484' title='bbox 1070 3493 1168 3564; x_wconf 74' lang='grc' dir='ltr'>τὴν</span> <span class='ocrx_word' id='word_1_485' title='bbox 1206 3494 1521 3564; x_wconf 78' lang='grc' dir='ltr'>ἀξιόκτητον</span> <span class='ocrx_word' id='word_1_486' title='bbox 1572 3495 1786 3565; x_wconf 86' lang='grc' dir='ltr'>ἐκείνην</span> <span class='ocrx_word' id='word_1_487' title='bbox 1825 3494 1967 3565; x_wconf 78' lang='grc' dir='ltr'>ἔχειν</span> <span class='ocrx_word' id='word_1_488' title='bbox 1999 3492 2212 3565; x_wconf 80' lang='grc' dir='ltr'>στολὴν,</span> <span class='ocrx_word' id='word_1_489' title='bbox 2245 3487 2310 3562; x_wconf 72' lang='grc' dir='ltr'>ἧς</span> <span class='ocrx_word' id='word_1_490' title='bbox 2352 3491 2430 3544; x_wconf 77' lang='grc' dir='ltr'><strong>ὅτι</strong></span> <span class='ocrx_word' id='word_1_491' title='bbox 2508 3491 2740 3561; x_wconf 86' lang='grc' dir='ltr'>μάλιστα</span> <span class='ocrx_word' id='word_1_492' title='bbox 2804 3493 2861 3544; x_wconf 86' lang='grc' dir='ltr'><strong>ἐν</strong></span> <span class='ocrx_word' id='word_1_493' title='bbox 2897 3492 3088 3561; x_wconf 82' lang='grc' dir='ltr'>ἐκείνῳ</span> <span class='ocrx_word' id='word_1_494' title='bbox 3105 3490 3182 3562; x_wconf 82' lang='grc' dir='ltr'><strong>τῷ</strong></span> <span class='ocrx_word' id='word_1_495' title='bbox 3218 3491 3319 3561; x_wconf 80' lang='grc' dir='ltr'><strong>βίῳ</strong></span> <span class='ocrx_word' id='word_1_496' title='bbox 3339 3489 3590 3559; x_wconf 76' lang='grc' dir='ltr'>δεόμεθα.</span> <span class='ocrx_word' id='word_1_497' title='bbox 3633 3487 3697 3540; x_wconf 78' lang='grc' dir='ltr'>ΕΞ</span> 
     </span>
    </p>
   </div>
   <div class='ocr_carea' id='block_1_70' title="bbox 425 3579 3696 3657">
    <p class='ocr_par' dir='ltr' id='par_1_70' title="bbox 425 3579 3696 3657">
     <span class='ocr_line' id='line_1_70' title="bbox 425 3579 3696 3657; baseline -0 -24"><span class='ocrx_word' id='word_1_498' title='bbox 425 3579 484 3634; x_wconf 80' lang='grc' dir='ltr'><strong>ιι</strong></span> <span class='ocrx_word' id='word_1_499' title='bbox 541 3597 624 3646; x_wconf 89' lang='grc' dir='ltr'><strong>τις</strong></span> <span class='ocrx_word' id='word_1_500' title='bbox 666 3583 823 3654; x_wconf 87' lang='grc' dir='ltr'>τήνδε</span> <span class='ocrx_word' id='word_1_501' title='bbox 877 3583 1060 3639; x_wconf 78' lang='grc' dir='ltr'>λαῦεῖν</span> <span class='ocrx_word' id='word_1_502' title='bbox 1117 3586 1215 3656; x_wconf 78' lang='grc' dir='ltr'><strong>τὴν</strong></span> <span class='ocrx_word' id='word_1_503' title='bbox 1269 3587 1585 3657; x_wconf 75' lang='grc' dir='ltr'>ἀμπεχόνην</span> <span class='ocrx_word' id='word_1_504' title='bbox 1640 3586 2016 3652; x_wconf 75' lang='grc' dir='ltr'>ἀναϐάλλεται,</span> <span class='ocrx_word' id='word_1_505' title='bbox 2061 3585 2154 3640; x_wconf 84' lang='grc' dir='ltr'>νῦν</span> <span class='ocrx_word' id='word_1_506' title='bbox 2209 3583 2456 3638; x_wconf 80' lang='grc' dir='ltr'>ἐντεῦθεν</span> <span class='ocrx_word' id='word_1_507' title='bbox 2500 3583 2718 3653; x_wconf 82' lang='grc' dir='ltr'>ἀπάρας</span> <span class='ocrx_word' id='word_1_508' title='bbox 2776 3583 2958 3638; x_wconf 83' lang='grc' dir='ltr'>οίκαδε</span> <span class='ocrx_word' id='word_1_509' title='bbox 3003 3583 3219 3637; x_wconf 85' lang='grc' dir='ltr'>ἀπίτω·</span> <span class='ocrx_word' id='word_1_510' title='bbox 3267 3583 3540 3652; x_wconf 81' lang='grc' dir='ltr'>ἀμυήτοις</span> <span class='ocrx_word' id='word_1_511' title='bbox 3589 3579 3696 3651; x_wconf 73' lang='grc' dir='ltr'>γὰρ</span> 
     </span>
    </p>
   </div>
   <div class='ocr_carea' id='block_1_71' title="bbox 427 3674 1281 3746">
    <p class='ocr_par' dir='ltr' id='par_1_71' title="bbox 427 3674 1281 3746">
     <span class='ocr_line' id='line_1_71' title="bbox 427 3674 1281 3746; baseline 0.004 -19"><span class='ocrx_word' id='word_1_512' title='bbox 427 3674 796 3744; x_wconf 80' lang='grc' dir='ltr'>συμπολεμεῖν</span> <span class='ocrx_word' id='word_1_513' title='bbox 841 3676 940 3728; x_wconf 77' lang='grc' dir='ltr'>οὐκ</span> <span class='ocrx_word' id='word_1_514' title='bbox 997 3677 1281 3746; x_wconf 79' lang='grc' dir='ltr'>ἀνέξομαι.</span> 
     </span>
    </p>
   </div>
   <div class='ocr_carea' id='block_1_72' title="bbox 660 3765 1754 3841">
    <p class='ocr_par' dir='ltr' id='par_1_72' title="bbox 660 3765 1754 3841">
     <span class='ocr_line' id='line_1_72' title="bbox 660 3765 1754 3841; baseline 0 -18"><span class='ocrx_word' id='word_1_515' title='bbox 660 3765 824 3835; x_wconf 85' lang='lat'><strong>915</strong></span> <span class='ocrx_word' id='word_1_516' title='bbox 865 3766 1060 3821; x_wconf 72' lang='grc' dir='ltr'>οεΑρ.</span> <span class='ocrx_word' id='word_1_517' title='bbox 1103 3767 1166 3822; x_wconf 89' lang='grc' dir='ltr'><strong>ιι.</strong></span> <span class='ocrx_word' id='word_1_518' title='bbox 1213 3767 1295 3838; x_wconf 75' lang='grc' dir='ltr'><strong>[Β.</strong></span> <span class='ocrx_word' id='word_1_519' title='bbox 1325 3767 1404 3821; x_wconf 83' lang='lat' dir='ltr'><strong>St.</strong></span> <span class='ocrx_word' id='word_1_520' title='bbox 1435 3769 1537 3824; x_wconf 73' lang='lat' dir='ltr'><strong>cn.</strong></span> <span class='ocrx_word' id='word_1_521' title='bbox 1580 3769 1638 3824; x_wconf 90' lang='lat' dir='ltr'><strong>v.</strong></span> <span class='ocrx_word' id='word_1_522' title='bbox 1675 3769 1754 3841; x_wconf 66' lang='grc'><strong>4.]</strong></span> 
     </span>
    </p>
   </div>
   <div class='ocr_carea' id='block_1_73' title="bbox 498 3853 1929 3927">
    <p class='ocr_par' dir='ltr' id='par_1_73' title="bbox 498 3853 1929 3927">
     <span class='ocr_line' id='line_1_73' title="bbox 498 3853 1929 3927; baseline 0.006 -19"><span class='ocrx_word' id='word_1_523' title='bbox 498 3853 575 3908; x_wconf 80' lang='lat' dir='ltr'><strong>De</strong></span> <span class='ocrx_word' id='word_1_524' title='bbox 614 3855 787 3910; x_wconf 75' lang='lat' dir='ltr'><strong>reditu</strong></span> <span class='ocrx_word' id='word_1_525' title='bbox 824 3859 1204 3927; x_wconf 74' lang='lat' dir='ltr'><strong>episcoporum,</strong></span> <span class='ocrx_word' id='word_1_526' title='bbox 1237 3871 1286 3915; x_wconf 85' lang='lat' dir='ltr'><strong>et</strong></span> <span class='ocrx_word' id='word_1_527' title='bbox 1321 3863 1657 3917; x_wconf 82' lang='lat' dir='ltr'><strong>ordinatione</strong></span> <span class='ocrx_word' id='word_1_528' title='bbox 1693 3862 1929 3918; x_wconf 74' lang='lat' dir='ltr'><strong>Paulini.</strong></span> 
     </span>
    </p>
   </div>
   <div class='ocr_carea' id='block_1_74' title="bbox 499 4024 2001 4105">
    <p class='ocr_par' dir='ltr' id='par_1_74' title="bbox 499 4024 2001 4105">
     <span class='ocr_line' id='line_1_74' title="bbox 499 4024 2001 4105; baseline 0.004 -23"><span class='ocrx_word' id='word_1_529' title='bbox 499 4027 624 4084; x_wconf 72' lang='lat' dir='ltr'><strong>llaec</strong></span> <span class='ocrx_word' id='word_1_530' title='bbox 654 4024 875 4086; x_wconf 76' lang='lat' dir='ltr'><strong>Iuliano</strong></span> <span class='ocrx_word' id='word_1_531' title='bbox 919 4041 1201 4102; x_wconf 89' lang='lat' dir='ltr'><strong>comperta</strong></span> <span class='ocrx_word' id='word_1_532' title='bbox 1251 4048 1376 4088; x_wconf 92' lang='lat' dir='ltr'><strong>cum</strong></span> <span class='ocrx_word' id='word_1_533' title='bbox 1419 4045 1623 4099; x_wconf 83' lang='lat' dir='ltr'><strong>essent,</strong></span> <span class='ocrx_word' id='word_1_534' title='bbox 1662 4035 2001 4105; x_wconf 82' lang='lat' dir='ltr'><strong>impietatem</strong></span> 
     </span>
    </p>
   </div>
   <div class='ocr_carea' id='block_1_75' title="bbox 425 4121 2004 4195">
    <p class='ocr_par' dir='ltr' id='par_1_75' title="bbox 425 4121 2004 4195">
     <span class='ocr_line' id='line_1_75' title="bbox 425 4121 2004 4195; baseline 0.003 -20"><span class='ocrx_word' id='word_1_535' title='bbox 425 4121 596 4176; x_wconf 86' lang='lat' dir='ltr'><strong>animi</strong></span> <span class='ocrx_word' id='word_1_536' title='bbox 639 4121 724 4178; x_wconf 89' lang='lat' dir='ltr'><strong>sui</strong></span> <span class='ocrx_word' id='word_1_537' title='bbox 758 4138 864 4177; x_wconf 88' lang='lat' dir='ltr'><strong>nou</strong></span> <span class='ocrx_word' id='word_1_538' title='bbox 905 4123 1191 4194; x_wconf 87' lang='lat' dir='ltr'><strong>prodebat.</strong></span> <span class='ocrx_word' id='word_1_539' title='bbox 1217 4124 1470 4179; x_wconf 83' lang='lat' dir='ltr'><strong>Omnium</strong></span> <span class='ocrx_word' id='word_1_540' title='bbox 1508 4135 1692 4180; x_wconf 90' lang='lat' dir='ltr'><strong>autem</strong></span> <span class='ocrx_word' id='word_1_541' title='bbox 1738 4133 2004 4195; x_wconf 84' lang='lat' dir='ltr'><strong>appetens</strong></span> 
     </span>
    </p>
   </div>
   <div class='ocr_carea' id='block_1_76' title="bbox 427 4213 2002 4288">
    <p class='ocr_par' dir='ltr' id='par_1_76' title="bbox 427 4213 2002 4288">
     <span class='ocr_line' id='line_1_76' title="bbox 427 4213 2002 4288; baseline 0 -18"><span class='ocrx_word' id='word_1_542' title='bbox 427 4213 888 4280; x_wconf 85' lang='lat' dir='ltr'><strong>benevolentiam,</strong></span> <span class='ocrx_word' id='word_1_543' title='bbox 918 4215 1211 4287; x_wconf 87' lang='lat' dir='ltr'><strong>episcopos</strong></span> <span class='ocrx_word' id='word_1_544' title='bbox 1250 4216 1513 4273; x_wconf 85' lang='lat' dir='ltr'><strong>Ecclesiis</strong></span> <span class='ocrx_word' id='word_1_545' title='bbox 1561 4217 1768 4288; x_wconf 88' lang='lat' dir='ltr'><strong>ejectos</strong></span> <span class='ocrx_word' id='word_1_546' title='bbox 1793 4235 1820 4272; x_wconf 90' lang='lat' dir='ltr'><strong>a</strong></span> <span class='ocrx_word' id='word_1_547' title='bbox 1857 4216 2002 4273; x_wconf 88' lang='lat' dir='ltr'><strong>Cou-</strong></span> 
     </span>
    </p>
   </div>
   <div class='ocr_carea' id='block_1_77' title="bbox 425 4307 2005 4378">
    <p class='ocr_par' dir='ltr' id='par_1_77' title="bbox 425 4307 2005 4378">
     <span class='ocr_line' id='line_1_77' title="bbox 425 4307 2005 4378; baseline 0.004 -18"><span class='ocrx_word' id='word_1_548' title='bbox 425 4307 654 4372; x_wconf 85' lang='lat' dir='ltr'><strong>stantio,</strong></span> <span class='ocrx_word' id='word_1_549' title='bbox 703 4307 916 4364; x_wconf 89' lang='lat' dir='ltr'><strong>ultimis</strong></span> <span class='ocrx_word' id='word_1_550' title='bbox 952 4308 1008 4363; x_wconf 89' lang='lat' dir='ltr'><strong>in</strong></span> <span class='ocrx_word' id='word_1_551' title='bbox 1059 4310 1175 4364; x_wconf 73' lang='lat' dir='ltr'><strong>otis</strong></span> <span class='ocrx_word' id='word_1_552' title='bbox 1220 4309 1552 4378; x_wconf 86' lang='lat' dir='ltr'><strong>habitantes,</strong></span> <span class='ocrx_word' id='word_1_553' title='bbox 1613 4311 1680 4366; x_wconf 86' lang='lat' dir='ltr'><strong>ad</strong></span> <span class='ocrx_word' id='word_1_554' title='bbox 1729 4310 2005 4366; x_wconf 81' lang='lat' dir='ltr'><strong>Ecelesias</strong></span> 
     </span>
    </p>
   </div>
   <div class='ocr_carea' id='block_1_78' title="bbox 424 4398 2004 4473">
    <p class='ocr_par' dir='ltr' id='par_1_78' title="bbox 424 4398 2004 4473">
     <span class='ocr_line' id='line_1_78' title="bbox 424 4398 2004 4473; baseline 0.003 -22"><span class='ocrx_word' id='word_1_555' title='bbox 424 4411 556 4453; x_wconf 77' lang='lat' dir='ltr'><strong>suas</strong></span> <span class='ocrx_word' id='word_1_556' title='bbox 578 4398 792 4467; x_wconf 80' lang='lat' dir='ltr'><strong>regredi</strong></span> <span class='ocrx_word' id='word_1_557' title='bbox 810 4399 1002 4468; x_wconf 87' lang='lat' dir='ltr'><strong>jussit.</strong></span> <span class='ocrx_word' id='word_1_558' title='bbox 1028 4399 1146 4466; x_wconf 89' lang='lat' dir='ltr'><strong>Qua</strong></span> <span class='ocrx_word' id='word_1_559' title='bbox 1179 4402 1296 4473; x_wconf 90' lang='lat' dir='ltr'><strong>lege</strong></span> <span class='ocrx_word' id='word_1_560' title='bbox 1323 4403 1625 4473; x_wconf 90' lang='lat' dir='ltr'><strong>proposita,</strong></span> <span class='ocrx_word' id='word_1_561' title='bbox 1653 4403 2004 4458; x_wconf 81' lang='lat' dir='ltr'><strong>Antiochiam</strong></span> 
     </span>
    </p>
   </div>
   <div class='ocr_carea' id='block_1_79' title="bbox 423 4498 2006 4563">
    <p class='ocr_par' dir='ltr' id='par_1_79' title="bbox 423 4498 2006 4563">
     <span class='ocr_line' id='line_1_79' title="bbox 423 4498 2006 4563; baseline 0.001 -9"><span class='ocrx_word' id='word_1_562' title='bbox 423 4498 652 4554; x_wconf 88' lang='lat' dir='ltr'><strong>divinus</strong></span> <span class='ocrx_word' id='word_1_563' title='bbox 683 4498 954 4563; x_wconf 68' lang='lat' dir='ltr'><strong>Melctius.</strong></span> <span class='ocrx_word' id='word_1_564' title='bbox 989 4502 1375 4558; x_wconf 79' lang='lat' dir='ltr'><strong>Alexandriam</strong></span> <span class='ocrx_word' id='word_1_565' title='bbox 1412 4505 1808 4559; x_wconf 80' lang='lat' dir='ltr'><strong>celeberrimus</strong></span> <span class='ocrx_word' id='word_1_566' title='bbox 1836 4503 2006 4556; x_wconf 80' lang='lat' dir='ltr'><strong>Atha-</strong></span> 
     </span>
    </p>
   </div>
   <div class='ocr_carea' id='block_1_80' title="bbox 427 4591 2004 4660">
    <p class='ocr_par' dir='ltr' id='par_1_80' title="bbox 427 4591 2004 4660">
     <span class='ocr_line' id='line_1_80' title="bbox 427 4591 2004 4660; baseline 0.003 -14"><span class='ocrx_word' id='word_1_567' title='bbox 427 4591 644 4657; x_wconf 86' lang='lat' dir='ltr'><strong>nasius,</strong></span> <span class='ocrx_word' id='word_1_568' title='bbox 671 4594 905 4650; x_wconf 89' lang='lat' dir='ltr'><strong>rediere.</strong></span> <span class='ocrx_word' id='word_1_569' title='bbox 934 4593 1206 4652; x_wconf 85' lang='lat' dir='ltr'><strong>Eusebius</strong></span> <span class='ocrx_word' id='word_1_570' title='bbox 1239 4612 1369 4652; x_wconf 89' lang='lat' dir='ltr'><strong>vero</strong></span> <span class='ocrx_word' id='word_1_571' title='bbox 1387 4606 1442 4652; x_wconf 89' lang='lat' dir='ltr'><strong>et</strong></span> <span class='ocrx_word' id='word_1_572' title='bbox 1464 4596 1709 4652; x_wconf 85' lang='lat' dir='ltr'><strong>Hilarius</strong></span> <span class='ocrx_word' id='word_1_573' title='bbox 1741 4598 1808 4652; x_wconf 86' lang='lat' dir='ltr'><strong>ab</strong></span> <span class='ocrx_word' id='word_1_574' title='bbox 1827 4599 2004 4660; x_wconf 88' lang='lat' dir='ltr'><strong>Italia,</strong></span> 
     </span>
    </p>
   </div>
   <div class='ocr_carea' id='block_1_81' title="bbox 2705 3765 3085 3818">
    <p class='ocr_par' dir='ltr' id='par_1_81' title="bbox 2705 3765 3085 3818">
     <span class='ocr_line' id='line_1_81' title="bbox 2705 3765 3085 3818; baseline 0.003 -1"><span class='ocrx_word' id='word_1_575' title='bbox 2705 3767 2957 3818; x_wconf 72' lang='grc' dir='ltr'><strong>ΚΕΦᾹΛ.</strong></span> <span class='ocrx_word' id='word_1_576' title='bbox 3013 3765 3085 3818; x_wconf 68' lang='grc' dir='ltr'><strong>ις’.</strong></span> 
     </span>
    </p>
   </div>
   <div class='ocr_carea' id='block_1_82' title="bbox 2106 3854 3694 3927">
    <p class='ocr_par' dir='ltr' id='par_1_82' title="bbox 2106 3854 3694 3927">
     <span class='ocr_line' id='line_1_82' title="bbox 2106 3854 3694 3927; baseline -0.004 -15"><span class='ocrx_word' id='word_1_577' title='bbox 2106 3857 2242 3927; x_wconf 75' lang='grc' dir='ltr'>Περὶ</span> <span class='ocrx_word' id='word_1_578' title='bbox 2276 3859 2320 3891; x_wconf 81' lang='grc'><strong>⁸³</strong></span> <span class='ocrx_word' id='word_1_579' title='bbox 2351 3858 2459 3926; x_wconf 80' lang='grc' dir='ltr'>τῆς</span> <span class='ocrx_word' id='word_1_580' title='bbox 2494 3857 2795 3912; x_wconf 75' lang='grc' dir='ltr'>ἐπανόδου</span> <span class='ocrx_word' id='word_1_581' title='bbox 2857 3857 2975 3911; x_wconf 82' lang='grc' dir='ltr'>τῶν</span> <span class='ocrx_word' id='word_1_582' title='bbox 3042 3859 3411 3921; x_wconf 74' lang='grc' dir='ltr'>ἐπισκόπων,</span> <span class='ocrx_word' id='word_1_583' title='bbox 3454 3856 3548 3908; x_wconf 78' lang='grc' dir='ltr'>καὶ</span> <span class='ocrx_word' id='word_1_584' title='bbox 3581 3854 3694 3922; x_wconf 76' lang='grc' dir='ltr'>τῆς</span> 
     </span>
    </p>
   </div>
   <div class='ocr_carea' id='block_1_83' title="bbox 2521 3928 3264 3996">
    <p class='ocr_par' dir='ltr' id='par_1_83' title="bbox 2521 3928 3264 3996">
     <span class='ocr_line' id='line_1_83' title="bbox 2521 3928 3264 3996; baseline -0.003 -14"><span class='ocrx_word' id='word_1_585' title='bbox 2521 3929 2829 3982; x_wconf 76' lang='grc' dir='ltr'>Παυλίνου</span> <span class='ocrx_word' id='word_1_586' title='bbox 2871 3928 3264 3996; x_wconf 79' lang='grc' dir='ltr'>χειροτονίας.</span> 
     </span>
    </p>
   </div>
   <div class='ocr_carea' id='block_1_84' title="bbox 2169 4018 3695 4091">
    <p class='ocr_par' dir='ltr' id='par_1_84' title="bbox 2169 4018 3695 4091">
     <span class='ocr_line' id='line_1_84' title="bbox 2169 4018 3695 4091; baseline -0.003 -15"><span class='ocrx_word' id='word_1_587' title='bbox 2169 4023 2357 4078; x_wconf 76' lang='grc' dir='ltr'>Ταῦτα</span> <span class='ocrx_word' id='word_1_588' title='bbox 2423 4022 2705 4086; x_wconf 71' lang='grc' dir='ltr'>Ἰουλιανὸς</span> <span class='ocrx_word' id='word_1_589' title='bbox 2732 4021 2919 4090; x_wconf 75' lang='grc' dir='ltr'>σαφῶς</span> <span class='ocrx_word' id='word_1_590' title='bbox 2967 4020 3354 4091; x_wconf 74' lang='grc' dir='ltr'>ἐπιστάμενος,</span> <span class='ocrx_word' id='word_1_591' title='bbox 3406 4019 3466 4072; x_wconf 68' lang='grc' dir='ltr'>τὸ</span> <span class='ocrx_word' id='word_1_592' title='bbox 3508 4018 3695 4072; x_wconf 72' lang='grc' dir='ltr'>δυσσε-</span> 
     </span>
    </p>
   </div>
   <div class='ocr_carea' id='block_1_85' title="bbox 2103 4110 3692 4188">
    <p class='ocr_par' dir='ltr' id='par_1_85' title="bbox 2103 4110 3692 4188">
     <span class='ocr_line' id='line_1_85' title="bbox 2103 4110 3692 4188; baseline -0.003 -19"><span class='ocrx_word' id='word_1_593' title='bbox 2103 4117 2192 4180; x_wconf 72' lang='grc' dir='ltr'><strong>ϐὲς</strong></span> <span class='ocrx_word' id='word_1_594' title='bbox 2234 4117 2331 4188; x_wconf 77' lang='grc' dir='ltr'>τῆς</span> <span class='ocrx_word' id='word_1_595' title='bbox 2383 4115 2562 4187; x_wconf 73' lang='grc' dir='ltr'>ψυχῆς</span> <span class='ocrx_word' id='word_1_596' title='bbox 2594 4115 2696 4169; x_wconf 82' lang='grc' dir='ltr'><strong>οὐκ</strong></span> <span class='ocrx_word' id='word_1_597' title='bbox 2726 4114 2980 4184; x_wconf 79' lang='grc' dir='ltr'>ἐπίδηλον</span> <span class='ocrx_word' id='word_1_598' title='bbox 3027 4110 3198 4185; x_wconf 82' lang='grc' dir='ltr'>εἶχεν.</span> <span class='ocrx_word' id='word_1_599' title='bbox 3255 4116 3348 4177; x_wconf 84' lang='grc' dir='ltr'>Εἰς</span> <span class='ocrx_word' id='word_1_600' title='bbox 3393 4112 3608 4166; x_wconf 74' lang='grc' dir='ltr'>εὔνοιαν</span> <span class='ocrx_word' id='word_1_601' title='bbox 3634 4114 3692 4167; x_wconf 74' lang='grc' dir='ltr'>δὲ</span> 
     </span>
    </p>
   </div>
   <div class='ocr_carea' id='block_1_86' title="bbox 2104 4207 3694 4280">
    <p class='ocr_par' dir='ltr' id='par_1_86' title="bbox 2104 4207 3694 4280">
     <span class='ocr_line' id='line_1_86' title="bbox 2104 4207 3694 4280; baseline -0.003 -18"><span class='ocrx_word' id='word_1_602' title='bbox 2104 4208 2350 4273; x_wconf 73' lang='grc' dir='ltr'>ἅπαντας</span> <span class='ocrx_word' id='word_1_603' title='bbox 2381 4207 2767 4280; x_wconf 78' lang='grc' dir='ltr'>ἐφελκόμενος,</span> <span class='ocrx_word' id='word_1_604' title='bbox 2819 4209 2914 4262; x_wconf 70' lang='grc' dir='ltr'><strong>καὶ</strong></span> <span class='ocrx_word' id='word_1_605' title='bbox 2968 4209 3096 4272; x_wconf 73' lang='grc' dir='ltr'>τοὺς</span> <span class='ocrx_word' id='word_1_606' title='bbox 3160 4209 3266 4261; x_wconf 79' lang='grc' dir='ltr'>ὑπὸ</span> <span class='ocrx_word' id='word_1_607' title='bbox 3317 4207 3694 4261; x_wconf 81' lang='grc' dir='ltr'>Κωνσταντίου</span> 
     </span>
    </p>
   </div>
   <div class='ocr_carea' id='block_1_87' title="bbox 2101 4301 3698 4372">
    <p class='ocr_par' dir='ltr' id='par_1_87' title="bbox 2101 4301 3698 4372">
     <span class='ocr_line' id='line_1_87' title="bbox 2101 4301 3698 4372; baseline -0.001 -18"><span class='ocrx_word' id='word_1_608' title='bbox 2101 4301 2210 4355; x_wconf 88' lang='grc' dir='ltr'><strong>τῶν</strong></span> <span class='ocrx_word' id='word_1_609' title='bbox 2273 4301 2610 4372; x_wconf 83' lang='grc' dir='ltr'>Ἐκκλησιῶν</span> <span class='ocrx_word' id='word_1_610' title='bbox 2650 4301 3005 4366; x_wconf 76' lang='grc' dir='ltr'>ἐξελαθέντας</span> <span class='ocrx_word' id='word_1_611' title='bbox 3051 4301 3408 4366; x_wconf 79' lang='grc' dir='ltr'>ἐπισκόπους,</span> <span class='ocrx_word' id='word_1_612' title='bbox 3461 4301 3552 4352; x_wconf 88' lang='grc' dir='ltr'><strong>καί</strong></span> <span class='ocrx_word' id='word_1_613' title='bbox 3599 4301 3698 4364; x_wconf 69' lang='grc' dir='ltr'>τὰς</span> 
     </span>
    </p>
   </div>
   <div class='ocr_carea' id='block_1_88' title="bbox 2104 4395 3698 4466">
    <p class='ocr_par' dir='ltr' id='par_1_88' title="bbox 2104 4395 3698 4466">
     <span class='ocr_line' id='line_1_88' title="bbox 2104 4395 3698 4466; baseline -0.001 -18"><span class='ocrx_word' id='word_1_614' title='bbox 2104 4395 2360 4466; x_wconf 69' lang='grc' dir='ltr'>ἐσχατιὰς</span> <span class='ocrx_word' id='word_1_615' title='bbox 2384 4396 2483 4466; x_wconf 85' lang='grc' dir='ltr'><strong>τῆς</strong></span> <span class='ocrx_word' id='word_1_616' title='bbox 2524 4396 2853 4466; x_wconf 83' lang='grc' dir='ltr'>οἰκουμένης</span> <span class='ocrx_word' id='word_1_617' title='bbox 2901 4395 3210 4460; x_wconf 77' lang='grc' dir='ltr'>οἰκοῦντας,</span> <span class='ocrx_word' id='word_1_618' title='bbox 3248 4395 3326 4458; x_wconf 87' lang='grc' dir='ltr'><strong>είς</strong></span> <span class='ocrx_word' id='word_1_619' title='bbox 3359 4395 3458 4456; x_wconf 71' lang='grc' dir='ltr'>τὰς</span> <span class='ocrx_word' id='word_1_620' title='bbox 3496 4395 3698 4456; x_wconf 86' lang='grc' dir='ltr'>οἰκείας</span> 
     </span>
    </p>
   </div>
   <div class='ocr_carea' id='block_1_89' title="bbox 2105 4483 3702 4560">
    <p class='ocr_par' dir='ltr' id='par_1_89' title="bbox 2105 4483 3702 4560">
     <span class='ocr_line' id='line_1_89' title="bbox 2105 4483 3702 4560; baseline -0.001 -19"><span class='ocrx_word' id='word_1_621' title='bbox 2105 4489 2421 4542; x_wconf 82' lang='grc' dir='ltr'>ἐπανελθεῖν</span> <span class='ocrx_word' id='word_1_622' title='bbox 2490 4489 2820 4560; x_wconf 80' lang='grc' dir='ltr'>Ἐκκλησίας</span> <span class='ocrx_word' id='word_1_623' title='bbox 2873 4487 3194 4559; x_wconf 77' lang='grc' dir='ltr'>προσέταξε.</span> <span class='ocrx_word' id='word_1_624' title='bbox 3258 4487 3462 4541; x_wconf 72' lang='grc' dir='ltr'>Τούτου</span> <span class='ocrx_word' id='word_1_625' title='bbox 3504 4488 3566 4557; x_wconf 80' lang='grc' dir='ltr'>δὴ</span> <span class='ocrx_word' id='word_1_626' title='bbox 3607 4483 3702 4540; x_wconf 76' lang='grc' dir='ltr'><strong>οὖν</strong></span> 
     </span>
    </p>
   </div>
   <div class='ocr_carea' id='block_1_90' title="bbox 2105 4581 3702 4653">
    <p class='ocr_par' dir='ltr' id='par_1_90' title="bbox 2105 4581 3702 4653">
     <span class='ocr_line' id='line_1_90' title="bbox 2105 4581 3702 4653; baseline -0.002 -19"><span class='ocrx_word' id='word_1_627' title='bbox 2105 4583 2198 4635; x_wconf 64' lang='grc' dir='ltr'>τοῦ</span> <span class='ocrx_word' id='word_1_628' title='bbox 2228 4583 2392 4653; x_wconf 76' lang='grc' dir='ltr'>νόμου</span> <span class='ocrx_word' id='word_1_629' title='bbox 2419 4583 2690 4650; x_wconf 80' lang='grc' dir='ltr'>τεθέντος,</span> <span class='ocrx_word' id='word_1_630' title='bbox 2717 4584 2796 4647; x_wconf 85' lang='grc' dir='ltr'><strong>είς</strong></span> <span class='ocrx_word' id='word_1_631' title='bbox 2831 4583 2932 4653; x_wconf 78' lang='grc' dir='ltr'><strong>μὲν</strong></span> <span class='ocrx_word' id='word_1_632' title='bbox 2964 4582 3062 4652; x_wconf 72' lang='grc' dir='ltr'><strong>τὴν</strong></span> <span class='ocrx_word' id='word_1_633' title='bbox 3097 4581 3428 4650; x_wconf 71' lang='grc' dir='ltr'>Ἀντιῦκειαν</span> <span class='ocrx_word' id='word_1_634' title='bbox 3463 4581 3702 4650; x_wconf 70' lang='grc' dir='ltr'>ἐπανῆλ-</span> 
     </span>
    </p>
   </div>
   <div class='ocr_carea' id='block_1_91' title="bbox 425 4674 2005 4754">
    <p class='ocr_par' dir='ltr' id='par_1_91' title="bbox 425 4682 1994 4754">
     <span class='ocr_line' id='line_1_91' title="bbox 425 4682 1994 4754; baseline 0.006 -17"><span class='ocrx_word' id='word_1_635' title='bbox 425 4691 479 4737; x_wconf 91' lang='lat' dir='ltr'><strong>et</strong></span> <span class='ocrx_word' id='word_1_636' title='bbox 509 4682 728 4739; x_wconf 82' lang='lat' dir='ltr'><strong>Lucifer</strong></span> <span class='ocrx_word' id='word_1_637' title='bbox 757 4686 1024 4743; x_wconf 73' lang='lat' dir='ltr'><strong>Sardinia:</strong></span> <span class='ocrx_word' id='word_1_638' title='bbox 1079 4688 1273 4745; x_wconf 72' lang='lat' dir='ltr'><strong>insula:</strong></span> <span class='ocrx_word' id='word_1_639' title='bbox 1317 4689 1572 4754; x_wconf 89' lang='lat' dir='ltr'><strong>antistes,</strong></span> <span class='ocrx_word' id='word_1_640' title='bbox 1605 4689 1658 4743; x_wconf 91' lang='lat' dir='ltr'><strong>in</strong></span> <span class='ocrx_word' id='word_1_641' title='bbox 1711 4688 1994 4746; x_wconf 84' lang='lat' dir='ltr'><strong>Thebaide</strong></span> 
     </span>
    </p>
   </div>
   <div class='ocr_carea' id='block_1_92' title="bbox 2110 4674 3704 4754">
    <p class='ocr_par' dir='ltr' id='par_1_92' title="bbox 2110 4674 3704 4746">
     <span class='ocr_line' id='line_1_92' title="bbox 2110 4674 3704 4746; baseline -0.001 -18"><span class='ocrx_word' id='word_1_642' title='bbox 2110 4674 2199 4728; x_wconf 85' lang='grc' dir='ltr'><strong>θεν</strong></span> <span class='ocrx_word' id='word_1_643' title='bbox 2253 4677 2282 4729; x_wconf 85' lang='lat'><strong>6</strong></span> <span class='ocrx_word' id='word_1_644' title='bbox 2333 4675 2474 4739; x_wconf 86' lang='grc' dir='ltr'>θεῖος</span> <span class='ocrx_word' id='word_1_645' title='bbox 2518 4675 2805 4740; x_wconf 87' lang='grc' dir='ltr'>Μελέτιος,</span> <span class='ocrx_word' id='word_1_646' title='bbox 2858 4679 2937 4738; x_wconf 85' lang='grc' dir='ltr'><strong>εἰς</strong></span> <span class='ocrx_word' id='word_1_647' title='bbox 2990 4675 3046 4728; x_wconf 80' lang='grc' dir='ltr'>δὲ</span> <span class='ocrx_word' id='word_1_648' title='bbox 3092 4675 3188 4746; x_wconf 75' lang='grc' dir='ltr'><strong>τὴν</strong></span> <span class='ocrx_word' id='word_1_649' title='bbox 3237 4674 3646 4744; x_wconf 74' lang='grc' dir='ltr'>Ἀλεξάνδρειαν</span> <span class='ocrx_word' id='word_1_650' title='bbox 3676 4677 3704 4726; x_wconf 97' lang='lat'><strong>6</strong></span> 
     </span>
    </p>
   </div>
   <div class='ocr_carea' id='block_1_93' title="bbox 421 4776 2004 4853">
    <p class='ocr_par' dir='ltr' id='par_1_93' title="bbox 421 4776 2004 4853">
     <span class='ocr_line' id='line_1_93' title="bbox 421 4776 2004 4853; baseline 0.003 -21"><span class='ocrx_word' id='word_1_651' title='bbox 421 4776 664 4848; x_wconf 58' lang='grc' dir='ltr'>Λέαγριο</span> <span class='ocrx_word' id='word_1_652' title='bbox 690 4779 920 4834; x_wconf 79' lang='lat' dir='ltr'><strong>ﬁnitima</strong></span> <span class='ocrx_word' id='word_1_653' title='bbox 975 4780 1271 4852; x_wconf 88' lang='lat' dir='ltr'><strong>degebant,</strong></span> <span class='ocrx_word' id='word_1_654' title='bbox 1307 4799 1418 4852; x_wconf 89' lang='lat' dir='ltr'><strong>quo</strong></span> <span class='ocrx_word' id='word_1_655' title='bbox 1461 4783 1688 4853; x_wconf 86' lang='lat' dir='ltr'><strong>relegati</strong></span> <span class='ocrx_word' id='word_1_656' title='bbox 1727 4783 1944 4838; x_wconf 80' lang='lat' dir='ltr'><strong>fuerant</strong></span> <span class='ocrx_word' id='word_1_657' title='bbox 1975 4798 2004 4837; x_wconf 90' lang='lat' dir='ltr'><strong>a</strong></span> 
     </span>
    </p>
   </div>
   <div class='ocr_carea' id='block_1_94' title="bbox 425 4872 2008 4930">
    <p class='ocr_par' dir='ltr' id='par_1_94' title="bbox 425 4872 2008 4930">
     <span class='ocr_line' id='line_1_94' title="bbox 425 4872 2008 4930; baseline 0.003 -4"><span class='ocrx_word' id='word_1_658' title='bbox 425 4872 774 4928; x_wconf 86' lang='lat' dir='ltr'><strong>Constantio.</strong></span> <span class='ocrx_word' id='word_1_659' title='bbox 822 4872 886 4927; x_wconf 89' lang='lat' dir='ltr'><strong>lli</strong></span> <span class='ocrx_word' id='word_1_660' title='bbox 939 4888 1066 4928; x_wconf 90' lang='lat' dir='ltr'><strong>cum</strong></span> <span class='ocrx_word' id='word_1_661' title='bbox 1091 4875 1216 4930; x_wconf 88' lang='lat' dir='ltr'><strong>aliis</strong></span> <span class='ocrx_word' id='word_1_662' title='bbox 1246 4875 1438 4930; x_wconf 86' lang='lat' dir='ltr'><strong>eadem</strong></span> <span class='ocrx_word' id='word_1_663' title='bbox 1478 4875 1847 4930; x_wconf 85' lang='lat' dir='ltr'><strong>sentientibus</strong></span> <span class='ocrx_word' id='word_1_664' title='bbox 1874 4891 2008 4930; x_wconf 91' lang='lat' dir='ltr'><strong>cou-</strong></span> 
     </span>
    </p>
   </div>
   <div class='ocr_carea' id='block_1_95' title="bbox 426 4964 2008 5035">
    <p class='ocr_par' dir='ltr' id='par_1_95' title="bbox 426 4964 2008 5035">
     <span class='ocr_line' id='line_1_95' title="bbox 426 4964 2008 5035; baseline 0.003 -19"><span class='ocrx_word' id='word_1_665' title='bbox 426 4965 661 5035; x_wconf 84' lang='lat' dir='ltr'><strong>gregati,</strong></span> <span class='ocrx_word' id='word_1_666' title='bbox 703 4964 982 5020; x_wconf 81' lang='lat' dir='ltr'><strong>Eeelesias</strong></span> <span class='ocrx_word' id='word_1_667' title='bbox 1014 4965 1270 5021; x_wconf 88' lang='lat' dir='ltr'><strong>dicebant</strong></span> <span class='ocrx_word' id='word_1_668' title='bbox 1326 4966 1379 5019; x_wconf 91' lang='lat' dir='ltr'><strong>in</strong></span> <span class='ocrx_word' id='word_1_669' title='bbox 1415 4967 1770 5020; x_wconf 86' lang='lat' dir='ltr'><strong>concordiam</strong></span> <span class='ocrx_word' id='word_1_670' title='bbox 1819 4966 2008 5022; x_wconf 90' lang='lat' dir='ltr'><strong>reduci</strong></span> 
     </span>
    </p>
   </div>
   <div class='ocr_carea' id='block_1_96' title="bbox 426 5057 2008 5130">
    <p class='ocr_par' dir='ltr' id='par_1_96' title="bbox 426 5057 2008 5130">
     <span class='ocr_line' id='line_1_96' title="bbox 426 5057 2008 5130; baseline 0.001 -20"><span class='ocrx_word' id='word_1_671' title='bbox 426 5065 704 5127; x_wconf 77' lang='lat' dir='ltr'><strong>oportere.</strong></span> <span class='ocrx_word' id='word_1_672' title='bbox 745 5057 860 5113; x_wconf 81' lang='lat' dir='ltr'><strong>Non</strong></span> <span class='ocrx_word' id='word_1_673' title='bbox 893 5059 1040 5114; x_wconf 90' lang='lat' dir='ltr'><strong>enim</strong></span> <span class='ocrx_word' id='word_1_674' title='bbox 1080 5075 1175 5114; x_wconf 89' lang='lat' dir='ltr'><strong>eas</strong></span> <span class='ocrx_word' id='word_1_675' title='bbox 1235 5059 1413 5113; x_wconf 87' lang='lat' dir='ltr'><strong>solum</strong></span> <span class='ocrx_word' id='word_1_676' title='bbox 1471 5059 1882 5130; x_wconf 84' lang='lat' dir='ltr'><strong>oppugnabant,</strong></span> <span class='ocrx_word' id='word_1_677' title='bbox 1915 5059 2008 5128; x_wconf 90' lang='lat' dir='ltr'><strong>qui</strong></span> 
     </span>
    </p>
   </div>
   <div class='ocr_carea' id='block_1_97' title="bbox 427 5135 2009 5220">
    <p class='ocr_par' dir='ltr' id='par_1_97' title="bbox 427 5135 2009 5220">
     <span class='ocr_line' id='line_1_97' title="bbox 427 5135 2009 5220; baseline -0.001 -15"><span class='ocrx_word' id='word_1_678' title='bbox 427 5150 767 5205; x_wconf 84' lang='lat' dir='ltr'><strong>contrariam</strong></span> <span class='ocrx_word' id='word_1_679' title='bbox 804 5149 1111 5206; x_wconf 88' lang='lat' dir='ltr'><strong>doctrinam</strong></span> <span class='ocrx_word' id='word_1_680' title='bbox 1144 5135 1520 5212; x_wconf 76' lang='lat' dir='ltr'><strong>sectabantur.</strong></span> <span class='ocrx_word' id='word_1_681' title='bbox 1551 5150 1648 5206; x_wconf 81' lang='lat' dir='ltr'><strong>sed</strong></span> <span class='ocrx_word' id='word_1_682' title='bbox 1691 5152 1822 5220; x_wconf 78' lang='lat' dir='ltr'><strong>ipsa:</strong></span> <span class='ocrx_word' id='word_1_683' title='bbox 1846 5150 2009 5206; x_wconf 88' lang='lat' dir='ltr'><strong>etiam</strong></span> 
     </span>
    </p>
   </div>
   <div class='ocr_carea' id='block_1_98' title="bbox 431 5243 2008 5316">
    <p class='ocr_par' dir='ltr' id='par_1_98' title="bbox 431 5243 2008 5316">
     <span class='ocr_line' id='line_1_98' title="bbox 431 5243 2008 5316; baseline -0.001 -16"><span class='ocrx_word' id='word_1_684' title='bbox 431 5243 576 5300; x_wconf 84' lang='lat' dir='ltr'><strong>inter</strong></span> <span class='ocrx_word' id='word_1_685' title='bbox 614 5260 673 5300; x_wconf 88' lang='lat' dir='ltr'><strong>se</strong></span> <span class='ocrx_word' id='word_1_686' title='bbox 708 5244 1054 5300; x_wconf 84' lang='lat' dir='ltr'><strong>dissidebant</strong></span> <span class='ocrx_word' id='word_1_687' title='bbox 1089 5259 1114 5298; x_wconf 77' lang='grc' dir='ltr'>ι·</span> <span class='ocrx_word' id='word_1_688' title='bbox 1146 5245 1452 5300; x_wconf 76' lang='lat' dir='ltr'><strong>Antiochia:</strong></span> <span class='ocrx_word' id='word_1_689' title='bbox 1490 5246 1762 5316; x_wconf 82' lang='lat' dir='ltr'><strong>siquidem</strong></span> <span class='ocrx_word' id='word_1_690' title='bbox 1815 5261 2008 5300; x_wconf 88' lang='lat' dir='ltr'><strong>sanum</strong></span> 
     </span>
    </p>
   </div>
   <div class='ocr_carea' id='block_1_99' title="bbox 430 5335 2006 5408">
    <p class='ocr_par' dir='ltr' id='par_1_99' title="bbox 430 5335 2006 5408">
     <span class='ocr_line' id='line_1_99' title="bbox 430 5335 2006 5408; baseline 0 -16"><span class='ocrx_word' id='word_1_691' title='bbox 430 5351 632 5406; x_wconf 88' lang='lat' dir='ltr'><strong>corpus</strong></span> <span class='ocrx_word' id='word_1_692' title='bbox 656 5335 915 5393; x_wconf 79' lang='lat' dir='ltr'><strong>Ecclesia:</strong></span> <span class='ocrx_word' id='word_1_693' title='bbox 944 5337 1080 5394; x_wconf 86' lang='lat' dir='ltr'><strong>duas</strong></span> <span class='ocrx_word' id='word_1_694' title='bbox 1112 5337 1166 5392; x_wconf 91' lang='lat' dir='ltr'><strong>in</strong></span> <span class='ocrx_word' id='word_1_695' title='bbox 1213 5346 1397 5408; x_wconf 88' lang='lat' dir='ltr'><strong>partes</strong></span> <span class='ocrx_word' id='word_1_696' title='bbox 1425 5337 1661 5394; x_wconf 89' lang='lat' dir='ltr'><strong>divisum</strong></span> <span class='ocrx_word' id='word_1_697' title='bbox 1691 5345 1833 5393; x_wconf 90' lang='lat' dir='ltr'><strong>crat.</strong></span> <span class='ocrx_word' id='word_1_698' title='bbox 1871 5336 2006 5392; x_wconf 84' lang='lat' dir='ltr'><strong>Nam</strong></span> 
     </span>
    </p>
   </div>
   <div class='ocr_carea' id='block_1_100' title="bbox 2115 4768 3703 4842">
    <p class='ocr_par' dir='ltr' id='par_1_100' title="bbox 2115 4768 3703 4842">
     <span class='ocr_line' id='line_1_100' title="bbox 2115 4768 3703 4842; baseline -0.001 -20"><span class='ocrx_word' id='word_1_699' title='bbox 2115 4769 2495 4842; x_wconf 78' lang='grc' dir='ltr'>πολυΰμνητος</span> <span class='ocrx_word' id='word_1_700' title='bbox 2539 4771 2876 4834; x_wconf 80' lang='grc' dir='ltr'>Ἀθανάσιος.</span> <span class='ocrx_word' id='word_1_701' title='bbox 2910 4768 3169 4832; x_wconf 75' lang='grc' dir='ltr'>Εὐσέϐιος</span> <span class='ocrx_word' id='word_1_702' title='bbox 3221 4770 3297 4832; x_wconf 81' lang='grc' dir='ltr'><strong>δὲ,</strong></span> <span class='ocrx_word' id='word_1_703' title='bbox 3329 4769 3423 4820; x_wconf 77' lang='grc' dir='ltr'><strong>καὶ</strong></span> <span class='ocrx_word' id='word_1_704' title='bbox 3475 4768 3703 4836; x_wconf 76' lang='grc' dir='ltr'>Ἱλαριος</span> 
     </span>
    </p>
   </div>
   <div class='ocr_carea' id='block_1_101' title="bbox 2113 4861 3706 4935">
    <p class='ocr_par' dir='ltr' id='par_1_101' title="bbox 2113 4861 3706 4935">
     <span class='ocr_line' id='line_1_101' title="bbox 2113 4861 3706 4935; baseline -0.003 -19"><span class='ocrx_word' id='word_1_705' title='bbox 2113 4864 2231 4918; x_wconf 84' lang='grc' dir='ltr'><strong>ὁέκ</strong></span> <span class='ocrx_word' id='word_1_706' title='bbox 2265 4867 2359 4935; x_wconf 78' lang='grc' dir='ltr'><strong>τῆς</strong></span> <span class='ocrx_word' id='word_1_707' title='bbox 2413 4862 2638 4928; x_wconf 86' lang='grc' dir='ltr'>Ἰταλίας</span> <span class='ocrx_word' id='word_1_708' title='bbox 2694 4864 2761 4930; x_wconf 67' lang='grc'><strong>⁸⁵,</strong></span> <span class='ocrx_word' id='word_1_709' title='bbox 2825 4865 2920 4918; x_wconf 78' lang='grc' dir='ltr'><strong>καὶ</strong></span> <span class='ocrx_word' id='word_1_710' title='bbox 2956 4864 3234 4933; x_wconf 74' lang='grc' dir='ltr'>Λουκίφερ</span> <span class='ocrx_word' id='word_1_711' title='bbox 3290 4863 3318 4915; x_wconf 91' lang='lat'><strong>6</strong></span> <span class='ocrx_word' id='word_1_712' title='bbox 3373 4861 3560 4931; x_wconf 81' lang='grc' dir='ltr'>Σαρδὼ</span> <span class='ocrx_word' id='word_1_713' title='bbox 3603 4861 3706 4931; x_wconf 73' lang='grc' dir='ltr'><strong>τὴν</strong></span> 
     </span>
    </p>
   </div>
   <div class='ocr_carea' id='block_1_102' title="bbox 2114 4955 3708 5028">
    <p class='ocr_par' dir='ltr' id='par_1_102' title="bbox 2114 4955 3708 5028">
     <span class='ocr_line' id='line_1_102' title="bbox 2114 4955 3708 5028; baseline -0.004 -18"><span class='ocrx_word' id='word_1_714' title='bbox 2114 4957 2276 5027; x_wconf 79' lang='grc' dir='ltr'>νῆσον</span> <span class='ocrx_word' id='word_1_715' title='bbox 2311 4958 2618 5028; x_wconf 85' lang='grc' dir='ltr'>ποιμαίνειν</span> <span class='ocrx_word' id='word_1_716' title='bbox 2667 4957 2870 5028; x_wconf 82' lang='grc' dir='ltr'>λαχὼν,</span> <span class='ocrx_word' id='word_1_717' title='bbox 2917 4959 2975 5009; x_wconf 91' lang='grc' dir='ltr'><strong>ἐν</strong></span> <span class='ocrx_word' id='word_1_718' title='bbox 3021 4959 3088 5027; x_wconf 82' lang='grc' dir='ltr'>τῇ</span> <span class='ocrx_word' id='word_1_719' title='bbox 3148 4957 3404 5027; x_wconf 72' lang='grc' dir='ltr'>Θηϐαίων</span> <span class='ocrx_word' id='word_1_720' title='bbox 3449 4957 3514 5024; x_wconf 81' lang='grc' dir='ltr'><strong>τῇ</strong></span> <span class='ocrx_word' id='word_1_721' title='bbox 3569 4955 3708 5022; x_wconf 65' lang='grc' dir='ltr'>πρὸς</span> 
     </span>
    </p>
   </div>
   <div class='ocr_carea' id='block_1_103' title="bbox 2113 5051 3706 5124">
    <p class='ocr_par' dir='ltr' id='par_1_103' title="bbox 2113 5051 3706 5124">
     <span class='ocr_line' id='line_1_103' title="bbox 2113 5051 3706 5124; baseline -0.002 -18"><span class='ocrx_word' id='word_1_722' title='bbox 2113 5052 2390 5122; x_wconf 76' lang='grc' dir='ltr'>Αἴγυπτον</span> <span class='ocrx_word' id='word_1_723' title='bbox 2443 5054 2645 5124; x_wconf 79' lang='grc' dir='ltr'>διῆγον·</span> <span class='ocrx_word' id='word_1_724' title='bbox 2705 5057 2821 5108; x_wconf 82' lang='grc' dir='ltr'>ἐκεῖ</span> <span class='ocrx_word' id='word_1_725' title='bbox 2850 5054 2958 5124; x_wconf 73' lang='grc' dir='ltr'>γὰρ</span> <span class='ocrx_word' id='word_1_726' title='bbox 2996 5055 3193 5116; x_wconf 70' lang='grc' dir='ltr'>αὐτοὺς</span> <span class='ocrx_word' id='word_1_727' title='bbox 3243 5055 3272 5106; x_wconf 88' lang='lat'><strong>6</strong></span> <span class='ocrx_word' id='word_1_728' title='bbox 3325 5051 3706 5115; x_wconf 76' lang='grc' dir='ltr'>Κωνστάντιος</span> 
     </span>
    </p>
   </div>
   <div class='ocr_carea' id='block_1_104' title="bbox 2122 5145 3706 5221">
    <p class='ocr_par' dir='ltr' id='par_1_104' title="bbox 2122 5145 3706 5221">
     <span class='ocr_line' id='line_1_104' title="bbox 2122 5145 3706 5221; baseline -0.001 -19"><span class='ocrx_word' id='word_1_729' title='bbox 2122 5149 2540 5221; x_wconf 78' lang='grc' dir='ltr'>ἐξωστράκισεν.</span> <span class='ocrx_word' id='word_1_730' title='bbox 2582 5145 2739 5206; x_wconf 72' lang='grc' dir='ltr'>Οὗτοι</span> <span class='ocrx_word' id='word_1_731' title='bbox 2771 5154 2866 5205; x_wconf 74' lang='grc' dir='ltr'><strong>σὺν</strong></span> <span class='ocrx_word' id='word_1_732' title='bbox 2892 5153 3005 5214; x_wconf 88' lang='grc' dir='ltr'>τοῖς</span> <span class='ocrx_word' id='word_1_733' title='bbox 3051 5151 3231 5213; x_wconf 84' lang='grc' dir='ltr'>ἄλλοις</span> <span class='ocrx_word' id='word_1_734' title='bbox 3273 5149 3537 5220; x_wconf 65' lang='grc' dir='ltr'>ὀμὸςροσι</span> <span class='ocrx_word' id='word_1_735' title='bbox 3563 5151 3706 5201; x_wconf 78' lang='grc' dir='ltr'><strong>κατά</strong></span> 
     </span>
    </p>
   </div>
   <div class='ocr_carea' id='block_1_105' title="bbox 2119 5241 3705 5315">
    <p class='ocr_par' dir='ltr' id='par_1_105' title="bbox 2119 5241 3705 5315">
     <span class='ocr_line' id='line_1_105' title="bbox 2119 5241 3705 5315; baseline -0.002 -21"><span class='ocrx_word' id='word_1_736' title='bbox 2119 5243 2313 5297; x_wconf 64' lang='grc' dir='ltr'>ταύτὸν</span> <span class='ocrx_word' id='word_1_737' title='bbox 2341 5245 2384 5276; x_wconf 80' lang='grc'><strong>⁶⁷</strong></span> <span class='ocrx_word' id='word_1_738' title='bbox 2416 5244 2718 5315; x_wconf 87' lang='grc' dir='ltr'>γενόμενοι,</span> <span class='ocrx_word' id='word_1_739' title='bbox 2762 5245 2963 5315; x_wconf 78' lang='grc' dir='ltr'>χρῆναι</span> <span class='ocrx_word' id='word_1_740' title='bbox 3000 5243 3100 5308; x_wconf 74' lang='grc' dir='ltr'><strong>τὰς</strong></span> <span class='ocrx_word' id='word_1_741' title='bbox 3150 5242 3475 5312; x_wconf 72' lang='grc' dir='ltr'>Ἐκκλησίας</span> <span class='ocrx_word' id='word_1_742' title='bbox 3518 5241 3705 5307; x_wconf 76' lang='grc' dir='ltr'>ἔλεγον</span> 
     </span>
    </p>
   </div>
   <div class='ocr_carea' id='block_1_106' title="bbox 2120 5338 3704 5413">
    <p class='ocr_par' dir='ltr' id='par_1_106' title="bbox 2120 5338 3704 5413">
     <span class='ocr_line' id='line_1_106' title="bbox 2120 5338 3704 5413; baseline -0.002 -21"><span class='ocrx_word' id='word_1_743' title='bbox 2120 5341 2196 5404; x_wconf 88' lang='grc' dir='ltr'><strong>εἰς</strong></span> <span class='ocrx_word' id='word_1_744' title='bbox 2231 5341 2360 5410; x_wconf 86' lang='grc' dir='ltr'>μίαν</span> <span class='ocrx_word' id='word_1_745' title='bbox 2400 5343 2729 5410; x_wconf 79' lang='grc' dir='ltr'>συναγαγεῖν</span> <span class='ocrx_word' id='word_1_746' title='bbox 2770 5341 3111 5413; x_wconf 81' lang='grc' dir='ltr'>συμφωνίαν.</span> <span class='ocrx_word' id='word_1_747' title='bbox 3143 5342 3216 5394; x_wconf 77' lang='grc' dir='ltr'><strong>Οὐ</strong></span> <span class='ocrx_word' id='word_1_748' title='bbox 3254 5340 3362 5411; x_wconf 75' lang='grc' dir='ltr'>γὰρ</span> <span class='ocrx_word' id='word_1_749' title='bbox 3408 5339 3566 5410; x_wconf 66' lang='grc' dir='ltr'>μόνον</span> <span class='ocrx_word' id='word_1_750' title='bbox 3601 5338 3704 5390; x_wconf 73' lang='grc' dir='ltr'><strong>αὖ·</strong></span> 
     </span>
    </p>
   </div>
   <div class='ocr_carea' id='block_1_107' title="bbox 1727 5473 2416 5531">
    <p class='ocr_par' dir='ltr' id='par_1_107' title="bbox 1727 5473 2416 5531">
     <span class='ocr_line' id='line_1_107' title="bbox 1727 5473 2416 5531; baseline 0.003 -2"><span class='ocrx_word' id='word_1_751' title='bbox 1727 5473 1962 5529; x_wconf 70' lang='grc' dir='ltr'><strong>ΥΛΙίΙΑἰ</strong></span> <span class='ocrx_word' id='word_1_752' title='bbox 2007 5474 2416 5531; x_wconf 65' lang='lat' dir='ltr'><strong>LICCTIUNI‘ZS.</strong></span> 
     </span>
    </p>
   </div>
   <div class='ocr_carea' id='block_1_108' title="bbox 504 5609 1537 5684">
    <p class='ocr_par' dir='ltr' id='par_1_108' title="bbox 504 5609 1537 5684">
     <span class='ocr_line' id='line_1_108' title="bbox 504 5609 1537 5684; baseline 0.006 -23"><span class='ocrx_word' id='word_1_753' title='bbox 504 5609 550 5641; x_wconf 80' lang='lat'>&quot;</span> <span class='ocrx_word' id='word_1_754' title='bbox 585 5612 967 5684; x_wconf 64' lang='grc' dir='ltr'>ἐπεμέμψατο.</span> <span class='ocrx_word' id='word_1_755' title='bbox 1005 5616 1148 5684; x_wconf 65' lang='lat' dir='ltr'><strong>ldum</strong></span> <span class='ocrx_word' id='word_1_756' title='bbox 1192 5631 1314 5666; x_wconf 82' lang='lat' dir='ltr'><strong>rum</strong></span> <span class='ocrx_word' id='word_1_757' title='bbox 1349 5615 1537 5684; x_wconf 70' lang='lat' dir='ltr'><strong>Steph.</strong></span> 
     </span>
    </p>
   </div>
   <div class='ocr_carea' id='block_1_109' title="bbox 1641 5617 2005 5686">
    <p class='ocr_par' dir='ltr' id='par_1_109' title="bbox 1641 5617 2005 5669">
     <span class='ocr_line' id='line_1_109' title="bbox 1641 5617 2005 5669; baseline 0.005 -2"><span class='ocrx_word' id='word_1_758' title='bbox 1641 5617 1686 5646; x_wconf 65' lang='lat' dir='ltr'><strong>M‘</strong></span> <span class='ocrx_word' id='word_1_759' title='bbox 1730 5617 1944 5668; x_wconf 72' lang='grc' dir='ltr'>παλτῶν</span> <span class='ocrx_word' id='word_1_760' title='bbox 1977 5635 2005 5669; x_wconf 87' lang='lat' dir='ltr'><strong>tt</strong></span> 
     </span>
    </p>
   </div>
   <div class='ocr_carea' id='block_1_110' title="bbox 2110 5617 3706 5686">
    <p class='ocr_par' dir='ltr' id='par_1_110' title="bbox 2110 5617 3706 5686">
     <span class='ocr_line' id='line_1_110' title="bbox 2110 5617 3706 5686; baseline -0.001 -16"><span class='ocrx_word' id='word_1_761' title='bbox 2110 5619 2206 5670; x_wconf 71' lang='grc' dir='ltr'>Ἰιςιι</span> <span class='ocrx_word' id='word_1_762' title='bbox 2239 5617 2507 5673; x_wconf 77' lang='lat' dir='ltr'><strong>Vah-sius.</strong></span> <span class='ocrx_word' id='word_1_763' title='bbox 2541 5633 2855 5686; x_wconf 83' lang='lat' dir='ltr'><strong>quanquam</strong></span> <span class='ocrx_word' id='word_1_764' title='bbox 2890 5626 2937 5669; x_wconf 79' lang='lat' dir='ltr'><strong>cl</strong></span> <span class='ocrx_word' id='word_1_765' title='bbox 2974 5619 3175 5686; x_wconf 72' lang='grc' dir='ltr'>πέλτην</span> <span class='ocrx_word' id='word_1_766' title='bbox 3211 5618 3449 5680; x_wconf 80' lang='lat' dir='ltr'><strong>jarulum</strong></span> <span class='ocrx_word' id='word_1_767' title='bbox 3487 5617 3706 5682; x_wconf 64' lang='lat' dir='ltr'><strong>signiti-</strong></span> 
     </span>
    </p>
   </div>
   <div class='ocr_carea' id='block_1_111' title="bbox 426 5681 3702 5756">
    <p class='ocr_par' dir='ltr' id='par_1_111' title="bbox 426 5681 3702 5756">
     <span class='ocr_line' id='line_1_111' title="bbox 426 5681 3702 5756; baseline 0.002 -25"><span class='ocrx_word' id='word_1_768' title='bbox 426 5692 551 5730; x_wconf 71' lang='lat' dir='ltr'><strong>care</strong></span> <span class='ocrx_word' id='word_1_769' title='bbox 576 5681 852 5756; x_wconf 52' lang='lat' dir='ltr'><strong>concedit-</strong></span> <span class='ocrx_word' id='word_1_770' title='bbox 887 5683 1202 5756; x_wconf 19' lang='lat' dir='ltr'><strong>__“Altet&#39;um</strong></span> <span class='ocrx_word' id='word_1_771' title='bbox 1241 5686 1328 5737; x_wconf 84' lang='lat' dir='ltr'><strong>hie</strong></span> <span class='ocrx_word' id='word_1_772' title='bbox 1359 5681 1852 5755; x_wconf 70' lang='lat' dir='ltr'><strong>duormucapitum</strong></span> <span class='ocrx_word' id='word_1_773' title='bbox 1896 5699 2238 5756; x_wconf 71' lang='lat' dir='ltr'><strong>argumenta,</strong></span> <span class='ocrx_word' id='word_1_774' title='bbox 2301 5697 2357 5739; x_wconf 90' lang='lat' dir='ltr'><strong>ut</strong></span> <span class='ocrx_word' id='word_1_775' title='bbox 2388 5681 2571 5754; x_wconf 73' lang='lat' dir='ltr'><strong>capita</strong></span> <span class='ocrx_word' id='word_1_776' title='bbox 2609 5681 2746 5756; x_wconf 75' lang='lat' dir='ltr'><strong>ipsa,</strong></span> <span class='ocrx_word' id='word_1_777' title='bbox 2778 5689 2828 5742; x_wconf 89' lang='lat' dir='ltr'><strong>iu</strong></span> <span class='ocrx_word' id='word_1_778' title='bbox 2871 5705 3037 5740; x_wconf 80' lang='lat' dir='ltr'><strong>unum</strong></span> <span class='ocrx_word' id='word_1_779' title='bbox 3093 5681 3383 5752; x_wconf 74' lang='lat' dir='ltr'><strong>ioujuucta</strong></span> <span class='ocrx_word' id='word_1_780' title='bbox 3437 5704 3529 5753; x_wconf 70' lang='lat' dir='ltr'><strong>per</strong></span> <span class='ocrx_word' id='word_1_781' title='bbox 3579 5691 3702 5738; x_wconf 53' lang='lat' dir='ltr'><strong>Sir-</strong></span> 
     </span>
    </p>
   </div>
   <div class='ocr_carea' id='block_1_112' title="bbox 424 5752 698 5813">
    <p class='ocr_par' dir='ltr' id='par_1_112' title="bbox 424 5752 698 5813">
     <span class='ocr_line' id='line_1_112' title="bbox 424 5752 698 5813; baseline 0.015 -13"><span class='ocrx_word' id='word_1_782' title='bbox 424 5752 698 5813; x_wconf 72' lang='lat' dir='ltr'><strong>moudmu,</strong></span> 
     </span>
    </p>
   </div>
   <div class='ocr_carea' id='block_1_113' title="bbox 791 5751 2005 5828">
    <p class='ocr_par' dir='ltr' id='par_1_113' title="bbox 791 5751 2005 5818">
     <span class='ocr_line' id='line_1_113' title="bbox 791 5751 2005 5818; baseline 0.01 -16"><span class='ocrx_word' id='word_1_783' title='bbox 791 5751 834 5802; x_wconf 63' lang='grc' dir='ltr'><strong>ιε</strong></span> <span class='ocrx_word' id='word_1_784' title='bbox 865 5752 923 5803; x_wconf 77' lang='grc' dir='ltr'><strong>οι</strong></span> <span class='ocrx_word' id='word_1_785' title='bbox 965 5754 1024 5808; x_wconf 79' lang='grc' dir='ltr'><strong>ικ</strong></span> <span class='ocrx_word' id='word_1_786' title='bbox 1053 5773 1102 5806; x_wconf 87' lang='grc' dir='ltr'><strong>τ.</strong></span> <span class='ocrx_word' id='word_1_787' title='bbox 1153 5756 1395 5818; x_wconf 67' lang='grc' dir='ltr'>Ἰταλίας.</span> <span class='ocrx_word' id='word_1_788' title='bbox 1432 5757 1591 5812; x_wconf 64' lang='lat' dir='ltr'><strong>nam.</strong></span> <span class='ocrx_word' id='word_1_789' title='bbox 1635 5751 1726 5811; x_wconf 78' lang='lat' dir='ltr'><strong>Cr.</strong></span> <span class='ocrx_word' id='word_1_790' title='bbox 1764 5767 1817 5813; x_wconf 87' lang='lat' dir='ltr'><strong>ct</strong></span> <span class='ocrx_word' id='word_1_791' title='bbox 1849 5751 2005 5814; x_wconf 40' lang='lat' dir='ltr'><strong>[’iui&#39;i</strong></span> 
     </span>
    </p>
   </div>
   <div class='ocr_carea' id='block_1_114' title="bbox 2110 5751 2802 5828">
    <p class='ocr_par' dir='ltr' id='par_1_114' title="bbox 2110 5751 2802 5828">
     <span class='ocr_line' id='line_1_114' title="bbox 2110 5751 2802 5828; baseline 0.001 -15"><span class='ocrx_word' id='word_1_792' title='bbox 2110 5777 2183 5826; x_wconf 79' lang='lat' dir='ltr'><strong>.‘x,</strong></span> <span class='ocrx_word' id='word_1_793' title='bbox 2246 5751 2507 5828; x_wconf 64' lang='lat' dir='ltr'><strong>probante</strong></span> <span class='ocrx_word' id='word_1_794' title='bbox 2567 5751 2802 5814; x_wconf 60' lang='lat' dir='ltr'><strong>Vulcatio.</strong></span> 
     </span>
    </p>
   </div>
   <div class='ocr_carea' id='block_1_115' title="bbox 2910 5757 3700 5813">
    <p class='ocr_par' dir='ltr' id='par_1_115' title="bbox 2910 5757 3700 5813">
     <span class='ocr_line' id='line_1_115' title="bbox 2910 5757 3700 5813; baseline -0.001 -2"><span class='ocrx_word' id='word_1_795' title='bbox 2910 5759 2952 5790; x_wconf 76' lang='grc'><strong>⁸⁷</strong></span> <span class='ocrx_word' id='word_1_796' title='bbox 2990 5759 3108 5812; x_wconf 81' lang='grc' dir='ltr'>κατ’</span> <span class='ocrx_word' id='word_1_797' title='bbox 3160 5760 3337 5813; x_wconf 66' lang='grc' dir='ltr'>αὐτόν.</span> <span class='ocrx_word' id='word_1_798' title='bbox 3397 5757 3558 5813; x_wconf 71' lang='grc' dir='ltr'><strong>Βειδιι.</strong></span> <span class='ocrx_word' id='word_1_799' title='bbox 3596 5757 3700 5812; x_wconf 75' lang='lat' dir='ltr'><strong>Gr.</strong></span> 
     </span>
    </p>
   </div>
  </div>
