4032 6192
339 193 468 258 1089

1323 195 1913 256 ECCLESIASTIC/E
1956 197 2340 260 HISTORIZE
2379 202 2523 262 LIB.
2567 193 2660 260 1U

3447 199 3585 263 1οιὶο

330 309 427 370 τὰς
461 305 511 358 el
552 300 813 357 τάναντία
875 299 1199 370 φρονοῦντες
1230 301 1600 371 ἐπολιόρκουν,
1627 302 1762 355 ἀλλὰ
1814 303 1906 355 καὶ

2014 313 2061 359 et
2089 308 2181 376 qui
2236 323 2293 362 se
2329 309 2398 361 ab
2442 309 2564 363 aliis
2603 307 2761 362 initio
2821 307 3263 378 praestantissimi
3309 307 3582 365 Eustathii

330 399 490 451 αὐταὶ
530 396 664 466 πρὸς
695 393 892 454 ἑαυτὰς
938 393 1272 456 ἐστασίαζον.
1311 394 1418 446 Καὶ
1461 394 1568 463 γὰρ
1602 395 1658 446 ὲν
1705 395 1904 447 Ἀντιο-

330 492 453 563 χείᾳ
487 492 610 562 διχῆ
639 492 700 543 τὸ
736 491 978 569 ὑγιαῖνρν
1027 490 1188 559 σῶμα
1226 491 1324 559 τῆς
1357 489 1683 559 Ἐκκλησίας
1722 490 1909 560 διῄρη-

329 601 411 640 το.
457 585 524 636 Οί
559 601 616 636 τε
646 583 754 654 γὰρ
789 583 849 648 ἐξ
889 582 1064 655 ἀρχῆς
1113 582 1409 635 Εὐσταθίου
1448 582 1606 652 χάριν
1633 581 1726 634 τοῦ
1773 599 1908 635 παν-

333 679 580 748 ευφήμου
648 677 758 728 τῶν
825 677 997 731 ἄλλων
1047 674 1435 744 ἀποκριθέντες
1494 673 1614 726 καθ’
1683 675 1910 737 ἑαυτοὺς

334 769 766 840 συνηθροίζοντο.
799 769 892 820 καί⁸
923 769 972 820 οί
1004 767 1142 836 μετὰ
1185 766 1448 819 Μελετίου
1481 765 1574 818 τοῦ
1604 765 1907 836 θαυμασίου

332 862 432 932 τῆς
473 861 816 932 Ἀρειανικῆς
851 860 1161 931 συμμορίας
1205 858 1586 931 χωρισθέντες,
1631 859 1688 911 ἐν
1719 861 1784 929 τῇ
1823 859 1911 910 λεο

332 953 542 1024 γομένῃ
590 953 634 984 ⁸⁸
689 953 900 1024 Παλαιᾷ
954 952 1053 1015 τὰς
1093 952 1436 1022 λειτουργίας
1477 950 1762 1002 ἐπετέλουν
1812 951 1910 1013 τὰς

331 1045 504 1108 θείας.
533 1045 643 1099 Καὶ
672 1041 739 1116 ἦν
776 1046 874 1115 μὲν
902 1045 1106 1098 τούτων
1151 1046 1418 1098 κάκείνων
1466 1044 1561 1115 μία
1601 1043 1910 1114 ήὸμολογία

333 1139 432 1208 τῆς
470 1137 726 1200 πίστεως·
759 1139 1019 1208 ἑκάτερον
1045 1138 1090 1168 ⁶⁹
1137 1137 1245 1206 γὰρ
1285 1137 1536 1206 σύστημα
1566 1138 1660 1205 τῆς
1687 1136 1730 1166 ⁷ο
1765 1138 1912 1188 ἐντε-

332 1230 518 1300 θείσης
553 1231 610 1282 ἐν
639 1230 844 1300 Νικαίᾳ
877 1229 1222 1291 διδασκαλίας
1257 1229 1614 1300 ὑπερεμάχει.
1662 1227 1812 1298 Μόνη
1855 1226 1910 1279 δὲ

337 1325 531 1387 αὐτοὺς
577 1325 692 1394 ἔρις
743 1325 838 1377 ἀπ’
874 1324 1117 1394 ἀλλήλων
1168 1323 1364 1392 διίστη.
1419 1325 1511 1376 καὶ
1543 1325 1576 1393 ἡ
1620 1324 1746 1392 περὶ
1785 1323 1911 1383 τοὺς

333 1417 670 1488 ἡγουμένους
693 1416 928 1479 διάθεσις
961 1416 998 1446 '“
1027 1414 1198 1488 [128].
1233 1415 1368 1468 Οὐδὲ
1390 1417 1435 1448 ⁷³
1472 1414 1580 1487 γὰρ
1613 1417 1646 1484 ἡ
1685 1415 1910 1484 θατέρου

333 1511 559 1581 τελευτὴ
599 1511 808 1564 διέλυσε
839 1509 936 1581 τὴν
966 1510 1268 1564 διάστασιν·
1306 1509 1416 1581 πρὸ
1454 1511 1564 1580 γάρ
1606 1510 1705 1579 τῆς
1735 1509 1910 1562 Μελε-

333 1603 448 1656 τίου
475 1603 801 1674 χειροτονίας
828 1601 1125 1655 Εὐσταθίου
1159 1601 1626 1671 τετελευτηκότος,
1677 1600 1772 1653 καὶ
1800 1600 1909 1652 τῶν

2009 412 2174 452 causa
2214 407 2588 468 scgregarant,
2619 400 2844 455 seorsim
2885 408 3191 455 conventus
3225 404 3460 470 agebant
3488 419 3501 454 :
3531 410 3583 454 ct

2009 490 2102 556 qui
2139 505 2196 543 se
2229 505 2352 541 cum
2385 489 2693 543 admirabili
2748 489 2962 544 Meletio
3002 493 3071 546 ab
3108 491 3312 547 Ariana
3346 493 3584 548 factione

2009 580 2411 647 disjunxerant,
2437 578 2488 631 in
2507 577 2705 643 Palam,
2726 596 2887 649 quam
2915 590 3129 645 vocant,
3161 582 3343 639 divina
3377 592 3582 654 myste-

2008 672 2088 724 ria
2118 669 2490 724 celebrabant.
2523 668 2761 738 Eratque
2795 681 2909 723 tum
2954 672 3183 725 istorum
3208 680 3322 725 tum
3359 675 3579 728 illorum

2011 775 2116 814 una
2154 759 2273 814 fidei
2303 758 2601 814 confessio.
2638 759 2864 829 Utrique
2893 763 3034 814 (inim
3064 765 3366 830 expositam
3389 765 3583 820 Nicaeae

2009 849 2320 904 doctrinam
2358 849 2799 919 propugnabant.
2835 851 2962 902 Sola
3001 852 3122 904 illos
3157 852 3324 924 916
3351 866 3583 909 conten-

2011 942 2108 1005 tio,
2147 951 2201 997 et
2263 941 2318 995 in
2377 942 2639 1012 praesules
2669 958 2798 996 suos
2834 957 2987 996 amor
3018 944 3312 998 divellebat
3355 965 3370 1001 :
3407 961 3470 1000 ac
3517 963 3583 1003 ne

2014 1040 2189 1086 morte
2245 1034 2463 1102 quidem
2511 1034 2740 1090 alterius
2794 1034 3062 1102 dirempta
3131 1043 3217 1089 est
3283 1035 3582 1091 discordia.

2013 1122 2226 1176 Mortuo
2256 1126 2400 1200 enim
2453 1133 2582 1180 ante
2624 1125 2822 1181 Melelii
2886 1126 3220 1180 creationem
3275 1127 3585 1192 Eustathio,

2011 1231 2133 1270 eum
2163 1213 2382 1284 pietatis
2419 1218 2682 1282 cultores,
2724 1228 2842 1289 post
2875 1220 3133 1274 exsilium
3182 1219 3380 1274 Meletii
3431 1237 3586 1274 crea-

2010 1319 2331 1388 tionemque
2370 1318 2584 1382 Euzoii,
2640 1320 2707 1373 ab
2765 1319 3057 1388 impiorum
3107 1322 3490 1378 communione
3529 1340 3588 1380 se

2013 1412 2432 1478 subduxissent,
2461 1425 2513 1466 et
2537 1423 2820 1482 separatos
2851 1424 3156 1470 conventus
3179 1415 3462 1480 haberent,
3492 1416 3589 1470 ad-

2015 1503 2144 1557 duci
2179 1519 2286 1559 non
2321 1512 2619 1573 potuerunt
2642 1506 3012 1569 Euslalbiani,
3040 1514 3097 1559 ut
3120 1521 3241 1560 cum
3267 1508 3346 1562 eis
3370 1523 3429 1563 sc
3451 1524 3586 1563 con-

2008 1596 2317 1667 jungerent.
2372 1595 2544 1664 Hujus
2598 1613 2727 1662 ergo
2785 1599 3189 1665 conjunctionis
3244 1601 3590 1670 perﬁciendae

333 1697 434 1763 τῆς
477 1696 755 1758 εὐσεϐείας
783 1695 1159 1764 ἀντεχομένων
1197 1693 1335 1764 μετὰ
1386 1693 1484 1764 τὴν
1523 1693 1785 1746 Μελετίου
1817 1693 1912 1762 μὲν

2017 1689 2156 1741 viam
2214 1687 2593 1757 rationemque
2645 1687 2913 1744 Eusebius
2963 1697 3016 1744 et
3063 1689 3287 1745 Lucifer
3330 1695 3587 1762 exquire-

333 1783 569 1853 ὲξορίαν,
620 1784 861 1847 Εὐζωῖου
918 1783 974 1835 δὲ
1033 1781 1386 1852 χειροτονίαν,
1422 1781 1522 1851 τῆς
1569 1781 1678 1832 τῶν
1723 1778 1912 1832 δυσσε-

333 1873 572 1926 ϐούντων
605 1874 886 1938 κοινωνίας
937 1875 984 1905 ⁷³
1031 1872 1456 1944 ἀποκριθέντων,
1488 1872 1583 1925 καὶ
1638 1869 1758 1924 καθ’
1781 1871 1909 1922 ἐαυ-

331 1969 458 2030 τούς
503 1966 1022 2038 συναθροιζομένων,
1083 1965 1422 2034 συναφθῆναι
1457 1965 1670 2026 τούτοις
1720 1964 1769 2014 οἱ
1813 1962 1906 2015 ἀπ’

335 2058 630 2112 Εὐσταθίου
662 2063 761 2130 τὴν
815 2059 1128 2129 ἐπωνυμίαν
1165 2059 1376 2128 ἔχοντες
1411 2058 1510 2111 οὐκ
1555 2055 1905 2124 ἐπείσθησαν.

2017 1779 2145 1832 bant
2183 1794 2196 1831 :
2238 1777 2542 1846 orabatque
2580 1776 2852 1834 Eusebius
2893 1779 3229 1847 Luciferum,
3260 1790 3318 1836 ut
3346 1784 3588 1838 Alexan-

2014 1868 2192 1923 driam
2237 1874 2466 1936 peteret,
2509 1877 2562 1921 et
2615 1883 2739 1922 cum
2776 1883 2972 1937 magno
3007 1869 3309 1926 Athanasio
3333 1885 3392 1926 ca
3425 1874 3492 1927 de
3530 1887 3590 1926 re

2014 1958 2470 2019 communicaret,
2497 1958 2598 2012 sibi
2630 1967 2808 2012 autem
2839 1961 3150 2016 concordia:
3179 1961 3419 2017 laborem
3444 1978 3590 2018 cura:

2015 2051 2283 2104 futurum.

333 2153 508 2222 Τῆσδε
561 2156 660 2222 τῆς
715 2152 1008 2221 συναφείας
1063 2155 1111 2205 ei
1159 2154 1286 2222 περὶ
1337 2153 1429 2205 τὸν
1484 2151 1741 2204 Εὐσέϐιον
1806 2148 1898 2202 καὶ
1935 2145 2244 2213 Λουκίφερα
2267 2143 2432 2210 πόρον
2484 2140 2783 2211 ἐπεζήτουν
2848 2145 3047 2214 εὑρεῖν.
3107 2145 3217 2198 Καὶ
3273 2145 3589 2218 Λουκίφερα

335 2242 436 2313 μὲν
479 2245 508 2296 ὀ
559 2243 818 2308 Εὐσέϐιος
883 2245 982 2315 τὴν
1042 2245 1448 2315 Ἀλεξάνδρειαν
1500 2243 1652 2312 ἠξίου
1733 2239 2081 2300 καταλαϐεῖν,
2137 2237 2230 2289 καὶ
2271 2235 2571 2304 Ἀθανασίῳ
2617 2235 2696 2306 τῷ
2753 2237 2972 2308 μεγάλῳ
3042 2236 3402 2292 κοινώσασθαι
3465 2241 3590 2309 περὶ

331 2331 547 2387 τούτου·
593 2332 756 2396 αὐτὸς
802 2333 860 2386 δέ
917 2351 980 2403 γε
1035 2333 1126 2388 τὸν
1177 2335 1305 2404 περὶ
1350 2333 1448 2402 τῆς
1491 2333 1533 2365 ⁷⁵
1586 2331 1907 2402 συμϐάσεως
1952 2327 2140 2400 ήθελεν
2196 2323 2549 2390 ἀναδέξασθαι
2575 2325 2620 2355 ⁷⁸
2678 2326 2856 2380 πόνον.

417 2533 556 2586 Ἀλλ’
613 2535 641 2586 ὁ
692 2535 969 2606 Λουκίφερ
1032 2537 1110 2598 είς
1189 2535 1288 2605 μὲν
1344 2534 1442 2606 τὴν
1510 2520 1951 2604 Ἀλεξάνδρειαν-ξ

333 2625 436 2680 οὐκ
478 2626 730 2693 ἀφίκετο.
780 2627 880 2697 τὴν
939 2605 1222 2697 ΫἈντιὸχου
1291 2627 1347 2680 δὲ
1401 2605 1566 2680 πόλιν
1625 2605 1950 2714 κατέλαϐε.

333 2718 570 2782 Πολλοὺς
613 2719 671 2772 δὲ
730 2723 858 2790 περὶ
925 2719 1251 2791 συμϐάσεως
1303 2719 1496 2788 λόγους
1547 2719 1640 2772 καὶ
1703 2718 1916 2781 τούτοις
1934 2743 1940 2790 νς

336 2809 610 2873 κάκείνοις
640 2810 1047 2881 προσενεγκὼν,
1075 2807 1194 2864 εἶτα
1240 2810 1363 2864 ἰδὼν
1393 2810 1772 2878 ἀντιλέγοντας
1785 2801 1934 2881 τούς]

336 2827 610 2873 κακεινοις
640 2828 1047 2881 προσενεγκων,
1075 2827 1194 2864 ειτα
1240 2827 1363 2864 ιοων
1393 2827 1772 2878 αντιηγοντας
1785 2827 1879 2862 του
1929 2827 1934 2854 ι

333 2903 435 2972 τῆς
487 2905 787 2958 Εὐσταθίου
837 2906 1168 2976 συμμορίας,
1206 2907 1392 2974 ήγεῖτο
1449 2905 1504 2958 δὲ
1533 2905 1734 2976 ταύτης
1761 2827 1938 3054 [Ιαῄ

336 2995 478 3054 λῖνος
529 2998 895 3054 πρεσϐύτερος
947 2999 1042 3054 ὢν.
1108 3000 1516 3054 ἐχειροτόνησεν
1576 3000 1776 3054 αὐτοῖς.
1811 3001 1910 3053 οὐκ

336 2995 478 3063 λῖνος
529 2998 895 3070 πρεσϐύτερος
947 2999 1042 3065 ὢν,
1108 3000 1516 3070 ἐχειροτόνησεν
1576 3000 1776 3065 αὐτοῖς,
1811 3001 1927 3066 οὐκ¹

336 3086 398 3145 εὖ
435 3108 500 3162 γε
551 3091 742 3156 ποιῶν,
773 3092 864 3146 τὸν
897 3091 1161 3146 Παυλῖνον
1183 3091 1499 3148 ἐπίσκοπον.

406 3291 575 3345 Τοῦτο
623 3291 719 3362 τὴν
772 3291 1055 3346 διάστασιν
1105 3291 1320 3362 ἐκείνην
1355 3290 1698 3362 μακροτέραν
1729 3289 1916 3360 είργά-

338 3399 488 3440 σατο.
547 3383 714 3437 Πέντε
770 3384 878 3453 γὰρ
931 3385 1026 3438 καὶ
1085 3384 1416 3456 ὀγδοήκοντα
1477 3383 1746 3454 διέμεινεν
1795 3383 1910 3455 ἔτη,

341 3475 504 3546 μέχρι
552 3478 650 3544 τῆς
718 3475 1068 3546 Ἀλεξάνδρου
1097 3475 1190 3529 τοῦ
1228 3477 1409 3548 πάσης
1457 3476 1732 3546 εὐφημίας
1761 3475 1912 3540 ἀξίου

339 3569 646 3639 προεδρίας·
706 3568 766 3632 ὃς
831 3570 932 3638 τῆς
995 3570 1310 3640 Ἀντιοχέων
1371 3571 1698 3640 Ἐκκλησίας
1738 3570 1915 3640 ὲγχει-

338 3660 546 3732 ρισθεὶς
593 3661 660 3715 τὰ
719 3661 974 3732 πηδάλια,
1037 3662 1214 3715 πάντα
1282 3663 1448 3734 πόρον
1505 3663 1754 3734 κινήσας,
1819 3664 1914 3716 καὶ

336 3755 519 3808 πᾶσαν
569 3754 708 3826 ὑπὲρ
757 3757 858 3825 τῆς
911 3754 1164 3824 ὁμονοίας
1215 3755 1533 3824 εἰσενέγκας
1581 3755 1817 3824 σπουδήν
1853 3772 1913 3808 τε

334 3848 428 3900 καὶ
480 3847 810 3918 προθυμίαν,
869 3847 930 3901 τὸ
970 3847 1372 3919 κεχωρισμένον
1435 3848 1593 3918 μέλος
1633 3847 1707 3919 τῷ
1740 3846 1914 3916 λοιπῷ

335 3939 432 4010 τῆς
478 3940 804 4010 Ἐκκλησίας
856 3941 1164 4011 συνήρμοσε
1218 3939 1452 4010 σώματι.
1483 3940 1614 3992 Τότε
1641 3939 1698 3992 δὲ
1735 3941 1779 3970 ⁷⁸
1816 3939 1913 4011 τὴν

335 4031 614 4083 διάστασιν
663 4033 691 4084 ὀ
752 4031 1028 4104 Λουκίφερ
1079 4031 1342 4101 αὐξήσας,
1402 4031 1653 4084 πλεῖστον
1695 4031 1752 4085 ὲν
1799 4033 1916 4085 Ἀν-

334 4123 543 4192 τιοχεία
613 4123 856 4194 διέτριψε
936 4124 1150 4194 χρόνον.
1207 4124 1267 4177 '0
1320 4123 1376 4176 δέ
1427 4141 1491 4192 γε
1536 4123 1792 4187 Εὐσέϐιος
1835 4129 1914 4192 είς

335 4215 434 4286 τὴν
497 4214 826 4284 Ἀντιόχειαν
881 4215 1232 4286 ἀφικόμενος,
1269 4217 1364 4269 καὶ
1399 4217 1562 4285 γνοὺς
1591 4217 1652 4268 ὲκ
1687 4216 1786 4285 τῆς
1813 4220 1913 4274 οὐκ

335 4311 547 4381 ἀγαθῆς
589 4311 833 4381 ίατρείας
889 4311 1139 4364 δυσίατον
1203 4311 1261 4364 τὺ
1313 4311 1480 4374 πάθος
1529 4313 1908 4381 γεγενημένον,

337 4403 417 4468 εἰς
476 4403 574 4473 τὴν
632 4401 870 4474 ἑσπέραν
902 4402 1262 4458 ἀπέπλευσεν.
1314 4403 1373 4456 ὐ
1425 4403 1481 4457 δὲ
1528 4404 1802 4475 Λουκίιρερ
1832 4407 1910 4470 εἰς

335 4495 433 4567 τὴν
485 4495 672 4568 Σαρδὼ
737 4495 1196 4567 παραγενόμενος,
1249 4496 1415 4568 ἕτερά
1485 4514 1608 4550 τινα
1658 4500 1768 4560 τοῖς
1819 4500 1910 4553 ὲκν

335 4589 741 4660 κλησιαστικοῖς
793 4587 1144 4660 προστέθεικε
1185 4589 1466 4660 δόγμασιν·
1527 4593 1576 4644 οἱ
1629 4589 1685 4642 δὲ
1743 4590 1912 4646 ταῦτα

336 4682 780 4752 καταδεξάμενοι,
838 4685 903 4737 ὲκ
968 4681 1070 4752 τῆς
1138 4681 1328 4736 τούτου
1393 4683 1762 4755 προσηγορίας
1823 4687 1914 4742 καὶ

337 4777 433 4844 τὴν
469 4778 782 4848 ἐπωνυμίαν
823 4777 1080 4850 εἰλήφασι
1114 4777 1180 4810 ’⁷το
1220 4777 1636 4850 Λουκιφεριανοὶ
1672 4777 1780 4847 γὰρ
1823 4783 1914 4835 ἐπὶ

337 4866 586 4921 πλεῖστον
629 4870 967 4940 ὠνομάζοντο
997 4870 1205 4942 χρόνον.
1253 4870 1491 4937 Ἀπέσϐη
1525 4871 1581 4923 δὲ
1622 4870 1718 4922 καὶ
1755 4873 1911 4934 τοῦτο

335 4957 398 5012 τὺ
440 4958 635 5034 δόγμα,
682 4963 774 5014 καὶ
822 4963 1091 5035 παρεδόθη
1128 4965 1192 5033 τῇ
1244 4963 1402 5035 λήθῃ.
1461 4963 1644 5016 Ταῦτα
1686 4963 1784 5033 μὲν
1817 4962 1909 5019 οὖν

339 5051 478 5122 μετὰ
503 5053 602 5125 τήν
631 5053 884 5108 ἐπάνοδον
913 5058 1018 5108 τῶν
1046 5057 1359 5110 ἐπισκόπων
1389 5057 1625 5124 ἐγένετο.

2091 2528 2212 2600 [Ch.
2251 2527 2314 2582 V.
2337 2526 2416 2599 5.]
2444 2529 2508 2582 At
2531 2527 2752 2584 Lucifer
2780 2529 3172 2588 Alexandriam
3203 2551 3311 2590 non
3344 2545 3427 2593 est
3463 2553 3589 2608 pro-

2017 2619 2217 2681 fectus,
2255 2619 2348 2674 sed
2379 2620 2725 2675 Antiochiam
2766 2623 3072 2678 contendit.
3113 2623 3212 2678 Ubi
3237 2631 3587 2684 concordiam

2015 2715 2030 2733 ‘
2063 2712 2354 2780 utriusque
2395 2711 2620 2780 copiosa
2651 2713 2904 2768 oratione
2932 2731 3054 2769 cum
3096 2719 3372 2786 suaderet,
3410 2739 3473 2777 ac
3502 2742 3588 2777 re.

2016 2802 2323 2856 clamantes
2358 2802 2569 2856 videret
2604 2803 3022 2871 Eustathianos,
3068 2822 3300 2876 quorum
3333 2812 3590 2884 princeps
3636 2823 3638 2826 '

2017 2901 2136 2948 erat
2161 2891 2427 2947 Paulinus
2457 2893 2765 2963 presbyter,
2785 2893 3077 2951 Paulinum
3112 2897 3267 2969 ipsis,
3298 2903 3444 2974 quod
3475 2906 3589 2963 fieri

2017 2986 2244 3040 minime
2272 2985 2484 3050 debuit,
2515 2985 2838 3059 episcopum
2870 2987 3166 3047 ordinavit.

1843 3093 1980 3159 --κίο

2085 3303 2172 3378 [Β.
2198 3314 2252 3362 et
2275 3305 2356 3362 St.
2389 3303 2466 3379 5.]
2507 3305 2579 3360 Ea
2614 3323 2704 3364 res
2726 3307 3128 3367 dissensionem
3179 3313 3324 3369 illam
3377 3317 3591 3374 diutur-

2014 3399 2221 3451 niorem
2252 3398 2450 3452 effecit.
2475 3397 2706 3454 Duravit
2727 3399 2872 3454 enim
2897 3402 3061 3458 annis
3098 3404 3340 3476 quinque
3363 3417 3419 3463 et
3445 3418 3592 3462 octo-

2013 3491 2185 3562 ginta,
2224 3507 2398 3561 usque
2434 3491 2500 3546 ad
2537 3493 2889 3563 praesulatum
2948 3494 3318 3554 laudatissimi
3350 3501 3587 3555 Alexan-

2011 3581 2119 3644 dri,
2162 3583 2278 3650 qui,
2307 3582 2658 3639 Autiochenze
2693 3582 2954 3641 Ecclesia:
2988 3587 3424 3657 gubernaculum
3461 3594 3591 3648 ade-

2015 3682 2159 3740 plus,
2198 3673 2304 3728 viis
2339 3673 2597 3729 omnilms
2637 3676 2885 3740 tentatis,
2939 3693 3266 3749 summoque
3313 3697 3413 3751 pro
3456 3697 3591 3738 con-

2013 3766 2200 3820 cordia
2252 3765 2436 3820 studio
2493 3775 2546 3822 et
2610 3768 2889 3825 voluntate
2943 3770 3209 3839 adhibita,
3263 3773 3588 3831 distractum

2014 3860 2322 3914 membrum
2344 3875 2467 3915 cum
2499 3861 2710 3930 reliquo
2745 3860 3006 3918 Ecclesiae
3027 3879 3261 3935 corpore
3288 3869 3586 3938 copulavit.

2013 3949 2116 4006 Sed
2150 3949 2392 4011 Lucifer.
2421 3958 2579 4004 aucta
2613 3959 2747 4006 tunc
2799 3953 3099 4018 discordia,
3154 3956 3318 4026 longo
3349 3968 3590 4028 tempore

2017 4041 2327 4094 Antiochia:
2381 4049 2625 4097 moratus
2656 4052 2758 4097 est.
2800 4042 3068 4100 Eusebius
3110 4046 3275 4117 917
3311 4063 3438 4102 vero
3475 4049 3589 4102 An-

2014 4134 2274 4188 tiochiam
2316 4149 2441 4186 cum
2494 4133 2758 4196 venisset,
2803 4136 3053 4189 morbum
3096 4152 3330 4192 cernens
3378 4154 3441 4194 ex
3476 4155 3584 4194 non

2013 4235 2162 4279 recta
2193 4223 2474 4278 curatione
2501 4220 2858 4277 difﬁciliorem
2894 4223 3122 4289 factum,
3159 4226 3211 4280 in
3245 4227 3584 4284 occidentem

2012 4317 2132 4370 vela
2170 4315 2318 4370 fecit.
2349 4313 2570 4372 Lucifer
2616 4325 2795 4370 autem
2846 4316 2900 4369 in
2942 4315 3250 4372 Sardiniam
3306 4335 3584 4388 reversus,

2016 4409 2118 4461 alia
2142 4407 2387 4478 qumdam
2421 4407 2818 4464 ecclesiasticis
2837 4408 3189 4479 dogmatibus
3213 4412 3435 4483 adjecit,
3468 4431 3588 4484 qua:

2014 4504 2107 4571 qui
2140 4501 2374 4570 amplexi
2408 4510 2536 4556 sunt
2572 4503 2640 4557 ab
2681 4502 2802 4572 ejus
2829 4501 3047 4558 nomine
3095 4519 3401 4574 cognomen
3434 4523 3586 4562 sum-

2011 4597 2263 4660 pserunt,
2297 4599 2350 4644 et
2374 4589 2713 4646 Luciferiani
2754 4589 2846 4645 diu
2894 4592 3147 4662 appellati
3206 4601 3353 4650 sunt.
3388 4593 3585 4651 Verum

2011 4683 2116 4735 hoc
2147 4697 2366 4751 quoque
2408 4682 2603 4754 dogma
2636 4684 2996 4747 exstinctum,
3027 4692 3080 4739 et
3127 4686 3402 4742 oblivione
3434 4703 3587 4754 pror-

2012 4791 2108 4830 sus
2141 4775 2380 4828 deletum
2407 4784 2513 4830 est.
2553 4775 2680 4830 Haec
2735 4775 2903 4847 igitur
2937 4785 3060 4848 post
3103 4779 3342 4833 reditum
3375 4780 3588 4850 episeo~
3677 4843 3682 4846 _

2014 4875 2206 4929 porum
2235 4867 2536 4938 contigere.

1627 5281 1862 5350 VARM‘I
1898 5285 2300 5344 LECTIONES.

408 5451 458 5548 ἔξ
483 5451 808 5548 καλουρμένη.
853 5455 1026 5548 ἔδεις’
1059 5458 1409 5548 cum'Stgpn.
1442 5463 1532 5548 “‘9
1571 5460 1866 5548 ἑκατέρων.
1909 5462 2085 5548 εἶπεὶιὸ
2121 5463 2214 5548 Gr.
2274 5464 2338 5548 ﬁ"
2382 5464 2941 5548 cﬁgﬁxﬂqclagfﬁ;
2966 5467 3130 5548 ἐκέ-ν..
3158 5471 3324 5527 Idem.
3391 5477 3433 5506 '“
3488 5476 3590 5548 τὴν

337 5519 594 5616 E3983-
636 5519 921 5616 ψεῖ-..εκ
1054 5529 1114 5616 ειύ
1143 5519 1404 5616 “c.3318.-
1442 5529 1585 5616 (ἐνκ.
1613 5519 2020 5616 τὶσῦμιεορὶοξεο
2053 5532 2240 5616 διυνέπι
2273 5535 2327 5588 ε·

2406 5535 2452 5566 “
2473 5537 2750 5618 Amicitias
2780 5535 2932 5618 abest
2950 5554 2988 5617 ἐι
3009 5539 3172 5618 llasil.
3199 5543 3293 5596 Gr.
3316 5555 3366 5599 ct
3399 5535 3587 5618 Steph.

339 5591 765 5660 τδὰναδέξεσθαὶ.
796 5591 1291 5668 αίιι·ἰει‹›ι)1ιοιε.’⁷⁶
1327 5600 1412 5672 δή.
1446 5601 1608 5657 Basil.
1640 5591 1774 5657 Gn.
1808 5591 1853 5633 ’⁷⁷
1881 5591 2163 5668 ἒδέξαντοί
2185 5604 2324 5659 Idem
2364 5620 2484 5660 cum
2523 5607 2710 5661 Savilii
2750 5618 2801 5663 ct
2846 5607 2960 5660 Ptni
2997 5591 3159 5664 codd.

3659 2613 3662 2640 l
