4032 6192
307 257 442 321 1θ93

1293 241 1886 312 ECCLESIASTIC/E
1925 241 2311 304 HISTORI/E
2349 244 2497 305 LIB.
2531 243 2647 303 Ill.

3433 238 3570 304 1094

309 366 494 436 μέντοι
536 359 712 415 πάντα
757 355 1038 429 ἐφορῶντα
1083 355 1360 428 ὀφθαλμὸν
1413 358 1474 411 οὐ
1528 357 1775 411 διέλαθον
1823 356 1892 420 ⁸³,

1998 367 2236 412 starunt.
2298 356 2498 413 Verum
2561 357 2743 412 omnia
2804 353 3266 425 contemplantem
3347 360 3570 410 oculum

306 455 420 510 ἀλλ’
468 453 656 506 ἔδοσαν
685 449 846 514 ἀξίας
871 447 964 503 τοῦ
989 448 1339 520 τολμήματος
1381 449 1556 512 δίκας.
1593 451 1749 503 Ὅσοι
1781 448 1888 518 γὰρ

305 546 369 616 δὴ
430 544 640 597 ἐκείνου
699 541 794 595 τοῦ
867 540 1070 610 μύσους
1136 541 1452 614 μετέλαχον,
1515 541 1890 612 ἐστερήθησαν

311 636 411 707 μὲν
435 633 545 688 τῶν
573 633 824 695 ὀδόντων,
851 632 1069 686 πάντων
1119 631 1263 686 κατά
1305 633 1502 686 ταυτὸν
1546 631 1592 664 ⁸⁸
1614 633 1892 685 ἐκπεπτω·

309 726 504 780 κότων·
533 723 907 794 ἐστερήθησαν
949 721 1006 774 δέ
1057 721 1335 790 γλωττῶν·
1396 721 1646 775 διέπεσον
1689 721 1735 753 ⁸⁸
1781 722 1892 791 γὰρ

308 819 405 873 καὶ
445 795 606 872 αὗταί
658 814 913 886 σηπεδόνι
962 812 1382 884 περιπεσοῦσαν
1427 813 1781 885 ἀφῃρέθησαν
1835 813 1891 866 δέ

309 912 404 966 καὶ
427 911 489 964 τὸ
531 909 775 980 βλέπειν,
817 907 911 961 καὶ
961 905 1050 959 διὰ
1093 905 1203 959 τῶν
1231 905 1571 976 παθημάτων
1593 905 1891 975 ἐκήρυττον

308 1006 408 1075 τῆς
449 1001 733 1066 εὐσεϐείας
772 999 874 1070 τὴν
925 997 1178 1070 δύναμιν.
1233 999 1323 1052 Ἑν
1372 996 1580 1069 Ἐμέσῃ
1621 996 1668 1028 ⁸⁸
1713 994 1772 1048 δὲ
1821 997 1890 1067 τῇ

309 1075 494 1167 ὁμόριρ
545 1093 721 1160 πόλει,
774 1091 1017 1162 Διονύσῳ
1042 1091 1122 1162 τῷ
1141 1089 1428 1160 γυναιώδει
1458 1090 1502 1121 ⁸⁷
1534 1088 1633 1160 τὴν
1660 1089 1890 1160 νεόδμη-

311 1204 400 1239 τον
448 1184 762 1256 ἀφιέρωσαν
815 1181 1134 1256 ἐκκλησίαν,
1191 1181 1255 1235 τὸ
1324 1179 1730 1248 καταγέλαστον
1796 1180 1892 1234 καὶ

311 1276 637 1347 ἀνδρόγυνον
664 1274 713 1306 ⁸⁸
742 1274 1054 1348 ἱδρύσαντες
1086 1272 1321 1344 ἄγαλμα.
1364 1273 1456 1326 Ἐν
1481 1271 1792 1344 Δορυστόλῳ
1821 1272 1889 1339 ⁸⁸,

315 1368 470 1432 πόλις
520 1366 576 1420 δέ
623 1365 765 1436 αὕτη
819 1367 917 1436 τῆς
978 1363 1200 1437 Θρᾴκης
1239 1364 1531 1434 ἐπίσημος,
1580 1362 1893 1433 Αἰμιλιανὸς

313 1461 342 1512 ὁ
377 1457 668 1528 νικηφόρος
711 1452 1017 1525 ἀγωνιστὴς
1063 1454 1168 1506 ὑπὸ
1213 1451 1596 1506 Καπετωλίνου
1641 1451 1736 1504 τοῦ
1793 1450 1893 1520 τῆς

315 1549 537 1620 Θρᾴκης
594 1545 813 1617 ἀπάσης
867 1546 1126 1618 ἄρχοντος
1165 1541 1438 1614 παρεδόθη
1489 1544 1657 1614 πυρᾷ.
1714 1543 1790 1596 Τὸ
1835 1541 1893 1596 δέ

313 1655 376 1707 γε
406 1639 638 1709 Μάρκου
693 1637 784 1691 τοῦ
835 1634 1195 1707 Ἀρεθουσίων
1245 1634 1544 1689 ἐπισκόπου
1582 1634 1765 1706 δρᾶμα
1794 1634 1893 1704 τῆς

1993 450 2220 506 minime
2248 451 2546 512 latuerunt,
2573 463 2873 520 pinnasque
2906 447 3175 502 dederunt
3209 455 3364 502 tanto
3379 447 3572 518 dignas

1995 541 2258 597 facinore.
2304 540 2438 594 Nam
2468 549 2734 610 quotquot
2798 539 3029 595 sceleris
3084 539 3232 594 illius
3279 539 3575 610 participes

1995 631 2252 698 fuerunt,
2284 633 2522 702 primum
2560 631 2772 696 dentes,
2804 633 2897 702 qui
2933 632 3097 686 simul
3125 631 3576 688 omnes'excide-

1993 735 2140 788 runt,
2173 724 2370 780 deinde
2405 723 2618 793 linguas
2661 723 2918 786 amisere,
2979 739 3100 792 qua:
3163 734 3216 777 et
3273 724 3406 794 ipsa:
3446 724 3575 778 tabo

1992 823 2335 886 consumpta:
2389 814 2746 880 defluebant;
2832 823 3111 884 postremo
3170 817 3332 870 etiam
3387 818 3566 872 oculis

1991 909 2170 966 orbati
2199 916 2350 974 sunt,
2378 917 2431 964 et
2465 923 2603 977 quas
2635 908 2782 964 vires
2820 909 2994 978 pietas
3029 908 3248 974 habeat,
3286 909 3573 964 calamita-

1993 1001 2140 1056 tibus
2164 1001 2280 1057 suis
2318 1000 2500 1056 testati
2524 1008 2676 1055 sunt.
2719 997 2930 1055 Emesae
2953 1013 3208 1068 quoque,
3245 999 3379 1054 urbe
3413 999 3577 1054 finiti-

1993 1109 2105 1159 ma,
2129 1093 2420 1150 ecclesiam
2446 1109 2477 1148 a
2494 1093 2826 1149 Christianis
2867 1107 3045 1163 nuper
3073 1099 3312 1146 erectam
3356 1092 3576 1146 Baccho

1992 1184 2245 1241 muliebri
2277 1185 2626 1250 dedicarunt,
2675 1183 3321 1254 statuamqueridiculam
3374 1185 3575 1254 gemini

1994 1292 2158 1333 sexus
2191 1277 2551 1332 collocarunt.
2591 1276 2865 1331 Dorostoli
2927 1284 3227 1346 praeterea,
3282 1291 3404 1343 qua:
3444 1276 3576 1331 urbs
3643 1297 3648 1300 ·

1993 1378 2077 1425 est
2113 1368 2366 1423 Thracia:
2389 1370 2407 1388 ⁶
2441 1369 2680 1435 nobilis,
2716 1367 3052 1424 Emilianus
3081 1367 3322 1422 invictus
3365 1367 3572 1420 athleta

1994 1476 2026 1516 a
2057 1460 2370 1532 Capitolino
2397 1462 2667 1516 universae
2696 1458 2946 1515 Thraciae
2989 1459 3222 1530 praeside
3271 1459 3326 1514 in
3378 1473 3572 1527 rogum

1993 1552 2400 1622 conjectusest.
2447 1550 2614 1606 Marci
2639 1565 2812 1616 vero,
2862 1550 3284 1606 Arethusiorum
3333 1549 3575 1619 episcopi

1995 1645 2262 1715 tragoedia
2300 1643 2548 1717 Escbyli
2605 1653 2660 1699 et
2693 1643 2988 1714 Saphoclis
3041 1641 3576 1714 grandiloquentiam

312 1730 583 1800 Αἰσχύλου
631 1730 727 1783 καὶ
783 1727 1115 1798 Σοφοκλέους
1146 1726 1317 1782 δεῖται
1353 1725 1784 1798 μεγαληγορίας,
1826 1726 1892 1779 ἵν’

1998 1741 2290 1806 desiderat,
2324 1748 2386 1795 ut
2418 1739 2539 1809 ejus
2563 1755 2838 1797 erumnas
2896 1754 2995 1810 pro
3029 1739 3242 1794 meritis
3267 1737 3575 1808 deplorent.

314 1822 480 1887 ἀξίως
519 1820 588 1874 τά
625 1821 835 1874 ἐκείνου
867 1819 1260 1891 τραγῳδὴσωσι
1312 1819 1482 1891 πάθη.
1527 1819 1679 1871 Ἐπεὶ
1714 1819 1762 1852 ⁹⁰
1787 1818 1890 1892 γὰρ

313 1909 468 1978 οὗτος
523 1913 579 1965 ἐν
625 1915 738 1974 τοῖς
785 1911 1164 1965 Κωνσταντίου
1227 1913 1438 1984 καιροῖς
1475 1910 1752 1965 εἰδωλικόν
1773 1928 1893 1965 τινα

315 2003 629 2067 καταλύσας
675 2002 841 2075 σηκὸν
900 2003 1194 2074 ἐκκλησίαν
1228 2002 1500 2073 ἐδείματο,
1533 2003 1623 2057 τὸν
1673 2005 1895 2058 Ἰουλια-

317 2098 408 2152 νοῦ
465 2095 846 2168 μεμαθηκότες
922 2093 1254 2166 Ἀρεθούσιον.
1305 2094 1527 2158 σκοπὸν,
1571 2095 1894 2166 ἐγύμνωσαν

316 2191 416 2260 τὴν
468 2187 811 2259 δυσμένειαν.
873 2187 932 2240 '0
981 2185 1040 2239 δέ
1093 2187 1308 2256 πρῶτον
1366 2186 1464 2256 μὲν
1511 2185 1892 2256 ἁποδράναι⁹¹

321 2283 464 2336 κατὰ
503 2281 593 2335 τὸν
632 2277 984 2348 εὐαγγελικὺν
1028 2277 1294 2348 ἐπειράθη
1340 2277 1523 2348 νόμον.
1581 2275 1798 2347 Ἐπειδὴ
1838 2275 1894 2328 δὲ

319 2375 462 2442 ἐγνω
494 2373 602 2426 τῶν
636 2372 728 2425 ὑπ’
774 2370 938 2424 αὐτὸν
968 2371 1083 2424 ἀντ’
1129 2367 1294 2424 αὑτοῦ
1334 2367 1686 2438 συνειλῆφθαι
1719 2384 1891 2432 τινας,

319 2463 561 2533 ἐπανῆκέ
619 2479 676 2514 τε
731 2460 824 2514 καὶ
884 2460 1076 2512 ἐαυτὸν
1132 2458 1210 2529 τῷ
1243 2458 1508 2529 μιαιφόνῳ
1532 2459 1577 2490 ⁹¹
1637 2458 1897 2524 ἐξέδωκεν

319 2555 477 2608 ἔθνει.
530 2554 590 2607 Οί
644 2553 701 2606 δὲ
729 2551 1004 2616 λαϐόντες,
1067 2549 1190 2604 οὕτε
1244 2549 1320 2612 ὠς
1370 2548 1682 2620 πρεσϐύτην
1709 2547 1897 2619 ᾤκτει-

321 2663 438 2718 ραν,
482 2643 604 2698 οὔτε
664 2644 739 2707 ὼς
767 2643 966 2713 ἀρετῆς
1012 2641 1314 2712 ᾐδέσθησαν
1366 2641 1716 2710 φροντιστήψ
1761 2638 1897 2694 ἀλλά

319 2739 412 2792 καὶ
468 2736 568 2806 βίῳ
621 2738 715 2790 καὶ
765 2735 906 2804 λόγῳ
956 2734 1046 2786 τὸν
1108 2733 1276 2803 ἄνδρα
1310 2731 1704 2802 κοσμούμενον,
1742 2730 1895 2800 πρῶ-

317 2847 408 2883 τον
464 2831 560 2900 μὲν
589 2827 848 2898 ᾐκίσαντο
892 2827 954 2878 τὸ
994 2824 1156 2895 σῶμα
1215 2823 1626 2894 γυμνώσαντες,
1665 2823 1898 2886 καὶτοῖς

324 2920 540 2990 μέλεσιν
591 2918 793 2972 ἅπασιν
833 2916 1112 2978 ἐπιθέντες
1151 2914 1249 2977 τὰς
1306 2915 1595 2984 μάστιγας·
1647 2909 1764 2966 εἶτα
1819 2915 1920 2977 εἰς.

323 3010 630 3081 ὑπονόμους
674 3008 930 3072 δυσώδεις
985 3007 1334 3078 ἐμόαλόντες,
1387 3005 1642 3062 κάκεῖθεν
1689 3007 1897 3075 ἀναγα-

322 3104 528 3171 γόντες,
565 3100 716 3176 [151]
745 3099 828 3170 τῷ
883 3098 1077 3170 πλήθει
1107 3097 1216 3152 τῶν
1241 3098 1540 3169 μειρακίων
1576 3097 1898 3168 παρέδοσαν,

321 3195 558 3262 ἀφειδῶς
603 3193 768 3247 αὑτὸν
813 3193 1166 3247 κατακεντεῖν
1214 3192 1261 3226 ³³
1289 3191 1409 3255 ταῖς
1444 3189 1668 3262 γραφίσι
1711 3189 1900 3242 κελεύ-

325 3306 536 3352 σαντες.
592 3287 750 3342 Μετά
789 3287 845 3340 δὲ
883 3286 1075 3350 ταῦτα,
1116 3287 1198 3348 είς
1243 3283 1518 3356 γύργαθον
1549 3281 1898 3353 ἐμϐαλόντες,

289 3433 292 3436 .
324 3383 419 3435 mi.
449 3381 602 3450 γάρῳ
639 3380 732 3434 καὶ
761 3379 936 3450 μέλιτι
978 3379 1287 3450 χρίσαντες,
1341 3375 1620 3448 ἐπαίθριον
1644 3377 1688 3408 ³⁵
1714 3376 1900 3448 ᾐώρη-

326 3490 426 3526 σαν
455 3475 512 3524 ἐν
538 3471 727 3543 θέρους
763 3473 938 3542 ἀκμῇ,
969 3471 1184 3540 σφῆκας
1219 3468 1356 3539 ὁμοῦ
1400 3469 1496 3522 καὶ
1536 3467 1790 3538 μελίττας
1818 3468 1899 3532 είς

327 3563 508 3634 θοίνην
541 3561 991 3634 προκαλούμενοι.
1027 3561 1213 3616 Ταῦτα
1236 3561 1293 3615 δέ
1325 3561 1516 3631 ἔδρων,
1563 3561 1708 3615 δυοῖν
1742 3560 1900 3615 θάτε-

329 3674 421 3729 ρον
471 3655 873 3724 ἀναγκάζοντες
935 3655 1006 3720 ⁸⁵,
1052 3655 1086 3725 ἢ
1142 3656 1236 3707 τὸν
1293 3655 1457 3724 σηκὸν
1516 3654 1608 3708 τέν
1661 3655 1897 3709 καταλυ-

327 3750 485 3804 θέντα
537 3747 895 3819 δομήσασθαι,
945 3745 978 3818 ἢ
1027 3746 1128 3817 τὴν
1175 3745 1274 3816 τῆς
1323 3745 1633 3816 οἰκοδομίας
1685 3745 1897 3800 ἐκτίσαι

323 3839 592 3910 δαπάνην.
635 3837 692 3891 ’0
753 3838 810 3891 δὲ
855 3836 967 3890 τῶν
1009 3835 1106 3907 μὲν
1147 3835 1397 3906 χαλεπῶν
1442 3835 1664 3890 ἐκείνων
1720 3836 1897 3907 παθη-

330 3932 515 4001 μάτων
564 3929 828 4000 ὴνείχετο,
876 3929 1096 4000 δράσειν
1127 3927 1186 3980 δέ
1225 3929 1334 3980 τῶν
1363 3926 1796 3997 προτεινομένων
1817 3927 1900 3980 οὺ-

325 4023 414 4076 δέν
466 4020 854 4090 ἐπηγγέλλετο.
900 4019 1128 4072 Ἐκεῖνοι
1162 4016 1242 4081 δέ,
1274 4015 1364 4070 διὰ
1405 4017 1596 4070 πενίαν
1623 4016 1785 4071 αὐτὸν
1822 4016 1897 4088 μὴ

328 4113 589 4182 παρέχειν
639 4109 992 4180 ὑπειληφότες
1028 4106 1100 4160 τά
1149 4109 1427 4178 χρήματα,
1481 4106 1550 4160 τὰ
1593 4107 1693 4176 μὲν
1724 4107 1900 4176 ἡμίση

327 4202 436 4256 τῶν
457 4200 827 4271 προταθέντων
855 4200 1086 4269 ἠφίεσαν
1115 4201 1184 4266 ⁸⁸,
1212 4200 1280 4254 τὰ
1301 4200 1434 4256 ἄλλα
1450 4199 1506 4253 δὲ
1543 4198 1842 4252 ἐκτιννύειν
1856 4201 1897 4232 ⁵⁷

327 4293 595 4348 ἐκέλευον.
639 4292 698 4345 ὐ
727 4291 783 4345 δὲ
821 4291 1208 4362 ἐξηρτημένος,
1245 4293 1340 4346 καὶ
1387 4291 1492 4346 ὑπό
1535 4308 1596 4344 τε
1621 4291 1730 4344 τῶν
1762 4309 1901 4362 γρα-

1995 1832 2098 1890 llic
2162 1833 2424 1904 quoniam
2479 1831 2789 1886 Constantii
2853 1829 3236 1899 temporibus,
3293 1828 3577 1883 destructo

1995 1922 2232 1993 quodam
2257 1921 2385 1976 fano
2413 1920 2712 1985 idolorum,
2743 1919 3031 1976 ecclesiam
3059 1919 3180 1988 ejus
3229 1918 3352 1972 loco
3399 1917 3574 1971 aedili-

1994 2020 2168 2076 carat,
2190 2010 2495 2076 Arethusii,
2528 2011 2701 2066 simul
2732 2025 2798 2065 ac
2840 2008 3048 2064 Juliani
3079 2016 3316 2063 mentem
3354 2021 3578 2078 perspe-

1994 2111 2138 2156 ctam
2163 2100 2496 2167 habuerunt,
2533 2100 2720 2154 odium
2769 2114 2882 2171 quo
2919 2099 3066 2153 hunc
3093 2099 3578 2168 prosequebantur

1994 2203 2477 2266 exprompserunt.
2507 2194 2628 2264 Ipse
2657 2205 2836 2249 autem
2874 2193 3146 2263 principio
3168 2191 3389 2262 quidem
3411 2205 3578 2246 eran-

1997 2286 2184 2356 gelicae
2211 2285 2314 2356 legi
2337 2286 2646 2353 obsequens
2672 2281 2859 2351 fugere
2881 2289 3112 2336 conatus
3141 2289 3246 2335 est.
3279 2279 3575 2349 Postquam

1995 2393 2128 2432 vero
2157 2375 2346 2429 didicit
2376 2374 2590 2444 aliquos
2619 2388 2686 2428 ex
2715 2373 2831 2428 suis
2862 2371 3035 2442 ipsius
3072 2372 3192 2426 vice
3214 2371 3578 2441 comprehen-

1997 2483 2112 2531 sos,
2148 2465 2372 2537 gradum
2399 2465 2606 2527 retulit,
2643 2471 2698 2518 et
2728 2479 2788 2520 se
2811 2464 3182 2532 sanguinariis
3206 2464 3319 2518 illis
3350 2462 3575 2532 objecit.

1997 2557 2168 2624 Quem
2194 2557 2270 2610 illi
2293 2555 2458 2625 920
2479 2564 2700 2627 captum
2726 2569 2824 2609 nec
2848 2554 3091 2610 miserati
3122 2562 3251 2610 sunt
3274 2565 3333 2608 ut
3367 2569 3578 2618 senem,

1999 2664 2102 2704 nec
2149 2656 2210 2702 ut
2257 2648 2476 2703 virtutis
2531 2654 2808 2701 amantem
2842 2645 3108 2701 reveriti:
3143 2645 3238 2700 sed
3275 2645 3473 2709 virum,
3528 2652 3582 2701 et

2000 2741 2126 2795 vita:
2157 2747 2212 2794 et
2258 2740 2525 2794 doctrina:
2579 2737 2922 2793 ornamentis
2980 2739 3358 2806 conspicuum,
3410 2737 3622 2808 primo-

1999 2832 2269 2887 nudantes
2305 2831 2625 2885 verberibus
2654 2829 2898 2894 caedunt,
2947 2836 3001 2884 et
3031 2829 3292 2883 membris
3323 2829 3584 2885 omnibus

2003 2924 2190 2993 plagas
2218 2921 2474 2990 infligunt
2505 2938 2519 2974 :
2559 2919 2761 2974 deinde
2794 2920 2850 2972 in
2875 2918 3094 2974 fmtidas
3130 2919 3351 2974 cloacas
3395 2919 3584 2990 conje-

2002 3022 2174 3075 ctum,
2209 3019 2376 3081 atque
2399 3011 2525 3066 inde
2555 3018 2683 3080 pust
2723 3009 3004 3075 eductum,
3042 3011 3580 3067 adolescentulorum

2002 3105 2148 3176 gregi
2189 3102 2762 3171 tradunt,jubentque
2804 3110 2864 3156 ut
2899 3118 3025 3158 cum
3071 3103 3231 3173 stylis
3287 3118 3394 3158 non
3453 3119 3583 3173 par-

2003 3197 2178 3252 cendo
2211 3193 2552 3250 confodiant.
2587 3193 2719 3250 Post
2750 3195 2868 3249 inec
2895 3195 2948 3248 in
2984 3194 3208 3249 corbem
3234 3195 3576 3265 impositum,

2001 3301 2246 3358 garoque
2275 3300 2340 3340 ac
2375 3282 2536 3340 melle
2573 3284 2900 3347 delibutum,
2935 3285 3039 3339 sub
3071 3285 3164 3339 dio
3199 3295 3336 3341 mslu
3384 3286 3585 3341 arden-

2004 3379 2219 3434 tissimo
2246 3376 2672 3446 suspenderunt,
2725 3390 2923 3444 vespas
2984 3385 3037 3429 et
3082 3392 3214 3446 apes
3281 3377 3345 3432 ad
3400 3391 3583 3433 escam

2003 3471 2322 3526 invitantes.
2364 3467 2496 3534 Quae
2523 3468 2594 3523 ab
2629 3467 2738 3521 illis
2783 3467 2908 3522 ideo
2965 3468 3186 3529 ﬁebant,
3235 3476 3292 3521 ut
3349 3469 3584 3522 duorum

2002 3565 2233 3618 alterum
2262 3566 2679 3629 extorquerent,
2698 3558 2784 3613 vel
2823 3566 2880 3612 ut
2913 3557 3101 3613 fanum
3133 3559 3280 3628 quod
3313 3567 3586 3614 everterat

2013 3656 2371 3718 instauraret,
2402 3651 2489 3706 vel
2540 3651 2818 3720 impensas
2861 3651 2929 3706 ad
2992 3652 3134 3705 idem
3191 3653 3586 3707 exstruendum

2001 3747 2289 3818 praeberet.
2331 3744 2400 3798 At
2435 3743 2528 3798 ille
2545 3742 2908 3814 gravissimos
2941 3743 3225 3798 cruciatus
3261 3743 3547 3813 perferens
3569 3778 3587 3804 ,

2001 3838 2138 3892 nihil
2154 3851 2348 3892 eorum
2367 3850 2488 3905 quae
2503 3842 2876 3904 proponerent
2893 3834 3165 3889 facturum
3186 3850 3245 3890 sc
3263 3834 3588 3889 aflirmabat.

2001 3929 2238 3993 Etcum,
2271 3935 2481 3983 tantam
2519 3927 2764 3997 pecuniae
2796 3926 2904 3981 vim
2930 3935 3154 3997 prepter
3179 3927 3417 3998 inopiam
3447 3942 3587 3997 prte-

2001 4020 2129 4076 bcre
2154 4019 2308 4092 illum
2337 4034 2445 4073 non
2479 4033 2644 4088 posse
2689 4017 2820 4083 rati,
2870 4017 3100 4072 dimidia
3132 4025 3286 4087 parte
3325 4017 3587 4078 remissa,

2001 4113 2267 4182 reliquam
2302 4109 2512 4164 exsolvi
2542 4109 2798 4178 juberent
2826 4121 3170 4178 :suspeusus
3193 4107 3307 4176 ipse
3325 4106 3590 4176 stylisque

2001 4202 2272 4264 confixus,
2301 4209 2354 4256 et
2380 4216 2410 4255 a
2439 4201 2622 4271 vespis
2644 4200 2949 4271 apibusque
2977 4200 3256 4269 depastus,
3290 4213 3397 4253 non
3427 4198 3591 4252 modo

2005 4295 2464 4369 significationem
2520 4293 2729 4349 doloris
2764 4293 2970 4348 nullam
3023 4291 3212 4358 dabat,
3264 4290 3358 4346 sed
3392 4291 3590 4361 impios

329 4387 496 4456 φίδων
530 4383 907 4455 κεντούμενος,
965 4383 1072 4437 ὑπό
1119 4400 1180 4438 τε
1223 4383 1331 4439 τῶν
1381 4385 1612 4455 σφηκῶν
1653 4386 1744 4440 καὶ
1793 4387 1896 4441 τῶν

2004 4386 2323 4451 deridebat,
2359 4385 2593 4456 illosque
2657 4383 2838 4439 aiebat
2890 4381 3130 4436 humiles
3184 4397 3308 4438 esse
3339 4389 3393 4437 et
3431 4391 3590 4436 teme

332 4476 599 4549 μελιττῶν
648 4475 985 4546 ἐσθιόμενος,
1027 4473 1091 4528 ού
1143 4475 1302 4545 μόνον
1337 4476 1440 4530 οὐκ
1467 4476 1654 4548 ἐδήλου
1684 4477 1782 4542 τὰς
1808 4479 1904 4532 ἀλ-

327 4570 579 4640 γηδόνας,
634 4566 772 4622 ἀλλά
803 4568 897 4621 καὶ
954 4565 1265 4633 ἐπετώθαζε
1319 4570 1432 4631 τοῖς
1493 4567 1754 4632 ἀνοσίοις,
1797 4569 1903 4624 ’καὶ

328 4663 510 4732 ἔλεγεν
565 4661 763 4724 αὐτοὺς
830 4660 931 4730 μὲν
1005 4653 1146 4713 εἶναι
1205 4660 1580 4731 χαμαιζήλους
1631 4662 1728 4715 καὶ
1781 4662 1903 4714 ἐπι-

330 4754 533 4820 γείους,
581 4752 744 4807 αύτὲν
785 4751 832 4784 ’⁸
883 4751 940 4806 δὲ
994 4749 1196 4821 ὑψηλὸν
1258 4752 1352 4805 καὶ
1407 4751 1700 4823 μετέωρον.
1741 4752 1906 4816 Τέλος

329 4842 384 4896 δέ
411 4844 580 4914 βραχύ
626 4862 680 4897 τι
712 4845 897 4916 μόριον
924 4843 1033 4897 τῶν
1051 4844 1095 4876 ⁹⁹
1150 4843 1448 4914 χρημάτων
1474 4844 1761 4915 ἐξῄτησαν·
1797 4845 1825 4897 ὁ
1848 4844 1904 4898 δὲ

1997 4479 2211 4545 aﬂixos,
2238 4493 2299 4536 se
2345 4478 2622 4534 excelsum
2660 4484 2714 4530 et
2743 4474 3052 4538 sublimem.
3089 4473 3226 4527 Cum
3283 4473 3350 4527 ad
3409 4481 3592 4529 extre-

1999 4587 2148 4626 mum
2178 4569 2432 4641 exiguam
2466 4579 2674 4624 tantum
2697 4567 2934 4637 aliquam
2968 4580 3196 4621 summae
3225 4573 3435 4635 partem
3487 4581 3587 4619 cx-

2005 4671 2341 4735 poscerent,
2399 4663 2547 4734 paris
2611 4660 2906 4730 impietatis
2963 4675 3087 4716 esse
3130 4659 3450 4730 respondit,
3507 4660 3590 4713 vel

2002 4735 2223 4810 obolum
2256 4771 2423 4810 unum
2449 4753 2600 4815 dare,
2621 4760 2674 4807 et
2695 4752 2881 4807 omnia
2910 4753 3060 4807 dare.
3125 4750 3204 4805 Ita
3243 4750 3371 4805 victi
3423 4749 3586 4804 dimi-

2015 4856 2204 4904 serunt
2231 4862 2380 4912 cum,
2420 4846 2789 4902 constantiam
2822 4845 2943 4916 ejus
2971 4843 3128 4900 valde
3146 4843 3504 4909 admirantes,
3536 4848 3590 4896 et

1637 5039 1870 5095 VAle
1904 5039 2317 5098 LECTIONES.

400 5138 447 5170 ⁸³
476 5136 747 5205 διέφυγον.
789 5136 976 5206 Steph.
1006 5137 1061 5198 2,
1089 5136 1282 5206 Epiph.
1305 5205 1312 5206 ί
1334 5152 1436 5190 non
1491 5147 1771 5204 potuerunt
1799 5138 2026 5206 c/fugere

333 5207 521 5277 Steph.
548 5209 599 5268 1,
634 5206 822 5277 Epiph.
848 5207 1198 5277 deﬂuyerunt.

331 5280 367 5332 ι.
403 5274 454 5332 (ί.
485 5293 534 5331 c.
563 5277 652 5330 16.
680 5274 771 5346 ξῗθ
800 5279 859 5346 ἐν
889 5274 1024 5346 aliis?)
1058 5277 1267 5331 addunt
1289 5274 1464 5330 Basili
1514 5274 1611 5330 cr;
1644 5284 1699 5330 et

2144 5139 2191 5171 ”
2220 5138 2403 5192 ταύτό.
2458 5137 2620 5209 Basil.
2665 5135 2759 5190 Gr.
2835 5137 2884 5209 εξ
2907 5136 3206 5209 διέρευσαν.
3245 5137 3389 5209 Idem
3444 5151 3588 5190 cum.

1299 5205 1346 5277 ξ’
1390 5207 1620 5277 Ἐμήσῃ.
1663 5206 1850 5277 Steph.
1883 5205 1938 5262 Ξ.
2012 5210 2056 5241 ⁸⁷
2084 5209 2277 5276 γυνίδι,
2314 5209 2350 5262 i.
2383 5223 2432 5262 e.
2478 5208 2816 5277 androgyno.
2854 5205 3028 5277 Basil'1
3077 5206 3172 5261 Gr.
3228 5216 3281 5260 et
3321 5207 3590 5277 Epiphan.

1782 5277 1932 5348 tepb:
1962 5293 2086 5332 cum
2117 5278 2316 5348 Epiph.

2393 5277 2440 5308 ⁸⁵
2469 5277 2528 5328 ἐν
2562 5275 2872 5345 Δοροστόλῳ
2893 5277 2968 5330 δέ.
3003 5275 3166 5330 Basil.
3193 5275 3406 5343 Grteci;
3438 5276 3596 5330 Nice-

331 5331 487 5418 phor.
512 5346 586 5418 ill.
615 5344 820 5418 E.X,9
857 5356 909 5400 ct
933 5331 1285 5418 Epiphanius,
1311 5347 1534 5400 rectius.
1611 5347 1658 5418 ?°
1681 5331 2070 5418 tegmenta.
2101 5331 2262 5403 Gil-ﬁert
2287 5347 2590 5418 Stephani
2613 5331 2664 5418 A“
2695 5331 3014 5418 ἀποδράσαι.
3042 5331 3329 5402 Βιιεὶιξϐτ.
3394 5331 3449 5418 ’ξ’
3482 5349 3596 5408 τοῖς

333 5415 635 5487 μιαιφόνοις
671 5417 950 5483 ἐξέδωκεν.
991 5416 1164 5487 Idem.
1244 5415 1290 5447 "
1316 5417 1675 5487 κατακεντᾷν.
1708 5415 1873 5469 Idem.

1959 5417 2006 5448 "
2023 5417 2326 5487 ύπαίθρων.
2364 5415 2858 5487 Ιίίεηι.-”Υπαιθρον
2891 5418 3252 5487 Nicephorus.
3328 5418 3373 5450 ’⁵
3401 5416 3595 5487 δρᾶσαι

328 5471 479 5540 δυοῖν
539 5471 766 5558 θάτερον
819 5489 1020 5558 ἀναγκ.
1053 5484 1168 5558 Ρίιιί
1188 5492 1271 5558 _et
1313 5471 1670 5558 Savilicodd.
1693 5488 1848 5537 Δυοῖν
1881 5484 2000 5558 θατ.
2022 5471 2217 5555 δρᾶσαὶ
2247 5489 2446 5558 ἀναγκλ.
2481 5471 2798 5558 Cltristopli.
2839 5495 2892 5539 et
2921 5471 3188 5558 Scaliger.
3218 5471 3310 5520 Si"
3338 5471 3592 5558 ἀφίεσαν.

331 5558 608 5620 Itasil.Gr.
637 5553 690 5611 et
715 5557 903 5626 Steph.
926 5625 945 5626 η
981 5553 1334 5626 ⁹⁷ἐκτείνε-ιν.
1381 5553 1542 5626 iiasil.
1599 5553 1694 5626 Gr.
1747 5571 1846 5626 pro
1883 5553 2135 5626 ἐκτίνειν.
2212 5558 2255 5591 ³⁸⁸
2291 5553 2483 5611 ἑαυτὸν
2519 5555 2596 5610 δέ.
2625 5553 2768 5610 Idem
2803 5572 2926 5611 cum
2988 5553 3175 5626 Steph.
3253 5559 3296 5588 9"
3322 5553 3602 5612 Articulus

330 5630 482 5685 abest
511 5644 539 5682 a
566 5622 888 5699 Stephau'et
922 5625 1084 5678 Basil.
1112 5624 1205 5678 Gr.
1253 5622 1346 5676 llic
1383 5623 1542 5681 habet
1573 5625 1735 5680 etiam
1768 5625 2119 5696 ἐξῃτήσαντο.
