4032 6192
288 323 313 391 ί
324 328 421 392 θυι

901 419 1149 478 ΚΕΦΑΛ.
1188 425 1277 488 ς’.

293 529 370 583 Τὰ
398 527 556 582 ’κατὰ
585 523 692 578 τὸν
722 523 792 590 ἐν
823 518 1026 588 Δάφνῃ
1055 516 1410 590 Ἀαζᾴζλωνα
1429 553 1442 577 ,
1467 511 1570 565 -καὶ
1605 510 1755 564 κατὰ
1778 509 1884 562 τὸν

824 587 1012 660 ’ἅγιον
1042 587 1346 641 Βαϐὐλαν.

371 685 662 750 Ἰουλιανὸς
699 684 755 739 δὲ
791 681 1032 754 Πέρσαις
1058 674 1486 750 ἐπιστρατεῦσαι
1537 672 1884 744 βουλόμενος,

290 784 369 847 είς
397 781 613 836 ἅπαντα
646 778 744 848 μὲν
795 775 863 828 τὰ
910 773 1053 828 κατὰ.
1098 771 1197 843 τὴν
1249 767 1540 841 Ῥωμαίων
1587 765 1885 837 ἡγεμονίαν

293 875 605 946 χρηστήρια
632 871 758 934 τοὺς
799 865 1190 942 εὐνουστάτους
1227 862 1336 916 τῶν
1365 858 1622 931 ὑπηκόων
1649 858 1886 928 ἐξέπεμ-

293 967 414 1037 ψεν,
443 963 606 1027 αὐτὸς
629 962 686 1016 δέ
712 961 803 1015 τὸν
833 958 1032 1013 Πύθιον
1072 956 1164 1010 τὸν
1190 953 1457 1023 Δαφναῖον
1485 950 1692 1005 ἱκέτευε
1709 948 1885 1019 δηλῶ-

293 1077 385 1114 σαι
418 1056 566 1126 αὐτῷ
609 1055 676 1110 τὰ
731 1053 967 1124 ἐσόμενα
993 1050 1057 1106 "‘.
1105 1049 1164 1102 Ὀ
1211 1047 1270 1100 δὲ
1321 1045 1447 1109 τοὺς
1481 1041 1886 1114 γειτονεύοντας

292 1149 522 1221 νεκροὺς
545 1147 648 1219 ἔφη
682 1143 932 1217 ἐμποδὼν
966 1140 1212 1212 γίνεσθαι
1243 1141 1308 1211 τῇ
1337 1136 1586 1209 μαντείᾳ,
1611 1135 1704 1188 καλ¹
1744 1135 1884 1206 χρῆ-

296 1260 382 1296 ναι.
414 1238 636 1302 τούτους
671 1239 934 1309 πρότερον
981 1234 1062 1298 είς
1107 1233 1293 1303 ἕτερον
1337 1229 1703 1302 μετατεθῆναι
1731 1228 1883 1302 [153]

293 1333 491 1405 χωρίον
516 1371 533 1399 ,
566 1326 668 1384 εἷθ’
708 1329 879 1392 οὕτως
917 1325 1252 1396 ἀπαγγεῖλαι
1300 1323 1400 1393 τὴν
1449 1323 1776 1396 πρόρρησιν.
1807 1323 1882 1376 Οὐ

293 1425 402 1497 γὰρ
433 1424 498 1478 ἂν
532 1421 743 1493 εἴποιμί
770 1439 843 1486 τι,
878 1422 955 1490 μὴ
1005 1423 1105 1476 τοῦ
1129 1416 1390 1487 τεμένους
1421 1414 1880 1487 ἐκκαθαρθέντος.

361 1515 497 1569 Κατ’
527 1514 733 1568 ἐκεῖνον
759 1510 814 1564 δὲ
868 1510 958 1563 τὸν
1001 1509 1194 1578 καιρὸν
1226 1505 1414 1584 αὐτόθι
1466 1504 1754 1561 κατέκειτο
1788 1504 1882 1561 τοῦ

293 1605 599 1661 καλλινίκου
647 1604 932 1676 ’μάρτυρος
963 1599 1179 1654 Βαὸύλα
1227 1598 1458 1664 καὶτῶν
1517 1598 1886 1670 συναθλησάν-

292 1718 399 1754 των
434 1698 584 1770 αὐτῷ
631 1695 932 1770 μειρακίων
981 1693 1050 1746 τὰ
1104 1691 1351 1763 λείψανα·
1399 1692 1496 1746 καὶ
1540 1688 1702 1768 δῆλος
1753 1687 1883 1763 ἦνηό

1246 305 1840 371 ΕΩΩΙΕΞΙΑΒΤΙΟᾹΞ
1883 306 2453 374 ΗΙΞΤΟΗῙίΕΙᾸΒ.
2498 311 2612 371 ΙΙΙ.

1911 425 1958 478 Α

3444 309 3579 375 1098

2397 421 2549 477 CAP.
2589 421 2676 476 γι.
2711 422 2795 494 Iv.
2835 421 2918 478 to.
2953 421 3051 478 cn.
3087 421 3166 496 9.]

2151 514 2227 569 De
2269 513 2510 582 Apolline
2552 513 2847 584 Daphnwo,
2878 524 2926 568 et
2971 523 3154 570 sancto
3189 512 3420 586 Babyla.

2061 671 2317 728 Julianus
2367 678 2571 738 autem,
2618 686 2744 728 cum
2793 673 3196 744 expeditionem
3249 680 3473 743 pararet
3523 672 3577 726 in

1992 765 2210 832 Persas,
2251 766 2317 822 ad
2353 764 2614 823 universa
2661 765 2878 836 imperii
2902 763 3138 822 Romani
3170 767 3396 822 oracula
3431 766 3579 821 lidis—

1989 859 2162 914 simos
2193 873 2417 914 suorum
2458 857 2631 924 misit,
2658 857 2774 928 ipse
2796 873 2927 912 vero
2949 857 3205 930 Pythium
3240 856 3574 929 Dapltnteum

1989 952 2208 1016 oravit,
2250 957 2310 1006 ut
2358 965 2480 1021 quae
2525 951 2631 1006 sibi
2682 959 2948 1006 eventura
3001 959 3189 1022 essent
3238 953 3575 1009 ostenderet.

1985 1043 2150 1114 923
2206 1042 2510 1114 Respondit
2569 1043 2697 1106 ille,
2753 1043 2972 1098 obstare
3029 1044 3315 1102 vaticiniis
3366 1046 3576 1102 vicinos
3667 1042 3670 1045 ’

1989 1145 2428 1208 mortuos,quos
2471 1136 2579 1190 alio
2627 1135 2782 1206 prius
2822 1135 3112 1192 transferri
3156 1144 3430 1207 oporteat,
3460 1147 3577 1194 tum

1989 1230 2214 1285 oracula
2267 1228 2518 1284 fundere.
2560 1226 2708 1284 Nihil
2744 1228 2888 1284 enim
2928 1227 3188 1301 possum,
3221 1229 3456 1289 aitmun
3491 1243 3579 1285 re-

1987 1327 2220 1391 purgato
2251 1319 2374 1376 luco
2402 1309 2755 1390 respondere.

2059 1485 2230 1568 Erant
2260 1525 2427 1584 porro
2457 1513 2514 1568 in
2555 1527 2620 1568 eo
2653 1507 2735 1587 [Β.
2770 1511 2850 1566 St.
2894 1511 3008 1585 10.]
3050 1509 3181 1568 tunc
3221 1513 3343 1568 loco
3380 1514 3578 1568 trium—

1988 1601 2208 1672 phantis
2236 1600 2493 1671 martyris
2522 1596 2759 1673 Babylte,
2786 1609 2840 1658 et
2873 1602 3289 1659 adolescentum
3324 1606 3418 1675 qui
3451 1621 3576 1660 cum

1988 1709 2056 1751 eo
2093 1688 2474 1759 decertarunt,
2517 1693 2798 1765 reliquiae,
2831 1695 3078 1766 satisque
3129 1697 3426 1767 apparebat
3477 1696 3580 1752 fal-

291 1793 654 1864 ψευδόμαντις
693 1790 798 1843 ὑπὸ
853 1788 954 1858 τῆς
1006 1785 1217 1839 ἐκείνου
1247 1785 1291 1816 ”‘
1331 1785 1554 1857 χάριτος
1615 1785 1715 1855 τῆς
1758 1798 1880 1837 συν-

1993 1801 2116 1843 sum
2141 1793 2322 1842 vatem
2349 1801 2380 1840 a
2415 1793 2690 1842 consueto
2725 1785 3018 1842 mendacio
3054 1787 3203 1856 illius
3241 1789 3417 1860 gratia
3452 1806 3580 1860 pro-

292 1886 457 1957 ήθους
485 1883 833 1955 ψευδολογίας
854 1878 1191 1952 εἰργόμενος.
1209 1879 1382 1932 Τοῦτο
1400 1877 1463 1948 δὴ
1481 1878 1574 1932 καὶ
1602 1877 1887 1942 Ἰουλιανὸς

292 1974 495 2038 συνεὶς,
519 1973 582 2027 ἐκ
616 1972 724 2044 γὰρ
766 1971 867 2042 τῆς
897 1970 1136 2034 παλαιᾶς
1193 1967 1476 2032 εὐσεϐείας
1514 1967 1744 2037 ἐγνώκει
1777 1968 1885 2022 τῶν

292 2070 606 2141 νικηφόρων
633 2066 934 2140 μαρτύρων
961 2065 1061 2136 τὴν
1093 2049 1350 2135 δύναμιν,
1373 2063 1500 2116 ἄλλο
1542 2063 1640 2134 μὲν
1675 2061 1885 2116 ἐκεῖθεν

292 2162 442 2215 οὐδὲν
477 2160 803 2232 μετεκόμισε
838 2156 1020 2229 σῶμα,
1057 2157 1232 2229 μόνων
1267 2155 1386 2209 δὲ¹⁶
1419 2155 1530 2210 τῶν
1573 2157 1884 2228 νικηφόρων

288 2252 590 2325 μαρτύρων
609 2251 676 2306 τὰ
698 2251 926 2322 λείψανα
945 2252 1057 2314 τοῖς
1075 2248 1168 2304 τοῦ
1188 2249 1424 2322 Χριστοῦ
1440 2249 1732 2314 θιασώταις
1753 2267 1882 2322 μετ-

294 2351 536 2418 ενεγκεῖν
555 2346 968 2418 παρηγγύησεν.
989 2348 1050 2402 Οἱ
1068 2347 1122 2401 δὲ
1144 2346 1393 2418 ἁσμένως
1411 2343 1523 2397 "ab
1541 2343 1702 2408 ἄλσος
1719 2361 1886 2398 κατα-

293 2442 570 2504 λαϐόντες,
611 2440 704 2494 καὶ
729 2440 822 2492 ἐπὶ
865 2439 1093 2508 ζεύγους
1125 2437 1430 2500 τεθεικότες
1484 2426 1880 2508 τὴν’).ἀρνακα.

293 2532 566 2604 πανδημεὶ
596 2531 800 2603 ταύτης
838 2530 1069 2602 ἡγοῦντο
1097 2530 1436 2602 χορεύοντες.
1465 2528 1560 2582 καὶ
1591 2527 1690 2596 τὴν
1709 2530 1882 2582 ·Δαυῖ-

291 2625 450 2696 τικὴν
505 2623 725 2695 ᾄδοντες
774 2623 1064 2694 μελῳδίαν,
1109 2624 1204 2678 καὶ
1243 2621 1366 2677 καθ’
1420 2620 1650 2674 ἕκαστον
1708 2620 1882 2675 κῶλον

294 2715 782 2786 ἐπιφθεγγόμενοι·-
826 2733 844 2768 ι
894 2715 1352 2786 Αίσχυνθήτωσαν
1390 2711 1591 2776 πάντες
1617 2712 1664 2765 οἱ
1709 2729 1882 2784 προσ-

292 2806 583 2868 κυνούντες
628 2804 742 2868 τοῖς
790 2803 1068 2875 γλυπτοῖς.
1103 2823 1122 2854 ι
1170 2797 1380 2857 Ἦτταν
1423 2801 1533 2872 γὰρ
1563 2800 1657 2855 τοῦ
1694 2801 1917 2884 δαίμοη

293 2917 382 2964 νος
410 2898 790 2970 ὑπελάμϐανον
819 2897 913 2951 τοῦ
949 2897 1228 2969 μάρτυρος
1263 2895 1364 2967 τὴν
1401 2893 1807 2994 μετάὶστασινη.

900 2989 1153 3044 ΚΕΦΔΛ.
1190 2991 1262 3043 Z'.

540 3081 680 3153 Περὶ
731 3079 1034 3149 Θεοδώρου
1082 3080 1188 3134 τοῦ
1238 3084 1630 3154 ὀμολογητοῦ.

1989 1879 2189 1937 hiberi.
2223 1877 2385 1946 Quod
2439 1877 2698 1936 Julianus
2727 1894 2950 1950 quoque
2997 1881 3336 1952 intelligens,
3375 1891 3435 1937 ut
3482 1885 3577 1954 qui

1989 1987 2053 2029 ex
2087 1973 2313 2043 antiqua
2367 1965 2568 2044 pietate
2610 1978 2957 2042 perspectam
2994 1971 3222 2028 haberet
3277 1983 3576 2046 martyrum

1989 2065 2314 2135 potentiam,
2349 2063 2501 2120 aliud
2519 2064 2740 2136 quidem
2766 2063 2896 2120 inde
2927 2079 3130 2138 corpus
3157 2067 3369 2121 nullum
3403 2075 3580 2124 trans-

1989 2156 2150 2222 tulit,
2179 2157 2277 2212 sed
2313 2157 2646 2212 invictarum
2678 2165 2984 2229 martyrum
3016 2157 3281 2227 reliquias
3308 2157 3578 2214 duntaxat

1987 2257 2046 2308 ut
2071 2259 2442 2321 exportarent,
2461 2249 2793 2306 Christianis
2815 2251 3118 2322 imperavit.
3157 2251 3260 2319 Qui
3297 2254 3366 2309 ad
3393 2254 3577 2309 lucum

1986 2343 2288 2402 libentibus
2334 2345 2534 2402 animis
2573 2344 2829 2416 profecti,
2858 2355 2912 2402 et
2944 2360 3073 2402 arca
3121 2347 3369 2418 plaustro
3405 2349 3579 2421 impo-

1988 2435 2122 2500 sita,
2164 2435 2416 2507 publicos
2456 2436 2699 2492 universi
2739 2437 2942 2494 choros
2981 2437 3248 2501 ducentes
3289 2442 3576 2511 praeibam,

1987 2528 2341 2600 psalmosque
2367 2527 2662 2584 Davidicos
2692 2528 3077 2595 concinentes,
3109 2531 3175 2586 ad
3209 2533 3325 2588 cola
3361 2534 3574 2606 singula

1988 2619 2406 2676 inclamabant:
2442 2638 2461 2673 ι
2499 2619 2925 2676 Confundantur
2967 2635 3181 2688 omnes,
3219 2625 3311 2694 qui
3349 2625 3580 2683 adorant

1987 2711 2264 2784 sculptilia
2283 2719 2334 2767 η.
2379 2729 2398 2764 ›
2441 2710 2714 2767 Damionis
2743 2710 2889 2767 enim
2922 2711 3285 2783 dejectionem
3319 2719 3578 2790 martyris

1985 2803 2408 2860 translationem
2425 2803 2972 2879 interpretabantur.

2257 2982 2412 3038 CAP.
2440 2981 2553 3038 Vll.
2595 2982 2678 3055 [Β.
2712 2982 2794 3039 St.
2824 2981 2888 3039 Υ.
2926 2985 3010 3042 Η.
3048 2985 3146 3042 Ch.
3187 2989 3300 3062 10.]

2409 3074 2487 3130 De
2522 3074 2794 3131 Theodoro
2833 3078 3150 3148 confessore.

373 3177 661 3240 Ἰουλιανὸς
689 3175 745 3229 δέ
797 3173 896 3246 τὴν
943 3173 1192 3228 ἐντεῦθεν
1242 3175 1391 3248 αὐτῷ
1436 3153 1880 3248 Ῠπροσγινομένην

2053 3168 2125 3248 At
2159 3164 2435 3234 Julianus,
2464 3167 2706 3235 inustam
2737 3168 2841 3226 sibi
2867 3187 2934 3226 ex
2962 3187 3026 3227 ea
3059 3189 3117 3229 rc
3154 3173 3434 3233 infamiam
3467 3194 3573 3234 non

294 3274 558 3345 αἰσχύνην
580 3272 679 3326 οὐκ
699 3268 960 3340 ἐνεγκὼν,
991 3270 1056 3340 τῇ
1090 3268 1351 3342 ὑστεραίᾳ
1373 3271 1498 3335 τοὺς
1536 3271 1634 3342 τῆς
1663 3270 1881 3341 χορείας

294 3365 508 3436 ἐκείνης
539 3363 813 3435 ἡγεμόνας
865 3359 1239 3432 συλληφθῆναι
1293 3361 1614 3431 προσέταξε.
1649 3362 1880 3416 Σαλλού-

298 3473 444 3519 στιος
465 3455 522 3508 δὲ
553 3454 798 3525 ὕπαρχος
825 3451 899 3506 ὣν
929 3451 1252 3520 τηνικαῦτα,
1287 3453 1460 3506 καίτοι
1501 3455 1566 3526 τῇ
1596 3453 1882 3526 δυσσεϐείᾳ

293 3547 584 3611 δουλεύων,
631 3549 812 3600 πεῖσαι
849 3547 939 3600 τὸν
998 3546 1263 3617 τύραννον
1293 3545 1564 3617 ἠϐουλήθη
1614 3547 1677 3613 ’θ’
1723 3545 1883 3618 δόξης

297 3639 609 3710 ἐφιεμένοις
641 3641 754 3702 τοῖς
784 3638 1130 3709 Χριστιανοῖς
1159 3636 1232 3709 μὴ
1262 3640 1566 3710 παρασχεῖν
1592 3638 1652 3692 τδ
1684 3638 1883 3693 ποθού-

301 3751 481 3805 μενον.
532 3730 676 3787 Ἰδὼν
707 3731 761 3784 δέ
789 3731 938 3801 ὅμως
967 3729 1059 3783 τὸν
1098 3729 1324 3799 βασιλέα
1348 3731 1590 3802 ἐγκρατῆ
1633 3730 1881 3800 γενέσθαι

291 3827 390 3884 τοῦ
421 3826 594 3899 θυμοῦ
651 3824 726 3898 μὴ
763 3823 1080 3894 δυνάμενον,
1111 3822 1228 3876 νέον
1289 3822 1443 3888 τινὰ,
1473 3822 1622 3895 ζήλῳ
1673 3823 1802 3896 θείῳ
1836 3824 1881 3855 ὀ

295 3920 690 3992 κοσμούμενον,
734 3915 1023 3988 βαδίζοντα
1068 3914 1208 3970 κατὰ
1236 3914 1334 3986 τὴν
1369 3914 1578 3988 ἀγορὰν
1607 3916 1878 3987 ἁρπάσας,

297 4012 391 4066 καὶ
418 4010 654 4080 δημοσία.
697 4007 884 4062 τοῦτον
916 4005 1013 4060 ἐπὶ
1043 4004 1201 4071 ξύλου
1252 4004 1558 4076 κρεμάσας,
1598 4005 1752 4071 ίμάσι
1783 4005 1882 4074 μὲν

299 4103 363 4156 τὰ
400 4101 546 4155 νῶτα
591 4099 905 4164 κατέξανεν,
940 4089 1098 4162 όνυξι
1125 4095 1184 4149 δὲ
1217 4093 1445 4167 διώρυξε
1470 4095 1571 4158 τὰς
1602 4096 1842 4168 πλευράς
1864 4109 1878 4123 ⁹

299 4194 390 4248 καὶ
414 4190 572 4244 τοῦτο
594 4188 761 4243 ποιῶν
789 4187 1112 4251 διετέλεσεν,
1148 4185 1318 4239 ἕωθεν
1349 4185 1678 4257 ἀρξάμενος,
1719 4187 1881 4260 μέχρι

296 4283 568 4357 ληγούσης
602 4283 832 4352 ἡμέρας.
882 4275 1030 4333 Είτα.
1063 4277 1212 4348 αὐτῷ
1237 4279 1306 4333 τὰ
1354 4281 1418 4332 ἐκ
1463 4279 1680 4350 σιδήρου
1709 4279 1881 4351 δεσμὰ

299 4380 562 4449 περιῡεὶς,
597 4373 930 4444 φυλαχθῆναι
988 4370 1308 4441 προσέταξε.
1345 4369 1532 4424 Ταῦτα
1583 4370 1751 4425 ἕωθεν
1789 4371 1881 4424 τὸν

309 4466 595 4524 Ἰουλιανόν
614 4465 854 4533 διδάξας,
876 4463 969 4518 καὶ
994 4462 1089 4517 τοῦ
1106 4462 1229 4516 νέου
1253 4464 1351 4534 τὴν
1382 4463 1678 4536 καρτερίαν
1707 4463 1878 4532 ἀπαγ-

301 4550 506 4619 γείλας,
539 4550 748 4604 ἑαυτῶν
781 4550 882 4620 μὲν
912 4544 1086 4622 ἧτταν
1121 4548 1283 4635 εἶναι,
1308 4551 1418 4606 τῶν
1446 4553 1504 4606 δέ
1525 4553 1873 4622 Χριστιανῶν

304 4640 556 4699 εὔκλειαν
590 4643 741 4712 ἔλεγε
767 4643 832 4696 τὰ
867 4643 1149 4712 γινόμενα.
1188 4643 1348 4698 Οὕτω
1401 4645 1644 4709 πεισθεὶς
1677 4648 1704 4700 ό
1754 4644 1872 4700 θεο-

309 4731 496 4803 μίσης,
527 4735 703 4790 ταῦτα
731 4733 925 4787 ποθεῖν
952 4734 1178 4803 έτέροδς
1206 4735 1308 4789 οὐκ
1340 4736 1513 4791 είασε.
1547 4735 1657 4790 Καὶ
1685 4733 1871 4806 μέντοι

223 4852 228 4857 -
307 4826 401 4878 καὶ
425 4827 518 4880 τὸν
537 4827 814 4898 Θεόδωρον
841 4827 1097 4886 ἐκέλευσε
1152 4829 1250 4900 τῆς
1288 4831 1512 4902 εἱρκτῆς
1561 4830 1831 4903 ἀφεθῆναι
1847 4839 1872 4896 ⁸,

307 4913 466 4970 τοῦτο
495 4919 604 4988 γὰρ
640 4915 710 4989 ἦν
738 4920 913 4990 δ’νομα
941 4921 1020 4991 τῷ
1056 4921 1159 4992 νέῳ
1183 4923 1376 4995 ἐκείνῳ
1406 4923 1502 4978 καὶ
1518 4923 1751 4992 γενναίῳ
1772 4922 1875 4992 τῆς

295 5003 555 5076 ἀληθείας
607 5007 906 5080 ἀγωνιστῇ.
938 5007 1088 5083 [154]
1127 5010 1326 5064 Τοῦτον
1378 5011 1573 5083 ἤροντό
1627 5029 1789 5078 τινες,
1828 4998 1888 5068 εί

291 5097 388 5165 τῆς
413 5095 608 5167 ὀδύνης
631 5098 897 5170 ὲπῄσθετο
926 5100 1026 5164 τὰς
1061 5102 1262 5172 πικρὰς
1285 5089 1498 5168 ὲκείνας
1532 5104 1625 5158 καὶ
1653 5103 1874 5175 ὠμοτά-

292 5203 388 5251 ιας
440 5188 740 5259 ὑπομείνας
796 5190 1091 5260 βασάνους·
1126 5196 1152 5247 ὁ
1181 5195 1236 5248 δὲ
1281 5193 1381 5267 ἔφη
1435 5197 1534 5268 τὴν
1567 5198 1666 5270 μὲν
1703 5199 1876 5272 ἀρχὴν

358 5325 385 5355 υ
409 5318 555 5376 Psal.
591 5337 735 5389 xcvi,
771 5323 822 5378 7.

1954 3286 1960 3292 -
1985 3246 2422 3327 ferens,cltore:n
2449 3259 2598 3320 illius
2628 3259 2798 3316 duces
2823 3269 3040 3332 postera
3073 3267 3160 3322 die
3183 3271 3574 3340 comprehendi

1980 3354 2167 3424 jussit.
2210 3352 2508 3424 Sallustibs
2545 3367 2709 3420 vero,
2762 3363 2895 3409 tunc
2945 3360 3206 3429 temporis
3259 3363 3573 3431 praefectus,

1982 3461 2296 3518 quanquam
2361 3447 2629 3517 impietati
2685 3448 2923 3513 deditus,
2983 3453 3318 3520 persuadere
3390 3468 3575 3512 tamen
3627 3457 3632 3462 ’

1983 3546 2001 3559 ’
2034 3547 2271 3611 tyranno
2314 3547 2545 3596 conatus
2575 3547 2681 3605 est,
2716 3556 2783 3596 ne
2814 3539 3146 3599 Christianis
3182 3545 3368 3616 gloriae
3409 3563 3574 3619 appe-

1984 3629 2226 3686 tentihus
2277 3628 2326 3684 id
2358 3638 2671 3699 praestaret
2716 3630 2861 3702 quod
2904 3634 3188 3703 optabant.
3216 3636 3407 3711 ’924
3466 3637 3572 3697 Sed

1984 3736 2109 3776 cum
2149 3721 2537 3792 imperatorem
2589 3723 2800 3779 videret
2829 3725 3195 3796 comprimere
3230 3728 3369 3784 iram
3415 3746 3572 3788 suam

1983 3830 2092 3869 non
2129 3828 2312 3884 posse,
2343 3814 2747 3872 adolescentem
2780 3817 3094 3888 quemdam,
3120 3819 3308 3877 divino
3337 3823 3454 3880 zelo
3478 3823 3575 3880 ila-

1982 3913 2255 3977 grantem,
2293 3907 2348 3961 in
2404 3907 2528 3963 foro
2582 3908 2870 3980 corripuit,
2904 3919 2958 3967 et
3009 3915 3299 3985 suspendit
3356 3897 3574 3989 publice

1983 3999 2040 4053 in
2071 4000 2242 4071 ligno,
2268 3989 2505 4072 ejusque
2537 4011 2686 4074 terga
2718 4003 2852 4058 loris
2883 4004 3123 4070 credens,
3153 4008 3322 4063 latera
3352 4013 3570 4082 ungulis

1983 4090 2171 4161 period
2179 4094 2316 4160 iens,
2331 4103 2582 4166 torquere
2600 4099 2752 4155 illum
2775 4116 2936 4159 mane
2957 4105 3189 4162 adorsus
3205 4107 3270 4161 ad
3287 4123 3566 4178 vesperam

1983 4196 2158 4252 usque
2186 4199 2292 4236 non
2322 4183 2533 4240 destitit
2565 4195 2708 4244 :tum
2729 4188 2924 4247 ferreis
2949 4193 3184 4251 vinculis
3203 4197 3563 4253 constrictum

1981 4273 2034 4328 in
2069 4276 2374 4331 custodiam
2406 4277 2576 4333 dedit.
2619 4280 2686 4335 Et
2717 4284 2980 4352 postridie
3031 4284 3252 4342 Iuliano
3285 4303 3398 4344 rem
3436 4305 3566 4346 nar-

1981 4380 2130 4432 rans,
2165 4367 2637 4443 adolescentisque
2683 4376 3054 4432 constantiam
3103 4394 3566 4450 commemorans,

1982 4475 2140 4516 suam
2183 4461 2428 4532 ipsorum
2469 4463 2681 4521 cladem
2724 4465 2839 4523 haec
2886 4471 3074 4525 testari
3123 4471 3325 4541 aiebat,
3354 4483 3409 4531 et
3445 4477 3566 4549 glo-

1981 4558 2117 4613 riam
2149 4559 2609 4618 Christianorum.
2635 4563 2756 4630 Quo
2774 4573 3060 4636 permotus
3084 4567 3177 4626 Dei
3209 4571 3406 4638 hostis,
3425 4573 3566 4630 alios

1981 4653 2236 4710 similiter
2286 4654 2448 4728 amigi
2499 4657 2672 4712 vetuit
2709 4676 2722 4712 :
2757 4660 2892 4730 quin
2931 4669 2986 4718 et
3042 4661 3388 4722 Theodorum
3438 4668 3566 4741 (hoc

1981 4746 2127 4800 enim
2185 4747 2559 4814 adolescenti,
2609 4759 2836 4808 strenuo
2891 4754 2972 4810 illi
3024 4757 3274 4814 veritatis
3325 4759 3563 4826 athletae,

1983 4851 2180 4892 nomen
2209 4837 2348 4908 erat)
2382 4839 2614 4895 liberum
2643 4857 2674 4898 e
2703 4857 2924 4901 carcere
2949 4845 3128 4902 emitti
3159 4851 3432 4920 praecepit.
3462 4850 3567 4918 Qui

1981 4937 2202 5000 rogatus
2233 4946 2260 4985 a
2295 4922 2649 5003 quibusdam,
2671 4937 2870 5008 ecquid
2894 4937 3102 4996 doloris
3127 4943 3411 5009 sensisset,
3439 4959 3563 4998 cum

1979 5021 2178 5078 acerba
2209 5023 2301 5079 illa
2327 5031 2384 5080 et
2415 5026 2660 5083 crudelia
2685 5036 2958 5087 tormenta
2991 5032 3312 5099 sustineret,
3334 5049 3564 5104 respon-

1978 5112 2058 5170 tlit
2093 5130 2152 5171 se
2200 5115 2357 5171 initio
2401 5118 2622 5188 quidem
2654 5120 2995 5191 aliquantum
3029 5124 3237 5181 doloris
3265 5123 3514 5182 sensisse
3545 5145 3558 5182 :

1978 5215 2166 5279 postea
2200 5224 2330 5268 vero
2357 5211 2680 5284 apparuisse
2706 5215 3017 5284 quemdam,
3041 5216 3136 5288 qui
3169 5217 3426 5276 sudorem
3459 5218 3562 5290 ipsi

1607 5451 1846 5510 VARIAE
1888 5455 2290 5516 LECTIONES.

350 5568 398 5651 ξι
425 5573 476 5627 ol
507 5574 576 5651 τᾲ
613 5575 867 5651 ὲσἏ-Βιιε.
897 5578 992 5651 Gr.
1018 5587 1071 5651 et
1110 5577 1297 5651 Steph.

417 5585 476 5662 9⁷⁸
497 5585 576 5662 ,τᾳ
613 5585 867 5662 ὲ⁶⁶ιιδί¹β’
897 5585 973 5662 Ψ
978 5620 992 5635 ⁸
1018 5587 1071 5662 Et
1110 5585 1297 5662 Stepjh
1382 5585 1450 5662 ,Ἰ
1480 5588 1721 5662 ἐκείνων.
1777 5590 1963 5662 Steph.
1995 5594 2050 5649 2.
2143 5597 2187 5630 ιο
2210 5596 2324 5652 ἀλλ’
2347 5598 2377 5652 δ

287 5644 467 5728 adipe,
484 5644 764 5728 Edvovﬂde,
783 5649 994 5728 etcllta
1022 5649 1189 5728 Ba_s_il.
1209 5644 1313 5707 'Gr.
1340 5660 1394 5709 et
1416 5653 1680 5728 διερὴοηί
1707 5644 1892 5726 codd:

2409 5600 2508 5677 μὲν
2533 5602 2759 5677 ἐκεῖθεν,
2780 5603 2958 5677 Δοὐδὲν
3007 5604 3198 5676 νεκρὸν
3228 5604 3556 5677 μετικόμισε

1911 5678 2226 5748 quanquam
2246 5669 2449 5748 _$tepb.
2471 5672 2508 5726 2
2533 5673 2698 5748 habet
2713 5673 3028 5748 ἀλλων-μὲν,
3057 5669 3162 5731 etc.
3229 5669 3285 5748 ἰζ
3305 5669 3557 5746 ἄσμὲνοι.

283 5710 610 5816 BaSilZGr.‘
658 5715 702 5748 “
740 5710 1050 5790 μετάθεσιν.
1087 5719 1378 5778 Idemcttm
1419 5710 3560 5816 ἔι’ἓῖἓῖιῖιῗ“”ἶῖ’θῗῖ‹ξ›’τιᾙὲιιιΒέἕιῗῗῖἶὲζ

451 5813 722 5877 Parnm.
758 5818 872 5878 Gn.
920 5819 1241 5880 LXXXII.

3201 5843 3276 5900 33

4016 4211 4017 4276 ἶ

4015 4749 4017 4822 Ι

4015 4931 4017 4998 ᾇ

4015 5051 4017 5078 ι

4015 5107 4017 5170 ἶ

4015 5171 4017 5218 1
