4032 6192
576 310 728 376 εΗθὸ

1571 309 2064 378 THEODORETI
2103 308 2440 377 EPISCOPI
2474 304 2837 373 CYRENSIS

3705 309 3861 377 1164

581 439 708 480 cum
737 423 927 496 epulas
956 424 1023 480 de
1055 438 1207 481 more
1235 423 1550 492 lustrasset,
1585 441 1648 481 ac
1676 427 1894 497 piaculo
1927 430 2152 500 polluis-

2256 425 2447 498 πρώτῃ
2485 424 2768 496 παραστὰς
2815 417 2970 488 οὗτος
2997 427 3060 496 τῇ
3097 423 3361 496 βασιλέως
3392 426 3622 492 στιϐάδι,
3652 429 3750 481 καὶ
3782 434 3858 482 τε

581 528 686 586 set,
718 518 998 574 curriculo
1033 517 1319 593 contendit
1353 517 1726 587 Antiochiam,
1778 529 1832 576 et
1867 522 2151 577 admiran-

581 610 704 663 dam
733 608 923 664 adiens
956 607 1254 664 feminam:
1296 629 1314 662 ι
1357 608 1470 680 Ego
1507 611 1729 681 quidem
1771 612 1838 668 ad
1888 622 1938 668 te
1973 616 2154 684 venio,

581 701 782 770 inquit,
818 700 963 756 sicut
993 699 1352 770 promiseram
1380 717 1393 753 :
1425 709 1485 754 tu
1508 701 1629 755 vide
1658 710 1718 756 ut
1743 703 1963 774 utrique
1991 705 2154 760 saluti

580 793 910 864 prospicias,
959 799 1012 847 et
1054 792 1327 862 promissa
1365 800 1612 862 praestes.
1652 791 1806 871 [Illa
1859 811 1985 851 mox
2025 810 2157 851 con-

582 899 816 955 surgens
845 883 1251 940 adolescentem
1281 883 1506 939 deducit
1535 884 1600 938 ad
1631 885 1812 940 virum
1856 886 1950 942 Dei
1988 871 2153 942 Mele-

583 976 742 1038 tium,
785 973 879 1044 qui
912 972 1080 1043 jussit
1127 988 1250 1028 eum
1289 974 1345 1028 in
1394 974 1681 1044 superiore
1743 973 1967 1044 hospitii
2002 983 2155 1045 parte

583 1064 806 1120 interim
831 1063 1162 1119 .consistere.
1196 1062 1264 1118 At
1310 1072 1466 1132 pater
1502 1062 1672 1118 filium
1704 1079 1956 1133 quaerens
1987 1073 2154 1118 totam

589 1157 867 1228 Dapbncm
895 1156 1239 1222 circumibat,
1277 1171 1646 1226 reversusque
1673 1156 1726 1210 in
1756 1156 1948 1211 urbem
2000 1156 2156 1210 vicos

586 1257 640 1304 et
685 1249 1006 1318 angiportus
1053 1247 1443 1318 perlustrabat,
1481 1249 1674 1304 oculos
1709 1264 2153 1319 quoquoversum

585 1339 888 1408 conjiciens
913 1339 1077 1408 huius
1104 1337 1416 1393 inveniendi
1445 1338 1743 1394 desiderio.
1765 1337 2009 1394 Tandem
2031 1355 2152 1394 cum

585 1429 656 1486 ad
693 1446 817 1485 eum
864 1430 1047 1485 locum
1080 1429 1444 1501 pervenisset,
1495 1430 1588 1485 ubi
1619 1430 1993 1486 diversorium
2039 1439 2157 1487 erat

587 1523 808 1589 Meletii,
864 1521 1096 1579 sublatis
1127 1524 1301 1578 oculis
1349 1523 1482 1578 vidit
1532 1523 1682 1578 illum
1727 1523 2153 1594 prospicientem

585 1629 682 1684 per
709 1613 1006 1678 cancellos,
1027 1621 1081 1668 ct
1109 1628 1407 1669 accurrcns
1435 1613 1705 1683 corripuit
1750 1622 1805 1668 et
1845 1612 2150 1677 abstraxit,

585 1705 918 1778 domumque
949 1707 1239 1760 reductum
1272 1707 1590 1764 verberibus
1620 1707 1856 1777 primum
1886 1706 2153 1761 acerrime

2256 515 2362 585 δψα
2391 515 2533 569 κατά
2561 515 2622 568 τὸ
2652 515 2776 580 ἔθος
2809 515 3103 588 διαῤῥάνας
3132 516 3226 569 καὶ
3257 515 3351 570 τοῦ
3395 516 3600 588 μύσους
3627 519 3852 592 ἐμπλῄ-

2259 625 2376 675 σας,
2412 609 2595 679 δρόμῳ
2643 607 3009 679 χρησάμενος,
3061 609 3160 678 τὴν
3221 607 3499 678 Ἀντιόχου
3549 610 3852 676 κατέλαϐε,

2259 700 2353 753 καὶ
2383 699 2520 771 πρὸς
2547 698 2646 772 τὴν
2677 699 2986 770 θαυμασίαν
3017 698 3234 770 ἐκείνην
3262 699 3594 770 ἀφικόμενος
3627 701 3854 774 ἀνθρωο

2257 808 2355 844 πον
2375 807 2388 820 ·
2419 810 2438 843 ι
2482 789 2622 859 Ἐγὼ
2660 791 2767 862 μὲν
2798 791 2919 860 ἥκω
2949 807 3052 856 σοι,
3082 791 3207 861 ἔφη,
3248 790 3322 862 μὴ
3350 790 3691 861 ψευσάμενος
3741 795 3848 865 τὴν

2258 882 2553 953 ὑπόσχεσιν
2583 898 2596 911 °
2664 883 2727 936 σὺ
2759 881 2817 934 δὲ
2863 882 3136 951 σωτηρίας
3165 881 3429 951 ἑκατέρας
3456 883 3839 955 ἐπιμελήθητε,

2256 976 2350 1028 καὶ
2380 975 2476 1044 τὴν
2511 973 2842 1042 ἐπαγγελίαν
2869 974 3041 1044 ἐκπλή
3053 964 3242 1045 ρωσον.
3260 992 3277 1025 ι
3304 975 3624 1045 Παραυτίκα
3647 977 3710 1047 δὴ
3741 973 3839 1030 οὖν

2256 1065 2437 1136 ἐκείνη
2499 1064 2850 1131 διαναστᾶσα,
2907 1065 3044 1136 πρὸς
3098 1065 3188 1119 τὸν
3231 1065 3324 1118 τοῦ
3378 1067 3516 1121 Θεοῦ
3553 1069 3842 1139 ἄνθρωπον

2252 1153 2515 1211 Μελέτιον
2553 1155 2643 1210 τὸν
2690 1156 2807 1210 νέον
2853 1157 3162 1227 ἀπήγαγενο
3199 1161 3226 1211 ὸ
3258 1159 3313 1212 δὲ
3345 1159 3484 1222 τέως
3529 1162 3690 1214 αὑτὸν
3728 1163 3842 1215 ἀνω

2255 1248 2461 1316 διάγειν
2491 1249 2550 1299 ἐν
2582 1249 2659 1318 τῷ
2688 1248 3401 1323 καταγωγίιρπροσέταξεν.
3447 1251 3506 1303 '0
3555 1251 3611 1304 δέ
3653 1254 3840 1324 πατὴρ

2256 1341 2345 1393 τὸν
2376 1339 2539 1392 παῖδα
2573 1338 2867 1412 ἐπιζητῶν,
2905 1341 3005 1410 τήν
3027 1356 3085 1392 τε
3110 1339 3328 1411 Δάφνην
3365 1342 3718 1412 περιενόστει,
3745 1351 3842 1399 καὶ

2256 1431 2340 1494 εἰς
2367 1431 2426 1484 τὸ
2455 1430 2591 1484 ἄστυ
2621 1411 2969 1508 ἁξρικιόμενος,
2997 1431 3215 1502 περιῄει
3247 1433 3346 1495 τὰς
3368 1433 3566 1501 ἀγυιὰς
3597 1435 3688 1486 καὶ
3711 1436 3843 1495 τοὺς

2260 1522 2590 1585 στενωποὺς,
2627 1523 2860 1575 πάντοσε
2889 1523 3165 1593 περιάγων
3187 1523 3264 1576 τὼ
3283 1523 3567 1595 ὀφθαλμὼ,
3606 1527 3695 1577 καί
3716 1526 3844 1578 τοῦ-

2255 1633 2347 1668 τον
2383 1612 2696 1684 ἀνιχνεῦσαι
2721 1613 2919 1669 ποθῶν.
2960 1614 3174 1685 Ἐπειδὴ
3206 1616 3260 1669 δέ
3285 1619 3404 1669 κατ’
3432 1618 3610 1669 ἐκεῖνο
3643 1617 3840 1686 τ’)’χωο

2259 1705 2372 1778 ρίον
2401 1705 2634 1774 ἐγένετο,
2667 1704 2794 1757 ἔνθα
2827 1704 2888 1757 τὸ
2911 1706 3253 1774 καταγώγιον
3287 1709 3316 1760 ὀ
3344 1708 3484 1771 θεῖος
3516 1704 3628 1778 εἶχε
3662 1710 3839 1762 Μελέ-

584 1797 786 1852 cecidit
804 1817 816 1852 :
835 1797 1034 1853 deinde
1050 1798 1349 1853 candentes
1380 1812 1510 1854 acus
1538 1799 1792 1853 manibus
1817 1798 2152 1866 pedibusque

2254 1817 2390 1863 τιος,
2440 1798 2745 1867 ἀναϐλέψας
2795 1794 2934 1852 εἶδεν
2982 1801 3189 1854 ἐκεῖνον
3235 1801 3341 1853 ἀπὸ
3375 1801 3467 1853 τοῦ
3524 1803 3838 1872 δρυεάκτου

581 1898 635 1945 et
668 1890 834 1946 dorso
870 1891 1087 1946 infixit:
1121 1902 1401 1962 postremo
1445 1894 1719 1948 conclusit
1752 1893 1806 1947 in
1856 1892 2148 1957 cubiculo,

582 1976 906 2049 foribusque
941 1979 1214 2036 obseratis
1255 1979 1535 2051 Dapbncm
1571 1981 1754 2039 rediit.
1800 1981 1926 2036 Haec
1955 1997 2056 2051 ego
2087 1980 2151 2035 il-

580 2068 691 2124 lum
747 2069 860 2140 jam
921 2082 1177 2142 provecta
1227 2089 1412 2129 senem
1471 2083 1633 2130 aetate
1672 2082 1989 2134 narrantem
2054 2089 2152 2127 au-

573 2159 713 2240 divi,
782 2161 1127 2232 addebatquc
1176 2170 1436 2233 praeterea
1495 2179 1555 2220 se
1617 2162 1850 2220 Numine
1913 2163 2150 2217 atllatum

578 2249 744 2322 929
811 2261 866 2308 et
917 2254 1101 2308 divina
1175 2256 1398 2325 plenum
1469 2256 1666 2325 gratia,
1758 2254 1928 2325 patris
2000 2254 2147 2308 idola

581 2345 766 2398 omnia
817 2345 1167 2410 contrivisse,
1221 2353 1388 2416 atque
1449 2345 1667 2400 illorum
1721 2345 2149 2401 imbecillitatem

580 2435 864 2493 derisisse.
890 2434 1086 2492 Postea
1119 2451 1270 2503 vero,
1317 2451 1441 2492 cum
1471 2437 1657 2492 animo
1713 2440 1944 2508 agitaret
2004 2435 2150 2504 quod

579 2525 804 2592 fecerat,
859 2529 1029 2598 patris
1081 2528 1319 2584 reditum
1361 2528 1709 2594 extimuisse,
1761 2527 2151 2596 Christumque

581 2617 871 2673 Dominum
903 2635 1115 2683 orasse,
1145 2629 1202 2675 ut
1233 2628 1525 2685 annuerct,
1569 2629 1622 2676 ct
1652 2635 1806 2676 seras
1838 2619 2150 2686 confringe-

583 2718 686 2775 ret,
719 2711 972 2782 osﬁaque
1003 2711 1352 2783 patefaceret.
1390 2731 1407 2763 ι
1440 2711 1555 2765 Tua
1579 2712 1745 2778 enim,
1767 2711 2149 2783 inquit,causa

580 2802 693 2856 haec
729 2802 929 2870 pertuli
950 2811 1003 2857 et
1035 2801 1158 2857 feci.
1176 2822 1195 2856 ι
1220 2801 1369 2867 Haec,
1389 2801 1590 2869 aiebat,
1616 2817 1740 2857 cum
1774 2803 2037 2864 dicerem,
2065 2814 2144 2854 re-

581 2892 851 2947 siluerunt
875 2907 1034 2956 serae,
1067 2899 1120 2947 et
1153 2900 1354 2955 apertae
1385 2901 1515 2949 sunt
1549 2891 1712 2948 fores.
1747 2891 1859 2962 Ego
1908 2905 2039 2946 vero
2082 2889 2149 2943 ad

581 2985 898 3058 magistram
951 2985 1130 3041 denuo
1188 2984 1509 3041 festinanter
1568 2984 1779 3041 recurri
1829 3001 1842 3039 :
1890 2998 2012 3055 quae
2065 2998 2151 3038 me

580 3084 733 3132 veste
768 3076 1004 3132 induens
1029 3075 1304 3142 muliebri,
1336 3091 1632 3147 secumque
1657 3084 1907 3132 statuens
1937 3075 1992 3130 in
2015 3089 2149 3130 con-

2252 1890 2617 1946 διακύπτοντα
2646 1907 2659 1922 ’
2698 1891 2790 1943 καὶ
2822 1889 3045 1961 δραμὼν
3071 1891 3292 1945 εἵλκυσέ
3323 1909 3380 1944 τε
3415 1893 3506 1945 καὶ
3532 1897 3838 1964 κατήγαγε,

2254 1985 2349 2036 καὶ
2402 1983 2481 2046 είς
2525 1982 2623 2053 τὴν
2678 1982 2854 2034 οἰκίαν
2888 1983 3214 2052 ἀπαγαγὼν,
3253 1986 3467 2054 πρῶτον
3531 1986 3630 2054 μὲν
3687 1987 3840 2056 αὐτῷ

2257 2075 2526 2144 μάστιγας
2589 2071 2914 2144 παμπόλλας
2976 2075 3293 2145 ἐπήγαγεν,
3345 2071 3463 2129 εἶτα
3520 2076 3840 2139 ὀϐελίσκους

2253 2162 2639 2233 πυρακτώσας,
2676 2163 2770 2214 καὶ
2803 2164 2920 2225 ταῖς
2949 2164 3124 2234 χερσὶ,
3158 2165 3250 2218 καὶ
3284 2169 3392 2229 τοῖς
3423 2168 3570 2228 ποσὶ,
3607 2169 3699 2219 καὶ
3725 2169 3841 2228 τοῖς

2252 2252 2442 2316 νώτοις
2487 2253 2753 2324 ἐπέθηκεν
2780 2270 2793 2284 ³
2840 2253 3028 2308 ἔπειτα
3061 2256 3352 2326 καθείρξας
3379 2259 3435 2310 ἐν
3461 2258 3536 2328 τῷ
3583 2258 3836 2331 θαλάμῳ,

2253 2347 2346 2399 καὶ
2389 2345 2613 2416 κλεῖθρα
2646 2345 2842 2410 ἔξωθεν
2875 2345 3104 2409 ἐπιθεὶς,
3143 2350 3222 2412 εἰς
3269 2349 3366 2420 τὴν
3424 2351 3639 2420 Δάφνην
3677 2350 3832 2423 [I37]

2251 2437 2471 2508 ἀνῆλθε.
2505 2436 2689 2489 Ταῦτα
2715 2435 2824 2505 ἐγὼ
2849 2436 2941 2488 τοῦ
2978 2437 3168 2507 ἀνδρὸς
3201 2439 3507 2509 πρεσϐύτου
3538 2441 3638 2510 ἤδη
3673 2458 3834 2509 γεγο-

2251 2529 2398 2590 νότος
2415 2527 2773 2598 διηγουμένου
2791 2529 3023 2598 ἀκήκοα.
3043 2519 3407 2599 Προστέθεικε
3428 2531 3484 2582 δὲ
3514 2533 3606 2583 καί
3631 2533 3829 2594 ταῦτα,

2252 2617 2328 2681 ὡς
2353 2618 2538 2681 ἔνθους
2568 2617 2878 2688 γενόμενος,
2920 2618 3014 2671 καὶ
3045 2617 3195 2681 θείας
3227 2620 3446 2691 χάριτος
3473 2622 3829 2691 ἐμπλησθεὶς,

2253 2706 2534 2777 συνέτριψε
2583 2707 2681 2776 μὲν
2717 2709 2930 2761 ἅπαντα
2955 2708 3021 2760 τὰ
3052 2707 3146 2761 τοῦ
3179 2709 3385 2779 πατρὸς
3435 2711 3653 2776 εἴδωλα,
3693 2714 3830 2767 ἐκω-

2255 2797 2419 2868 μῲδει
2443 2797 2498 2851 δὲ
2539 2797 2716 2850 αὐτῶν
2761 2797 2858 2868 τὴν
2891 2798 3191 2852 ἀσθένειαν.
3223 2801 3490 2871 ’Ὕστερον
3511 2802 3569 2854 δὲ
3600 2804 3682 2866 είς
3713 2804 3831 2857 νοῦν

2250 2889 2430 2942 λαϐὼν
2460 2891 2595 2961 ὅπερ
2626 2890 2874 2961 ἔδρασεν,
2909 2891 3078 2943 ἔδεισέ
3122 2909 3177 2944 τε
3208 2892 3306 2962 τὴν
3336 2891 3428 2945 τοῦ
3460 2895 3670 2966 πατρὸς
3697 2913 3831 2964 παρ-

2249 2979 2458 3046 ουσίαν,
2483 2980 2574 3032 καὶ⁸
2597 2978 2686 3031 τὸν
2706 2979 2981 3049 Δεσπότην
3010 2978 3244 3048 Χριστὸν
3274 2979 3593 3050 ὴντιϐὁλησε
3618 2981 3826 3040 νεῦσαι.

2251 3071 2346 3126 καὶ
2365 3070 2653 3140 συντρίψαι
2678 3070 2744 3123 τὰ
2765 3069 3005 3141 κλεῖθρα,
3032 3070 3242 3134 καὶτὰς
3269 3071 3437 3141 θύρας
3466 3073 3822 3128 ἀναπετάσαι·

579 3166 717 3220 clavi
751 3163 1078 3237 [basterna],
1121 3166 1318 3222 iterum
1362 3142 1590 3222 deduxit
1619 3165 1686 3220 ad
1734 3164 1980 3219 divinum
2034 3162 2147 3218 Me-

2258 3181 2275 3213 ι
2316 3161 2417 3215 Σοῦ
2443 3163 2550 3232 γὰρ
2577 3162 2641 3233 δὴ
2669 3163 2852 3228 ἔνεκα,
2877 3164 3003 3234 ἐφη,
3040 3162 3212 3216 ταῦτα
3244 3165 3491 3218 πέπονθά
3521 3183 3580 3219 τε
3619 3169 3711 3226 καὶ
3739 3167 3827 3222 δέ-

579 3257 808 3312 letium:
852 3257 901 3313 is
949 3262 1133 3311 autem
1182 3255 1412 3328 Cyrillo,
1464 3255 1969 3326 Hierosolymorum
2021 3260 2152 3307 tunc

2245 3254 2444 3325 δρακα.
2475 3272 2494 3306 ι
2525 3253 2711 3308 Ταῦτά
2736 3271 2859 3325 μου,
2880 3254 3008 3325 ἔφη,
3031 3253 3300 3322 λέγοντος,
3328 3255 3554 3322 ἐξέπεσε
3571 3256 3613 3289 ⁸⁸
3641 3259 3739 3327 μὲν
3764 3259 3826 3310 ti

578 3347 860 3419 episcOpo,
881 3363 966 3403 me
991 3347 1236 3412 tradidit.
1251 3348 1426 3420 Atque
1444 3348 1518 3402 ita
1537 3355 1698 3403 nocte
1719 3345 1947 3416 profecti
1962 3358 2152 3429 sumus

2253 3344 2487 3415 κλεῖθρα,
2513 3343 2860 3416 ἀνεῴχθησαν
2890 3345 2946 3398 δὲ
2977 3347 3033 3399 αἱ
3079 3345 3273 3416 θύραι·
3293 3346 3405 3414 ἐγὼ
3427 3346 3484 3399 δέ
3518 3348 3674 3402 πάλιν
3695 3349 3826 3418 πρὸς

581 3442 636 3494 in
665 3437 1035 3494 Palaestinam.
1068 3438 1198 3494 Post
1231 3433 1460 3494 mortem
1486 3452 1652 3507 porro
1691 3431 2149 3504 Juliani,patrem

577 3543 797 3599 quoque
820 3544 982 3584 suum
1017 3529 1084 3584 ad
1104 3544 1288 3584 veram
1308 3527 1624 3597 religionem
1647 3527 1924 3597 perduxit.
1949 3525 2080 3580 Nam
2098 3533 2154 3581 et

579 3621 684 3675 huc
699 3621 862 3675 etiam
881 3619 1043 3676 nobis
1071 3620 1212 3675 inter
1239 3628 1437 3674 caetera
1469 3620 1736 3674 narravit.
1755 3617 1847 3674 Sic
1864 3619 2034 3688 igitur
2060 3616 2152 3672 isti

2245 3432 2344 3501 τὴν
2390 3431 2709 3485 διδάσκαλον
2741 3431 2995 3516 ἔδραμον.
3039 3435 3100 3487 Ἦ
3136 3435 3192 3488 δὲ
3224 3435 3410 3506 σχῆμά
3457 3454 3548 3506 μοι
3577 3439 3823 3505 γυναικὸς

2247 3523 2552 3593 περιθεῖσα,
2590 3523 2681 3576 καὶ
2736 3524 2832 3578 σὺν
2862 3526 2996 3595 αὐτῇ
3027 3542 3090 3592 γε
3141 3527 3220 3590 εἰς
3252 3527 3350 3598 τὴν
3385 3530 3641 3600 καμάραν
3692 3529 3822 3582 καθ-

2254 3615 2435 3679 ίσασα,
2458 3615 2536 3685 τῷ
2565 3614 2693 3686 θείῳ
2727 3633 2792 3686 με
2828 3616 2990 3671 πάλιν
3013 3617 3258 3690 Μελετίῳ
3292 3622 3643 3691 προσήγαγεν
3669 3637 3681 3648 ·
3713 3622 3740 3672 ὀ
3772 3621 3828 3672 δὲ

582 3713 648 3771 ad
669 3713 760 3768 Dei
778 3714 1148 3783 cognitionem
1165 3712 1334 3767 delati
1354 3712 1550 3768 salutis
1565 3714 1860 3784 participes
1879 3712 2007 3768 facti
2027 3719 2152 3768 sunt

2253 3710 2318 3781 τῷ
2365 3710 2474 3765 τῶν
2511 3709 2899 3782 Ἱεροσολύμων
2932 3730 3000 3782 με
3031 3713 3346 3781 παρέδωκεν
3375 3717 3675 3786 ὲπισκόπῳο
3713 3707 3832 3767 Κύ-

587 3803 766 3870 ριλλος
826 3803 882 3856 δέ
949 3801 1252 3872 τηνικαῦτα
1286 3798 1393 3872 ἦν·
1437 3803 1532 3856 καὶ
1575 3802 1717 3857 οὕτω
1764 3804 1979 3873 νύκτωρ
2021 3802 2099 3864 είς
2147 3799 2244 3870 τὴν
2293 3799 2658 3868 Παλαιστίνην
2701 3799 3062 3872 ὡρμήσαμεν.
3119 3803 3273 3856 Μετά
3315 3804 3370 3856 δὲ
3407 3821 3504 3873 την
3540 3803 3834 3856 Ἰουλιανοῦ

582 3893 856 3964 τελευτὴν,
901 3895 995 3947 καὶ
1045 3893 1136 3948 τὸν
1169 3896 1380 3966 πατέρα
1420 3891 1569 3961 οὗτος
1611 3896 1746 3966 πρὸς
1816 3897 1914 3967 τὴν
1962 3893 2219 3967 ἀλήθειαν
2249 3893 2569 3964 ἐποδήγησε.
2614 3894 2733 3948 Καὶ
2783 3894 2941 3948 τοῦτο
2988 3897 3096 3966 γὰρ
3141 3898 3288 3966 ἡμᾶς
3339 3895 3474 3964 μετά
3506 3895 3612 3947 τῶν
3648 3887 3856 3950 ἄλλων

583 3983 808 4049 ἐδίδαξε.
845 3975 1049 4038 Τοῦτον
1101 3986 1200 4056 μὲν
1229 3986 1292 4058 δὴ
1341 3988 1432 4042 τὸν
1476 3988 1674 4059 τρόπον
1726 3981 1873 4041 οὗτοι
1930 3987 2068 4058 πρὸς
2125 3985 2454 4055 θεογνωσίαν
2502 3983 2917 4055 ποδηγηθέντες,
2948 3987 3046 4057 τῆς
3076 3988 3344 4058 σωτηρίας
3379 3986 3688 4057 μετέλαχον.

809 4080 858 4100 ·ο
880 4075 1032 4133 CAP.
1061 4077 1151 4135 ιιι.
1190 4078 1272 4152 [Β.
1311 4078 1390 4134 St.
1423 4078 1484 4135 v.
1521 4080 1607 4136 ιε.
1641 4080 1741 4137 cn.
1776 4078 1891 4154 ιι]

654 4169 728 4226 De
761 4169 1046 4225 Juventino
1075 4180 1123 4226 et
1152 4170 1478 4240 Maximino,
1506 4175 1706 4228 sanctis
1731 4173 2076 4246 martyribus.

643 4335 748 4390 Sed
775 4335 1028 4394 Julianus
1057 4338 1311 4394 licentius
1333 4339 1446 4408 jam
1476 4347 1527 4394 et
1546 4338 1922 4410 impudentius
1954 4345 2150 4392 contra

581 4428 836 4498 pietatem
874 4421 1224 4496 armabatur,
1245 4432 1482 4501 speciem
1521 4431 1744 4502 quidem
1795 4429 2153 4500 benignitatis

581 4533 693 4588 pra:
725 4534 784 4575 se
817 4518 1020 4585 ferens,
1061 4521 1155 4577 sed
1197 4524 1423 4591 laqueos
1455 4522 1709 4586 tendens,
1746 4531 1800 4576 et
1827 4520 1986 4586 retia,
2028 4535 2149 4590 qua:

579 4610 880 4679 impietatis
941 4613 1113 4668 exitio
1171 4614 1430 4684 deceptos
1486 4614 1845 4669 involverent.
1903 4611 2175 4667 Primum'

580 4701 727 4754 enim
771 4701 966 4768 fontes,
1002 4704 1092 4774 qui
1145 4706 1197 4760 in
1243 4708 1394 4771 urbe,
1433 4713 1487 4762 et
1541 4706 1632 4776 qui
1696 4705 1836 4775 apud
1874 4704 2152 4776 Dapbncm

580 4800 759 4858 erant,
794 4791 1134 4850 detestandis
1179 4794 1469 4850 sacrificiis
1501 4795 1712 4866 polluit,
1749 4804 1806 4849 ut
1856 4797 1947 4866 qui
1994 4796 2153 4865 aquis

581 4890 890 4950 uterentur,
923 4882 1089 4955 930
1110 4884 1576 4939 abominationem
1601 4884 2019 4956 participarcnt.
2054 4883 2153 4939 De-

580 4972 708 5028 inde
759 4989 880 5044 quze
935 4974 990 5028 in
1045 4974 1165 5029 foro
1230 4976 1552 5046 prostabant
1618 4977 1832 5047 piaculo
1897 4975 2148 5046 replevit.

578 5064 1024 5135 Aspergebantur
1053 5067 1194 5120 enim
1220 5076 1273 5122 ct
1303 5083 1494 5136 panes,
1519 5074 1567 5122 et
1594 5081 1811 5129 carnes,
1837 5073 1890 5121 et
1914 5066 2148 5131 fructus,

579 5161 635 5210 et
666 5155 835 5224 olera,
864 5163 918 5210 ct
956 5157 1059 5212 alia
1093 5159 1378 5214 esculenta
1417 5159 1620 5213 omnia.
1677 5156 1808 5222 Quae
1862 5171 1986 5210 cum
2023 5171 2143 5210 ccr-
2190 5225 2196 5230 λ

579 5259 773 5305 nercnt
822 5249 1022 5320 quibus
1059 5265 1086 5305 a
1129 5250 1413 5307 Salvatorc
1473 5251 1706 5309 inditum
1767 5255 1851 5304 est
1907 5263 2139 5312 nomen,

2851 4079 3102 4132 ΚΕΦΑΛ.
3129 4081 3231 4132 IA'.

2247 4171 2385 4240 Napi
2415 4171 2519 4226 τοῦ
2547 4170 2942 4225 Ἰουσεντίνου
2964 4171 3434 4258 καιΜαξιμίι-ου,
3457 4168 3571 4223 τῶν
3587 4171 3772 4240 ἁγίων·
3798 4171 3845 4200 ⁸ο

2861 4257 3200 4309 μαρτυρων.

2333 4333 2612 4396 Ἰουλιανὸς
2643 4334 2696 4386 δὲ
2725 4334 3187 4404 παῤῥησιαίτερον
3214 4335 3282 4396 ⁸⁸,
3312 4335 3514 4404 μᾶλλον
3535 4334 3589 4386 δὲ
3609 4335 3653 4365 ⁸³
3677 4335 3839 4388 ἀναι-

2247 4425 2497 4495 δέστερον
2527 4425 2666 4477 κατά
2700 4423 2798 4492 τῆς
2854 4422 3134 4486 εὐσεϐείας
3166 4423 3212 4455 ⁸³
3239 4422 3528 4489 ὡπλίζετο,
3563 4424 3621 4476 τὸ
3647 4423 3691 4454 ⁸⁸
3731 4429 3836 4494 μὶν

2249 4515 2346 4585 τῆς
2387 4513 2685 4577 ἐπιεικείας
2719 4513 3101 4584 περικείμενος
3150 4517 3518 4584 προσωπεῖον,
3562 4515 3744 4582 πάγας
3781 4517 3836 4569 δὲ

2254 4607 2672 4671 κατασκευάζων
2707 4605 2800 4660 καὶ
2835 4605 3104 4676 θήρατρα,
3135 4605 3269 4676 πρὸς
3300 4604 3390 4657 τὸν
3447 4606 3544 4675 τῆς
3577 4603 3833 4668 ἀσεϐείας

2251 4697 2469 4769 ὀλεθρον
2521 4700 2646 4760 τοὺς
2705 4695 3164 4767 ἐξαπατωμένους
3221 4695 3546 4764 ἀγρεύοντα.
3609 4695 3832 4763 Πρῶτον

2254 4788 2351 4860 μὲν
2381 4791 2426 4820 ⁸⁵
2459 4788 2689 4858 γὰρτὰς
2721 4789 2776 4842 ἐν
2821 4788 2900 4858 τῷ
2936 4788 3110 4850 ἄστει,
3141 4786 3236 4840 καὶ
3278 4787 3375 4848 τάς
3421 4788 3478 4838 ἐν
3509 4786 3698 4859 Δάφνῃ
3735 4806 3832 4855 πηο

2250 4878 2350 4946 γάς
2393 4881 2513 4942 ταῖς
2562 4880 2832 4948 μυσαραῖς
2889 4877 3098 4940 θυσίαις
3149 4876 3445 4945 ἐμόλυνεν,
3505 4876 3570 4929 ἶν’
3604 4876 3833 4938 ἒκαστες

2252 4970 2539 5025 ἀπολαύων
2585 4969 2678 5023 τοῦ
2732 4970 2966 5040 νάματος
3024 4987 3116 5022 του
3165 4969 3370 5039 μύσους
3426 4969 3832 5041 μεταλαγχανῃ.

2260 5064 2490 5117 Ἔπειτα
2519 5061 2574 5114 δὲ
2599 5062 2693 5116 καὶ
2720 5062 2788 5114 τά
2829 5063 2967 5115 κατὰ
2995 5063 3091 5134 τὴν
3121 5061 3347 5132 ,ἀγορὰν
3375 5060 3717 5132 προκείμεθα
3745 5063 3834 5116 τοῦ

2259 5155 2562 5225 μιάσματος
2594 5154 2921 5225 ἐνεπίμπλα.
2969 5152 3420 5225 Περιερῤαίνοντο
3472 5151 3580 5222 γὰρ
3615 5155 3715 5206 καὶ
3747 5155 3839 5225 ἄρα

2252 5265 2353 5313 τοι,
2373 5248 2464 5300 καὶ
2485 5247 2643 5318 κρέα,
2666 5248 2763 5302 καὶ
2783 5247 2994 5318 ὀπῶραι
3020 5248 3087 5312 ⁵⁵,
3122 5247 3212 5298 καὶ
3242 5245 3467 5314 λάχανα,
3486 5247 3576 5297 καὶ
3605 5246 3782 5300 τᾶλλα
3799 5249 3836 5279 ⁵⁷

1865 5432 2099 5490 ΥΛῘῖΙᾹΞ
2130 5432 2525 5490 ιΕιλΤῖΟΝΕδ.

639 5595 684 5626 δ’
711 5590 991 5654 ἐξέπεσαν.
1051 5588 1212 5644 Basil.
1259 5589 1354 5645 Gr.

571 5662 746 5718 cndex
805 5678 832 5731 :_
870 5660 1375 5731 παρρησιέστερονε
1464 5659 1855 5731 "tta-3.3.15“.
1917 5661 2009 5717 Cr.

1472 5590 1517 5621 ⁵⁸
1559 5591 1846 5662 Ῥωμαιων
1895 5592 2094 5646 habent
2137 5599 2344 5646 uetera!
2394 5592 2549 5645 cditt.
2653 5592 2694 5623 "
2725 5591 2799 5646 Ita
2841 5602 2894 5646 et
2929 5593 3120 5663 Steph.
3146 5591 3249 5646 Sed
3279 5590 3442 5643 Basil.
3481 5589 3574 5644 Gr.
3619 5599 3670 5645 et
3721 5591 3842 5643 Pint

1472 5660 1508 5690 ⁵²
1535 5663 1646 5714 καί.
1678 5662 1855 5714 'Basil.
1917 5661 2009 5714 Cr.
2119 5661 2462 5714 ⁵³ἁλῑθείας.
2501 5662 2689 5714 Slcnh.
2720 5662 2772 5714 2.
2884 5663 2930 5696 ’θ
2951 5667 3048 5714 τῆς
3103 5663 3219 5714 μέν.
3267 5660 3434 5714 Basil.
3461 5658 3555 5714 Gr.
3662 5660 3711 5693 ⁸⁸
3741 5661 3842 5714 μέν

2188 5677 2462 5731 αληυειας.
2502 5677 2689 5731 Steph.
2720 5677 2772 5714 κ.

2884 5663 2930 5696 ⁸⁵
3101 5663 3238 5736 μέν..
3267 5660 3434 5717 Basil.
3461 5658 3555 5715 Gr.
3662 5660 3711 5693 ”
3739 5661 3844 5732 μέν

573 5731 735 5786 abest
785 5729 855 5782 ab
904 5727 1114 5779 endem.
1194 5727 1478 5800 ’σ’ὀπῶρα.
1519 5730 1696 5804 ΒοείΙ.
1738 5731 1831 5788 Gr.
1913 5735 1956 5764 ⁵⁷
1989 5734 2087 5788 ὅσα
2128 5731 2152 5787 ἃ

2253 5727 2287 5784 ιζ
2326 5733 2466 5788 idem
2510 5727 2631 5787 cum
2661 5732 2852 5804 Steph.
