4032 6192
429 284 561 351 IIII
633 319 636 322 -

1431 287 1922 349 TIIEODORETI
1965 285 2304 348 EPISCOPI
2339 289 2706 349 CYRENSIS

3566 284 3712 348 1112'

421 401 556 456 ﬂant
587 401 681 472 qui
716 398 927 456 faciunt
982 417 1066 466 ea,
1125 411 1180 457 et
1240 417 1433 458 omnes
1483 404 1578 472 qui
1618 401 1903 457 conﬁdunt
1955 398 2009 454 in

2116 402 2366 474 διήγησιν
2395 402 2578 472 ελεγον
2602 419 2614 432 ·
2648 387 2894 472 (Ὅμοιοι
2927 400 3106 465 αὐτοῖς
3135 401 3378 469 γένοιντο
3407 400 3456 452 οἱ
3489 398 3704 451 ποιοῦν-

417 493 501 549 eis
535 503 577 547 ι’.
620 511 638 545 ι
672 491 803 559 Qua:
835 494 986 565 gravi
1033 509 1158 550 cum
1199 495 1390 550 dolore
1431 496 1662 551 audiens
1706 495 1815 560 ille,
1850 494 2010 550 silere

417 585 555 650 illas
577 583 839 652 deinceps
888 584 1018 650 dum
1069 586 1330 642 transiret
1361 589 1375 605 '
1416 585 1730 657 impera-vit.
1769 586 1838 640 At
1893 584 2007 651 illa,

417 675 541 743 ejus
574 675 715 747 leges
744 675 899 748 parvi
936 674 1203 746 pendens,
1249 675 1504 731 ﬁduciam
1542 675 1712 730 choro
1745 675 2008 743 majorem

419 765 632 821 addidit
664 783 678 819 :
709 775 767 820 et
807 775 1173 838 praetereunte
1199 769 1292 823 illo
1329 784 1546 834 rursus,
1571 783 1772 823 canere
1797 766 1967 837 jussit
1993 784 2006 820 :

425 877 444 908 α
489 855 765 930 Exsurgat
809 857 978 922 Deus,
1018 867 1072 914 et
1110 859 1452 931 dissipentur
1501 859 1705 914 inimici
1735 859 1855 929 ejus
1892 871 1934 912 ³.
1985 879 2004 912 ι

418 951 534 1019 Qua
575 969 641 1008 ex
697 967 754 1008 re
810 953 1051 1023 graviter
1098 961 1429 1018 commotus,
1474 953 1629 1008 chori
1689 953 2007 1024 magistram

419 1043 618 1098 adduci
667 1043 948 1114 praecepit,
1000 1052 1054 1100 et
1109 1051 1388 1122 senectam
1427 1059 1660 1099 cernens
1700 1043 2008 1098 reverentia

419 1137 820 1208 dignissimam,
868 1151 968 1192 nec
1020 1137 1271 1207 corporis
1328 1152 1497 1192 canos
1529 1136 1695 1208 936
1750 1137 2008 1193 misertus

418 1239 523 1297 est,
553 1247 653 1286 nec
685 1231 851 1285 animi
905 1232 1165 1286 virtutem
1216 1230 1424 1286 honore
1471 1237 1798 1300 prosecutus
1854 1249 1868 1284 :
1912 1231 2006 1286 sed

419 1321 633 1392 aliquos
659 1321 726 1378 de
765 1321 1098 1376 satellitibus
1120 1327 1415 1391 utramque
1441 1320 1516 1375 illi
1552 1321 1748 1374 malam
1773 1319 2003 1386 caedere,

418 1429 698 1484 genasque
720 1413 977 1470 manibus
999 1421 1292 1468 cruentare
1309 1413 1501 1484 jussit.
1523 1411 1615 1466 Illa
1639 1427 1768 1468 vero
1805 1413 2006 1468 summi

419 1506 649 1560 honoris
699 1505 818 1560 loco
852 1487 1060 1559 habens
1095 1503 1510 1566 contumeliam,
1563 1502 1784 1558 domum
1818 1502 2003 1568 rediit,

419 1597 566 1653 unde
598 1597 977 1668 spiritualibus
1009 1597 1163 1651 illum
1206 1595 1464 1652 cautibus
1495 1595 1562 1650 de
1597 1611 1750 1650 more
1784 1595 2006 1664 impete-

417 1691 531 1755 bat,
571 1688 1033 1760 quemadmodum
1075 1699 1338 1745 cantuum
1400 1691 1646 1760 ipsorum
1704 1696 1895 1742 auctor
1954 1700 2008 1743 et

417 1782 679 1852 magister
709 1782 914 1836 malum
947 1782 1100 1838 illum
1135 1782 1388 1853 spiritqu
1423 1781 1708 1852 repressit,
1741 1781 1833 1850 qui
1869 1779 2007 1842 Sau-
2037 1761 2088 1822 Β

418 1874 524 1930 lem
558 1873 870 1930 divcxabat.

826 2148 980 2204 CAP.
1011 2148 1123 2204 xv.
1156 2149 1242 2221 [Β.
1270 2149 1349 2205 ει.
1389 2149 1450 2205 v.
1484 2149 1601 2222 eo.)

425 2238 498 2294 De
527 2241 594 2294 iis
630 2257 747 2313 qua:
790 2237 1001 2313 Judagis
1041 2243 1240 2313 _templi
1279 2241 1688 2313 wdi/icalionem
1746 2222 2008 2313 aggressi:

491 2309 820 2378 acciderunt,
838 2312 974 2368 etde
992 2309 1171 2384 plagis
1195 2309 1394 2368 eisdem
1413 2313 1664 2368 divinitus
1687 2309 1933 2382 inmitis.

490 2469 705 2524 Etenim
732 2478 785 2525 et
808 2470 943 2542 ipse,
971 2469 1281 2526 daemonum
1307 2471 1467 2528 furiis
1495 2472 1639 2526 intra
1664 2488 1723 2528 se
1745 2473 1982 2543 receptis
2000 2505 2014 2530 9

426 2564 785 2635 corybantum
859 2579 1011 2620 more
1060 2564 1243 2621 furere
1303 2581 1416 2620 non
1477 2565 1762 2622 desinebat
1812 2576 2005 2624 contra

419 2655 736 2724 religionem
779 2656 1081 2712 insaniens.
1114 2656 1304 2726 Itaque
1355 2655 1574 2711 Judreos
1619 2658 1786 2711 etiam
1828 2672 2008 2712 arma-

419 2749 495 2803 vit
521 2747 785 2804 adversus
819 2747 1165 2808 Christianos
1206 2766 1220 2802 :
1257 2749 1606 2818 primumque
1637 2748 1748 2805 illis
1778 2763 2008 2820 congre-

419 2841 582 2912 gatis,
613 2840 896 2912 quaerebat
920 2841 1053 2912 quid
1079 2854 1260 2896 causae
1294 2847 1462 2905 esset,
1499 2855 1600 2896 cur
1633 2855 1758 2895 cum
1796 2841 2006 2896 sacriﬁ-

419 2935 506 2990 ci‘a
553 2933 639 2990 lex
693 2933 947 3006 imperet,
981 2933 1088 3004 ipsi
1119 2947 1149 2987 a
1184 2933 1476 2989 sacriﬁciis
1538 2933 1901 2989 abstinerent.
1944 2932 2008 2987 Et

419 3026 888 3099 reSpondentibus
928 3026 1058 3093 illis,
1091 3026 1572 3096 circumscriptum
1623 3042 1746 3084 esse
1795 3028 2002 3082 cultum

420 3132 580 3170 suum
629 3131 741 3170 uno
793 3115 938 3184 loco,
980 3117 1230 3186 protinus
1267 3116 1590 3172 subversum
1629 3119 1888 3189 templum
1923 3119 2004 3172 in-
2032 3119 2075 3176 C

419 3209 659 3283 staurari
699 3208 868 3279 jussit
907 3209 1086 3266 hostis
1116 3207 1232 3273 Dei,
1279 3225 1511 3280 sperans
1549 3211 1777 3266 demens
1819 3211 2002 3266 Domi-

419 3303 600 3357 nicam
634 3302 1042 3373 praedictionem
1075 3318 1136 3359 se
1171 3301 1294 3359 falsi
1323 3303 1727 3368 convicturum,
1758 3304 1851 3374 qui
1887 3303 2006 3374 ejus

418 3393 705 3450 veritatem
754 3395 928 3467 magis
975 3396 1342 3452 conﬁrmavit.
1385 3395 1522 3450 Nam
1581 3396 1700 3468 ejus
1755 3397 2008 3452 oratione

419 3487 709 3558 propensis
745 3488 949 3544 animis
973 3488 1184 3554 audita,
1213 3488 1514 3544 tribulibus
1556 3488 1674 3544 suis
1704 3489 2003 3554 universis,

417 3578 511 3648 qui
539 3594 634 3649 per
671 3578 860 3634 orbem
899 3586 1172 3634 terrarum
1205 3579 1447 3650 dispersi
1476 3586 1658 3643 erant,
1693 3579 2008 3650 qumimpe—

417 3679 536 3727 rata
558 3651 774 3728 fuerarit
797 3672 1197 3745 signiﬁcarunt.
1223 3672 1325 3738 Qui
1360 3671 1601 3742 undique
1631 3680 2004 3738 accurrentes,

415 3773 472 3818 et
503 3766 764 3834 pecunias
788 3774 842 3822 et
871 3775 1185 3835 promptum
1221 3765 1462 3820 studium
1489 3766 1556 3821 ad
1586 3752 2014 3822 aediﬁcationem

418 3857 796 3912 contulerunt.
859 3845 1245 3928 S‘uppeditavit
1317 3865 1372 3914 et
1411 3858 1530 3930 ipse
1603 3858 1697 3930 qui
1750 3857 2002 3928 jusserat

417 3949 850 4022 quamplurima,
880 3966 992 4007 non
1027 3949 1418 4008 muniﬁcentiae
1454 3952 1636 4020 laude,
1673 3953 1767 4009 sed
1801 3952 2006 4008 infesto

419 4044 474 4098 in
511 4042 795 4098 veritatem
833 4043 1038 4100 animo.
1062 4043 1208 4100 Misit
1231 4045 1395 4101 etiam
1422 4061 1529 4100 una
1559 4040 1873 4117 prtesidem,
1901 4047 2006 4102 im-

417 4133 634 4204 piorum
685 4135 849 4207 937
904 4135 1287 4194 mandatorum
1348 4137 1657 4195 ministrum
1722 4138 2001 4194 idoneum.

417 4223 625 4281 Ferunt
655 4241 823 4296 porro
878 4227 1006 4285 illos
1057 4237 1113 4284 et
1167 4229 1402 4300 ligones,
1429 4239 1481 4284 et
1526 4237 1698 4294 rutra,
1730 4237 1784 4284 et
1809 4229 2004 4285 corbes

416 4325 705 4391 argenteas
740 4319 1066 4377 fabricasse.
1101 4319 1398 4397 Postquam
1434 4331 1615 4377 autem
1652 4321 1861 4386 fodere,
1890 4329 2003 4376 ter-

417 4427 646 4483 ramque
689 4429 914 4483 egerere
942 4419 958 4436 '
982 4422 1290 4485 creperum,
1318 4430 1459 4484 opus
1490 4424 1606 4470 toto
1640 4414 1729 4470 die
1768 4414 2004 4470 faciebat

417 4505 630 4560 inﬁnita
690 4505 977 4562 hominum
1059 4507 1374 4574 multitudo,
1439 4515 1609 4562 noctu
1667 4523 1798 4563 vero
1854 4513 2004 4564 terra

415 4607 602 4672 egesta
629 4597 698 4654 de
729 4614 928 4670 aggere
961 4599 1106 4653 ultro
1132 4598 1590 4655 transferebatur.
1620 4600 1698 4654 Ac
1735 4600 2004 4670 reliquias

415 4706 635 4761 quoque
659 4690 810 4760 ipsas
837 4691 1040 4746 veteris
1069 4691 1285 4746 αιᾱὶῑίοῆ
1307 4691 1621 4759 diruerunt,
1649 4705 1790 4746 nova
1818 4692 2002 4745 omnia

416 4799 476 4839 se
515 4791 938 4840 constructuros
1001 4793 1311 4859 sperantes.
1371 4782 1478 4837 Sed
1529 4799 1654 4838 cum
1695 4784 1850 4858 gypsi
1893 4786 2006 4839 cal-

417 4874 610 4946 cisque
639 4875 1141 4936 multamodiorum
1173 4875 1345 4930 millia
1369 4877 1804 4948 congessissent,
1829 4876 2004 4931 exorti

418 4967 715 5040 derepente
765 4971 910 5025 venti
968 4970 1340 5037 vehementes,
1384 4970 1747 5041 turbinesque
1782 4985 1846 5025 ac
1878 4986 2002 5041 prn-

418 5063 572 5118 cella:
602 5069 658 5118 et
699 5069 1054 5135 tempestates
1106 5063 1271 5119 simul
1327 5063 1514 5119 omnia
1544 5062 1906 5134 dissiparunt.
1941 5063 2006 5117 Et

418 5170 546 5210 cum
585 5154 830 5210 insanire
882 5156 1062 5212 adhuc
1114 5153 1426 5227 pergerent,
1480 5170 1658 5227 neque
1713 5170 1778 5212 ex
1816 5155 2006 5212 divina

499 5355 519 5383 ι
559 5344 706 5401 Psal.
736 5357 891 5408 cun,
920 5342 970 5398 8.
1049 5354 1069 5382 ι
1101 5341 1246 5400 Psal.
1286 5358 1454 5408 uvu,
1480 5342 1528 5396 i.

2037 4465 2084 4524 D

2113 511 2206 558 τες
2241 492 2400 560 αὐτὰ,
2455 494 2549 546 καὶ
2598 492 2797 554 πάντες
2845 493 2894 544 οἱ
2940 490 3263 554 πεποιθότες
3311 489 3400 542 ἐπ’
3439 489 3642 551 αὐτοῖς.
3676 507 3695 538 ι

2114 585 2330 641 Τούτων
2364 586 2605 650 ἀκούσας
2637 586 2864 648 ἐκεῖνος,
2922 585 3015 637 καὶ
3070 583 3192 636 λίαν
3221 581 3485 645 ἀνιαθεὶς,
3543 582 3699 651 σιγᾷν

2115 679 2310 742 αὐταῖς
2366 678 2668 750 προσέταξε
2717 677 2862 731 κατὰ
2908 677 2998 729 τὸν
3052 676 3152 746 τῆς
3207 674 3445 746 παρόδου
3486 673 3696 744 καιρόν.

2125 771 2190 824 Ἡ
2246 769 2303 824 δὲ
2375 769 2572 842 μικρὸν
2626 771 2734 823 τῶν
2791 769 3002 821 ἐκείνου
3064 769 3246 840 νόμων
3321 766 3697 838 φροντίσασα,

2113 863 2358 927 πλείονος
2398 863 2488 915 τὸν
2532 862 2692 932 χορὸν
2725 861 3034 932 προθυμίας
3061 860 3329 931 ἐνέπλησε
3355 877 3368 890 ·
3400 860 3494 912 καὶ
3537 858 3698 911 πάλιν

2113 954 2323 1008 ἐκείνου
2357 954 2584 1018 διῖόντος
2625 952 2850 1023 ψάλλειν
2882 951 3203 1006 ἐκέλευσεν·
3253 971 3270 1002 ι
3313 952 3627 1022 Ἀναστήτω
3667 951 3696 1002 ὁ

2111 1047 2266 1114 Θεὸς,
2305 1048 2400 1100 καὶ
2427 1045 3015 1118 διασκορπισθὴτωσαν
3045 1046 3092 1096 οἱ
3125 1043 3311 1114 ἐχθροὶ
3355 1042 3542 1096 αὑτοῦ.
3575 1059 3592 1094 ι
3636 1043 3695 1095 Ὀ

2110 1139 2166 1192 δὲ
2212 1139 2548 1210 χαλεπήνας,
2598 1137 2692 1191 τοῦ
2748 1137 2910 1209 χοροῦ
2956 1137 3056 1208 τὴν
3109 1135 3426 1190 διδάσκαλον
3464 1134 3692 1205 ἀχθῆναι

2111 1229 2419 1301 προσέταξε
2449 1247 2461 1260 ·
2504 1231 2600 1285 καὶ
2625 1230 2804 1300 γῆρας
2841 1229 2966 1284 ἰδὼν
2998 1227 3178 1292 αἰδοῦς
3209 1226 3530 1292 ἀξιώτατον,
3569 1224 3692 1279 οὔτε

2109 1321 2205 1374 τοῦ
2256 1320 2511 1392 σώματος
2561 1323 2660 1392 τὴν
2715 1319 2908 1374 πολιὰν
2955 1320 3239 1391 ᾤκτειρεν,
3284 1317 3409 1370 οὔτε
3461 1317 3561 1386 τὴν
3595 1317 3691 1385 τῆς

2109 1413 2287 1484 ψυχῆς
2317 1414 2614 1484 τετίμηκεν
2656 1412 2877 1484 ἀρετὴν,
2921 1412 3058 1468 ἀλλά
3094 1411 3204 1466 τισὶ
3238 1413 3281 1443 ⁹¹
3307 1409 3415 1462 τῶν
3463 1409 3686 1479 δορυφό-

2114 1523 2222 1577 ρων
2255 1505 2541 1558 ἐκέλευσεν
2575 1506 2666 1559 ἐπὶ
2697 1506 2904 1578 κόρρης
2926 1505 2972 1537 ’³
2995 1502 3163 1574 αὐτὴν
3189 1487 3456 1578 ἑκατέραις
3480 1504 3692 1571 παῖσαι,

2109 1598 2204 1650 καὶ
2256 1599 2376 1662 ταῖς
2454 1597 2611 1669 χερσὶ
2667 1598 2903 1670 φοινίξαι
2955 1596 3053 1666 τὰς
3106 1599 3360 1670 παρειάς.
3408 1599 3470 1652 Ἦ
3521 1599 3578 1652 δὲ
3620 1600 3697 1661 ὡς

2111 1689 2288 1761 ἄκραν
2332 1688 2497 1766 τιμὴν
2538 1689 2808 1765 δεξαμένη
2851 1695 2949 1766 τὴν
2978 1691 3224 1763 ἀτιμίαν,
3265 1689 3557 1760 ἀνελήλυθε
3599 1691 3698 1760 μὲν

2111 1782 2192 1849 εἷς
2223 1785 2284 1838 τὸ
2337 1785 2629 1856 δωμάτιον,
2667 1787 2910 1858 συνήθως
2954 1786 3010 1838 δὲ
3060 1783 3224 1837 αὐτὸν
3249 1785 3370 1846 ταῖς
3401 1799 3698 1852 πνευματι-

2027 1901 2032 1906 ·
2111 1881 2237 1942 καῖς
2295 1877 2486 1930 ἔϐαλλε
2537 1877 2846 1949 μελῳδίαις,
2899 1876 3156 1948 καθάπερ
3190 1877 3218 1928 ὀ
3270 1875 3372 1946 τῆς
3428 1875 3698 1944 μελῳδίας

2111 1972 2326 2042 ἐκείνης
2355 1972 2705 2042 συγγραφεὺς
2731 1970 2824 2025 καὶ
2840 1969 3160 2033 διδάσκαλος
3185 1968 3245 2021 τὺ
3268 1967 3503 2039 πονηρὸν
3523 1967 3701 2020 ἐκεῖνο

2112 2063 2387 2118 κατέπαυε
2412 2061 2628 2135 πνεῦμα
2661 2062 2722 2116 τὸ
2749 2062 2824 2133 τῷ
2856 2063 3027 2118 Σαοὺλ
3069 2059 3342 2132 ἐνοχλοῦν.

2694 2155 2946 2209 ΚΕΨΑΛ.
3004 2156 3102 2208 ιε’.

2111 2247 2263 2321 [ΜΞ]
2294 2248 2541 2321 Τιίίκατὰ
2580 2247 2922 2321 Ἰουδαίους,
2956 2247 3054 2321 καὶ
3085 2246 3203 2310 τὴν
3227 2246 3337 2321 τῆς
3368 2244 3700 2321 οικοδρμῇς

2181 2315 2577 2389 ἐπἰχειζοησιν,
2641 2319 2741 2372 καὶ
2807 2319 2912 2385 τὰς
2991 2318 3423 2387 ἐπενεχθείσας
3490 2315 3704 2381 αὐτοῖς

2183 2390 2516 2458 θεηλάτους
2549 2389 2808 2460 πληγάς.
3131 2434 3138 2440 .
3215 2406 3226 2414 ·

2181 2483 2291 2537 Καὶ
2341 2483 2450 2551 γὰρ
2500 2476 2674 2546 οὗτος,
2712 2483 2838 2544 τοὺς
2889 2481 3194 2552 ἀλάστορας
3261 2477 3700 2546 εἰσοικισάμενος

2108 2578 2390 2648 δαίμονας,
2425 2574 2798 2646 κορυϐαντιῶν
2829 2573 3086 2635 διετέλει,
3119 2572 3214 2625 καὶ
3243 2569 3382 2624 κατά
3410 2568 3508 2648 τῆς
3541 2568 3703 2620 εύσε-

2110 2667 2261 2732 ϐείας
2285 2666 2512 2720 λυττῶν.
2547 2666 2646 2718 Διὰ
2677 2665 2784 2738 γὰρ
2813 2665 2879 2736 δὴ
2911 2660 3195 2717 τοῦτοκαὶ
3239 2663 3362 2726 τοὺς
3406 2659 3701 2722 Ἰουδαίους
3729 2713 3736 2720 ,

2110 2761 2228 2814 κατ’
2286 2758 2470 2813 αύτῶν
2513 2756 2827 2811 καθώπλισε
2876 2758 2922 2788 ’³
2975 2755 3082 2810 τῶν
3126 2757 3206 2818 είς
3252 2753 3488 2824 Χριστὸν
3531 2768 3694 2804 πεπι-

2109 2853 2454 2906 στευκότων·
2526 2850 2621 2904 καὶ
2676 2850 2894 2922 πρῶτον
2947 2848 3047 2920 μὲν
3110 2847 3309 2910 αὐτοὺς
3365 2845 3700 2908 συναλίσας,

2109 2945 2272 3015 ἤρετο
2305 2942 2357 2996 τι
2395 2941 2458 3012 δή
2492 2958 2644 3007 ποτε,
2673 2940 2767 2994 τοῦ
2811 2941 2982 3012 νόμου
3019 2939 3168 2993 θύειν
3200 2937 3536 3000 κελεύοντος,
3577 2937 3702 2998 ταῖς

2110 3035 2325 3098 θυσίαις
2382 3034 2444 3086 ού
2495 3032 2758 3108 χρῶνται.
2813 3032 3032 3103 Ἐπειδὴ
3065 3031 3123 3085 δὲ
3172 3030 3382 3100 ἔφασαν
3427 3031 3506 3083 ἐνὶ
3543 3028 3700 3097 τόπῳ

2110 3128 2208 3200 τὴν
2243 3129 2512 3198 σφετέραν
2559 3125 3007 3199 περιγεγράφθαι
3055 3125 3337 3196 λατρείαν,
3380 3120 3698 3193 παραυτίκα

2111 3218 2447 3292 προσέταξεν
2496 3222 2524 3274 ὁ
2575 3219 2837 3291 θεομισὴς
2896 3221 3102 3281 ἐκεῖνος
3166 3219 3212 3251 ⁸³
3271 3217 3550 3285 ἀνεγεῖραι
3604 3213 3696 3265 τὸν

2111 3315 2482 3368 καταλυθέντα
2532 3313 2681 3378 ναὸν,
2713 3312 2812 3384 τὴν
2842 3311 3179 3382 Δεσποτικὴν
3212 3306 3610 3379 ὑπολαμϐάνων
3670 3308 3698 3356 ὀ

2113 3405 2343 3476 μάταιος
2373 3403 2682 3476 πρόρρησιν
2704 3401 3002 3473 διελέγχειν
3029 3418 3041 3430 ·
3073 3400 3242 3466 ἔδειξε
3273 3400 3329 3452 δὲ
3368 3398 3569 3470 μᾶλλον
3597 3395 3694 3465 τὴν

2107 3498 2312 3568 ταύτης
2363 3497 2642 3567 ἀλήθειαν.
2679 3495 2910 3548 Τούτων
2954 3494 3063 3566 γὰρ
3118 3495 3314 3546 ἐκεῖνοι
3364 3493 3472 3545 τῶν
3522 3490 3695 3559 λόγων

2109 3588 2392 3652 ἀσπασίως
2446 3586 2815 3651 ἀκούσαντες,
2872 3585 3046 3639 ἅπασι
3108 3584 3176 3638 τά
3237 3581 3694 3656 προστεταγμένα

2107 3685 2221 3747 τοῖς
2271 3680 2415 3735 κατὰ
2445 3680 2543 3752 τὴν
2591 3677 2920 3750 οἰκουμένην
2960 3677 3256 3748 ὁμοφύλοις
3296 3676 3593 3748 ἐδήλωσαν.
3631 3675 3694 3724 0i

2107 3773 2166 3826 δὲ
2192 3770 2458 3825 πάντοθεν
2491 3767 2768 3832 συνέθεον,
2799 3767 2894 3821 καὶ
2934 3768 3194 3839 χρήματα
3238 3766 3333 3820 καὶ
3381 3765 3688 3838 προθυμίαν

2109 3867 2189 3929 είς
2221 3865 2319 3935 τὴν
2361 3861 2672 3933 οἰκοδομίαν
2715 3862 3079 3933 εἰσφέροντες.
3131 3860 3462 3931 Ἐχορήγησε
3508 3857 3564 3908 δὲ
3595 3857 3680 3908 ὅτι

2108 3958 2338 4010 πλεῖστα
2392 3955 2486 4009 καὶ
2544 3956 2571 4008 ὁ
2614 3954 2777 4007 τοῦτο
2835 3951 3246 4025 προστεταχὼς,
3300 3952 3356 4004 ού
3407 3947 3689 4018 φιλοτιμίᾳ

2109 4049 2412 4122 χρώμενος,
2432 4046 2568 4103 ἀλλά
2591 4050 2658 4118 τῇ
2685 4045 2913 4117 ἀληθείᾳ
2939 4045 3268 4116 μαχόμενοςζ
3303 4039 3689 4096 Συναπέστειλε

2106 4141 2163 4195 δὲ
2201 4141 2293 4194 καὶ
2330 4141 2587 4211 ἄρχοντα,
2616 4137 2724 4191 τῶν
2757 4135 3033 4191 δυσσεόὧν
3064 4135 3504 4206 προσταγμάτων
3535 4131 3680 4196 ἄξιον

2107 4233 2400 4303 ύπουργόν.
2438 4231 2576 4285 Φασὶ
2615 4231 2670 4284 δὲ
2713 4229 2930 4292 αὐτοὺς,
2978 4228 3074 4282 καὶ
3122 4229 3409 4290 σκαπάνας
3459 4227 3515 4292 ἐξ
3559 4225 3687 4293 ὕλης

2108 4324 2375 4397 ἀργύρου,
2407 4327 2501 4376 καὶ
2530 4323 2742 4394 ἄμμας,
2773 4321 2866 4374 καὶ
2889 4321 3166 4391 κοφινίδας
3193 4322 3238 4352 ⁵⁸
3260 4318 3690 4373 κατασκευάσαιέ

2121 4397 2280 4469 Ἐπεῖ
2302 4416 2357 4468 δὲ
2391 4415 2642 4487 ὀρύττειν
2677 4413 2936 4486 ἧρξαντο,
2993 4414 3086 4467 καὶ
3129 4415 3221 4466 τὸν
3252 4411 3382 4483 χοῦν
3414 4414 3689 4484 ἐκφορεῖν,

2109 4509 2445 4582 πανημέριον
2471 4509 2568 4579 μὲν
2589 4508 2747 4562 τοῦτο
2769 4509 2937 4579 ἔδρων
2954 4507 3214 4579 μυριάδες
3244 4507 3459 4572 πολλαὶ,
3479 4506 3696 4576 νύκτωρ

2102 4602 2159 4656 δὲ
2193 4603 2222 4654 ὁ
2250 4601 2378 4672 χοῦς
2408 4601 2736 4672 αὐτομάτως
2766 4600 2878 4654 ἀπὸ
2902 4601 3001 4670 τῆς
3028 4600 3314 4670 φάραγγος
3358 4597 3691 4668 μετετίθετο.

2104 4695 2424 4749 Κατέλυσαν
2469 4693 2524 4746 δὲ
2563 4694 2658 4747 καὶ
2697 4693 2837 4746 αὐτὰ
2863 4694 2962 4765 τῆς
2991 4693 3304 4764 οἰκοδομίας
3337 4691 3405 4744 τὰ
3441 4690 3697 4758 λείψανα,

2105 4788 2376 4859 νεόδμητα
2413 4786 2599 4840 πάντα
2624 4786 3061 4840 κατασκευάσειν
3091 4784 3432 4846 ἐλπίσαντες.
3477 4783 3702 4852 Ἐπειδὴ

2104 4883 2162 4936 δὲ
2216 4883 2309 4936 καὶ
2357 4880 2530 4950 γύψου
2572 4882 2665 4932 καὶ
2712 4879 2929 4933 τιτάνου
2978 4877 3177 4939 πολλάς
3235 4876 3510 4946 μεδίμνων
3563 4891 3697 4927 συν-

2107 4973 2365 5045 ήθροισαν
2385 4971 2670 5044 μυριάδας,
2687 4971 2941 5041 ἐξαπίνης
2959 4971 3146 5041 ἄνεμοι
3160 4969 3326 5041 βίαιοι
3341 4967 3704 5030 πνεύσαντες,

2109 5067 2204 5117 καὶ
2238 5063 2508 5136 στρόϐιλοι
2539 5065 2631 5116 καὶ
2671 5063 2988 5131 καταιγῖδες
3037 5062 3130 5114 καὶ
3191 5059 3457 5121 λαίλαπες
3510 5058 3696 5122 πάσας

2114 5156 2325 5228 ἀθρόως
2352 5156 2672 5210 ἐσκέδασαν.
2713 5153 2836 5208 Ἔτι
2869 5154 2923 5207 δὲ
2952 5153 3281 5225 μεμηνότων
3327 5150 3555 5206 ἐκείνων
3604 5151 3694 5206 καὶ

1721 5451 1956 5512 VARUE
2000 5453 2401 5512 LECTIONES.

493 5613 538 5687 ’ξ
608 5617 739 5673 τινί.
779 5615 946 5671 Basil.
979 5615 1075 5670 Gr.
1120 5627 1171 5672 et
1215 5617 1406 5687 Steph.

415 5692 470 5737 et
501 5681 688 5764 ξιρρῂ,
733 5755 776 5764 __
810 5688 856 5764 ξ’
897 5687 1105 5764 εκείνος
1143 5689 1292 5745 abest
1315 5681 1360 5742 ’τι
1394 5687 1560 5744 Basil.
1614 5681 1707 5743 cr.

412 5755 675 5822 Probaﬁte
733 5755 972 5811 Valesio.

1485 5618 1529 5647 ”
1565 5616 1786 5686 κόρρας.
1828 5615 1992 5686 Basil.
2040 5615 2135 5668 Gr.
2216 5615 2274 5686 ’f
2313 5615 2618 5686 καθώπλισε
2675 5615 2813 5686 κατὰ
2849 5615 2957 5686 τῷν
2988 5615 3068 5686 εἰς
3094 5615 3199 5686 Χρἶ
3233 5623 3363 5659 πεπ.
3391 5615 3510 5686 tias]

1821 5687 1866 5717 ’⁵
1917 5685 2006 5739 καὶ
2040 5686 2180 5755 ἄμας
2216 5684 2313 5752 (sic
2369 5693 2418 5738 cl
2467 5679 2909 5750 Chrislnphors.)
2944 5679 3035 5732 καὶ
3075 5674 3346 5747 κοφίνους.
3391 5674 3558 5730 Basil.
3593 5675 3694 5728 δι’,

2216 5613 2260 5644 ⁸³
2313 5611 2618 5667 καθώπλισε
2675 5611 2813 5662 κατά
2849 5609 2957 5660 τῶν
2988 5610 3068 5671 εἰς
3094 5610 3194 5677 Χρ.
3233 5623 3363 5659 πεπ.
3585 5603 3698 5677 (ἓν.
