4032 6192
354 259 489 325 1Ϊί3

1308 251 1902 325 ECCLESIASTIC.-E‘
1948 261 2332 322 HISTORLE
2374 265 2519 324 LIB.
2553 265 2666 324 III.

350 378 422 445 τῇ
455 369 808 444 μακροθυμίᾳ
838 371 912 442 μὴ
944 373 1434 445 σωφρονιζομένων
1461 377 1526 445 τῇ
1543 372 1686 444 θείᾳ,
1719 371 1934 442 πρῶτον

2046 371 2302 441 patientia
2340 373 2746 444 resipiscerent,
2781 373 3018 442 primum
3049 381 3209 429 terrae
3231 379 3415 426 motus
3445 368 3621 423 factus

355 468 452 534 μὲν
516 463 738 533 σεισμὸς
783 463 1000 532 ἐγένετο
1035 463 1310 534 μέγιστος,
1346 466 1440 519 καὶ
1484 466 1609 528 τοὺς
1653 463 1934 534 παντελῶς

355 559 630 629 Ξιμυήτους
657 557 765 608 τῶν
797 555 955 610 θείων
996 557 1178 622 ἱκανὸς
1220 556 1563 629 καταπλῆξαι
1592 557 1658 610 ⁵⁷.
1717 554 1932 626 Ἐπειδὴ

356 648 408 701 5‘3
444 649 544 701 οὑκ
573 646 806 710 ἔδεισαν,
842 645 950 716 πῦρ
1003 647 1073 699 ἐκ
1109 647 1218 699 τῶν
1253 646 1636 718 ὀρυσσομένων
1667 645 1934 716 θἐμελίων

352 739 665 811 ἀναδραμὸν
703 737 986 800 πλείστους
1012 738 1122 792 τῶν
1161 739 1500 812 ὀρυττόντων
1522 739 1835 810 κατέπρησε
1863 736 1932 804 ’³,

351 832 478 894 τοὺς
505 831 560 883 δὲ
585 829 776 892 ἄλλους
805 828 1086 881 ἐσκέδασε.
1122 830 1231 883 Καὶ
1261 829 1477 901 νύκτωρ
1509 828 1565 882 δὲ
1597 826 1934 899 παμπόλλων

355 925 412 976 έν
432 940 536 976 τινι
560 921 868 992 πελαζούση
905 920 1271 974 καθευδόντων
1303 923 1454 998 στοᾷ,
1491 919 1799 990 κατηνέχθη
1833 918 1932 989 μὲν

353 1015 565 1084 ἀθρόως
607 1016 703 1067 σὺν
732 1013 810 1082 τῷ
841 1011 1023 1082 ὀρόφῳ
1053 1012 1114 1064 τὸ
1142 1012 1500 1082 οἰκοδόμημα,
1532 1009 1684 1082 [li-5]
1725 1011 1849 1072 τοὺς
1878 1009 1936 1063 δὲ

355 1106 713 1168 καθεύδοντας
743 1105 1048 1176 συνέχωσεν
1076 1103 1343 1168 ἅπαντας.
1369 1103 1527 1156 Κατὰ
1561 1103 1618 1156 δὲ
1641 1101 1739 1174 τὴν
1763 1101 1936 1172 αὐτὴν

354 1199 544 1262 νύκτα,
575 1199 669 1250 καὶ
699 1195 763 1252 αὖ
788 1199 951 1252 πάλιν
975 1202 1039 1269 τῇ
1065 1197 1346 1268 ὑστεραίᾳ,
1380 1195 1536 1266 ὤφθη
1555 1194 1704 1264 ἐντῷ
1721 1192 1936 1264 οὐρανῷ

354 1287 447 1340 τοῦ
483 1289 752 1358 σωτηρίου
785 1281 1021 1362 σταυροῦ
1041 1288 1098 1341 τὸ
1131 1287 1318 1356 σχῆμα
1351 1284 1769 1356 φωτοειδὲς,καὶ
1796 1284 1938 1338 αὑτά
1981 1318 1986 1322 -

355 1382 409 1432 οὲ
442 1379 509 1432 τὰ
542 1381 587 1412 ⁹⁹
617 1381 725 1433 τῶν
771 1358 1041 1435 Ἰούδαίων
1072 1377 1356 1448 ἐσθήματα
1394 1376 1645 1446 σταυρῶν
1698 1373 1938 1446 ἐπεπλή-
1971 1442 1981 1452 _

360 1490 518 1540 ρωτο,
546 1472 756 1525 οὐκέτι
790 1473 975 1544 μέντοι
1027 1470 1357 1542 φωτοειδῶν,
1404 1468 1520 1522 ἀλλ’
1571 1470 1634 1522 ἐκ
1679 1467 1938 1538 μελαίνης

358 1564 890 1634 κατεσκευασμένων
921 1564 1133 1634 χροιᾶς.
1178 1561 1364 1614 Ταῦτα
1394 1561 1443 1613 οἱ
1475 1559 1708 1614 ἀντίθεοι
1745 1558 1940 1613 Θεασᾶ-

347 1646 535 1725 ἰιενοι,
575 1658 667 1710 καὶ
715 1658 811 1736 τᾲς
844 1656 1140 1728 θεηλάτους
1195 1646 1469 1726 μάστιγας
1503 1653 1934 1726 ὀρῤωδήσαντες,

2043 469 2127 515 est
2157 463 2454 527 maximus,
2514 465 2605 533 qui
2667 464 2749 518 vel
2805 479 2988 518 rerum
3042 465 3352 519 divinarum
3393 459 3623 515 rudibus

2044 560 2309 608 terrorem
2344 563 2556 624 poterat
2595 537 2842 610 incutere
2875 574 2897 609 ':
2936 564 2989 610 et
3028 555 3156 626 quia
3200 569 3306 609 non
3341 552 3624 607 terreban-

2042 653 2157 713 tur,
2191 645 2333 717 ignis
2368 663 2431 701 ιιι
2466 645 2704 701 defossis
2763 647 3139 702 fundamentis
3173 659 3471 721 erumpens
3510 643 3624 714 ple-

2044 753 2248 809 rosque
2301 738 2578 794 fossorum
2625 740 2862 806 exussit,
2892 739 3141 809 reliquos
3175 739 3230 793 in
3267 738 3450 808 fugam
3487 735 3621 804 egit.

2042 830 2221 886 Noctu
2253 832 2416 887 etiam
2455 833 2510 887 in
2547 833 2722 887 vicina
2756 834 2968 904 porticu
3015 833 3418 893 dormientibus
3452 828 3625 900 pluri—

2044 926 2172 991 mis,
2199 926 2502 996 collapsum
2529 941 2652 981 cum
2698 941 2800 982 suo
2838 934 2982 981 tecto
3012 925 3296 980 aedificium
3337 925 3625 978 universos

2045 1017 2338 1086 oppressit.
2377 1015 2690 1086 Eademque
2745 1018 2835 1072 illa
2890 1026 3074 1082 nocte,
3129 1017 3387 1070 salutaris
3443 1014 3627 1068 crucis

2043 1108 2286 1163 lucidum
2311 1111 2364 1163 in
2385 1111 2525 1165 coelo
2543 1110 2760 1181 signum
2784 1110 3058 1181 apparuit,
3077 1108 3392 1164 Iudaeorum
3411 1119 3630 1176 quoque

2043 1207 2226 1254 vestes
2256 1199 2388 1270 ipsa:
2419 1202 2683 1256 crucibus
2716 1201 2930 1256 refertae
2961 1209 3091 1256 sunt
3123 1214 3234 1254 non
3267 1197 3466 1252 lucidis
3503 1196 3626 1266 qui-

2045 1290 2191 1357 dem,
2225 1292 2320 1346 sed
2355 1301 2476 1347 atro
2508 1293 2694 1350 colore
2731 1293 2980 1350 suﬂ‘usis.
3035 1291 3166 1359 Quae
3219 1299 3507 1346 cernentes
3537 1288 3627 1350 Dei

2046 1382 2371 1450 adversarii,
2407 1386 2782 1442 immissarum
2816 1401 2845 1440 a
2880 1385 2987 1440 Deo
3029 1385 3310 1456 plagarum
3349 1388 3498 1437 metu
3523 1378 3630 1455 dif-

2047 1472 2328 1544 fugerunt,
2365 1475 2534 1529 Deum
2567 1490 2692 1530 esse
2727 1476 2985 1540 fatentes,
3014 1489 3174 1543 quem
3210 1470 3628 1542 majoresipso-

2047 1581 2168 1620 rum
2201 1567 2350 1622 cruci
2385 1567 2692 1634 atlixerant.
2725 1554 2918 1621 Audiit
2967 1567 3083 1621 haec
3135 1564 3410 1628 Julianus,
3463 1561 3631 1633 938

2048 1660 2103 1712 in
2132 1660 2377 1713 omnium
2429 1660 2572 1714 enim
2628 1673 2723 1714 ore
2779 1658 3166 1722 versabantur,
3213 1655 3306 1712 sed
3353 1653 3521 1710 corde
3573 1659 3630 1705 ut

359 1751 675 1819 ἀπέδρασαν
704 1768 760 1804 τε
793 1751 887 1803 καὶ
912 1749 980 1803 τὰ
1009 1753 1184 1804 οἰκεῖα
1223 1749 1544 1813 κατέλαϐον,
1585 1749 1717 1802 Θεὸν
1743 1748 1936 1818 ὁμολο-

2046 1748 2260 1804 Pharao
2291 1754 2570 1822 quondam
2593 1751 2878 1806 obduruit.
2941 1783 2947 1790 -

359 1842 582 1908 γοῦντες
636 1842 726 1895 τὸν
760 1843 863 1895 ὑπὸ
891 1842 1000 1916 τῶν
1031 1842 1313 1913 προγύνων
1355 1840 1430 1911 τῷ
1477 1839 1618 1912 ξύλῳ
1648 1839 2090 1912 προσηλωθὲιτα.
2125 1843 2313 1898 Ταῦτα
2359 1845 2563 1915 ἢκουσε
2629 1843 2730 1916 μὲν
2806 1843 3119 1908 Ἰουλιανὸς,
3189 1841 3341 1914 παρὰ
3413 1841 3628 1896 πάντων

359 1935 466 2008 γὰρ
495 1936 672 2006 ᾔδετο,
710 1939 788 2006 τῷ
825 1935 881 1989 δὲ
910 1936 1108 2006 Φαραῶ
1143 1934 1544 2008 παραπλησίως
1578 1934 1679 2004 τὴν
1705 1934 1937 2002 καρδίαν
1976 1934 2331 2008 ὲσκλήρυνεν.
2556 1923 2564 1930 ’
2636 1982 2643 1988 .
2942 1956 2946 1960 ·
3001 1995 3006 2000 ,

929 2031 1183 2084 ΚΕΦΑΛ.

606 2126 738 2194 Περὶ
778 2124 885 2191 τῆς
915 2124 1063 2179 κατὰ
1097 2125 1347 2193 Περσῶν
1379 2126 1716 2203 στρατείας.

1259 2033 1374 2096 ις’.

442 2213 661 2284 Ἐπειδὴ
713 2215 770 2267 δὲ
820 2215 1024 2286 Πέρσαι
1063 2215 1164 2284 τὴν
1211 2199 1598 2269 Κωνσταντίου
1650 2212 1942 2286 πυθόμενοι
1997 2199 2004 2204 ’

285 2349 301 2361 .
358 2308 611 2378 τελευτὴν
643 2308 980 2380 ἐθάρρησαν,
1023 2313 1120 2361 καὶ
1159 2309 1240 2372 είς
1273 2308 1401 2370 τοὺς
1452 2302 1741 2378 Ῥωμαίων
1785 2308 1954 2383 ὅρους¹

357 2399 616 2466 ἀφίκοντο
663 2400 902 2470 πόλεμον
954 2400 1460 2469 προσαγγείλαντες
1495 2400 1536 2462 ¹,
1573 2399 1751 2466 ἔδοξεν
1793 2398 1942 2470 αύτῷ

356 2492 673 2560 συναγεῖραι
710 2477 810 2558 τὴν
861 2489 1152 2560 στρατιὰν,
1211 2491 1304 2543 τὸν
1345 2481 1556 2562 ταύτης
1609 2491 1709 2544 οὐκ
1765 2492 1944 2562 ἔχοντι

355 2582 666 2652 πρόμαχον.
709 2582 941 2652 Πέμψας
969 2583 1024 2636 δὲ
1067 2585 1150 2645 εἰς
1183 2583 1441 2652 Δελφοὺς,
1477 2583 1570 2637 καὶ
1604 2583 1796 2652 Δῆλον,
1853 2585 1946 2638 καὶ

353 2674 616 2745 Δωδώνην
641 2675 681 2739 ',
729 2674 824 2727 κοιλ⁵
858 2677 924 2728 τὰ
973 2675 1110 2729 ἄλλα
1154 2676 1484 2746 χρηστήρια,
1523 2675 1570 2727 εἰ
1605 2674 1712 2746 χρὴ
1776 2672 1945 2745 στρα-

354 2766 530 2819 τεύειν
567 2767 828 2838 ἐπηρώτα
857 2769 983 2831 τοὺς
1011 2767 1254 2839 μάντεις.
1299 2768 1365 2820 Οἱ
1399 2768 1456 2820 δὲ
1499 2768 1592 2820 καὶ
1623 2767 1945 2838 στρατεύειν

358 2859 629 2919 ἐκέλευον,
681 2861 776 2912 καὶ
823 2859 1184 2929 ὑπισχνοῦντο
1215 2859 1314 2927 τὴν
1355 2859 1533 2930 νίκην.
1574 2859 1709 2912 Ἕνα
1743 2859 1800 2912 δὲ
1834 2858 1944 2912 τῶν

356 2951 621 3020 χρησμῶν
657 2953 736 3016 είς
767 2953 996 3022 ἔλεγχον
1042 2953 1136 3006 τοῦ
1164 2952 1398 3017 ψεύδους
1437 2951 1653 3022 ἐνθήσω
1702 2953 1771 3023 τῇ
1811 2968 1942 3020 συγ-

356 3047 566 3113 γραφῇ.
603 3046 761 3097 Ἐστι
813 3044 870 3098 δὲ
915 3039 1100 3108 οὗτος·
1145 3044 1275 3099 Νῦν
1313 3043 1536 3110 πάντες
1585 3043 1942 3113 ὡρμήθημεν

357 3137 477 3190 θεοὶ
501 3136 678 3204 νίκης
704 3140 958 3205 τρόπαια
982 3138 1351 3206 κομίσασθαι
1379 3136 1539 3206 παρὰ
1588 3135 1732 3204 Θηρὶ
1762 3149 1944 3190 ποῖαι
1972 3172 2014 3228 C

351 3229 446 3298 μῷ
465 3246 477 3260 ·
503 3230 618 3283 τῶν
646 3229 698 3284 δ’
715 3230 828 3300 ἐγὼ
853 3233 1239 3302 ἡγεμονεύσω
1257 3231 1472 3300 θοῦρος
1497 3233 1946 3300 πολεμόκλονος

361 3321 556 3388 Ἄρης.
594 3321 636 3371 Τ
640 3321 667 3372 ὸ
691 3321 790 3392 μὲν
818 3317 913 3375 οὖν
947 3323 1054 3376 τῶν
1085 3321 1234 3375 ὲπῶν
1277 3321 1688 3390 καταγέλαστον
1747 3339 1948 3392 κωμῳ-

356 3411 618 3465 δείτωσαν
646 3413 692 3464 οἳ
717 3413 896 3481 λόγιον
931 3414 1052 3468 θεὸν
1087 3417 1183 3468 καὶ
1211 3412 1320 3467 τῶν
1345 3413 1580 3467 Μουσῶν
1635 3413 1947 3484 ἀρχηγέτην

357 3502 448 3555 τὸν
477 3503 674 3574 Πύθιον
721 3505 1114 3575 ὀνομάζοντες·
1167 3505 1278 3572 ἐγὼ
1335 3506 1392 3558 δὲ
1439 3505 1606 3560 αὑτοῦ
1647 3506 1709 3558 τὸ
1750 3505 1947 3575 ψεῦδος

357 3595 554 3665 εὑρὼν,
583 3596 674 3650 τὸν
704 3597 1121 3668 ἐξηπατημένον
1157 3598 1437 3669 ὀδύρομαι.
1481 3597 1650 3666 Θῆρα
1687 3598 1742 3651 δὲ
1781 3617 1946 3652 ποτα-

361 3689 459 3758 μδν
487 3691 578 3744 τὸν
627 3691 820 3762 Τίγριν
862 3691 1168 3761 ὠνόμασεν,
1207 3691 1507 3762 ἐπειδήπερ
1538 3691 1736 3745 τούτου
1764 3693 1802 3724 ³·
1827 3694 1946 3746 ἐστὶ
1982 3693 1987 3697 ’

357 3781 546 3851 θηρίον
579 3782 892 3854 ὁμώνυμον.
939 3774 1107 3846 Οὗτος
1136 3781 1193 3834 δὲ
1223 3784 1289 3835 ὲκ
1315 3782 1425 3835 τῶν
1466 3782 1768 3852 Ἀρμενίων
1816 3785 1946 3836 ἀνα-

356 3875 667 3928 ελυστὰνων
701 3874 864 3945 ὀρῶν,
909 3875 1006 3928 καὶ
1053 3873 1142 3928 διὰ
1179 3875 1276 3944 τῆς
1319 3875 1621 3945 Ἀσσυρίας
1656 3875 1820 3944 ῥέων,
1867 3874 1947 3937 εἰς

357 3967 446 4018 τὸν
499 3967 770 4038 Περσικὸν
826 3967 1101 4021 εἰσϐάλλει
1159 3967 1392 4020 κόλπον.
1461 3967 1599 4020 ’Υπό
1659 3965 1866 4038 τούτων
1918 3967 1946 4019 ὀ

332 4057 585 4119 ,δείλαιος
626 4058 975 4126 βουκοληθείς
1025 4058 1134 4110 τῶν
1187 4057 1478 4128 χρησμῶν,
1517 4058 1609 4111 καὶ
1647 4057 1745 4127 τὴν
1787 4058 1945 4128 νίκην

357 4149 730 4219 ὠνειροπόλει,
755 4151 848 4202 καὶ
869 4149 1008 4220 μετᾶ
1038 4148 1135 4219 τὴν
1161 4150 1440 4218 Περσικὴν
1475 4149 1658 4219 μάχην
1690 4148 1781 4200 τὸν
1811 4149 1945 4220 πρὸς

357 4245 481 4307 τοὺς
519 4242 832 4306 Γαλιλαίους
863 4242 1198 4313 ἑφαντάζετο
1239 4245 1502 4314 πόλεμον.
1544 4245 1692 4312 Τοὺς,
1716 4245 1772 4297 δὲ
1801 4245 1946 4315 Χρι-

360 4338 610 4399 στιανοὺς
649 4336 970 4400 Γαλιλαίους
1018 4335 1325 4407 ὠνόμαζεν,
1377 4338 1605 4408 ἀτιμίαν
1644 4338 1829 4401 αὐτοῖς
1879 4339 1942 4391 ὲκ

356 4429 459 4498 τῆς
505 4428 885 4500 προσηγορίας
948 4429 1252 4499 προσάψειν
1301 4428 1632 4501 ἡγούμενος,
1685 4429 1832 4482 Ἔδει
1886 4429 1944 4482 δὲ

2299 2033 2451 2089 car.
2491 2034 2630 2089 χιιι.
2671 2034 2754 2106 [Β.
2780 2035 2865 2090 St.
2895 2032 2960 2089 v.
2991 2033 3082 2088 ei.
3115 2031 3218 2086 cn.
3267 2029 3379 2101 ιε]

2445 2126 2520 2182 De
2552 2126 2882 2197 expeditione
2912 2127 2967 2180 in
3000 2124 3218 2202 Persas.

2112 2217 2247 2272 Cum
2299 2219 2482 2273 audita
2542 2227 2716 2274 morte
2766 2219 3080 2274 Constantii
3131 2217 3456 2272 audaciores
3502 2215 3628 2272 facti

2042 2307 2224 2364 Persae
2270 2308 2633 2380 irruptionem
2668 2309 2876 2364 indicto
2917 2310 3061 2364 bello
3096 2306 3341 2364 facerent
3388 2309 3442 2363 in
3497 2309 3632 2364 lines

2038 2400 2441 2463 Romanorum,
2472 2399 2782 2456 faciendum
2830 2401 3052 2457 Juliano
3083 2401 3261 2456 visum
3319 2408 3427 2467 est,
3456 2416 3632 2471 quan-

2048 2507 2212 2563 quam
2251 2501 2662 2564 propugnatore
2705 2493 2950 2557 carebat,
2983 2493 3370 2548 utexereitum
3411 2506 3632 2562 compa-

2049 2592 2214 2639 raret.
2249 2583 2507 2655 Misitque
2543 2583 2798 2655 Delphos,
2834 2595 2889 2640 et
2912 2586 2966 2640 in
3001 2583 3214 2650 Delum,
3247 2597 3300 2640 et
3329 2584 3631 2648 Dodonam,

2048 2686 2102 2735 et
2125 2678 2191 2732 ad
2229 2679 2337 2731 alia
2366 2679 2614 2742 oracula,
2646 2679 2741 2748 qui
2767 2687 2921 2734 vates
2951 2678 3334 2744 consulerent,
3369 2693 3436 2731 an
3471 2691 3636 2745 expc-

2049 2768 2314 2823 ditionem
2357 2767 2580 2838 aggredi
2628 2767 2872 2823 deberet.
2907 2769 2987 2822 llli
3021 2785 3152 2823 vero
3186 2777 3239 2822 et
3276 2769 3478 2823 bellum
3519 2766 3635 2834 geri

2047 2859 2328 2928 iubebant,
2354 2871 2406 2915 et
2432 2859 2719 2914 victoriam
2763 2860 3190 2928 pollicebantur.
3211 2858 3404 2936 .Uuum
3441 2873 3544 2928 ego
3569 2873 3636 2913 ex

2053 2951 2139 3006 his
2164 2951 2405 3006 oraculis
2454 2951 2691 3008 inseram
2727 2953 3057 3018 narrationi,
3103 2960 3160 3006 ut
3205 2967 3393 3008 eorum
3422 2952 3636 3007 falsitas

2051 3047 2396 3100 revincatur.
2434 3043 2530 3100 Est
2563 3054 2743 3100 autem
2770 3045 3093 3115 hujusmodi
3125 3060 3138 3098 :
3167 3045 3357 3099 Parati
3389 3061 3528 3098 num:
3560 3045 3638 3103 dii

2051 3153 2229 3191 omnes
2262 3153 2462 3201 sumus,
2501 3146 2556 3189 ut
2611 3137 2844 3205 feramus
2881 3148 3079 3205 tropaea
3121 3138 3281 3206 juxta
3312 3135 3504 3190 Feram
3535 3135 3639 3204 ﬂii-

2049 3231 2187 3284 vium
2235 3247 2252 3284 :
2286 3247 2509 3300 quorum
2552 3246 2645 3300 ego
2679 3229 2903 3284 ductor“
2945 3247 3034 3285 ero
3065 3231 3208 3299 ferus
3237 3229 3386 3284 Mars
3417 3228 3636 3300 bellipo-

2049 3331 2181 3380 tens.
2213 3320 2450 3384 Rideant
2481 3337 2614 3392 ergo
2648 3337 2910 3376 versuum
2953 3323 3185 3376 istorum
3225 3322 3484 3394 ineptias,
3541 3323 3640 3393 qui

2047 3415 2206 3468 deum
2247 3413 2594 3484 eloquentem
2641 3421 2698 3469 et
2729 3413 3013 3468 Musarum
3047 3413 3336 3484 praesidem
3375 3414 3635 3486 Pythium

2047 3504 2340 3558 nominant
2368 3522 2382 3559 :
2413 3503 2556 3566 mihi
2584 3503 2928 3574 deprehenso
2963 3505 3085 3575 ejus
3123 3505 3431 3568 mendacio,
3473 3505 3637 3558 inise-

2046 3597 2156 3650 rari
2193 3595 2342 3650 subit
2389 3595 2567 3651 illum
2600 3596 2693 3667 qui
2749 3595 2828 3650 ab"
2877 3611 2941 3651 eo
2999 3597 3263 3667 deceptus
3301 3591 3410 3651 est:
3445 3594 3637 3650 Ferant

2046 3685 2154 3742 iste
2183 3687 2392 3758 Tigrim
2426 3687 2652 3744 ﬂuvium
2690 3689 3020 3759 appellavit,
3053 3692 3181 3760 quia
3221 3688 3335 3746 fera
3382 3698 3486 3756 est,
3515 3705 3640 3760 qua:

2048 3780 2188 3836 idem
2221 3796 2348 3836 cum
2375 3795 2442 3836 eo
2487 3797 2688 3837 nomen
2739 3782 2925 3837 habet.
2975 3782 3146 3839 Ortus
3198 3783 3286 3837 hic
3341 3798 3508 3854 porro
3562 3799 3632 3838 ex

2047 3873 2322 3929 Armeniae
2358 3873 2641 3930 montibus
2664 3915 2678 3938 ,
2711 3889 2810 3944 per
2835 3871 3116 3946 Assyriam
3149 3875 3266 3930 ﬂuit
3287 3917 3301 3939 .
3337 3885 3392 3932 et
3425 3877 3478 3930 in
3511 3876 3639 3930 Per-

2053 3966 2230 4020 sicum
2274 3966 2456 4021 sinum
2495 3966 2792 4020 evolvitur.
2839 3964 2938 4022 llis
2977 3968 3068 4022 ille
3094 3961 3339 4022 oraculis
3370 3968 3632 4032 delusus,

2047 4067 2098 4113 ct
2130 4058 2418 4112 victoriam
2447 4057 2793 4124 somniabat,
2827 4065 2882 4113 et
2912 4066 3034 4126 post
3082 4073 3316 4128 pugnam
3358 4057 3634 4113 Persicam

2048 4151 2252 4205 bellum
2311 4149 2682 4203 meditabatur
2737 4149 3006 4204 adversus
3055 4149 3328 4204 Galila'os.
3381 4149 3639 4204 Galilzeos

2049 4252 2230 4296 autem
2267 4242 2547 4296 vocitabat
2582 4241 2972 4306 Christianos,
3009 4242 3112 4296 hoc
3148 4243 3257 4297 illis
3290 4243 3513 4296 nomine
3549 4243 3634 4295 in-

2047 4335 2273 4390 famiam
2309 4351 2369 4390 se
2404 4336 2681 4389 illaturum
2719 4336 3063 4390 existimans.
3120 4336 3187 4390 At
3242 4337 3485 4406 cogitare
3535 4351 3638 4404 par

2047 4434 2166 4482 erat
2197 4427 2478 4482 hominem
2516 4427 2570 4480 in
2602 4428 2804 4482 litteris
2835 4427 3130 4482 educatum
3153 4468 3166 4490 ,
3200 4416 3504 4484 mutatione
3535 4443 3636 4482 no-

356 4523 520 4577 αύτόν
559 4511 844 4594 ’σκοπῆσαι
894 4521 1075 4590 λόγοις
1098 4512 1564 4593 ἐντεθραμμένον,
1621 4521 1698 4586 ὠς
1740 4523 1940 4593 ἥκιστα

2047 4521 2215 4576 minis
2248 4519 2730 4576 existimationem
2785 4509 3018 4576 minime
3073 4519 3219 4580 laedi.
3276 4519 3410 4574 Nam
3459 4537 3635 4591 neque

353 4615 478 4687 δόξῃ
506 4614 826 4686 λυμαίνεται
879 4610 1252 4685 προσηγορίας
1292 4615 1566 4686 ἐναλλαγὴ
1590 4598 1784 4667 Ι⁵·ὀύδὲ
1826 4615 1937 4685 γὰρ

355 4710 403 4760 εί
431 4709 724 4778 Σωκράτης
751 4706 902 4780 [1M]
933 4705 1226 4777 ὠνομάσθη
1261 4705 1514 4777 Κριτίας,
1566 4709 1664 4762 καὶ
1698 4706 1939 4775 ψάλαρις

355 4799 384 4849 ὀ
440 4799 767 4869 Πυθαγόρας
819 4798 1262 4871 προσηγορεύθη,
1320 4798 1501 4869 λώϐης
1556 4797 1621 4852 ἂν
1679 4798 1941 4868 μετέσχον

354 4890 498 4952 τινος
530 4892 592 4944 ἐκ
621 4891 721 4959 τῆς
751 4891 858 4944 τῶν
913 4890 1198 4961 ὀνομάτων
1237 4889 1540 4961 μεταϐολῆς
1564 4907 1577 4920 ·
1626 4889 1746 4942 οὐδέ
1802 4906 1865 4957 γε
1915 4890 1943 4941 ὁ

353 4982 562 5052 Νιρεὺς·
585 4981 849 5053 Θερσίτης
879 4982 1200 5052 ἐπικληθεὶς
1224 4983 1266 5046 ⁵,
1304 4973 1589 5036 ἀπώλεσεν
1631 4983 1698 5035 ἂν
1725 4981 1753 5034 ὃ
1784 4980 1937 5054 παρὰ

353 5073 454 5143 τῆς
488 5072 705 5143 φύσεως
758 5074 976 5140 ἐδέξατο
1025 5075 1238 5138 κάλλος.
1291 5075 1450 5129 Ἀλλὰ
1477 5074 1682 5129 τούτων
1731 5075 1883 5129 οὐδὲν
1914 5076 1942 5128 ὀ

352 5164 526 5218 ταῦτα
552 5165 983 5235 πεπαιδευμένος
1007 5167 1095 5230 ἐίς
1126 5163 1262 5221 νοῦν
1281 5166 1458 5238 βαλὼν
1481 5167 1523 5230 ⁸,
1553 5169 1617 5220 ὲκ
1645 5166 1744 5237 τῆς
1779 5168 1939 5221 ούδα-

356 5256 520 5328 μάθεν
552 5258 686 5327 ἡμῖν
708 5257 1052 5328 ἁρμοζούσης
1072 5251 1446 5332 προσηγορίας
1469 5257 1765 5330 πημαίνειν
1793 5261 1942 5331 ἡμᾶς

2047 4613 2295 4676 Socrati,
2334 4613 2380 4668 si
2421 4612 2588 4684 939
2621 4611 2828 4667 Critias
2870 4613 3066 4669 fuisset
3108 4624 3496 4684 nuncupatus,
3539 4629 3635 4668 ne-

2046 4721 2154 4776 que
2198 4703 2562 4776 Pythagora,
2614 4705 2660 4760 si
2712 4703 2965 4760 Phalaris
3014 4708 3353 4777 appellatus,
3409 4723 3632 4774 aspersa
3703 4755 3706 4757 _

1995 4795 2000 4800 ’
2046 4799 2198 4853 labes
2240 4799 2348 4852 ulla
2391 4798 2595 4854 fuisset
2634 4813 2697 4852 ex
2740 4800 3030 4854 nominum
3073 4801 3418 4855 mutatione:
3460 4815 3635 4870 neque

2047 4887 2250 4944 Nireus
2277 4929 2292 4953 ,
2332 4891 2377 4944 si
2417 4888 2701 4945 Thersites
2737 4899 2882 4945 esset
2919 4899 3145 4946 vocatus
3167 4931 3180 4956 ,
3210 4892 3486 4960 jacturam
3517 4891 3633 4947 [ονε

2049 4994 2152 5035 ma:
2193 4979 2468 5047 fecisset,
2491 4994 2654 5050 quam
2691 4995 2718 5034 a
2759 4989 2961 5039 natura
2999 4987 3306 5050 acceperat.
3345 4980 3454 5035 Sed
3496 4978 3633 5034 nihil
3693 4993 3701 5002 '

2046 5073 2241 5128 horum
2277 5074 2464 5126 animo
2500 5082 2762 5143 reputans
2790 5113 2805 5137 ,
2843 5075 2932 5146 qui
2972 5073 3076 5129 ista
3110 5072 3408 5137 didicerat,
3438 5090 3634 5128 nocere

2049 5181 2108 5220 se
2140 5163 2304 5220 nobis
2348 5164 2772 5235 haudquaquam
2813 5165 3176 5220 conveniente
3215 5165 3482 5219 vocabulo
3519 5182 3634 5220 err-

2047 5258 2219 5320 didit,
2256 5265 2310 5312 et
2341 5257 2690 5311 oraculorum
2728 5257 3029 5314 mendaciis
3065 5257 3223 5314 fidem
3257 5254 3458 5312 habens
3492 5298 3507 5324 ,
3546 5257 3625 5310 la-

1670 5395 1904 5451 VAliUE
1934 5393 2336 5448 LliCTlONES.

451 5484 500 5546 Y7
547 5483 746 5546 ἱκανῶς
787 5483 1146 5553 κατέπληξεν.
1181 5483 1349 5538 Basil.
1405 5485 1498 5540 Gr.
1545 5496 1598 5540 et
1631 5486 1842 5554 Steph..
1877 5486 1923 5517 ⁸⁸
1957 5484 2158 5554 ὲνέπρη

355 5553 523 5607 Basil.
575 5555 670 5608 Gr.
709 5563 761 5605 et
815 5556 1002 5622 Steph.

353 5633 414 5694 et
437 5625 624 5694 Steph.
703 5623 723 5655 ³
774 5626 1060 5694 ἐναλλαγῇ.
1100 5624 1288 5694 Iidem.

1087 5557 1106 5586 ⁸
1147 5554 1427 5624 Δωδώνην.
1466 5557 1633 5611 lidem
1675 5568 1728 5610 et
1780 5556 1976 5624 l‘lpiph.
2009 5555 2098 5617 VI,
2122 5555 2218 5624 74—5.

1385 5627 1405 5658 '
1435 5629 1538 5679 aio
1564 5628 1628 5680 N.
1661 5628 1724 5680 Θ.
1747 5623 2059 5695 ἐπεκλήθη.
2121 5623 2289 5680 Basii.
2335 5624 2508 5679 (ii-rer.
2544 5623 2602 5678 ΕΞ

355 5691 698 5767 Clit'istOpli.,
739 5695 938 5768 Scalig.
980 5691 1037 5750 et
1059 5693 1378 5752 Casaubon.
1420 5699 1523 5754 Sel
1560 5697 1736 5752 λαϐὼν
1772 5697 1931 5752 liasii.
1956 5691 2060 5752 cr.
2095 5705 2142 5752 et
2174 5697 2362 5768 Steph.

2167 5499 2248 5536 σε.
2282 5483 2469 5555 Iidem.
2511 5485 2572 5552 “’_
2597 5484 2664 5538 τά
2693 5485 2842 5540 abest
2876 5485 2944 5539 ab
2979 5485 3192 5540 iisdem.
3262 5485 3276 5516 ¹
3309 5482 3630 5555 προαγγείλ.

2319 5554 2668 5626 δᾲίὲπέιδήιτερ
2700 5556 2850 5610 ἐστὶν
2879 5555 3045 5610 αὐτοῦ
3075 5556 3284 5625 θηρίον.
3338 5552 3502 5626 Basil.
3533 5552 3628 5604 Gr.

2641 5622 2703 5666 ἓ·-
2733 5626 3069 5698 ὲπικληθείς.
3101 5622 3289 5697 Steph.
3410 5625 3430 5655 °
3463 5622 3541 5679 ita
3579 5627 3638 5676 et

3488 255 3623 320 1114
3687 257 3708 282 ’
