4032 6192
333 266 470 333 IIIS

1239 259 1245 264 ’
1331 265 1824 327 TIIEODORETI
1861 262 2202 324 EPISCOPI
2244 262 2612 332 CYRENSIS

3471 256 3610 321 1116

331 389 494 440 sx-ivre
519 383 634 439 dea:
665 383 1023 439 simulacrum
1047 377 1106 440 iu
1142 384 1395 440 ecclesiis
1423 401 1482 441 se
1516 385 1915 442 collocuturum

2036 381 2282 448 Βπέλαϐε,
2315 383 2410 465 καὶ
2432 383 2500 452 τῇ
2524 378 2634 442 τῶν
2659 376 2923 450 χρησμῶν
2938 375 3266 449 ψευδολογίᾳ
3287 377 3606 443 πιστεύσας,

330 478 572 531 minatus
601 484 703 536 esi.

697 653 852 731 cui.
886 653 1053 710 xvu.
1091 653 1176 728 [Β.
1207 655 1290 710 ει.
1325 656 1387 710 v.
1423 655 1544 728 ενι]

581 747 884 818 υεςηοόίίὶε,
906 749 1036 816 civis
1063 748 1359 806 Berweuu's
1398 749 1666 805 libertate.

403 931 538 986 Cum
583 929 676 998 bis,
701 929 866 986 minis
914 929 1204 1009 profectus
1273 930 1342 1009 ab
1387 944 1498 986 uno
1566 929 1694 1005 viro.
1717 928 1932 1003 Berteze

334 1023 589 1080 devictus
619 1029 723 1075 est.
754 1007 942 1075 Virum
973 1021 1121 1075 hunc
1147 1007 1499 1089 alio-quoque
1543 1020 1761 1082 nomine
1800 1019 1924 1072 illu-

337 1127 542 1178 strem,
605 1119 664 1165 ut
720 1111 818 1180 qui.
852 1111 930 1176 ibi
983 1111 1220 1182 primum
1275 1110 1458 1164 locum
1507 1109 1650 1168 inter
1685 1110 1922 1164 curiales

338 1183 592 1264 tenebat,
647 1199 798 1254 zelus
851 1200 1024 1256 multo
1065 1197 1305 1254 reddidit
1346 1199 1727 1266 illustriorem.
1787 1198 1924 1253 Nam

338 1309 462 1346 cum
505 1291 677 1344 tilium
713 1290 923 1345 videret
979 1291 1033 1344 in
1075 1289 1447 1345 dominantem
1493 1298 1624 1344 tunc
1661 1293 1924 1360 temporis

340 1383 674 1452 impietatem
705 1396 830 1438 esse
862 1376 1214 1451 prolapsum,
1241 1371 1403 1450 eiecit
1425 1381 1579 1438 illum
1611 1382 1774 1436 domo
1802 1398 1924 1453 sua,

337 1487 390 1528 et
433 1475 610 1544 palam
664 1472 964 1528 abdicavit.
1029 1472 1126 1526 Ille
1176 1472 1562 1541 imperatorem
1621 1473 1813 1528 adiens
1871 1475 1944 1528 in'

336 1568 518 1620 vicina
567 1565 688 1622 urbi
733 1565 974 1622 statione
1026 1572 1492 1631 commorantem,
1543 1579 1654 1634 qua
1709 1566 1825 1636 ipse
1856 1568 1928 1622 sit

338 1659 610 1714 sententia
635 1700 650 1725 ,
691 1667 744 1714 et
773 1674 880 1729 quo
914 1665 1076 1728 pacto
1115 1672 1143 1710 a
1176 1667 1331 1726 patre
1363 1658 1432 1712 sit
1462 1649 1752 1712 abdicatus
1775 1699 1789 1724 ,
1824 1675 1920 1715 ex-

2022 477 2236 544 ἠπείλει
2269 477 2388 538 ταῖς
2424 473 2747 544 ἐκκλησίαις
2777 469 3055 542 ἐνιδρῦσαι
3085 469 3184 540 τῆς
3227 468 3483 541 δαίμονος
3508 471 3609 543 τῆς

2021 563 2322 618 ἀκολάστου
2357 561 2422 615 τὸ
2440 561 2680 618 εἴδωλον.
2748 641 2757 648 .
3067 603 3087 624 .

2597 659 2854 724 ΚΕΦΑΔ.
2924 658 3019 720 IZ'.

2054 754 2198 823 Περὶζ
2297 753 2409 823 τῆς
2485 751 2593 809 τοῦ
2686 749 3162 823 πολιτευομένου
3259 748 3573 813 Βεροιαίου

2637 822 2994 892 παρῤησίας.

2094 919 2250 973 Μετὰ
2283 918 2488 976 τούτων
2539 917 2597 972 δὲ
2639 916 2862 987 ἀπάρας
2895 915 3006 970 τῶν
3055 915 3317 979 ἀπειλῶν,
3358 915 3452 984 ὑφ’
3493 916 3610 980 ἐνὸς

2025 1010 2218 1080 ἀνδρὸς
2245 1013 2301 1064 ἐν
2331 1011 2528 1082 Βεροίᾳ
2555 1007 2963 1088 κατ-ἠγωνίσθη..
3013 1000 3186 1071 Οὗτος
3223 1009 3244 1041 ⁷
3273 1010 3301 1062 6
3329 1008 3491 1081 ἀνὴρ,
3516 1009 3610 1065 καὶ

2028 1102 2204 1167 ἄλλως
2243 1103 2340 1172 μὲν
2372 1101 2680 1173 περιφανὴς
2715 1101 3014 1171 ἐτύγχανεν
3037 1099 3130 1154 ὥνδ
3155 1097 3264 1155 τῶν
3288 1101 3397 1172 γάρ
3424 1096 3610 1157 αὐτόθι

2029 1191 2470 1262 πολιτευομένων
2499 1191 2687 1262 ἠγεῖτο
2711 1207 2725 1220 ·
2779 1190 3245 1261 περιφανέστερον
3282 1189 3339 1244 δὲ
3386 1191 3546 1246 αὑτὸν
3581 1193 3611 1244 6

2031 1281 2191 1350 ζῆλος
2222 1281 2473 1347 ἀπέδειξε
2504 1283 2545 1338 ⁸.
2587 1282 2692 1335 Τὸν
2738 1282 2847 1352 γάρ
2879 1281 2998 1336 υἱὸν
3045 1281 3382 1353 θεασάμενος
3411 1285 3491 1346 είς
3515 1283 3610 1355 τὴν

2031 1374 2150 1426 τότε
2181 1373 2490 1445 κρατοῦσαν
2546 1374 2802 1428 ἀσέϐειαν
2843 1373 3212 1441 ἐξοκείλαντα,
3252 1373 3485 1445 ἐξήλασε
3514 1377 3612 1445 τῆς

2031 1467 2227 1532 οἰκίας,
2257 1467 2352 1519 καὶ
2379 1467 2674 1538 προφανῶς
2701 1467 3076 1538 ἀπεκήρυξεν.
3109 1469 3175 1521 '0
3197 1468 3264 1530 δὲ,
3281 1470 3338 1522 ἐν
3354 1467 3432 1540 τῷ
3455 1470 3612 1522 πελά-

2033 1558 2178 1620 ζοντι
2208 1562 2270 1632 τῇ
2304 1559 2454 1613 πόλει
2483 1559 2709 1631 σταθμῷ
2734 1559 2812 1632 τῷ
2837 1558 3048 1630 βασιλεῖ
3070 1561 3405 1633 προσελθὼν,
3428 1564 3528 1632 τήν
3557 1580 3612 1616 τε

2035 1650 2242 1703 οἰκείαν
2275 1651 2526 1721 γνώμην,
2562 1651 2656 1705 καὶ
2683 1650 2781 1722 τὴν
2807 1651 2902 1706 τοῦ
2933 1653 3140 1723 πατρὸς
3172 1653 3445 1724 ἐδήλωσεν
3477 1655 3614 1707 ἀπο-

339 1754 511 1822 ponit.
562 1753 614 1810 Is
671 1768 804 1808 vero
841 1752 1246 1821 adolescentem
1298 1758 1494 1821 pacato
1540 1758 1594 1807 et
1627 1752 1925 1823 tranquillo

2036 1744 2278 1816 κήρυξιν.
2299 1745 2355 1798 '0
2385 1745 2439 1798 δὲ
2477 1745 2706 1815 ἡσυχίαν
2733 1745 2888 1813 ἄγειν
2920 1743 3006 1816 τῷ,
3023 1745 3270 1817 νεωτέρῳ
3297 1746 3546 1800 ἐκέλευσε
3570 1752 3612 1810 ⁹,

297 1889 306 1897 .
341 1845 527 1899 animo
581 1860 706 1901 esse
733 1844 891 1914 jubet
919 1884 934 1908 ,
974 1851 1185 1914 patrem
1229 1844 1278 1898 ei
1330 1859 1390 1899 se
1440 1843 1925 1904 reconciliaturum

337 1936 694 2003 promittens.
733 1935 796 1988 Et
831 1949 955 1989 cum
987 1935 1240 1990 Beroeam
1267 1934 1649 2004 pervenisset,
1683 1936 1930 1992 illustres

339 2037 396 2080 et
430 2028 742 2082 honoratos
771 2027 968 2082 invitat
1003 2025 1074 2080 ad
1102 2025 1441 2082 convivium.
1463 2027 1626 2082 Venit
1649 2027 1793 2083 inter
1821 2045 1930 2085 ca:-

341 2117 492 2174 teros
515 2114 886 2176 adcles‘centis
914 2131 1094 2191 pater,
1123 2124 1142 2144 ¹
1175 2129 1228 2176 et
1261 2121 1411 2177 hunc
1433 2137 1556 2177 cum
1589 2123 1702 2180 ﬁlio
1724 2127 1740 2145 ⁶
1759 2125 1930 2195 jussit

339 2212 398 2264 in
428 2211 572 2267 lecto
605 2226 709 2270 suo
743 2211 1119 2269 discumbere.
1157 2211 1272 2269 Sub
1303 2213 1547 2270 medium
1577 2222 1761 2270 autem
1793 2232 1928 2287 epu-

341 2303 492 2365 lum,
545 2303 612 2357 ad
671 2287 885 2374 patrem
947 2318 1298 2360 conversus:
1351 2305 1472 2360 Non
1506 2305 1673 2379 940
1709 2323 1927 2378 aequum

339 2393 578 2458 videtur,
612 2393 833 2464 inquit,
874 2394 1048 2448 menti
1081 2409 1204 2464 quae
1236 2395 1293 2449 in
1324 2394 1546 2451 diversa
1576 2397 1788 2452 feratur
1818 2400 1929 2454 vim

343 2485 568 2553 facere,
614 2494 668 2542 et
699 2486 979 2543 nolentem
1031 2486 1141 2541 alio
1175 2486 1502 2543 transferre.
1549 2487 1788 2544 Proinde
1828 2506 1930 2547 nec

341 2586 399 2630 tu
433 2577 602 2631 tilium
637 2593 834 2649 cogas,
884 2588 941 2633 ut
976 2578 1235 2648 dogmata
1274 2587 1369 2633 tua
1405 2580 1610 2636 invitus
1642 2593 1928 2652 sequatur,

350 2671 573 2739 quando
610 2685 709 2726 nec
743 2686 846 2741 ego
889 2671 987 2726 tibi
1043 2671 1154 2726 vim
1189 2670 1338 2728 facio
1389 2682 1448 2726 ut
1496 2688 1617 2728 mea
1653 2673 1887 2744 sequare
1911 2719 1926 2742 ,

343 2761 564 2816 tametsi
618 2772 816 2831 cOgere
869 2759 1032 2816 facile
1094 2762 1328 2832 possim.
1371 2760 1510 2817 Tum
1562 2763 1689 2830 ille,
1742 2780 1929 2820 rerum

342 2852 655 2906 divinarum
689 2852 794 2908 llde
825 2853 1071 2910 animum
1110 2869 1390 2911 exacuens
1420 2873 1434 2910 :
1472 2855 1548 2912 De
1582 2848 1762 2914 istone
1783 2899 1798 2924 ,
1829 2859 1928 2924 ait,

345 2943 561 2998 nefario
586 2944 832 3015 loqueris
858 2985 872 3010 ,
897 2946 1223 3016 imperator,
1260 2946 1358 3018 qui
1392 2947 1500 3004 Deo
1529 2949 1744 3006 invisus
1777 2966 1933 3007 men-

343 3037 566 3090 dacium
597 3037 840 3106 praetulit
865 3025 1132 3094 veritati?
1179 3039 1281 3100 [lic
1315 3056 1444 3096 vero
1478 3057 1770 3112 personam
1807 3060 1932 3101 rur-

2031 1830 2390 1898 καταλλάξειν
2444 1833 2817 1902 ὑποσχόμενος
2853 1833 2945 1886 τὸν
2993 1834 3229 1907 πατέρα.
3283 1835 3436 1889 Ἐπεὶ
3475 1835 3530 1890 δὲ
3573 1837 3616 1867 ¹⁶

2029 1923 2260 1990 ἀφίκετο
2292 1925 2372 1987 εἰς
2421 1925 2520 1996 τὴν
2571 1924 2819 1996 Βέροιαν,
2869 1925 2996 1990 τοὺς
3041 1927 3099 1978 ἐν
3140 1927 3282 1980 τέλει
3324 1930 3418 1982 καὶ
3452 1927 3616 1993 ἀξιὼο

2035 2030 2168 2085 μασι
2211 2015 2250 2047 ¹¹
2285 2016 2646 2070 συνεκάλεσεν
2674 2018 2754 2080 είς
2787 2019 3052 2074 ἑστίασιν.
3098 2019 3185 2073 Ἐν
3213 2020 3270 2073 δέ
3302 2001 3515 2086 τοότοις
3549 2017 3626 2093 ἦν,

2031 2109 2126 2160 καὶ
2157 2110 2184 2161 6
2211 2108 2402 2162 τούτου
2436 2110 2621 2182 πατήρ
2643 2125 2657 2140 ⁶
2685 2108 2876 2165 τοῦτον
2901 2111 3039 2182 μετά
3069 2110 3163 2166 τοῦ
3194 2113 3382 2178 παιδὸς
3409 2116 3492 2180 είς
3520 2115 3620 2188 τὴν

2017 2199 2199 2253 αὐτοῦ
2252 2201 2480 2256 στιϐάδα
2535 2203 2926 2276 κατακλιθῆναι
3006 2206 3329 2277 προσέταξε.
3390 2209 3496 2263 Τοῦ
3562 2209 3622 2265 δι

2033 2291 2260 2362 ἀρίστου
2284 2291 2597 2365 μεσοῦντος,
2629 2296 2734 2368 ἔφη
2767 2297 2904 2368 πρὸς
2921 2298 3011 2353 τὸν
3031 2300 3242 2371 πατέρα
3259 2318 3271 2331 °
3307 2302 3382 2356 Οὐ
3406 2303 3623 2358 δίκαιον

2033 2379 2176 2439 εἶναί
2232 2403 2321 2457 μοι
2367 2386 2520 2441 δοκεῖ
2562 2387 2848 2459 βιάζεσθαι
2879 2389 3106 2462 γνώμην
3137 2393 3340 2464 ἑτέρως
3369 2395 3620 2450 ἐκκλινοο
3733 2379 3745 2388 ’

2037 2479 2226 2550 μένην,
2265 2481 2362 2534 καὶ
2396 2482 2658 2552 μετάγειν
2691 2483 2767 2554 μὴ
2796 2484 3130 2558 βουλομένην
3179 2489 3260 2550 είς
3296 2488 3480 2560 ἕτερα.
3526 2490 3623 2562 Μὴ

2032 2571 2096 2643 δὴ
2135 2567 2229 2626 οὖν
2263 2573 2427 2646 βιάσῃ
2457 2574 2550 2628 τὸν
2578 2576 2744 2629 παῖδα
2785 2579 2913 2643 τοῖς
2937 2581 3052 2642 σοῖς
3086 2579 3356 2650 δόγμασιν
3390 2581 3620 2635 ἀκολου-

2033 2663 2148 2717 θεῖν
2178 2665 2240 2718 οὐ
2271 2665 2596 2737 βουλόμενον
2618 2685 2630 2698 ·
2663 2669 2786 2724 οὐδὲ
2821 2670 2929 2740 γὰρ
2962 2671 3075 2740 ἐγώ
3103 2689 3186 2739 σε,
3207 2673 3333 2745 εφη,
3364 2674 3623 2746 βιάζομαι

2031 2757 2147 2821 τοῖς
2181 2757 2334 2826 ἐμοῖς
2359 2757 2610 2824 ἔπεσθαι,
2645 2761 2825 2818 καίτοι
2859 2762 3004 2832 μάλα
3059 2764 3260 2837 ῥᾳδίως
3310 2766 3625 2836 ἀναγκάσαι

2033 2846 2351 2917 δυνάμενος.
2397 2847 2458 2900 '0
2494 2847 2550 2902 δὲ
2599 2852 2667 2922 τῇ
2701 2851 2830 2923 περὶ
2861 2852 2931 2906 τά
2971 2853 3092 2908 θεῖα
3132 2855 3315 2910 πίστει
3353 2856 3445 2910 τὸν
3479 2857 3633 2926 λογι-

2037 2938 2174 3008 σμὸν
2208 2939 2552 3010 παραθήξας,
2585 2943 2716 3014 περὶ
2752 2943 2946 2998 τούτου
2978 2944 3083 3016 ἔφη
3105 2963 3118 2976 ·
3154 2941 3226 3001 Ὦ
3249 2947 3496 3018 βασιλεῦ,
3525 2949 3625 3004 τοῦ

2037 3028 2342 3101 ἀλάστορος
2366 3029 2564 3100 λέγεις,
2599 3032 2693 3086 τοῦ
2727 3033 3040 3108 θεομισοῦς,
3078 3038 3176 3092 καὶ
3201 3039 3261 3093 τὸ
3294 3039 3486 3110 ψεῦδος
3522 3041 3624 3113 τῆς

456 3089 563 3090 ,
1180 3089 1279 3100 η---
1326 3089 1442 3096 ---ν
1478 3089 1770 3112 ,,..--ν..-...
1807 3089 1896 3101 ....

342 3123 449 3180 sus'
473 3124 710 3186 inductis
739 3126 984 3183 lenitatis
1015 3147 1028 3182 :
1065 3127 1283 3198 Desine,
1327 3131 1526 3203 inquit,
1562 3133 1753 3203 homo,
1786 3150 1926 3192 con-

2039 3089 2298 3191 ἀληθείας
2322 3089 2690 3194 προελομένου
2713 3142 2726 3191 ;
2749 3089 2835 3180 ”ο’
2851 3089 2909 3180 δὲ
2949 3089 3628 3210 πᾶιλιῖἓέδξῆξητξρξιόὲῇἶ

349 3217 557 3271 vitiari.
591 3218 659 3273 Et
683 3208 956 3276 converso
989 3221 1145 3276 vultu
1187 3221 1256 3277 ad
1299 3223 1705 3282 adolescentem
1738 3245 1752 3281 :
1788 3226 1930 3294 Tui,

344 3310 450 3376 ait,
482 3323 584 3382 ego
614 3325 803 3366 curam
848 3327 1032 3384 geram
1054 3354 1069 3380 ,
1107 3315 1561 3387 quandoquidem
1609 3317 1665 3374 id
1695 3320 1838 3389 patri
1872 3328 1932 3375 ut

347 3401 556 3456 taceret
605 3405 942 3474 persuadere
989 3422 1100 3464 non
1153 3410 1332 3479 potui.
1365 3407 1528 3477 Quod
1567 3425 1669 3484 ego
1721 3410 1931 3469 factum

346 3511 457 3550 non
502 3503 710 3572 temere
759 3503 1220 3576 commemoravi,
1271 3503 1367 3563 sed
1425 3511 1486 3557 ut
1542 3505 1930 3573 ostenderem,

345 3600 457 3640 non
483 3587 662 3643 solum
699 3589 1052 3652 admirabilis
1075 3591 1181 3647 viri
1232 3593 1395 3649 laude
1437 3593 1664 3668 dignam
1706 3596 1933 3654 liberta-

346 3692 453 3736 tem
476 3725 492 3748 ,
523 3685 618 3740 sed
661 3677 930 3758 plurimos
962 3695 1240 3755 prasterca
1271 3687 1421 3750 illius
1453 3690 1765 3764 potentiam
1793 3707 1934 3758 con-

346 3775 667 3847 tempsisse.

704 3953 861 4012 CAP.
890 3955 1078 4022 XVIII.
1114 3958 1197 4029 tu.
1234 3960 1316 4016 St.
1352 3959 1413 4016 v.
1441 3961 1568 4040 τε]
1629 3996 1638 4004 .

738 4049 818 4116 De
842 4051 1195 4121 ρηειίὶοιὶοηε
1231 4055 1529 4126 pwdagpgi.

426 4139 564 4196 Nam
603 4151 657 4198 et
686 4142 1002 4198 Antiochiae
1053 4143 1244 4207 itidem
1273 4145 1358 4201 vir
1385 4145 1614 4216 quidam
1661 4150 1931 4220 Optimus.

349 4248 646 4304 puerorum
683 4247 854 4304 agens
905 4235 1266 4310 padagogum
1289 4279 1305 4303 ,
1345 4236 1642 4296 familiaris
1672 4250 1791 4298 erat
1823 4247 1936 4313 (ut—

348 4333 475 4396 pote
502 4327 773 4388 eruditior
799 4324 966 4400 quam
995 4329 1278 4412 paedagogi
1311 4331 1477 4402 vulgo
1503 4314 1746 4404 sulcant)
1778 4333 1932 4405 prin-

2039 3228 2133 3276 τος
2164 3213 2410 3284 περιθεὶς
2447 3220 2821 3288 προσωπεῖον·
2871 3220 3108 3288 Παῦσαι,
3166 3223 3293 3295 ἔφη,
3345 3226 3625 3298 ἄνθρωπε,

2041 3303 2472 3377 λοιδορούμενος.
2531 3310 2642 3363 Καὶ
2697 3311 2835 3382 πρὸς
2888 3312 2980 3366 τὸν
3039 3315 3160 3380 νέον
3214 3317 3512 3385 ἀποκλίνας
3566 3322 3630 3374 τὸ

2042 3394 2365 3465 πρόσωπον’
2411 3397 2550 3468 Ἐγώ
2575 3413 2690 3463 σου,
2731 3401 2860 3474 ἔφη,
2891 3406 3152 3475 φροντιῶ,
3183 3408 3374 3481 ἐπειδή
3407 3427 3502 3465 σου
3535 3412 3630 3466 τὸν

2043 3487 2258 3559 πατέρα
2288 3489 2485 3560 δρᾶσαι
2513 3491 2672 3548 τοῦτο
2697 3495 2796 3548 οὐκ
2832 3495 3047 3552 ἔπεισα.
3090 3498 3260 3554 Τοῦδε
3307 3501 3490 3570 μέντοι
3533 3502 3629 3558 τοῦ

2041 3581 2383 3655 διηγήματος
2411 3585 2473 3637 οὐ
2507 3587 2684 3658 μάτην
2718 3588 3020 3666 ἐμνήσθην,
3064 3591 3202 3646 ἀλλά
3233 3593 3404 3660 δεῖξαι
3445 3596 3630 3668 βουλό-

2047 3691 2228 3746 μενος,
2255 3677 2316 3730 οὐ
2352 3677 2512 3746 μόνον
2546 3678 2640 3732 τοῦ
2670 3679 2974 3752 θαυμασίου
3016 3684 3209 3756 ἀνδρὸς
3253 3686 3355 3759 τὴν
3395 3689 3629 3758 ἀξιάγα-

2045 3783 2171 3822 στον
2215 3767 2382 3848 [145]
2433 3772 2769 3844 παρρησίαν,
2803 3773 2919 3828 ἀλλ’
2969 3776 3054 3830 ὅτι
3096 3778 3193 3832 καὶ
3229 3778 3469 3835 πλεῖστοι
3517 3782 3622 3853 τῆς

2045 3859 2256 3914 ἐκείνου
2296 3861 2711 3944 κατεφρόνησαν
2739 3864 3078 3932 δυναστείας.

2631 3957 2883 4022 ΚΕΦΑΛ.
2949 3960 3064 4016 IH’.

2185 4046 2328 4117 Περὶ
2359 4046 2470 4118 τῆς
2504 4049 2610 4104 τοῦ
2649 4049 3028 4121 παιδαγωγοῦ
3073 4055 3481 4124 προρῤήσεως.

2114 4136 2228 4190 Καὶ
2275 4136 2384 4210 γάρ
2426 4139 2485 4191 ἐν
2528 4139 2828 4211 Ἀντιοχείᾳ
2875 4141 3039 4195 πάλιν
3067 4143 3211 4216 ἀνήρ
3252 4162 3340 4210 τις
3383 4148 3625 4220 ἀριστρῖι

2044 4226 2414 4298 παιδαγωγεῖν
2449 4230 2710 4302 μειράκια
2744 4234 3196 4306 πεπιστευμένος,
3245 4237 3485 4310 συνήθης
3529 4239 3630 4310 μὲν

2041 4311 2132 4394 ἦν,
2187 4317 2266 4380 ὡς
2309 4317 2574 4380 πλειόνων
2611 4319 2787 4386 λόγων
2816 4321 2849 4393 ἢ
2884 4323 3028 4378 κατά
3084 4325 3434 4396 παιδαγωγὸν
3466 4344 3630 4398 μετα-

347 4418 456 4488 ripi
491 4417 784 4474 doctorum
821 4419 970 4475 illius
1020 4420 1160 4489 aevi,
1222 4407 1328 4480 hoc
1375 4429 1462 4477 est
1504 4420 1738 4478 Libanio
1766 4463 1780 4486 .
1837 4439 1930 4480 so-

2044 4406 2211 4480 σχὼν,
2263 4409 2342 4478 τῷ
2388 4409 2694 4482 τηνικαῦτα
2743 4411 2855 4465 τῶν
2913 4412 3250 4469 διδασκάλων
3309 4417 3627 4489 ἡγουμένῳ·

346 4503 545 4572 pliistze
591 4506 972 4562 celeberrimo.
1018 4506 1121 4562 Ilic
1165 4523 1299 4564 vero
1334 4509 1538 4580 impius
1573 4526 1699 4566 cum
1751 4521 1932 4580 esset,

349 4596 748 4668 victoriamque
777 4606 1168 4667 exspectaret,
1219 4599 1514 4670 minasque
1555 4598 1764 4656 Iuliani
1813 4619 1938 4658 ver-

349 4697 498 4744 saret
526 4691 712 4745 animo
735 4733 751 4758 ,
786 4691 1148 4764 paedagogum
1212 4703 1405 4748 nostra
1448 4693 1714 4751 deridens
1753 4696 1934 4752 inter-

349 4781 618 4851 rogabat,
668 4782 800 4853 quid
847 4790 1036 4854 ageret
1069 4783 1212 4838 fabri
1259 4783 1434 4841 ﬁlius.
1473 4784 1541 4838 At
1573 4784 1663 4840 ille
1693 4787 1936 4858 repletus

349 4875 536 4929 divina
566 4873 771 4946 gratia,
815 4875 962 4943 quod
1009 4875 1372 4946 postmodum
1419 4885 1754 4949 eventurum
1814 4887 1936 4933 erat

350 4969 630 5040 pradixit.
666 4968 1024 5040 Sandapilam
1055 4969 1202 5024 enim
1227 5010 1242 5032 ,
1277 4971 1383 5037 ait,
1417 4971 1668 5041 sapitista
1692 5013 1708 5039 ,
1757 4971 1932 5027 fabri-

349 5073 512 5118 catur
541 5078 728 5118 rerum
755 5063 1003 5122 omnium
1032 5063 1324 5130 Conditor,
1377 5080 1541 5135 quem
1573 5072 1629 5118 tu
1665 5079 1764 5134 per
1793 5058 1936 5120 Iudi-

354 5157 532 5210 brium
583 5155 724 5213 fabri
775 5153 948 5224 IiIium
995 5157 1308 5229 appellasti.
1355 5156 1517 5230 951
1557 5156 1758 5212 Paucis
1787 5156 1932 5220 enim

351 5261 476 5322 post
501 5251 701 5310 diebus
743 5249 1029 5320 furibundi
1062 5251 1213 5309 illius
1251 5233 1414 5321 :mors
1448 5250 1703 5306 nuntiata
1730 5257 1848 5320 est,
1879 5259 1936 5306 ct

2039 4507 2298 4572 Λιϐάνιος
2353 4509 2410 4562 δὲ
2464 4503 2554 4580 ἦν,
2607 4510 2636 4562 ό
2675 4509 2734 4562 ἐν
2773 4514 3056 4581 σοφισταῖς
3102 4514 3145 4545 ¹¹
3202 4513 3628 4587 πολυθρύλητος.

2037 4601 2315 4672 Δυσσεϐὴς
2356 4600 2413 4655 δὲ
2455 4595 2628 4666 οὗτος
2653 4600 2750 4667 ὢν,
2799 4602 2894 4657 καὶ
2939 4602 3038 4675 τὴν
3072 4603 3228 4677 νίκην
3277 4608 3630 4678 προσμένων,

2037 4694 2132 4747 καὶ
2159 4693 2258 4758 τὰς
2297 4693 2590 4748 Ἰουλιανοῦ
2622 4694 3030 4766 φανταζόμενος
3057 4697 3308 4762 ἀπειλὰς,
3343 4699 3507 4770 ἤρετο
3534 4699 3633 4756 τδν

2019 4778 2386 4856 παιδαγωγὸν
2413 4785 2692 4856 κωμῳδῶν
2722 4785 2789 4840 τὰ
2821 4787 3088 4858 ἡμέτερα,
3133 4787 3199 4840 Τί
3227 4792 3394 4853 ποιεῖ,
3427 4788 3632 4858 λέγων,

2034 4880 2064 4932 6
2091 4877 2186 4931 τοῦ
2221 4875 2472 4940 τέκτονος
2502 4877 2617 4941 υἱός
2642 4893 2656 4940 ;
2709 4876 2768 4931 '0
2793 4877 2849 4932 δὲ
2875 4878 2976 4948 τῆς
3008 4876 3160 4942 θείας
3183 4878 3555 4950 ἀναπλησθεὶς
3586 4883 3636 4914 ⁸⁸

2041 4971 2285 5042 χάριτος,
2323 4969 2622 5042 προείρηκε
2653 4969 2714 5024 τὸ
2745 4971 2863 5041 μετ’
2913 4969 3096 5040 ὀλίγον
3130 4972 3408 5042 ἐσόμενον.
3442 4973 3634 5028 Γλωσ-

2044 5063 2277 5134 σόκομον
2325 5063 2455 5136 γὰρ,
2507 5062 2632 5134 ἔφη,
2693 5064 2941 5133 σοφιστά,
2976 5065 3005 5116 6
3056 5064 3153 5118 τοῦ
3207 5067 3412 5132 παντὸς
3457 5084 3628 5121 κατα-

2043 5156 2297 5228 σκευάζει
2326 5155 2687 5227 Δημιουργδς,
2715 5155 2775 5209 ὃν
2806 5155 2870 5210 σὺ
2915 5155 3198 5228 κωμῳδῶν
3226 5158 3630 5223 τέκτονοςύίδν

2042 5247 2514 5320 προσηγόρευσας.
2573 5245 2797 5316 Ὀλίγων
2840 5245 2899 5300 δὲ
2945 5245 3269 5303 διελθουσῶν
3319 5249 3566 5323 ἡμερῶν,
3597 5251 3629 5304 6

1654 5424 1890 5481 VARL'E
1931 5423 2334 5483 LECTIONES.

417 5584 440 5615 τ
465 5543 1031 5658 μένθίιάίξιΒαεῑίιρικ
1050 5595 1176 5658 cum
1207 5578 1758 5658 $tcpli,_'_6ta3'?_q~is_.
1785 5578 2110 5658 IBasiI._AGr._.
2145 5575 2266 5658 Piui
2293 5583 2348 5629 et
2377 5557 2757 5658 sa‘vilioi'lilli‘er.
2973 5573 3089 5658 νέολ
3107 5573 3382 5658 (νεωτέρῳ
3403 5572 3626 5658 Steph.)

344 5649 1053 5725 ιιιιεροσέτειξε,μῐὶειειίι,κϐι·.,Δ
1065 5650 1279 5725 Δδιερῇ,

369 5718 627 5801 ἦμοτήςξ
671 5718 970 5777 BasiLGr.
1040 5719 1083 5749 ¹³
1124 5718 1403 5790 πλησθείς.
1438 5718 1606 5772 Idem.

1390 5642 1680 5716 ¹⁹,ὲπειόή’.
1723 5650 1908 5705 Iidem.
1965 5649 2001 5680 "
2041 5647 2396 5713 ἀξιωτάτους.
2431 5645 2595 5702 Basil.
2645 5644 2766 5715 Gr.,
2811 5642 2933 5702 Piui
2966 5652 3022 5702 et
3053 5642 3223 5709 savil.
3260 5642 3456 5703 codex.
3505 5642 3549 5678 "
3591 5648 3626 5704 6
