4032 6192
335 373 472 440 1165

1283 367 1872 431 ΕΟΟΙΕΞῘΑΞΤῙΟΞΕ
1903 367 2282 433 ΗΙΒΤΟΗῘᾸΞ
2321 372 2466 430 LIB.
2510 371 2608 432 IV.

3417 368 3556 433 1166

327 485 552 556 κλησίας
601 478 792 549 ἐκείνῳ
849 477 1182 547 παρέδωκεν.
1213 471 1289 529 Οὔ
1324 482 1422 548 τῆς
1465 478 1778 541 δυσσεϐείας
1804 479 1896 530 καὶ

2007 486 2276 546 talemque
2307 488 2530 547 experta
2559 479 2670 547 jam
2695 481 2850 532 erant
2879 471 3182 533 Samosata.
3208 483 3275 530 At
3306 476 3559 546 populus,

327 575 670 644 παρανομίας
721 568 814 622 καὶ
853 568 921 620 τὰ
956 567 1244 638 Σαμόσατα
1272 569 1466 637 πεῖραν
1503 568 1708 622 ἐλαϐεν.
1743 569 1815 620 Τὸ
1841 567 1897 621 δέ

330 660 551 730 πλῆθος,
593 661 712 721 ταῖς
741 656 1060 710 Ἀθανασίου
1101 656 1465 722 διδασκαλίαις
1522 658 1896 730 ἐντεθραμμέ-

321 769 436 815 νον,
472 745 590 804 εἶτα
622 749 869 802 ἐναντίαν
923 746 1128 818 τροφὴν
1159 746 1514 818 θεασάμενον,
1558 747 1668 800 τῶν
1699 747 1896 816 ἐκκλη-

331 841 623 896 σιαπικῶν
651 839 860 910 ἀπέστη
904 838 1192 906 συλλόγων.

406 943 466 996 '0
513 942 570 994 δέ
614 939 862 1002 Λούκιος,
902 939 1217 1009 δορυφόροις
1265 941 1601 1010 κεχρημένος
1649 943 1760 1003 τοῖς
1790 939 1898 992 τῶν

329 1034 561 1088 εἰδώλων
610 1031 990 1101 θεραπευταῖς,
1029 1031 1154 1092 τοὺς
1196 1031 1292 1100 μέν
1340 1029 1496 1102 ᾔκιξε
1544 1032 1626 1090 Μ,
1673 1032 1797 1094 τοὺς
1842 1032 1898 1084 δὲ

325 1125 588 1194 καθεῖργε
612 1124 679 1186 ⁸³,
714 1122 838 1184 τοὺς
880 1121 936 1173 δέ
983 1121 1336 1191 δραπετεύειν
1365 1123 1692 1190 ἠνάγκαζεν,
1723 1123 1899 1177 ἄλλων

327 1219 382 1272 δὲ
413 1217 700 1288 βαρϐάρων
729 1214 884 1283 δίκην
911 1213 1129 1283 ἐπόρθει
1171 1213 1272 1276 τὰς
1297 1213 1496 1276 οἰκίας.
1538 1214 1700 1266 Ἀλλὰ
1726 1214 1900 1269 ταῦτα

330 1306 547 1376 ἄμεινον
575 1306 602 1357 ὁ
630 1303 954 1371 άξιάγαστος
993 1302 1198 1371 Πέτρος
1223 1305 1280 1356 ἐν
1300 1305 1554 1375 ἐπιστολῇ
1579 1304 1896 1374 διηγήσατο.

329 1396 472 1464 Ἐγὼ
493 1396 548 1449 δέ
580 1395 706 1466 μίαν
746 1393 1126 1464 άνοσιουργίαν
1155 1393 1246 1446 τοῦ
1297 1377 1528 1447 Λουκίου
1561 1393 1901 1466 διηγησάμεο

329 1503 419 1550 νος
447 1526 461 1549 ,
493 1485 705 1553 ἐκείνην
741 1484 951 1554 ἐνθήσω
997 1486 1060 1552 τῇ
1117 1487 1402 1555 συγγραφῇ
1451 1486 1550 1556 τὴν
1589 1487 1897 1559 ἐπιστολήν·

335 1577 558 1648 ’Ἄνδρες
588 1577 644 1628 ἐν
694 1573 953 1644 Αἰγύπτῳ
979 1614 992 1637 ,
1031 1573 1129 1642 τὴν
1179 1573 1287 1626 τῶν
1333 1575 1580 1643 ἀγγέλων
1628 1577 1901 1631 πολιτείαν

331 1667 694 1740 ζηλώσαντες,
741 1667 866 1728 τοὺς
899 1664 998 1735 μὲν
1031 1665 1338 1728 πολιτικοὺς
1375 1668 1634 1739 θορύϐους
1664 1670 1902 1741 ἀπέδρα-

335 1775 452 1824 σαν,
500 1757 596 1828 τὴν
625 1760 681 1810 ἐν
729 1756 919 1826 ἐρήμῳ
969 1755 1026 1808 δὲ
1061 1757 1368 1827 προείλοντο
1422 1759 1624 1831 βιοτήν,
1667 1763 1760 1816 καί
1797 1763 1896 1834 τὴν

332 1846 608 1917 ψαμμώδη
640 1846 734 1899 καὶ
777 1846 1025 1916 ἄκαρπον
1059 1846 1402 1919 καρποφόρον
1433 1850 1734 1922 ἀπέφηναν,
1769 1869 1903 1923 καρ-
1936 1836 1974 1890 Β

334 1939 433 1993 πὸν
455 1938 532 2007 τῷ
575 1936 694 2008 Θεῷ
724 1937 937 2008 ἥδιστόν
974 1955 1030 1991 τε
1065 1939 1179 1992 -καὶ
1225 1939 1508 1995 κάλλιστον
1541 1944 1796 2014 φέροντες
1835 1947 1903 2016 ἢν

331 2029 728 2101 ἐνομοθέτησαν
758 2030 978 2100 ἀρετήν.
1011 2030 1227 2102 Ταύτης
1272 2033 1456 2086 πολλοὶ
1482 2034 1580 2104 μὲν
1608 2031 1780 2107 ἦρξαν
1809 2038 1903 2092 καὶ

333 2122 480 2176 ἄλλοι
525 2121 622 2190 τῆς
676 2121 946 2184 πολιτείας
973 2139 988 2154 ’
1030 2122 1379 2195 παιδοτρίϐης
1426 2125 1481 2178 δέ
1528 2127 1746 2198 ἄριστος
1796 2129 1904 2182 τῶν

332 2209 642 2281 ἀσκητικῶν
681 2209 894 2277 ἐγένετο
920 2213 1312 2281 συνταγμάτων
1333 2213 1616 2280 Ἀντώνιος
1643 2219 1850 2283 ἐκεῖνος
1877 2219 1906 2272 ό

334 2302 706 2374 πολυύμνητος
735 2342 748 2366 ,
782 2303 982 2374 ἀρετῆς
1051 2303 1390 2376 παλαίστραν
1461 2311 1570 2372 τοῖς
1641 2311 1906 2382 ἀσκηταῖς

331 2395 616 2464 ἀποφήνας
639 2392 735 2464 τὴν
773 2393 996 2465 ἔρημον.
1027 2395 1165 2457 Τοὺς
1189 2390 1280 2448 οὖν
1310 2397 1518 2450 ἐκείνου
1553 2400 1598 2431 θ’
1636 2399 1908 2462 θιασώτας

344 2486 530 2559 (αὐτὸς
557 2485 665 2557 γάρ
695 2485 834 2556 μετὰ
886 2485 994 2540 τῶν
1027 2487 1300 2556 μεγίστων
1330 2491 1421 2543 καί
1447 2491 1745 2547 καλλίστων
1778 2512 1908 2565 φορ-

331 2577 462 2630 τίων
481 2576 530 2608 ⁹⁸
560 2578 639 2639 εἰς
671 2577 798 2639 τοὺς
838 2577 1154 2647 ἀπηνέμους
1181 2579 1405 2650 λιμένας
1451 2583 1802 2654 καθώρμιστο
1828 2590 1843 2654 )
1879 2589 1907 2641 ό

333 2667 592 2737 δύστηνος
610 2668 814 2730 ἐκεῖνος
851 2669 944 2720 καὶ
975 2669 1282 2740 τρισάθλιος
1312 2672 1514 2739 ἐδίωξε.
1553 2676 1691 2738 Τοὺς
1711 2677 1766 2729 δὲ
1798 2678 1908 2732 τῶν

333 2757 494 2812 θείων
549 2756 774 2809 ἐκείνων
831 2758 1164 2828 ἡγουμένους
1196 2763 1389 2830 χορῶν,
1422 2764 1706 2834 Μακάριόν
1729 2784 1788 2819 τε
1819 2769 1910 2822 σὺν

333 2849 593 2919 ἀοίδιμον,
627 2846 778 2919 [177]
806 2849 901 2901 καὶ
945 2849 1036 2902 τὸν
1081 2851 1289 2904 ἐκείνου
1323 2853 1632 2926 ὁμώνυμον,
1659 2860 1751 2910 καὶ
1785 2860 1910 2912 Ἰσί-

332 2937 524 3007 δωρον,
558 2941 653 2992 καί
680 2940 802 3001 τοὺς
823 2939 1015 3004 ἄλλους
1044 2945 1108 2994 ἐκ
1145 2942 1253 2994 τῶν
1278 2944 1556 3014 σπηλαίων
1592 2946 1908 3018 ἐξαγαγὼν,

335 3027 415 3090 εἷς
443 3044 564 3080 τινα
587 3028 750 3097 νῆσον
795 3027 1123 3099 ἐξέπεμψεν,
1149 3032 1252 3085 ὑπὸ
1285 3033 1560 3088 δυσσεϐὦν
1587 3039 1911 3113 οἰκουμένην

333 3115 660 3185 ἀνθρώπων,
694 3119 786 3169 καὶ
817 3118 1019 3188 μηδένα
1045 3119 1263 3173 πώποτε
1295 3121 1590 3195 δεξαμένην
1630 3128 1910 3196 εὐσεϐείας

335 3206 671 3261 διδάσκαλον.
703 3207 809 3260 Τοῦ
842 3209 897 3261 δέ
931 3209 1228 3280 πορθμείου
1260 3214 1324 3284 τῇ
1354 3215 1425 3284 γῇ
1479 3217 1574 3286 τῆς
1608 3219 1770 3288 νήσου
1813 3237 1908 3273 πε-

333 3295 614 3361 λάσαντος,
645 3300 672 3351 ό
699 3299 910 3370 δαίμων
938 3301 966 3353 ὁ
1014 3303 1142 3372 παρ’
1171 3303 1396 3368 ἐκείνοις
1418 3305 1462 3336 ³⁵
1486 3307 1810 3378 τιμώμενος,
1848 3311 1908 3364 τὸ

339 3387 619 3458 ἱδρυμένον
650 3390 962 3444 καταλιπὼν
1009 3393 1244 3455 εἴδωλον,
1271 3395 1406 3465 ὅπερ
1427 3392 1537 3467 εἷχε
1575 3399 1802 3454 παλαιὸν
1830 3405 1908 3454 οἱ-

339 3479 621 3548 κητήριον,
661 3481 759 3551 τήν
810 3481 903 3534 τοῦ
947 3483 1140 3556 ἱερέως
1188 3484 1416 3558 ἐξέμηνε
1470 3488 1745 3562 θυγατέρα
1771 3531 1784 3555 ,
1815 3493 1908 3545 καὶ

343 3564 746 3640 βακχευομένην
798 3573 934 3642 πρὸς
974 3575 1072 3644 τὴν
1102 3576 1273 3646 ἀκτὴν
1312 3577 1598 3648 ἐξήγαγεν,
1643 3584 1722 3646 εἰς
1759 3585 1824 3654 ἢν
1849 3585 1910 3638 τὸ

341 3659 634 3730 πορθμεῖον
669 3664 716 3715 οἱ
767 3663 948 3734 ἐρέται
997 3669 1407 3739 προσώρμισαν.
1453 3672 1700 3745 Ὀργάνῳ
1735 3675 1792 3729 δέ
1840 3679 1906 3749 τῇ

339 3749 556 3822 γλώσσῃ
595 3753 937 3822 χρησάμενος
976 3757 1074 3826 τῆς
1123 3758 1309 3830 κόρης,
1366 3763 1496 3815 ἐϐόα
1548 3765 1637 3818 διὰ
1683 3766 1906 3839 ταύτης,

340 3840 483 3910 ἅπερ
506 3840 563 3891 ἐν
585 3840 866 3906 Φιλίπποις
891 3845 923 3913 ή
951 3843 1011 3896 τὸ
1040 3845 1253 3917 πνεῦμα
1287 3850 1380 3902 τοῦ
1411 3851 1665 3918 Πύθωνος
1688 3855 1908 3926 ἔχουσα·

338 3931 532 4000 ἤκουον
566 3930 620 3984 δέ
651 3931 907 3999 ἅπαντες,
938 3935 1030 3987 καὶ
1059 3936 1249 4006 ἄνδρες
1283 3941 1373 3993 καὶ
1395 3946 1673 4010 γυναῖκες,
1705 3947 1908 4001 ἐκείνου

337 4018 431 4102 τοῦ
453 4019 702 4089 δαίμονος
735 4021 980 4089 λέγοντος
996 4041 1008 4053 ·
1029 4044 1047 4076 ι
1071 4027 1133 4078 Ὢ
1152 4026 1252 4097 τῆς
1278 4030 1550 4102 ὑμετέρας
1569 4034 1909 4102 δυναστείας,

338 4100 726 4198 ᾦθεράποντες
755 4111 846 4164 τοῦ
873 4115 1140 4183 Χριστοῦῐ
1170 4100 1507 4191 πανταχόθεν
1538 4123 1582 4154 ’⁸
1606 4127 1733 4196 παρ’
1757 4100 1912 4198 ὑμῶν

341 4196 668 4288 ἐληλάμεθα,
701 4203 805 4254 ἀπὸ
839 4205 1046 4258 πόλεων
1075 4209 1169 4262 καὶ
1214 4211 1416 4280 κωμῶν
1436 4253 1451 4276 ,
1479 4215 1584 4267 ἀπὸ
1622 4217 1764 4288 ὀρῶν
1797 4196 1912 4273 Ἵκαὶ

345 4286 568 4380 βουν-ὦν,
602 4291 709 4344 ἀπὸ
752 4295 850 4362 τῆς
891 4297 1190 4367 οἰκητόρων
1247 4301 1615 4377 ἐστερημένης
1657 4286 1864 4380 ἐρήμου
1895 4331 1909 4344 ·

346 4377 648 4448 ἠλπίσαμεν
672 4382 729 4434 ἐν
765 4383 899 4452 τῷδε
933 4385 1012 4453 τῷ
1058 4389 1327 4462 νησυδρίῳ
1352 4392 1628 4462 διάγοντες
1650 4377 1912 4470 τῶνὺμε-

1997 566 2281 621 Alhanasii
2305 575 2464 620 antea
2491 566 2764 622 doctrinis
2787 567 3081 632 enutritus,
3106 567 3378 620 contraria
3405 579 3554 618 nunc

1999 659 2258 712 alimenta
2287 674 2412 712 cum
2445 658 2677 723 videret,
2698 659 2765 714 ab
2787 658 3182 714 ecclesiasticis
3203 656 3565 712 conventibus

1999 747 2279 801 abstinuit.

2066 927 2231 1000 985
2263 929 2358 1002 [Β.
2405 930 2572 986 etSt.
2614 930 2740 1004 2L]
2800 930 3008 986 Lucius
3059 946 3211 994 vero,
3271 932 3568 986 satellitum

2000 1027 2120 1078 loco
2156 1039 2289 1078 usus
2343 1023 2614 1077 idolorum
2676 1023 3009 1085 cultoribus,
3070 1023 3210 1075 alios
3246 1023 3570 1078 verberibus

1998 1116 2226 1180 laniare,
2259 1113 2397 1168 alios
2426 1113 2743 1168 carceribus
2777 1113 3083 1175 includere,
3116 1113 3253 1166 alios
3290 1113 3354 1166 ad
3390 1114 3567 1182 fugam

2001 1207 2240 1277 adigere,
2294 1206 2526 1260 aliorum
2577 1207 2741 1260 etiam
2784 1205 2976 1260 domos
3005 1204 3114 1258 ritu
3150 1204 3438 1257 barbarico
3473 1220 3569 1273 po-

1999 1298 2199 1366 pulari.
2243 1295 2444 1351 Verum
2479 1297 2589 1352 ista
2644 1297 2838 1351 melius
2904 1295 3248 1350 admirabilis
3287 1296 3482 1351 Petrus
3517 1299 3571 1350 in

1999 1391 2232 1458 epistola
2250 1396 2667 1451 commemorat,
2686 1404 2850 1458 quam
2873 1389 3024 1457 operi
3045 1404 3164 1442 meo
3198 1389 3460 1454 intexam,
3483 1391 3573 1443 ubi

2001 1499 2169 1535 unum
2197 1480 2352 1536 Lucii
2387 1483 2680 1535 scelestum
2707 1479 2922 1533 facinus
2956 1495 3282 1548 exposuero.
3307 1479 3418 1532 Viri
3448 1489 3575 1534 sunt

2003 1575 2056 1628 in
2076 1573 2330 1644 Egypto,
2357 1573 2449 1642 qni
2475 1573 2788 1642 angelorum
2821 1571 3288 1625 conversationem
3310 1573 3575 1625 annulati-

2002 1674 2106 1731 tes,
2137 1665 2208 1720 ab
2225 1665 2443 1719 urbium
2462 1663 2785 1717 tumultibus
2802 1677 2861 1717 se
2877 1663 3280 1726 subduxerunt,
3300 1663 3576 1732 vitamque

2005 1757 2058 1810 in
2090 1757 2388 1810 solitudine
2409 1770 2568 1824 agere
2587 1754 2922 1808 maluerunt.
2941 1753 3040 1808 Ubi
3067 1770 3356 1809 arenosum
3380 1770 3443 1808 ac
3464 1763 3578 1810 ste-

2004 1849 2103 1904 rile
2121 1848 2298 1904 solum
2319 1846 2638 1917 frugiferum
2659 1845 2969 1912 reddentes,
2984 1845 3221 1898 fructum
3247 1830 3353 1901 Deo
3367 1847 3579 1901 suavis-

2006 1943 2204 1998 simum
2223 1949 2275 1995 et
2307 1939 2737 2010 pulcherrimum
2771 1938 2972 2003 ferunt,
2993 1939 3266 2003 virtutem,
3286 1953 3449 2008 quam
3471 1939 3580 1995 sibi
3651 1982 3661 1992 .

2005 2041 2264 2103 tanquam
2287 2033 2456 2102 legem
2483 2031 2882 2100 imposuerunt.
2900 2030 3070 2098 llnjus
3086 2029 3388 2098 disciplinae
3407 2030 3579 2085 duces

2005 2140 2130 2179 cum
2153 2124 2247 2177 alii
2285 2122 2445 2176 multi
2475 2123 2829 2186 exstiterunt,
2865 2129 2979 2175 tum
3011 2121 3251 2190 optimus
3287 2123 3578 2190 religioso-

2005 2232 2124 2271 rum
2156 2216 2408 2270 ordinum
2442 2215 2704 2285 magister
2738 2211 3139 2266 fnitAntonius
3174 2212 3263 2266 ille
3287 2213 3581 2267 celeberri-

2006 2321 2152 2368 mus,
2180 2305 2273 2374 qui
2321 2303 2544 2357 virtutis
2573 2302 2878 2372 palmstram
2909 2300 3194 2354 monachis
3227 2300 3577 2355 solitudinem

2006 2397 2206 2453 eﬂ‘ecit.
2233 2394 2405 2464 llnjus
2437 2409 2570 2464 ergo
2600 2393 2904 2463 discipulos
2926 2391 3073 2462 (ipse
3099 2391 3246 2447 enim
3291 2407 3416 2446 cum
3464 2408 3582 2446 rna-

2010 2489 2179 2544 ximis
2204 2496 2258 2542 et
2286 2484 2677 2557 pulcherrimis
2716 2484 2976 2539 oneribus
3003 2483 3068 2538 ad
3093 2483 3422 2553 tranquillos
3447 2499 3579 2554 por-

2007 2588 2098 2636 tns
2137 2580 2424 2650 appulerat
2450 2578 2469 2648 )
2499 2577 2666 2632 miser
2697 2576 2802 2632 iste
2821 2586 2873 2630 et
2907 2575 3322 2642 infelicissimus
3351 2576 3584 2631 insecta-

2010 2680 2100 2726 tus
2148 2680 2233 2726 est
2281 2685 2399 2724 :ac
2451 2669 2760 2723 divinorum
2821 2667 3038 2727 illorum
3094 2675 3336 2721 cmtuum
3391 2667 3594 2734 duces,-

2009 2763 2310 2817 Macarium
2363 2762 2518 2815 illum
2580 2761 2878 2822 ceiebrem,
2909 2770 2968 2814 et
3003 2759 3238 2814 alterum
3272 2759 3347 2813 illi
3378 2775 3585 2834 cogno-

2011 2855 2234 2919 minem,
2293 2861 2347 2909 et
2398 2853 2688 2918 lsidornm,
2746 2853 2988 2921 aliosque
3045 2852 3112 2906 de
3151 2852 3429 2920 speluncis
3489 2853 3586 2906 ab-

2009 2942 2205 2996 ductos
2266 2943 2320 2997 in
2358 2943 2647 3012 quamdam
2703 2943 2940 2998 insulam
2999 2942 3277 3011 relegavit,
3333 2958 3455 3012 quae
3517 2943 3586 2996 ab

2012 3034 2194 3104 impiis
2233 3034 2544 3089 hominibus
2579 3033 2820 3086 habitata
2845 3032 3053 3086 nullum
3088 3048 3329 3102 unquam
3357 3033 3580 3102 pietatis

2013 3124 2334 3192 magistrum
2376 3121 2664 3175 habuerat.
2688 3121 2936 3190 Cumque
2959 3122 3025 3174 ab
3051 3121 3244 3176 insan
3266 3125 3282 3140 ‘
3307 3136 3402 3175 ora
3431 3123 3588 3192 longe

2013 3213 2228 3268 abesset
2263 3212 2566 3283 navigium,
2609 3211 2824 3266 daimon
2859 3211 2954 3282 qui
3007 3211 3076 3264 ibi
3111 3214 3415 3277 colebatur,
3451 3228 3586 3267 con-

2009 3317 2281 3361 secratum
2317 3305 2420 3360 sibi
2446 3305 2707 3360 deserens
2730 3304 3104 3370 simulacrum,
3127 3305 3269 3372 quod
3301 3306 3586 3374 antiquum

2009 3398 2130 3466 ejns
2172 3398 2352 3451 fuerat
2394 3382 2759 3458 domicilium,
2795 3396 2960 3448 tiliam
2988 3395 3294 3474 sacerdotis
3327 3397 3394 3449 ad
3437 3397 3590 3451 insa-

2010 3489 2154 3542 niam
2183 3488 2498 3555 concilavit,
2533 3496 2587 3542 et
2625 3481 2970 3542 fnribundam
3016 3477 3182 3556 986
3221 3487 3286 3540 ad
3314 3487 3466 3541 littus
3492 3487 3587 3540 de-

2008 3581 2183 3644 duxit,
2221 3595 2330 3650 quo
2365 3581 2546 3634 navim
2579 3579 2812 3647 remiges
2859 3577 3202 3647 appulerant.
3253 3576 3590 3630 Instrumen-

2008 3677 2172 3742 toqne
2194 3679 2354 3727 utens
2377 3672 2561 3741 lingua
2581 3672 2797 3742 puellae,
2818 3686 2915 3740 per
2941 3671 3084 3724 hanc
3105 3671 3294 3724 eadem
3319 3670 3591 3726 clamabat

2009 3778 2130 3833 qua:
2157 3761 2426 3834 Philippis
2463 3763 2738 3834 quondam
2761 3763 2872 3830 illa,
2895 3780 3019 3834 quae
3050 3764 3318 3835 Pythonis
3335 3765 3588 3835 spiritum

2011 3855 2292 3911 habebat:
2342 3857 2778 3927 audiebaturque
2837 3857 2905 3912 ab
2952 3859 3227 3920 omnibus,
3265 3869 3378 3911 tum
3433 3856 3589 3919 viris,

2010 3955 2124 4001 tum
2153 3947 2389 4013 feminis,
2420 3933 2688 4004 daemonis
2737 3964 2837 4002 vox
2860 3949 3130 4005 dicentis:
3163 3968 3180 4001 ι
3207 3950 3251 4005 0
3293 3950 3590 4020 potentiam

2011 4047 2285 4104 vestram,
2319 4039 2508 4093 famuli
2541 4041 2789 4095 Christi!
2836 4041 3078 4110 undique
3123 4057 3150 4093 a
3183 4042 3340 4095 vobis
3377 4039 3592 4108 expulsi

2013 4145 2223 4192 sumus,
2246 4145 2310 4184 ex
2342 4130 2572 4186 urbibus
2601 4138 2655 4185 et
2682 4131 2840 4194 vicis,
2866 4147 2930 4184 ex
2961 4131 3239 4185 montibus
3259 4139 3310 4184 et
3332 4130 3587 4189 collibus,

2011 4236 2075 4274 ex
2107 4221 2323 4274 deserta
2354 4231 2407 4274 et
2444 4221 2642 4275 incolis
2663 4237 2838 4275 vacua
2872 4221 3192 4275 solitudine.
3217 4219 3590 4288 Sperabamns

2013 4329 2115 4368 nos
2147 4329 2176 4366 ιι
2199 4313 2319 4368 telis
2347 4314 2550 4369 vestris
2580 4314 2788 4368 liberos
2825 4312 2964 4373 fore,
3011 4312 3141 4365 dum
3198 4313 3252 4364 in
3288 4311 3390 4365 hac
3423 4325 3590 4380 parva

2016 4404 2196 4459 insula
2236 4419 2426 4459 sumus
2460 4423 2474 4458 :
2505 4404 2598 4460 sed
2653 4419 2778 4474 spes
2833 4411 3022 4458 nostra
3057 4417 3158 4456 nos
3209 4401 3423 4456 fefellit.
3471 4399 3591 4454 Huc

343 4467 534 4565 teper)-
558 4470 895 4565 ἀπηλλάχθαι
923 4473 1112 4544 βελῶν,
1145 4481 1238 4532 καὶ
1281 4485 1379 4552 τῆς
1404 4484 1614 4550 ἐλπίδος
1643 4467 1907 4563 ἐψεύσθη-

2013 4497 2157 4550 enim
2204 4512 2302 4550 vos
2335 4497 2697 4550 amandarnnt
2725 4497 2817 4565 qui
2852 4511 2949 4548 vos
2999 4496 3362 4557 insectantur,
3393 4509 3498 4546 non
3532 4501 3592 4545 ut

348 4576 446 4656 μεν
517 4560 749 4656 ἐνταῦθα
777 4563 884 4634 γὰρ
909 4565 1052 4656 ὑμᾶς
1085 4569 1398 4641 ἐξέπεμψαν
1421 4577 1469 4628 οἱ
1491 4575 1795 4645 διώκοντες,
1819 4560 1916 4656 ούχ

345 4648 431 4701 ἵνα
459 4650 603 4720 ὑμᾶς
626 4652 943 4720 ἀνιάσωσιν,
965 4655 1080 4709 ἀλλ’
1102 4657 1188 4711 ἵνα
1209 4662 1356 4732 ἡμᾶς
1383 4663 1452 4716 δι’
1479 4665 1631 4735 ὑμῶν
1653 4648 1912 4734 ἐξελάσωλ

346 4755 452 4795 σιν.
494 4741 868 4813 Ἀφιστάμεθα
910 4747 1006 4800 καὶ
1050 4749 1148 4819 τῆς
1185 4753 1398 4822 νησῖδος
1429 4772 1444 4786 ·
1484 4759 1601 4820 ταῖς
1659 4741 1767 4830 γάρ
1812 4763 1914 4832 τῆς

344 4831 545 4920 ἀρετῆς
573 4835 726 4905 ὑμῶν
771 4837 952 4891 ἀκτῖσι
999 4838 1323 4911 βαλλόμεθα.
1354 4864 1372 4898 ι
1407 4845 1592 4902 Ταῦτα
1639 4831 1904 4920 λέγοντες,

345 4919 442 5012 καὶ
491 4921 559 4974 τὰ
600 4923 808 4989 τούτοις
863 4928 1196 5000 προσόμοια,
1230 4935 1311 4996 εἰς
1351 4936 1450 5004 μὲν
1499 4938 1560 4991 τὸ
1592 4919 1787 5010 ἔδαφος
1813 4943 1911 5012 τὴν

347 5010 514 5080 κόρην
540 5015 853 5082 κατέϐαλον,
881 5021 1034 5074 αὐτοί
1066 5023 1122 5076 δὲ
1149 5026 1366 5098 φροῦδοι
1389 5029 1618 5100 πάμπαν
1644 5010 1910 5101 ἐγένοντο.

360 5101 504 5198 :o-aé
535 5103 672 5198 Θείος
699 5109 902 5172 ἐκεῖνος
957 5113 1116 5183 χορὸς
1165 5119 1606 5190 προσευξάμενος
1626 5123 1722 5194 τὴν
1747 5127 1915 5198 κόρην

349 5191 608 5263 ἀνέστησε
629 5197 693 5259 ’⁷,
713 5199 808 5252 καὶ
834 5201 912 5271 τῷ
931 5209 1276 5278 γεγεννηκότι
1310 5214 1686 5283 σωφρονοῦσάν
1719 5233 1776 5268 τε
1805 5222 1898 5271 καί

2015 4602 2112 4640 vos
2147 4585 2383 4640 alliciant
2410 4587 2682 4647 molestia.
2711 4587 2805 4640 sed
2831 4595 2882 4639 ut
2912 4600 3008 4654 per
3038 4601 3134 4640 vos
3164 4600 3263 4639 nos
3293 4584 3586 4653 expellant.

2014 4675 2338 4731 Decedimns
2364 4692 2493 4747 ergo
2516 4681 2679 4732 etiam
2707 4679 2774 4732 ab
2811 4679 3016 4743 insula,
3061 4677 3190 4748 quia
3224 4677 3443 4730 virtutis
3497 4691 3590 4728 ve-

1984 4796 1986 4798 τ
2017 4777 2143 4822 strae
2175 4769 2346 4822 radiis
2368 4769 2710 4840 contigimnr.
2743 4769 2868 4826 llaec
2899 4778 2952 4824 et
3003 4771 3088 4824 his
3117 4771 3319 4826 similia
3347 4770 3592 4824 dicentes

2019 4862 2252 4930 puellam
2290 4861 2439 4914 humi
2491 4871 2866 4931 prosternunt,
2896 4872 2948 4917 et
2975 4863 3076 4932 ipsi
3119 4877 3343 4932 prorsus
3393 4875 3592 4916 evane—

2020 4960 2199 5005 scunt.
2227 4950 2454 5010 Divinos
2487 4965 2664 5010 autem
2695 4956 2785 5009 ille
2825 4957 3027 5010 chorus
3078 4955 3312 5023 puellam
3339 4953 3594 5022 precibus

2022 5044 2301 5106 excitavit.
2336 5062 2634 5117 sanamqne
2663 5057 2844 5104 mente
2892 5065 2956 5104 ac
2985 5049 3194 5104 viribus
3224 5047 3452 5118 integris
3501 5061 3595 5116 pa-

2021 5135 2161 5188 renti
2191 5135 2447 5192 reddidit.
2471 5140 2540 5191 At
2578 5139 2670 5209 qni
2708 5140 3031 5193 miraculum
3066 5139 3332 5200 viderant,
3375 5137 3440 5191 ad
3469 5152 3596 5191 san-

4002 480 4003 511 ί

4000 916 4003 937 l

4004 1286 4005 1305 ι

4004 1356 4029 1381 ι-

4008 1578 4009 1599 l

4006 1814 4025 1899 it

4006 1914 4032 1949 .

4020 2144 4023 2185 ῗ

4016 2196 4029 2221 ξ

2007 5235 2216 5281 ctorum
2252 5229 2470 5283 illorum
2508 5230 2674 5301 pedes
2724 5231 3012 5302 provoluti,
3044 5230 3237 5286 salutis
3267 5227 3592 5284 adminicula

1671 5391 1902 5450 VAle
1942 5396 2342 5458 LECTIONES.

447 5480 492 5579 [ἶ
522 5482 1169 5579 ,θὲί,ςῗῗῖ⁵-¹ἶῖ“ἓ,-99δθκ·.
1272 5499 1318 5579 ῗ²
1373 5499 1526 5579 9m".-
1583 5502 1709 5579 ττὲδς
1759 5503 1818 5579 ἑὲ
1861 5507 2152 5579 καθεῖργε.
2220 5515 2419 5568 absunt
2462 5529 2491 5568 a
2546 5515 2713 5572 Basil.
2751 5516 2842 5572 Gr.

351 5553 364 5564 .
540 5516 752 5554 “1.55319
790 5516 907 5542 rull
969 5516 1159 5572 eouex.
1273 5516 1318 5581 ς·
1373 5516 1526 5582 rure.
1583 5516 1709 5563 τους
1763 5516 1818 5555 σε
1861 5516 2152 5579 καθεῖργε,
2220 5516 2419 5568 absunt
2462 5529 2491 5568 a
2546 5516 2713 5572 Basil.
2751 5516 2842 5572 Gr.
2956 5518 3002 5550 "
3056 5519 3182 5582 τοὺς
3234 5516 3446 5571 ἐκείνου
3505 5516 3598 5568 οὖν

352 5552 780 5638 μάθιξῖξεᾳμιεξιῑρ
813 5557 1044 5638 Vino-90-
1082 5564 1178 5638 κεῖ
1206 5581 1332 5638 τοςας
1369 5569 1680 5638 εκομδίθρὴ·
1757 5575 1803 5606 ’⁵
1824 5577 2057 5638 φορτίων
2085 5581 2287 5636 habent
2333 5600 2573 5638 aneane.
2604 5587 2870 5638 probante
2916 5588 3158 5638 Valesio-
3186 5588 3352 5638 codd.
3389 5584 3510 5637 Pini
3547 5596 3598 5636 et

353 5577 780 5654 ιιιυξειξειιμιεηιθ
818 5577 1044 5640 ’ζίιιθειο-
1082 5577 1178 5615 και
1206 5577 1332 5628 τοὺς
1369 5577 1452 5620 εκο
1491 5577 1680 5638 δίθριι·
1757 5577 1803 5606 ’⁵
1824 5577 2057 5647 φορτίων
2085 5581 2287 5636 habent
2333 5600 2573 5653 quoque,
2604 5587 2870 5654 probante
2916 5577 3352 5651 ValesioJcodd.
3389 5584 3510 5637 Pini
3547 5596 3604 5636 et

353 5621 563 5703 §aHltI_.
591 5627 702 5703 bed
729 5629 892 5703 Basd.
1045 5639 1101 5703 et
1127 5633 1315 5702 Steph.
1345 5636 1614 5703 μεγίστων
1643 5658 1704 5693 τε
1733 5647 1829 5699 καὶ
1859 5647 2014 5702 καλλ.
2038 5649 2287 5703 ἐφοδίων.
2320 5655 2522 5703 αιιὶιηις
2552 5657 2732 5703 verbis
2762 5668 2813 5703 ρι
2845 5658 3009 5703 Basil-
3043 5659 3270 5703 mhiioit
3306 5676 3320 5703 ε
3364 5655 3604 5703 (mione.

879 5655 1020 5728 τηις-ο
1033 5655 1109 5728 le:
1127 5655 1623 5728 anepphpfvt‘cf‘qiv!
1643 5658 1704 5728 τὲ
1733 5655 2014 5728 καικαλλ.
2038 5655 2536 5728 ὲερρδί-ωνηςιιιὶρυο
2552 5657 2732 5711 verbis
2762 5668 2813 5728 et
2845 5658 3010 5713 Basil.
3043 5659 3270 5728 snbjieit
3306 5676 3321 5712 :
3364 5655 3606 5728 ἀπάξου-

350 5693 396 5724 9,
540 5700 552 5715 ο
691 5698 702 5714 1
946 5702 956 5712 0
1227 5693 1237 5702 '
1323 5693 1361 5720 π’.
1426 5693 1436 5703 '
1552 5711 1562 5721 ,
1611 5710 1623 5722 .
1737 5693 1829 5728 ’τῖ’
1861 5693 2014 5702 ’-ᾑ”’“’
2039 5693 2287 5716 'Yv"w"
2320 5693 2522 5721 ἸιΙΙυιΙο
2559 5693 2632 5711 VDI
2649 5693 2732 5710 ΙΙΙδ
2762 5693 2813 5711 ιι
2846 5693 3010 5713 υαθιι-
3043 5693 3270 5728 δΙΙυΙΙἏοΙδ
3307 5699 3321 5712 ο
3364 5693 3606 5720 “""("".

352 5761 381 5816 έ
421 5711 534 5767 παρ
588 5699 810 5752 ὲκεινων
837 5698 1004 5757 Bas“.
1033 5699 1128 5758 Gr.
1163 5774 1186 5790 ἡ
1223 5704 1270 5734 ⁸³
1309 5708 1398 5758 hic
1424 5715 1479 5788 et
1508 5708 1624 5764 Pint
1659 5710 1954 5787 Savtliiqne
1980 5719 2137 5772 codd.
2170 5718 2273 5776 Sed
2305 5724 2472 5779 llasil.
2498 5725 2591 5780 Gr.
2633 5743 2755 5782 eum
2790 5727 2975 5800 Steph.
3011 5728 3315 5784 πάντοθεν.
3438 5723 3482 5760 ’⁷
3525 5725 3621 5768 ἀν-

385 5778 609 5816 στησαν-
643 5779 695 5816 et
714 5770 876 5816 nanln
908 5780 1026 5816 nngl
1051 5773 1339 5816 diminuam;
1361 5775 1502 5816 Racit
1559 5778 1634 5816 c.-

385 5778 610 5836 στησαν,
643 5779 695 5823 et
714 5770 876 5838 paulo
907 5780 1026 5838 post
1051 5773 1339 5827 ἀπέδωκαν
1361 5775 1524 5831 Basil.
1559 5778 1656 5831 Gr.
