  <div class='ocr_page' id='page_1' title='image "/cluster/home/n/w/nwhite01/storage/ocr_20150623/82/hvd.32044020703054/653.png"; bbox 0 0 4032 6192; ppageno 0'>
   <div class='ocr_carea' id='block_1_1' title="bbox 445 281 575 344">
    <p class='ocr_par' dir='ltr' id='par_1_1' title="bbox 445 281 575 344">
     <span class='ocr_line' id='line_1_1' title="bbox 445 281 575 344; baseline -0.008 0"><span class='ocrx_word' id='word_1_1' title='bbox 445 281 575 344; x_wconf 68' lang='lat' dir='ltr'><strong>IIII</strong></span> 
     </span>
    </p>
   </div>
   <div class='ocr_carea' id='block_1_2' title="bbox 1429 282 2698 347">
    <p class='ocr_par' dir='ltr' id='par_1_2' title="bbox 1429 282 2698 347">
     <span class='ocr_line' id='line_1_2' title="bbox 1429 282 2698 347; baseline 0.002 -6"><span class='ocrx_word' id='word_1_2' title='bbox 1429 282 1916 343; x_wconf 84' lang='lat' dir='ltr'><strong>THEODORETI</strong></span> <span class='ocrx_word' id='word_1_3' title='bbox 1961 285 2298 347; x_wconf 86' lang='lat' dir='ltr'><strong>EPISCOPI</strong></span> <span class='ocrx_word' id='word_1_4' title='bbox 2330 286 2698 347; x_wconf 59' lang='lat' dir='ltr'><strong>CYREXSI‘S</strong></span> 
     </span>
    </p>
   </div>
   <div class='ocr_carea' id='block_1_3' title="bbox 3574 278 3710 340">
    <p class='ocr_par' dir='ltr' id='par_1_3' title="bbox 3574 278 3710 340">
     <span class='ocr_line' id='line_1_3' title="bbox 3574 278 3710 340; baseline 0.015 -2"><span class='ocrx_word' id='word_1_5' title='bbox 3574 278 3710 340; x_wconf 78' lang='lat'><strong>1172</strong></span> 
     </span>
    </p>
   </div>
   <div class='ocr_carea' id='block_1_4' title="bbox 437 389 2026 466">
    <p class='ocr_par' dir='ltr' id='par_1_4' title="bbox 437 389 2017 464">
     <span class='ocr_line' id='line_1_4' title="bbox 437 389 2017 464; baseline -0.003 -16"><span class='ocrx_word' id='word_1_6' title='bbox 437 391 770 464; x_wconf 67' lang='lat' dir='ltr'><strong>presbyteri,</strong></span> <span class='ocrx_word' id='word_1_7' title='bbox 807 404 915 445; x_wconf 91' lang='lat' dir='ltr'><strong>non</strong></span> <span class='ocrx_word' id='word_1_8' title='bbox 945 389 1208 455; x_wconf 89' lang='lat' dir='ltr'><strong>diaconi,</strong></span> <span class='ocrx_word' id='word_1_9' title='bbox 1263 403 1372 442; x_wconf 89' lang='lat' dir='ltr'><strong>non</strong></span> <span class='ocrx_word' id='word_1_10' title='bbox 1429 389 1615 458; x_wconf 82' lang='lat' dir='ltr'><strong>pOpuli</strong></span> <span class='ocrx_word' id='word_1_11' title='bbox 1685 389 2017 444; x_wconf 74' lang='lat' dir='ltr'><strong>multitudo:</strong></span> 
     </span>
    </p>
   </div>
   <div class='ocr_carea' id='block_1_5' title="bbox 2129 389 3709 466">
    <p class='ocr_par' dir='ltr' id='par_1_5' title="bbox 2129 390 3709 466">
     <span class='ocr_line' id='line_1_5' title="bbox 2129 390 3709 466; baseline -0.001 -21"><span class='ocrx_word' id='word_1_12' title='bbox 2129 393 2217 463; x_wconf 79' lang='grc' dir='ltr'><strong>Τῷ</strong></span> <span class='ocrx_word' id='word_1_13' title='bbox 2246 394 2309 464; x_wconf 79' lang='grc' dir='ltr'>δὴ</span> <span class='ocrx_word' id='word_1_14' title='bbox 2341 395 2570 466; x_wconf 78' lang='grc' dir='ltr'><strong>τοιούτῳ</strong></span> <span class='ocrx_word' id='word_1_15' title='bbox 2611 397 2850 464; x_wconf 75' lang='grc' dir='ltr'>συνῆσαν</span> <span class='ocrx_word' id='word_1_16' title='bbox 2899 392 3063 462; x_wconf 79' lang='grc' dir='ltr'>(ἁπλῇ</span> <span class='ocrx_word' id='word_1_17' title='bbox 3099 392 3207 461; x_wconf 70' lang='grc' dir='ltr'><strong>γὰρ</strong></span> <span class='ocrx_word' id='word_1_18' title='bbox 3255 390 3444 460; x_wconf 80' lang='grc' dir='ltr'>εἰσόδῳ</span> <span class='ocrx_word' id='word_1_19' title='bbox 3479 392 3579 459; x_wconf 76' lang='grc' dir='ltr'><strong>τῆς</strong></span> <span class='ocrx_word' id='word_1_20' title='bbox 3606 393 3709 445; x_wconf 76' lang='grc' dir='ltr'>πό-</span> 
     </span>
    </p>
   </div>
   <div class='ocr_carea' id='block_1_6' title="bbox 439 476 2022 552">
    <p class='ocr_par' dir='ltr' id='par_1_6' title="bbox 439 476 2022 552">
     <span class='ocr_line' id='line_1_6' title="bbox 439 476 2022 552; baseline -0.004 -12"><span class='ocrx_word' id='word_1_21' title='bbox 439 501 547 539; x_wconf 64' lang='grc' dir='ltr'>ιιοιι</span> <span class='ocrx_word' id='word_1_22' title='bbox 572 485 722 537; x_wconf 92' lang='lat' dir='ltr'><strong>illum</strong></span> <span class='ocrx_word' id='word_1_23' title='bbox 750 480 1271 552; x_wconf 66' lang='lat' dir='ltr'><strong>prmibanthymnos</strong></span> <span class='ocrx_word' id='word_1_24' title='bbox 1303 495 1368 534; x_wconf 79' lang='lat' dir='ltr'><strong>ex</strong></span> <span class='ocrx_word' id='word_1_25' title='bbox 1417 476 1720 550; x_wconf 82' lang='lat' dir='ltr'><strong>Scripturis</strong></span> <span class='ocrx_word' id='word_1_26' title='bbox 1763 480 2022 550; x_wconf 88' lang='lat' dir='ltr'><strong>deprom-</strong></span> 
     </span>
    </p>
   </div>
   <div class='ocr_carea' id='block_1_7' title="bbox 441 573 2022 648">
    <p class='ocr_par' dir='ltr' id='par_1_7' title="bbox 441 573 2022 648">
     <span class='ocr_line' id='line_1_7' title="bbox 441 573 2022 648; baseline -0.003 -18"><span class='ocrx_word' id='word_1_27' title='bbox 441 588 563 648; x_wconf 86' lang='lat' dir='ltr'><strong>ptos</strong></span> <span class='ocrx_word' id='word_1_28' title='bbox 608 583 896 631; x_wconf 73' lang='lat' dir='ltr'><strong>cantantes</strong></span> <span class='ocrx_word' id='word_1_29' title='bbox 925 573 1209 628; x_wconf 84' lang='lat' dir='ltr'><strong>monachi:</strong></span> <span class='ocrx_word' id='word_1_30' title='bbox 1247 573 1339 628; x_wconf 88' lang='lat' dir='ltr'><strong>sed</strong></span> <span class='ocrx_word' id='word_1_31' title='bbox 1368 588 1492 628; x_wconf 89' lang='lat' dir='ltr'><strong>cum</strong></span> <span class='ocrx_word' id='word_1_32' title='bbox 1530 589 1596 627; x_wconf 90' lang='lat' dir='ltr'><strong>eo</strong></span> <span class='ocrx_word' id='word_1_33' title='bbox 1628 573 1866 629; x_wconf 85' lang='lat' dir='ltr'><strong>Euzoius</strong></span> <span class='ocrx_word' id='word_1_34' title='bbox 1883 583 2022 639; x_wconf 89' lang='lat' dir='ltr'><strong>erat,</strong></span> 
     </span>
    </p>
   </div>
   <div class='ocr_carea' id='block_1_8' title="bbox 438 664 2024 737">
    <p class='ocr_par' dir='ltr' id='par_1_8' title="bbox 438 664 2024 737">
     <span class='ocr_line' id='line_1_8' title="bbox 438 664 2024 737; baseline -0.001 -16"><span class='ocrx_word' id='word_1_35' title='bbox 438 669 527 723; x_wconf 68' lang='lat' dir='ltr'><strong>ille</strong></span> <span class='ocrx_word' id='word_1_36' title='bbox 545 666 907 737; x_wconf 86' lang='lat' dir='ltr'><strong>jampridem,</strong></span> <span class='ocrx_word' id='word_1_37' title='bbox 942 680 1069 718; x_wconf 90' lang='lat' dir='ltr'><strong>eum</strong></span> <span class='ocrx_word' id='word_1_38' title='bbox 1122 664 1464 719; x_wconf 71' lang='lat' dir='ltr'><strong>Alexandria:</strong></span> <span class='ocrx_word' id='word_1_39' title='bbox 1517 674 1718 719; x_wconf 61' lang='lat' dir='ltr'><strong>nostra;</strong></span> <span class='ocrx_word' id='word_1_40' title='bbox 1755 665 2024 719; x_wconf 84' lang='lat' dir='ltr'><strong>diaconus</strong></span> 
     </span>
    </p>
   </div>
   <div class='ocr_carea' id='block_1_9' title="bbox 437 737 2025 826">
    <p class='ocr_par' dir='ltr' id='par_1_9' title="bbox 437 737 2025 826">
     <span class='ocr_line' id='line_1_9' title="bbox 437 737 2025 826; baseline -0.003 -13"><span class='ocrx_word' id='word_1_41' title='bbox 437 767 602 822; x_wconf 55' lang='lat' dir='ltr'><strong>esset,</strong></span> <span class='ocrx_word' id='word_1_42' title='bbox 637 772 742 811; x_wconf 90' lang='lat' dir='ltr'><strong>una</strong></span> <span class='ocrx_word' id='word_1_43' title='bbox 784 772 908 811; x_wconf 91' lang='lat' dir='ltr'><strong>eum</strong></span> <span class='ocrx_word' id='word_1_44' title='bbox 941 755 1074 809; x_wconf 83' lang='lat' dir='ltr'><strong>Ario</strong></span> <span class='ocrx_word' id='word_1_45' title='bbox 1098 755 1151 808; x_wconf 93' lang='lat' dir='ltr'><strong>in</strong></span> <span class='ocrx_word' id='word_1_46' title='bbox 1216 770 1374 809; x_wconf 84' lang='lat' dir='ltr'><strong>sacra</strong></span> <span class='ocrx_word' id='word_1_47' title='bbox 1440 763 1494 808; x_wconf 89' lang='lat' dir='ltr'><strong>et</strong></span> <span class='ocrx_word' id='word_1_48' title='bbox 1558 771 1752 824; x_wconf 87' lang='lat' dir='ltr'><strong>magna</strong></span> <span class='ocrx_word' id='word_1_49' title='bbox 1813 737 2025 826; x_wconf 80' lang='lat' dir='ltr'><strong>synodo</strong></span> 
     </span>
    </p>
   </div>
   <div class='ocr_carea' id='block_1_10' title="bbox 434 847 2024 920">
    <p class='ocr_par' dir='ltr' id='par_1_10' title="bbox 434 847 2024 920">
     <span class='ocr_line' id='line_1_10' title="bbox 434 847 2024 920; baseline -0.003 -16"><span class='ocrx_word' id='word_1_50' title='bbox 434 849 652 905; x_wconf 68' lang='lat' dir='ltr'><strong>i‘iicaena</strong></span> <span class='ocrx_word' id='word_1_51' title='bbox 675 848 983 920; x_wconf 85' lang='lat' dir='ltr'><strong>depositus,</strong></span> <span class='ocrx_word' id='word_1_52' title='bbox 1028 863 1176 900; x_wconf 89' lang='lat' dir='ltr'><strong>nunc</strong></span> <span class='ocrx_word' id='word_1_53' title='bbox 1211 854 1391 900; x_wconf 84' lang='lat' dir='ltr'><strong>autem</strong></span> <span class='ocrx_word' id='word_1_54' title='bbox 1452 847 1802 916; x_wconf 68' lang='lat' dir='ltr'><strong>prmsulatum</strong></span> <span class='ocrx_word' id='word_1_55' title='bbox 1858 847 2024 901; x_wconf 80' lang='lat' dir='ltr'><strong>deva-</strong></span> 
     </span>
    </p>
   </div>
   <div class='ocr_carea' id='block_1_11' title="bbox 438 938 2022 1008">
    <p class='ocr_par' dir='ltr' id='par_1_11' title="bbox 438 938 2022 1008">
     <span class='ocr_line' id='line_1_11' title="bbox 438 938 2022 1008; baseline -0.003 -12"><span class='ocrx_word' id='word_1_56' title='bbox 438 957 591 996; x_wconf 74' lang='lat' dir='ltr'><strong>stans</strong></span> <span class='ocrx_word' id='word_1_57' title='bbox 627 942 1046 995; x_wconf 82' lang='lat' dir='ltr'><strong>Antiochenum.</strong></span> <span class='ocrx_word' id='word_1_58' title='bbox 1077 938 1142 992; x_wconf 87' lang='lat' dir='ltr'><strong>Et</strong></span> <span class='ocrx_word' id='word_1_59' title='bbox 1188 940 1637 993; x_wconf 84' lang='lat' dir='ltr'><strong>comitatensium</strong></span> <span class='ocrx_word' id='word_1_60' title='bbox 1673 938 2022 1008; x_wconf 89' lang='lat' dir='ltr'><strong>largitionum</strong></span> 
     </span>
    </p>
   </div>
   <div class='ocr_carea' id='block_1_12' title="bbox 437 1031 2024 1102">
    <p class='ocr_par' dir='ltr' id='par_1_12' title="bbox 437 1031 2024 1102">
     <span class='ocr_line' id='line_1_12' title="bbox 437 1031 2024 1102; baseline -0.003 -14"><span class='ocrx_word' id='word_1_61' title='bbox 437 1050 644 1100; x_wconf 84' lang='lat' dir='ltr'><strong>comes,</strong></span> <span class='ocrx_word' id='word_1_62' title='bbox 668 1050 793 1088; x_wconf 87' lang='lat' dir='ltr'><strong>cum</strong></span> <span class='ocrx_word' id='word_1_63' title='bbox 817 1031 1027 1102; x_wconf 80' lang='lat' dir='ltr'><strong>ingenti</strong></span> <span class='ocrx_word' id='word_1_64' title='bbox 1062 1031 1298 1086; x_wconf 88' lang='lat' dir='ltr'><strong>militum</strong></span> <span class='ocrx_word' id='word_1_65' title='bbox 1327 1047 1516 1097; x_wconf 90' lang='lat' dir='ltr'><strong>manu,</strong></span> <span class='ocrx_word' id='word_1_66' title='bbox 1549 1031 1603 1085; x_wconf 90' lang='lat' dir='ltr'><strong>in</strong></span> <span class='ocrx_word' id='word_1_67' title='bbox 1629 1032 1777 1084; x_wconf 92' lang='lat' dir='ltr'><strong>omni</strong></span> <span class='ocrx_word' id='word_1_68' title='bbox 1809 1045 2024 1100; x_wconf 83' lang='lat' dir='ltr'><strong>semper</strong></span> 
     </span>
    </p>
   </div>
   <div class='ocr_carea' id='block_1_13' title="bbox 440 1123 2025 1199">
    <p class='ocr_par' dir='ltr' id='par_1_13' title="bbox 440 1123 2025 1199">
     <span class='ocr_line' id='line_1_13' title="bbox 440 1123 2025 1199; baseline 0 -19"><span class='ocrx_word' id='word_1_69' title='bbox 440 1129 714 1199; x_wconf 83' lang='lat' dir='ltr'><strong>impietate</strong></span> <span class='ocrx_word' id='word_1_70' title='bbox 737 1127 960 1190; x_wconf 84' lang='lat' dir='ltr'><strong>nobilis,</strong></span> <span class='ocrx_word' id='word_1_71' title='bbox 992 1125 1210 1180; x_wconf 87' lang='lat' dir='ltr'><strong>nomine</strong></span> <span class='ocrx_word' id='word_1_72' title='bbox 1243 1123 1494 1195; x_wconf 82' lang='lat' dir='ltr'><strong>Magnus.</strong></span> <span class='ocrx_word' id='word_1_73' title='bbox 1518 1123 1623 1190; x_wconf 81' lang='lat' dir='ltr'><strong>Qui</strong></span> <span class='ocrx_word' id='word_1_74' title='bbox 1675 1141 1798 1179; x_wconf 88' lang='lat' dir='ltr'><strong>cum</strong></span> <span class='ocrx_word' id='word_1_75' title='bbox 1854 1125 2025 1180; x_wconf 78' lang='lat' dir='ltr'><strong>ecclo-</strong></span> 
     </span>
    </p>
   </div>
   <div class='ocr_carea' id='block_1_14' title="bbox 439 1217 2020 1292">
    <p class='ocr_par' dir='ltr' id='par_1_14' title="bbox 439 1217 2020 1292">
     <span class='ocr_line' id='line_1_14' title="bbox 439 1217 2020 1292; baseline -0.001 -19"><span class='ocrx_word' id='word_1_76' title='bbox 439 1221 574 1273; x_wconf 58' lang='lat' dir='ltr'><strong>siam</strong></span> <span class='ocrx_word' id='word_1_77' title='bbox 599 1220 958 1292; x_wconf 87' lang='lat' dir='ltr'><strong>Berytiorum,</strong></span> <span class='ocrx_word' id='word_1_78' title='bbox 992 1234 1112 1288; x_wconf 77' lang='lat' dir='ltr'><strong>qua:</strong></span> <span class='ocrx_word' id='word_1_79' title='bbox 1136 1217 1458 1274; x_wconf 77' lang='lat' dir='ltr'><strong>thnieum</strong></span> <span class='ocrx_word' id='word_1_80' title='bbox 1496 1220 1626 1274; x_wconf 83' lang='lat' dir='ltr'><strong>urbs</strong></span> <span class='ocrx_word' id='word_1_81' title='bbox 1657 1227 1740 1273; x_wconf 89' lang='lat' dir='ltr'><strong>est</strong></span> <span class='ocrx_word' id='word_1_82' title='bbox 1769 1218 2020 1283; x_wconf 82' lang='lat' dir='ltr'><strong>illustris,</strong></span> 
     </span>
    </p>
   </div>
   <div class='ocr_carea' id='block_1_15' title="bbox 435 1310 2024 1382">
    <p class='ocr_par' dir='ltr' id='par_1_15' title="bbox 435 1310 2024 1382">
     <span class='ocr_line' id='line_1_15' title="bbox 435 1310 2024 1382; baseline 0.001 -18"><span class='ocrx_word' id='word_1_83' title='bbox 435 1310 638 1366; x_wconf 78' lang='lat' dir='ltr'><strong>Juliani</strong></span> <span class='ocrx_word' id='word_1_84' title='bbox 696 1313 1032 1382; x_wconf 83' lang='lat' dir='ltr'><strong>temporibus</strong></span> <span class='ocrx_word' id='word_1_85' title='bbox 1079 1310 1448 1376; x_wconf 88' lang='lat' dir='ltr'><strong>incendisset,</strong></span> <span class='ocrx_word' id='word_1_86' title='bbox 1489 1311 1629 1364; x_wconf 89' lang='lat' dir='ltr'><strong>banc</strong></span> <span class='ocrx_word' id='word_1_87' title='bbox 1676 1319 1861 1381; x_wconf 91' lang='lat' dir='ltr'><strong>postea</strong></span> <span class='ocrx_word' id='word_1_88' title='bbox 1917 1310 2024 1365; x_wconf 88' lang='lat' dir='ltr'><strong>sub</strong></span> 
     </span>
    </p>
   </div>
   <div class='ocr_carea' id='block_1_16' title="bbox 441 1401 2025 1473">
    <p class='ocr_par' dir='ltr' id='par_1_16' title="bbox 441 1401 2025 1473">
     <span class='ocr_line' id='line_1_16' title="bbox 441 1401 2025 1473; baseline 0.001 -16"><span class='ocrx_word' id='word_1_89' title='bbox 441 1404 904 1459; x_wconf 70' lang='lat' dir='ltr'><strong>beatmmemorize</strong></span> <span class='ocrx_word' id='word_1_90' title='bbox 943 1401 1172 1457; x_wconf 82' lang='lat' dir='ltr'><strong>Joviano</strong></span> <span class='ocrx_word' id='word_1_91' title='bbox 1240 1403 1358 1458; x_wconf 83' lang='lat' dir='ltr'><strong>suis</strong></span> <span class='ocrx_word' id='word_1_92' title='bbox 1414 1403 1678 1473; x_wconf 86' lang='lat' dir='ltr'><strong>impensis</strong></span> <span class='ocrx_word' id='word_1_93' title='bbox 1733 1404 2025 1458; x_wconf 83' lang='lat' dir='ltr'><strong>restituere</strong></span> 
     </span>
    </p>
   </div>
   <div class='ocr_carea' id='block_1_17' title="bbox 435 1495 2024 1566">
    <p class='ocr_par' dir='ltr' id='par_1_17' title="bbox 435 1495 2024 1566">
     <span class='ocr_line' id='line_1_17' title="bbox 435 1495 2024 1566; baseline 0 -16"><span class='ocrx_word' id='word_1_94' title='bbox 435 1505 663 1550; x_wconf 87' lang='lat' dir='ltr'><strong>coactus</strong></span> <span class='ocrx_word' id='word_1_95' title='bbox 693 1504 796 1561; x_wconf 90' lang='lat' dir='ltr'><strong>est,</strong></span> <span class='ocrx_word' id='word_1_96' title='bbox 831 1512 1133 1566; x_wconf 89' lang='lat' dir='ltr'><strong>parumque</strong></span> <span class='ocrx_word' id='word_1_97' title='bbox 1154 1495 1328 1550; x_wconf 81' lang='lat' dir='ltr'><strong>abfuit</strong></span> <span class='ocrx_word' id='word_1_98' title='bbox 1358 1495 1491 1564; x_wconf 89' lang='lat' dir='ltr'><strong>quin</strong></span> <span class='ocrx_word' id='word_1_99' title='bbox 1521 1495 1699 1566; x_wconf 88' lang='lat' dir='ltr'><strong>capite</strong></span> <span class='ocrx_word' id='word_1_100' title='bbox 1733 1504 2024 1550; x_wconf 89' lang='lat' dir='ltr'><strong>truncare-</strong></span> 
     </span>
    </p>
   </div>
   <div class='ocr_carea' id='block_1_18' title="bbox 439 1587 2021 1658">
    <p class='ocr_par' dir='ltr' id='par_1_18' title="bbox 439 1587 2021 1658">
     <span class='ocr_line' id='line_1_18' title="bbox 439 1587 2021 1658; baseline 0.003 -20"><span class='ocrx_word' id='word_1_101' title='bbox 439 1598 548 1654; x_wconf 92' lang='lat' dir='ltr'><strong>tur,</strong></span> <span class='ocrx_word' id='word_1_102' title='bbox 579 1589 686 1644; x_wconf 88' lang='lat' dir='ltr'><strong>nisi</strong></span> <span class='ocrx_word' id='word_1_103' title='bbox 716 1589 1016 1643; x_wconf 89' lang='lat' dir='ltr'><strong>multorum</strong></span> <span class='ocrx_word' id='word_1_104' title='bbox 1053 1588 1453 1643; x_wconf 85' lang='lat' dir='ltr'><strong>intercessione</strong></span> <span class='ocrx_word' id='word_1_105' title='bbox 1506 1587 1855 1658; x_wconf 84' lang='lat' dir='ltr'><strong>imperatoris</strong></span> <span class='ocrx_word' id='word_1_106' title='bbox 1909 1587 2021 1642; x_wconf 90' lang='lat' dir='ltr'><strong>cle-</strong></span> 
     </span>
    </p>
   </div>
   <div class='ocr_carea' id='block_1_19' title="bbox 438 1678 2024 1751">
    <p class='ocr_par' dir='ltr' id='par_1_19' title="bbox 438 1678 2024 1751">
     <span class='ocr_line' id='line_1_19' title="bbox 438 1678 2024 1751; baseline 0 -19"><span class='ocrx_word' id='word_1_107' title='bbox 438 1679 696 1735; x_wconf 87' lang='lat' dir='ltr'><strong>mentiam</strong></span> <span class='ocrx_word' id='word_1_108' title='bbox 729 1679 1079 1735; x_wconf 87' lang='lat' dir='ltr'><strong>obtinuisset.</strong></span> <span class='ocrx_word' id='word_1_109' title='bbox 1118 1679 1274 1734; x_wconf 79' lang='lat' dir='ltr'><strong>Nunc</strong></span> <span class='ocrx_word' id='word_1_110' title='bbox 1324 1693 1458 1751; x_wconf 90' lang='lat' dir='ltr'><strong>ergo</strong></span> <span class='ocrx_word' id='word_1_111' title='bbox 1489 1678 1619 1733; x_wconf 87' lang='lat' dir='ltr'><strong>hinc</strong></span> <span class='ocrx_word' id='word_1_112' title='bbox 1672 1678 2024 1733; x_wconf 80' lang='lat' dir='ltr'><strong>considerare</strong></span> 
     </span>
    </p>
   </div>
   <div class='ocr_carea' id='block_1_20' title="bbox 2127 482 3706 556">
    <p class='ocr_par' dir='ltr' id='par_1_20' title="bbox 2127 482 3706 556">
     <span class='ocr_line' id='line_1_20' title="bbox 2127 482 3706 556; baseline -0.001 -17"><span class='ocrx_word' id='word_1_113' title='bbox 2127 487 2264 550; x_wconf 87' lang='grc' dir='ltr'>λεως</span> <span class='ocrx_word' id='word_1_114' title='bbox 2291 488 2589 541; x_wconf 74' lang='grc' dir='ltr'>ἐπιϐαίνειν</span> <span class='ocrx_word' id='word_1_115' title='bbox 2617 489 2715 541; x_wconf 81' lang='grc' dir='ltr'>οὐκ</span> <span class='ocrx_word' id='word_1_116' title='bbox 2745 486 2994 556; x_wconf 71' lang='grc' dir='ltr'>ἠδύνατο,</span> <span class='ocrx_word' id='word_1_117' title='bbox 3019 486 3120 537; x_wconf 83' lang='grc' dir='ltr'><strong>ούκ</strong></span> <span class='ocrx_word' id='word_1_118' title='bbox 3159 483 3476 536; x_wconf 84' lang='grc' dir='ltr'>ἐπισκόπων</span> <span class='ocrx_word' id='word_1_119' title='bbox 3518 482 3706 554; x_wconf 77' lang='grc' dir='ltr'>τινὲς),</span> 
     </span>
    </p>
   </div>
   <div class='ocr_carea' id='block_1_21' title="bbox 2132 572 3720 649">
    <p class='ocr_par' dir='ltr' id='par_1_21' title="bbox 2132 572 3720 649">
     <span class='ocr_line' id='line_1_21' title="bbox 2132 572 3720 649; baseline -0.003 -19"><span class='ocrx_word' id='word_1_120' title='bbox 2132 575 2277 649; x_wconf 79' lang='grc'><strong>[180]</strong></span> <span class='ocrx_word' id='word_1_121' title='bbox 2301 579 2361 630; x_wconf 80' lang='grc' dir='ltr'>ού</span> <span class='ocrx_word' id='word_1_122' title='bbox 2393 577 2801 649; x_wconf 77' lang='grc' dir='ltr'>πρεσϐυτέρων,</span> <span class='ocrx_word' id='word_1_123' title='bbox 2832 578 2892 630; x_wconf 84' lang='grc' dir='ltr'><strong>ού</strong></span> <span class='ocrx_word' id='word_1_124' title='bbox 2921 576 3203 636; x_wconf 78' lang='grc' dir='ltr'>διακόνων,</span> <span class='ocrx_word' id='word_1_125' title='bbox 3238 574 3299 626; x_wconf 84' lang='grc' dir='ltr'>ού</span> <span class='ocrx_word' id='word_1_126' title='bbox 3330 572 3474 625; x_wconf 89' lang='grc' dir='ltr'>λαῶν</span> <span class='ocrx_word' id='word_1_127' title='bbox 3503 573 3720 644; x_wconf 83' lang='grc' dir='ltr'>πλήθη·-</span> 
     </span>
    </p>
   </div>
   <div class='ocr_carea' id='block_1_22' title="bbox 2127 664 3710 742">
    <p class='ocr_par' dir='ltr' id='par_1_22' title="bbox 2127 664 3710 742">
     <span class='ocr_line' id='line_1_22' title="bbox 2127 664 3710 742; baseline -0.006 -17"><span class='ocrx_word' id='word_1_128' title='bbox 2127 673 2188 725; x_wconf 83' lang='grc' dir='ltr'>ού</span> <span class='ocrx_word' id='word_1_129' title='bbox 2231 673 2470 742; x_wconf 74' lang='grc' dir='ltr'>προῆγον</span> <span class='ocrx_word' id='word_1_130' title='bbox 2519 670 2708 724; x_wconf 77' lang='grc' dir='ltr'>τοῦτον</span> <span class='ocrx_word' id='word_1_131' title='bbox 2746 667 3094 740; x_wconf 76' lang='grc' dir='ltr'><strong>μονάζοντες,</strong></span> <span class='ocrx_word' id='word_1_132' title='bbox 3127 666 3333 737; x_wconf 79' lang='grc' dir='ltr'>ὕμνους</span> <span class='ocrx_word' id='word_1_133' title='bbox 3367 667 3430 717; x_wconf 83' lang='grc' dir='ltr'><strong>ἐκ</strong></span> <span class='ocrx_word' id='word_1_134' title='bbox 3473 664 3710 734; x_wconf 79' lang='grc' dir='ltr'>Γραφῶν</span> 
     </span>
    </p>
   </div>
   <div class='ocr_carea' id='block_1_23' title="bbox 2126 755 3709 833">
    <p class='ocr_par' dir='ltr' id='par_1_23' title="bbox 2126 755 3709 833">
     <span class='ocr_line' id='line_1_23' title="bbox 2126 755 3709 833; baseline -0.004 -16"><span class='ocrx_word' id='word_1_135' title='bbox 2126 763 2563 833; x_wconf 84' lang='grc' dir='ltr'>ἀναμέλποντες·</span> <span class='ocrx_word' id='word_1_136' title='bbox 2599 763 2714 816; x_wconf 85' lang='grc' dir='ltr'>ἀλλ’</span> <span class='ocrx_word' id='word_1_137' title='bbox 2756 759 2992 825; x_wconf 80' lang='grc' dir='ltr'>Εύζὼἷος</span> <span class='ocrx_word' id='word_1_138' title='bbox 3032 755 3119 830; x_wconf 77' lang='grc' dir='ltr'>ἦν,</span> <span class='ocrx_word' id='word_1_139' title='bbox 3170 760 3198 810; x_wconf 86' lang='grc' dir='ltr'><strong>ό</strong></span> <span class='ocrx_word' id='word_1_140' title='bbox 3239 755 3431 828; x_wconf 82' lang='grc' dir='ltr'>πρώην</span> <span class='ocrx_word' id='word_1_141' title='bbox 3462 757 3559 816; x_wconf 80' lang='grc' dir='ltr'>μὲν</span> <span class='ocrx_word' id='word_1_142' title='bbox 3609 756 3709 811; x_wconf 82' lang='grc' dir='ltr'><strong>σὺν</strong></span> 
     </span>
    </p>
   </div>
   <div class='ocr_carea' id='block_1_24' title="bbox 2142 848 3709 926">
    <p class='ocr_par' dir='ltr' id='par_1_24' title="bbox 2142 848 3709 926">
     <span class='ocr_line' id='line_1_24' title="bbox 2142 848 3709 926; baseline -0.005 -18"><span class='ocrx_word' id='word_1_143' title='bbox 2142 856 2335 926; x_wconf 85' lang='grc' dir='ltr'>Ἀρείῳ</span> <span class='ocrx_word' id='word_1_144' title='bbox 2384 855 2752 926; x_wconf 70' lang='grc' dir='ltr'>καθαιρεθεὶς,</span> <span class='ocrx_word' id='word_1_145' title='bbox 2810 854 3056 915; x_wconf 85' lang='grc' dir='ltr'>διάκονος</span> <span class='ocrx_word' id='word_1_146' title='bbox 3109 852 3184 903; x_wconf 80' lang='grc' dir='ltr'><strong>ὣν</strong></span> <span class='ocrx_word' id='word_1_147' title='bbox 3233 849 3336 917; x_wconf 78' lang='grc' dir='ltr'>τῆς</span> <span class='ocrx_word' id='word_1_148' title='bbox 3382 848 3506 902; x_wconf 78' lang='grc' dir='ltr'>καθ’</span> <span class='ocrx_word' id='word_1_149' title='bbox 3561 850 3709 919; x_wconf 71' lang='grc' dir='ltr'>ημᾶς</span> 
     </span>
    </p>
   </div>
   <div class='ocr_carea' id='block_1_25' title="bbox 2138 941 3708 1020">
    <p class='ocr_par' dir='ltr' id='par_1_25' title="bbox 2138 941 3708 1020">
     <span class='ocr_line' id='line_1_25' title="bbox 2138 941 3708 1020; baseline -0.008 -18"><span class='ocrx_word' id='word_1_150' title='bbox 2138 948 2564 1020; x_wconf 74' lang='grc' dir='ltr'><strong>Ἀλεξανδρείας,</strong></span> <span class='ocrx_word' id='word_1_151' title='bbox 2598 951 2654 1002; x_wconf 86' lang='grc' dir='ltr'>ἐν</span> <span class='ocrx_word' id='word_1_152' title='bbox 2679 951 2746 1018; x_wconf 83' lang='grc' dir='ltr'>τῇ</span> <span class='ocrx_word' id='word_1_153' title='bbox 2784 947 2924 1000; x_wconf 88' lang='grc' dir='ltr'><strong>κατά</strong></span> <span class='ocrx_word' id='word_1_154' title='bbox 2949 946 3179 997; x_wconf 78' lang='grc' dir='ltr'>Νίκαιαν</span> <span class='ocrx_word' id='word_1_155' title='bbox 3205 941 3341 1012; x_wconf 77' lang='grc' dir='ltr'>ἁγίᾳ.</span> <span class='ocrx_word' id='word_1_156' title='bbox 3368 942 3460 994; x_wconf 75' lang='grc' dir='ltr'><strong>καὶ</strong></span> <span class='ocrx_word' id='word_1_157' title='bbox 3495 941 3708 1011; x_wconf 78' lang='grc' dir='ltr'>μεγάλῃ</span> 
     </span>
    </p>
   </div>
   <div class='ocr_carea' id='block_1_26' title="bbox 2129 1032 3706 1112">
    <p class='ocr_par' dir='ltr' id='par_1_26' title="bbox 2129 1032 3706 1112">
     <span class='ocr_line' id='line_1_26' title="bbox 2129 1032 3706 1112; baseline -0.006 -18"><span class='ocrx_word' id='word_1_158' title='bbox 2129 1041 2350 1111; x_wconf 82' lang='grc' dir='ltr'>συνόδῳ,</span> <span class='ocrx_word' id='word_1_159' title='bbox 2374 1041 2498 1110; x_wconf 85' lang='grc' dir='ltr'>ἀρτι</span> <span class='ocrx_word' id='word_1_160' title='bbox 2527 1041 2584 1094; x_wconf 81' lang='grc' dir='ltr'>δὲ</span> <span class='ocrx_word' id='word_1_161' title='bbox 2623 1039 2932 1112; x_wconf 71' lang='grc' dir='ltr'><strong>προστασίᾳ</strong></span> <span class='ocrx_word' id='word_1_162' title='bbox 2960 1038 3056 1108; x_wconf 72' lang='grc' dir='ltr'>τὴν</span> <span class='ocrx_word' id='word_1_163' title='bbox 3104 1035 3422 1104; x_wconf 69' lang='grc' dir='ltr'>Ἀντιοχέων</span> <span class='ocrx_word' id='word_1_164' title='bbox 3445 1032 3706 1103; x_wconf 81' lang='grc' dir='ltr'>λυμαινό-</span> 
     </span>
    </p>
   </div>
   <div class='ocr_carea' id='block_1_27' title="bbox 2129 1125 3716 1205">
    <p class='ocr_par' dir='ltr' id='par_1_27' title="bbox 2129 1125 3716 1205">
     <span class='ocr_line' id='line_1_27' title="bbox 2129 1125 3716 1205; baseline -0.006 -18"><span class='ocrx_word' id='word_1_165' title='bbox 2129 1152 2308 1205; x_wconf 91' lang='grc' dir='ltr'>μενος.</span> <span class='ocrx_word' id='word_1_166' title='bbox 2343 1134 2454 1187; x_wconf 70' lang='grc' dir='ltr'>Καὶ</span> <span class='ocrx_word' id='word_1_167' title='bbox 2487 1135 2515 1186; x_wconf 83' lang='grc' dir='ltr'><strong>ό</strong></span> <span class='ocrx_word' id='word_1_168' title='bbox 2543 1133 2648 1186; x_wconf 88' lang='grc' dir='ltr'><strong>τῶν</strong></span> <span class='ocrx_word' id='word_1_169' title='bbox 2693 1131 3113 1204; x_wconf 85' lang='grc' dir='ltr'>κομητατησίων</span> <span class='ocrx_word' id='word_1_170' title='bbox 3137 1128 3192 1181; x_wconf 86' lang='grc' dir='ltr'><strong>δέ</strong></span> <span class='ocrx_word' id='word_1_171' title='bbox 3221 1126 3573 1197; x_wconf 83' lang='grc' dir='ltr'>λαργιτιόνων</span> <span class='ocrx_word' id='word_1_172' title='bbox 3615 1125 3716 1178; x_wconf 82' lang='grc' dir='ltr'>κό-</span> 
     </span>
    </p>
   </div>
   <div class='ocr_carea' id='block_1_28' title="bbox 2127 1217 3706 1297">
    <p class='ocr_par' dir='ltr' id='par_1_28' title="bbox 2127 1217 3706 1297">
     <span class='ocr_line' id='line_1_28' title="bbox 2127 1217 3706 1297; baseline -0.006 -18"><span class='ocrx_word' id='word_1_173' title='bbox 2127 1243 2258 1297; x_wconf 89' lang='grc' dir='ltr'>μης,</span> <span class='ocrx_word' id='word_1_174' title='bbox 2285 1225 2632 1296; x_wconf 82' lang='grc' dir='ltr'><strong>στρατιωτῶν</strong></span> <span class='ocrx_word' id='word_1_175' title='bbox 2661 1225 3004 1294; x_wconf 78' lang='grc' dir='ltr'>ἐπαγόμενος</span> <span class='ocrx_word' id='word_1_176' title='bbox 3049 1223 3288 1292; x_wconf 83' lang='grc' dir='ltr'>ἄμετρον</span> <span class='ocrx_word' id='word_1_177' title='bbox 3329 1217 3559 1288; x_wconf 74' lang='grc' dir='ltr'>πληθὺν,</span> <span class='ocrx_word' id='word_1_178' title='bbox 3588 1219 3616 1270; x_wconf 80' lang='grc' dir='ltr'><strong>ό</strong></span> <span class='ocrx_word' id='word_1_179' title='bbox 3647 1218 3706 1269; x_wconf 88' lang='grc' dir='ltr'><strong>ἐν</strong></span> 
     </span>
    </p>
   </div>
   <div class='ocr_carea' id='block_1_29' title="bbox 2126 1307 3702 1389">
    <p class='ocr_par' dir='ltr' id='par_1_29' title="bbox 2126 1307 3702 1389">
     <span class='ocr_line' id='line_1_29' title="bbox 2126 1307 3702 1389; baseline -0.005 -19"><span class='ocrx_word' id='word_1_180' title='bbox 2126 1318 2277 1389; x_wconf 72' lang='grc' dir='ltr'>πάσῃ</span> <span class='ocrx_word' id='word_1_181' title='bbox 2307 1315 2532 1385; x_wconf 68' lang='grc' dir='ltr'>ἀσεϐείᾳ</span> <span class='ocrx_word' id='word_1_182' title='bbox 2579 1315 2668 1368; x_wconf 72' lang='grc' dir='ltr'><strong>ἀεὶ</strong></span> <span class='ocrx_word' id='word_1_183' title='bbox 2713 1314 3136 1386; x_wconf 75' lang='grc' dir='ltr'>γνωριζόμενος,</span> <span class='ocrx_word' id='word_1_184' title='bbox 3178 1310 3401 1378; x_wconf 77' lang='grc' dir='ltr'>Μάγνος</span> <span class='ocrx_word' id='word_1_185' title='bbox 3447 1307 3702 1377; x_wconf 73' lang='grc' dir='ltr'>τοῦνομα.</span> 
     </span>
    </p>
   </div>
   <div class='ocr_carea' id='block_1_30' title="bbox 2131 1398 3710 1475">
    <p class='ocr_par' dir='ltr' id='par_1_30' title="bbox 2131 1398 3710 1475">
     <span class='ocr_line' id='line_1_30' title="bbox 2131 1398 3710 1475; baseline -0.007 -14"><span class='ocrx_word' id='word_1_186' title='bbox 2131 1411 2227 1467; x_wconf 89' lang='grc' dir='ltr'><strong>Ὃς</strong></span> <span class='ocrx_word' id='word_1_187' title='bbox 2259 1409 2315 1459; x_wconf 90' lang='grc' dir='ltr'><strong>ἐν</strong></span> <span class='ocrx_word' id='word_1_188' title='bbox 2350 1408 2462 1469; x_wconf 87' lang='grc' dir='ltr'>τοῖς</span> <span class='ocrx_word' id='word_1_189' title='bbox 2501 1403 2790 1460; x_wconf 82' lang='grc' dir='ltr'>Ἰουλιανοῦ</span> <span class='ocrx_word' id='word_1_190' title='bbox 2830 1406 3043 1475; x_wconf 87' lang='grc' dir='ltr'>καιροῖς</span> <span class='ocrx_word' id='word_1_191' title='bbox 3072 1403 3168 1473; x_wconf 81' lang='grc' dir='ltr'><strong>την</strong></span> <span class='ocrx_word' id='word_1_192' title='bbox 3199 1400 3482 1470; x_wconf 79' lang='grc' dir='ltr'>Βηρυτίων</span> <span class='ocrx_word' id='word_1_193' title='bbox 3511 1398 3710 1468; x_wconf 85' lang='grc' dir='ltr'>ἐκκλη-</span> 
     </span>
    </p>
   </div>
   <div class='ocr_carea' id='block_1_31' title="bbox 2127 1491 3708 1570">
    <p class='ocr_par' dir='ltr' id='par_1_31' title="bbox 2127 1491 3708 1570">
     <span class='ocr_line' id='line_1_31' title="bbox 2127 1491 3708 1570; baseline -0.008 -16"><span class='ocrx_word' id='word_1_194' title='bbox 2127 1501 2248 1554; x_wconf 81' lang='grc' dir='ltr'>σίαν</span> <span class='ocrx_word' id='word_1_195' title='bbox 2281 1500 2569 1570; x_wconf 77' lang='grc' dir='ltr'>ἐμπρήσας</span> <span class='ocrx_word' id='word_1_196' title='bbox 2623 1498 2906 1567; x_wconf 82' lang='grc' dir='ltr'>(Φοινίκων</span> <span class='ocrx_word' id='word_1_197' title='bbox 2944 1497 2989 1549; x_wconf 82' lang='grc' dir='ltr'>δ’</span> <span class='ocrx_word' id='word_1_198' title='bbox 3028 1496 3166 1565; x_wconf 71' lang='grc' dir='ltr'>αὕτη</span> <span class='ocrx_word' id='word_1_199' title='bbox 3200 1494 3355 1556; x_wconf 85' lang='grc' dir='ltr'>πόλις</span> <span class='ocrx_word' id='word_1_200' title='bbox 3394 1491 3708 1561; x_wconf 75' lang='grc' dir='ltr'>ἐπιφανὴς),</span> 
     </span>
    </p>
   </div>
   <div class='ocr_carea' id='block_1_32' title="bbox 2126 1583 3706 1659">
    <p class='ocr_par' dir='ltr' id='par_1_32' title="bbox 2126 1583 3706 1659">
     <span class='ocr_line' id='line_1_32' title="bbox 2126 1583 3706 1659; baseline -0.007 -15"><span class='ocrx_word' id='word_1_201' title='bbox 2126 1592 2218 1644; x_wconf 78' lang='grc' dir='ltr'><strong>ἐπὶ</strong></span> <span class='ocrx_word' id='word_1_202' title='bbox 2238 1589 2332 1642; x_wconf 76' lang='grc' dir='ltr'>τοῦ</span> <span class='ocrx_word' id='word_1_203' title='bbox 2359 1589 2460 1658; x_wconf 75' lang='grc' dir='ltr'>τῆς</span> <span class='ocrx_word' id='word_1_204' title='bbox 2491 1590 2536 1622; x_wconf 81' lang='grc'><strong>²⁰</strong></span> <span class='ocrx_word' id='word_1_205' title='bbox 2565 1588 2842 1659; x_wconf 80' lang='grc' dir='ltr'>μακαρίας</span> <span class='ocrx_word' id='word_1_206' title='bbox 2872 1588 3090 1658; x_wconf 76' lang='grc' dir='ltr'>μνήμης</span> <span class='ocrx_word' id='word_1_207' title='bbox 3121 1583 3380 1638; x_wconf 79' lang='grc' dir='ltr'><strong>’1ο6ιανοῦ</strong></span> <span class='ocrx_word' id='word_1_208' title='bbox 3407 1586 3446 1616; x_wconf 81' lang='grc'>⁸⁸</span> <span class='ocrx_word' id='word_1_209' title='bbox 3475 1583 3706 1653; x_wconf 78' lang='grc' dir='ltr'>χρόνοις,</span> 
     </span>
    </p>
   </div>
   <div class='ocr_carea' id='block_1_33' title="bbox 2126 1673 3710 1750">
    <p class='ocr_par' dir='ltr' id='par_1_33' title="bbox 2126 1673 3710 1750">
     <span class='ocr_line' id='line_1_33' title="bbox 2126 1673 3710 1750; baseline -0.006 -16"><span class='ocrx_word' id='word_1_210' title='bbox 2126 1682 2186 1747; x_wconf 80' lang='grc' dir='ltr'><strong>ἐξ</strong></span> <span class='ocrx_word' id='word_1_211' title='bbox 2216 1683 2431 1736; x_wconf 83' lang='grc' dir='ltr'>οἰκείων</span> <span class='ocrx_word' id='word_1_212' title='bbox 2454 1680 2657 1750; x_wconf 89' lang='grc' dir='ltr'>ταύτην</span> <span class='ocrx_word' id='word_1_213' title='bbox 2689 1679 2997 1750; x_wconf 84' lang='grc' dir='ltr'>ἀνορθῶσαι</span> <span class='ocrx_word' id='word_1_214' title='bbox 3026 1677 3500 1746; x_wconf 84' lang='grc' dir='ltr'>κατηνάγκασται,</span> <span class='ocrx_word' id='word_1_215' title='bbox 3526 1673 3710 1740; x_wconf 71' lang='grc' dir='ltr'>ὀλίγου</span> 
     </span>
    </p>
   </div>
   <div class='ocr_carea' id='block_1_34' title="bbox 436 1753 2026 1843">
    <p class='ocr_par' dir='ltr' id='par_1_34' title="bbox 436 1769 2026 1842">
     <span class='ocr_line' id='line_1_34' title="bbox 436 1769 2026 1842; baseline -0.001 -17"><span class='ocrx_word' id='word_1_216' title='bbox 436 1773 694 1828; x_wconf 79' lang='lat' dir='ltr'><strong>convenit</strong></span> <span class='ocrx_word' id='word_1_217' title='bbox 737 1774 913 1828; x_wconf 86' lang='lat' dir='ltr'><strong>zelum</strong></span> <span class='ocrx_word' id='word_1_218' title='bbox 956 1781 1199 1827; x_wconf 85' lang='lat' dir='ltr'><strong>vestrum</strong></span> <span class='ocrx_word' id='word_1_219' title='bbox 1239 1775 1438 1842; x_wconf 83' lang='lat' dir='ltr'><strong>(quem</strong></span> <span class='ocrx_word' id='word_1_220' title='bbox 1469 1779 1526 1824; x_wconf 90' lang='lat' dir='ltr'><strong>ut</strong></span> <span class='ocrx_word' id='word_1_221' title='bbox 1580 1771 1644 1824; x_wconf 91' lang='lat' dir='ltr'><strong>ad</strong></span> <span class='ocrx_word' id='word_1_222' title='bbox 1678 1771 1793 1825; x_wconf 68' lang='lat' dir='ltr'><strong>haec</strong></span> <span class='ocrx_word' id='word_1_223' title='bbox 1847 1769 2026 1824; x_wconf 84' lang='lat' dir='ltr'><strong>vindi-</strong></span> 
     </span>
    </p>
   </div>
   <div class='ocr_carea' id='block_1_35' title="bbox 2129 1753 3712 1843">
    <p class='ocr_par' dir='ltr' id='par_1_35' title="bbox 2131 1764 3712 1843">
     <span class='ocr_line' id='line_1_35' title="bbox 2131 1764 3712 1843; baseline -0.008 -16"><span class='ocrx_word' id='word_1_224' title='bbox 2131 1774 2222 1827; x_wconf 72' lang='grc' dir='ltr'><strong>καὶ</strong></span> <span class='ocrx_word' id='word_1_225' title='bbox 2266 1775 2366 1843; x_wconf 81' lang='grc' dir='ltr'>τὴν</span> <span class='ocrx_word' id='word_1_226' title='bbox 2418 1770 2656 1842; x_wconf 81' lang='grc' dir='ltr'>κεφαλὴν</span> <span class='ocrx_word' id='word_1_227' title='bbox 2695 1769 2948 1840; x_wconf 74' lang='grc' dir='ltr'>τμηθεὶς,</span> <span class='ocrx_word' id='word_1_228' title='bbox 2996 1770 3043 1820; x_wconf 86' lang='grc' dir='ltr'><strong>εί</strong></span> <span class='ocrx_word' id='word_1_229' title='bbox 3098 1769 3172 1838; x_wconf 74' lang='grc' dir='ltr'><strong>μὴ</strong></span> <span class='ocrx_word' id='word_1_230' title='bbox 3205 1764 3612 1835; x_wconf 77' lang='grc' dir='ltr'>φιλανθρωπίας</span> <span class='ocrx_word' id='word_1_231' title='bbox 3644 1765 3712 1815; x_wconf 84' lang='grc' dir='ltr'><strong>ἐκ</strong></span> 
     </span>
    </p>
   </div>
   <div class='ocr_carea' id='block_1_36' title="bbox 437 1862 2026 1934">
    <p class='ocr_par' dir='ltr' id='par_1_36' title="bbox 437 1862 2026 1934">
     <span class='ocr_line' id='line_1_36' title="bbox 437 1862 2026 1934; baseline 0.001 -18"><span class='ocrx_word' id='word_1_232' title='bbox 437 1865 611 1919; x_wconf 84' lang='lat' dir='ltr'><strong>cauda</strong></span> <span class='ocrx_word' id='word_1_233' title='bbox 639 1864 893 1920; x_wconf 76' lang='lat' dir='ltr'><strong>excitetis</strong></span> <span class='ocrx_word' id='word_1_234' title='bbox 931 1864 1200 1934; x_wconf 85' lang='lat' dir='ltr'><strong>obsecro)</strong></span> <span class='ocrx_word' id='word_1_235' title='bbox 1235 1905 1251 1929; x_wconf 92' lang='lat'><strong>,</strong></span> <span class='ocrx_word' id='word_1_236' title='bbox 1293 1881 1418 1934; x_wconf 84' lang='lat' dir='ltr'><strong>qua:</strong></span> <span class='ocrx_word' id='word_1_237' title='bbox 1463 1871 1517 1917; x_wconf 89' lang='lat' dir='ltr'><strong>et</strong></span> <span class='ocrx_word' id='word_1_238' title='bbox 1563 1872 1767 1933; x_wconf 89' lang='lat' dir='ltr'><strong>quanta</strong></span> <span class='ocrx_word' id='word_1_239' title='bbox 1823 1862 1878 1916; x_wconf 88' lang='lat' dir='ltr'><strong>in</strong></span> <span class='ocrx_word' id='word_1_240' title='bbox 1933 1862 2026 1919; x_wconf 88' lang='lat' dir='ltr'><strong>Dei</strong></span> 
     </span>
    </p>
   </div>
   <div class='ocr_carea' id='block_1_37' title="bbox 437 1953 2028 2027">
    <p class='ocr_par' dir='ltr' id='par_1_37' title="bbox 437 1953 2028 2027">
     <span class='ocr_line' id='line_1_37' title="bbox 437 1953 2028 2027; baseline 0.002 -17"><span class='ocrx_word' id='word_1_241' title='bbox 437 1953 740 2012; x_wconf 78' lang='lat' dir='ltr'><strong>Ecclesiam</strong></span> <span class='ocrx_word' id='word_1_242' title='bbox 794 1956 1036 2012; x_wconf 89' lang='lat' dir='ltr'><strong>admissa</strong></span> <span class='ocrx_word' id='word_1_243' title='bbox 1099 1957 1231 2020; x_wconf 89' lang='lat' dir='ltr'><strong>sint,</strong></span> <span class='ocrx_word' id='word_1_244' title='bbox 1269 1973 1332 2010; x_wconf 86' lang='lat' dir='ltr'><strong>ex</strong></span> <span class='ocrx_word' id='word_1_245' title='bbox 1378 1956 1538 2026; x_wconf 81' lang='lat'><strong>991</strong></span> <span class='ocrx_word' id='word_1_246' title='bbox 1612 1972 1721 2026; x_wconf 88' lang='lat' dir='ltr'><strong>quo</strong></span> <span class='ocrx_word' id='word_1_247' title='bbox 1759 1964 2028 2027; x_wconf 86' lang='lat' dir='ltr'><strong>tyrannus</strong></span> 
     </span>
    </p>
   </div>
   <div class='ocr_carea' id='block_1_38' title="bbox 437 2046 2025 2117">
    <p class='ocr_par' dir='ltr' id='par_1_38' title="bbox 437 2046 2025 2117">
     <span class='ocr_line' id='line_1_38' title="bbox 437 2046 2025 2117; baseline 0 -17"><span class='ocrx_word' id='word_1_248' title='bbox 437 2047 563 2113; x_wconf 83' lang='lat' dir='ltr'><strong>iste,</strong></span> <span class='ocrx_word' id='word_1_249' title='bbox 599 2063 761 2117; x_wconf 86' lang='lat' dir='ltr'><strong>quem</strong></span> <span class='ocrx_word' id='word_1_250' title='bbox 795 2046 931 2112; x_wconf 78' lang='lat' dir='ltr'><strong>dixi,</strong></span> <span class='ocrx_word' id='word_1_251' title='bbox 956 2057 1147 2101; x_wconf 87' lang='lat' dir='ltr'><strong>contra</strong></span> <span class='ocrx_word' id='word_1_252' title='bbox 1181 2063 1282 2101; x_wconf 87' lang='lat' dir='ltr'><strong>nos</strong></span> <span class='ocrx_word' id='word_1_253' title='bbox 1313 2047 1636 2102; x_wconf 83' lang='lat' dir='ltr'><strong>insurrexit.</strong></span> <span class='ocrx_word' id='word_1_254' title='bbox 1677 2047 1852 2101; x_wconf 88' lang='lat' dir='ltr'><strong>Simul</strong></span> <span class='ocrx_word' id='word_1_255' title='bbox 1879 2047 2025 2101; x_wconf 87' lang='lat' dir='ltr'><strong>enim</strong></span> 
     </span>
    </p>
   </div>
   <div class='ocr_carea' id='block_1_39' title="bbox 438 2139 2029 2209">
    <p class='ocr_par' dir='ltr' id='par_1_39' title="bbox 438 2139 2029 2209">
     <span class='ocr_line' id='line_1_39' title="bbox 438 2139 2029 2209; baseline 0.001 -17"><span class='ocrx_word' id='word_1_256' title='bbox 438 2141 526 2195; x_wconf 90' lang='lat' dir='ltr'><strong>ille</strong></span> <span class='ocrx_word' id='word_1_257' title='bbox 559 2153 587 2192; x_wconf 91' lang='lat' dir='ltr'><strong>a</strong></span> <span class='ocrx_word' id='word_1_258' title='bbox 623 2140 826 2209; x_wconf 86' lang='lat' dir='ltr'><strong>pietate</strong></span> <span class='ocrx_word' id='word_1_259' title='bbox 847 2147 1052 2202; x_wconf 86' lang='lat' dir='ltr'><strong>vestra,</strong></span> <span class='ocrx_word' id='word_1_260' title='bbox 1086 2147 1140 2192; x_wconf 87' lang='lat' dir='ltr'><strong>et</strong></span> <span class='ocrx_word' id='word_1_261' title='bbox 1167 2139 1236 2193; x_wconf 89' lang='lat' dir='ltr'><strong>ab</strong></span> <span class='ocrx_word' id='word_1_262' title='bbox 1263 2139 1522 2194; x_wconf 78' lang='lat' dir='ltr'><strong>oriinihus</strong></span> <span class='ocrx_word' id='word_1_263' title='bbox 1551 2139 1754 2209; x_wconf 89' lang='lat' dir='ltr'><strong>ubique</strong></span> <span class='ocrx_word' id='word_1_264' title='bbox 1775 2139 2029 2194; x_wconf 84' lang='lat' dir='ltr'><strong>orthodo-</strong></span> 
     </span>
    </p>
   </div>
   <div class='ocr_carea' id='block_1_40' title="bbox 438 2231 2026 2302">
    <p class='ocr_par' dir='ltr' id='par_1_40' title="bbox 438 2231 2026 2302">
     <span class='ocr_line' id='line_1_40' title="bbox 438 2231 2026 2302; baseline 0.001 -16"><span class='ocrx_word' id='word_1_265' title='bbox 438 2235 520 2287; x_wconf 77' lang='lat' dir='ltr'><strong>itis</strong></span> <span class='ocrx_word' id='word_1_266' title='bbox 555 2246 931 2302; x_wconf 66' lang='lat' dir='ltr'><strong>saepenumero</strong></span> <span class='ocrx_word' id='word_1_267' title='bbox 957 2232 1248 2287; x_wconf 85' lang='lat' dir='ltr'><strong>abdicatus</strong></span> <span class='ocrx_word' id='word_1_268' title='bbox 1270 2231 1475 2287; x_wconf 91' lang='lat' dir='ltr'><strong>Lucius</strong></span> <span class='ocrx_word' id='word_1_269' title='bbox 1495 2233 1688 2288; x_wconf 85' lang='lat' dir='ltr'><strong>urbem</strong></span> <span class='ocrx_word' id='word_1_270' title='bbox 1721 2232 1826 2288; x_wconf 91' lang='lat' dir='ltr'><strong>sibi</strong></span> <span class='ocrx_word' id='word_1_271' title='bbox 1853 2232 2026 2302; x_wconf 81' lang='lat' dir='ltr'><strong>justis</strong></span> 
     </span>
    </p>
   </div>
   <div class='ocr_carea' id='block_1_41' title="bbox 436 2323 2025 2395">
    <p class='ocr_par' dir='ltr' id='par_1_41' title="bbox 436 2323 2025 2395">
     <span class='ocr_line' id='line_1_41' title="bbox 436 2323 2025 2395; baseline 0.001 -17"><span class='ocrx_word' id='word_1_272' title='bbox 436 2329 503 2380; x_wconf 85' lang='lat' dir='ltr'><strong>de</strong></span> <span class='ocrx_word' id='word_1_273' title='bbox 536 2325 720 2380; x_wconf 86' lang='lat' dir='ltr'><strong>causis</strong></span> <span class='ocrx_word' id='word_1_274' title='bbox 748 2323 1020 2379; x_wconf 75' lang='lat' dir='ltr'><strong>infensam</strong></span> <span class='ocrx_word' id='word_1_275' title='bbox 1069 2326 1382 2395; x_wconf 87' lang='lat' dir='ltr'><strong>occupavit.</strong></span> <span class='ocrx_word' id='word_1_276' title='bbox 1436 2324 1556 2379; x_wconf 85' lang='lat' dir='ltr'><strong>Non</strong></span> <span class='ocrx_word' id='word_1_277' title='bbox 1621 2325 1800 2379; x_wconf 90' lang='lat' dir='ltr'><strong>solum</strong></span> <span class='ocrx_word' id='word_1_278' title='bbox 1853 2326 2025 2390; x_wconf 89' lang='lat' dir='ltr'><strong>enim,</strong></span> 
     </span>
    </p>
   </div>
   <div class='ocr_carea' id='block_1_42' title="bbox 438 2415 2024 2487">
    <p class='ocr_par' dir='ltr' id='par_1_42' title="bbox 438 2415 2024 2487">
     <span class='ocr_line' id='line_1_42' title="bbox 438 2415 2024 2487; baseline 0 -16"><span class='ocrx_word' id='word_1_279' title='bbox 438 2417 580 2471; x_wconf 84' lang='lat' dir='ltr'><strong>sicut</strong></span> <span class='ocrx_word' id='word_1_280' title='bbox 604 2415 962 2486; x_wconf 83' lang='lat' dir='ltr'><strong>blasphemus</strong></span> <span class='ocrx_word' id='word_1_281' title='bbox 1002 2416 1093 2471; x_wconf 91' lang='lat' dir='ltr'><strong>ille</strong></span> <span class='ocrx_word' id='word_1_282' title='bbox 1129 2415 1183 2469; x_wconf 93' lang='lat' dir='ltr'><strong>in</strong></span> <span class='ocrx_word' id='word_1_283' title='bbox 1240 2415 1475 2472; x_wconf 83' lang='lat' dir='ltr'><strong>Psalmis</strong></span> <span class='ocrx_word' id='word_1_284' title='bbox 1515 2416 1800 2487; x_wconf 89' lang='lat' dir='ltr'><strong>insipiens,</strong></span> <span class='ocrx_word' id='word_1_285' title='bbox 1859 2417 2024 2472; x_wconf 90' lang='lat' dir='ltr'><strong>dicit:</strong></span> 
     </span>
    </p>
   </div>
   <div class='ocr_carea' id='block_1_43' title="bbox 439 2507 2028 2566">
    <p class='ocr_par' dir='ltr' id='par_1_43' title="bbox 439 2507 2028 2566">
     <span class='ocr_line' id='line_1_43' title="bbox 439 2507 2028 2566; baseline 0.001 -4"><span class='ocrx_word' id='word_1_286' title='bbox 439 2507 554 2562; x_wconf 80' lang='lat' dir='ltr'><strong>Non</strong></span> <span class='ocrx_word' id='word_1_287' title='bbox 598 2516 684 2564; x_wconf 88' lang='lat' dir='ltr'><strong>est</strong></span> <span class='ocrx_word' id='word_1_288' title='bbox 729 2507 872 2563; x_wconf 84' lang='lat' dir='ltr'><strong>Deus</strong></span> <span class='ocrx_word' id='word_1_289' title='bbox 923 2524 1046 2564; x_wconf 86' lang='lat' dir='ltr'><strong>vere</strong></span> <span class='ocrx_word' id='word_1_290' title='bbox 1108 2507 1372 2564; x_wconf 88' lang='lat' dir='ltr'><strong>Christus</strong></span> <span class='ocrx_word' id='word_1_291' title='bbox 1416 2527 1430 2563; x_wconf 92' lang='lat'><strong>:</strong></span> <span class='ocrx_word' id='word_1_292' title='bbox 1492 2509 1586 2564; x_wconf 90' lang='lat' dir='ltr'><strong>sed</strong></span> <span class='ocrx_word' id='word_1_293' title='bbox 1643 2511 1889 2565; x_wconf 90' lang='lat' dir='ltr'><strong>moribus</strong></span> <span class='ocrx_word' id='word_1_294' title='bbox 1943 2519 2028 2566; x_wconf 86' lang='lat' dir='ltr'><strong>est</strong></span> 
     </span>
    </p>
   </div>
   <div class='ocr_carea' id='block_1_44' title="bbox 436 2600 2022 2672">
    <p class='ocr_par' dir='ltr' id='par_1_44' title="bbox 436 2600 2022 2672">
     <span class='ocr_line' id='line_1_44' title="bbox 436 2600 2022 2672; baseline 0.001 -19"><span class='ocrx_word' id='word_1_295' title='bbox 436 2601 600 2654; x_wconf 72' lang='lat' dir='ltr'><strong>etiam</strong></span> <span class='ocrx_word' id='word_1_296' title='bbox 629 2600 909 2670; x_wconf 88' lang='lat' dir='ltr'><strong>corruptis</strong></span> <span class='ocrx_word' id='word_1_297' title='bbox 943 2610 996 2656; x_wconf 90' lang='lat' dir='ltr'><strong>et</strong></span> <span class='ocrx_word' id='word_1_298' title='bbox 1029 2600 1383 2670; x_wconf 84' lang='lat' dir='ltr'><strong>perniciosis,</strong></span> <span class='ocrx_word' id='word_1_299' title='bbox 1419 2600 1728 2656; x_wconf 87' lang='lat' dir='ltr'><strong>maledictis</strong></span> <span class='ocrx_word' id='word_1_300' title='bbox 1758 2600 2022 2672; x_wconf 79' lang='lat' dir='ltr'><strong>gaudens,</strong></span> 
     </span>
    </p>
   </div>
   <div class='ocr_carea' id='block_1_45' title="bbox 437 2687 2033 2764">
    <p class='ocr_par' dir='ltr' id='par_1_45' title="bbox 437 2687 2033 2764">
     <span class='ocr_line' id='line_1_45' title="bbox 437 2687 2033 2764; baseline 0.003 -21"><span class='ocrx_word' id='word_1_301' title='bbox 437 2710 557 2762; x_wconf 73' lang='lat' dir='ltr'><strong>qua:</strong></span> <span class='ocrx_word' id='word_1_302' title='bbox 582 2693 848 2747; x_wconf 87' lang='lat' dir='ltr'><strong>adversus</strong></span> <span class='ocrx_word' id='word_1_303' title='bbox 871 2691 1458 2762; x_wconf 59' lang='lat' dir='ltr'><strong>Servatoremjactzii</strong></span> <span class='ocrx_word' id='word_1_304' title='bbox 1518 2692 1576 2758; x_wconf 90' lang='lat' dir='ltr'><strong>ii,</strong></span> <span class='ocrx_word' id='word_1_305' title='bbox 1628 2692 1721 2763; x_wconf 88' lang='lat' dir='ltr'><strong>qui</strong></span> <span class='ocrx_word' id='word_1_306' title='bbox 1781 2687 2033 2764; x_wconf 35' lang='lat' dir='ltr'><strong>neglecto-</strong></span> 
     </span>
    </p>
   </div>
   <div class='ocr_carea' id='block_1_46' title="bbox 438 2783 2026 2850">
    <p class='ocr_par' dir='ltr' id='par_1_46' title="bbox 438 2783 2026 2850">
     <span class='ocr_line' id='line_1_46' title="bbox 438 2783 2026 2850; baseline 0.003 -16"><span class='ocrx_word' id='word_1_307' title='bbox 438 2785 698 2839; x_wconf 64' lang='lat' dir='ltr'><strong>Creatore</strong></span> <span class='ocrx_word' id='word_1_308' title='bbox 715 2793 1026 2839; x_wconf 87' lang='lat' dir='ltr'><strong>creaturam</strong></span> <span class='ocrx_word' id='word_1_309' title='bbox 1052 2785 1260 2839; x_wconf 90' lang='lat' dir='ltr'><strong>colunt.</strong></span> <span class='ocrx_word' id='word_1_310' title='bbox 1296 2783 1498 2850; x_wconf 85' lang='lat' dir='ltr'><strong>Quidni</strong></span> <span class='ocrx_word' id='word_1_311' title='bbox 1531 2785 1696 2850; x_wconf 87' lang='lat' dir='ltr'><strong>enim,</strong></span> <span class='ocrx_word' id='word_1_312' title='bbox 1750 2799 1875 2839; x_wconf 89' lang='lat' dir='ltr'><strong>cum</strong></span> <span class='ocrx_word' id='word_1_313' title='bbox 1911 2786 2026 2839; x_wconf 79' lang='lat' dir='ltr'><strong>ath-</strong></span> 
     </span>
    </p>
   </div>
   <div class='ocr_carea' id='block_1_47' title="bbox 441 2875 2023 2948">
    <p class='ocr_par' dir='ltr' id='par_1_47' title="bbox 441 2875 2023 2948">
     <span class='ocr_line' id='line_1_47' title="bbox 441 2875 2023 2948; baseline 0.002 -18"><span class='ocrx_word' id='word_1_314' title='bbox 441 2894 562 2931; x_wconf 87' lang='lat' dir='ltr'><strong>nem</strong></span> <span class='ocrx_word' id='word_1_315' title='bbox 615 2877 919 2947; x_wconf 77' lang='lat' dir='ltr'><strong>gentilibus</strong></span> <span class='ocrx_word' id='word_1_316' title='bbox 961 2892 1202 2948; x_wconf 35' lang='lat' dir='ltr'><strong>sensum,</strong></span> <span class='ocrx_word' id='word_1_317' title='bbox 1247 2877 1475 2943; x_wconf 90' lang='lat' dir='ltr'><strong>habens,</strong></span> <span class='ocrx_word' id='word_1_318' title='bbox 1541 2875 1710 2931; x_wconf 85' lang='lat' dir='ltr'><strong>Deum</strong></span> <span class='ocrx_word' id='word_1_319' title='bbox 1748 2886 2023 2934; x_wconf 75' lang='lat' dir='ltr'><strong>recentem</strong></span> 
     </span>
    </p>
   </div>
   <div class='ocr_carea' id='block_1_48' title="bbox 440 2967 2025 3026">
    <p class='ocr_par' dir='ltr' id='par_1_48' title="bbox 440 2967 2025 3026">
     <span class='ocr_line' id='line_1_48' title="bbox 440 2967 2025 3026; baseline 0.002 -3"><span class='ocrx_word' id='word_1_320' title='bbox 440 2970 738 3025; x_wconf 82' lang='lat' dir='ltr'><strong>sceleratus</strong></span> <span class='ocrx_word' id='word_1_321' title='bbox 783 2970 964 3025; x_wconf 88' lang='lat' dir='ltr'><strong>colere</strong></span> <span class='ocrx_word' id='word_1_322' title='bbox 997 2969 1234 3024; x_wconf 89' lang='lat' dir='ltr'><strong>audeat?</strong></span> <span class='ocrx_word' id='word_1_323' title='bbox 1271 2967 1428 3024; x_wconf 89' lang='lat' dir='ltr'><strong>Unde</strong></span> <span class='ocrx_word' id='word_1_324' title='bbox 1472 2976 1528 3024; x_wconf 89' lang='lat' dir='ltr'><strong>et</strong></span> <span class='ocrx_word' id='word_1_325' title='bbox 1582 2969 1680 3024; x_wconf 90' lang='lat' dir='ltr'><strong>has</strong></span> <span class='ocrx_word' id='word_1_326' title='bbox 1735 2970 1782 3026; x_wconf 92' lang='lat' dir='ltr'><strong>ei</strong></span> <span class='ocrx_word' id='word_1_327' title='bbox 1834 2970 2025 3026; x_wconf 86' lang='lat' dir='ltr'><strong>laudes</strong></span> 
     </span>
    </p>
   </div>
   <div class='ocr_carea' id='block_1_49' title="bbox 440 3059 2025 3129">
    <p class='ocr_par' dir='ltr' id='par_1_49' title="bbox 440 3059 2025 3129">
     <span class='ocr_line' id='line_1_49' title="bbox 440 3059 2025 3129; baseline 0.006 -19"><span class='ocrx_word' id='word_1_328' title='bbox 440 3077 626 3116; x_wconf 62' lang='lat' dir='ltr'><strong>i-oram</strong></span> <span class='ocrx_word' id='word_1_329' title='bbox 647 3061 864 3116; x_wconf 87' lang='lat' dir='ltr'><strong>civibus</strong></span> <span class='ocrx_word' id='word_1_330' title='bbox 886 3061 1216 3116; x_wconf 89' lang='lat' dir='ltr'><strong>accinebant</strong></span> <span class='ocrx_word' id='word_1_331' title='bbox 1241 3083 1251 3116; x_wconf 90' lang='lat'><strong>:</strong></span> <span class='ocrx_word' id='word_1_332' title='bbox 1278 3059 1520 3117; x_wconf 85' lang='lat' dir='ltr'><strong>Faustus</strong></span> <span class='ocrx_word' id='word_1_333' title='bbox 1545 3063 1816 3119; x_wconf 86' lang='lat' dir='ltr'><strong>adventus</strong></span> <span class='ocrx_word' id='word_1_334' title='bbox 1873 3075 2025 3129; x_wconf 88' lang='lat' dir='ltr'><strong>tuus,</strong></span> 
     </span>
    </p>
   </div>
   <div class='ocr_carea' id='block_1_50' title="bbox 441 3153 2028 3226">
    <p class='ocr_par' dir='ltr' id='par_1_50' title="bbox 441 3153 2028 3226">
     <span class='ocr_line' id='line_1_50' title="bbox 441 3153 2028 3226; baseline 0.004 -22"><span class='ocrx_word' id='word_1_335' title='bbox 441 3153 724 3224; x_wconf 64' lang='lat' dir='ltr'><strong>episeope,</strong></span> <span class='ocrx_word' id='word_1_336' title='bbox 747 3153 838 3225; x_wconf 90' lang='lat' dir='ltr'><strong>qui</strong></span> <span class='ocrx_word' id='word_1_337' title='bbox 867 3153 1064 3208; x_wconf 88' lang='lat' dir='ltr'><strong>Filium</strong></span> <span class='ocrx_word' id='word_1_338' title='bbox 1091 3167 1258 3223; x_wconf 85' lang='lat' dir='ltr'><strong>negas</strong></span> <span class='ocrx_word' id='word_1_339' title='bbox 1285 3170 1298 3207; x_wconf 79' lang='grc' dir='ltr'><strong>ι</strong></span> <span class='ocrx_word' id='word_1_340' title='bbox 1333 3168 1525 3210; x_wconf 89' lang='lat' dir='ltr'><strong>amans</strong></span> <span class='ocrx_word' id='word_1_341' title='bbox 1555 3154 1630 3209; x_wconf 89' lang='lat' dir='ltr'><strong>tui</strong></span> <span class='ocrx_word' id='word_1_342' title='bbox 1673 3153 1895 3226; x_wconf 86' lang='lat' dir='ltr'><strong>Serapis</strong></span> <span class='ocrx_word' id='word_1_343' title='bbox 1919 3155 2028 3211; x_wconf 92' lang='lat' dir='ltr'><strong>huc</strong></span> 
     </span>
    </p>
   </div>
   <div class='ocr_carea' id='block_1_51' title="bbox 440 3244 2030 3318">
    <p class='ocr_par' dir='ltr' id='par_1_51' title="bbox 440 3244 2030 3318">
     <span class='ocr_line' id='line_1_51' title="bbox 440 3244 2030 3318; baseline 0.004 -21"><span class='ocrx_word' id='word_1_344' title='bbox 440 3254 494 3299; x_wconf 84' lang='lat' dir='ltr'><strong>te</strong></span> <span class='ocrx_word' id='word_1_345' title='bbox 519 3244 778 3301; x_wconf 79' lang='lat' dir='ltr'><strong>deduxit:</strong></span> <span class='ocrx_word' id='word_1_346' title='bbox 805 3245 1040 3318; x_wconf 81' lang='lat' dir='ltr'><strong>patrium</strong></span> <span class='ocrx_word' id='word_1_347' title='bbox 1061 3245 1264 3300; x_wconf 89' lang='lat' dir='ltr'><strong>idolum</strong></span> <span class='ocrx_word' id='word_1_348' title='bbox 1289 3262 1446 3302; x_wconf 88' lang='lat' dir='ltr'><strong>suum</strong></span> <span class='ocrx_word' id='word_1_349' title='bbox 1496 3249 1861 3304; x_wconf 90' lang='lat' dir='ltr'><strong>nominantes.</strong></span> <span class='ocrx_word' id='word_1_350' title='bbox 1883 3247 2030 3303; x_wconf 88' lang='lat' dir='ltr'><strong>Con-</strong></span> 
     </span>
    </p>
   </div>
   <div class='ocr_carea' id='block_1_52' title="bbox 445 3338 2030 3412">
    <p class='ocr_par' dir='ltr' id='par_1_52' title="bbox 445 3338 2030 3412">
     <span class='ocr_line' id='line_1_52' title="bbox 445 3338 2030 3412; baseline 0.004 -23"><span class='ocrx_word' id='word_1_351' title='bbox 445 3338 601 3392; x_wconf 87' lang='lat' dir='ltr'><strong>tinuo</strong></span> <span class='ocrx_word' id='word_1_352' title='bbox 637 3338 803 3404; x_wconf 91' lang='lat' dir='ltr'><strong>enim,</strong></span> <span class='ocrx_word' id='word_1_353' title='bbox 858 3346 1136 3393; x_wconf 90' lang='lat' dir='ltr'><strong>momento</strong></span> <span class='ocrx_word' id='word_1_354' title='bbox 1186 3338 1339 3393; x_wconf 92' lang='lat' dir='ltr'><strong>nullo</strong></span> <span class='ocrx_word' id='word_1_355' title='bbox 1403 3339 1690 3409; x_wconf 91' lang='lat' dir='ltr'><strong>interjecto</strong></span> <span class='ocrx_word' id='word_1_356' title='bbox 1727 3379 1742 3400; x_wconf 89' lang='lat'><strong><em>.</em></strong></span> <span class='ocrx_word' id='word_1_357' title='bbox 1803 3339 2030 3412; x_wconf 82' lang='lat' dir='ltr'><strong>Magnus</strong></span> 
     </span>
    </p>
   </div>
   <div class='ocr_carea' id='block_1_53' title="bbox 445 3429 2027 3502">
    <p class='ocr_par' dir='ltr' id='par_1_53' title="bbox 445 3429 2027 3502">
     <span class='ocr_line' id='line_1_53' title="bbox 445 3429 2027 3502; baseline 0.001 -16"><span class='ocrx_word' id='word_1_358' title='bbox 445 3431 819 3501; x_wconf 87' lang='lat' dir='ltr'><strong>supradictus,</strong></span> <span class='ocrx_word' id='word_1_359' title='bbox 881 3430 1181 3502; x_wconf 88' lang='lat' dir='ltr'><strong>impietatis</strong></span> <span class='ocrx_word' id='word_1_360' title='bbox 1237 3429 1361 3500; x_wconf 86' lang='lat' dir='ltr'><strong>ejus</strong></span> <span class='ocrx_word' id='word_1_361' title='bbox 1425 3447 1609 3488; x_wconf 89' lang='lat' dir='ltr'><strong>comes</strong></span> <span class='ocrx_word' id='word_1_362' title='bbox 1674 3431 2027 3498; x_wconf 85' lang='lat' dir='ltr'><strong>individuus,</strong></span> 
     </span>
    </p>
   </div>
   <div class='ocr_carea' id='block_1_54' title="bbox 444 3521 2029 3592">
    <p class='ocr_par' dir='ltr' id='par_1_54' title="bbox 444 3521 2029 3592">
     <span class='ocr_line' id='line_1_54' title="bbox 444 3521 2029 3592; baseline 0.003 -17"><span class='ocrx_word' id='word_1_363' title='bbox 444 3523 680 3578; x_wconf 84' lang='lat' dir='ltr'><strong>acerbus</strong></span> <span class='ocrx_word' id='word_1_364' title='bbox 713 3521 958 3585; x_wconf 88' lang='lat' dir='ltr'><strong>satelles,</strong></span> <span class='ocrx_word' id='word_1_365' title='bbox 983 3529 1036 3577; x_wconf 91' lang='lat' dir='ltr'><strong>et</strong></span> <span class='ocrx_word' id='word_1_366' title='bbox 1066 3531 1291 3592; x_wconf 86' lang='lat' dir='ltr'><strong>satrapa</strong></span> <span class='ocrx_word' id='word_1_367' title='bbox 1323 3521 1761 3587; x_wconf 90' lang='lat' dir='ltr'><strong>crudelissimus,</strong></span> <span class='ocrx_word' id='word_1_368' title='bbox 1782 3522 2029 3579; x_wconf 84' lang='lat' dir='ltr'><strong>collectis</strong></span> 
     </span>
    </p>
   </div>
   <div class='ocr_carea' id='block_1_55' title="bbox 442 3613 2030 3685">
    <p class='ocr_par' dir='ltr' id='par_1_55' title="bbox 442 3613 2030 3685">
     <span class='ocr_line' id='line_1_55' title="bbox 442 3613 2030 3685; baseline -0.001 -16"><span class='ocrx_word' id='word_1_369' title='bbox 442 3616 498 3669; x_wconf 88' lang='lat' dir='ltr'><strong>in</strong></span> <span class='ocrx_word' id='word_1_370' title='bbox 546 3631 714 3676; x_wconf 84' lang='lat' dir='ltr'><strong>unum</strong></span> <span class='ocrx_word' id='word_1_371' title='bbox 780 3630 928 3668; x_wconf 77' lang='lat' dir='ltr'><strong>cura:</strong></span> <span class='ocrx_word' id='word_1_372' title='bbox 995 3630 1109 3670; x_wconf 62' lang='lat' dir='ltr'><strong>sum</strong></span> <span class='ocrx_word' id='word_1_373' title='bbox 1169 3613 1523 3682; x_wconf 89' lang='lat' dir='ltr'><strong>commissis,</strong></span> <span class='ocrx_word' id='word_1_374' title='bbox 1579 3614 1928 3685; x_wconf 83' lang='lat' dir='ltr'><strong>presbyteros</strong></span> <span class='ocrx_word' id='word_1_375' title='bbox 1975 3623 2030 3670; x_wconf 88' lang='lat' dir='ltr'><strong>et</strong></span> 
     </span>
    </p>
   </div>
   <div class='ocr_carea' id='block_1_56' title="bbox 443 3691 2026 3777">
    <p class='ocr_par' dir='ltr' id='par_1_56' title="bbox 443 3691 2026 3777">
     <span class='ocr_line' id='line_1_56' title="bbox 443 3691 2026 3777; baseline 0.003 -21"><span class='ocrx_word' id='word_1_376' title='bbox 443 3691 710 3762; x_wconf 81' lang='lat' dir='ltr'><strong>diaconos</strong></span> <span class='ocrx_word' id='word_1_377' title='bbox 787 3721 1018 3760; x_wconf 88' lang='lat' dir='ltr'><strong>numero</strong></span> <span class='ocrx_word' id='word_1_378' title='bbox 1099 3704 1486 3775; x_wconf 81' lang='lat' dir='ltr'><strong>undeviginti,</strong></span> <span class='ocrx_word' id='word_1_379' title='bbox 1551 3721 1784 3776; x_wconf 90' lang='lat' dir='ltr'><strong>quorum</strong></span> <span class='ocrx_word' id='word_1_380' title='bbox 1857 3706 2026 3777; x_wconf 89' lang='lat' dir='ltr'><strong>aliqui</strong></span> 
     </span>
    </p>
   </div>
   <div class='ocr_carea' id='block_1_57' title="bbox 443 3793 2030 3866">
    <p class='ocr_par' dir='ltr' id='par_1_57' title="bbox 443 3793 2030 3866">
     <span class='ocr_line' id='line_1_57' title="bbox 443 3793 2030 3866; baseline 0.003 -18"><span class='ocrx_word' id='word_1_381' title='bbox 443 3795 839 3865; x_wconf 79' lang='lat' dir='ltr'><strong>octOgesimum</strong></span> <span class='ocrx_word' id='word_1_382' title='bbox 897 3793 1077 3849; x_wconf 81' lang='lat' dir='ltr'><strong>:etatis</strong></span> <span class='ocrx_word' id='word_1_383' title='bbox 1107 3794 1124 3814; x_wconf 83' lang='lat'><strong><em>‘</em></strong></span> <span class='ocrx_word' id='word_1_384' title='bbox 1175 3810 1379 3848; x_wconf 88' lang='lat' dir='ltr'><strong>annum</strong></span> <span class='ocrx_word' id='word_1_385' title='bbox 1421 3803 1816 3860; x_wconf 83' lang='lat' dir='ltr'><strong>excesserant,</strong></span> <span class='ocrx_word' id='word_1_386' title='bbox 1871 3798 2030 3866; x_wconf 90' lang='lat' dir='ltr'><strong>quasi</strong></span> 
     </span>
    </p>
   </div>
   <div class='ocr_carea' id='block_1_58' title="bbox 446 3884 2030 3957">
    <p class='ocr_par' dir='ltr' id='par_1_58' title="bbox 446 3884 2030 3957">
     <span class='ocr_line' id='line_1_58' title="bbox 446 3884 2030 3957; baseline 0.006 -20"><span class='ocrx_word' id='word_1_387' title='bbox 446 3885 569 3940; x_wconf 87' lang='lat' dir='ltr'><strong>tetri</strong></span> <span class='ocrx_word' id='word_1_388' title='bbox 603 3893 656 3941; x_wconf 86' lang='lat' dir='ltr'><strong>et</strong></span> <span class='ocrx_word' id='word_1_389' title='bbox 679 3884 957 3942; x_wconf 64' lang='lat' dir='ltr'><strong>Romanis</strong></span> <span class='ocrx_word' id='word_1_390' title='bbox 1014 3885 1225 3957; x_wconf 79' lang='lat' dir='ltr'><strong>legibus</strong></span> <span class='ocrx_word' id='word_1_391' title='bbox 1286 3886 1548 3942; x_wconf 82' lang='lat' dir='ltr'><strong>contrarii</strong></span> <span class='ocrx_word' id='word_1_392' title='bbox 1605 3888 1854 3944; x_wconf 84' lang='lat' dir='ltr'><strong>criminis</strong></span> <span class='ocrx_word' id='word_1_393' title='bbox 1908 3905 2030 3947; x_wconf 85' lang='lat' dir='ltr'><strong>reos</strong></span> 
     </span>
    </p>
   </div>
   <div class='ocr_carea' id='block_1_59' title="bbox 445 3976 2031 4049">
    <p class='ocr_par' dir='ltr' id='par_1_59' title="bbox 445 3976 2031 4049">
     <span class='ocr_line' id='line_1_59' title="bbox 445 3976 2031 4049; baseline 0.005 -19"><span class='ocrx_word' id='word_1_394' title='bbox 445 3976 886 4047; x_wconf 71' lang='lat' dir='ltr'><strong>t-mnprehendit,</strong></span> <span class='ocrx_word' id='word_1_395' title='bbox 920 3977 1251 4049; x_wconf 88' lang='lat' dir='ltr'><strong>publicoque</strong></span> <span class='ocrx_word' id='word_1_396' title='bbox 1287 3977 1500 4048; x_wconf 84' lang='lat' dir='ltr'><strong>judicio</strong></span> <span class='ocrx_word' id='word_1_397' title='bbox 1529 3980 1870 4048; x_wconf 85' lang='lat' dir='ltr'><strong>constituto,</strong></span> <span class='ocrx_word' id='word_1_398' title='bbox 1907 3981 2031 4038; x_wconf 90' lang='lat' dir='ltr'><strong>illos</strong></span> 
     </span>
    </p>
   </div>
   <div class='ocr_carea' id='block_1_60' title="bbox 445 4070 2032 4144">
    <p class='ocr_par' dir='ltr' id='par_1_60' title="bbox 445 4070 2032 4144">
     <span class='ocr_line' id='line_1_60' title="bbox 445 4070 2032 4144; baseline 0.003 -20"><span class='ocrx_word' id='word_1_399' title='bbox 445 4070 890 4128; x_wconf 72' lang='lat' dir='ltr'><strong>Christianarum</strong></span> <span class='ocrx_word' id='word_1_400' title='bbox 913 4087 1012 4143; x_wconf 90' lang='lat' dir='ltr'><strong>pro</strong></span> <span class='ocrx_word' id='word_1_401' title='bbox 1041 4073 1238 4126; x_wconf 87' lang='lat' dir='ltr'><strong>virtute</strong></span> <span class='ocrx_word' id='word_1_402' title='bbox 1261 4071 1425 4144; x_wconf 79' lang='lat'><strong>992</strong></span> <span class='ocrx_word' id='word_1_403' title='bbox 1449 4071 1626 4144; x_wconf 85' lang='lat' dir='ltr'><strong>legum</strong></span> <span class='ocrx_word' id='word_1_404' title='bbox 1661 4072 1885 4143; x_wconf 82' lang='lat' dir='ltr'><strong>ignarus</strong></span> <span class='ocrx_word' id='word_1_405' title='bbox 1913 4075 2032 4128; x_wconf 91' lang='lat' dir='ltr'><strong>adi-</strong></span> 
     </span>
    </p>
   </div>
   <div class='ocr_carea' id='block_1_61' title="bbox 447 4162 2028 4234">
    <p class='ocr_par' dir='ltr' id='par_1_61' title="bbox 447 4162 2028 4234">
     <span class='ocr_line' id='line_1_61' title="bbox 447 4162 2028 4234; baseline 0.004 -20"><span class='ocrx_word' id='word_1_406' title='bbox 447 4162 628 4232; x_wconf 77' lang='lat' dir='ltr'><strong>gebat,</strong></span> <span class='ocrx_word' id='word_1_407' title='bbox 663 4170 723 4216; x_wconf 92' lang='lat' dir='ltr'><strong>ut</strong></span> <span class='ocrx_word' id='word_1_408' title='bbox 749 4170 1031 4234; x_wconf 84' lang='lat' dir='ltr'><strong>paternam</strong></span> <span class='ocrx_word' id='word_1_409' title='bbox 1057 4162 1126 4217; x_wconf 91' lang='lat' dir='ltr'><strong>ab</strong></span> <span class='ocrx_word' id='word_1_410' title='bbox 1146 4163 1415 4234; x_wconf 88' lang='lat' dir='ltr'><strong>apostolis</strong></span> <span class='ocrx_word' id='word_1_411' title='bbox 1443 4179 1541 4234; x_wconf 89' lang='lat' dir='ltr'><strong>per</strong></span> <span class='ocrx_word' id='word_1_412' title='bbox 1563 4172 1746 4234; x_wconf 90' lang='lat' dir='ltr'><strong>patres</strong></span> <span class='ocrx_word' id='word_1_413' title='bbox 1770 4165 2028 4220; x_wconf 88' lang='lat' dir='ltr'><strong>traditam</strong></span> 
     </span>
    </p>
   </div>
   <div class='ocr_carea' id='block_1_62' title="bbox 451 4255 2031 4328">
    <p class='ocr_par' dir='ltr' id='par_1_62' title="bbox 451 4255 2031 4328">
     <span class='ocr_line' id='line_1_62' title="bbox 451 4255 2031 4328; baseline 0.005 -22"><span class='ocrx_word' id='word_1_414' title='bbox 451 4255 606 4310; x_wconf 86' lang='lat' dir='ltr'><strong>nobis</strong></span> <span class='ocrx_word' id='word_1_415' title='bbox 648 4255 803 4310; x_wconf 75' lang='lat' dir='ltr'><strong>(idem</strong></span> <span class='ocrx_word' id='word_1_416' title='bbox 829 4257 1144 4326; x_wconf 88' lang='lat' dir='ltr'><strong>proderent,</strong></span> <span class='ocrx_word' id='word_1_417' title='bbox 1175 4263 1389 4328; x_wconf 87' lang='lat' dir='ltr'><strong>gratum</strong></span> <span class='ocrx_word' id='word_1_418' title='bbox 1411 4256 1576 4311; x_wconf 89' lang='lat' dir='ltr'><strong>etiam</strong></span> <span class='ocrx_word' id='word_1_419' title='bbox 1600 4257 2031 4321; x_wconf 88' lang='lat' dir='ltr'><strong>clementissimo</strong></span> 
     </span>
    </p>
   </div>
   <div class='ocr_carea' id='block_1_63' title="bbox 454 4348 2030 4422">
    <p class='ocr_par' dir='ltr' id='par_1_63' title="bbox 454 4348 2030 4422">
     <span class='ocr_line' id='line_1_63' title="bbox 454 4348 2030 4422; baseline 0.004 -22"><span class='ocrx_word' id='word_1_420' title='bbox 454 4348 665 4405; x_wconf 74' lang='lat' dir='ltr'><strong>Valenti</strong></span> <span class='ocrx_word' id='word_1_421' title='bbox 694 4356 939 4422; x_wconf 78' lang='lat' dir='ltr'><strong>Augusto</strong></span> <span class='ocrx_word' id='word_1_422' title='bbox 972 4350 1024 4404; x_wconf 89' lang='lat' dir='ltr'><strong>id</strong></span> <span class='ocrx_word' id='word_1_423' title='bbox 1085 4351 1202 4405; x_wconf 78' lang='lat' dir='ltr'><strong>fore</strong></span> <span class='ocrx_word' id='word_1_424' title='bbox 1257 4349 1616 4406; x_wconf 80' lang='lat' dir='ltr'><strong>confirmans.</strong></span> <span class='ocrx_word' id='word_1_425' title='bbox 1661 4369 1678 4403; x_wconf 80' lang='grc' dir='ltr'>ι</span> <span class='ocrx_word' id='word_1_426' title='bbox 1757 4349 2030 4420; x_wconf 88' lang='lat' dir='ltr'><strong>Obsequi-</strong></span> 
     </span>
    </p>
   </div>
   <div class='ocr_carea' id='block_1_64' title="bbox 2132 1852 3709 1935">
    <p class='ocr_par' dir='ltr' id='par_1_64' title="bbox 2132 1852 3709 1935">
     <span class='ocr_line' id='line_1_64' title="bbox 2132 1852 3709 1935; baseline -0.011 -16"><span class='ocrx_word' id='word_1_427' title='bbox 2132 1865 2330 1935; x_wconf 81' lang='grc' dir='ltr'>πολλῆς</span> <span class='ocrx_word' id='word_1_428' title='bbox 2361 1863 2695 1935; x_wconf 83' lang='grc' dir='ltr'>περιδρομῆς</span> <span class='ocrx_word' id='word_1_429' title='bbox 2725 1861 2882 1930; x_wconf 81' lang='grc' dir='ltr'>ἔτυχε</span> <span class='ocrx_word' id='word_1_430' title='bbox 2913 1857 3220 1929; x_wconf 73' lang='grc' dir='ltr'>βασιλικῆς.</span> <span class='ocrx_word' id='word_1_431' title='bbox 3262 1852 3709 1922; x_wconf 80' lang='grc' dir='ltr'>Ἀναλογίσασθαι</span> 
     </span>
    </p>
   </div>
   <div class='ocr_carea' id='block_1_65' title="bbox 2127 1944 3711 2024">
    <p class='ocr_par' dir='ltr' id='par_1_65' title="bbox 2127 1944 3711 2024">
     <span class='ocr_line' id='line_1_65' title="bbox 2127 1944 3711 2024; baseline -0.01 -12"><span class='ocrx_word' id='word_1_432' title='bbox 2127 1959 2308 2013; x_wconf 77' lang='grc' dir='ltr'>τοίνυν</span> <span class='ocrx_word' id='word_1_433' title='bbox 2353 1959 2418 2010; x_wconf 85' lang='grc' dir='ltr'><strong>ἐκ</strong></span> <span class='ocrx_word' id='word_1_434' title='bbox 2457 1955 2648 2009; x_wconf 88' lang='grc' dir='ltr'>τούτου</span> <span class='ocrx_word' id='word_1_435' title='bbox 2699 1955 2791 2007; x_wconf 80' lang='grc' dir='ltr'>τὸν</span> <span class='ocrx_word' id='word_1_436' title='bbox 2822 1953 3085 2024; x_wconf 77' lang='grc' dir='ltr'>ὑμέτερον</span> <span class='ocrx_word' id='word_1_437' title='bbox 3115 1950 3275 2020; x_wconf 79' lang='grc' dir='ltr'>ζῆλον</span> <span class='ocrx_word' id='word_1_438' title='bbox 3329 1949 3616 2018; x_wconf 80' lang='grc' dir='ltr'>προσήκει,</span> <span class='ocrx_word' id='word_1_439' title='bbox 3651 1944 3711 1997; x_wconf 71' lang='grc' dir='ltr'><strong>ὃν</strong></span> 
     </span>
    </p>
   </div>
   <div class='ocr_carea' id='block_1_66' title="bbox 2128 2036 3710 2120">
    <p class='ocr_par' dir='ltr' id='par_1_66' title="bbox 2128 2036 3710 2120">
     <span class='ocr_line' id='line_1_66' title="bbox 2128 2036 3710 2120; baseline -0.009 -16"><span class='ocrx_word' id='word_1_440' title='bbox 2128 2048 2474 2120; x_wconf 80' lang='grc' dir='ltr'>διεγερθῆναι</span> <span class='ocrx_word' id='word_1_441' title='bbox 2497 2048 2631 2120; x_wconf 73' lang='grc' dir='ltr'>πρὸς</span> <span class='ocrx_word' id='word_1_442' title='bbox 2660 2045 2904 2099; x_wconf 76' lang='grc' dir='ltr'>ἐκδικίαν</span> <span class='ocrx_word' id='word_1_443' title='bbox 2927 2043 3034 2096; x_wconf 90' lang='grc' dir='ltr'><strong>τῶν</strong></span> <span class='ocrx_word' id='word_1_444' title='bbox 3057 2042 3364 2112; x_wconf 79' lang='grc' dir='ltr'>γενομένων</span> <span class='ocrx_word' id='word_1_445' title='bbox 3385 2036 3710 2110; x_wconf 78' lang='grc' dir='ltr'>παρακαλῶ,</span> 
     </span>
    </p>
   </div>
   <div class='ocr_carea' id='block_1_67' title="bbox 2128 2128 3722 2210">
    <p class='ocr_par' dir='ltr' id='par_1_67' title="bbox 2128 2128 3722 2210">
     <span class='ocr_line' id='line_1_67' title="bbox 2128 2128 3722 2210; baseline -0.008 -17"><span class='ocrx_word' id='word_1_446' title='bbox 2128 2134 2219 2194; x_wconf 80' lang='grc' dir='ltr'><strong>οἷα</strong></span> <span class='ocrx_word' id='word_1_447' title='bbox 2260 2141 2351 2193; x_wconf 71' lang='grc' dir='ltr'><strong>καὶ</strong></span> <span class='ocrx_word' id='word_1_448' title='bbox 2377 2139 2539 2210; x_wconf 78' lang='grc' dir='ltr'>ἡλίκα</span> <span class='ocrx_word' id='word_1_449' title='bbox 2585 2139 2654 2191; x_wconf 80' lang='grc' dir='ltr'>τὰ</span> <span class='ocrx_word' id='word_1_450' title='bbox 2680 2135 3140 2209; x_wconf 77' lang='grc' dir='ltr'>πλημμεληθέντα</span> <span class='ocrx_word' id='word_1_451' title='bbox 3172 2134 3313 2188; x_wconf 86' lang='grc' dir='ltr'><strong>κατά</strong></span> <span class='ocrx_word' id='word_1_452' title='bbox 3340 2132 3437 2203; x_wconf 81' lang='grc' dir='ltr'>τῆς</span> <span class='ocrx_word' id='word_1_453' title='bbox 3459 2130 3548 2184; x_wconf 77' lang='grc' dir='ltr'><strong>τοῦ</strong></span> <span class='ocrx_word' id='word_1_454' title='bbox 3573 2128 3722 2182; x_wconf 68' lang='grc' dir='ltr'>Θεοί.</span> 
     </span>
    </p>
   </div>
   <div class='ocr_carea' id='block_1_68' title="bbox 2141 2223 3711 2304">
    <p class='ocr_par' dir='ltr' id='par_1_68' title="bbox 2141 2223 3711 2304">
     <span class='ocr_line' id='line_1_68' title="bbox 2141 2223 3711 2304; baseline -0.008 -17"><span class='ocrx_word' id='word_1_455' title='bbox 2141 2233 2491 2304; x_wconf 86' lang='grc' dir='ltr'>Ἐκκλησίας,</span> <span class='ocrx_word' id='word_1_456' title='bbox 2538 2230 2782 2285; x_wconf 81' lang='grc' dir='ltr'>τοιούτου</span> <span class='ocrx_word' id='word_1_457' title='bbox 2833 2230 3095 2301; x_wconf 82' lang='grc' dir='ltr'>τυράννου</span> <span class='ocrx_word' id='word_1_458' title='bbox 3162 2226 3258 2279; x_wconf 83' lang='grc' dir='ltr'><strong>τοῦ</strong></span> <span class='ocrx_word' id='word_1_459' title='bbox 3308 2223 3711 2294; x_wconf 74' lang='grc' dir='ltr'><strong>προειρημένου</strong></span> 
     </span>
    </p>
   </div>
   <div class='ocr_carea' id='block_1_69' title="bbox 2131 2314 3714 2396">
    <p class='ocr_par' dir='ltr' id='par_1_69' title="bbox 2131 2314 3714 2396">
     <span class='ocr_line' id='line_1_69' title="bbox 2131 2314 3714 2396; baseline -0.007 -17"><span class='ocrx_word' id='word_1_460' title='bbox 2131 2326 2249 2379; x_wconf 85' lang='grc' dir='ltr'>καθ’</span> <span class='ocrx_word' id='word_1_461' title='bbox 2303 2324 2461 2396; x_wconf 81' lang='grc' dir='ltr'>ἡμῶν</span> <span class='ocrx_word' id='word_1_462' title='bbox 2509 2324 2936 2386; x_wconf 74' lang='grc' dir='ltr'>ἐπαναστάντος.</span> <span class='ocrx_word' id='word_1_463' title='bbox 2985 2322 3139 2390; x_wconf 79' lang='grc' dir='ltr'>Ἀμα</span> <span class='ocrx_word' id='word_1_464' title='bbox 3179 2319 3288 2390; x_wconf 78' lang='grc' dir='ltr'><strong>γὰρ</strong></span> <span class='ocrx_word' id='word_1_465' title='bbox 3342 2320 3373 2371; x_wconf 82' lang='grc'>6</span> <span class='ocrx_word' id='word_1_466' title='bbox 3423 2317 3574 2387; x_wconf 74' lang='grc' dir='ltr'>παρὰ</span> <span class='ocrx_word' id='word_1_467' title='bbox 3613 2314 3714 2383; x_wconf 77' lang='grc' dir='ltr'>τῆς</span> 
     </span>
    </p>
   </div>
   <div class='ocr_carea' id='block_1_70' title="bbox 2131 2407 3722 2488">
    <p class='ocr_par' dir='ltr' id='par_1_70' title="bbox 2131 2407 3722 2488">
     <span class='ocr_line' id='line_1_70' title="bbox 2131 2407 3722 2488; baseline -0.007 -17"><span class='ocrx_word' id='word_1_468' title='bbox 2131 2419 2402 2488; x_wconf 79' lang='grc' dir='ltr'>ὑμετέρας</span> <span class='ocrx_word' id='word_1_469' title='bbox 2431 2415 2764 2479; x_wconf 78' lang='grc' dir='ltr'>θεοσεϐείας,</span> <span class='ocrx_word' id='word_1_470' title='bbox 2798 2415 2890 2468; x_wconf 69' lang='grc' dir='ltr'>καὶ</span> <span class='ocrx_word' id='word_1_471' title='bbox 2933 2414 3042 2466; x_wconf 88' lang='grc' dir='ltr'><strong>τῶν</strong></span> <span class='ocrx_word' id='word_1_472' title='bbox 3069 2409 3385 2482; x_wconf 78' lang='grc' dir='ltr'>ἁπανταχοῦ</span> <span class='ocrx_word' id='word_1_473' title='bbox 3414 2407 3722 2477; x_wconf 80' lang='grc' dir='ltr'>όρθοδόξων--</span> 
     </span>
    </p>
   </div>
   <div class='ocr_carea' id='block_1_71' title="bbox 2129 2503 3714 2578">
    <p class='ocr_par' dir='ltr' id='par_1_71' title="bbox 2129 2503 3714 2578">
     <span class='ocr_line' id='line_1_71' title="bbox 2129 2503 3714 2578; baseline -0.007 -14"><span class='ocrx_word' id='word_1_474' title='bbox 2129 2511 2463 2574; x_wconf 84' lang='grc' dir='ltr'>ἐπισκόπων,</span> <span class='ocrx_word' id='word_1_475' title='bbox 2492 2508 2753 2572; x_wconf 79' lang='grc' dir='ltr'>πολλάκις</span> <span class='ocrx_word' id='word_1_476' title='bbox 2774 2505 3174 2578; x_wconf 76' lang='grc' dir='ltr'>ἀπαγορευοεὶς</span> <span class='ocrx_word' id='word_1_477' title='bbox 3196 2505 3426 2566; x_wconf 85' lang='grc' dir='ltr'>Λούκιος</span> <span class='ocrx_word' id='word_1_478' title='bbox 3452 2506 3547 2574; x_wconf 81' lang='grc' dir='ltr'>τῆς</span> <span class='ocrx_word' id='word_1_479' title='bbox 3575 2503 3714 2574; x_wconf 70' lang='grc' dir='ltr'>πρὸς</span> 
     </span>
    </p>
   </div>
   <div class='ocr_carea' id='block_1_72' title="bbox 2129 2595 3714 2671">
    <p class='ocr_par' dir='ltr' id='par_1_72' title="bbox 2129 2595 3714 2671">
     <span class='ocr_line' id='line_1_72' title="bbox 2129 2595 3714 2671; baseline -0.006 -16"><span class='ocrx_word' id='word_1_480' title='bbox 2129 2601 2288 2655; x_wconf 66' lang='grc' dir='ltr'>αὑτὸν</span> <span class='ocrx_word' id='word_1_481' title='bbox 2319 2601 2571 2671; x_wconf 87' lang='grc' dir='ltr'>ἀπεχθῶς</span> <span class='ocrx_word' id='word_1_482' title='bbox 2619 2598 2973 2670; x_wconf 74' lang='grc' dir='ltr'>διακειμένης</span> <span class='ocrx_word' id='word_1_483' title='bbox 3023 2599 3108 2650; x_wconf 84' lang='grc' dir='ltr'>ἐπ’</span> <span class='ocrx_word' id='word_1_484' title='bbox 3141 2595 3382 2663; x_wconf 78' lang='grc' dir='ltr'>εὐλόγοις</span> <span class='ocrx_word' id='word_1_485' title='bbox 3403 2597 3522 2657; x_wconf 81' lang='grc' dir='ltr'>ταῖς</span> <span class='ocrx_word' id='word_1_486' title='bbox 3575 2609 3714 2662; x_wconf 88' lang='grc' dir='ltr'>προ-</span> 
     </span>
    </p>
   </div>
   <div class='ocr_carea' id='block_1_73' title="bbox 2130 2688 3714 2769">
    <p class='ocr_par' dir='ltr' id='par_1_73' title="bbox 2130 2688 3714 2769">
     <span class='ocr_line' id='line_1_73' title="bbox 2130 2688 3714 2769; baseline -0.008 -16"><span class='ocrx_word' id='word_1_487' title='bbox 2130 2701 2360 2768; x_wconf 81' lang='grc' dir='ltr'>φάσεσιν</span> <span class='ocrx_word' id='word_1_488' title='bbox 2395 2700 2597 2769; x_wconf 78' lang='grc' dir='ltr'>ἐπέστη</span> <span class='ocrx_word' id='word_1_489' title='bbox 2640 2697 2870 2759; x_wconf 83' lang='grc' dir='ltr'>πόλεως.</span> <span class='ocrx_word' id='word_1_490' title='bbox 2907 2695 2982 2748; x_wconf 82' lang='grc' dir='ltr'><strong>υύ</strong></span> <span class='ocrx_word' id='word_1_491' title='bbox 3015 2694 3125 2764; x_wconf 78' lang='grc' dir='ltr'><strong>γὰρ</strong></span> <span class='ocrx_word' id='word_1_492' title='bbox 3158 2693 3338 2763; x_wconf 84' lang='grc' dir='ltr'>μόνον,</span> <span class='ocrx_word' id='word_1_493' title='bbox 3372 2691 3447 2753; x_wconf 87' lang='grc' dir='ltr'>ὼς</span> <span class='ocrx_word' id='word_1_494' title='bbox 3506 2692 3534 2743; x_wconf 83' lang='grc' dir='ltr'>ὁ</span> <span class='ocrx_word' id='word_1_495' title='bbox 3581 2688 3714 2742; x_wconf 85' lang='grc' dir='ltr'>δύσ-</span> 
     </span>
    </p>
   </div>
   <div class='ocr_carea' id='block_1_74' title="bbox 2130 2781 3714 2862">
    <p class='ocr_par' dir='ltr' id='par_1_74' title="bbox 2130 2781 3714 2862">
     <span class='ocr_line' id='line_1_74' title="bbox 2130 2781 3714 2862; baseline -0.009 -17"><span class='ocrx_word' id='word_1_496' title='bbox 2130 2809 2308 2862; x_wconf 90' lang='grc' dir='ltr'>φημος</span> <span class='ocrx_word' id='word_1_497' title='bbox 2337 2793 2393 2844; x_wconf 78' lang='grc' dir='ltr'><strong>ἐν</strong></span> <span class='ocrx_word' id='word_1_498' title='bbox 2410 2789 2656 2855; x_wconf 80' lang='grc' dir='ltr'>Ψαλμοῖς</span> <span class='ocrx_word' id='word_1_499' title='bbox 2687 2789 2897 2859; x_wconf 79' lang='grc' dir='ltr'>ἄφρων,</span> <span class='ocrx_word' id='word_1_500' title='bbox 2930 2785 3102 2854; x_wconf 81' lang='grc' dir='ltr'>λέγει,</span> <span class='ocrx_word' id='word_1_501' title='bbox 3133 2785 3246 2836; x_wconf 75' lang='grc' dir='ltr'>Ούκ</span> <span class='ocrx_word' id='word_1_502' title='bbox 3271 2782 3385 2834; x_wconf 80' lang='grc' dir='ltr'>ἔστι</span> <span class='ocrx_word' id='word_1_503' title='bbox 3417 2781 3547 2842; x_wconf 78' lang='grc' dir='ltr'>Θεὸς</span> <span class='ocrx_word' id='word_1_504' title='bbox 3574 2781 3714 2849; x_wconf 86' lang='grc' dir='ltr'>ἀλη-</span> 
     </span>
    </p>
   </div>
   <div class='ocr_carea' id='block_1_75' title="bbox 2129 2871 3721 2950">
    <p class='ocr_par' dir='ltr' id='par_1_75' title="bbox 2129 2871 3721 2950">
     <span class='ocr_line' id='line_1_75' title="bbox 2129 2871 3721 2950; baseline -0.007 -15"><span class='ocrx_word' id='word_1_505' title='bbox 2129 2882 2330 2944; x_wconf 67' lang='grc' dir='ltr'><strong>θινόςη</strong></span> <span class='ocrx_word' id='word_1_506' title='bbox 2388 2882 2416 2934; x_wconf 88' lang='grc' dir='ltr'>ὁ</span> <span class='ocrx_word' id='word_1_507' title='bbox 2482 2877 2738 2950; x_wconf 66' lang='grc' dir='ltr'>Χριστὸς,</span> <span class='ocrx_word' id='word_1_508' title='bbox 2791 2876 2932 2930; x_wconf 77' lang='grc' dir='ltr'>ἀλλὰ</span> <span class='ocrx_word' id='word_1_509' title='bbox 2989 2877 3081 2930; x_wconf 77' lang='grc' dir='ltr'>καὶ</span> <span class='ocrx_word' id='word_1_510' title='bbox 3139 2877 3249 2936; x_wconf 84' lang='grc' dir='ltr'>τοῖς</span> <span class='ocrx_word' id='word_1_511' title='bbox 3316 2871 3721 2942; x_wconf 79' lang='grc' dir='ltr'>ἐπιτηδεύμασι-</span> 
     </span>
    </p>
   </div>
   <div class='ocr_carea' id='block_1_76' title="bbox 2126 2965 3716 3045">
    <p class='ocr_par' dir='ltr' id='par_1_76' title="bbox 2126 2965 3716 3045">
     <span class='ocr_line' id='line_1_76' title="bbox 2126 2965 3716 3045; baseline -0.014 -18"><span class='ocrx_word' id='word_1_512' title='bbox 2126 2972 2392 3045; x_wconf 83' lang='grc' dir='ltr'>διεφθάρη</span> <span class='ocrx_word' id='word_1_513' title='bbox 2428 2972 2521 3025; x_wconf 69' lang='grc' dir='ltr'><strong>καὶ</strong></span> <span class='ocrx_word' id='word_1_514' title='bbox 2555 2968 2861 3041; x_wconf 79' lang='grc' dir='ltr'>διέφθειρε,</span> <span class='ocrx_word' id='word_1_515' title='bbox 2915 2967 3121 3038; x_wconf 85' lang='grc' dir='ltr'>χαίρων</span> <span class='ocrx_word' id='word_1_516' title='bbox 3167 2967 3259 3018; x_wconf 69' lang='grc' dir='ltr'><strong>ἐπὶ</strong></span> <span class='ocrx_word' id='word_1_517' title='bbox 3315 2968 3436 3029; x_wconf 85' lang='grc' dir='ltr'>ταῖς</span> <span class='ocrx_word' id='word_1_518' title='bbox 3470 2965 3716 3034; x_wconf 69' lang='grc' dir='ltr'>βλασφη-</span> 
     </span>
    </p>
   </div>
   <div class='ocr_carea' id='block_1_77' title="bbox 2055 3055 3718 3154">
    <p class='ocr_par' dir='ltr' id='par_1_77' title="bbox 2055 3055 3718 3154">
     <span class='ocr_line' id='line_1_77' title="bbox 2055 3055 3718 3154; baseline -0.005 -37"><span class='ocrx_word' id='word_1_519' title='bbox 2055 3097 2096 3154; x_wconf 78' lang='lat' dir='ltr'><strong><em>C</em></strong></span> <span class='ocrx_word' id='word_1_520' title='bbox 2141 3065 2316 3136; x_wconf 89' lang='grc' dir='ltr'>μίαις,</span> <span class='ocrx_word' id='word_1_521' title='bbox 2354 3067 2472 3128; x_wconf 85' lang='grc' dir='ltr'>ταῖς</span> <span class='ocrx_word' id='word_1_522' title='bbox 2505 3063 2647 3117; x_wconf 88' lang='grc' dir='ltr'><strong>κατά</strong></span> <span class='ocrx_word' id='word_1_523' title='bbox 2677 3062 2769 3116; x_wconf 81' lang='grc' dir='ltr'>τοῦ</span> <span class='ocrx_word' id='word_1_524' title='bbox 2792 3062 3045 3133; x_wconf 81' lang='grc' dir='ltr'>Σωτῆρος</span> <span class='ocrx_word' id='word_1_525' title='bbox 3073 3059 3455 3131; x_wconf 79' lang='grc' dir='ltr'>πεμπομέναις</span> <span class='ocrx_word' id='word_1_526' title='bbox 3483 3058 3527 3089; x_wconf 72' lang='grc'><strong>’³</strong></span> <span class='ocrx_word' id='word_1_527' title='bbox 3560 3055 3718 3128; x_wconf 82' lang='grc' dir='ltr'>παρὰ</span> 
     </span>
    </p>
   </div>
   <div class='ocr_carea' id='block_1_78' title="bbox 2129 3150 3708 3228">
    <p class='ocr_par' dir='ltr' id='par_1_78' title="bbox 2129 3150 3708 3228">
     <span class='ocr_line' id='line_1_78' title="bbox 2129 3150 3708 3228; baseline -0.004 -19"><span class='ocrx_word' id='word_1_528' title='bbox 2129 3157 2238 3211; x_wconf 87' lang='grc' dir='ltr'><strong>τῶν</strong></span> <span class='ocrx_word' id='word_1_529' title='bbox 2299 3159 2363 3228; x_wconf 81' lang='grc' dir='ltr'>τῇ</span> <span class='ocrx_word' id='word_1_530' title='bbox 2419 3156 2596 3208; x_wconf 88' lang='grc' dir='ltr'>κτίσει</span> <span class='ocrx_word' id='word_1_531' title='bbox 2656 3153 3028 3225; x_wconf 86' lang='grc' dir='ltr'>λατρευόντων</span> <span class='ocrx_word' id='word_1_532' title='bbox 3081 3153 3232 3222; x_wconf 85' lang='grc' dir='ltr'><strong>παρά</strong></span> <span class='ocrx_word' id='word_1_533' title='bbox 3283 3151 3375 3204; x_wconf 82' lang='grc' dir='ltr'>τὸν</span> <span class='ocrx_word' id='word_1_534' title='bbox 3423 3150 3708 3204; x_wconf 81' lang='grc' dir='ltr'>κτίσαντα.</span> 
     </span>
    </p>
   </div>
   <div class='ocr_carea' id='block_1_79' title="bbox 2131 3243 3712 3318">
    <p class='ocr_par' dir='ltr' id='par_1_79' title="bbox 2131 3243 3712 3318">
     <span class='ocr_line' id='line_1_79' title="bbox 2131 3243 3712 3318; baseline -0.006 -15"><span class='ocrx_word' id='word_1_535' title='bbox 2131 3249 2254 3314; x_wconf 85' lang='grc' dir='ltr'><strong>Πῶς</strong></span> <span class='ocrx_word' id='word_1_536' title='bbox 2274 3249 2384 3318; x_wconf 77' lang='grc' dir='ltr'><strong>γὰρ</strong></span> <span class='ocrx_word' id='word_1_537' title='bbox 2400 3249 2519 3318; x_wconf 71' lang='grc' dir='ltr'>οὐχὶ</span> <span class='ocrx_word' id='word_1_538' title='bbox 2535 3247 2601 3312; x_wconf 64' lang='grc'><strong>’⁸,</strong></span> <span class='ocrx_word' id='word_1_539' title='bbox 2631 3248 2765 3301; x_wconf 84' lang='grc' dir='ltr'>ὅπου</span> <span class='ocrx_word' id='word_1_540' title='bbox 2798 3264 2861 3315; x_wconf 88' lang='grc' dir='ltr'>γε</span> <span class='ocrx_word' id='word_1_541' title='bbox 2885 3246 3266 3316; x_wconf 84' lang='grc' dir='ltr'>παραπλήσιον</span> <span class='ocrx_word' id='word_1_542' title='bbox 3285 3243 3540 3313; x_wconf 82' lang='grc' dir='ltr'>Ἕλλησιν</span> <span class='ocrx_word' id='word_1_543' title='bbox 3570 3243 3712 3313; x_wconf 75' lang='grc' dir='ltr'>ἔχων</span> 
     </span>
    </p>
   </div>
   <div class='ocr_carea' id='block_1_80' title="bbox 2130 3335 3712 3414">
    <p class='ocr_par' dir='ltr' id='par_1_80' title="bbox 2130 3335 3712 3414">
     <span class='ocr_line' id='line_1_80' title="bbox 2130 3335 3712 3414; baseline -0.006 -17"><span class='ocrx_word' id='word_1_544' title='bbox 2130 3342 2190 3397; x_wconf 78' lang='grc' dir='ltr'><strong>τὸ</strong></span> <span class='ocrx_word' id='word_1_545' title='bbox 2215 3343 2488 3414; x_wconf 82' lang='grc' dir='ltr'>φρόνημα,</span> <span class='ocrx_word' id='word_1_546' title='bbox 2539 3340 2853 3412; x_wconf 79' lang='grc' dir='ltr'>πρόσφατον</span> <span class='ocrx_word' id='word_1_547' title='bbox 2877 3341 2920 3371; x_wconf 82' lang='grc'><strong>⁸⁵</strong></span> <span class='ocrx_word' id='word_1_548' title='bbox 2951 3339 3127 3410; x_wconf 83' lang='grc' dir='ltr'>τολμᾷ</span> <span class='ocrx_word' id='word_1_549' title='bbox 3155 3340 3202 3371; x_wconf 80' lang='grc'><strong>²⁶</strong></span> <span class='ocrx_word' id='word_1_550' title='bbox 3235 3340 3263 3391; x_wconf 89' lang='grc' dir='ltr'><strong>ό</strong></span> <span class='ocrx_word' id='word_1_551' title='bbox 3316 3338 3591 3407; x_wconf 82' lang='grc' dir='ltr'>ἀλιτήριος</span> <span class='ocrx_word' id='word_1_552' title='bbox 3625 3335 3712 3388; x_wconf 80' lang='grc' dir='ltr'><strong>σὲ-</strong></span> 
     </span>
    </p>
   </div>
   <div class='ocr_carea' id='block_1_81' title="bbox 2132 3429 3711 3502">
    <p class='ocr_par' dir='ltr' id='par_1_81' title="bbox 2132 3429 3711 3502">
     <span class='ocr_line' id='line_1_81' title="bbox 2132 3429 3711 3502; baseline -0.003 -16"><span class='ocrx_word' id='word_1_553' title='bbox 2132 3434 2246 3488; x_wconf 80' lang='grc' dir='ltr'>σειν</span> <span class='ocrx_word' id='word_1_554' title='bbox 2285 3434 2454 3500; x_wconf 89' lang='grc' dir='ltr'>Θεόν;</span> <span class='ocrx_word' id='word_1_555' title='bbox 2501 3433 2618 3488; x_wconf 83' lang='grc' dir='ltr'><strong>Ἐπ’</strong></span> <span class='ocrx_word' id='word_1_556' title='bbox 2643 3432 2799 3502; x_wconf 67' lang='grc' dir='ltr'>ὄψεσι</span> <span class='ocrx_word' id='word_1_557' title='bbox 2823 3431 2932 3502; x_wconf 83' lang='grc' dir='ltr'><strong>γάρ</strong></span> <span class='ocrx_word' id='word_1_558' title='bbox 2965 3432 3145 3486; x_wconf 75' lang='grc' dir='ltr'>αὐτῶν</span> <span class='ocrx_word' id='word_1_559' title='bbox 3168 3431 3389 3494; x_wconf 90' lang='grc' dir='ltr'>τούτους</span> <span class='ocrx_word' id='word_1_560' title='bbox 3411 3432 3537 3492; x_wconf 73' lang='grc' dir='ltr'>τοὺς</span> <span class='ocrx_word' id='word_1_561' title='bbox 3559 3429 3711 3482; x_wconf 84' lang='grc' dir='ltr'>ἐπαί-</span> 
     </span>
    </p>
   </div>
   <div class='ocr_carea' id='block_1_82' title="bbox 2132 3518 3711 3593">
    <p class='ocr_par' dir='ltr' id='par_1_82' title="bbox 2132 3518 3711 3593">
     <span class='ocr_line' id='line_1_82' title="bbox 2132 3518 3711 3593; baseline -0.004 -14"><span class='ocrx_word' id='word_1_562' title='bbox 2132 3542 2256 3588; x_wconf 90' lang='grc' dir='ltr'>νους</span> <span class='ocrx_word' id='word_1_563' title='bbox 2307 3523 2589 3593; x_wconf 78' lang='grc' dir='ltr'>ἔπεμπον·</span> <span class='ocrx_word' id='word_1_564' title='bbox 2632 3523 2826 3586; x_wconf 87' lang='grc' dir='ltr'>Καλῶς</span> <span class='ocrx_word' id='word_1_565' title='bbox 2878 3518 3063 3592; x_wconf 76' lang='grc' dir='ltr'>ἦλθες,</span> <span class='ocrx_word' id='word_1_566' title='bbox 3107 3523 3396 3586; x_wconf 83' lang='grc' dir='ltr'>ἐπίσκοπε,</span> <span class='ocrx_word' id='word_1_567' title='bbox 3453 3522 3582 3574; x_wconf 75' lang='grc' dir='ltr'>Υίὸν</span> <span class='ocrx_word' id='word_1_568' title='bbox 3638 3521 3711 3591; x_wconf 73' lang='grc' dir='ltr'>μὴ</span> 
     </span>
    </p>
   </div>
   <div class='ocr_carea' id='block_1_83' title="bbox 2130 3611 3709 3684">
    <p class='ocr_par' dir='ltr' id='par_1_83' title="bbox 2130 3611 3709 3684">
     <span class='ocr_line' id='line_1_83' title="bbox 2130 3611 3709 3684; baseline -0.004 -16"><span class='ocrx_word' id='word_1_569' title='bbox 2130 3615 2334 3683; x_wconf 75' lang='grc' dir='ltr'>λέγων·</span> <span class='ocrx_word' id='word_1_570' title='bbox 2367 3615 2394 3666; x_wconf 88' lang='grc' dir='ltr'><strong>ό</strong></span> <span class='ocrx_word' id='word_1_571' title='bbox 2419 3611 2661 3684; x_wconf 83' lang='grc' dir='ltr'>Σάραπίς</span> <span class='ocrx_word' id='word_1_572' title='bbox 2681 3613 2725 3644; x_wconf 77' lang='grc'>³⁷</span> <span class='ocrx_word' id='word_1_573' title='bbox 2757 3629 2816 3666; x_wconf 88' lang='grc' dir='ltr'><strong>σε</strong></span> <span class='ocrx_word' id='word_1_574' title='bbox 2843 3612 3014 3681; x_wconf 86' lang='grc' dir='ltr'>φιλῶν</span> <span class='ocrx_word' id='word_1_575' title='bbox 3037 3613 3342 3682; x_wconf 79' lang='grc' dir='ltr'>είσήνεγκεο</span> <span class='ocrx_word' id='word_1_576' title='bbox 3387 3611 3449 3665; x_wconf 79' lang='grc' dir='ltr'><strong>τὸ</strong></span> <span class='ocrx_word' id='word_1_577' title='bbox 3481 3613 3709 3684; x_wconf 73' lang='grc' dir='ltr'>πάτριον</span> 
     </span>
    </p>
   </div>
   <div class='ocr_carea' id='block_1_84' title="bbox 2131 3703 3713 3775">
    <p class='ocr_par' dir='ltr' id='par_1_84' title="bbox 2131 3703 3713 3775">
     <span class='ocr_line' id='line_1_84' title="bbox 2131 3703 3713 3775; baseline -0.003 -14"><span class='ocrx_word' id='word_1_578' title='bbox 2131 3705 2349 3761; x_wconf 85' lang='grc' dir='ltr'>είδὼλου</span> <span class='ocrx_word' id='word_1_579' title='bbox 2371 3704 2416 3737; x_wconf 71' lang='grc'><strong>’⁸</strong></span> <span class='ocrx_word' id='word_1_580' title='bbox 2457 3704 2663 3758; x_wconf 79' lang='grc' dir='ltr'>ἑαυτῶν</span> <span class='ocrx_word' id='word_1_581' title='bbox 2701 3705 3078 3775; x_wconf 78' lang='grc' dir='ltr'>ὀνομάζοντες.</span> <span class='ocrx_word' id='word_1_582' title='bbox 3129 3704 3337 3757; x_wconf 81' lang='grc' dir='ltr'>Αὐτίκα</span> <span class='ocrx_word' id='word_1_583' title='bbox 3373 3703 3502 3774; x_wconf 75' lang='grc' dir='ltr'>γὰρ,</span> <span class='ocrx_word' id='word_1_584' title='bbox 3539 3705 3713 3774; x_wconf 68' lang='grc' dir='ltr'>ῥοπῆς</span> 
     </span>
    </p>
   </div>
   <div class='ocr_carea' id='block_1_85' title="bbox 2132 3792 3713 3867">
    <p class='ocr_par' dir='ltr' id='par_1_85' title="bbox 2132 3792 3713 3867">
     <span class='ocr_line' id='line_1_85' title="bbox 2132 3792 3713 3867; baseline -0.001 -18"><span class='ocrx_word' id='word_1_585' title='bbox 2132 3797 2255 3850; x_wconf 80' lang='grc' dir='ltr'>οὐδὲ</span> <span class='ocrx_word' id='word_1_586' title='bbox 2295 3795 2425 3867; x_wconf 77' lang='grc' dir='ltr'>μιᾶς</span> <span class='ocrx_word' id='word_1_587' title='bbox 2476 3792 2874 3865; x_wconf 79' lang='grc' dir='ltr'>παρελθούσης,</span> <span class='ocrx_word' id='word_1_588' title='bbox 2905 3796 2932 3847; x_wconf 89' lang='grc' dir='ltr'><strong>ό</strong></span> <span class='ocrx_word' id='word_1_589' title='bbox 2980 3795 3378 3864; x_wconf 81' lang='grc' dir='ltr'>προειρημένος</span> <span class='ocrx_word' id='word_1_590' title='bbox 3413 3796 3652 3862; x_wconf 71' lang='grc' dir='ltr'>Μάγνος,</span> <span class='ocrx_word' id='word_1_591' title='bbox 3685 3797 3713 3848; x_wconf 81' lang='grc' dir='ltr'><strong>ό</strong></span> 
     </span>
    </p>
   </div>
   <div class='ocr_carea' id='block_1_86' title="bbox 2132 3880 3713 3955">
    <p class='ocr_par' dir='ltr' id='par_1_86' title="bbox 2132 3880 3713 3955">
     <span class='ocr_line' id='line_1_86' title="bbox 2132 3880 3713 3955; baseline -0.004 -18"><span class='ocrx_word' id='word_1_592' title='bbox 2132 3885 2231 3955; x_wconf 75' lang='grc' dir='ltr'>τῆς</span> <span class='ocrx_word' id='word_1_593' title='bbox 2284 3883 2540 3947; x_wconf 71' lang='grc' dir='ltr'>ἀσεϐείας</span> <span class='ocrx_word' id='word_1_594' title='bbox 2587 3882 2750 3936; x_wconf 78' lang='grc' dir='ltr'>αὑτοῦ</span> <span class='ocrx_word' id='word_1_595' title='bbox 2797 3883 3054 3946; x_wconf 75' lang='grc' dir='ltr'>κοινωνδς</span> <span class='ocrx_word' id='word_1_596' title='bbox 3087 3881 3406 3953; x_wconf 77' lang='grc' dir='ltr'>ἀδιαίρετος,</span> <span class='ocrx_word' id='word_1_597' title='bbox 3440 3884 3528 3933; x_wconf 76' lang='grc' dir='ltr'><strong>καὶ</strong></span> <span class='ocrx_word' id='word_1_598' title='bbox 3549 3880 3713 3950; x_wconf 85' lang='grc' dir='ltr'>δορυ-</span> 
     </span>
    </p>
   </div>
   <div class='ocr_carea' id='block_1_87' title="bbox 2133 3971 3708 4047">
    <p class='ocr_par' dir='ltr' id='par_1_87' title="bbox 2133 3971 3708 4047">
     <span class='ocr_line' id='line_1_87' title="bbox 2133 3971 3708 4047; baseline -0.002 -19"><span class='ocrx_word' id='word_1_599' title='bbox 2133 3979 2298 4047; x_wconf 86' lang='grc' dir='ltr'>φόρος</span> <span class='ocrx_word' id='word_1_600' title='bbox 2327 3975 2543 4046; x_wconf 79' lang='grc' dir='ltr'>πικρὸς,</span> <span class='ocrx_word' id='word_1_601' title='bbox 2579 3974 2672 4028; x_wconf 72' lang='grc' dir='ltr'><strong>καὶ</strong></span> <span class='ocrx_word' id='word_1_602' title='bbox 2703 3974 2989 4044; x_wconf 78' lang='grc' dir='ltr'>σατράπης</span> <span class='ocrx_word' id='word_1_603' title='bbox 3013 3973 3315 4044; x_wconf 80' lang='grc' dir='ltr'>ὠμότατος,</span> <span class='ocrx_word' id='word_1_604' title='bbox 3349 3971 3708 4042; x_wconf 77' lang='grc' dir='ltr'>συναθροίσας</span> 
     </span>
    </p>
   </div>
   <div class='ocr_carea' id='block_1_88' title="bbox 2135 4063 3704 4138">
    <p class='ocr_par' dir='ltr' id='par_1_88' title="bbox 2135 4063 3704 4138">
     <span class='ocr_line' id='line_1_88' title="bbox 2135 4063 3704 4138; baseline -0.004 -17"><span class='ocrx_word' id='word_1_605' title='bbox 2135 4068 2228 4122; x_wconf 75' lang='grc' dir='ltr'><strong>καὶ</strong></span> <span class='ocrx_word' id='word_1_606' title='bbox 2252 4068 2319 4120; x_wconf 72' lang='grc' dir='ltr'>τὰ</span> <span class='ocrx_word' id='word_1_607' title='bbox 2339 4066 2443 4120; x_wconf 81' lang='grc' dir='ltr'>ὑπὸ</span> <span class='ocrx_word' id='word_1_608' title='bbox 2463 4066 2560 4138; x_wconf 81' lang='grc' dir='ltr'><strong>τὴν</strong></span> <span class='ocrx_word' id='word_1_609' title='bbox 2579 4065 2772 4120; x_wconf 80' lang='grc' dir='ltr'>ἑαυτοῦ</span> <span class='ocrx_word' id='word_1_610' title='bbox 2799 4065 3055 4135; x_wconf 82' lang='grc' dir='ltr'>φροντίδα</span> <span class='ocrx_word' id='word_1_611' title='bbox 3076 4066 3482 4136; x_wconf 85' lang='grc' dir='ltr'>ἐπανακείμενα</span> <span class='ocrx_word' id='word_1_612' title='bbox 3504 4063 3704 4136; x_wconf 79' lang='grc' dir='ltr'>πλήθη,</span> 
     </span>
    </p>
   </div>
   <div class='ocr_carea' id='block_1_89' title="bbox 2134 4154 3704 4229">
    <p class='ocr_par' dir='ltr' id='par_1_89' title="bbox 2134 4154 3704 4229">
     <span class='ocr_line' id='line_1_89' title="bbox 2134 4154 3704 4229; baseline -0.003 -18"><span class='ocrx_word' id='word_1_613' title='bbox 2134 4157 2536 4229; x_wconf 77' lang='grc' dir='ltr'>πρεσϐυτέρους</span> <span class='ocrx_word' id='word_1_614' title='bbox 2588 4158 2681 4209; x_wconf 67' lang='grc' dir='ltr'><strong>καὶ</strong></span> <span class='ocrx_word' id='word_1_615' title='bbox 2715 4155 2993 4218; x_wconf 80' lang='grc' dir='ltr'>διακόνους</span> <span class='ocrx_word' id='word_1_616' title='bbox 3048 4155 3138 4208; x_wconf 76' lang='grc' dir='ltr'>τὸν</span> <span class='ocrx_word' id='word_1_617' title='bbox 3168 4155 3398 4227; x_wconf 83' lang='grc' dir='ltr'>ἀριθμὸν</span> <span class='ocrx_word' id='word_1_618' title='bbox 3428 4154 3704 4208; x_wconf 87' lang='grc' dir='ltr'>ἐννεακαί-</span> 
     </span>
    </p>
   </div>
   <div class='ocr_carea' id='block_1_90' title="bbox 2132 4239 3708 4318">
    <p class='ocr_par' dir='ltr' id='par_1_90' title="bbox 2132 4239 3708 4318">
     <span class='ocr_line' id='line_1_90' title="bbox 2132 4239 3708 4318; baseline -0.004 -16"><span class='ocrx_word' id='word_1_619' title='bbox 2132 4249 2262 4302; x_wconf 88' lang='grc' dir='ltr'>δεκα</span> <span class='ocrx_word' id='word_1_620' title='bbox 2290 4247 2706 4318; x_wconf 76' lang='grc' dir='ltr'>συλλαϐόμενος,</span> <span class='ocrx_word' id='word_1_621' title='bbox 2744 4239 2818 4299; x_wconf 85' lang='grc' dir='ltr'><strong>ὧν</strong></span> <span class='ocrx_word' id='word_1_622' title='bbox 2849 4263 2995 4305; x_wconf 89' lang='grc' dir='ltr'>τινες</span> <span class='ocrx_word' id='word_1_623' title='bbox 3025 4246 3085 4297; x_wconf 76' lang='grc' dir='ltr'><strong>τὸ</strong></span> <span class='ocrx_word' id='word_1_624' title='bbox 3131 4246 3490 4315; x_wconf 73' lang='grc' dir='ltr'>όγδοηκοστίν</span> <span class='ocrx_word' id='word_1_625' title='bbox 3543 4248 3708 4315; x_wconf 84' lang='grc' dir='ltr'>ὑπερ-</span> 
     </span>
    </p>
   </div>
   <div class='ocr_carea' id='block_1_91' title="bbox 2133 4337 3712 4413">
    <p class='ocr_par' dir='ltr' id='par_1_91' title="bbox 2133 4337 3712 4413">
     <span class='ocr_line' id='line_1_91' title="bbox 2133 4337 3712 4413; baseline -0.003 -19"><span class='ocrx_word' id='word_1_626' title='bbox 2133 4341 2432 4413; x_wconf 77' lang='grc' dir='ltr'>ϐεόήκασιν</span> <span class='ocrx_word' id='word_1_627' title='bbox 2471 4339 2611 4404; x_wconf 78' lang='grc' dir='ltr'>ἔτος,</span> <span class='ocrx_word' id='word_1_628' title='bbox 2641 4339 2714 4402; x_wconf 83' lang='grc' dir='ltr'>ὡς</span> <span class='ocrx_word' id='word_1_629' title='bbox 2747 4338 3000 4401; x_wconf 84' lang='grc' dir='ltr'>ἐαλόντας</span> <span class='ocrx_word' id='word_1_630' title='bbox 3023 4339 3070 4370; x_wconf 71' lang='grc'><strong>³⁸</strong></span> <span class='ocrx_word' id='word_1_631' title='bbox 3098 4339 3189 4390; x_wconf 54' lang='grc' dir='ltr'><strong>ἐπὶ⁵</strong></span> <span class='ocrx_word' id='word_1_632' title='bbox 3215 4337 3450 4408; x_wconf 82' lang='grc' dir='ltr'>μυσαρῷ</span> <span class='ocrx_word' id='word_1_633' title='bbox 3482 4355 3582 4390; x_wconf 88' lang='grc' dir='ltr'>τινι</span> <span class='ocrx_word' id='word_1_634' title='bbox 3618 4338 3712 4389; x_wconf 72' lang='grc' dir='ltr'><strong>καὶ</strong></span> 
     </span>
    </p>
   </div>
   <div class='ocr_carea' id='block_1_92' title="bbox 451 4430 2026 4513">
    <p class='ocr_par' dir='ltr' id='par_1_92' title="bbox 451 4441 2026 4513">
     <span class='ocr_line' id='line_1_92' title="bbox 451 4441 2026 4513; baseline 0.004 -22"><span class='ocrx_word' id='word_1_635' title='bbox 451 4442 609 4508; x_wconf 84' lang='lat' dir='ltr'><strong>mini,</strong></span> <span class='ocrx_word' id='word_1_636' title='bbox 650 4459 845 4513; x_wconf 85' lang='lat' dir='ltr'><strong>magna</strong></span> <span class='ocrx_word' id='word_1_637' title='bbox 902 4457 1034 4498; x_wconf 88' lang='lat' dir='ltr'><strong>voce</strong></span> <span class='ocrx_word' id='word_1_638' title='bbox 1070 4442 1284 4509; x_wconf 88' lang='lat' dir='ltr'><strong>aiebat,</strong></span> <span class='ocrx_word' id='word_1_639' title='bbox 1345 4441 1596 4497; x_wconf 78' lang='lat' dir='ltr'><strong>infelices</strong></span> <span class='ocrx_word' id='word_1_640' title='bbox 1627 4483 1642 4507; x_wconf 93' lang='lat'><strong>,</strong></span> <span class='ocrx_word' id='word_1_641' title='bbox 1695 4442 2026 4498; x_wconf 89' lang='lat' dir='ltr'><strong>Arianorum</strong></span> 
     </span>
    </p>
   </div>
   <div class='ocr_carea' id='block_1_93' title="bbox 2129 4430 3714 4513">
    <p class='ocr_par' dir='ltr' id='par_1_93' title="bbox 2135 4430 3714 4505">
     <span class='ocr_line' id='line_1_93' title="bbox 2135 4430 3714 4505; baseline -0.003 -18"><span class='ocrx_word' id='word_1_642' title='bbox 2135 4435 2286 4505; x_wconf 81' lang='grc' dir='ltr'>νόμῳ</span> <span class='ocrx_word' id='word_1_643' title='bbox 2325 4431 2610 4503; x_wconf 86' lang='grc' dir='ltr'>Ῥωμαίων</span> <span class='ocrx_word' id='word_1_644' title='bbox 2639 4430 2839 4502; x_wconf 81' lang='grc' dir='ltr'>ἐχθρῷ,</span> <span class='ocrx_word' id='word_1_645' title='bbox 2873 4431 3130 4501; x_wconf 85' lang='grc' dir='ltr'>δημόσιον</span> <span class='ocrx_word' id='word_1_646' title='bbox 3173 4431 3361 4501; x_wconf 81' lang='grc' dir='ltr'>ὁρίσας</span> <span class='ocrx_word' id='word_1_647' title='bbox 3407 4433 3714 4502; x_wconf 75' lang='grc' dir='ltr'>κριτήριον,</span> 
     </span>
    </p>
   </div>
   <div class='ocr_carea' id='block_1_94' title="bbox 449 4533 2030 4605">
    <p class='ocr_par' dir='ltr' id='par_1_94' title="bbox 449 4533 2030 4605">
     <span class='ocr_line' id='line_1_94' title="bbox 449 4533 2030 4605; baseline 0.001 -17"><span class='ocrx_word' id='word_1_648' title='bbox 449 4534 736 4589; x_wconf 76' lang='lat' dir='ltr'><strong>sententia:</strong></span> <span class='ocrx_word' id='word_1_649' title='bbox 762 4533 1151 4605; x_wconf 89' lang='lat' dir='ltr'><strong>obsequimini.</strong></span> <span class='ocrx_word' id='word_1_650' title='bbox 1183 4533 1432 4604; x_wconf 73' lang='lat' dir='ltr'><strong>Ignoscet</strong></span> <span class='ocrx_word' id='word_1_651' title='bbox 1483 4534 1684 4605; x_wconf 90' lang='lat' dir='ltr'><strong>quippe</strong></span> <span class='ocrx_word' id='word_1_652' title='bbox 1733 4536 1888 4590; x_wconf 84' lang='lat' dir='ltr'><strong>vobis</strong></span> <span class='ocrx_word' id='word_1_653' title='bbox 1921 4535 2030 4591; x_wconf 85' lang='lat' dir='ltr'><strong>Nu-</strong></span> 
     </span>
    </p>
   </div>
   <div class='ocr_carea' id='block_1_95' title="bbox 452 4625 2026 4696">
    <p class='ocr_par' dir='ltr' id='par_1_95' title="bbox 452 4625 2026 4696">
     <span class='ocr_line' id='line_1_95' title="bbox 452 4625 2026 4696; baseline 0.004 -18"><span class='ocrx_word' id='word_1_654' title='bbox 452 4643 593 4690; x_wconf 87' lang='lat' dir='ltr'><strong>men,</strong></span> <span class='ocrx_word' id='word_1_655' title='bbox 625 4626 838 4680; x_wconf 87' lang='lat' dir='ltr'><strong>etiamsi</strong></span> <span class='ocrx_word' id='word_1_656' title='bbox 876 4642 998 4681; x_wconf 76' lang='lat' dir='ltr'><strong>vera</strong></span> <span class='ocrx_word' id='word_1_657' title='bbox 1038 4627 1108 4682; x_wconf 92' lang='lat' dir='ltr'><strong>sit</strong></span> <span class='ocrx_word' id='word_1_658' title='bbox 1139 4625 1331 4695; x_wconf 90' lang='lat' dir='ltr'><strong>religio</strong></span> <span class='ocrx_word' id='word_1_659' title='bbox 1362 4641 1526 4696; x_wconf 91' lang='lat' dir='ltr'><strong>quam</strong></span> <span class='ocrx_word' id='word_1_660' title='bbox 1552 4627 1760 4692; x_wconf 87' lang='lat' dir='ltr'><strong>colitis,</strong></span> <span class='ocrx_word' id='word_1_661' title='bbox 1801 4629 1893 4696; x_wconf 91' lang='lat' dir='ltr'><strong>qui</strong></span> <span class='ocrx_word' id='word_1_662' title='bbox 1918 4645 2026 4684; x_wconf 88' lang='lat' dir='ltr'><strong>non</strong></span> 
     </span>
    </p>
   </div>
   <div class='ocr_carea' id='block_1_96' title="bbox 451 4719 2030 4789">
    <p class='ocr_par' dir='ltr' id='par_1_96' title="bbox 451 4719 2030 4789">
     <span class='ocr_line' id='line_1_96' title="bbox 451 4719 2030 4789; baseline 0.008 -22"><span class='ocrx_word' id='word_1_663' title='bbox 451 4728 628 4773; x_wconf 83' lang='lat' dir='ltr'><strong>vestra</strong></span> <span class='ocrx_word' id='word_1_664' title='bbox 659 4727 874 4788; x_wconf 89' lang='lat' dir='ltr'><strong>sponte,</strong></span> <span class='ocrx_word' id='word_1_665' title='bbox 911 4719 1006 4774; x_wconf 88' lang='lat' dir='ltr'><strong>sed</strong></span> <span class='ocrx_word' id='word_1_666' title='bbox 1059 4720 1382 4775; x_wconf 88' lang='lat' dir='ltr'><strong>necessitate</strong></span> <span class='ocrx_word' id='word_1_667' title='bbox 1413 4720 1518 4774; x_wconf 89' lang='lat' dir='ltr'><strong>hoc</strong></span> <span class='ocrx_word' id='word_1_668' title='bbox 1547 4721 1791 4789; x_wconf 87' lang='lat' dir='ltr'><strong>egeritis.</strong></span> <span class='ocrx_word' id='word_1_669' title='bbox 1829 4722 2030 4780; x_wconf 83' lang='lat' dir='ltr'><strong>Neces-</strong></span> 
     </span>
    </p>
   </div>
   <div class='ocr_carea' id='block_1_97' title="bbox 453 4810 2031 4882">
    <p class='ocr_par' dir='ltr' id='par_1_97' title="bbox 453 4810 2031 4882">
     <span class='ocr_line' id='line_1_97' title="bbox 453 4810 2031 4882; baseline 0.005 -19"><span class='ocrx_word' id='word_1_670' title='bbox 453 4810 602 4868; x_wconf 78' lang='lat' dir='ltr'><strong>sitati</strong></span> <span class='ocrx_word' id='word_1_671' title='bbox 627 4812 772 4866; x_wconf 88' lang='lat' dir='ltr'><strong>enim</strong></span> <span class='ocrx_word' id='word_1_672' title='bbox 837 4811 1088 4866; x_wconf 81' lang='lat' dir='ltr'><strong>defensio</strong></span> <span class='ocrx_word' id='word_1_673' title='bbox 1138 4827 1351 4882; x_wconf 91' lang='lat' dir='ltr'><strong>semper</strong></span> <span class='ocrx_word' id='word_1_674' title='bbox 1415 4813 1789 4882; x_wconf 83' lang='lat' dir='ltr'><strong>relinquitur:</strong></span> <span class='ocrx_word' id='word_1_675' title='bbox 1847 4814 2031 4871; x_wconf 78' lang='lat' dir='ltr'><strong>liberze</strong></span> 
     </span>
    </p>
   </div>
   <div class='ocr_carea' id='block_1_98' title="bbox 453 4901 2030 4959">
    <p class='ocr_par' dir='ltr' id='par_1_98' title="bbox 453 4901 2030 4959">
     <span class='ocr_line' id='line_1_98' title="bbox 453 4901 2030 4959; baseline 0.005 -9"><span class='ocrx_word' id='word_1_676' title='bbox 453 4910 632 4955; x_wconf 82' lang='lat' dir='ltr'><strong>autem</strong></span> <span class='ocrx_word' id='word_1_677' title='bbox 688 4901 988 4956; x_wconf 82' lang='lat' dir='ltr'><strong>voluntatis</strong></span> <span class='ocrx_word' id='word_1_678' title='bbox 1045 4915 1232 4956; x_wconf 86' lang='lat' dir='ltr'><strong>comes</strong></span> <span class='ocrx_word' id='word_1_679' title='bbox 1291 4902 1592 4956; x_wconf 88' lang='lat' dir='ltr'><strong>accusatio.</strong></span> <span class='ocrx_word' id='word_1_680' title='bbox 1653 4903 1889 4958; x_wconf 80' lang='lat' dir='ltr'><strong>Proinde</strong></span> <span class='ocrx_word' id='word_1_681' title='bbox 1947 4905 2030 4959; x_wconf 85' lang='lat' dir='ltr'><strong>his</strong></span> 
     </span>
    </p>
   </div>
   <div class='ocr_carea' id='block_1_99' title="bbox 457 4993 2031 5064">
    <p class='ocr_par' dir='ltr' id='par_1_99' title="bbox 457 4993 2031 5064">
     <span class='ocr_line' id='line_1_99' title="bbox 457 4993 2031 5064; baseline 0.003 -18"><span class='ocrx_word' id='word_1_682' title='bbox 457 4993 763 5049; x_wconf 78' lang='lat' dir='ltr'><strong>rationibus</strong></span> <span class='ocrx_word' id='word_1_683' title='bbox 791 4993 862 5049; x_wconf 91' lang='lat' dir='ltr'><strong>ob</strong></span> <span class='ocrx_word' id='word_1_684' title='bbox 889 4993 1080 5050; x_wconf 89' lang='lat' dir='ltr'><strong>oculos</strong></span> <span class='ocrx_word' id='word_1_685' title='bbox 1112 4993 1332 5064; x_wconf 84' lang='lat' dir='ltr'><strong>positis,</strong></span> <span class='ocrx_word' id='word_1_686' title='bbox 1368 4994 1584 5062; x_wconf 87' lang='lat' dir='ltr'><strong>abjecta</strong></span> <span class='ocrx_word' id='word_1_687' title='bbox 1609 4996 1756 5049; x_wconf 89' lang='lat' dir='ltr'><strong>omni</strong></span> <span class='ocrx_word' id='word_1_688' title='bbox 1800 5007 2031 5050; x_wconf 88' lang='lat' dir='ltr'><strong>cuncta-</strong></span> 
     </span>
    </p>
   </div>
   <div class='ocr_carea' id='block_1_100' title="bbox 2140 4522 3716 4599">
    <p class='ocr_par' dir='ltr' id='par_1_100' title="bbox 2140 4522 3716 4599">
     <span class='ocr_line' id='line_1_100' title="bbox 2140 4522 3716 4599; baseline -0.005 -19"><span class='ocrx_word' id='word_1_689' title='bbox 2140 4525 2288 4599; x_wconf 83' lang='lat' dir='ltr'><strong>[l8l]</strong></span> <span class='ocrx_word' id='word_1_690' title='bbox 2326 4523 2763 4594; x_wconf 76' lang='grc' dir='ltr'>κατηνάγκαζεν,</span> <span class='ocrx_word' id='word_1_691' title='bbox 2793 4523 2893 4576; x_wconf 80' lang='grc' dir='ltr'>οὐκ</span> <span class='ocrx_word' id='word_1_692' title='bbox 2921 4522 3077 4587; x_wconf 84' lang='grc' dir='ltr'>εἰδὼς</span> <span class='ocrx_word' id='word_1_693' title='bbox 3116 4524 3240 4585; x_wconf 76' lang='grc' dir='ltr'>τοὺς</span> <span class='ocrx_word' id='word_1_694' title='bbox 3275 4523 3416 4594; x_wconf 79' lang='grc' dir='ltr'>ὑπὲρ</span> <span class='ocrx_word' id='word_1_695' title='bbox 3445 4523 3646 4592; x_wconf 79' lang='grc' dir='ltr'>ἀρετῆς</span> <span class='ocrx_word' id='word_1_696' title='bbox 3669 4523 3716 4554; x_wconf 78' lang='grc'><strong>³⁸</strong></span> 
     </span>
    </p>
   </div>
   <div class='ocr_carea' id='block_1_101' title="bbox 2137 4613 3721 4689">
    <p class='ocr_par' dir='ltr' id='par_1_101' title="bbox 2137 4613 3721 4689">
     <span class='ocr_line' id='line_1_101' title="bbox 2137 4613 3721 4689; baseline -0.004 -17"><span class='ocrx_word' id='word_1_697' title='bbox 2137 4615 2483 4689; x_wconf 75' lang='grc' dir='ltr'>Χριστιανῶν</span> <span class='ocrx_word' id='word_1_698' title='bbox 2509 4615 2731 4685; x_wconf 78' lang='grc' dir='ltr'>νόμους,</span> <span class='ocrx_word' id='word_1_699' title='bbox 2764 4613 2862 4684; x_wconf 76' lang='grc' dir='ltr'>τὴν</span> <span class='ocrx_word' id='word_1_700' title='bbox 2889 4613 3149 4687; x_wconf 73' lang='grc' dir='ltr'>πατρῴαν</span> <span class='ocrx_word' id='word_1_701' title='bbox 3179 4615 3330 4686; x_wconf 81' lang='grc' dir='ltr'><strong>παρά</strong></span> <span class='ocrx_word' id='word_1_702' title='bbox 3356 4615 3462 4668; x_wconf 86' lang='grc' dir='ltr'><strong>τῶν</strong></span> <span class='ocrx_word' id='word_1_703' title='bbox 3484 4615 3721 4668; x_wconf 76' lang='grc' dir='ltr'>ἀποστόο</span> 
     </span>
    </p>
   </div>
   <div class='ocr_carea' id='block_1_102' title="bbox 2135 4705 3722 4778">
    <p class='ocr_par' dir='ltr' id='par_1_102' title="bbox 2135 4705 3722 4778">
     <span class='ocr_line' id='line_1_102' title="bbox 2135 4705 3722 4778; baseline -0.003 -15"><span class='ocrx_word' id='word_1_704' title='bbox 2135 4711 2245 4763; x_wconf 86' lang='grc' dir='ltr'><strong>λων</strong></span> <span class='ocrx_word' id='word_1_705' title='bbox 2279 4708 2366 4762; x_wconf 75' lang='grc' dir='ltr'>διὰ</span> <span class='ocrx_word' id='word_1_706' title='bbox 2407 4705 2515 4760; x_wconf 84' lang='grc' dir='ltr'><strong>τῶν</strong></span> <span class='ocrx_word' id='word_1_707' title='bbox 2549 4709 2800 4778; x_wconf 82' lang='grc' dir='ltr'>πατέρων</span> <span class='ocrx_word' id='word_1_708' title='bbox 2833 4706 3189 4760; x_wconf 84' lang='grc' dir='ltr'>ἀποδοθεῖσαν</span> <span class='ocrx_word' id='word_1_709' title='bbox 3224 4709 3356 4778; x_wconf 62' lang='grc' dir='ltr'><strong>⁴ἡμῖν</strong></span> <span class='ocrx_word' id='word_1_710' title='bbox 3409 4705 3722 4776; x_wconf 78' lang='grc' dir='ltr'>προδιδόναι</span> 
     </span>
    </p>
   </div>
   <div class='ocr_carea' id='block_1_103' title="bbox 2139 4798 3722 4873">
    <p class='ocr_par' dir='ltr' id='par_1_103' title="bbox 2139 4798 3722 4873">
     <span class='ocr_line' id='line_1_103' title="bbox 2139 4798 3722 4873; baseline -0.004 -15"><span class='ocrx_word' id='word_1_711' title='bbox 2139 4805 2346 4867; x_wconf 87' lang='grc' dir='ltr'>πίστιν,</span> <span class='ocrx_word' id='word_1_712' title='bbox 2369 4801 2628 4873; x_wconf 81' lang='grc' dir='ltr'>ἡδόμενον</span> <span class='ocrx_word' id='word_1_713' title='bbox 2657 4800 2748 4851; x_wconf 76' lang='grc' dir='ltr'><strong>ἐπὶ</strong></span> <span class='ocrx_word' id='word_1_714' title='bbox 2772 4799 2947 4870; x_wconf 84' lang='grc' dir='ltr'>τούτῳ</span> <span class='ocrx_word' id='word_1_715' title='bbox 2977 4799 3069 4852; x_wconf 70' lang='grc' dir='ltr'><strong>καὶ</strong></span> <span class='ocrx_word' id='word_1_716' title='bbox 3095 4801 3186 4851; x_wconf 82' lang='grc' dir='ltr'>τὸν</span> <span class='ocrx_word' id='word_1_717' title='bbox 3207 4798 3722 4868; x_wconf 82' lang='grc' dir='ltr'>φιλανθρωπότατον</span> 
     </span>
    </p>
   </div>
   <div class='ocr_carea' id='block_1_104' title="bbox 2139 4890 3724 4968">
    <p class='ocr_par' dir='ltr' id='par_1_104' title="bbox 2139 4890 3724 4968">
     <span class='ocr_line' id='line_1_104' title="bbox 2139 4890 3724 4968; baseline -0.006 -16"><span class='ocrx_word' id='word_1_718' title='bbox 2139 4899 2446 4968; x_wconf 75' lang='grc' dir='ltr'>Αθγουστον</span> <span class='ocrx_word' id='word_1_719' title='bbox 2497 4895 2737 4948; x_wconf 87' lang='grc' dir='ltr'>Βάλεντα</span> <span class='ocrx_word' id='word_1_720' title='bbox 2805 4893 3303 4964; x_wconf 82' lang='grc' dir='ltr'>διισχυριζόμενος,</span> <span class='ocrx_word' id='word_1_721' title='bbox 3367 4909 3386 4944; x_wconf 75' lang='grc' dir='ltr'>ι</span> <span class='ocrx_word' id='word_1_722' title='bbox 3428 4890 3724 4962; x_wconf 80' lang='grc' dir='ltr'>Πείσθητε,</span> 
     </span>
    </p>
   </div>
   <div class='ocr_carea' id='block_1_105' title="bbox 2144 4983 3724 5058">
    <p class='ocr_par' dir='ltr' id='par_1_105' title="bbox 2144 4983 3724 5058">
     <span class='ocr_line' id='line_1_105' title="bbox 2144 4983 3724 5058; baseline -0.005 -14"><span class='ocrx_word' id='word_1_723' title='bbox 2144 4991 2396 5054; x_wconf 83' lang='grc' dir='ltr'>τάλανες,</span> <span class='ocrx_word' id='word_1_724' title='bbox 2428 4987 2602 5056; x_wconf 80' lang='grc' dir='ltr'>λέγων</span> <span class='ocrx_word' id='word_1_725' title='bbox 2643 4985 2852 5058; x_wconf 79' lang='grc' dir='ltr'>μεγάλῃ</span> <span class='ocrx_word' id='word_1_726' title='bbox 2908 4987 2974 5056; x_wconf 78' lang='grc' dir='ltr'>τῇ</span> <span class='ocrx_word' id='word_1_727' title='bbox 3003 4987 3128 5056; x_wconf 75' lang='grc' dir='ltr'>βοῇ,</span> <span class='ocrx_word' id='word_1_728' title='bbox 3159 4984 3237 5056; x_wconf 81' lang='grc' dir='ltr'>τῷ</span> <span class='ocrx_word' id='word_1_729' title='bbox 3275 4984 3382 5038; x_wconf 91' lang='grc' dir='ltr'><strong>τῶν</strong></span> <span class='ocrx_word' id='word_1_730' title='bbox 3423 4983 3724 5054; x_wconf 81' lang='grc' dir='ltr'>Ἀρειανῶν</span> 
     </span>
    </p>
   </div>
   <div class='ocr_carea' id='block_1_106' title="bbox 1744 5187 2434 5247">
    <p class='ocr_par' dir='ltr' id='par_1_106' title="bbox 1744 5187 2434 5247">
     <span class='ocr_line' id='line_1_106' title="bbox 1744 5187 2434 5247; baseline 0.004 -3"><span class='ocrx_word' id='word_1_731' title='bbox 1744 5187 1976 5244; x_wconf 66' lang='lat' dir='ltr'><strong>VARI/[‘3</strong></span> <span class='ocrx_word' id='word_1_732' title='bbox 2033 5189 2434 5247; x_wconf 73' lang='lat' dir='ltr'><strong>LECTIONES.</strong></span> 
     </span>
    </p>
   </div>
   <div class='ocr_carea' id='block_1_107' title="bbox 525 5284 1644 5354">
    <p class='ocr_par' dir='ltr' id='par_1_107' title="bbox 525 5284 1644 5354">
     <span class='ocr_line' id='line_1_107' title="bbox 525 5284 1644 5354; baseline -0.003 -14"><span class='ocrx_word' id='word_1_733' title='bbox 525 5287 570 5320; x_wconf 79' lang='lat'><strong>”</strong></span> <span class='ocrx_word' id='word_1_734' title='bbox 599 5287 693 5340; x_wconf 68' lang='grc' dir='ltr'><strong>ἐπὶ</strong></span> <span class='ocrx_word' id='word_1_735' title='bbox 737 5290 846 5349; x_wconf 88' lang='grc' dir='ltr'>τοῖς</span> <span class='ocrx_word' id='word_1_736' title='bbox 873 5285 968 5338; x_wconf 77' lang='grc' dir='ltr'><strong>τοῦ</strong></span> <span class='ocrx_word' id='word_1_737' title='bbox 996 5286 1116 5354; x_wconf 84' lang='grc' dir='ltr'>τῆς,</span> <span class='ocrx_word' id='word_1_738' title='bbox 1148 5293 1259 5354; x_wconf 77' lang='lat' dir='ltr'><strong>etc.</strong></span> <span class='ocrx_word' id='word_1_739' title='bbox 1316 5284 1434 5337; x_wconf 80' lang='lat' dir='ltr'><strong>Pini</strong></span> <span class='ocrx_word' id='word_1_740' title='bbox 1491 5284 1644 5339; x_wconf 81' lang='lat' dir='ltr'><strong>liber.</strong></span> 
     </span>
    </p>
   </div>
   <div class='ocr_carea' id='block_1_108' title="bbox 459 5353 1957 5426">
    <p class='ocr_par' dir='ltr' id='par_1_108' title="bbox 459 5353 1957 5426">
     <span class='ocr_line' id='line_1_108' title="bbox 459 5353 1957 5426; baseline -0.003 -14"><span class='ocrx_word' id='word_1_741' title='bbox 459 5356 600 5412; x_wconf 87' lang='grc' dir='ltr'><strong>κατά</strong></span> <span class='ocrx_word' id='word_1_742' title='bbox 652 5356 744 5426; x_wconf 80' lang='grc' dir='ltr'><strong>τοῦ</strong></span> <span class='ocrx_word' id='word_1_743' title='bbox 773 5357 910 5412; x_wconf 88' lang='grc' dir='ltr'>Σωτ.</span> <span class='ocrx_word' id='word_1_744' title='bbox 946 5353 1123 5426; x_wconf 89' lang='grc' dir='ltr'>πεμπ.</span> <span class='ocrx_word' id='word_1_745' title='bbox 1161 5353 1564 5426; x_wconf 80' lang='grc' dir='ltr'>βλασφημίαις.</span> <span class='ocrx_word' id='word_1_746' title='bbox 1593 5355 1711 5409; x_wconf 85' lang='lat' dir='ltr'><strong>Pini</strong></span> <span class='ocrx_word' id='word_1_747' title='bbox 1763 5355 1957 5426; x_wconf 71' lang='lat' dir='ltr'><strong>codex.</strong></span> 
     </span>
    </p>
   </div>
   <div class='ocr_carea' id='block_1_109' title="bbox 465 5493 1476 5568">
    <p class='ocr_par' dir='ltr' id='par_1_109' title="bbox 465 5493 1476 5568">
     <span class='ocr_line' id='line_1_109' title="bbox 465 5493 1476 5568; baseline -0.004 -16"><span class='ocrx_word' id='word_1_748' title='bbox 465 5499 656 5568; x_wconf 83' lang='lat' dir='ltr'><strong>Steph.</strong></span> <span class='ocrx_word' id='word_1_749' title='bbox 690 5498 1058 5568; x_wconf 12' lang='lat' dir='ltr'><strong>Qiexceperis,</strong></span> <span class='ocrx_word' id='word_1_750' title='bbox 1090 5511 1216 5551; x_wconf 90' lang='lat' dir='ltr'><strong>eum</strong></span> <span class='ocrx_word' id='word_1_751' title='bbox 1249 5493 1476 5568; x_wconf 71' lang='lat' dir='ltr'><strong>Niceph.</strong></span> 
     </span>
    </p>
   </div>
   <div class='ocr_carea' id='block_1_110' title="bbox 1723 5284 2547 5354">
    <p class='ocr_par' dir='ltr' id='par_1_110' title="bbox 1723 5284 2547 5354">
     <span class='ocr_line' id='line_1_110' title="bbox 1723 5284 2547 5354; baseline 0.007 -20"><span class='ocrx_word' id='word_1_752' title='bbox 1723 5287 1765 5316; x_wconf 80' lang='lat'><strong>&quot;</strong></span> <span class='ocrx_word' id='word_1_753' title='bbox 1811 5284 2084 5338; x_wconf 80' lang='grc' dir='ltr'>Ἰωόιανοῦ</span> <span class='ocrx_word' id='word_1_754' title='bbox 2116 5286 2242 5340; x_wconf 88' lang='lat' dir='ltr'><strong>Bas.</strong></span> <span class='ocrx_word' id='word_1_755' title='bbox 2278 5298 2332 5340; x_wconf 91' lang='lat' dir='ltr'><strong>et</strong></span> <span class='ocrx_word' id='word_1_756' title='bbox 2355 5286 2547 5354; x_wconf 79' lang='lat' dir='ltr'><strong>Steph.</strong></span> 
     </span>
    </p>
   </div>
   <div class='ocr_carea' id='block_1_111' title="bbox 2074 5348 3732 5424">
    <p class='ocr_par' dir='ltr' id='par_1_111' title="bbox 2074 5348 3732 5424">
     <span class='ocr_line' id='line_1_111' title="bbox 2074 5348 3732 5424; baseline 0.004 -16"><span class='ocrx_word' id='word_1_757' title='bbox 2074 5357 2119 5388; x_wconf 66' lang='grc'><strong>³⁵</strong></span> <span class='ocrx_word' id='word_1_758' title='bbox 2149 5357 2225 5408; x_wconf 89' lang='lat' dir='ltr'><strong>lta</strong></span> <span class='ocrx_word' id='word_1_759' title='bbox 2260 5365 2314 5410; x_wconf 90' lang='lat' dir='ltr'><strong>et</strong></span> <span class='ocrx_word' id='word_1_760' title='bbox 2364 5348 2482 5410; x_wconf 55' lang='lat' dir='ltr'><strong>Pin&#39;i</strong></span> <span class='ocrx_word' id='word_1_761' title='bbox 2537 5356 2691 5419; x_wconf 90' lang='lat' dir='ltr'><strong>liber,</strong></span> <span class='ocrx_word' id='word_1_762' title='bbox 2724 5348 2892 5424; x_wconf 79' lang='lat' dir='ltr'><strong>Steph</strong></span> <span class='ocrx_word' id='word_1_763' title='bbox 2954 5352 2990 5424; x_wconf 70' lang='lat'><strong>2</strong></span> <span class='ocrx_word' id='word_1_764' title='bbox 3018 5360 3072 5404; x_wconf 85' lang='lat' dir='ltr'><strong>et</strong></span> <span class='ocrx_word' id='word_1_765' title='bbox 3101 5348 3355 5424; x_wconf 80' lang='lat' dir='ltr'><strong>Niceph.,</strong></span> <span class='ocrx_word' id='word_1_766' title='bbox 3396 5355 3542 5400; x_wconf 58' lang='lat' dir='ltr'><strong>recte</strong></span> <span class='ocrx_word' id='word_1_767' title='bbox 3593 5361 3732 5424; x_wconf 63' lang='grc' dir='ltr'><strong>[ποτ</strong></span> 
     </span>
    </p>
   </div>
   <div class='ocr_carea' id='block_1_112' title="bbox 461 5424 3528 5499">
    <p class='ocr_par' dir='ltr' id='par_1_112' title="bbox 461 5424 3528 5499">
     <span class='ocr_line' id='line_1_112' title="bbox 461 5424 3528 5499; baseline -0.005 -17"><span class='ocrx_word' id='word_1_768' title='bbox 461 5431 622 5483; x_wconf 87' lang='lat' dir='ltr'><strong>hante</strong></span> <span class='ocrx_word' id='word_1_769' title='bbox 671 5425 906 5499; x_wconf 59' lang='lat' dir='ltr'><strong>Yalesio.</strong></span> <span class='ocrx_word' id='word_1_770' title='bbox 966 5424 1070 5499; x_wconf 81' lang='lat' dir='ltr'><strong>Sed</strong></span> <span class='ocrx_word' id='word_1_771' title='bbox 1125 5442 1184 5479; x_wconf 91' lang='grc' dir='ltr'><strong>π.</strong></span> <span class='ocrx_word' id='word_1_772' title='bbox 1239 5424 1348 5499; x_wconf 55' lang='grc' dir='ltr'><strong>γαρ</strong></span> <span class='ocrx_word' id='word_1_773' title='bbox 1405 5425 1502 5499; x_wconf 78' lang='grc' dir='ltr'><strong>οὐχ</strong></span> <span class='ocrx_word' id='word_1_774' title='bbox 1533 5427 1748 5499; x_wconf 82' lang='lat' dir='ltr'><strong>,babent</strong></span> <span class='ocrx_word' id='word_1_775' title='bbox 1801 5425 1922 5480; x_wconf 86' lang='lat' dir='ltr'><strong>Bas.</strong></span> <span class='ocrx_word' id='word_1_776' title='bbox 1949 5442 2086 5499; x_wconf 85' lang='lat' dir='ltr'><strong>eum</strong></span> <span class='ocrx_word' id='word_1_777' title='bbox 2141 5426 2328 5499; x_wconf 70' lang='lat' dir='ltr'><strong>Steph.</strong></span> <span class='ocrx_word' id='word_1_778' title='bbox 2417 5427 2486 5499; x_wconf 81' lang='lat'><strong>_&quot;</strong></span> <span class='ocrx_word' id='word_1_779' title='bbox 2518 5427 2834 5499; x_wconf 59' lang='grc' dir='ltr'>προσφάτῳ</span> <span class='ocrx_word' id='word_1_780' title='bbox 2868 5424 3094 5499; x_wconf 78' lang='lat' dir='ltr'><strong>_habeut</strong></span> <span class='ocrx_word' id='word_1_781' title='bbox 3137 5424 3361 5499; x_wconf 74' lang='lat' dir='ltr'><strong>codices</strong></span> <span class='ocrx_word' id='word_1_782' title='bbox 3405 5431 3528 5499; x_wconf 57' lang='lat' dir='ltr'><strong>plur</strong></span> 
     </span>
    </p>
   </div>
   <div class='ocr_carea' id='block_1_113' title="bbox 1559 5485 3732 5566">
    <p class='ocr_par' dir='ltr' id='par_1_113' title="bbox 1559 5485 3732 5566">
     <span class='ocr_line' id='line_1_113' title="bbox 1559 5485 3732 5566; baseline -0.005 -15"><span class='ocrx_word' id='word_1_783' title='bbox 1559 5498 1606 5529; x_wconf 80' lang='lat'><strong>&quot;</strong></span> <span class='ocrx_word' id='word_1_784' title='bbox 1629 5498 1826 5566; x_wconf 82' lang='grc' dir='ltr'>τολμῇ,</span> <span class='ocrx_word' id='word_1_785' title='bbox 1859 5499 1888 5550; x_wconf 87' lang='grc' dir='ltr'>ὁ</span> <span class='ocrx_word' id='word_1_786' title='bbox 1911 5498 2125 5566; x_wconf 88' lang='grc' dir='ltr'>ἀλιτήρ.</span> <span class='ocrx_word' id='word_1_787' title='bbox 2151 5485 2329 5550; x_wconf 62' lang='grc' dir='ltr'>σέϐειν</span> <span class='ocrx_word' id='word_1_788' title='bbox 2352 5496 2528 5566; x_wconf 78' lang='grc' dir='ltr'>τολμᾷ</span> <span class='ocrx_word' id='word_1_789' title='bbox 2554 5485 2706 5548; x_wconf 63' lang='grc' dir='ltr'>εὸεόνξ</span> <span class='ocrx_word' id='word_1_790' title='bbox 2740 5485 3101 5566; x_wconf 14' lang='grc' dir='ltr'>ὃίὲγῦρειιιιμί).</span> <span class='ocrx_word' id='word_1_791' title='bbox 3139 5489 3380 5566; x_wconf 65' lang='lat' dir='ltr'><strong>itemque</strong></span> <span class='ocrx_word' id='word_1_792' title='bbox 3401 5485 3732 5566; x_wconf 55' lang='lat' dir='ltr'><strong>Christoph.</strong></span> 
     </span>
    </p>
   </div>
   <div class='ocr_carea' id='block_1_114' title="bbox 2641 5273 3728 5353">
    <p class='ocr_par' dir='ltr' id='par_1_114' title="bbox 2641 5273 3728 5353">
     <span class='ocr_line' id='line_1_114' title="bbox 2641 5273 3728 5353; baseline -0.012 -15"><span class='ocrx_word' id='word_1_793' title='bbox 2641 5286 2686 5315; x_wconf 84' lang='grc'>¹¹</span> <span class='ocrx_word' id='word_1_794' title='bbox 2721 5281 2991 5353; x_wconf 81' lang='grc' dir='ltr'>ἀληθινῶς</span> <span class='ocrx_word' id='word_1_795' title='bbox 3043 5278 3228 5353; x_wconf 79' lang='lat' dir='ltr'><strong>iidem.</strong></span> <span class='ocrx_word' id='word_1_796' title='bbox 3276 5278 3348 5353; x_wconf 77' lang='lat'><strong>_&quot;</strong></span> <span class='ocrx_word' id='word_1_797' title='bbox 3382 5295 3434 5346; x_wconf 91' lang='grc' dir='ltr'><strong>χ.</strong></span> <span class='ocrx_word' id='word_1_798' title='bbox 3475 5273 3569 5327; x_wconf 76' lang='grc' dir='ltr'><strong>ἐπὶ</strong></span> <span class='ocrx_word' id='word_1_799' title='bbox 3601 5276 3728 5338; x_wconf 82' lang='grc' dir='ltr'>ταῖς</span> 
     </span>
    </p>
   </div>
   <div class='ocr_carea' id='block_1_115' title="bbox 2441 5417 3732 5495">
    <p class='ocr_par' dir='ltr' id='par_1_115' title="bbox 2441 5417 3732 5495">
     <span class='ocr_line' id='line_1_115' title="bbox 2441 5417 3732 5495; baseline -0.012 -15"><span class='ocrx_word' id='word_1_800' title='bbox 2441 5427 2486 5457; x_wconf 77' lang='grc'><strong><em>’⁵</em></strong></span> <span class='ocrx_word' id='word_1_801' title='bbox 2535 5417 2838 5495; x_wconf 66' lang='grc' dir='ltr'>προσφάτῴ</span> <span class='ocrx_word' id='word_1_802' title='bbox 2873 5423 3094 5495; x_wconf 83' lang='lat' dir='ltr'><strong>habent</strong></span> <span class='ocrx_word' id='word_1_803' title='bbox 3137 5421 3361 5495; x_wconf 79' lang='lat' dir='ltr'><strong>codices</strong></span> <span class='ocrx_word' id='word_1_804' title='bbox 3408 5431 3627 5495; x_wconf 60' lang='lat' dir='ltr'><strong>omnes,</strong></span> <span class='ocrx_word' id='word_1_805' title='bbox 3666 5417 3732 5495; x_wconf 79' lang='lat' dir='ltr'><strong>_si</strong></span> 
     </span>
    </p>
   </div>
   <div class='ocr_carea' id='block_1_116' title="bbox 466 5551 3734 5646">
    <p class='ocr_par' dir='ltr' id='par_1_116' title="bbox 466 5551 3734 5646">
     <span class='ocr_line' id='line_1_116' title="bbox 466 5551 3734 5646; baseline -0.002 -24"><span class='ocrx_word' id='word_1_806' title='bbox 466 5551 740 5646; x_wconf 38' lang='lat' dir='ltr'><strong>iiisir‘quod</strong></span> <span class='ocrx_word' id='word_1_807' title='bbox 763 5551 853 5646; x_wconf 72' lang='lat' dir='ltr'><strong>hic</strong></span> <span class='ocrx_word' id='word_1_808' title='bbox 887 5551 1086 5646; x_wconf 65' lang='lat' dir='ltr'><strong>habeat</strong></span> <span class='ocrx_word' id='word_1_809' title='bbox 1116 5582 1242 5646; x_wconf 85' lang='lat' dir='ltr'><strong>_cu_m</strong></span> <span class='ocrx_word' id='word_1_810' title='bbox 1271 5551 1489 5646; x_wconf 57' lang='lat' dir='ltr'><strong>caeteris</strong></span> <span class='ocrx_word' id='word_1_811' title='bbox 1516 5566 1676 5622; x_wconf 87' lang='lat' dir='ltr'><strong>codd.</strong></span> <span class='ocrx_word' id='word_1_812' title='bbox 1696 5551 2019 5646; x_wconf 43' lang='lat' dir='ltr'><strong>et&#39;ﬁiceph.</strong></span> <span class='ocrx_word' id='word_1_813' title='bbox 2057 5551 2272 5646; x_wconf 42' lang='grc' dir='ltr'><strong>’θέο-η</strong></span> <span class='ocrx_word' id='word_1_814' title='bbox 2316 5568 2358 5598; x_wconf 79' lang='grc'>’⁷</span> <span class='ocrx_word' id='word_1_815' title='bbox 2388 5551 2707 5646; x_wconf 36' lang='grc' dir='ltr'><strong>,ΙιὶιῚι-ράμξιι</strong></span> <span class='ocrx_word' id='word_1_816' title='bbox 2736 5563 3003 5646; x_wconf 74' lang='lat' dir='ltr'><strong>Pini._Sed</strong></span> <span class='ocrx_word' id='word_1_817' title='bbox 3035 5559 3189 5646; x_wconf 40' lang='lat' dir='ltr'><strong>Bas:-</strong></span> <span class='ocrx_word' id='word_1_818' title='bbox 3209 5551 3734 5646; x_wconf 39' lang='grc' dir='ltr'><strong>ξιριώίτςξΔ</strong></span> 
     </span>
    </p>
   </div>
   <div class='ocr_carea' id='block_1_117' title="bbox 465 5637 720 5705">
    <p class='ocr_par' dir='ltr' id='par_1_117' title="bbox 465 5637 720 5705">
     <span class='ocr_line' id='line_1_117' title="bbox 465 5637 720 5705; baseline 0.008 -15"><span class='ocrx_word' id='word_1_819' title='bbox 465 5638 530 5690; x_wconf 82' lang='grc' dir='ltr'>Σε</span> <span class='ocrx_word' id='word_1_820' title='bbox 542 5637 720 5705; x_wconf 82' lang='grc' dir='ltr'>ράπις.</span> 
     </span>
    </p>
   </div>
   <div class='ocr_carea' id='block_1_118' title="bbox 465 5704 1430 5776">
    <p class='ocr_par' dir='ltr' id='par_1_118' title="bbox 465 5704 1430 5776">
     <span class='ocr_line' id='line_1_118' title="bbox 465 5704 1430 5776; baseline 0 -20"><span class='ocrx_word' id='word_1_821' title='bbox 465 5704 702 5776; x_wconf 68' lang='lat' dir='ltr'><strong>queque.</strong></span> <span class='ocrx_word' id='word_1_822' title='bbox 813 5706 858 5738; x_wconf 76' lang='grc'><strong>⁸⁸</strong></span> <span class='ocrx_word' id='word_1_823' title='bbox 881 5705 981 5766; x_wconf 76' lang='grc' dir='ltr'>τῆς,</span> <span class='ocrx_word' id='word_1_824' title='bbox 1010 5705 1213 5775; x_wconf 75' lang='grc' dir='ltr'>ἀρετῆς</span> <span class='ocrx_word' id='word_1_825' title='bbox 1242 5704 1430 5760; x_wconf 87' lang='lat' dir='ltr'><strong>iidem.</strong></span> 
     </span>
    </p>
   </div>
   <div class='ocr_carea' id='block_1_119' title="bbox 801 5636 2443 5708">
    <p class='ocr_par' dir='ltr' id='par_1_119' title="bbox 801 5636 2443 5708">
     <span class='ocr_line' id='line_1_119' title="bbox 801 5636 2443 5708; baseline 0.004 -20"><span class='ocrx_word' id='word_1_826' title='bbox 801 5638 851 5708; x_wconf 13' lang='grc' dir='ltr'><strong>’ξεί</strong></span> <span class='ocrx_word' id='word_1_827' title='bbox 868 5636 1082 5708; x_wconf 72' lang='grc' dir='ltr'>εἴδωλον</span> <span class='ocrx_word' id='word_1_828' title='bbox 1116 5637 1318 5708; x_wconf 75' lang='lat' dir='ltr'><strong>habent</strong></span> <span class='ocrx_word' id='word_1_829' title='bbox 1345 5636 1531 5704; x_wconf 87' lang='lat' dir='ltr'><strong>codd.,</strong></span> <span class='ocrx_word' id='word_1_830' title='bbox 1564 5639 1710 5708; x_wconf 87' lang='lat' dir='ltr'><strong>quod</strong></span> <span class='ocrx_word' id='word_1_831' title='bbox 1744 5642 1881 5705; x_wconf 80' lang='lat' dir='ltr'><strong>scio,</strong></span> <span class='ocrx_word' id='word_1_832' title='bbox 1911 5636 2100 5696; x_wconf 82' lang='lat' dir='ltr'><strong>omnes</strong></span> <span class='ocrx_word' id='word_1_833' title='bbox 2135 5636 2188 5695; x_wconf 75' lang='lat' dir='ltr'><strong>et</strong></span> <span class='ocrx_word' id='word_1_834' title='bbox 2215 5636 2443 5707; x_wconf 75' lang='lat' dir='ltr'><strong>Niceph.</strong></span> 
     </span>
    </p>
   </div>
   <div class='ocr_carea' id='block_1_120' title="bbox 2550 5626 3738 5700">
    <p class='ocr_par' dir='ltr' id='par_1_120' title="bbox 2550 5626 3738 5700">
     <span class='ocr_line' id='line_1_120' title="bbox 2550 5626 3738 5700; baseline -0.006 -9"><span class='ocrx_word' id='word_1_835' title='bbox 2550 5636 2594 5668; x_wconf 75' lang='grc' dir='ltr'><strong>ἰ’</strong></span> <span class='ocrx_word' id='word_1_836' title='bbox 2617 5635 2840 5700; x_wconf 77' lang='grc' dir='ltr'>ἁλόντας</span> <span class='ocrx_word' id='word_1_837' title='bbox 2884 5634 3011 5690; x_wconf 87' lang='lat' dir='ltr'><strong>Bas.</strong></span> <span class='ocrx_word' id='word_1_838' title='bbox 3042 5640 3096 5687; x_wconf 89' lang='lat' dir='ltr'><strong>et</strong></span> <span class='ocrx_word' id='word_1_839' title='bbox 3134 5626 3352 5700; x_wconf 66' lang='lat' dir='ltr'><strong>Stephl,</strong></span> <span class='ocrx_word' id='word_1_840' title='bbox 3379 5626 3738 5698; x_wconf 62' lang='lat' dir='ltr'><strong>Nicephorus</strong></span> 
     </span>
    </p>
   </div>
  </div>
