4032 6192
347 245 492 316 ῙΞἺ3

1293 252 1878 313 Εεειεειλετιαε
1911 255 2291 315 HIS'I‘ORLE
2325 255 2468 313 LIB.
2507 253 2602 311 [Υ.

3460 246 3604 312 1174

347 367 676 436 φρονήματι,
712 361 990 433 πείσθητε.
1043 364 1494 435 Συγγνυμονήσει
1544 365 1652 436 γάρ
1701 367 1826 434 ὑμῖν
1857 368 1915 418 τὸ

2021 368 2200 428 tione,
2244 365 2421 418 venite
2458 365 2708 424 alacres,
2746 366 2800 413 et
2857 357 3060 411 Ariano
3116 357 3392 426 dogmati,
3447 365 3590 430 quod

348 456 524 518 Θείον,
553 453 653 508 κᾶν
689 454 865 524 ἀληθῆ
915 457 1108 524 σέϐητε
1135 455 1175 485 ³¹
1229 453 1544 524 Θρησκείαν,
1594 457 1693 508 οὑκ
1724 455 1914 508 αὐθαι-

353 545 543 614 ρέτως,
594 545 729 598 ἀλλὰ
762 544 896 615 πρὸς
934 545 1177 613 ἀνάγκην
1218 544 1374 598 τοῦτο
1407 545 1665 616 πράξασι.
1701 547 1778 616 Τῇ
1819 546 1915 616 μὲν

351 636 457 706 γὰρ
477 635 687 706 ἀνάγκη
707 634 968 702 ἀπολογία
995 634 1389 704 περιλείπεται,
1420 636 1497 705 τῷ
1527 636 1580 688 δὲ
1613 636 1916 708 αὑθαιρέτῳ

353 727 633 780 ἀκολουθεῖ
682 726 999 796 κατηγορία.
1037 725 1127 776 Διὸ
1172 725 1444 788 τοιούτους
1473 727 1765 796 λογισμοὺς
1812 726 1917 798 πρὸ

352 817 647 887 ἑρθαλμῶν
689 817 978 887 τιθέμενοι,
1023 818 1184 887 ἥκετε
1219 817 1508 887 πρόθυμοι,
1546 817 1850 888 μελλησμδν
1873 820 1915 850 ιι

355 908 677 976 ἀποθέμενοι
724 907 934 970 πάντα,
975 907 1052 976 τῷ
1104 907 1314 976 Ἀρείου
1373 907 1781 977 ὑπογράφοντες
1831 909 1918 962 δό-

353 1016 540 1067 γματι,
569 998 595 1049 ὃ
623 997 717 1050 νῦν
750 995 1006 1068 κηρύττει
1041 996 1320 1067 (ὀνομαστὶ
1352 996 1548 1067 λέγων)
1581 998 1829 1064 Λούκιος,
1856 995 1913 1053 εὑ

353 1087 551 1148 εἰδότες
586 1086 660 1147 ὡς
693 1084 1110 1154 πειθαρχοῦντες
1137 1085 1412 1154 χρήματα,
1445 1084 1538 1136 καὶ
1569 1084 1788 1154 πόρους,
1823 1085 1916 1137 καὶ

352 1179 487 1248 γέρα
543 1176 693 1247 παρὰ
746 1175 1006 1247 βασιλέων
1027 1175 1072 1206 ³³
1118 1175 1303 1240 ἓξεκτε·
1362 1175 1785 1244 ἀπαναινόμενοι
1835 1176 1912 1240 δὲ,

352 1268 593 1337 εἱρκτῆς,
637 1267 730 1318 καὶ
781 1263 1184 1336 στρεϐλώσεων,
1225 1265 1320 1316 καὶ
1373 1263 1640 1333 βασάνων,
1681 1265 1776 1317 καὶ
1815 1283 1916 1334 μα-

354 1361 572 1430 στίγων,
624 1361 718 1412 καὶ
757 1359 1138 1430 δαμαστηρίων
1189 1361 1382 1430 πεῖραν
1423 1359 1745 1430 λήψεσθευι,
1782 1377 1917 1430 χρη-

354 1453 539 1520 μάτων
561 1451 696 1521 ὁμοῦ
722 1453 814 1504 καὶ
843 1451 1138 1521 κτημάτων
1170 1449 1542 1521 στερηθέντες,
1567 1452 1661 1504 καὶ
1690 1453 1786 1520 τῆς
1817 1469 1918 1504 πα-

351 1543 527 1614 τρίδος
563 1543 1020 1613 μεταναστάντες,
1055 1543 1134 1605 εἰς
1175 1542 1441 1612 χαλεποὺς
1471 1543 1690 1613 οἰκῆσαι
1720 1544 1918 1607 τόπους

350 1633 841 1704 κατακριθήσεσθε.
896 1652 916 1686 ›
989 1631 1128 1686 Ἀλλ’
1189 1627 1344 1696 οὗτος
1409 1633 1507 1704 μὲν
1557 1635 1585 1686 6
1647 1637 1912 1703 γενναῖος,

2023 455 2226 510 Lucius
2261 454 2524 525 (nomine
2569 448 2893 521 appellans)
2939 463 3086 502 nunc
3135 448 3417 518 praedicat,
3458 453 3590 508 sub-

2023 548 2246 603 scribite
2281 566 2291 600 :
2325 555 2666 614 cntnpertum
2694 544 2957 597 habentes
2993 557 3110 604 vos,
3157 543 3202 596 si
3252 543 3593 614 obtempera-

2026 637 2230 699 veritis,
2269 634 2576 703 pecuniam,
2613 637 2743 708 (pes
2773 641 2828 685 et
2870 632 3108 685 honores
3141 631 3207 683 ab
3246 631 3590 702 imperatori-

2023 727 2125 780 bus
2165 733 2560 780 consecuturos
2608 722 2736 776 :sin
2783 729 2962 775 autem
3019 723 3289 790 renuitis,
3346 724 3590 791 vincula,

2022 823 2316 876 tormenta,
2359 813 2708 885 quaestiones,
2755 810 2940 879 ﬂagra,
2975 820 3028 865 et
3071 813 3419 868 carniﬁcinas
3459 815 3591 869 sub-

2023 903 2222 965 ituros,
2254 912 2366 956 tum
2395 900 2645 972 pecuniis
2680 899 2886 968 pariter
2914 899 3470 972 possessionibusque
3499 918 3585 958 or-

2025 995 2180 1049 batos
2209 1035 2222 1060 ,
2260 1002 2313 1048 et
2367 993 2540 1063 patria
2589 1003 2835 1046 extorres
2863 1031 2878 1054 ,
2944 992 3011 1044 ad
3068 993 3306 1046 tristium
3345 994 3588 1048 locorum

2023 1087 2410 1140 habitationem
2447 1100 2569 1139 esse
2601 1083 2960 1138 damnandos.
3013 1103 3031 1134 ι
3068 1085 3144 1137 lta
3192 1084 3410 1153 quidem
3436 1101 3590 1156 egre-

2023 1180 2144 1252 gius
2177 1179 2264 1234 ille
2291 1179 2393 1243 vir,
2431 1176 2621 1230 fraude
2655 1177 2833 1230 minas
2889 1185 3198 1247 temperans
3222 1216 3237 1238 ,
3305 1185 3364 1230 ut
3417 1193 3445 1231 a
3503 1180 3590 1249 pia

2023 1287 2212 1327 omnes
2266 1271 2517 1326 doctrina
2583 1268 2992 1334 desciscerent,
3061 1268 3417 1334 hortabatur,
3497 1279 3591 1324 aut

2023 1363 2270 1433 cogebat.
2301 1362 2378 1416 Illi
2410 1376 2560 1427 vero,
2603 1362 2694 1430 qui
2732 1360 3090 1427 acerbiorem,
3123 1367 3180 1414 ut
3230 1375 3420 1416 revera
3486 1368 3590 1424 est,

2023 1453 2171 1508 omni
2201 1462 2470 1508 tormento
2503 1452 2720 1523 pietatis
2755 1452 3140 1521 proditionem,
3173 1452 3256 1507 his
3304 1453 3380 1506 illi
3411 1453 3592 1508 verbis

2023 1545 2291 1614 compulsi
2349 1544 2797 1614 responderunt,
2850 1544 3048 1598 virtute
3103 1544 3342 1613 fortique
3407 1544 3590 1597 animo

2026 1635 2268 1691 fraudem
2303 1635 2465 1691 simul
2508 1650 2570 1689 ac
2603 1635 2778 1690 minas
2827 1643 3234 1705 prosternentes
3269 1652 3284 1689 :
3323 1654 3340 1686 ι
3398 1633 3598 1690 Desine-

348 1721 534 1794 ἀπάτῃ
553 1723 596 1756 ³⁵
635 1723 733 1794 τήν
784 1724 1010 1794 ἀπειλήν
1059 1723 1316 1794 κεράσας,
1371 1728 1766 1796 μεταναστῆναι
1817 1727 1915 1796 τῆς

2020 1728 2271 1792 tandem,
2305 1726 2494 1782 desine
2547 1743 2647 1783 nos
2700 1728 2783 1783 his
2837 1727 3017 1782 verbis
3056 1727 3366 1791 deterrere,
3429 1742 3585 1781 cessa

349 1813 602 1876 εὑσεϐοῦς
640 1814 763 1877 τοὺς
797 1815 1002 1878 πάντας
1034 1815 1126 1868 καὶ
1154 1816 1529 1886 προύτρέπετο
1556 1818 1647 1870 καὶ
1680 1818 1948 1890 κατηνάγ.

358 1907 491 1972 καζε
551 1906 796 1978 γνώμης.
824 1909 886 1960 Οἱ
916 1907 971 1960 δὲ
997 1907 1316 1978 πικρότερον
1342 1907 1574 1978 βασάνου
1606 1909 1786 1978 πάσης
1815 1909 1921 1980 τὴν-

349 1997 428 2058 είς
449 1996 725 2049 εὐσέϐειαν
745 1997 1032 2067 προδοσίαν
1052 1999 1388 2068 ἡγησάμενοι
1409 1999 1541 2070 (ἔχει
1565 1999 1671 2071 γάρ
1694 1999 1910 2065 οὑτως),

348 2086 573 2139 τοιοῖσδε
615 2087 750 2155 πρὸς
794 2087 954 2140 αὑτὸν
987 2087 1419 2159 ἀναγκαζόμενοι
1462 2091 1783 2160 ἀπήντησαν
1819 2093 1911 2162 ῥή-

353 2191 539 2244 μασιν,
572 2177 739 2247 ἀρετῇ
774 2179 864 2230 καὶ
886 2181 1117 2250 γενναίῳ
1147 2183 1453 2251 φρονήματι
1489 2181 1621 2250 ὁμοῦ
1651 2182 1748 2254 τὴν
1772 2183 1915 2236 ἀπά-

348 2281 448 2335 την
473 2267 567 2319 καὶ
607 2268 704 2331 τὰς
727 2269 954 2333 ἀπειλὰς
993 2271 1391 2338 ὑποτάξαντες·
1441 2291 1458 2324 ι
1501 2273 1756 2327 Πέπαυσο
1807 2274 1916 2329 λοι-

350 2357 472 2424 πὸν,
513 2359 762 2413 πέπαυσο
798 2361 1005 2426 τούτοις
1037 2365 1181 2434 ἡμᾶς
1216 2364 1462 2432 ἐκφοϐῶν
1496 2368 1607 2428 τοῖς
1651 2367 1912 2437 ῥήμασιν,

351 2448 510 2518 ἔπεχε
541 2451 718 2504 εἰκαῖα
742 2452 786 2483 ⁸⁸
818 2455 1112 2524 προφέρειν
1148 2456 1388 2526 ῥήματα.
1429 2456 1618 2527 Ἦμεῖς
1651 2457 1760 2525 γάρ
1792 2458 1914 2512 οὕτε

349 2537 556 2606 νέηλυν,
578 2539 700 2592 οὕτε
732 2542 1039 2612 πρόσφατον
1065 2544 1290 2613 σέϐομεν
1309 2545 1351 2577 ³⁷
1375 2545 1526 2601 Θεόν.
1547 2546 1658 2600 Κάν
1681 2549 1918 2619 ὲπαιρρίυ

347 2630 446 2702 ζῃς
489 2632 769 2704 κυμαίνων
814 2637 956 2705 εἰκῆ,
1011 2637 1107 2688 καὶ
1144 2637 1495 2708 προσρήσσῃς
1550 2639 1625 2701 ὡς
1680 2638 1854 2708 βίαιος
1871 2640 1915 2672 ³⁸

347 2723 566 2794 ἄνεμος,
588 2729 699 2789 τοῖς
727 2726 1009 2791 εὐσεϐείας
1038 2727 1164 2799 ἄχρι
1195 2728 1426 2782 θανάτου
1448 2729 1914 2803 ὲμπολιτευόμεθα

346 2812 627 2880 δόγμασιν,
672 2816 772 2868 οὑκ
819 2816 1184 2888 ἀδύναμον³⁹,
1227 2819 1326 2872 οὑκ
1378 2819 1599 2890 ἄσοφον,
1639 2823 1700 2876 οὑ
1744 2825 1915 2896 χωρὶς

349 2902 601 2971 ἀληθείας
638 2903 856 2958 πώποτε
910 2909 1276 2978 φρονήσαντες
1324 2910 1476 2977 Θεὸν,
1533 2912 1594 2966 οὑ
1652 2916 1780 2968 ποτὲ
1817 2917 1914 2985 μὲν

348 2994 475 3047 ὄντα
523 2995 757 3066 πατέρα,
809 2998 940 3050 ποτὲ
993 2998 1050 3052 δὲ
1103 2999 1176 3070 μὴ
1205 2999 1356 3066 ὅντα,
1391 3002 1530 3056 κατὰ
1558 3003 1647 3056 τὸν
1677 3005 1844 3075 ἀσεϐῆ
1867 3007 1910 3038 ⁸⁸
1940 3038 1992 3099 Cr

346 3084 532 3140 τοῦτον
573 3085 867 3157 ’Λρειανὸν,
903 3089 1211 3161 χρονικὸνῆ
1245 3091 1578 3162 πρόσκαιρον
1603 3094 1914 3160 δοξάζοντες

343 3175 438 3232 τὸν
471 3178 618 3232 Υῑόν.
654 3179 714 3232 Ei
747 3177 856 3251 γὰρ
888 3180 1112 3252 κτίσμα,
1145 3181 1285 3236 κατὰ
1313 3185 1439 3247 τοὺς
1483 3185 1912 3255 Ἀρειομανίτας,

349 3264 386 3316 ὁ·
421 3264 567 3331 Υἱὸς,
616 3269 712 3338 οὑχ
752 3269 1008 3340 ὑπάρχων
1063 3272 1238 3344 Πατρὶ
1291 3274 1594 3345 όμοούσιος,
1635 3277 1711 3341 είς
1740 3278 1798 3330 τὸ
1838 3279 1914 3350 μὴ

350 3352 488 3410 εἶναι
525 3360 846 3428 συστήσεται
877 3361 972 3414 καὶ
1001 3363 1030 3414 6
1063 3363 1253 3435 Πατήρ
1281 3365 1378 3436 οὑχ
1418 3365 1722 3435 ὑφεστῶτος
1757 3368 1910 3435 Υίοῦ,

348 3445 448 3498 οὑκ
475 3443 549 3498 ὢν
596 3464 725 3500 ποτε
771 3452 888 3502 κατ’
932 3451 1127 3516 αὑτοὺς
1171 3456 1381 3527 Πατήρ.
1417 3457 1480 3509 Εἰ
1507 3457 1563 3510 δὲ
1611 3459 1697 3512 ἀεὶ
1724 3461 1913 3532 Πατήρ

350 3538 518 3599 ἐστιν,
547 3537 854 3606 ὑφεστῶτος
879 3541 1120 3612 δηλονότι
1141 3546 1233 3599 τοῦ
1264 3546 1321 3613 ἐξ
1348 3547 1512 3600 αὑτοῦ
1538 3549 1792 3619 ἀληθινοῦ
1817 3553 1912 3606 καὶ

349 3627 408 3680 οὑ
436 3629 574 3683 κατὰ
595 3631 896 3703 ἀπόρροιαν
920 3636 1255 3705 γεννήματος
1284 3637 1522 3712 (ἀπαθὴς
1541 3642 1649 3714 γάρ
1679 3645 1707 3696 6
1735 3644 1910 3713 Θεός)·

349 3718 467 3784 πῶς
493 3716 584 3773 οὑν
609 3723 652 3753 ⁴¹
673 3723 774 3776 οὑκ
806 3725 993 3796 ἄφρων
1022 3727 1114 3778 καὶ
1141 3728 1409 3799 μανιώδης
1435 3733 1481 3798 6,
1523 3728 1599 3802 ἦν
1629 3732 1775 3808 [189]
1813 3735 1912 3791 ὅτε

347 3813 458 3864 οὐκ
504 3808 602 3882 ἦν,
656 3815 867 3886 φρονῶν
920 3816 1009 3871 τὸν
1055 3817 1200 3882 Υἱὸν,
1241 3819 1308 3872 δι’
1348 3813 1409 3874 οὑ
1438 3822 1505 3876 τά
1535 3824 1709 3878 πάντα
1743 3830 1820 3889 εἰς
1849 3827 1912 3880 τὸ

348 3896 485 3956 εἶναι
532 3909 673 3958 κατὰ
717 3906 878 3977 χάριν
912 3908 1176 3977 συνέστη;
1211 3910 1274 3962 Oi
1299 3910 1429 3978 γοῦν
1457 3913 1716 3986 ἡμέτεροι
1769 3917 1910 3971 κατά

351 3995 527 4047 πᾶσαν
557 3994 653 4065 τὴν
682 3997 1003 4069 οἰκουμένην
1027 4001 1286 4071 Πατέρες,
1311 3994 1385 4053 ὧν
1416 4005 1737 4067 ἐκπεσόντες
1767 3999 1912 4059 οὗτοι

349 4085 568 4147 εἰκότως
591 4087 862 4159 ἀπάτορες
888 4091 1195 4158 γεγόνασιν,
1223 4094 1279 4145 ὲν
1309 4093 1514 4166 Νικαίᾳ
1545 4095 1908 4162 συνελθόντες,

348 4172 840 4242 ἁναθεματίσαντες
861 4177 958 4247 τὴν
992 4178 1201 4251 ’Λρείου
1227 4183 1560 4248 κακοδοξίαν,
1579 4179 1647 4255 ἦς
1666 4185 1694 4236 ό
1721 4185 1913 4238 νεώτε-

348 4281 439 4334 ρος
468 4258 622 4328 οὗτος
671 4265 766 4320 νῦν
795 4269 1138 4338 προΐσταται,
1167 4271 1264 4340 οὑχ
1295 4273 1628 4343 έτεροούσιον
1646 4276 1713 4341 ⁸³,
1743 4277 1770 4330 6
1812 4277 1909 4332 νῦν

2015 1819 2195 1874 inania
2227 1819 2388 1890 993
2417 1821 2577 1874 verba
2618 1818 2879 1889 proferre.
2906 1817 3015 1873 Nos
3044 1819 3184 1872 enim
3221 1833 3394 1887 neque
3428 1819 3583 1872 novi-

2015 1912 2170 1975 tium,
2195 1929 2367 1982 neque
2383 1920 2647 1966 recentem
2664 1912 2894 1966 colimus
2909 1911 3094 1965 Deum.
3113 1909 3332 1963 Frustra
3352 1910 3473 1965 licet
3491 1924 3592 1964 aes-

2016 2011 2178 2058 tuans
2205 2018 2446 2074 spumcs,
2478 2003 2762 2072 irruasque
2781 2010 3036 2070 tanquam
3060 2009 3252 2055 ventus
3278 2001 3588 2064 vehemens,

2020 2093 2073 2147 in
2106 2092 2320 2162 pietatis
2353 2092 2602 2146 doctrina
2649 2091 2906 2145 inhmsuri
2944 2106 3117 2160 usque
3147 2089 3212 2142 ad
3247 2097 3472 2153 mortem
3499 2104 3592 2145 su-

2016 2197 2156 2245 mus,
2181 2197 2290 2235 non
2321 2182 2671 2243 imbecillum,
2694 2197 2798 2234 non
2823 2181 2940 2235 sine
2964 2179 3227 2250 sapientia
3249 2189 3341 2234 aut
3363 2180 3592 2234 veritate

2018 2287 2253 2342 unquam
2278 2273 2574 2328 sentientes
2605 2272 2767 2326 Deum
2799 2288 2938 2336 esse,
2965 2279 3055 2324 aut
3085 2273 3175 2342 qui
3200 2271 3488 2341 aliquando
3521 2271 3585 2326 sit

2018 2363 2196 2432 Pater,
2218 2364 2507 2434 aliquando
2533 2380 2636 2418 non
2664 2365 2755 2427 sit,
2784 2366 2941 2434 juxta
2973 2365 3197 2434 impium
3236 2365 3400 2418 istum
3432 2365 3588 2418 Aria-

2017 2471 2165 2518 num,
2187 2455 2532 2525 temporalem
2553 2463 2646 2508 aut
2677 2464 3113 2511 momentaneum
3146 2455 3338 2510 Filium
3360 2456 3589 2525 opinan-

2018 2552 2118 2598 tes.
2155 2542 2286 2597 Natn
2325 2543 2396 2608 si,
2429 2551 2487 2597 ut
2519 2544 2736 2598 Arianis
2762 2545 2956 2614 placet,
3009 2554 3258 2600 creatura
3280 2554 3365 2600 est
3393 2543 3588 2606 Filius,

2021 2636 2244 2690 minime
2337 2635 2825 2690 consubstantialis
2903 2635 3096 2703 Patri,
3212 2636 3277 2688 ad
3355 2636 3587 2690 nihilum

2017 2725 2219 2779 recidet
2246 2724 2406 2779 etiam
2437 2724 2614 2787 Pater,
2647 2725 2737 2795 qui
2769 2742 2874 2778 non
2900 2725 3198 2781 exsistente
3234 2725 3374 2780 Filio
3405 2725 3586 2791 Pater,

2017 2812 2317 2869 secundum
2344 2814 2501 2880 istos,
2557 2815 2854 2885 aliquando
2888 2817 2908 2836 '
2967 2831 3073 2870 non
3135 2815 3317 2871 fuerit.
3372 2816 3427 2870 Si
3458 2832 3591 2872 vero

2016 2920 2227 2975 semper
2250 2913 2350 2969 est,
2388 2907 2576 2976 utique
2605 2909 2894 2962 exsistente
2924 2923 3052 2963 vero
3079 2924 3142 2962 ex
3167 2923 3231 2962 eo
3267 2908 3372 2963 fetu
3403 2915 3456 2964 et
3480 2913 3600 2963 rion-

2018 3011 2114 3065 per
2136 2996 2430 3062 deﬂuxum,
2485 2999 2613 3067 quia
2676 3001 2991 3069 itnpatibilis
3042 3010 3125 3055 est
3175 2999 3336 3055 Deus.
3392 3002 3585 3056 Annon

2015 3087 2235 3143 demens
2269 3089 2432 3157 igitur
2452 3098 2504 3142 et
2535 3106 2726 3145 vecors
2763 3091 2872 3154 ille,
2907 3092 2997 3161 qui
3053 3102 3166 3146 erat
3226 3093 3433 3163 quando
3485 3111 3586 3148 non

2014 3189 2131 3235 erat
2160 3181 2225 3235 de
2254 3180 2388 3234 Filio
2432 3181 2585 3245 dicit,
2615 3197 2710 3250 per
2746 3198 2904 3252 quem
2941 3184 3119 3236 omnia
3149 3185 3386 3254 gratuito
3447 3186 3588 3241 lat-ta

2016 3271 2194 3326 sunt?
2239 3271 2530 3339 Propterea
2575 3271 2666 3339 qui
2712 3273 2851 3340 apud
2902 3270 3135 3325 Nicaeam
3175 3282 3286 3326 toto
3336 3291 3402 3329 ex
3457 3277 3589 3330 orbe

2017 3374 2282 3419 terrarum
2334 3378 2639 3416 convenere
2701 3362 2886 3416 Patres
2937 3364 3133 3429 nostri,
3177 3381 3206 3418 a
3246 3367 3446 3436 quibus
3498 3367 3584 3422 isti

2013 3456 2327 3511 excidentes
2379 3454 2548 3524 spurii
2587 3455 2782 3509 merito
2831 3453 2957 3508 facti
2994 3463 3138 3518 sunt,
3197 3471 3416 3524 pravam
3470 3459 3583 3511 Arii

2014 3547 2364 3607 sententiam,
2386 3561 2546 3614 quam
2570 3561 2714 3598 nunc
2740 3546 2928 3613 junior
2951 3546 3051 3599 iste
3068 3544 3329 3608 defendit,
3360 3548 3586 3599 anathe-

1989 3651 2158 3696 -mate
2200 3641 2540 3702 damnautes,
2571 3654 2676 3692 non
2713 3636 2936 3691 alterius
2975 3653 3004 3690 a
3036 3636 3192 3692 Patre
3243 3638 3588 3703 substantiae,

2013 3733 2158 3802 quod
2188 3741 2244 3785 tu
2278 3733 2459 3786 dicere
2507 3746 2606 3785 nos
2659 3731 2830 3799 mgis,
2891 3727 3088 3783 Filium
3144 3745 3265 3786 esse
3309 3731 3584 3793 dixerunt.

2014 3824 2108 3880 sed
2147 3823 2334 3878 eadem
2365 3839 2429 3877 ex
2477 3822 2827 3876 substantia:
2877 3820 3023 3890 quod
3081 3821 3171 3890 pio
3222 3836 3386 3877 sensu
3441 3832 3583 3876 recte

2013 3916 2394 3985 intelligentes,
2423 3929 2490 3968 ex
2521 3914 2687 3966 multa
2716 3913 3029 3966 divinarum
3063 3929 3256 3967 vocum
3288 3915 3580 3967 collatione

2013 4005 2531 4063 consubstantialem
2568 4004 2810 4058 confessi
2848 4011 2996 4057 sunt.
3039 4022 3057 4054 ι
3093 4004 3218 4058 llaec
3273 4014 3327 4058 et
3388 4005 3584 4071 hujus-

2013 4098 2157 4152 modi
2181 4097 2286 4149 alia
2315 4111 2436 4150 cum
2472 4093 2737 4157 dicerent,
2767 4094 2820 4146 in
2852 4093 3068 4147 vincula
3097 4093 3375 4161 conjectos
3397 4093 3582 4147 multis

2013 4191 2206 4246 diebus
2237 4187 2403 4258 995.
2423 4186 2676 4248 detinuit,
2699 4187 2742 4241 si
2767 4202 2875 4256 quo
2897 4187 3057 4240 modo
3084 4197 3265 4256 posset
3292 4202 3320 4240 a
3363 4187 3581 4256 pietatis

2013 4281 2282 4338 sententia
2313 4280 2610 4334 dimovere.
2642 4277 2748 4331 Sed
2779 4279 2854 4332 illi
2883 4279 3082 4348 potius,
3111 4279 3257 4333 velut
3304 4279 3356 4332 in
3408 4279 3584 4334 stadio

345 4355 490 4422 ἡμᾶς
529 4357 703 4409 εἰπεῖν
749 4360 1201 4427 καταναγκάζεις,
1245 4361 1336 4416 τὸν
1371 4364 1498 4417 Υίδν
1532 4367 1782 4437 εἰρήκασι
1814 4370 1906 4423 τοῦ

2016 4373 2298 4429 fortissimi
2348 4371 2604 4430 athletae.
2663 4384 2881 4422 omnem
2935 4380 3136 4423 metum
3193 4370 3535 4426 excutientes
3566 4413 3578 4430 .

344 4448 578 4518 Πατρὶς,
611 4449 725 4503 ἀλλ’
756 4452 820 4504 ἐκ
848 4453 945 4523 τῆς
975 4453 1145 4522 αὑτῆς
1167 4454 1213 4486 ⁸³
1241 4455 1449 4521 οὑσίας.
1485 4461 1547 4513 "0
1576 4461 1754 4526 καλῶς
1791 4463 1909 4531 μετ’

341 4539 602 4602 εὐσεϐοῦς
644 4539 875 4605 διανοίας
923 4543 1238 4614 νοήσαντες,
1269 4548 1332 4601 ἐκ
1375 4549 1580 4619 πολλῆς
1613 4551 1720 4604 τῶν
1751 4551 1922 4606 θείων

342 4625 605 4697 ῥημάτων
650 4630 911 4702 συλλογῆς
945 4633 1228 4702 ὀμοούσιον
1257 4638 1632 4709 ὡμολόγησαν.
1663 4662 1681 4694 ι
1727 4643 1807 4696 Τά
1845 4645 1909 4716 δὴ

341 4722 562 4774 τοιαῦτα
605 4722 697 4776 καὶ
723 4722 790 4776 τά
832 4724 1037 4789 τούτοις
1066 4729 1420 4802 παραπλήσια
1466 4731 1740 4801 λέγοντας.
1775 4735 1905 4788 καθ‹

341 4809 516 4878 εἶρξεν
553 4812 772 4882 ήμερῶν
797 4816 1033 4883 πολλῶν,
1059 4819 1299 4890 οἰόμενος
1324 4824 1419 4892 τῆς
1443 4825 1696 4888 εὐσεϐοῦς
1732 4845 1899 4894 μετα-

411 4939 438 4969 ι
476 4925 654 4983 l.Cor.
697 4944 770 4994 tv,
802 4931 855 4986 9.

2008 4481 2176 4535 seque
2209 4467 2357 4534 ipsos
2395 4477 2460 4516 ex
2508 4462 2670 4516 rebus
2714 4461 2976 4530 prteclare
3037 4460 3342 4515 aPatribus
3382 4461 3566 4516 divina

2011 4565 2192 4613 mente
2241 4554 2413 4625 gestis
2463 4553 2892 4616 confirmantrs,
2955 4552 3189 4622 majores
3254 4555 3464 4608 animos
3515 4554 3582 4608 ad

2010 4647 2265 4704 tuendam
2300 4646 2551 4715 pietatem
2583 4643 2964 4706 05tendebant,
2999 4645 3343 4714 gymnasium
3405 4647 3580 4698 virtu-

2009 4742 2079 4795 tis
2105 4740 2388 4794 credentes
2409 4752 2531 4791 esse
2561 4745 2848 4791 tormenta.
2881 4735 2971 4790 Sic
2995 4737 3160 4807 igitur
3181 4736 3584 4792 decertantibns

2009 4831 2141 4895 illis,
2167 4809 2286 4882 cuiu
2329 4827 2721 4896 spectaculum,
2754 4835 2811 4879 ut
2853 4827 3044 4882 beatus
3079 4825 3284 4882 Paulus
3319 4827 3579 4888 scribitt,

1635 5049 1720 5106 VA
1730 5050 1870 5108 RIE
1909 5052 2313 5111 LEG’l'lONES-

407 5202 449 5234 ³¹
485 5200 669 5271 σέϐετέ
697 5209 924 5271 uterque
949 5202 1072 5260 Bas.

1173 5205 1217 5237 ³²
1255 5205 1530 5283 μελησμδν
1583 5205 1773 5283 S_teph.
1887 5278 1898 5283 _
1931 5210 1975 5283 ἐξ
2006 5209 2269 5283 βασιλέως
2299 5211 2426 5283 Pini
2455 5213 2648 5277 codex,
2675 5211 2904 5280 Niceph.
2937 5221 2990 5267 et
3018 5211 3244 5283 Epiph..

3331 5213 3378 5244 ιι
3407 5212 3571 5282 λήψε-

336 5270 1140 5361 σθαι[ξιιεξξῖκιιιλρριυιοηρρέι
1195 5270 1713 5361 κατακριθήσερθαὶ.
1769 5278 1840 5361 "5.
1875 5270 2063 5361 ἀγάπῃ
2107 5270 2268 5361 iidem
2327 5281 2553 5361 codices
2585 5270 2710 5361 cum
2765 5270 2956 5361 S_I:eplr.
2992 5270 3360 5361 [tit-Niceph.
3409 5270 3575 5361 ρι’ᾀιθ.

334 5355 457 5394 eum
490 5342 1035 5419 _p_aulo_pos_t__itcrt_t-I_n
1069 5342 1445 5419 Theodoretus
1474 5342 1700 5419 ἀπάτηνΔ
1735 5354 1787 5400 et
1818 5342 2063 5419 ἀπειλαί
2096 5352 2412 5419 conjnngat.

1856 5417 2045 5488 65,350;
2082 5417 2317 5488 uterque
2371 5419 2533 5473 Basil.

333 5481 515 5540 saub..
544 5483 731 5550 Steph.
763 5482 796 5533 ‘2
825 5489 895 5550 et,
922 5479 1149 5548 Niceph.
1185 5479 1290 5539 sed
1329 5483 1452 5540 Bas.
1499 5497 1552 5539 et
1581 5488 1767 5548 Steph.
1811 5487 1827 5539 Ι
1860 5479 2139 5542 ἀδύνατον.

333 5424 456 5464 eum
490 5412 628 5463 libro
661 5412 849 5464 Savilii
874 5420 923 5463 et
947 5411 1197 5481 Niceph..
1232 5418 1495 5481 probante
1524 5411 1762 5470 Valesio.

2510 5352 2554 5382 ³⁸
2583 5351 2737 5404 εἰκὲα
2795 5352 2960 5406 Basil.
3037 5353 3080 5384 ³⁷
3110 5351 3358 5414 σέϐοντες
3408 5353 3575 5407 iidem
3596 5380 3609 5400 -.

2637 5422 2681 5452 ³³
2705 5421 2779 5474 ita
2812 5429 2864 5474 et
2907 5420 3246 5489 Christopln,
3277 5423 3448 5482 δραι..
3478 5423 3580 5489 Ga-

2243 5490 2285 5561 ‘_*°
2309 5489 2543 5561 δυσξεϐἦ
2577 5489 2730 5561 Ιξιιω,
2775 5490 2962 5561 Steph.
3000 5501 3053 5546 et
3109 5488 3338 5561 Niceph.
3415 5493 3459 5530 ⁸⁸
3483 5488 3606 5544 οὑνκ

335 5550 489 5630 abest
520 5552 589 5630 ab
615 5549 853 5630 utroque
880 5549 1028 5630 Bas.,
1060 5552 1253 5630 Epiph.
1279 5562 1341 5630 _et
1367 5555 1598 5630 δῆσον-11.
1627 5626 1639 5630 _
1672 5553 1996 5630 "ﬁespou'a.
2019 5558 2192 5630 iidem
2229 5556 2353 5612 Bas.
2394 5557 2441 5630 δῖ
2474 5549 2570 5630 Sic
2594 5559 2756 5612 Basil.
2787 5549 3124 5630 Graec.i(non
3145 5549 3352 5630 αὑτοῦ,
3377 5569 3435 5618 ut
3459 5575 3626 5616 nan-—

336 5627 419 5675 rat
449 5619 720 5688 Valesius)
742 5630 793 5679 et
830 5620 952 5679 Lat.
985 5619 1115 5679 euut
1143 5619 1331 5692 Steph.
1361 5625 1410 5682 l.
1446 5619 1550 5684 Sed
1581 5625 1746 5685 αὑτοῦ
1778 5619 1984 5686 habent
2015 5625 2133 5683 Pini
2170 5636 2224 5684 et
2253 5628 2442 5686 Savilii
2476 5629 2636 5687 codd.
2671 5644 2793 5685 cum
2834 5619 3026 5703 Epipli.
3059 5638 3112 5688 et
3137 5619 3376 5703 Nicepli.
