4032 6192
465 281 606 346 1179

1455 277 1942 339 THEODORE’I‘I
1983 275 2100 334 El’l
2112 276 2320 336 SCOPI
2347 279 2714 338 CYRENSIS

3597 277 3733 340 1180

463 397 670 453 scelera
703 412 812 450 non
859 404 1112 466 possunt.
1158 392 1507 448 lncredibilia
1555 398 1686 446 sunt
1731 406 1852 458 qua:
1901 388 2041 440 dici-

2157 387 2203 414 ..._
2303 389 2324 398 -
2993 391 3008 412 ,
3380 369 3414 404 ν
3442 391 3452 400 .
3485 392 3496 404 .

2151 403 2204 438 οε
2237 406 2327 442 του
2372 393 2827 462 κατακρίνοντοςί
2858 392 2905 443 οί
2939 389 2987 442 δι
3031 389 3316 442 εὐσέϐειαν
3369 389 3731 462 αθλησαντες,

461 504 610 554 mus,
645 487 904 540 immania
942 497 1036 550 ,et_
1069 485 1211 550 dira,
1244 484 1491 538 crudelia
1525 492 1578 537 et
1637 482 1892 543 barbara,
1948 480 2046 532 im-

459 579 615 634 mitia
645 588 700 634 et
735 579 960 642 acerba.
993 577 1141 633 lnter
1167 579 1282 631 bzcc
1312 586 1493 632 tamen
1526 575 1830 629 insolenter
1861 569 2042 624 exsul-

459 674 654 728 tabant
707 671 898 726 Ariani
955 671 1164 726 furoris
1199 677 1524 726 sectatores.
1579 666 1644 719 Et
1675 681 1800 719 cum
1851 663 2046 717 civitas

459 772 573 819 tota
613 765 839 820 essetin
869 765 1022 818 luctu
1075 764 1294 832 (domus
1341 764 1543 834 quippe
1593 759 1744 812 nulla
1797 766 1934 822 erat,
1988 755 2044 809 in

458 875 589 929 qua,
643 860 791 929 quod
837 860 892 913 in
947 859 1135 914 Exodo
1197 859 1460 926 scriptum
1515 864 1622 920 est,
1671 869 1778 908 non
1837 853 2047 920 jaceret

461 952 757 1020 mortuus),
795 968 902 1004 non
935 952 1302 1021 conquievere
1335 960 1512 1004 tamen
1551 949 1643 1018 qui
1681 946 1908 1002 sceleris
1951 944 2045 997 ha-

457 1043 633 1098 bitum
667 1043 1034 1098 insatiabilem
1077 1050 1489 1114 contraxerant.
1519 1040 1868 1094 Voluntatcm
1895 1034 2043 1090 enim

459 1135 527 1189 ad
559 1135 835 1190 deteriora
887 1135 1197 1200 incitantes,
1223 1134 1481 1202 virusque
1525 1127 1894 1201 improbitatis
1931 1141 2045 1181 sua:

462 1240 639 1295 usque
685 1226 753 1279 ad
797 1227 1088 1295 episcopos
1143 1226 1442 1296 provincia:
1502 1221 1924 1284 dilfundcntes,‘
1957 1235 2045 1273 sa-

461 1319 634 1374 tellite
666 1317 735 1371 ad
774 1317 1032 1387 injuriam
1071 1325 1286 1370 utentes
1331 1315 1592 1385 praulicto
1632 1313 1827 1382 Magno
1875 1309 2045 1366 comi—

462 1418 514 1465 te
545 1410 922 1480 largitionum,
955 1410 1096 1464 alios
1127 1409 1294 1462 curia:
1349 1407 1719 1468 tradiderunt,
1755 1404 1891 1458 alios
1923 1402 2048 1472 qui-

459 1503 562 1558 bus
599 1503 809 1572 placuit
856 1501 1036 1556 modis
1072 1501 1579 1562 circumvenerunt,
1629 1513 1822 1551 omnes
1871 1494 2046 1549 unde-

459 1610 678 1664 quaque
745 1593 812 1646 ad
870 1593 1208 1663 impietatem
1264 1591 1483 1644 irretire
1535 1577 1854 1648 studentes.
1908 1585 2044 1639 nihil

457 1688 712 1742 inausum
753 1686 1148 1756 relinquentes.
1193 1683 1300 1737 Sed
1349 1694 1403 1736 et
1438 1686 1866 1743 circumeuntes,
1903 1679 2046 1733 sicut

2152 481 2402 549 φονεῦσιν
2427 485 2485 535 οὐ
2510 484 2553 514 ⁷⁸
2582 482 2982 552 συνεκρίνοντο,
3014 482 3211 550 ἄταφοι
3240 480 3495 551 μένοντες
3530 484 3596 536 τὰ
3621 486 3732 540 σώ-

2151 591 2298 645 ματα
2327 589 2341 604 ο
2382 578 2430 628 οἰ
2463 575 2645 639 καλῶς
2694 574 3088 646 ἀγωνιζόμενοι
3126 575 3338 646 Θηρίοις
3374 577 3467 630 καὶ
3507 581 3731 650 πτηνοῖς

2151 667 2285 739 πρὸς
2325 667 2490 739 βορὰν
2529 667 2848 740 ὲρῤίπτοντο
2878 684 2890 696 ·
2932 669 2983 721 oi
3029 668 3390 738 συμπαθῆσαι
3446 669 3735 739 βεϐουλευ-

2151 764 2306 832 μένοι
2340 764 2579 834 πατράσι
2610 764 2697 817 διὰ
2739 764 2836 836 τήν
2885 763 3210 833 συνείδησιν,
3256 765 3354 834 τὴν
3386 764 3628 836 κεφαλὴν
3653 766 3733 830 ὡς

2150 856 2441 928 παράνομα.
2516 857 2814 927 δράσαντες
2887 856 3276 926 ἀπετέμνοντο.
3337 858 3496 920 Ποῖος
3567 859 3730 928 νόμος

2159 947 2469 1018 Ῥωμαίων,
2517 949 2644 1003 ποία
2666 949 2723 1002 δὲ
2775 948 2968 1020 γνώμη
3029 948 3322 1020 βαρϐάρων
3377 950 3577 1011 τοῦςη
3621 969 3730 1003 πα-

2145 1039 2306 1110 τράσι
2339 1041 2759 1111 συμπαθοῦντας
2782 1041 3060 1114 ἠμύνατος
3092 1042 3200 1095 Ποῦ
3233 1059 3319 1105 τις
3343 1041 3455 1094 τῶν
3484 1042 3730 1098 παλαιῶν

2147 1146 2274 1181 ποτε
2301 1129 2493 1201 ἔδρασε
2525 1130 2762 1183 τοιοῦτόν
2798 1147 2850 1182 τι
2882 1129 3196 1200 παράνομον
3225 1146 3239 1194 ς
3285 1129 3570 1183 Ἐκέλευσέ
3599 1149 3728 1184 ποτε

2145 1221 2345 1292 Φαραὼ
2389 1223 2734 1294 ἀναιρεῖσθαι
2761 1224 2870 1276 τῶν
2914 1224 3184 1294 Ἐϐραίων
3209 1223 3276 1276 τὰ
3318 1225 3525 1295 ἄρρενα
3557 1243 3570 1253 ·
3595 1225 3729 1277 ἀλλα

2146 1313 2338 1382 φθόνος
2387 1314 2480 1366 καὶ
2514 1314 2631 1377 δέος
2660 1313 2896 1366 ὑπέϐαλε
2923 1313 3082 1366 τοῦτο
3104 1314 3166 1365 τὸ
3187 1313 3536 1384 πρόσταγμα.
3574 1315 3729 1385 Πόσῳ

2146 1407 2214 1461 τὰ
2238 1407 2357 1460 τότε
2412 1407 2521 1459 τῶν
2577 1405 2671 1459 νύν
2721 1406 3247 1479 φιλανθρωπότεραῑ
3297 1406 3448 1476 πόσῳ
3507 1407 3730 1459 ποθεινὰ

2150 1500 2283 1572 πρὸς
2320 1502 2535 1571 αἵρεσιν
2565 1500 2903 1570 ἀδικήματος
2928 1500 2940 1552 !
2979 1500 3131 1569 πόσῳ
3160 1499 3404 1569 βελτίονα
3431 1499 3566 1567 πρὸς
3596 1500 3729 1565 σύγ-

2147 1610 2327 1664 κρισιν
2398 1594 2792 1664 ἀνομήματοςί
2842 1592 2944 1646 κᾶν
2995 1592 3238 1664 ἀλλήλων
3289 1594 3344 1644 αἱ
3411 1591 3601 1645 κακίαι
3657 1592 3732 1662 μὴ

2149 1684 2510 1756 χωρίζωνται.
2545 1687 2788 1738 ’Λπιστα
2815 1685 2883 1738 τὰ
2911 1685 3204 1755 λεγόμενα,
3261 1684 3603 1755 ἀπάνθρωπα
3637 1684 3731 1736 καὶ

457 1779 721 1849 proprius
757 1780 985 1833 haeresis
1033 1793 1234 1848 parens
1273 1776 1550 1840 diabolus,
1593 1775 1830 1844 aliquem
1873 1772 2041 1826 dero-

2147 1743 2316 1836 δεινὰ,
2365 1776 2491 1846 ὼμά
2526 1777 2619 1829 καὶ
2657 1776 2928 1847 βάρϐαρα,
2985 1743 3200 1846 ἀνηλεῆ-
3226 1777 3322 1828 καὶ
3354 1743 3546 1847 πικιρά.
3589 1776 3730 1828 Ἀλλ’

455 1889 580 1927 rare
637 1872 979 1940 satagebant.
1031 1870 1088 1924 ln
1137 1870 1458 1923 universum
1507 1881 1659 1936 ergo,
1693 1881 1816 1920 cum
1856 1866 2040 1920 omnia

455 1962 664 2017 frustra
723 1973 1098 2022 conarentur,
1149 1959 1370 2031 Egypti
1429 1959 1720 2028 episcopos
1785 1959 2038 2012 undecim

455 2069 709 2118 numero,
750 2055 901 2108 viros
934 2054 1026 2122 qui
1059 2069 1088 2106 a
1125 2069 1298 2123 puero
1329 2051 1397 2106 ad
1433 2051 1647 2106 senium
1682 2067 1857 2120 usque
1905 2051 2040 2105 soli-

455 2147 703 2200 tudinem
737 2146 1006 2215 religiosae
1038 2145 1158 2200 vitae
1179 2145 1356 2216 gratia
1383 2145 1754 2210 incoluerant,
1785 2143 2042 2214 volupta-

455 2248 644 2308 tesque
701 2239 912 2292 ratione
945 2248 997 2293 et
1035 2239 1256 2292 actione
1304 2238 1659 2307 subegerant,
1695 2238 1838 2306 piam
1871 2236 2040 2311 999

453 2331 616 2384 fidem
668 2329 942 2398 intrepide
996 2328 1395 2399 praedicantes,
1451 2328 1672 2398 pietatis
1722 2327 2038 2400 dogmatunt

451 2424 593 2478 lacte
629 2425 904 2488 nutritos,
935 2431 988 2478 et
1029 2423 1260 2477 victoria
1293 2430 1490 2475 contra
1545 2422 1823 2476 dzetnones
1864 2437 2035 2490 saepe-

453 2530 683 2570 numero
733 2514 958 2584 potitos,
995 2515 1199 2570 virtute
1253 2515 1516 2584 pudorem
1561 2513 1891 2567 incutientes
1942 2511 2042 2566 ad-

451 2605 722 2673 ve'rsario,
761 2608 1022 2660 Arianam
1058 2607 1308 2662 haeresim
1345 2607 1754 2676 sapientissima
1786 2606 2040 2661 oratione

449 2707 856 2770 coarguentes,
897 2701 1326 2754 instrumentum
1384 2698 1732 2752 crudelitatis
1785 2698 2037 2752 eumdem

450 2790 628 2861 ipsum
680 2790 986 2856 habentes,
1033 2789 1086 2842 in
1139 2789 1398 2843 exsilium
1437 2788 1720 2858 eiecerunt
1769 2785 2041 2841 Diocasa-

449 2895 623 2946 ream,
660 2882 849 2936 urbem
877 2897 906 2936 a
933 2879 1140 2935 Judaeis
1175 2878 1392 2934 Domini
1441 2878 1896 2934 interfectoribus
1945 2880 2042 2932 ha-

452 2972 702 3027 bitatam.
739 2971 804 3026 Et
843 2981 1022 3028 tamen
1053 2973 1200 3038 ctede
1225 2973 1483 3036 fratrum,
1524 2972 1670 3026 velut
1703 2987 1897 3038 orcus,
1931 2988 2039 3027 non

2143 1868 2200 1918 ἐν
2244 1867 2450 1931 τούτοις
2497 1869 2770 1938 ἐγαυρίων
2794 1870 2845 1921 οἱ
2873 1869 2973 1938 τῆς
3007 1869 3218 1940 ’Λρείου
3266 1867 3461 1939 μανίας
3499 1869 3734 1942 ὑπήκοοι

2142 1957 2479 2028 χορεύοντες.
2541 1959 2652 2029 Τῆς
2712 1959 2769 2012 δὲ
2819 1959 3029 2022 πόλεως
3091 1959 3273 2028 πάσης
3325 1959 3734 2031 ὀλοφυρομένης

2143 2052 2264 2120 (οὐκ
2285 2047 2350 2122 ἧν
2385 2052 2494 2122 γὰρ
2527 2051 2674 2103 οίκία
2732 2052 2789 2103 ἐν
2889 2052 2963 2122 μὴ
2989 2050 3038 2081 ⁷⁵
3085 2049 3391 2120 τεθνηκὼς,
3423 2051 3498 2114 ὡς
3554 2055 3612 2105 ἐν
3663 2059 3730 2126 τῇ

2156 2141 2351 2212 Ἐξόδῳ
2373 2142 2730 2212 γέγραπται),
2759 2142 2858 2194 οὐκ
2886 2142 3178 2212 ἠρέμησαν
3206 2143 3368 2196 πάλιν
3402 2145 3450 2196 οἱ
3480 2143 3576 2213 τήν
3617 2144 3732 2209 ἕξιν

2141 2235 2436 2306 ἀκόρεστον
2449 2236 2493 2266 ⁷⁸
2522 2235 2658 2306 πρὸς
2693 2236 3040 2306 παρανομίαν
3069 2237 3434 2307 ἀσκήσαντες.
3470 2236 3592 2290 Ἐπὶ
3623 2237 3736 2306 γὰρ

2147 2324 2210 2378 τὰ
2242 2325 2411 2397 χείρω
2444 2325 2542 2396 τὴν
2588 2325 2910 2398 προαίρεσιν
2951 2326 3360 2396 γυμνάζοντες,
3414 2326 3577 2397 μέχρι
3625 2329 3734 2379 τῶν

2142 2417 2242 2487 τῆς
2291 2417 2560 2488 ἐπαρχίας
2612 2418 2932 2472 ἐπισκόπων
2969 2418 3060 2471 τὸν
3100 2417 3230 2471 ίδιον
3281 2417 3380 2487 τῆς
3418 2419 3617 2480 κακίας
3656 2420 3734 2470 ἰδν

2143 2509 2548 2573 ἐπεκτείνοντες
2568 2511 2634 2575 ⁷⁸,
2667 2509 2953 2582 δορυφόρῳ
2983 2511 3119 2581 πρὸς
3177 2509 3394 2563 ἀδικίαν
3417 2511 3460 2541 ⁷⁷
3513 2509 3590 2580 τῷ
3621 2510 3735 2563 τῶν

2144 2598 2502 2671 λαργιτιόνων
2533 2601 2578 2634 ⁷⁸
2619 2601 2892 2672 χρώμενοι
2951 2602 3150 2673 κόμητι
3205 2601 3283 2672 τῷ
3335 2602 3735 2674 προειρημένῳ

2143 2696 2384 2765 Μάγνῳ,
2446 2697 2573 2760 τοὺς
2627 2698 2726 2766 μὲν
2787 2696 3160 2769 βουλευτηρίῳ
3221 2698 3562 2769 παρέδοσαν,
3603 2701 3734 2764 τοὺς

2143 2787 2185 2840 δ’
2206 2788 2395 2852 ἄλλους
2429 2788 2488 2840 ὃν
2511 2789 2795 2842 ἐϐούλοντο
2813 2790 2858 2821 ⁷⁵
2881 2790 3082 2862 τρόπον
3110 2789 3398 2862 ἐνήδρευον
3419 2792 3488 2856 ⁸⁸,
3519 2809 3734 2846 παντα-

2144 2881 2300 2952 χόθεν
2341 2881 2476 2953 πρὸς
2529 2883 2788 2937 ἀσέϐειαν
2815 2885 2943 2946 τοὺς
2986 2885 3196 2947 πάντας
3248 2884 3513 2955 θηρεῦσαι
3549 2884 3738 2955 βουλό-

2147 2991 2337 3045 μενοι,
2390 2976 2542 3029 οὐδὲν
2595 2976 2831 3046 ἀφέντες
2890 2977 3221 3049 ἀτόλμητον.
3261 2977 3424 3031 Ἀλλά
3478 2978 3588 3049 γὰρ
3638 2979 3736 3032 καὶ

448 3065 778 3131 exsaturati,
809 3065 1014 3134 ubique
1043 3065 1288 3135 gentium
1321 3064 1602 3119 dementes
1628 3072 1680 3118 et
1709 3065 1891 3119 stolidi
1918 3064 2038 3119 ausi

2147 3066 2322 3119 πάντα
2350 3067 2791 3138 περιερχόμενοι,
2822 3068 2965 3123 κατά
3003 3070 3094 3122 τὸν
3128 3070 3258 3124 ἴδιον
3315 3072 3411 3142 τῆς
3458 3073 3732 3143 αἱρέσεως

449 3166 584 3210 sunt
609 3157 982 3227 improbitatis
1007 3172 1120 3211 suae
1152 3155 1489 3212 monimenta
1517 3155 1851 3225 relinquere,
1882 3154 2036 3208 nobi-

451 3247 626 3303 litatis
685 3249 885 3302 famam
953 3265 1020 3303 ex
1083 3247 1428 3303 facinoribus
1494 3246 1836 3302 allectantes.
1897 3245 2041 3300 Ecce

449 3341 599 3396 enim
632 3357 828 3398 rursus
860 3341 1096 3396 clericos
1130 3341 1421 3396 catholicaa
1446 3339 1706 3394 Ecclesiae
1735 3338 2040 3392 Antiochiae

451 3433 733 3504 degentes,
797 3449 903 3487 una
960 3448 1084 3488 cum
1135 3441 1396 3503 spectatze
1454 3433 1676 3486 virtutis
1729 3431 2037 3495 monachis,

449 3527 545 3597 qui
581 3527 790 3598 tragica
821 3543 1012 3582 eorum
1058 3526 1200 3581 facta
1237 3523 1524 3580 testificari
1571 3529 1903 3586 statuerant,
1938 3523 2038 3576 im-

451 3622 762 3690 peratorias
797 3635 962 3674 aures
989 3628 1185 3674 contra
1216 3634 1312 3674 eos
1359 3616 1729 3672 obtundentes
1750 3657 1764 3682 ,
1815 3614 2039 3670 Neocae-

451 3727 666 3766 saream
707 3713 762 3766 in
803 3711 1044 3765 Pontum
1080 3709 1408 3780 relegandos
1439 3716 1708 3763 curarunt
1745 3726 1758 3761 :
1789 3708 1882 3778 qui
1927 3709 2039 3762 vita

452 3803 569 3872 ipsa
626 3804 857 3860 fortasse
907 3810 1133 3874 propter
1165 3804 1412 3858 locorum
1465 3802 1819 3872 asperitatem
1859 3802 2038 3856 orbati

452 3907 602 3951 sinit.
641 3895 804 3950 Tales
838 3897 1136 3966 tragmdias
1173 3905 1423 3966 tempora
1462 3896 1552 3949 illa
1586 3897 1785 3958 tulere,
1819 3895 2041 3948 silentio

449 3983 674 4049 quidem
705 3991 758 4038 et
791 3984 1069 4039 oblivione
1099 3985 1296 4055 dignas
1329 4003 1342 4039 :
1378 3984 1472 4039 sed
1507 4000 1628 4054 quae
1671 3984 1871 4038 litteris
1916 4000 2042 4052 pro-

451 4076 578 4130 ditae
621 4085 752 4131 sunt
779 4081 852 4145 ad
879 4093 1072 4132 eorum
1128 4078 1649 4148 reprehensionem,
1696 4078 1788 4147 qui
1845 4088 2039 4132 contra

452 4167 805 4236 Unigenitum
879 4172 1098 4241 linguas
1172 4179 1465 4225 moverunt
1518 4189 1530 4224 :
1585 4179 1640 4225 et
1687 4171 2042 4240 blasphemiae

452 4263 650 4317 morbo
703 4265 999 4334 implicati.
1036 4281 1144 4319 non
1185 4267 1365 4318 solum
1416 4265 1801 4318 universorum
1855 4263 2040 4318 Domi-

451 4370 584 4408 num
625 4358 940 4426 contingere
986 4367 1282 4421 conantur,
1326 4358 1418 4412 sed
1451 4365 1506 4411 et
1531 4367 1724 4411 contra
1774 4358 1892 4427 pios
1919 4358 2040 4428 ejus

453 4446 687 4503 famulos
728 4450 928 4502 bellum
971 4450 1318 4515 implacabile
1359 4455 1749 4517 susceperunt.

2148 3159 2359 3229 πατέρα
2384 3159 2631 3212 διάϐολον
2663 3160 2890 3230 ἐζήτουν
2920 3161 3044 3215 τινὰ
3069 3164 3362 3216 καταπιεῖν
3382 3164 3451 3217 ⁸³.
3482 3165 3729 3218 Καθόλου

2142 3252 2345 3312 τοίνυν,
2389 3251 2539 3322 παρά
2597 3251 2814 3304 πάντων
2855 3253 3220 3324 ἀπορούμενοι
3244 3255 3315 3320 ⁸³,
3358 3254 3553 3309 ἕνδεκα
3624 3257 3729 3308 τῶν

2143 3342 2252 3397 ἀπὸ
2279 3345 2376 3414 τῆς
2413 3341 2694 3411 Αἰγύπτου
2725 3345 2816 3397 τὸν
2856 3343 3091 3415 ἀριθμὸν
3146 3345 3490 3410 ἐπισκόπων,
3530 3347 3730 3419 ἄνδρας

2143 3434 2208 3487 ἐκ
2244 3434 2456 3487 παιδίου
2491 3434 2653 3505 μέχρι
2677 3435 2863 3505 γήρως
2893 3434 2990 3506 τὴν
3021 3435 3227 3506 ἔρημον
3259 3438 3548 3505 ἀσκήσεως
3569 3439 3730 3509 χάριν

2140 3525 2488 3596 οἰκήσαντας,
2527 3525 2624 3578 καϊ
2665 3525 2809 3594 λόγῳ
2851 3527 2940 3578 καὶ
2981 3527 3177 3596 πράξει
3218 3527 3322 3591 τάς
3362 3527 3556 3598 ήδονὰς
3595 3530 3730 3582 ὑπο-

2152 3617 2424 3682 τάξαντας
2453 3617 2534 3680 ⁸³,
2569 3617 2662 3670 καὶ
2697 3618 2798 3687 τὴν
2827 3617 3024 3687 εὐσεϐῆ
3069 3619 3251 3672 πίστιν
3283 3620 3732 3690 ἀνεπαισχύντως

2143 3706 2533 3777 κηρύττοντας,
2563 3708 2656 3760 καί
2679 3709 2746 3760 τα
2770 3709 2871 3778 τῆς
2900 3708 3183 3773 εὐσεϐείας
3214 3709 3654 3782 γαλουχηθέντας
3680 3713 3734 3747 ⁸⁵

2143 3798 2412 3865 δόγματα,
2437 3798 2528 3849 καὶ
2555 3796 2714 3866 νίκην
2740 3797 2998 3862 πολλάκις
3034 3799 3177 3853 κατά
3197 3800 3466 3870 δαιμόνων
3496 3803 3746 3874 ἐπάραν-

2141 3907 2235 3950 τα;
2260 3890 2342 3953 ⁸⁵,
2375 3889 2543 3960 ἀρετῇ
2581 3889 2966 3953 δυσωποῦντας
3003 3890 3094 3944 τὸν
3139 3892 3452 3956 ἀντίπαλον,
3481 3893 3574 3946 καὶ
3621 3898 3738 3964 τὴν

2158 3984 2445 4055 ’Λρειανὴν
2475 3986 2774 4052 σοφωτάτῳ
2823 3983 2967 4053 λόγῳ
3009 3983 3427 4053 στηλιτεύοντας
3485 3985 3729 4056 αἰρεσιν,

2144 4075 2374 4145 ὄργανον
2409 4075 2690 4146 ὠμότητος
2717 4075 2808 4129 τὸν
2845 4075 3246 4146 προειρημένον
3274 4077 3510 4148 ἔχοντες,
3561 4079 3735 4149 ὑπερ-

2144 4169 2328 4240 ορίους
2367 4169 2758 4238 πεποιήκασιν,
2782 4169 2838 4221 ἐν
2864 4169 3160 4240 οἰκουμένῃ
3201 4172 3348 4241 παρᾶ
3379 4171 3488 4224 τῶν
3523 4172 3732 4242 Κοριο-

2146 4262 2353 4315 κτόνων
2404 4260 2670 4314 Ἰουδαίων
2706 4260 2878 4324 πόλει,
2913 4262 3152 4333 τοῦνομα
3177 4263 3583 4334 Διοκαισαρείᾳ.
3612 4264 3728 4317 Καὶ

2143 4356 2292 4424 ὅμως
2318 4355 2392 4418 ὡς
2425 4355 2453 4407 ὁ
2488 4354 2639 4426 ᾅδης,
2673 4355 2766 4407 ἐπὶ
2804 4352 3020 4424 Θανάτῳ
3054 4353 3164 4408 τῶν
3215 4354 3462 4424 ἀδελφῶν
3491 4357 3593 4409 οὐκ
3619 4358 3732 4426 ἐμ-

2068 4449 2110 4501 D
2141 4449 2494 4517 πιπλάμενοι,
2526 4445 2844 4516 ἅπανταχοῦ
2884 4448 2988 4517 γῆς
3016 4447 3325 4517 ἐτόλμησαν
3353 4451 3404 4501 οἱ
3437 4449 3736 4519 παράορο-

449 4553 537 4600 νες
567 4540 658 4591 καὶ
685 4540 968 4611 ἀϐέλτεροι
1006 4541 1102 4610 τῆς
1137 4541 1341 4603 οίκείας
1382 4541 1664 4610 ὠμότητος
1701 4541 2022 4611 καταλεῖψαι
2056 4544 2398 4616 μνημόσυνα,
2434 4542 2498 4594 ἐκ
2530 4540 2718 4594 κακῶν
2763 4541 2908 4610 ἐχειν
2948 4542 3008 4594 τὸ
3044 4543 3338 4616 γνώρισμα
3381 4541 3731 4612 βουλόμενοι-

461 4631 592 4684 Ἰδοίι
643 4632 751 4704 γὰρ
796 4633 958 4686 πάλιν
1003 4632 1297 4703 κληρικοὺς
1357 4633 1452 4703 τῆς
1533 4633 1828 4704 καθολικῆς
1908 4635 2237 4706 Ἐκκλησίας
2284 4639 2339 4689 ἐν
2411 4635 2714 4707 Ἀντιοχείᾳ
2763 4634 3173 4707 διατρίϐοντας,
3242 4638 3360 4708 ἅμα
3420 4634 3740 4700 σπουδαίοις

453 4725 767 4795 μονάζουσι,
833 4725 901 4779 τὰ
942 4727 1040 4794 τῆς
1145 4726 1582 4796 δραματουργίας
1629 4725 1806 4778 αὐτῶν
1855 4727 2334 4800 διαμαρτύρασθαι
2386 4727 2796 4799 προθεμένους,
2856 4727 3145 4798 βασιλικὰς
3215 4732 3523 4802 ἡχήσαντες
3606 4738 3739 4785 κατ’

449 4815 627 4870 αὐτῶν
653 4815 844 4880 ἀκοὰς,
875 4817 973 4887 τὴν
997 4816 1430 4886 Νεοκαισάρειαν
1465 4814 1558 4868 τοῦ
1607 4816 1808 4869 Πόντου
1847 4817 2018 4870 οἰκεῖν
2059 4816 2514 4886 παρεσκεύασαν·
2543 4817 2592 4868 οἳ
2613 4817 2750 4886 τάχα
2779 4816 2872 4870 καὶ
2916 4816 3011 4871 τοῦ
3040 4817 3137 4890 ζῇν
3172 4820 3569 4892 ἐστερήθησαν,
3639 4822 3744 4878 ϐοὰ.

449 4909 546 4980 τήν
573 4907 678 4961 τῶν
709 4908 890 4961 τόπων
921 4909 1240 4980 ἀγριότητα.
1270 4908 1540 4972 Τοιαύτας
1573 4910 1602 4961 ὁ
1643 4909 1833 4980 καιρὸς
1861 4911 2065 4974 ἐκεῖνος
2100 4911 2318 4976 ἐδέξατο
2373 4910 2679 4982 τραγῳδίας
2705 4951 2718 4976 ,
2763 4911 2924 4981 σιγῆς
2987 4911 3087 4982 μὲν
3157 4913 3251 4966 καὶ
3304 4913 3474 4985 λήθης
3545 4914 3740 4981 ἀξίας,

450 4999 508 5052 ἐν
534 4998 930 5070 συγγράμμασι
962 4999 1018 5052 δέ
1044 4999 1330 5069 τιθεμένας
1366 5000 1442 5061 είς
1489 4999 1711 5069 ἔλεγχον
1775 4999 1882 5052 τῶν
1949 5002 2088 5055 κατα
2158 5002 2252 5056 τοῦ
2311 5001 2648 5071 Μονογενοῦς
2702 5005 3040 5074 κινησάντων
3110 5006 3208 5072 τας
3240 5007 3486 5078 γλώττας
3508 5024 3523 5039 ·
3549 5009 3601 5062 οῖ
3629 5013 3746 5082 τὴν

1770 5132 2004 5188 vitam
2023 5135 2448 5214 'LECTlONES.

527 5291 663 5364 "cp?
692 5291 861 5364 abest
893 5306 921 5345 a
972 5291 1160 5356 Basil.,
1205 5300 1372 5364 recte,
1422 5303 1480 5349 ut
1513 5296 1727 5364 opinor.

453 5359 641 5432 Szeph.
683 5363 704 5417 l
737 5372 790 5416 et
817 5361 1045 5432 Niceph.
1160 5363 1205 5394 τ’
1233 5363 1532 5420 ἀκόλαστον
1553 5359 1728 5422 ’Βυείι

451 5434 602 5512 dunt,
642 5442 699 5486 ut
727 5442 845 5512 erat
897 5451 1084 5512 supra,
1121 5450 1150 5489 e
1178 5436 1342 5512 Basil.
1373 5449 1427 5512 et
1456 5436 1684 5512 Niceph.
1711 5507 1734 5512 _
1763 5441 1808 5472 ⁷³
1840 5439 2026 5512 ἠϐούλλ.
2079 5438 2202 5493 Bas.
2237 5449 2289 5494 et
2316 5438 2504 5509 Steph.
2619 5442 2664 5473 ⁸ο
2693 5441 2969 5512 ἐνέδρευον
3011 5441 3325 5512 Cliristoph.
3438 5442 3480 5473 ⁸⁸
3504 5441 3750 5508 ζητοῦσι

449 5501 571 5555 τίνα
609 5504 919 5581 καταπίωσι
962 5501 1095 5581 llas.
1127 5513 1181 5559 ct
1238 5505 1427 5581 Steph.
1473 5501 1874 5581 1.-Ζηλοῦντες
1901 5510 1960 5578 (I.
2000 5510 2146 5580 ζητ.)
2197 5512 2318 5562 τινα
2347 5501 2636 5565 καταπιεῖν
2691 5501 2923 5581 Niceph.
2957 5521 3010 5565 et
3041 5501 3252 5581 Epiph.‘
3349 5513 3391 5546 ³⁸
3427 5501 3748 5581 ἀποκρουό-

455 5525 571 5555 τινα
609 5525 919 5557 καταπιωσι
973 5525 1095 5561 uas.
1127 5525 1181 5559 ct
1238 5525 1427 5574 Dtcpll.
1473 5525 1522 5562 ι.
1563 5525 1599 5562 ι,
1646 5525 1864 5573 λουντες
1901 5525 1960 5578 (ι.
2000 5525 2146 5580 ςητ.)
2197 5525 2318 5562 τινα
2347 5525 2636 5565 καταπιειν
2691 5525 2923 5581 mcepn.
2957 5525 3010 5565 et
3041 5525 3234 5581 ιιριμιι.
3350 5525 3391 5546 ³·
3427 5525 3742 5580 αποκρουοε

455 5589 605 5656 μενοι
638 5577 842 5656 mauult
883 5573 1138 5656 valesius
1157 5593 1263 5656 no_n
1298 5577 1491 5656 inale.‘
1531 5579 1576 5608 ³³
1605 5525 1770 5656 llaec;
1827 5581 2103 5656 καίῌλόγῳ-
2127 5613 2193 5621 -
2230 5581 2459 5656 ὑποτάξ.Δ
2483 5597 2605 5656 quae
2643 5583 3032 5656 hahet_Stepb.
3067 5584 3126 5656 2,Δ
3155 5581 3384 5654 Niceph.
3419 5590 3474 5656 et
3497 5579 3742 5656 Eptpll.,

458 5648 657 5725 absunt
689 5643 872 5725 a‘Bas.
906 5653 967 5724 et.
995 5645 1188 5725 Steph._
1213 5647 1260 5699 l.
1332 5645 1375 5725 ‘_‘
1403 5647 1869 5725 γαλουχήσαντας.
1897 5643 2034 5725 Ρίιιί⁷
2052 5643 2203 5705 liber.
2283 5651 2334 5725 ⁸⁸-
2363 5643 2521 5724 ἐπάρῖ
2557 5653 2709 5710 abest
2747 5668 2775 5706 a
2809 5643 3216 5710 Basileeusibus
3237 5695 3250 5721 ,
3293 5643 3458 5725 quod.
3480 5643 3746 5709 att-illud:

463 5719 676 5766 vertens
698 5711 1040 5768 Camerarius
1067 5711 1228 5783 paulo
1272 5711 1535 5785 ante‘pro
1567 5711 1723 5789 νίκην
1757 5711 1858 5791 legi
1892 5723 2105 5776 volebat
2148 5722 2394 5792 νικητάς.

1805 5299 1853 5330 ⁷³
1881 5301 1994 5362 τοῖς
2032 5296 2194 5352 iidem
2236 5315 2360 5353 eum
2413 5298 2635 5369 Niceph.

2823 5301 2898 5373 μὴ
3039 5300 3227 5370 Steph.
3256 5302 3446 5373 2.99:
3473 5295 3543 5370 ἦν
3573 5300 3742 5373 Βεε..

1835 5369 1881 5400 ⁷⁸
1909 5369 2320 5431 ἐπεκτείναντες
2374 5370 2558 5424 iidem.

2669 5371 2714 5402 '"
2739 5370 2964 5434 ἀδικίας
2983 5371 3166 5426 iidem.
3246 5373 3294 5403 "‘
3323 5370 3400 5424 Ita
3424 5372 3750 5428 rescriben-
