4032 6192
366 235 497 302 Β181

1288 245 1874 306 ECCLESI'ASTICzE
1898 247 2278 306 HISTORIE
2309 249 2451 307 LIB.
2485 248 2584 308 IV.

3465 236 3601 300 1182

357 357 457 425 τῆς
505 354 850 425 βλασφημίας
890 356 1257 428 εἰσδεξάμενοι
1315 361 1611 425 λόττανδθ,
1653 364 1713 415 οὔ
1757 362 1915 430 μόνον
1953 362 2044 414 τὸν
2074 363 2178 414 τῶν
2212 363 2348 415 ὅλων
2379 360 2656 428 Δεσπότην
2715 355 2951 420 τοξεύειν
3014 351 3398 424 ἐπιχειροῦσιν,
3469 355 3602 408 ἀλλά

359 450 452 503 καὶ
484 449 622 503 κατά
655 449 759 503 τῶν
801 450 1040 503 εὐσεϐῶν
1093 453 1258 506 αὑτοῦ
1311 455 1656 524 θεραπόντων
1695 455 1783 508 τὸν
1818 456 2079 510 ἄσπονδον
2103 457 2416 522 ἀνεδέξαντο
2447 455 2700 523 πόλεμον.

859 541 1008 615 uso]
1039 546 1286 599 ΚΕΦΑΛ.
1327 548 1412 601 K'.

357 635 499 714 Περὶ
542 637 770 714 [lietque
790 635 918 714 ,τῇς
957 637 1366 714 ὀρχηγοᾷμτῶν
1413 636 1791 714 Σαίακηνῶγ,
1827 638 1923 691 καὶ

429 705 533 772 τῆς
561 705 817 759 Μωϊνσοῦ
839 706 881 736 ³⁷
919 706 1022 759 τοῦ
1055 705 1414 774 μονάζοντος
1459 709 1853 775 χειροτονίας.

429 797 562 849 Κατ’
613 798 818 849 ἐκεῖνον
876 797 965 848 τὸν
1019 797 1246 867 χρόνον,
1300 797 1410 849 τῶν
1457 798 1809 868 Ἰσμαηλιτῶν
1858 797 1927 851 τὰ

361 887 532 958 φῦλα,
595 889 694 951 τὰς
751 888 1094 951 πελαζούσας
1147 892 1212 958 τῇ
1269 889 1555 958 Ῥωμαίων
1599 889 1925 960 ὴγεμονίᾳδδ

359 979 599 1050 ἐληῖζετο
650 978 848 1049 χώρας.
911 980 1156 1032 Μαϐίαυθ
1183 981 1238 1032 δέ
1296 981 1499 1032 τούτων
1546 981 1770 1050 ἡγεῖτο,
1829 982 1926 1051 οὐχ

357 1071 540 1140 ὁρῶσα
566 1069 662 1138 μὲν
696 1070 763 1139 ἢν
808 1070 966 1139 ἔλαχε
1025 1068 1205 1136 φύσιν,
1257 1070 1484 1140 ἀνδρείῳ
1511 1071 1566 1123 δὲ
1614 1073 1924 1142 φρονήματι

360 1160 692 1231 κεχρημένη.
727 1159 873 1229 Αὕτη
909 1159 1047 1230 μετά
1089 1160 1287 1222 πολλάς
1333 1160 1650 1230 συμπλοκάς
1701 1178 1927 1214 σπεισα-

363 1252 520 1322 μένη,
557 1247 674 1303 εἶτα
696 1252 792 1320 τῆς
816 1249 1141 1317 θεογνωσίας
1163 1250 1516 1321 εἰσδεξαμένη
1543 1252 1603 1303 τὸ
1632 1251 1768 1320 φῶς,
1798 1251 1928 1321 ᾔτη-

363 1359 454 1396 σεν
497 1343 760 1413 ἀρχιερέα
807 1341 1181 1410 προϐληθῆναι
1232 1341 1309 1411 τῷ
1347 1342 1488 1395 ἔθνει
1523 1343 1727 1412 Μωσῆν
1784 1361 1924 1404 τινα,

361 1434 417 1484 ἐν
439 1432 676 1503 μεθορίῳ
695 1434 792 1502 τῆς
809 1431 1085 1499 Αἰγύπτου
1116 1433 1207 1484 καὶ
1233 1432 1592 1501 Παλαιστίνης
1621 1432 1928 1502 ἐσκηνωμὲ·

361 1539 469 1574 νον.
504 1522 718 1591 Ταύτην
741 1520 1032 1591 δεξάμενος
1063 1524 1090 1574 ὀ
1116 1523 1294 1592 Βάλης
1325 1523 1424 1592 τῆν
1454 1522 1689 1591 αἴτησιν,
1722 1525 1799 1586 εἰς
1829 1523 1926 1592 τὴν

373 1611 774 1684 Ἀλεξάνδρειαν
809 1613 1121 1683 ἀπαχθῆναι
1150 1614 1200 1645 9°
1228 1615 1318 1667 τὸν
1363 1613 1503 1668 θεῖον
1553 1614 1722 1684 ἄνδρα
1756 1631 1925 1685 προσ-

362 1700 540 1765 έταξε,
573 1701 827 1754 κάκεῖθεν
895 1701 1057 1753 αὐτὸν
1092 1701 1192 1771 τὴν
1222 1702 1616 1772 ἀρχιερατικὴν
1669 1702 1928 1766 ὑποδέξα-

365 1787 488 1838 σθαι
533 1789 695 1858 χάριν
718 1805 730 1816 ·
768 1789 949 1858 ἐκείνη
967 1789 1010 1819 ⁹¹
1036 1789 1142 1860 γάρ
1172 1789 1370 1859 μᾶλλον
1391 1789 1674 1854 ἐπέλαζεν.
1710 1789 1926 1861 Ἐπειδὴ

1953 554 2000 607 Α

2302 546 2454 600 eae.
2491 544 2608 598 xx.
2647 543 2727 616 [Β.
2765 542 2845 596 St.
2872 541 2937 596 v.
2968 542 3056 594 es.
3088 539 3187 594 οι..
3215 537 3331 610 21.]

2193 638 2268 692 De
2299 636 2478 690 Maria
2510 635 2897 688 Saracenorum
2930 633 3128 699 regina,
3163 641 3210 684 et
3241 627 3408 686 Mosis

2493 705 2732 757 nronachi
2772 704 3120 756 ordinatione.

2098 794 2196 850 "is
2283 796 2623 864 temporibus
2712 793 3104 846 lsnuaelitarum
3193 807 3325 861 gens
3389 793 3596 850 vicinas

2033 888 2244 958 1000
2295 886 2544 940 Romano
2606 883 2836 953 imperio
2897 885 3148 950 regiones
3202 885 3596 951 populabatur,

2028 995 2264 1050 quorum
2298 979 2403 1032 dux
2452 976 2625 1029 Maria
2649 1017 2662 1039 ,
2700 973 3002 1027 naturalem
3039 987 3226 1026 sexum
3269 973 3478 1037 oblita,‘
3511 975 3595 1027 vi-

2030 1071 2157 1123 riles
2202 1069 2415 1121 animos
2448 1065 2724 1120 induerat.
2761 1057 2880 1117 Ihcc
2912 1071 3036 1130 post
3075 1062 3274 1114 multos
3314 1063 3600 1119 conflictus

2029 1161 2236 1214 foedere
2277 1158 2439 1222 facto,
2481 1157 2788 1224 divinaeque
2810 1151 3136 1223 cognitionis
3171 1147 3380 1206 lumine
3408 1168 3599 1208 susce-

2031 1261 2141 1322 pto,
2175 1251 2327 1319 petiit
2361 1257 2417 1302 ut
2446 1248 2592 1319 genti
2624 1263 2735 1301 suae
2784 1244 3026 1314 pontifex
3084 1253 3368 1296 crearetur
3420 1244 3600 1300 Moses

2030 1339 2273 1410 quidam,
2331 1337 2421 1406 qui
2464 1335 2751 1389 habitabat
2787 1332 2841 1385 in
2880 1331 3082 1383 finibus
3128 1328 3347 1398 Egypti
3401 1335 3453 1382 et
3496 1326 3602 1384 Pa-

2031 1433 2278 1486 laestinae.
2304 1430 2565 1483 Annuens
2605 1423 2957 1496 postulationi
2988 1421 3186 1474 Valens
3219 1421 3599 1474 Alexandriam

2029 1523 2157 1578 duci
2217 1529 2467 1575 sanctum
2521 1518 2697 1571 virmn
2749 1500 2938 1583 jussit,
2992 1511 3176 1581 ibique
3223 1519 3444 1580 propter
3492 1511 3598 1565 luci

2028 1614 2367 1668 vicinitatem
2430 1608 2726 1680 pontificali
2757 1605 2933 1674 gratia
2983 1603 3258 1672 insigniri.
3316 1602 3435 1667 Quo
3469 1617 3597 1670 per-

2029 1706 2230 1760 ductos
2263 1719 2386 1758 cum
2418 1709 2563 1756 esset
2587 1741 2601 1763 ,
2639 1699 2955 1766 videretque
2982 1695 3206 1748 Lucium
3238 1695 3340 1748 sibi
3374 1707 3597 1746 manum

2029 1800 2167 1853 velle
2204 1797 2482 1864 imponere
2520 1812 2531 1846 :
2571 1810 2588 1843 ι
2617 1791 2796 1853 Absit,
2831 1788 3033 1856 inquit,
3063 1795 3120 1840 ut
3151 1802 3312 1839 manu
3345 1794 3435 1838 tua
3466 1800 3601 1839 con-

361 1879 415 1931 δὲ
446 1878 686 1948 ἀπήχθη,
718 1879 811 1930 καὶ
837 1878 929 1930 τὸν
959 1878 1188 1931 Λούκιον
1211 1877 1346 1933 εἶδεν
1364 1879 1631 1934 ἐπιθεῖναι
1659 1881 1807 1950 αὐτῷ
1830 1881 1926 1952 τὴν

2032 1905 2236 1945 secrer.
2273 1887 2405 1941 Nam
2447 1893 2498 1939 te
2529 1884 2819 1938 invocante
2852 1880 3092 1949 Spiritus
3126 1879 3299 1947 gratia
3336 1893 3443 1930 non
3506 1892 3600 1932 ve-

364 1971 522 2039 χεῖρα
549 1968 906 2040 πειρώμενον,
942 1987 959 2020 ι
991 1969 1080 2039 Μὴ
1111 1970 1341 2036 γένοιτο,
1373 1969 1498 2040 ἔφη,
1529 1971 1676 2040 παρά
1705 1969 1802 2039 τῆς
1827 1970 1926 2040 σῆς

367 2077 433 2130 με
479 2060 918 2130 χειροτονηθῆναι
971 2060 1188 2129 χειρός·
1239 2061 1338 2112 οὐκ
1384 2061 1636 2130 ἐπιφοιτᾷ
1671 2060 1781 2131 γὰρ
1827 2059 1927 2114 σοῦ

363 2151 653 2214 καλοῦντος
677 2152 708 2220 ἡ
734 2151 892 2221 χάρις
937 2149 1028 2202 τοῦ
1056 2149 1390 2215 Πνεύματος.
1417 2169 1435 2202 ι
1487 2151 1543 2204 'U
1569 2151 1625 2204 δέ
1657 2151 1885 2214 Λούκιος
1910 2192 1926 2216 ,

370 2261 388 2292 ι
410 2241 579 2294 Πόθεν
606 2239 797 2307 ταῦτα,
833 2240 959 2310 ἔφη,
999 2241 1250 2306 τοπάζων
1279 2241 1459 2308 λέγεις
1483 2257 1496 2304 ;
1525 2261 1544 2293 ι
1591 2242 1650 2295 '0
1681 2241 1736 2294 δέ
1757 2281 1772 2306 ,
1810 2262 1826 2293 ι
1851 2243 1927 2295 Οὐ

360 2335 613 2397 τοπάζων
641 2330 812 2398 εἷπον,
837 2335 948 2386 ἀλλ’
969 2328 1084 2387 οἴδα
1112 2332 1321 2402 σαφῶς·
1343 2336 1454 2396 τοῖς
1481 2350 1536 2385 τε
1561 2332 1669 2403 γάρ
1700 2334 1930 2386 ἀποστο-

361 2424 530 2487 λικοῖς
553 2424 787 2494 δόγμασι
815 2423 1061 2494 διαμάχῃ
1078 2425 1146 2487 ³³,
1166 2424 1261 2476 καὶ
1285 2422 1555 2475 ἀντίπαλα
1576 2423 1806 2493 φθέγγῃ,
1835 2422 1930 2476 καὶ

362 2518 474 2578 τοῖς
533 2515 873 2585 βλασφήμοις
921 2517 1102 2584 λόγοις
1143 2518 1434 2588 συμϐαίνει
1483 2518 1550 2570 τὰ
1598 2517 1932 2587 παρανόμως

363 2602 676 2672 γιγνόμενα.
709 2603 804 2666 Τίς
831 2603 940 2673 γάρ
965 2603 1053 2656 διά
1091 2605 1149 2655 σέ
1176 2604 1442 2674 δυσσεϐὴς
1471 2605 1586 2666 τοῖς
1635 2602 1928 2673 ἐκκλησια-

363 2697 565 2756 στικοίς
601 2692 879 2761 συλλόγοις
908 2695 1008 2746 οὐκ
1040 2693 1292 2764 ἐκώμασε
1315 2695 1360 2726 ³³
1391 2695 1507 2760 ;τίς
1540 2693 1649 2746 τῶν
1684 2695 1931 2760 ἀξιεπαί-

362 2803 466 2838 νων
495 2785 704 2855 ἀνδρῶν
736 2785 837 2838 οὐκ
869 2785 1164 2856 ἐλήλαται;
1198 2786 1358 2839 ποίαν
1388 2786 1680 2856 θηριωδίαν
1723 2786 1930 2858 βαρϐα-

366 2877 522 2946 ρικὴν
550 2877 649 2929 οὐκ
678 2877 962 2947 ἀπέκρυψε
991 2877 1060 2930 τά
1083 2878 1233 2949 παρὰ
1264 2877 1358 2931 σοῦ
1389 2878 1512 2930 καθ’
1534 2879 1770 2948 ἑκάστην
1798 2880 1932 2949 ἡμέ-

367 2982 464 3035 ραν
493 2965 918 3034 τολμώμενα⁹⁵;
947 2967 1175 3021 Ταῦταὸ
1224 2969 1323 3038 μὲν
1353 2969 1670 3040 θαρραλέως
1703 2969 1887 3038 ἔλεγεν
1913 2988 1927 3002 ·

363 3057 394 3108 δ
437 3055 494 3110 δὲ
547 3055 724 3125 φονῶν
750 3057 796 3088 ³⁸
851 3058 1040 3127 ῆκουε,
1087 3058 1184 3111 καὶ
1228 3062 1440 3129 σφαγῆς
1503 3059 1602 3126 μὲν
1655 3061 1842 3128 ἠφίετο
1862 3062 1929 3126 ’⁸,

364 3148 551 3201 ἐδεδίει
573 3149 629 3201 δέ
654 3149 729 3218 μὴ
755 3148 915 3202 πάλιν
935 3149 1106 3219 ἐξάψῃ
1125 3149 1169 3181 ’⁷
1193 3149 1283 3202 τὸν
1302 3151 1652 3220 παυσάμενον
1671 3151 1926 3220 πόλεμον.

407 3236 439 3295 ὖ
459 3242 522 3312 δὴ
541 3241 722 3312 χάριν,
743 3242 950 3311 ἑτέροις
974 3241 1350 3304 ἐπισκόποις⁹⁸
1375 3241 1745 3312 προσαχθῆναι
1763 3260 1932 3314 προσ-

365 3333 572 3400 έταξεν,
607 3331 697 3396 οὓς
722 3335 923 3398 ἐκεῖνος
940 3332 1098 3405 ἐξῄτη
1109 3350 1188 3388 σε.
1219 3334 1373 3387 Μετά
1398 3333 1454 3386 δὲ
1484 3335 1578 3404 τῆς
1600 3332 1933 3402 ἀξιαγάστοη

367 3424 598 3487 πίστεως
631 3424 728 3494 τὴν
752 3425 1138 3496 ἀρχιερατικὴν
1167 3425 1545 3496 είσδεξάμενος
1584 3426 1766 3499 χάριν,
1791 3427 1921 3495 πρὸς

365 3516 488 3577 τοὺς
510 3515 834 3584 αἰτήσαντας
863 3516 1217 3587 παρεγένετο,
1249 3519 1344 3570 καὶ
1377 3520 1498 3580 ταῖς
1544 3518 1930 3581 ἀποστολικαῒς

366 3604 730 3669 διδασκαλίαις
759 3623 815 3658 τε
856 3607 949 3659 καὶ
975 3607 1437 3678 θαυματουργίαις
1486 3611 1622 3678 πρὸς
1661 3611 1757 3681 τῆν
1791 3609 1925 3680 ἀλή-

2033 1983 2130 2036 ηἰι.
2156 2002 2174 2031 ι
2223 1979 2322 2046 Cui
2367 1977 2572 2030 Lucius
2608 1992 2620 2028 :
2653 1974 2810 2037 (Qua
2849 1971 3068 2029 ductus,
3119 1969 3225 2030 ait,
3279 1967 3602 2036 conjectura

2034 2071 2136 2124 hoc
2177 2067 2356 2122 dicis?
2393 2087 2410 2119 ι
2464 2067 2640 2120 Etille
2677 2083 2689 2118 :
2731 2081 2748 2114 ι
2775 2060 2892 2115 Non
2944 2061 3316 2129 conjecturam
3379 2072 3612 2126 sequor,
3662 2068 3666 2072 ‘

2031 2163 2229 2231 inquit,
2263 2159 2356 2215 sed
2397 2166 2552 2213 certo
2583 2158 2698 2211 seio
2732 2172 2745 2208 :
2780 2154 2910 2223 quia
2958 2167 3081 2207 cum
3137 2150 3457 2220 apostolicis
3499 2150 3602 2204 do-

2031 2251 2307 2322 gmatibus
2348 2265 2579 2320 pugnas,
2608 2256 2664 2303 et
2711 2243 2988 2300 contraria
3030 2243 3212 2306 doces,
3247 2249 3301 2295 et
3346 2241 3606 2310 blasphe~

2011 2343 2154 2401 mia:
2189 2343 2479 2396 verborum
2513 2339 2680 2408 impia
2716 2335 2860 2390 facta
2890 2335 3245 2390 conveniunt.
3287 2332 3420 2398 Quis
3449 2346 3604 2384 nam-

2033 2451 2140 2504 que
2188 2434 2386 2503 impius
2437 2429 2834 2485 ecclesiasticis
2880 2425 3242 2481 conventibus
3294 2433 3384 2477 tua
3436 2436 3604 2476 causa

2035 2541 2143 2579 non
2189 2522 2658 2590 insoltavit?quis
2715 2519 3058 2573 laudatorum
3107 2517 3349 2569 virorqu
3410 2515 3606 2583 expul—

2033 2629 2130 2668 sus
2170 2630 2277 2666 non
2327 2613 2450 2666 est?
2502 2625 2665 2679 quam
2713 2608 2982 2662 feritatem
3030 2603 3375 2659 barbaricam
3422 2603 3606 2672 quoti-

2033 2704 2197 2758 diana
2235 2717 2368 2757 ausa
2404 2708 2495 2754 tua
2533 2715 2642 2753 non
2681 2697 3026 2753 obscurant?
3051 2715 3069 2748 ο
3107 2694 3230 2750 Haec
3287 2695 3376 2749 ille
3417 2693 3608 2748 ﬁdenti-

2033 2796 2219 2849 animo
2247 2792 2482 2847 dicebat.
2531 2790 2630 2844 llic
2656 2804 2787 2844 vero
2816 2788 3016 2842 caedem
3059 2787 3274 2857 spirans
3324 2785 3611 2848 audiebat,

2034 2896 2087 2943 et
2141 2887 2392 2941 occidere
2444 2883 2668 2953 quidem
2722 2880 3001 2950 cupiebat,
3057 2879 3151 2934 sed
3192 2879 3506 2945 verebatur,
3539 2891 3616 2930 ne

2034 2976 2357 3030 restincmm
2421 2973 2624 3026 bellum
2664 2971 2862 3022 iterum
2909 2967 3254 3024 accenderet.
3305 2966 3487 3033 Quare
3539 2965 3612 3020 ad

2034 3063 2169 3116 alios
2203 3060 2487 3130 episcopos
2544 3059 2668 3112 duci
2711 3058 2916 3128 1001
2941 3059 3132 3127 jussit,
3186 3073 3324 3126 quos
3362 3063 3606 3125 optarat.

2034 3154 2116 3207 Ab
2147 3152 2234 3206 his
2271 3167 2400 3220 ergo
2459 3157 2714 3218 percepta
2769 3165 2892 3203 eum
2941 3149 3251 3202 admirabili
3294 3147 3396 3202 fide
3433 3148 3615 3218 gratia

2037 3243 2357 3316 pontificali,
2401 3242 2466 3294 ad
2498 3255 2593 3295 eos
2627 3241 2913 3310 profectus
2936 3250 3042 3304 est,
3075 3241 3167 3309 qui
3199 3241 3377 3309 ipsum
3417 3246 3612 3309 postu-

2034 3342 2246 3403 larant,
2284 3353 2489 3406 eosque
2544 3335 2868 3404 apostolicis
2920 3334 3189 3388 doctrinis
3235 3349 3298 3388 ac
3330 3331 3622 3388 miraculis

2032 3434 2097 3487 ad
2135 3432 2412 3486 veritatem
2453 3429 2729 3499 perduxit.
2763 3427 2944 3495 Atque
2973 3427 3085 3480 ha-c
3115 3427 3336 3496 quidem
3374 3427 3614 3480 Alexan-

2031 3523 2164 3578 driae
2191 3537 2220 3576 a
2251 3521 2419 3575 Lucio
2448 3529 2620 3591 gesta,
2651 3528 2704 3573 et
2731 3534 2760 3570 a
2790 3517 2975 3572 divina
3013 3517 3356 3587 providentia
3389 3517 3612 3586 dispen-

2031 3623 2148 3671 sata
2199 3621 2352 3668 sunt.

366 3701 516 3755 θειαν
549 3701 902 3771 ἐποδήγησεν.
947 3701 1035 3754 Ἐν
1067 3702 1166 3772 μὲν
1193 3698 1286 3755 οὖν
1329 3701 1702 3775 Ἀλεξανδρείᾳ
1731 3706 1776 3737 ’⁸
1804 3708 2028 3764 τοιαῦτα
2058 3710 2163 3763 ὑπό
2199 3726 2261 3764 τε
2306 3707 2533 3762 Λουκίου
2565 3703 2854 3774 ἐτολμήθη,
2895 3701 2988 3753 καὶ
3032 3699 3136 3753 ὑπὸ
3163 3699 3262 3767 τῆς
3302 3697 3450 3761 θείας
3485 3714 3618 3768 προ-

369 3794 598 3867 μηθείας
647 3793 993 3867 ᾠκονομήθη.

845 3888 992 3963 [187]
1033 3891 1277 3946 ΚΕΦΑΛ.
1321 3893 1451 3945 KA'.

366 3982 499 4046 Περὶ
553 3980 668 4033 τῶν
708 3981 777 4034 ἐν
821 3984 1452 4036 Κωνσταντινουπόλει
1495 3983 1930 4052 τολμηθὲν-των.

447 4073 534 4123 Ἑν
553 4072 610 4124 δέ
634 4073 1192 4127 Κωνσταντινουπόλει
1215 4074 1420 4142 σκάφος
1442 4075 1679 4127 εὐσεϐῶν
1705 4075 1935 4146 πρεσϐυ-

367 4161 540 4232 τέρων
564 4161 935 4231 ἐμπλήσαντες
949 4163 998 4214 ot
1017 4163 1116 4231 τῆς
1143 4164 1196 4214 ’Δ
1207 4163 1348 4232 ρείου
1375 4164 1698 4234 συμμορίας,
1717 4167 1933 4237 ἀφῆκαν

369 4254 760 4323 ἀνερμάτιστον
806 4255 884 4316 είς
921 4253 980 4305 τὺ
1015 4253 1245 4320 πέλαγος
1274 4269 1288 4284 ·
1334 4250 1451 4306 εἶτα
1483 4255 1632 4320 τινὰς
1664 4255 1768 4309 τῶν
1801 4259 1932 4328 ὀμο-

368 4345 656 4413 γνωμόνων
688 4344 766 4405 είς
811 4343 1102 4412 πορθμεῖον
1131 4344 1316 4414 ἕτερον
1359 4344 1774 4413 ἐμϐιϐάσαντες,
1822 4347 1932 4419 πῦρ

265 4463 278 4470 -
368 4437 650 4502 ἐπαφεῖναι
692 4432 769 4504 τῷ
814 4434 1007 4500 σκάφει
1045 4434 1152 4487 τῶν
1194 4435 1573 4507 πρεσϐυτέρων
1622 4437 1930 4492 ἐκέλευσαν.

368 4522 442 4581 Οὖ
467 4525 778 4596 γενομένου,
808 4525 939 4592 πυρὶ
970 4525 1062 4578 καὶ
1089 4525 1324 4598 θαλάττῃ
1355 4527 1666 4596 μαχόμενοι,
1687 4529 1838 4592 τέλος
1858 4527 1936 4599 τῷ

2286 3885 2439 3941 CAP.
2481 3881 2621 3936 XXI.
2657 3879 2742 3952 [Β.
2771 3879 2853 3932 St.
2896 3876 2958 3931 γ.
2989 3877 3081 3931 2i.
3119 3877 3218 3931 Ch.
3243 3873 3364 3946 22.]

2169 3981 2240 4034 De
2284 3978 2437 4030 rebus
2479 3974 2736 4026 atrociter
2762 3970 2919 4036 gestis
2961 3965 3450 4031 Constantinopoli.

2104 4065 2583 4136 Constantinopoli
2625 4078 2755 4119 vero
2796 4061 2983 4113 Ariani
3033 4075 3222 4112 navem
3259 4059 3359 4126 piis
3389 4055 3614 4125 presby-

2037 4169 2168 4222 teris
2221 4161 2479 4218 refertam
2540 4157 2660 4211 sine
2714 4153 2946 4208 saburra
3003 4151 3066 4204 in
3094 4152 3261 4202 altum
3307 4148 3618 4216 impulere,

2037 4268 2149 4313 tum
2184 4271 2248 4310 ex
2280 4252 2394 4306 suis
2433 4248 2642 4316 aliquot
2693 4242 2850 4297 alteri
2904 4241 3122 4309 navigio
3160 4239 3459 4308 impositis,
3492 4238 3620 4307 jus-

2036 4365 2155 4407 sere
2180 4355 2238 4402 ut
2262 4343 2700 4416 presbyterorum
2724 4349 2914 4388 navem
2933 4331 3430 4396 incenderent.Quo
3449 4329 3618 4397 farto,

2037 4456 2161 4498 cum
2224 4439 2347 4506 igne
2387 4431 2635 4499 marique
2681 4423 3096 4487 conﬂictantes,
3143 4422 3358 4476 tandem
3398 4422 3450 4474 in
3492 4436 3617 4491 pro-

2042 4529 2266 4585 fundunt
2303 4520 2578 4582 demersi,
2633 4514 2878 4586 martyrii
2929 4529 3188 4568 coronam
3239 4513 3418 4582 adepti
3468 4519 3616 4570 sunt.

372 4620 514 4692 βυθῷ
545 4617 1034 4690 παρεπέμφθησαν,
1078 4619 1172 4670 καὶ
1207 4618 1300 4670 τοῦ
1331 4621 1628 4690 μαρτυρίου
1668 4622 1760 4674 τὸν
1809 4623 1928 4675 στέ-

2039 4619 2340 4674 Antiochia:
2373 4620 2553 4667 autem
2585 4605 2912 4676 longissimo
2942 4604 3206 4673 temporis
3254 4604 3433 4672 spatio
3463 4616 3615 4654 com-

369 4730 534 4781 φανον
564 4713 904 4782 ἀνεδήσαντο.
950 4711 1035 4762 Ἐν
1071 4710 1364 4782 ’Δντιοχείᾳ
1398 4711 1453 4764 δὲ
1485 4713 1512 4764 ὁ
1543 4711 1716 4782 Βάλης
1739 4713 1928 4783 χρόνον

367 4802 647 4871 διατρίψας
679 4803 760 4854 ὅτι
807 4802 1036 4870 μάλιστα
1079 4800 1354 4864 πλεῖστον,
1399 4801 1568 4855 ἅπασι
1619 4804 1715 4872 μὲν
1746 4803 1930 4858 ἄδειαν

369 4891 634 4953 ἐδεδώκει,
661 4892 754 4944 καὶ
777 4893 1020 4961 Ἕλλησι,
1048 4892 1140 4944 καὶ
1172 4891 1460 4956 Ἰουδαίοις,
1488 4893 1711 4957 καὶτοῖς
1732 4895 1930 4958 ἄλλοις,

367 4983 480 5036 ὅσοι
527 4983 586 5034 τὸ
630 4984 984 5053 Χριστιανὸνι
1021 4984 1190 5054 ὄνομα
1225 4984 1630 5055 περικείμενοι,
1675 4985 1934 5038 τάναντία

2039 4716 2282 4765 moratus
2305 4703 2540 4765 Valens,
2571 4703 2588 4720 ⁶
2627 4695 2902 4751 licentiam
2939 4694 3193 4748 onmibus
3231 4701 3620 4765 concesserat,

2038 4810 2090 4855 et
2121 4798 2376 4867 gentibus
2397 4836 2412 4860 ,
2465 4800 2520 4847 et
2552 4788 2756 4844 Iudaeis
2780 4827 2796 4852 ,
2831 4794 2884 4840 et
2931 4786 3054 4839 aliis
3082 4793 3348 4854 quotquot
3393 4783 3496 4838 sub
3527 4799 3622 4838 nrr-

2041 4891 2186 4945 mine
2209 4886 2519 4943 Christiano
2543 4879 2850 4937 doctrinam
2877 4875 3204 4944 evangelica:
3228 4882 3617 4944 repugnantem

2042 4981 2458 5053 profitebantur.
2491 4973 2628 5028 Nam
2671 4979 2725 5026 et
2771 4967 3057 5040 gentilium
3081 4981 3239 5022 sacra
3278 4965 3501 5021 obibant
3527 4966 3618 5036 qui

1664 5100 1900 5156 ΥΛΒΙᾹΞ
1937 5097 2337 5156 LECTIONES.

431 5190 478 5266 ’_‘
512 5190 604 5245 Sic
632 5189 818 5261 Steph.
846 5192 960 5266 Q‘et
995 5193 1337 5266 Savilijicum
1368 5194 1671 5264 Epiphanio
1697 5207 1752 5251 et
1782 5195 2109 5266 Nicephoro.
2137 5195 2240 5249 Sed
2272 5193 2610 5266 Basileenses
2649 5203 2704 5247 et
2725 5191 2913 5266 Steph.
2947 5192 2990 5266 In
3006 5192 3178 5244 νόσον.
3249 5188 3295 5220 ⁸⁷
3322 5183 3604 5266 Μωῦσέως

369 5262 566 5337 habent
600 5255 812 5337 caetera:
837 5262 990 5316 editt.
1025 5265 1107 5337 _”
1159 5265 1356 5334 Utique
1411 5255 1692 5334 iegendum
1734 5285 1746 5320 :
1783 5255 2099 5337 τῆςίῬωμ.
2138 5265 2434 5337 ἡγεμονίας
2459 5279 2474 5293 ⁸
2524 5279 2662 5337 nam
2721 5255 2908 5337 ipsum
2951 5260 3284 5337 _Romanum.
3331 5255 3618 5336 imperium

369 5333 476 5402 sibi
508 5332 748 5402 vicinum
782 5332 1036 5386 Saraceni
1058 5325 1605 5402 populabantuﬂnon
1639 5325 2116 5390 vicinas—Romano
2138 5325 2366 5401 iinp'erio
2388 5334 2714 5402 provincias,
2745 5325 2909 5402 'quod
2944 5329 3061 5402 jam
3110 5327 3356 5402 Valesius
3387 5325 3618 5402 monuit.

369 5403 412 5474 ξ’
448 5399 619 5453 Βαϐία
640 5401 787 5474 male
810 5403 968 5474 habet
997 5393 1186 5474 Steph.
1216 5406 1268 5458 2.
1345 5393 1722 5474 1η’,ἀναχθεῖνγναι
1755 5393 2431 5474 Casaubon.,Christoph.
2447 5412 2501 5474 et
2523 5393 2801 5474 Scaliger.-
2866 5400 2908 5474 ξι
2944 5393 3412 5474 ἐκείνῃ-ειιιθῐιιιιιι
3441 5393 3618 5474 .Sav't-

368 5471 492 5545 lius,
537 5471 798 5545 probante
831 5472 1063 5545 valegiio.
1098 5463 1185 5545 '_"
1226 5473 1496 5545 (ivngam
1531 5463 1720 5545 'Ste'ph.
1742 5473 1795 5528 2.
1872 5476 1918 5545 ’ξ
1945 5463 2278 5545 ἐπεκώμασε
2319 5463 2606 5545 Basil._Gr.
2639 5463 2704 5524 et.
2726 5469 2952 5545 _Step_h_._
2999 5469 3046 5545 ’ξ
3079 5463 3394 5536 τόλμημένα
3441 5463 3609 5545 Basil.

368 5540 463 5593 Gr.
574 5541 620 5572 "
665 5540 739 5594 Ita
775 5552 828 5596 et
857 5542 1198 5611 Christoph.,
1245 5540 1739 5611 Sealig.,“(.‘asaubt

369 5624 494 5682 cum
520 5608 682 5682 Basil.
725 5611 818 5665 Gr.
854 5621 906 5666 et
940 5611 1126 5680 Steph.
1173 5613 1193 5666 Ι
1235 5613 1490 5666 haberent
1516 5613 1739 5682 φονέων.

574 5541 620 5572 ³⁵
665 5539 739 5594 Ita
775 5552 828 5596 et
857 5542 1198 5611 Christoph.,
1245 5533 1843 5611 Scaligi‘,"(jasanbon.,
1898 5543 2014 5596 Pini
2047 5533 2344 5611 Saviliique
2372 5540 2555 5605 codd.,

985 5614 1126 5686 teph.
1173 5613 1193 5666 Ι
1235 5613 1490 5686 haberent
1516 5613 1739 5686 φονέῳν.
1826 5612 2084 5686 ὀλέφίετο
2108 5611 2269 5686 Bas_i|.
2407 5620 2469 5686 et
2498 5611 2684 5686 Steph.

369 5677 460 5731 τὸν
487 5680 635 5736 addit
656 5682 800 5736 idem
831 5697 953 5738 cum
969 5676 1154 5752 Steph.
1231 5683 1275 5716 ³⁸
1305 5683 1370 5750 τῇ
1414 5676 1583 5750 Ἀλέξ.
1624 5676 1811 5741 Iidem.
1883 5676 2265 5753 {Xptsrzavciiv
2299 5680 2464 5738 Basil.
2499 5682 2593 5736 Gr.

2597 5541 2739 5610 quod
2771 5532 3111 5610 et'V'alesius
3144 5532 3622 5610 I°ecie_rescripsi_t,

2774 5612 2816 5642 "
2847 5607 3042 5677 ἐξάψαι
3076 5607 3241 5663 Basil.
3269 5607 3368 5663 Gr.
3442 5603 3492 5637 ”
3521 5604 3626 5656 αὑ-
