4032 6192
439 293 572 356 1187

1421 291 1908 356 THEODORETI
1951 294 2288 357 EPISCOPI
2333 297 2698 359 CYRENSIS

3546 295 3683 361 1188

435 408 654 462 «lentius
686 402 1010 460 insultasset
1035 443 1048 466 ,
1083 401 1189 456 hoc
1231 401 1392 456 modo
1422 417 1614 472 poenas
1649 403 1771 456 luit.
1811 403 1858 458 Is
1893 404 2009 458 bal--

2120 426 2299 478 γησεν.
2366 406 2459 473 Εἷς
2505 411 2562 464 δὲ
2618 408 2728 462 τῶν
2775 408 2902 478 περὶ
2948 405 3039 460 τὸν
3100 394 3378 476 βασιλικὸν
3427 405 3678 464 κοιτῶνα.

436 500 521 554 nei
551 510 744 552 curam
775 509 898 548 cum
933 502 1186 561 gereret,
1219 508 1284 547 eo
1305 495 1508 548 statim
1541 503 1663 564 post
1715 495 1859 548 hunc
1893 510 2012 550 ser-

437 604 654 644 monem
689 585 1010 649 descendit,
1043 593 1102 637 ut
1130 584 1447 656 imperatori
1484 594 1817 655 prmpararet
1843 605 1855 641 :
1883 603 2009 642 cum

437 683 723 742 intrasset,
757 677 942 732 subito
963 683 1144 730 mente
1171 684 1387 743 captus,
1419 673 1472 727 in
1495 674 1795 730 ferventem
1814 691 2009 745 aquam

437 773 666 828 minime
717 777 1076 838 temperatam
1138 767 1382 830 desiliit,
1437 774 1492 821 et
1546 767 1855 822 exstinctus
1904 775 2008 822 est.

437 863 678 917 Sedebat
712 863 1034 930 imperator,
1063 868 1394 928 exspectans
1431 866 1490 912 ut
1535 859 1822 913 introitum
1873 876 2013 914 nun-

439 956 644 1009 tiaret:
683 954 952 1021 longoque
1001 959 1246 1019 tempore
1292 951 1610 1017 interjecto,
1667 951 1807 1006 alios
1862 955 2014 1009 misit

440 1046 531 1115 qui
567 1043 942 1098 cunctationis
990 1057 1212 1096 causam
1260 1042 1557 1096 referrent.
1614 1043 1683 1094 At
1731 1042 1808 1096 illi
1842 1044 2014 1098 intro-

441 1139 614 1209 gressi
643 1178 658 1200 ,
685 1138 871 1190 omnia
903 1136 1422 1204 circumspicientes
1447 1174 1460 1196 ,
1501 1142 1826 1202 repererunt
1855 1135 2010 1190 illum

435 1232 495 1285 in
533 1230 775 1284 fervente
811 1243 950 1298 aqua
1011 1237 1325 1290 mortuum,
1368 1234 1420 1280 et
1448 1228 1632 1280 calore
1656 1225 2009 1283 dissolutum.

437 1321 563 1390 Quo
594 1322 662 1374 ad
711 1323 1101 1388 imperatorem
1133 1320 1374 1388 perlato,
1425 1327 1800 1388 cognoverunt
1848 1335 2011 1387 quam

441 1416 550 1466 vim
602 1413 828 1466 haberet
883 1411 1182 1479 Aphraatis
1214 1410 1440 1463 oratio:
1495 1411 1563 1462 ab
1616 1411 1798 1478 impiis
1833 1419 2012 1464 tamen

441 1504 788 1574 dogmatibus
819 1518 925 1556 non
952 1511 1306 1556 recesserunt
1337 1540 1352 1564 ,
1385 1501 1480 1555 sed
1505 1501 1920 1555 obduraverunt
1947 1501 2013 1556 ad

439 1597 750 1666 exemplum
793 1594 1104 1648 Pharaonis
1156 1608 1253 1647 cor
1286 1609 1482 1656 suum;
1539 1600 1592 1647 et
1638 1609 1831 1648 vecors
1880 1594 2010 1658 ille,

439 1688 630 1742 audito
656 1687 837 1742 sancti
867 1686 972 1740 viri
999 1686 1271 1740 miraculo
1291 1725 1306 1750 ,
1338 1693 1530 1740 contra
1555 1686 1812 1754 pietatem
1833 1685 2012 1739 furere

441 1779 833 1850 perseveravit.

2115 496 2444 566 θρασύτερον
2473 491 2628 570 [190]
2654 498 2847 566 ἀπειλή
2857 513 2952 559 σας
2972 495 3048 566 τῷ
3067 495 3195 565 θείῳ
3224 493 3400 565 ἀνδρὶ,
3421 493 3618 547 τοιόνδε
3637 497 3681 526 ἰ

2112 605 2165 640 τι
2199 589 2451 642 πέπονθε·
2495 589 2600 642 Τοῦ
2644 588 2926 659 βαλανείου
2971 586 3398 656 πεπιστευμένος
3427 586 3526 656 τὴν
3564 587 3681 639 ἐπι·

2117 678 2354 748 μέλειαν,
2407 679 2567 744 εὐθὺς
2609 681 2750 750 μετὰ
2797 679 2984 733 τούσδε
3032 680 3156 742 τοὺς
3187 679 3401 746 λόγους,
3451 677 3686 747 κατῆλθε

2095 773 2268 826 τοῦτο
2293 774 2628 843 εὐτρεπίσων
2646 773 2723 843 τῷ
2748 771 2957 842 βασιλεί
2980 789 2994 802 ·
3025 772 3155 824 εἴσω
3181 771 3238 824 δὲ
3261 771 3567 840 γενόμενος,
3593 772 3686 822 καὶ

2113 865 2212 929 τὰς
2259 865 2457 936 φρένας
2507 865 2762 934 πληγεὶς,
2817 865 2897 926 εἰς
2948 864 3009 916 τὸ
3057 863 3394 934 θερμότατον,
3435 863 3576 932 ὕδωρ
3625 862 3686 915 τὸ

2114 957 2352 1030 ἄκρατον
2387 957 2714 1028 κατελήλυθὲ
2748 975 2806 1010 τε
2839 957 2932 1010 καὶ
2962 956 3367 1027 τετελεύτηκεν.
3422 956 3684 1026 Ἑκάθητθ

2111 1050 2170 1103 δὲ
2199 1051 2227 1102 ὁ
2262 1049 2514 1118 βασιλεὺς
2546 1051 2751 1103 ἐκεῖνον
2781 1049 3123 1120 προσμένων,
3152 1047 3293 1100 ὥστε
3326 1047 3472 1116 αὐτῷ
3514 1048 3684 1117 μηνῦ-

2116 1159 2206 1196 σαι
2235 1143 2332 1212 τὴν
2363 1142 2582 1194 εἴσοδον.
2629 1141 2842 1210 Ἐπειδὴ
2890 1140 2945 1193 δὲ
2983 1139 3146 1202 πολὺς
3177 1138 3431 1208 ἀνηλώθη
3477 1140 3682 1210 καιρὸς,

2113 1232 2432 1286 ἀπέστειλεν
2477 1234 2700 1303 ἑτέρους
2730 1233 2759 1284 ὁ
2806 1231 3078 1302 βασιλεὺς,
3103 1233 3202 1300 τῆς
3235 1229 3545 1298 μελλήσεως
3588 1229 3686 1298 τὴν

2113 1325 2292 1378 αἰτίαν
2329 1323 2684 1394 μηνύσοντας.
2722 1325 2784 1376 Οί
2817 1325 2874 1376 δὲ
2901 1323 3031 1376 εἴσω
3067 1322 3366 1392 γενόμενοι,
3394 1322 3488 1375 καὶ
3508 1321 3683 1372 πάντα

2115 1416 2642 1485 περισκοπήσαντες,
2682 1407 2838 1484 εὗρον
2885 1415 3088 1466 ἐκεῖνον
3123 1414 3181 1465 ὲν
3212 1411 3290 1481 τῷ
3333 1412 3554 1480 ἀκράτῳ
3593 1427 3683 1462 τε·

2121 1505 2329 1558 θνεῶτα
2377 1507 2472 1558 καὶ
2507 1504 2826 1558 διαλυθέντα
2869 1503 3076 1574 θερμῷ.
3128 1503 3238 1555 Καὶ
3284 1491 3445 1572 δήλου
3495 1499 3683 1553 τούτου

2114 1596 2407 1666 γενομένου
2437 1595 2514 1665 τῷ
2535 1595 2762 1664 βασιλεῖ,
2795 1595 3034 1662 ἔγνωσαν
3059 1595 3163 1662 τῆς
3191 1592 3498 1662 Ἀερραάτου
3523 1608 3688 1660 προσ-

2116 1689 2282 1755 ευχῆς
2318 1686 2416 1756 τὴν
2449 1685 2620 1754 ἰσχύν.
2653 1684 2774 1738 Τῶν
2813 1684 2870 1737 δὲ
2883 1688 2926 1716 ³³
2959 1684 3244 1754 δογμάτων
3276 1681 3386 1735 τῶν
3414 1681 3690 1734 δυσσεσῶν

2047 1757 2086 1811 Β
2115 1777 2214 1829 οὐκ
2256 1776 2572 1846 ἐξέστησαν,
2623 1775 2736 1828 ἀλλ’
2765 1775 3104 1846 ὲσκλήρυναν
3149 1772 3294 1828 κατὰ
3335 1773 3430 1826 τὸν
3487 1770 3692 1842 Φαραὼ

439 1874 537 1947 τὴν
581 1875 804 1942 καρδίαν
838 1873 1038 1941 αὐτῶν,
1085 1875 1179 1928 καὶ
1208 1875 1306 1946 τὴν
1335 1874 1428 1929 τοῦ
1464 1875 1612 1928 ὁσίου
1658 1873 2103 1946 θαυματουργίαν
2179 1874 2366 1946 μαθὼν
2407 1877 2436 1929 ὁ
2463 1873 2861 1946 ὲμῦρόντητος,
2920 1873 3195 1944 μεμένηκε
3258 1869 3403 1922 κατὰ
3455 1870 3554 1940 τῆς
3603 1867 3697 1920 εὖ·-

442 1983 498 2020 σε
507 1965 654 2028 ϐείας
684 1964 910 2028 λυττῶν.

557 2053 770 2124 mos
807 2051 958 2108 cap.
998 2051 1186 2107 xxw.
1219 2052 1302 2121 [Β.
1330 2051 1414 2108 St.
1448 2053 1512 2108 v.
1548 2054 1637 2107 ετ.
1663 2053 1761 2110 cu.
1792 2054 1910 2126 25.]

805 2143 885 2197 De
918 2153 1104 2198 sancto
1131 2143 1356 2198 Iuliano
1387 2147 1667 2200 monacho.

510 2235 718 2290 Eodem
743 2251 875 2290 vero
901 2243 1148 2306 tempore
1169 2237 1406 2292 celebris
1428 2238 1594 2291 etiam
1625 2239 1720 2293 ille
1739 2237 2020 2303 Julianus,

439 2327 606 2397 cujus
629 2335 788 2381 antea
820 2327 1177 2382 meminimus
1199 2367 1214 2392 ,
1245 2327 1440 2381 relicta
1471 2327 1796 2392 solitudine,
1825 2328 2022 2382 Antio-

442 2421 622 2474 chiam
650 2419 840 2473 venire
864 2427 1096 2474 coactus
1127 2428 1234 2474 est.
1271 2417 1411 2474 Nam
1446 2435 1570 2475 cum
1605 2418 2020 2474 mendaciorum

443 2511 689 2571 alumni,
723 2510 1196 2579 texendarumque
1233 2511 1644 2565 calumniarum
1679 2511 1831 2579 gravi
1870 2525 2018 2564 sem-

442 2617 540 2672 per
561 2602 806 2656 artilices
827 2641 842 2668 ,
876 2601 1114 2657 Arianos
1147 2601 1305 2666 dico,
1337 2616 1597 2671 magnum
1640 2601 1793 2653 illum
1834 2600 2014 2654 virum

443 2709 670 2751 suarum
692 2675 816 2750 esse
837 2695 1077 2764 partium
1098 2691 1456 2756 atlirmarent,
1471 2693 1671 2746 misere
1698 2690 2018 2756 Flavianus,

445 2785 713 2842 Diodorus
747 2795 800 2840 ct
835 2785 1126 2854 Aphrates,
1151 2786 1304 2838 clara
1345 2785 1555 2838 lumina
1577 2783 1850 2848 veritatis,
1877 2783 2020 2836 Aca-

443 2883 587 2935 cium
607 2889 893 2935 strenuum
915 2879 1138 2932 virtutis
1153 2879 1440 2943 athletam,
1460 2877 1552 2946 qui
1575 2875 2016 2932 Berrhmensium

446 2973 750 3027 Ecclesiam
767 2971 1041 3040 sapienter
1066 2979 1258 3039 postea
1287 2969 1452 3033 rexit,
1476 2969 1542 3022 ad
1571 2967 2018 3024 laudatissimum

445 3066 622 3118 virum
651 3063 837 3126 illum,
874 3062 1271 3126 obsecrantes,
1308 3070 1368 3115 ttt
1402 3069 1484 3114 tot
1517 3062 1803 3116 hominum
1849 3060 2018 3114 millia

2693 2056 2944 2109 ΚΕΦΑΛ.
2984 2057 3110 2109 KA'.

2119 2146 2194 2200 Τὰ
2235 2147 2387 2199 κατὰ
2422 2145 2531 2198 τόν
2571 2145 2744 2213 ἅγιον
2793 2145 3130 2200 Ἰουλιανόν
3179 2145 3286 2198 τὸν
3328 2143 3602 2213 μοναχόν
3628 2145 3696 2197 ’³.

2186 2237 2342 2290 Κατά
2369 2235 2559 2290 τοῦτον
2583 2237 2640 2290 δὲ
2673 2237 2762 2289 τὸν
2795 2237 3007 2308 καιρὸν,
3038 2237 3132 2289 καὶ
3176 2235 3463 2297 Ἰουλιανὸς
3489 2236 3700 2296 ἐκεῖνος

2116 2331 2144 2383 ὁ
2187 2329 2584 2400 πολυύμνητος,
2637 2323 2698 2382 οὗ
2729 2330 2822 2381 καὶ
2850 2328 3082 2398 πρόσθεν
3125 2327 3423 2398 ἐμνήσθην,
3471 2327 3700 2379 καταλι-

2119 2423 2241 2474 πεῖν
2270 2422 2368 2490 μὲν
2391 2420 2487 2492 τὴν
2514 2421 2741 2491 ἔρημον,
2770 2422 2849 2482 είς
2869 2419 2924 2472 δὲ
2951 2421 3049 2492 τὴν
3078 2419 3408 2488 ’Λντιόχειαν
3436 2418 3701 2470 εἰσελθεῖν

2119 2511 2462 2584 ἠναγκάσθη.
2516 2510 2732 2582 Ἐπειδὴ
2780 2511 2888 2581 γὰρ
2936 2511 2986 2563 οἱ
3031 2509 3110 2580 τῷ
3135 2510 3321 2578 ψεύδει
3363 2511 3701 2581 συντεθραμ-

2123 2607 2296 2678 μένοι,
2319 2607 2411 2658 καὶ
2442 2605 2539 2668 τὰς
2571 2603 2934 2673 συκοφαντίας
2959 2602 3104 2672 μάλα
3137 2602 3335 2673 ῥᾳδίως
3361 2602 3702 2670 ὑφαίνοντες,

2120 2701 2168 2750 oi
2198 2699 2266 2751 τά
2320 2697 2526 2767 Ἀρείου
2573 2697 2719 2764 λέγω
2763 2695 3168 2764 φρονοῦντεςυ,
3211 2693 3301 2746 τὸν
3333 2695 3504 2764 μέγαν
3531 2693 3704 2762 ἄνδρα

2121 2793 2326 2844 ἐκεῖνον
2367 2790 2761 2860 διισχυρίζοντο
2808 2789 2906 2852 τῆς
2951 2787 3129 2841 αὐτῶν
3180 2779 3319 2839 εἶναι
3368 2785 3702 2856 συμμορίας,

2121 2881 2447 2935 ἀπέστειλαν
2470 2882 2520 2934 οἱ
2549 2881 2647 2950 τῆς
2680 2879 2936 2950 ἀληθείας
2953 2881 2998 2912 ’⁸
3026 2879 3341 2949 φωστῆρες,
3381 2877 3704 2941 Φλαὸιανδς,

2125 2975 2222 3027 καλ⁵
2254 2973 2534 3044 Διόδωρος,
2583 2972 2678 3026 καὶ
2721 2972 3053 3043 Ἀφραάτης,
3085 2970 3251 3042 ἄνδρα
3295 2969 3498 3039 ἀρετῆς
3533 2969 3704 3038 ἀθλη-

2124 3067 2242 3138 τὴν,
2286 3065 2534 3118 Ἀκάκιόν
2567 3082 2731 3135 φημι,
2761 3065 2853 3117 τὸν
2881 3063 3057 3134 χρόνῳ
3090 3063 3313 3130 ὕστερον
3347 3061 3489 3131 μάλα
3524 3059 3704 3127 σοφᾶς

445 3154 723 3216 miserari,
751 3163 802 3207 et
826 3152 1281 3208 adversariorum
1315 3154 1612 3209 falsitatem
1633 3152 1902 3217 refutare,
1928 3168 2020 3206 ve-

2123 3157 2222 3229 τὴν
2276 3157 2540 3228 Βεροιέων
2565 3157 2611 3188 ’⁸
2671 3156 2999 3224 Ἐκκλησίαν
3071 3154 3361 3219 ἰθύναντα,
3418 3153 3557 3223 πρὸς
3609 3153 3704 3204 τὴν

444 3246 737 3314 ritatisque
791 3246 1242 3314 praedicationem
1293 3247 1625 3305 confirmare
1668 3247 1853 3300 vellet.
1889 3247 2020 3310 Quae

445 3352 613 3410 porro
640 3340 905 3404 veniens,
943 3338 1311 3406 rediensque,
1346 3336 1514 3411 atque
1548 3339 1601 3392 in
1639 3338 1754 3407 ipsa
1783 3338 2020 3391 maxima

445 3430 584 3485 urbe
612 3430 876 3484 miracula
908 3430 1120 3494 edidit,
1167 3430 1223 3484 in
1255 3430 1532 3484 Philotheo
1572 3430 1805 3484 historia
1837 3437 2022 3483 nostra

445 3523 756 3593 perscripta
811 3529 977 3586 sunt,
1025 3537 1188 3593 quam
1241 3523 1396 3576 adire
1439 3523 1507 3576 iis
1562 3521 1727 3586 licet,
1768 3522 1860 3590 qui
1910 3521 2022 3574 haec
2071 3527 2074 3529 λ

445 3615 636 3668 volunt
661 3629 1018 3684 cognoscere.
1064 3613 1222 3678 Quod
1254 3628 1383 3668 vero
1414 3613 1676 3682 populum
1703 3613 1860 3667 urbis
1895 3613 2022 3665 uni-

445 3721 665 3760 versum
701 3705 771 3758 ad
818 3713 1130 3759 conventus
1167 3712 1392 3759 nostros
1423 3705 1762 3774 aggregarit,
1794 3704 2014 3757 dubita-

446 3803 630 3850 turum
699 3804 832 3865 puto
891 3795 1211 3858 neminem,
1269 3797 1366 3866 qui
1418 3796 1716 3850 humanam
1769 3805 2024 3850 naturam

448 3886 845 3941 considerarit.
879 3885 1074 3942 Solent
1099 3888 1246 3941 enim
1281 3903 1370 3944 res
1409 3889 1697 3944 inusitatae
1734 3902 1927 3942 omnes
1956 3888 2026 3942 ad

447 3993 510 4033 se
549 3986 608 4031 ut
636 3977 936 4047 plurimum
980 3979 1343 4048 pertrahere:
1386 3981 1790 4051 magnitudinis
1835 3989 2022 4036 autem

449 4070 846 4124 miraculorum
877 4069 999 4140 ejus
1027 4079 1198 4126 testes
1227 4080 1357 4126 sunt
1386 4073 1553 4128 etiam
1588 4073 1775 4127 hostes
1816 4074 2026 4126 verita-
2057 4122 2059 4124 .

449 4162 542 4216 tis.
573 4163 722 4215 Idem
764 4177 897 4215 vero
929 4163 1108 4232 ipsum
1129 4163 1241 4231 jam
1269 4171 1429 4218 antea
1458 4165 1771 4220 Constantii
1811 4172 2034 4234 tempo—

447 4253 601 4308 ribus
653 4253 992 4308 Alexandrim
1049 4257 1379 4324 praestiterat
1436 4273 1670 4327 magnus
1719 4257 2021 4314 Antonius.

453 4344 663 4414 1007
699 4345 918 4400 Deserta
945 4348 1092 4400 enim
1137 4348 1470 4425 solitudi‘tie,
1516 4357 1690 4403 totam
1739 4350 1888 4402 illam
1926 4364 2022 4402 ur-

448 4437 570 4490 bem
595 4438 984 4492 obambulabat
1005 4481 1019 4504 ,
1049 4439 1256 4495 docens
1289 4441 1583 4496 universos
1603 4481 1617 4506 ,
1653 4442 2020 4496 Athanasium

450 4543 758 4598 prteconem
791 4545 914 4586 esse
945 4533 1268 4600 apostolicae
1292 4533 1560 4587 doctrinae
1581 4575 1596 4600 ,
1629 4533 1867 4588 Arianos
1893 4550 2024 4588 vero

452 4621 708 4678 inimicos
735 4632 790 4679 et
823 4626 1014 4682 hostes
1040 4629 1308 4684 veritatis.
1347 4629 1420 4682 Ita
1454 4630 1704 4684 sciebant
1735 4629 1906 4683 divini
1947 4630 2024 4684 illi

449 4715 555 4769 viri
587 4720 946 4787 congruentia
971 4721 1169 4788 cuique
1201 4722 1435 4790 tempori
1467 4721 1894 4776 accommodare
1917 4765 1932 4784 ,
1971 4729 2026 4776 et

449 4807 672 4874 quando
728 4810 971 4878 quietem
1025 4814 1280 4881 amplecti
1328 4816 1662 4878 conveniat,
1721 4796 2027 4884 et'quapdo

451 4897 616 4953 urbes
659 4901 950 4954 solitudini
991 4903 1284 4959 anteferre.

2125 3247 2479 3317 πανεύφημον
2533 3247 2702 3318 ἄνδρα
2751 3247 2990 3310 ἐκεῖνον,
3045 3244 3450 3306 ἀντιϐολοῦντες
3502 3243 3702 3304 πολλάς

2123 3339 2422 3410 ἀνθρώπων
2448 3339 2714 3410 μυριάδας
2741 3339 3030 3408 οἰκτεῖραι,
3064 3338 3159 3390 καὶ
3186 3335 3295 3389 τῶν
3321 3336 3420 3406 μὲν
3446 3335 3704 3387 ἐναντίων

2121 3433 2220 3502 τὴν
2246 3430 2595 3501 ψευδολογίαν
2631 3428 2868 3498 ἐλέγξαι,
2911 3429 2981 3482 τὰ
3010 3429 3067 3482 δὲ
3106 3429 3207 3498 τῆς
3238 3427 3500 3497 ἀληθείας
3528 3423 3670 3496 κηρὺ
3689 3455 3700 3464 -

2123 3539 2308 3592 γματα
2342 3520 2659 3591 βεϐαιῶσαι.
2707 3521 2814 3572 Καὶ
2843 3521 2944 3573 ὃσα
2998 3519 3096 3588 μὲν
3124 3512 3279 3580 οὗτος
3313 3516 3410 3570 καὶ
3444 3517 3699 3575 ἐπανιὼν,

2126 3615 2218 3666 καὶ
2248 3613 2339 3667 ίὼν
2355 3615 2421 3677 ’⁷,
2473 3612 2566 3664 καὶ
2592 3613 2650 3662 ὲν
2680 3611 2814 3680 αὐτῇ
2864 3609 2920 3661 δὲ
2952 3612 3016 3680 τῇ
3054 3609 3286 3679 μεγίστῃ
3330 3606 3484 3659 πόλει
3513 3605 3705 3657 τεθαυ-

2129 3707 2541 3778 ματούργηκεν,
2596 3706 2652 3758 ἐν
2705 3707 2770 3772 τῇ
2805 3701 3065 3767 Φιλοθέῳ
3109 3702 3239 3770 ἡμῖν
3287 3699 3706 3767 συγγέγραπται

2130 3799 2356 3869 ἱστορίᾳ,
2457 3795 2636 3868 ῥᾴδιον
2683 3795 2926 3863 ἐντυχεῖν
2969 3793 3094 3853 τοὺς
3138 3789 3318 3842 ταῦτα
3349 3787 3706 3858 βουλομένους

2131 3892 2340 3962 μαθεῖν.
2372 3890 2493 3942 ’Ὁτι
2539 3889 2595 3940 δὲ
2625 3888 2769 3941 άπαν
2799 3886 2858 3938 τὸ
2885 3884 2984 3954 τῆς
3029 3883 3238 3945 πόλεως
3279 3881 3475 3950 πλῆθος
3499 3880 3574 3939 είς
3605 3877 3703 3928 τὸν

2127 3984 2390 4054 ἡμέτερον
2415 3981 2730 4051 συνήθροισε
2747 3978 3019 4043 σύλλογον,
3039 3975 3227 4028 οὐδένα
3242 3974 3522 4036 ἐνδοιάζειν
3542 3966 3705 4038 οἶμαι

2126 4077 2232 4130 τῶν
2262 4075 2361 4146 τὴν
2394 4075 2736 4145 ἀνθρωπείαν
2777 4070 2936 4140 φύσιν
2979 4068 3428 4138 ἐπεσκεμμένων.
3484 4065 3700 4132 use-.2:

2126 4168 2234 4239 γὰρ
2282 4169 2352 4220 τὰ
2390 4165 2670 4236 παράδοξα
2713 4165 2894 4217 ἓλκειν
2922 4163 3167 4224 ἃπαντας
3210 4159 3283 4222 ὡς
3317 4159 3518 4211 ἐπίπαν
3562 4154 3696 4225 πρὸς

2127 4260 2314 4314 ἑαυτά.
2347 4261 2465 4312 Ὀτι
2490 4258 2545 4310 δὲ
2573 4259 2666 4310 καὶ
2699 4257 2908 4327 μεγάλα
2937 4255 3234 4326 εἰργάσατο
3267 4251 3538 4321 θαύματα,
3568 4264 3704 4317 μαρ-

2126 4353 2344 4424 τυροῦσι
2375 4352 2467 4404 καὶ
2495 4352 2543 4403 οί
2571 4353 2670 4420 τῆς
2697 4349 2951 4419 ἀληθείας
2983 4346 3250 4416 πολέμιοι.
3280 4342 3431 4415 [19η
3462 4340 3628 4394 Τοῦτο
3643 4339 3700 4390 δὲ

2129 4445 2224 4498 καὶ
2253 4447 2310 4496 ἐν
2339 4441 2714 4513 Ἀλεξανδρεία
2741 4441 2846 4510 πρὸ
2877 4439 3029 4492 τοῦδε
3063 4437 3158 4490 τοῦ
3188 4437 3379 4507 χρόνου
3408 4433 3707 4500 πεποίηκεν

2130 4537 2187 4588 ἐν
2236 4537 2347 4597 τοῖς
2392 4532 2768 4585 Κωνσταντὶου
2787 4531 2834 4562 ’⁸
2881 4532 3090 4594 καιροῖς
3141 4527 3426 4588 Ἀντώνιος
3468 4527 3497 4577 ὁ
3537 4525 3705 4578 πάνυ.

2131 4621 2600 4692 Κᾳταλιπῲνηγᾲο
2633 4621 2730 4692 τὴν
2757 4621 2986 4692 ἔρημον,
3024 4617 3170 4671 ἆπαν
3199 4619 3374 4669 ὲκείνο
3405 4615 3614 4685 περιῄει
3643 4615 3713 4665 τὸ

2129 4719 2286 4778 ἄστυ,
2322 4716 2584 4768 διδάσκων
2615 4713 2878 4776 ἅπαντας,
2917 4713 2991 4776 ὡς
3020 4713 3119 4782 τῆς
3163 4709 3524 4777 ἀποστολικῆς
3555 4706 3710 4759 διδα-

2132 4810 2358 4871 σκαλίας
2386 4807 2563 4878 κῆρυξ
2594 4808 2740 4858 ἐστὶν
2795 4805 3130 4869 ’Λθανάσιος,
3178 4805 3269 4857 καὶ
3317 4801 3392 4864 ὡς
3425 4798 3716 4852 ἀντίπαλοι

2087 4903 2228 4972 ιτῆς
2275 4882 2533 4970 ἀληθείας
2594 4899 2641 4950 οἱ
2698 4896 2799 4966 τῆς
2856 4896 3065 4968 ’Δρείου
3123 4893 3452 4964 συμμορίας.
3519 4889 3720 4951 Οὕτως

450 4989 645 5060 1ᾔδεσαν
673 4993 722 5044 οἱ
756 4992 887 5046 θεῖοι
933 4993 1125 5065 ἄνδρες
1169 4997 1366 5048 ἐκεῖνοι
1397 4995 1467 5048 τὰ
1500 4997 1782 5068 πρόσφορα
1809 4998 2025 5066 ἑκάστῳ
2057 4995 2492 5067 προσαρμόττειν
2520 4991 2717 5061 καιρῷ,
2751 4991 2844 5044 καὶ
2885 4991 3086 5061 πηνίκα
3122 4989 3220 5060 μὲν
3267 4990 3374 5058 χρὴ
3415 4987 3512 5056 τὴν
3577 4987 3718 5054 ἡσυ-

451 5078 576 5151 χίαν
603 5081 964 5148 ἀσπάζεσθαι,
993 5084 1198 5154 πηνίκα
1223 5084 1280 5136 δὲ
1302 5087 1574 5156 προτιμᾷν
1604 5087 1702 5148 τὰς
1727 5085 1909 5148 πόλεις
1931 5087 2025 5155 τῆς
2066 5087 2164 5156 ὲρη
2175 5084 2320 5154 μίας.

1748 5257 1982 5315 VARIAB
2020 5258 2428 5315 LECTIONES.

550 5377 595 5409 ἰ
627 5377 922 5432 τοιοῦτόνδε
970 5378 1133 5435 Basil.
1174 5379 1268 5436 Gr.
1347 5382 1392 5416 ”
1422 5380 1477 5432 δὲ
1525 5379 1578 5433 in
1617 5380 1781 5434 Basil.
1842 5379 1936 5434 Gr.
1974 5389 2026 5434 et
2073 5379 2262 5450 Steph.
2333 5379 2626 5450 subjicitur
2671 5385 2795 5450 post
2834 5377 2991 5446 δογμ.

3068 5375 3114 5406 ⁸³
3148 5374 3237 5427 καὶ
3291 5373 3576 5427 Ἀντώνιον
3623 5374 3724 5426 τὸν

459 5447 630 5521 μέγαν
659 5449 864 5521 habent
895 5451 1053 5521 codd.
1082 5450 1395 5521 Christoph.
1426 5461 1478 5503 et
1511 5450 1730 5504 Valesii.
1791 5451 1894 5505 Sed
1930 5451 2092 5506 Basil.
2126 5443 2184 5504 et
2207 5443 2467 5521 Stephani.
2493 5443 2834 5521 camp-again!
2877 5443 2956 5521 sic
2998 5444 3254 5521 cabinet“
3286 5462 3298 5496 :
3326 5443 3590 5521 Τὰηκα-ῖά
3619 5445 3724 5521 εἰς.)

459 5519 796 5591 ᾷγιον-ἶΔντ.
815 5537 864 5573 τ.
891 5520 1093 5591 μέγαν.
1131 5589 1152 5591 ι
1191 5521 1236 5552 ’⁸
1265 5519 1360 5591 φρ.
1402 5521 1544 5586 λέγω
1574 5521 1739 5575 Basil.
1769 5522 1862 5577 Gr.

461 5656 506 5687 ”
545 5656 970 5710 Κωνσταντίνου
999 5659 1163 5711 Basil.
1229 5660 1322 5712 Gr.
1363 5661 1495 5713 vitio
1534 5656 1841 5732 scripturae.

1967 5523 2012 5554 ’⁵
2043 5522 2320 5584 εὐσεϐείας
2353 5520 2542 5588 Steph.
2568 5525 2622 5573 ‘2.

456 5587 586 5664 €3.35.“
605 5587 829 5657 Βέροιαν
862 5587 1055 5664 _BaSi_|.
1240 5587 1454 5664 -ΒὲνιοεςεΔ
1485 5592 1824 5664 Epiphanius
1853 5591 1990 5664 VIII,
2028 5593 2060 5646 5
2096 5593 2306 5648 vitiose.

2725 5513 2768 5548 ί*
2792 5513 3376 5589 Βερροιαίιυν-Νἱρρρίι.
3413 5515 3475 5567 II.
3619 5513 3724 5589 X‘l,

2409 5584 2466 5622 ν’
2496 5590 2672 5643 ἀπιὼν
2711 5591 2804 5641 καὶ
2856 5584 3092 5640 ἐπανιὼν
3144 5587 3280 5640 idem
3337 5603 3462 5638 cum
3520 5585 3724 5653 Steph.
