4032 6192
359 281 495 346 1193

1336 281 1928 344 ECCLESIASTICE
1968 283 2354 345 HISTORIA!
2423 285 2569 346 LIB.
2605 286 2702 348 IV.

3489 271 3624 338 119’.

273 390 276 394 ’
353 396 539 468 σεὸείᾳ
567 393 1062 466 συντεθραμμένον.
1099 395 1306 469 ’ῌτησε
1338 396 1446 466 γὰρ
1472 395 1531 449 οὐ
1575 397 1794 466 χρυσὸν,
1817 397 1935 451 οὐδὲ

2043 397 2207 455 Petiit
2263 415 2436 464 enim,
2489 415 2598 455 non
2659 411 2873 463 aurum,
2937 409 3115 466 neque
3169 399 3479 464 argentum,
3512 405 3622 445 non

351 487 615 558 ἄργυρον,
647 487 708 539 οὐ
734 485 956 556 χωρίον,
984 484 1045 538 οὐ
1071 483 1414 551 δυναστείαν,
1443 487 1543 540 οὐκ
1573 488 1774 552 οἰκίαν,
1817 489 1934 542 ἀλλ’

351 577 655 649 ἐκκλησίαν
683 577 1099 648 παρασχεθῆναι
1136 575 1266 648 μίαν
1309 579 1422 642 τοῖς
1447 576 1549 648 τῆς
1574 579 1937 649 ἀποπολικῆς

350 667 700 732 διδασκαλίας
759 665 1294 739 προκινδυνεύουσιν.
1357 667 1416 721 ὐ
1462 668 1520 722 δὲ
1551 669 1650 739 τὴν
1701 670 1937 723 ἱκετείαν

349 760 662 830 δεξάμενος,
722 757 818 813 καὶ
863 760 1026 829 γνοὺς
1048 759 1120 814 τὰ
1152 761 1470 831 ἐγκείμενα,
1513 763 1825 832 χαλεπήνας
1863 762 1938 815 δι-

351 849 573 922 έρρηξε,
612 851 710 905 καί
729 851 778 903 οἱ
811 848 950 904 ἄλλα
993 848 1113 903 τινὰ
1143 847 1366 921 αίτῆσαι
1399 849 1751 920 προσέταξεν.
1793 849 1853 902 Ὅ
1881 849 1938 902 δὲ

349 943 448 1013 τῆς
473 942 683 1006 ἱκεσίας
713 941 974 1008 συλλέξας
999 939 1066 994 τὰ
1101 940 1380 1011 ῥήγματα·
1403 961 1422 993 ι
1446 941 1760 1012 Ἐδεξάμην,
1789 940 1936 1012 [194)

351 1033 476 1104 ἔφη,
503 1027 550 1088 ὦ
584 1032 828 1104 βασιλεῦ,
870 1032 978 1087 καὶ
1009 1031 1120 1102 ἔχω
1152 1031 1213 1084 τὸ
1254 1032 1448 1102 δῶρον,
1483 1033 1580 1088 καὶ
1623 1034 1810 1104 ἕτερον
1839 1033 1940 1086 οὐκ

351 1125 579 1196 αίτήσω.
637 1125 855 1180 Σκοποῦ
882 1126 990 1197 γὰρ
1036 1127 1229 1198 κριτὴς
1258 1127 1287 1179 ὁ
1339 1125 1446 1180 τῶν
1488 1124 1624 1180 ὅλων
1669 1128 1882 1197 κριτής.
1913 1144 1933 1178 ι

949 1320 1203 1373 ΚΕΦΛΛ.
1259 1320 1339 1372 Λ’.

416 1411 557 1483 Περὶ
583 1411 696 1482 τῆς
749 1411 1055 1480 Τραϊανοῦ,
1098 1409 1205 1496 τοῦ
1232 1408 1572 1479 στρατηγοῦ
1603 1408 1669 1475 ⁸⁸,
1710 1411 1940 1478 παρῤη-

1058 1497 1220 1546 σίας.

436 1572 656 1644 Ἐπειδὴ
684 1571 742 1625 δὲ
776 1571 868 1624 τὸν
903 1571 1179 1643 Βόσπορον
1221 1571 1415 1634 διαϐὰς
1463 1573 1544 1634 είς
1589 1571 1689 1644 τὴν
1720 1572 1941 1644 Θρᾴκην

353 1663 605 1731 ἀφίκετο,
634 1661 849 1733 πρῶτον
875 1662 972 1732 μὲν
1011 1663 1067 1714 ὲν
1106 1662 1668 1716 Κωνσταντινουπόλει
1694 1663 1942 1716 πλεῖστον

349 1750 589 1822 διέτριψε
611 1751 822 1822 χρόνον,
852 1750 1140 1820 δειμαίνων
1163 1750 1206 1781 ’⁵⁷
1237 1750 1329 1804 τὸν
1359 1751 1609 1822 πόλεμον.

421 1843 687 1914 Τραϊανὸν
719 1842 776 1894 δὲ
819 1843 916 1894 σὺν
956 1843 1021 1912 τῇ
1059 1843 1289 1912 στρατιᾷ
1320 1843 1410 1895 τὸν
1459 1843 1764 1913 στρατηγὸν
1795 1842 1936 1896 κατὰ

349 1933 458 1987 τῶν
506 1932 799 2004 βαρϐάρων
875 1932 1216 1986 ἀπέστειλεν.
1283 1932 1500 2003 Ἐπειδὴ
1563 1935 1621 1988 δὲ
1683 1935 1936 2006 ἡττηθεὶς

352 2021 658 2093 ἐπανῆλθεν
697 2026 923 2088 ἐκεῖνος,
957 2024 1278 2096 ἐλοιδορεῖτο
1315 2025 1433 2078 λίαν
1468 2025 1682 2096 Οὐάλης
1714 2025 1781 2090 ⁵⁸,
1830 2043 1935 2097 μα-

348 2114 544 2170 λακίαν
578 2115 728 2186 αὐτῷ
774 2117 869 2169 καὶ
905 2115 1106 2169 δειλίαν
1148 2115 1418 2186 ἐγκαλῶν.
1471 2117 1530 2170 '0
1559 2117 1616 2171 δὲ
1653 2119 1936 2190 παρρησίᾳ

350 2209 696 2279 χρησάμενος
742 2206 897 2278 ἀνδρὶ
930 2210 1163 2280 γενναίῳ
1221 2209 1529 2283 πρεπούσῃ⁶
1569 2229 1586 2261 ι
1627 2209 1741 2264 Οὐκ
1798 2211 1930 2280 ἐγὼ,

349 2299 474 2371 ἔφη,
499 2293 543 2352 ὦ
570 2299 814 2370 βασιλεῦ,
842 2301 1106 2372 ἧττημαι·
1138 2302 1273 2356 ἀλλὰ
1301 2305 1365 2356 σὺ
1389 2303 1528 2374 πρόη
1557 2303 1600 2336 ⁸⁸
1625 2303 1726 2375 τὴν
1753 2303 1930 2374 νίκην,

349 2392 491 2446 κατὰ
517 2391 610 2444 τοῦ
645 2391 781 2445 Θεοῦ
812 2394 1316 2464 παραταττόμενος,
1348 2396 1444 2448 καὶ
1477 2395 1576 2466 τὴν
1601 2395 1813 2449 ἐκείνου
1842 2398 1930 2465 ρο-

349 2481 458 2552 πὴν
496 2482 772 2554 προξενῶν
796 2486 909 2546 τοῖς
937 2483 1254 2554 βαρϐάροις.
1293 2485 1450 2556 Παρὰ
1489 2485 1582 2539 σοῦ
1622 2487 1731 2556 γὰρ
1774 2485 1933 2538 πολε-

352 2573 640 2644 μούμενος,
692 2574 920 2638 ἐκείνοις
971 2577 1343 2629 συντάττεταιι
1390 2577 1467 2648 τῷ
1503 2577 1558 2630 δὲ
1606 2577 1723 2647 Θεῷ
1752 2576 1930 2647 ὴνίκη

347 2661 560 2726 ἕπεται,
614 2664 708 2716 καὶ
764 2665 878 2726 τοῖς
928 2663 1033 2717 ὑπὸ
1093 2665 1186 2718 τοῦ
1235 2665 1370 2719 Θεοῦ
1439 2667 1934 2738 στρατηγουμένοις

349 2754 720 2825 προσγίνεται.
764 2757 836 2808 Ἦ
867 2756 967 2809 οὐκ
1006 2754 1182 2823 οἴσοα,
1224 2758 1350 2828 ἔφη,
1385 2758 1540 2822 τίνας
1576 2758 1684 2811 τῶν
1742 2760 1933 2829 ἐκκλη-

349 2845 479 2898 σιῶν
501 2846 782 2910 ὲξελάσας,
811 2846 920 2901 τίσι
955 2849 1345 2920 παραδέδωκας
1379 2850 1426 2881 ⁸⁸
1454 2851 1717 2913 ταῦταςί»
1747 2851 1932 2904 Ταῦτα

345 2939 403 2994 δὲ
432 2939 837 3008 καὶἈρίνθεος,
862 2942 956 2993 καὶ
978 2941 1212 3012 Βίκτωρ,
1247 2943 1545 3014 στρατηγοὶ
1575 2945 1617 2975 ⁸⁸
1651 2945 1758 3014 γὰρ
1791 2940 1933 3015 ἦσαν

349 3028 444 3081 καὶ
474 3030 650 3096 αὐτοὶ,
697 3033 1159 3103 συνωμολόγησαν
1208 3034 1254 3065 ⁸⁸
1301 3033 1472 3097 οὕτως
1501 3034 1665 3105 ἔχειν,
1707 3036 1800 3088 καὶ
1855 3035 1932 3105 τῷ

351 3119 562 3191 βασιλεῖ
591 3121 664 3194 μὴ
687 3095 1376 3198 χαλεπαίνείνπαρῄνεσαν
1396 3095 1492 3196 την
1622 3126 1862 3198 ἐλέγχοις
1882 3095 1929 3161 ‘I'
1959 3095 2002 3155 ϐ

348 3209 604 3281 ἀλήθειαν
625 3211 1081 3284 συνεζευγμένην.

929 3327 1180 3383 ΚΕΦΑΛ.
1211 3328 1336 3382 AA'.

348 3413 491 3489 Περὶ
523 3414 824 3489 Ἰσαακίου
852 3418 958 3472 τοῦ
990 3419 1060 3471 ἐν
1087 3422 1722 3474 Κωνσταντινουπόλει
1746 3421 1945 3489 μονά-.

449 3488 644 3555 ὸντος,
690 3488 788 3538 καί
833 3489 1236 3555 Βρετανίωνος
1269 3489 1316 3521 ⁸⁸
1359 3489 1465 3544 τοῦ
1513 3488 1771 3545 Σκυθίοὺ
1801 3493 1929 3546 ἐπι-

418 3553 658 3606 σκόπου
683 3553 1041 3625 παρῤηίσίας.

418 3643 555 3697 Φασὶ
599 3644 656 3698 δὲ
693 3647 787 3699 καὶ
853 3648 1128 3718 Ἰσαάκην,
1166 3650 1373 3720 σκηνὴν
1405 3650 1593 3705 αὐτόθι
1629 3651 1929 3722 μοναχικὴν

267 3783 270 3786 .
348 3732 561 3804 ἔχοντα,
592 3735 779 3805 ἐπειδὴ
811 3730 949 3788 εἶδεν
1005 3737 1167 3789 αὑτὸν
1203 3737 1513 3804 συνεξιόντα
1554 3743 1619 3810 τῇ
1676 3741 1925 3811 στρατιᾷ,

349 3822 445 3894 βοῇ
505 3825 847 3896 χρησάμενον
883 3826 1068 3895 φάναι·
1107 3846 1125 3879 ι
1172 3829 1270 3881 Ποῖ
1309 3829 1564 3900 βαδίζεις,
1597 3826 1644 3885 ὦ
1683 3829 1927 3900 βασιλεῦ,

348 3914 491 3967 κατὰ
541 3915 676 3968 Θεοῦ
732 3914 1229 3987 στρατευσάμενος,
1287 3919 1381 3972 καὶ
1412 3919 1602 3973 τοῦτον
1633 3920 1733 3972 οὐκ
1788 3919 1928 3990 ἔχων

346 4005 668 4077 έπίκουρον;
727 4007 899 4070 Αὐτὸς
951 4006 1060 4076 γὰρ
1113 4008 1253 4060 κατὰ
1299 4007 1393 4060 σοῦ
1445 4009 1568 4071 τοὺς
1614 4009 1922 4078 βαρὸάρους

346 4095 656 4162 κεκίνηκεν,
682 4097 866 4168 ἐπειδὴ
891 4098 986 4150 καὶ
1039 4098 1104 4149 σὺ
1132 4099 1250 4151 κατ’
1285 4099 1481 4163 αὐτοὺς
1527 4099 1729 4164 πολλὰς
1754 4100 1929 4168 γλώτ-

343 4203 448 4250 τας
485 4189 565 4250 είς
603 4187 948 4259 βλασφημίαν
979 4191 1024 4221 ⁸³
1079 4191 1359 4260 ὲκίνησας,
1411 4192 1504 4244 καὶ
1545 4193 1672 4256 τοὺς
1720 4193 1927 4246 ἐκεῖνον

347 4278 651 4348 ὑμνοῦντας
678 4278 789 4331 τῶν
843 4279 1006 4331 θείων
1045 4279 1211 4333 οἴκων
1261 4281 1551 4349 ὲξήλαςας.
1605 4283 1818 4336 Παῦσαι
1863 4284 1928 4357 δὴ

344 4366 438 4424 οὖν
471 4369 744 4440 πολεμῶν,
781 4372 876 4423 καὶ
899 4369 1097 4424 παύσει
1131 4371 1221 4424 τὸν
1254 4373 1510 4444 πόλεμον·
1555 4375 1750 4440 ἀπόδος
1804 4379 1926 4440 ταῖς

2039 505 2253 561 agrum,
2303 507 2414 546 non
2467 498 2820 562 potestatem,
2854 501 2964 543 non
3013 487 3262 549 domum,
3313 484 3408 540 sed
3443 485 3622 540 eccle-

2040 581 2180 636 siam
2217 597 2383 636 unam
2417 582 2485 636 iis
2515 580 2744 636 concedi
2779 581 2869 650 qui
2912 591 3014 650 pro
3039 576 3292 632 doctrina
3321 575 3621 646 apostolica

2039 672 2413 727 decertabant.
2451 669 2648 726 Valens
2683 686 2836 735 vero,
2873 676 3099 739 accepto
3137 667 3346 732 libello,
3380 673 3435 721 et
3465 678 3622 720 com-

2039 771 2196 833 perto
2226 763 2359 835 quid
2393 762 2728 826 contineret,
2764 761 3144 816 stomachatus
3167 758 3317 812 illum
3359 756 3622 810 dilacera-

2040 854 2438 924 vit,jussitque
2476 863 2536 908 ut
2590 855 2697 908 alia
2751 853 2962 922 1011
3025 851 3350 922 postularet.
3401 847 3620 912 Atille,

2039 946 2288 1002 collectis
2323 947 2488 1002 libelli
2531 946 2888 1016 fragmentis:
2922 963 2941 996 ι
2993 943 3220 1014 Accepi,
3251 941 3347 1007 ait,
3382 941 3622 1010 impera-

2040 1047 2150 1102 tor,
2192 1037 2479 1108 habeoque
2519 1039 2618 1093 abs
2648 1047 2697 1092 te
2745 1037 2975 1100 donum,
3025 1049 3125 1090 nec
3165 1033 3313 1087 aliud
3345 1031 3621 1102 petiturus

2041 1146 2187 1187 sum.
2218 1132 2350 1186 Nam
2384 1131 2510 1202 quis
2543 1146 2745 1201 scopus
2776 1144 2932 1184 meus
2968 1127 3157 1191 fuerit,
3185 1125 3356 1197 judex
3388 1123 3494 1180 erit
3524 1121 3621 1194 qui

2036 1222 2205 1293 judex
2233 1233 2318 1279 est
2339 1224 2604 1278 omnium.
2644 1242 2662 1274 ι

2394 1313 2549 1370 CAP.
2580 1313 2748 1369 xxx.
2779 1312 2869 1386 [ν.
2913 1313 3004 1368 55.
3038 1311 3138 1366 cn.
3164 1309 3282 1380 29.,

2195 1405 2273 1462 De
2303 1405 2470 1461 libera
2502 1423 2622 1462 voce
2653 1406 2900 1476 Trajani,
2931 1405 3178 1475 magistri
3218 1401 3470 1456 militum.

2115 1563 2409 1635 Postquam
2451 1575 2630 1619 autem
2661 1566 2892 1634 trajecto
2940 1563 3186 1632 BOSpOI‘O
3237 1559 3290 1614 in
3325 1558 3618 1612 Thraciam

2043 1658 2226 1720 venit,
2260 1659 2494 1727 primum
2527 1657 2748 1728 quidem
2779 1655 3260 1725 Constantinopoli
3312 1650 3622 1708 diutissime

1972 1765 2013 1820 Β
2042 1751 2312 1814 substitit,
2334 1751 2534 1806 bellum
2568 1749 2957 1805 reformidans.

2108 1841 2192 1914 [Β.
2228 1843 2309 1897 St.
2340 1842 2458 1915 '53.]
2503 1843 2801 1913 'l‘rajanum
2851 1843 3061 1896 interea
3097 1839 3420 1912 magistrum
3465 1838 3596 1892 mili-

2036 1940 2151 1988 tum
2179 1949 2303 1990 cum
2333 1935 2580 1990 exercitu
2606 1940 2623 1956 '
2664 1944 2860 2014 contra
2905 1930 3171 1989 barbaros
3219 1932 3389 1986 misit.
3419 1929 3522 1996 Qui
3552 1929 3624 1984 ab

2035 2026 2117 2083 eis
2146 2027 2349 2092 vietus,
2382 2036 2610 2098 accepta
2638 2028 2813 2091 clade,
2866 2043 2992 2082 cum
3031 2025 3312 2088 rediisset,
3364 2023 3624 2094 gravibus

2035 2119 2306 2173 conviciis
2342 2129 2607 2189 exceptus
2649 2130 2735 2175 est
2781 2133 2814 2173 a
2855 2118 3110 2182 Valente,
3145 2117 3419 2188 ignaviam
3457 2113 3535 2168 illi
3561 2122 3617 2167 et

2038 2211 2390 2266 timiditatem
2435 2213 2822 2281 exprobrante.
2857 2211 2954 2267 Ille
2984 2223 3165 2266 autem
3201 2212 3396 2275 libere,
3449 2215 3510 2262 ut
3543 2206 3624 2261 vi-

2035 2320 2158 2359 rum
2195 2304 2393 2358 fortem
2440 2305 2706 2361 decebat:
2748 2323 2766 2356 ‹
2829 2302 2948 2358 Non
2980 2319 3083 2374 ego
3135 2303 3314 2358 victus
3363 2316 3510 2364 sum,
3541 2300 3624 2353 in-

2036 2398 2175 2466 quit,
2200 2413 2232 2452 o
2266 2396 2584 2467 imperator,
2618 2397 2713 2452 sed
2747 2405 2805 2452 tu
2848 2397 3136 2452 victoriam
3170 2393 3489 2465 prodidisti,
3523 2392 3618 2463 qui

2035 2490 2303 2544 adversus
2333 2487 2499 2543 Deum
2529 2487 2701 2543 aciem
2758 2487 3010 2550 instruis,
3067 2495 3126 2542 et
3173 2486 3296 2556 ejus
3350 2485 3616 2538 auxilium

2037 2577 2290 2634 barbaris
2322 2579 2613 2632 concilias.
2653 2577 2783 2632 Nam
2831 2578 2930 2634 abs
2973 2586 3027 2632 te
3057 2575 3347 2632 lacessitus
3387 2573 3455 2628 ad
3495 2574 3619 2628 illos

2035 2672 2234 2726 tranSit
2259 2689 2271 2725 :
2301 2669 2472 2726 Deum
2504 2679 2687 2725 autem
2717 2670 2972 2742 sequitur
3010 2669 3271 2734 victoria,
3299 2677 3356 2723 et
3391 2666 3502 2722 illis
3529 2680 3619 2721 ce.

2035 2764 2114 2819 dit
2149 2765 2239 2834 qui
2279 2764 2389 2818 Deo
2426 2765 2567 2819 duce
2611 2764 2872 2818 militant.
2908 2763 2992 2817 An
3028 2762 3211 2818 nescis
3255 2777 3399 2832 quos
3441 2759 3618 2816 eccle-

2037 2860 2135 2916 siis
2161 2859 2410 2930 ejeceris,
2442 2867 2494 2914 et
2529 2859 2732 2929 quibus
2755 2858 2877 2914 illas
2907 2857 3296 2914 commiseris?
3333 2874 3352 2908 ι
3386 2853 3513 2909 llaec
3545 2853 3620 2907 ita

2036 2967 2097 3006 se
2130 2951 2332 3006 habere
2365 2949 2712 3006 allirmabant
2761 2950 2928 3006 etiam
2972 2948 3272 3004 Arintﬂeus
3301 2956 3356 3004 et
3391 2947 3580 3001 Victor
3601 2985 3616 3010 ,

2037 3045 2130 3116 qui
2165 3053 2217 3099 et
2257 3044 2363 3114 ipsi
2423 3043 2677 3116 magistri
2741 3043 2978 3098 militum
3039 3050 3221 3105 erant,
3275 3041 3618 3108 orabantque

2036 3137 2420 3208 imperatorem
2447 3179 2464 3206 ,
2507 3154 2576 3192 ne
2631 3137 2946 3207 conjunctis
2989 3153 3110 3193 cum
3145 3135 3378 3192 veritate
3427 3147 3616 3204 reprc-

2035 3227 2393 3285 hensionibus
2432 3239 2801 3285 succenseret.

2143 3322 2354 3392 1012
2383 3320 2535 3375 CAP.
2575 3321 2763 3376 XXXI.
2797 3322 2880 3394 [Β.
2921 3321 3002 3376 St.
3037 3323 3098 3376 γ.
3132 3322 3220 3376 54.
3254 3321 3352 3376 Ch.
3394 3319 3509 3390 '50.]

2034 3408 2110 3464 De
2150 3409 2368 3466 lsaacio
2400 3411 2658 3464 monacho
2691 3411 3307 3478 Constantinopolitano,
3349 3422 3398 3465 et
3428 3411 3614 3464 Brctu-

2490 3483 2644 3535 nione
2675 3483 2914 3551 episcopo
2939 3481 3190 3552 Scythiw.

2138 3631 2346 3693 Ferunt
2367 3646 2422 3694 et
2454 3637 2716 3701 Isaacem,
2749 3637 2844 3708 qui
2895 3639 3091 3693 cellam
3130 3637 3203 3692 ibi
3232 3638 3470 3694 habebat
3507 3653 3617 3691 nm-

2033 3731 2338 3796 nasticam,
2383 3746 2509 3785 eum
2551 3731 2703 3785 illum
2743 3730 2953 3785 videret
2993 3730 3047 3784 in
3076 3729 3482 3800 expeditionem
3515 3733 3615 3787 ab-

2030 3831 2250 3877 euntem
2309 3836 2436 3884 cmn
2490 3820 2774 3886 exercitu,
2834 3822 2986 3876 clara
3039 3837 3174 3904 voce
3222 3823 3615 3880 exclamasse:

2036 3932 2055 3965 ι
2096 3913 2218 3980 Quo
2261 3915 2466 3985 pergis,
2523 3914 2846 3985 imperator,
2905 3915 3018 3970 Deo
3070 3915 3276 3971 bellum
3341 3913 3604 3976 inferens,

2033 4005 2268 4076 ejusque
2310 4021 2510 4060 carens
2541 4007 2798 4061 auxilio?
2843 4005 2962 4075 Ipse
2988 4007 3135 4062 enim
3170 4007 3436 4061 barbaros
3483 4021 3614 4059 con-

2032 4103 2115 4149 tra
2170 4102 2224 4149 te
2265 4094 2590 4159 concitavit,
2622 4096 2751 4165 quia
2791 4104 2845 4149 tu
2883 4105 3078 4149 contra
3111 4096 3264 4149 illum
3310 4097 3609 4149 multorum

2032 4187 2249 4256 linguas
2285 4185 2352 4238 ad
2385 4185 2784 4254 blasphemiam
2831 4185 3127 4256 instigasti,
3164 4185 3396 4255 piOSquc
3433 4186 3609 4254 ipsum

2032 4275 2320 4329 laudantes
2339 4290 2402 4328 ex
2445 4275 2624 4328 sacris
2649 4275 2860 4329 mdibus
2889 4273 3214 4329 deturbasti.
3237 4275 3492 4340 Proinde,
3529 4287 3607 4338 tu,

2031 4369 2234 4422 bellare
2294 4367 2507 4428 desine,
2537 4375 2592 4421 et
2630 4367 2748 4436 ipse
2782 4366 2986 4420 bellum
3028 4375 3340 4436 compescet
3386 4386 3398 4422 :
3433 4368 3601 4422 redde

346 4464 602 4533 ποίμναις
633 4463 761 4526 τοὺς
806 4463 1062 4534 ἀρίστους
1092 4465 1316 4536 νομέας,
1353 4467 1448 4520 καὶ
1470 4466 1614 4538 λήψῃ
1638 4469 1737 4540 τὴν
1768 4468 1923 4538 νίκην

2036 4461 2288 4531 gregibus
2313 4460 2550 4529 optimos
2581 4468 2856 4529 pastores,
2879 4468 2932 4514 ct
2960 4459 3245 4514 victoriam
3270 4461 3393 4516 sine
3423 4461 3608 4516 labore

343 4555 593 4626 ἀπονητί.
637 4557 700 4609 El
759 4555 816 4608 δὲ
863 4557 1068 4610 τούτων
1126 4558 1292 4628 μηδὲν
1340 4558 1615 4630 δεδρακὼς
1675 4563 1923 4632 παρατά-

2036 4552 2409 4623 consequeris.
2438 4551 2595 4617 Quod
2627 4553 2675 4608 si
2704 4551 2789 4606 his
2822 4550 3089 4622 neglectis
3114 4550 3179 4604 ad
3208 4567 3448 4623 pugnam
3480 4568 3607 4623 pro-

345 4647 461 4711 ξαιο
495 4648 562 4712 ⁸⁸,
597 4647 814 4718 μαθήσῃ
852 4650 918 4718 τῇ
978 4647 1161 4720 πείρᾳ,
1194 4650 1342 4716 ὅπως
1391 4650 1628 4722 σκληρὸν
1670 4652 1731 4705 τὸ
1785 4653 1921 4723 πρδς

2036 4648 2287 4710 cesseris,
2329 4663 2387 4702 re
2418 4647 2535 4716 ipsa
2561 4647 2843 4716 experiere
2874 4643 3021 4715 quod
3051 4645 3250 4699 durum
3287 4645 3359 4699 sit
3414 4653 3605 4699 contra

344 4740 543 4812 κέντρα
579 4741 877 4806 λακτίζειν.
907 4739 1046 4794 Οὔτε
1088 4742 1196 4813 γὰρ
1239 4743 1554 4814 ἐπανήξεις,
1600 4745 1695 4798 καὶ
1749 4762 1919 4817 προσ-

2036 4740 2286 4794 stimulos
2343 4739 2661 4792 calcitrare.
2703 4735 2840 4791 Nam
2884 4753 2987 4793 nec
3037 4737 3156 4808 ipse
3188 4737 3508 4803 reverteris,
3551 4744 3606 4792 et

1641 4881 1879 4937 VARI/It]
1919 4877 2319 4936 LECTIONES.

412 4965 475 5038 “ﬂ
491 4969 880 5038 στρατηλάτου.
923 4968 1146 5024 Caetera:
1179 4971 1336 5026 editt.
1400 4972 1445 5004 "
1479 4970 1551 5027 Ita
1584 4972 1760 5025 codex
1810 4971 1928 5026 Pini
1952 5016 1966 5033 ,
2019 4972 2258 5038 itemque
2287 4966 2604 5037 Christoph.
2625 4973 2691 5038 et
2735 4963 3015 5038 Scaliger,
3035 4980 3158 5038 cum
3187 4963 3498 5038 [iicepbqro
3527 4965 3599 5020 II.

680 5034 798 5118 ’ξιξά
824 5039 999 5118 βαιῷ.
1037 5047 1091 5093 et
1121 5039 1312 5118 Steph.
1370 5058 1496 5118 cum
1558 5043 1866 5118 Epiphanio
1904 5041 2047 5118 VIII,
2081 5034 2528 5118 __I-I',"6tavepuwl
2563 5107 2575 5118 _
2619 5037 2676 5118 “'_
2700 5039 2729 5090 ὁ
2751 5034 2948 5118 Βὰληθς.
2982 5035 3149 5118 Basil.
3182 5035 3280 5118 Gr:
3315 5043 3370 5089 et
3408 5034 3600 5118 Steph.

340 5107 397 5182 fi
436 5107 634 5182 Sic__et
685 5107 883 5182 Steph.
921 5110 977 5173 2,
1028 5120 1087 5182 u_t
1127 5105 1244 5182 Pin'i
1279 5113 1452 5167 codex
1502 5105 1688 5167 verius
1734 5113 1921 5182 προΐῃ.
1971 5111 2138 5166 Basil.
2187 5107 2282 5162 Gr.
2319 5105 2677 5182 etlSteph.__I
2726 5105 2991 5182 προῄει.-
3027 5108 3074 5138 ⁸ο
3101 5105 3461 5182 παρέδωκας..
3479 5105 3600 5182 Pint

341 5177 502 5231 “ber-
533 5174 1173 5259 f‘SFRMTe—Wéw-
1208 5180 1378 5239 ιάοιιιο
1469 5182 1529 5259 '_'_
1552 5174 2562 5259 σννφμολργῆεάτην-.εοερηνεςάεῖηθ·
2599 5174 2911 5259 ,Ξάοεῐιξριιὶη
2933 5174 3396 5259 Ειεξιυὲλσηίειιιοο
3427 5174 3601 5259 Scali-

337 5261 468 5311 gcro
505 5257 558 5302 et
587 5244 1098 5316 Cliristophorsono
1125 5267 1439 5321 quanquam
1481 5253 1567 5306 hic
1601 5244 1764 5306 habet
1801 5244 2048 5323 ω’μὸλογξ
2142 5251 2188 5281 ⁵³
2223 5244 2306 5303 Ιίιῖ
2331 5256 2385 5302 et
2428 5244 2568 5302 liber
2599 5245 2811 5301 Savilii.
2845 5244 2949 5298 Sed
2976 5244 3228 5301 Valesius
3253 5260 3377 5300 cum
3407 5247 3599 5302 codice

335 5316 420 5372 ιο.
455 5317 572 5370 Pini
600 5325 746 5371 recte
777 5320 1020 5372 restituit
1048 5337 1062 5372 :
1096 5321 1182 5372 ἐπ’
1205 5322 1386 5375 ἐλεγγ.
1417 5325 1479 5375 τῆ
1519 5323 1745 5375 ἀληθεία
1771 5322 2240 5375 συνεζευγμένας.
2271 5319 2415 5375 quod
2463 5318 2572 5375 iam
2629 5317 2867 5370 habebat
2915 5314 3256 5375 Nicephorus
3287 5316 3321 5369 I.
3353 5331 3405 5369 c.
3447 5317 3599 5370 vide-

345 5323 420 5372 ιο.
455 5323 572 5370 Pini
600 5325 746 5371 recte
777 5323 1020 5372 restituit
1048 5337 1062 5372 :
1096 5323 1182 5372 ἐπ’
1205 5323 1386 5392 έλεγχ.
1417 5325 1479 5393 τῇ
1519 5323 1745 5392 ἀληθείᾳ
1771 5323 2240 5390 συνεζευγμένοις,
2271 5323 2415 5388 quod
2461 5323 2572 5387 jam
2629 5323 2867 5370 habebat
2915 5323 3256 5385 Nicephorus
3287 5323 3321 5369 I.
3353 5331 3405 5369 c.
3447 5323 3598 5370 vide-

345 5397 542 5468 ratque
576 5388 898 5468 Christoph':
934 5400 988 5441 et
1013 5387 1298 5468 Scaliger;
1334 5397 1574 5468 itemque
1615 5392 1782 5468 Basil.
1825 5391 2008 5468 Gr._et
2031 5391 2235 5468 Steph.
2275 5389 2533 5468 exhibent
2569 5385 3162 5468 συνεζευγμένοιςδεοιι
3198 5387 3250 5440 in
3277 5389 3598 5468 accusa-tivo

345 5403 542 5510 ratque
576 5403 896 5456 Llll‘lSlOpn-
934 5403 988 5441 et
1013 5403 1298 5460 Scaliger;
1334 5403 1574 5461 itemque
1615 5403 1782 5447 Bas”.
1825 5403 1918 5446 Ur.
1953 5403 2008 5445 et
2047 5403 2138 5443 Ste
2184 5403 2235 5442 ιι.
2275 5403 2533 5443 extitnent
2573 5403 3038 5454 συνεςευγμενοις,
3068 5403 3162 5440 seu
3198 5403 3250 5440 tu
3277 5403 3596 5441 accusativo

335 5455 435 5528 ἀλή
475 5475 609 5511 ειαν.
647 5458 690 5488 ⁸⁸
721 5458 816 5528 καὶ.
860 5458 1016 5528 Βρετ.
1051 5489 1115 5498 -
1148 5463 1389 5528 παρρησ.
1444 5463 1564 5517 llaec
1626 5463 1828 5517 absunt
1860 5476 1887 5513 a
1920 5461 2085 5514 Basil.
2137 5405 2256 5523 Eia,
2319 5458 2582 5520 Stephani
2634 5467 2688 5511 et
2716 5453 3114 5528 _Va_~_lesiiredit.,
3147 5472 3291 5528 cum,
3321 5457 3386 5528 ad
3439 5456 3596 5528 illud,

335 5527 491 5606 quod
533 5529 586 5580 in
621 5528 720 5606 his.
751 5527 912 5580 editt.
963 5527 1462 5606 seqttitutfc'aput
1515 5533 1842 5606 referantur.
1903 5602 1913 5606 _
1954 5531 2003 5561 "
2035 5528 2229 5606 Sic__et
2272 5528 2462 5606 Steph.
2617 5527 2730 5606 Sed
2756 5596 2782 5606 υ

334 5601 410 5660 είς
444 5597 793 5722 βλασφημίας
836 5599 1170 5668 παρέΘηξας,
1217 5596 1384 5667 quani
1428 5603 1718 5657 lectionem
1775 5602 2065 5658 conﬁrmat
2123 5599 2354 5668 Niceph.
2394 5597 2458 5652 II.
2508 5596 2581 5650 It}.
2617 5597 2707 5656 XI,
2755 5596 2839 5649 50.

335 5665 437 5722 Sea
464 5671 577 5722 iaer
620 5671 776 5722 bene.
808 5668 966 5722 Basil.
1002 5677 1056 5722 et
1111 5667 1299 5722 Steob.
1337 5673 1665 5722 παοατάΞεο.

335 5665 776 5739 δυειιὶεετίιιέηθ.
808 5665 966 5723 Basil.
1002 5665 1056 5723 et
1111 5665 1299 5738 Steph.
1337 5673 1665 5741 παρατάξεο.

613 5765 885 5826 Ριιτειοι..
924 5763 1042 5824 Gn.
1100 5763 1414 5823 LXXXII.

475 5458 690 5532 ειαν.-ξε
721 5458 832 5532 καὶῙΔ
860 5458 1016 5528 Βρετ.
1051 5489 1115 5532 ﬁ
1148 5458 1389 5532 παρῤησ.
1444 5458 1564 5517 Ilaec
1626 5463 1828 5517 absunt
1860 5476 1887 5513 a
1920 5461 2086 5532 Basikl.
2137 5458 2256 5523 Gr.,
2277 5458 2582 5532 _Ste_pha_ni
2629 5467 2688 5532 et
2716 5458 3114 5532 _Va_lesii_edit.,
3147 5472 3284 5532 cum_

2625 5525 2730 5579 Sed
2791 5526 2980 5596 Steph.
3015 5528 3036 5579 I
3078 5543 3200 5580 cum
3264 5527 3432 5581 Basil.
3474 5527 3570 5580 Gr.

2980 5596 3026 5627 ⁵⁸
3054 5597 3130 5648 Ita
3167 5596 3490 5672 ChristOph.
3543 5601 3601 5650 et

3163 5757 3250 5819 38
