4032 6192
464 301 598 367 1195

1443 302 1931 364 T‘IIEODORETI
1973 301 2311 362 EPISCOPI
2353 302 2724 366 CYRENSIS—

3595 294 3734 363 1196

461 420 765 475 exercitum
802 418 1026 488 insuper
1069 417 1310 471 amittes.
1349 435 1363 466 ι
1405 417 1482 468 Ad
1521 417 1632 472 haec
1663 417 1837 471 iratus
1863 417 2034 486 impc-

2144 417 2431 480 απολέσεις
2456 417 2554 488 τὴν
2593 415 2868 487 στρατιάν.
2913 434 2929 464 ι
2960 412 3267 484 ὀρείισθεὶς
3296 411 3352 466 δὲ
3385 414 3412 465 ό
3455 413 3728 483 βασιλεύς·

463 518 612 564 rator
637 527 650 564 :
678 528 695 560 ι
721 510 784 562 Et
811 519 1079 572 revertar,
1111 509 1317 577 inquit,
1347 516 1400 563 et
1431 509 1680 562 occidam
1713 518 1786 570 te,
1817 523 2038 577 parnas-

461 615 568 671 que
605 601 820 672 exigam
858 600 1010 656 falstc
1046 599 1449 670 prmdictiouis.
1485 620 1502 651 ι
1537 599 1675 654 Τιιιιι
1715 601 1806 655 ille
1863 600 2041 654 minas

460 693 596 747 nihil
621 692 828 748 veritus
852 710 865 746 :
892 711 908 744 ι
937 693 1144 756 Eueca,
1167 694 1415 749 clamans
1439 693 1534 758 ait,
1569 693 1613 746 si
1641 691 2041 762 deprehensum

463 783 628 838 fuerit
677 783 731 836 in
773 782 957 838 verbis
1006 785 1146 838 meis
1204 782 1621 838 mendacium.»

531 873 617 945 [Β.
643 873 725 927 St.
754 871 819 926 V.
845 872 961 944 35.]
989 871 1096 927 Sed
1127 881 1180 927 et
1216 873 1496 936 Bretanio,
1541 872 1623 926 vir
1663 871 1910 926 omnium
1934 873 2042 925 vir-

459 972 638 1018 tutum
669 963 984 1035 insignibus
1016 963 1271 1028 illustris,
1300 964 1579 1033 totiusque
1612 960 1847 1032 Scythiae
1879 961 2042 1016 urbes

459 1054 738 1125 pontiﬁcia
775 1068 970 1125 regens
996 1063 1284 1124 potestate,
1321 1055 1562 1108 animum
1583 1053 1772 1108 divino
1804 1052 1922 1107 zelo
1946 1067 2040 1105 ac-

461 1144 667 1208 cendit,
716 1152 772 1200 et
821 1144 1136 1214 dogmatum
1173 1145 1609 1214 corruptionem,
1652 1145 1979 1215 iniquasque
2023 1146 2042 1164 '

461 1243 776 1289 sanctorum
796 1236 1115 1291 vexationes
1134 1236 1188 1291 in
1209 1235 1436 1292 Valente
1454 1237 1752 1307 redarguit,
1770 1252 1891 1290 cum
1912 1236 2044 1290 divi-

464 1327 694 1382 nissimo
717 1325 921 1382 Davide
942 1329 1208 1384 clamans.
1245 1347 1263 1380 ι
1299 1327 1589 1398 Loquebar
1607 1327 1674 1383 de
1703 1327 2043 1382 testimoniis

461 1418 572 1472 tuis
601 1417 654 1471 in
685 1427 982 1488 conspectu
1013 1433 1228 1490 regum,
1271 1432 1324 1473 et
1351 1434 1459 1473 non
1493 1417 1875 1473 confundebar
1902 1418 1950 1471 δ.
1979 1436 2000 1468 ι

639 1621 851 1692 1013
891 1621 1044 1676 me.
1093 1620 1308 1676 xxxu.
1372 1621 1460 1693 [ν.
1493 1621 1583 1676 ss.
1621 1621 1723 1676 cn.
1755 1621 1870 1694 δι]

461 1716 536 1769 De
577 1713 812 1769 Valentis
853 1713 1185 1782 expeditione
1228 1715 1279 1767 in
1314 1713 1537 1779 Gothos,
1580 1723 1632 1768 et
1679 1714 1939 1783 quomodo
1989 1716 2041 1768 in

997 1800 1056 1837 ea
1089 1799 1269 1852 poenas
1311 1784 1495 1839 luerit.

530 1879 596 1931 At
625 1875 850 1942 Valens,
903 1876 1103 1946 spretis
1134 1876 1362 1948 optimis
1410 1876 1519 1932 illis
1545 1876 1880 1934 consiliariis
1904 1917 1919 1942 ,
1954 1879 2042 1932 in-

459 1979 704 2025 structas
745 1969 934 2039 copias
981 1969 1048 2024 ad
1097 1969 1502 2024 conserendum
1553 1969 1803 2039 przelium
1859 1969 2040 2035 misit;

459 2064 578 2133 ipse
629 2062 682 2116 in
731 2061 970 2130 quodam
1010 2061 1131 2115 vico
1165 2074 1458 2114 remanens
1495 2059 1790 2114 victoriam
1844 2074 2041 2129 exspe-

459 2153 663 2207 ctabat.
716 2151 822 2207 Sed
867 2152 1110 2224 milites,
1170 2150 1544 2207 Barbarorum
1605 2151 1870 2222 impetum
1931 2166 2039 2207 non

459 2246 821 2309 sustinentes,
877 2251 1032 2312 terga
1090 2241 1332 2305 dedere.
1384 2249 1439 2297 et
1493 2241 1563 2297 ab
1619 2240 2042 2310 insequentibus

458 2339 582 2391 cavsi
614 2345 778 2400 sunt;
829 2335 1219 2406 iugiehantque
1250 2335 1329 2389 illi
1359 2334 1645 2392 celeritate
1675 2348 1917 2397 summa,
1949 2332 2040 2388 isti

460 2441 557 2494 pro
585 2427 794 2481 viribus
831 2425 1328 2496 persequebantur.

528 2515 610 2587 [Β.
639 2517 722 2571 St.
750 2514 866 2589 56.]
911 2515 975 2570 Et
1008 2531 1134 2572 cum
1171 2517 1557 2588 pervenissent
1594 2515 1821 2571 Barbari
1864 2513 1932 2568 ad
1963 2513 2042 2568 vi-

456 2623 580 2663 cum
626 2609 813 2676 illum,
851 2609 905 2663 in
934 2625 1044 2680 quo
1083 2610 1280 2666 Valens
1321 2611 1508 2666 audita
1539 2609 1699 2664 clade
1740 2610 1915 2666 latere
1945 2624 2044 2664 co-

457 2709 622 2757 natus
643 2712 751 2765 est,
789 2702 913 2772 igne.
967 2702 1189 2757 admoto
1221 2702 1444 2773 pietatis
1489 2703 1703 2757 hostem
1759 2717 1866 2756 una
1915 2716 2042 2756 cum

459 2795 576 2849 vico
602 2795 988 2850 incenderunt.
1031 2796 1108 2848 Ita
1143 2795 1232 2850 ille
1268 2795 1432 2851 etiam
1474 2796 1525 2850 in
1568 2795 1670 2850 hac
1705 2795 1814 2850 vita
1866 2796 2044 2852 scele-

437 2902 577 2940 .-rnm
617 2902 842 2942 suorum
893 2901 1087 2956 pteuas
1123 2886 1292 2942 dedit.

772 3079 924 3133 car.
955 3077 1194 3134 xxxut.
1233 3079 1320 3152 [ν.
1354 3082 1442 3135 57.
1475 3081 1576 3137 cn.
1607 3081 1721 3154 δε]

532 3171 805 3225 Undenam
843 3169 999 3224 Gothi
1029 3173 1289 3225 Arianam
1322 3173 1559 3228 hwresim
1590 3179 1973 3232 contraxerint.

525 3325 716 3396 Opera:
749 3327 984 3397 pretium
1021 3338 1204 3382 autem
1243 3327 1520 3383 iacturum
1576 3345 1662 3385 me
1703 3331 1963 3394 arbitror,
1991 3331 2035 3385 si

457 3421 779 3487 ignorantes
810 3419 1060 3484 doceam,
1106 3436 1217 3490 quo
1248 3430 1412 3490 pacto
1445 3423 1662 3478 Arianae
1697 3428 1866 3494 pestis
1900 3441 2037 3479 con-

455 3510 600 3581 tagio
633 3511 699 3564 ad
728 3511 997 3567 Barbaros
1029 3512 1361 3580 pervenerit.

526 3603 611 3674 μ),
664 3603 746 3656 ει,
802 3602 917 3672 '57.]
962 3602 1084 3667 Quo
1145 3609 1429 3670 tempore,
1483 3601 1622 3656 Istro
1683 3609 2033 3671 transmisso,

453 3697 605 3766 pacis
655 3693 858 3747 foedera
905 3708 1030 3746 cum
1093 3690 1342 3764 Valente'
1372 3705 1696 3760 sanxerunt,
1756 3695 2036 3756 Eudoxius

454 3788 544 3842 ille
576 3785 821 3851 infamis,
862 3783 957 3854 qui
993 3798 1239 3853 prtescns
1273 3783 1482 3851 aderat,
1535 3786 1856 3857 imperatori
1906 3805 2035 3863 sug-

451 3882 644 3953 gessit,
699 3887 756 3933 ut
799 3879 1246 3934 communionem
1305 3895 1461 3934 suam
1515 3883 1597 3937 eis
1652 3884 2031 3953 persuaderet.

451 3973 588 4028 Olim
624 3973 793 4039 enim,
832 3989 898 4029 ex
931 3988 1038 4043 quo
1071 3971 1273 4028 divina:
1314 3975 1648 4044 cognitionis
1694 3977 1880 4035 radios
1911 3995 2036 4035 sus.

453 4077 729 4138 ceperant,
785 4066 1112 4137 apostolicis
1155 4067 1508 4138 dogmatibus
1551 4069 1866 4126 alebantur.
1913 4071 2032 4127 Fir-

449 4163 676 4215 miorem
726 4159 930 4231 quippe
980 4176 1045 4213 ex
1097 4161 1487 4217 communione
1523 4166 1811 4220 sententia:
1839 4181 2031 4236 pacem

449 4252 629 4307 aiebat
661 4251 922 4307 futuram.
953 4251 1202 4308 Laudato
1243 4253 1348 4308 hoc
1377 4255 1631 4320 consilio,
1670 4255 1870 4312 Valens
1901 4273 2031 4312 con—

447 4346 758 4400 sensionem
809 4344 1127 4414 dOgtnatum
1191 4345 1494 4402 Gothorum
1553 4349 1767 4422 1015.
1797 4350 2032 4406 ducibus

2149 527 2168 559 ι
2211 510 2320 562 Καὶ
2366 509 2642 578 ἐπανήξω,
2701 506 2827 577 ἔφη,
2889 507 2982 560 καὶ
3022 505 3340 559 κατακτενῶ
3374 522 3454 567 σε,
3486 505 3580 558 καὶ
3629 506 3729 576 τῆς

2144 599 2371 670 ψευδοῦς
2399 599 2553 670 [195]
2596 598 3051 670 προαγορεύσεως
3092 595 3460 668 εἰσπράξομαι
3489 595 3660 659 δίκας.
3705 616 3724 649 ι

2154 692 2212 745 ὐ
2248 691 2304 744 δὲ
2353 692 2552 761 ἥκιστα
2575 690 2754 754 δείσας
2784 687 2882 761 τὴν
2918 689 3166 761 ἀπειλὴν,
3198 689 3304 760 ἔφη
3341 687 3501 759 βοῶν·
3534 688 3732 762 «Κτεῖτ

2147 803 2252 851 νον,
2277 787 2325 838 εί
2355 784 2635 856 φωραθείη
2661 784 2770 838 τῶν
2807 783 2980 853 λόγων
3007 784 3068 836 τὸ
3103 781 3318 852 ψεῦδος.
3352 801 3369 832 ι

2214 878 2325 932 Καὶ
2352 879 2660 948 Βρετανίων
2697 878 2765 941 ⁵⁷,
2805 875 3124 946 παντοδαπῇ
3157 874 3255 947 μὲν
3275 874 3732 945 λαμπρυνάμενος

2143 967 2338 1038 ἀρετῇ,
2372 967 2552 1036 πάσης
2586 965 2642 1019 δέ.
2669 966 2770 1036 τῆς
2806 964 3042 1027 Σκυθίας
3065 965 3162 1028 τὰς
3193 963 3377 1026 πόλεις
3416 963 3732 1034 ἀρχιερατι-

2143 1058 2256 1123 κῶς
2294 1058 2493 1112 ίθύνειν
2544 1057 2997 1127 πεπιστευμένος,
3039 1054 3344 1126 ἐπύρσευσέ
3379 1069 3435 1106 τε
3474 1053 3551 1123 τῷ
3585 1053 3732 1123 ζήλῳ

2143 1151 2204 1204 τὸ
2233 1151 2509 1222 φρόνημα,
2550 1151 2644 1203 καὶ
2677 1151 2774 1221 τὴν
2802 1149 2912 1202 τῶν
2944 1148 3232 1218 δογμάτων
3287 1145 3605 1217 διαφθοράν,
3637 1146 3730 1199 καὶ

2143 1243 2242 1306 τὰς
2268 1243 2406 1296 κατὰ
2447 1242 2556 1296 τῶν
2588 1242 2758 1308 άγίων
2787 1240 3128 1312 παρανομίας
3160 1238 3252 1293 τοῦ
3271 1239 3534 1302 Βάλεντος
3567 1239 3728 1307 ἧλεγ-

2145 1335 2224 1401 ξε,
2255 1335 2350 1386 κα)⁵
2389 1334 2525 1404 μετὰ
2563 1333 2656 1387 τοῦ
2692 1333 2968 1387 θειοτάτου
3007 1331 3169 1385 Δαϐὶδ
3213 1330 3361 1384 ἐϐόα·
3401 1349 3420 1381 ι
3477 1329 3729 1384 Ἐλάλουν

2145 1426 2202 1477 ἐν
2244 1427 2354 1488 τοῖς
2401 1425 2723 1496 μαρτυρίοις
2753 1443 2846 1479 σου
2899 1423 3140 1478 ἐναντίον
3175 1421 3459 1492 βασιλέων,
3488 1422 3581 1476 καὶ
3631 1423 3728 1476 ούκ

2147 1518 2488 1589 ᾐσχυνόμην.
2533 1541 2549 1568 ι

2725 1629 2980 1682 ΚΕΦΑΛ.
3023 1629 3146 1682 AB’.

2075 1767 2118 1822 Β
2147 1718 2286 1786 Περὶ
2322 1717 2638 1822 τῆςακατὰέ
2659 1719 2902 1798 Γότθωγ
2924 1718 3226 1822 gilii?“-
3255 1717 3601 1822 ξτρατείας,
3635 1718 3736 1773 καὶ

2419 1788 2580 1854 ὅπως
2607 1789 2773 1842 ἔτισε
2807 1789 2917 1856 τῆς
2945 1790 3224 1854 ἀσεϐείας
3255 1788 3447 1854 δίκας.

2230 1879 2286 1932 '0
2338 1879 2394 1932 δέ
2443 1879 2549 1933 τῶν
2606 1878 2927 1950 συμϐούλων
2988 1879 3212 1933 ἐκείνων
3261 1879 3370 1932 τῶν
3425 1880 3738 1950 άρίστωνδθ

2145 1972 2589 2042 καταφρονήσας,
2622 1971 2720 2041 τὴν
2753 1970 2851 2041 μὲν
2882 1972 3140 2043 στρατιὰν
3166 1969 3246 2034 είς
3276 1970 3374 2042 τὴν
3428 1972 3740 2043 παράταξιν

2145 2060 2516 2132 προύπεμψεν
2539 2080 2549 2091 ·
2577 2059 2740 2126 αὐτὸς
2784 2061 2841 2114 δέ
2886 2061 2942 2114 ἓν
2974 2078 3080 2114 τινι
3108 2060 3272 2132 κώμῃ
3300 2061 3609 2133 καθήμενος
3637 2063 3741 2133 τὴν

2145 2156 2300 2226 νίκην
2330 2155 2689 2227 προσέμενεν.
2727 2157 2788 2207 Oi
2822 2153 2878 2207 δὲ
2924 2153 3257 2224 στρατιῶται
3303 2152 3410 2206 τῶν
3441 2153 3741 2225 βαρϐάρων

2144 2249 2248 2302 οὐκ
2272 2249 2589 2317 ἐνεγκόντες
2621 2247 2717 2317 τὴν
2749 2247 2956 2316 ῥύμην,
2981 2247 3302 2317 ἐτράποντο,
3332 2247 3424 2298 καὶ
3451 2247 3740 2299 κατεκτείο

2144 2357 2297 2394 νοντο
2337 2341 2695 2410 διωκόμενοι·
2727 2341 2776 2392 οἱ
2824 2338 2926 2409 μέν
2952 2339 2997 2370 ⁸⁵
3047 2337 3341 2408 φεύγοντες
3374 2337 3514 2392 κατὰ
3543 2338 3737 2409 τάχος,

2144 2435 2192 2487 oi
2219 2433 2276 2487 δὲ
2305 2433 2650 2504 κατακράτος
2682 2431 2996 2494 διώκοντες.

2218 2525 2636 2588 Καταλαϐόντες
2672 2524 2729 2577 δέ
2754 2522 2851 2594 τὴν
2881 2521 3074 2592 κώμην
3108 2519 3322 2590 ἐκείνην
3353 2522 3401 2573 οἱ
3442 2519 3735 2593 βάρϐαροι,

2145 2616 2272 2670 ἔνθα
2302 2620 2330 2670 ό
2377 2616 2554 2684 Βάλης
2588 2615 2688 2683 τὴν
2733 2611 2904 2686 ἧτταν
2951 2609 3287 2682 μεμαθηκὼς
3337 2611 3606 2682 ἐπειράθη
3641 2611 3738 2665 λα-

2146 2710 2282 2770 θεῖν,
2323 2708 2432 2778 πῦρ
2465 2707 2794 2777 ἐμϐαλόντες
2837 2704 3145 2774 ἐνέπρησαν
3192 2704 3290 2755 σὺν
3323 2706 3389 2773 τῇ
3433 2701 3600 2776 κώμῃ
3640 2704 3736 2756 καὶ

2145 2797 2239 2851 τὸν
2273 2801 2372 2868 τῆς
2402 2797 2685 2860 εὐσεϐείας
2716 2795 3028 2850 ἀντίπαλον.
3066 2792 3222 2846 Οὕτω
3257 2794 3356 2862 μὲν
3388 2788 3480 2847 οὖν
3505 2795 3549 2825 ⁶⁰
3583 2797 3736 2847 ἐκεῖ·

2145 2907 2232 2954 νος
2265 2892 2368 2944 κάν
2404 2889 2481 2961 τῷ
2512 2889 2742 2959 παρόντι
2777 2887 2876 2958 βίῳ
2912 2886 3104 2955 ποινὴν
3141 2884 3315 2940 ἔτισεν
3344 2879 3418 2941 ὧν
3437 2887 3480 2918 ⁶¹
3518 2889 3738 2958 ἐπλημ-

2151 2971 2402 3052 μέλησεν.
3053 2965 3066 2974 ’

2725 3094 2974 3148 ΚΕΦΔΛ.
3019 3094 3141 3147 AI".

2144 3192 2338 3244 Πόθεν
2395 3192 2446 3240 of
2511 3190 2721 3241 Γότθοι
2781 3185 2927 3308 τῆξ,
2959 3183 3319 3256 Ἀρειανικῆς
3392 3184 3735 3254 μετέλαχω·

2805 3271 2864 3308 π.
2893 3273 3065 3308 arma

2805 3271 3065 3322 πλευ-ης.

2230 3350 2366 3418 Ἐγὼ
2397 3351 2452 3403 δὲ
2482 3344 2755 3419 προῦργον
2781 3348 2825 3378 θ’
2845 3346 3055 3418 νομίζω
3083 3345 3293 3411 διδάξαι
3325 3348 3450 3410 τοὺς
3472 3347 3735 3414 ἀγνοοῦν-

2143 3457 2262 3504 τας,
2299 3442 2447 3503 ὅπως
2480 3441 2525 3491 oi
2576 3437 2838 3509 βάρϐαροι
2869 3438 2967 3506 τὴν
3014 3438 3362 3510 Ἀρειανικὴν
3394 3438 3736 3506 εἰσεδέξαντο

2141 3533 2313 3587 νόσον.

2212 3628 2339 3679 Ὅτε
2378 3626 2468 3679 τὸν
2494 3627 2707 3696 Ἴστρον
2733 3624 3017 3689 διαϐάντες
3044 3625 3180 3696 πρὸς
3224 3625 3316 3679 τὸν
3347 3625 3588 3679 Βάλεντα
3629 3626 3735 3698 τὴν

2139 3719 2361 3789 εἰρήνην
2402 3718 2767 3785 ἐσπείσαντο,
2815 3717 3116 3788 τηνικαῦτα
3157 3716 3354 3788 παρὼν
3405 3718 3660 3782 Εὐδόξιος
3706 3722 3735 3772 ό

2137 3810 2477 3880 δυσώνυμος,
2515 3808 2748 3863 ὑπέθετο
2792 3809 2870 3880 τῷ
2897 3809 3108 3879 βασιλεί
3139 3811 3324 3863 πεῖσαι
3355 3808 3502 3880 αὑτῴ
3530 3826 3735 3863 κοινω-

2137 3901 2298 3971 νῆσαι
2330 3902 2458 3964 τοὺς
2497 3901 2748 3965 Γότθους.
2777 3902 2951 3957 Πάλαι
2991 3889 3101 3974 γὰρ
3152 3901 3252 3963 τὰς
3275 3901 3374 3972 τῆς
3396 3901 3735 3969 θεογνωσὶας

2138 3995 2363 4058 ἀκτῖνας
2415 3993 2700 4064 δεξάμενοι
2757 3995 2870 4057 τοῖς
2941 3993 3320 4056 ἀποστολικοῖς
3370 3991 3734 4062 ἐνετρέφοντο

2136 4085 2387 4156 δόγμασι.
2439 4105 2457 4136 ι
2491 4086 2852 4157 Βεϐαιοτέραν
2895 4085 3005 4157 γάρ
3034 4127 3048 4150 ,
3105 4086 3208 4158 ἔφη
3239 4125 3254 4152 ,
3298 4086 3360 4139 τὸ
3404 4085 3579 4139 κοινὸν
3624 4086 3728 4140 τοῦ

2138 4178 2487 4247 φρονήματος
2529 4176 2628 4246 τὴν
2655 4178 2880 4248 εἰρήνην
2910 4179 3225 4248 ἐργάσεται.
3269 4197 3288 4230 ι
3323 4176 3537 4245 Ταύτην
3563 4177 3725 4232 ἐπαιο

2136 4273 2296 4340 θέσαεῖ
2339 4275 2439 4345 τὴν
2476 4277 2707 4347 γνώμην
2762 4274 2912 4347 [196]
2961 4276 2990 4328 ὁ
3031 4275 3212 4347 Βάλης
3267 4274 3548 4346 προῦτεινε
3603 4278 3729 4340 τοῖς

2136 4371 2361 4424 ἐκείνων
2390 4370 2627 4440 ἡγεμόσι
2660 4369 2771 4424 τῶν
2800 4369 3085 4439 δογμάτων
3119 4367 3218 4439 τὴν
3255 4366 3592 4438 συμφωνίαν.
3655 4369 3726 4420 Οἱ

446 4438 752 4507 Ι⁵Γ⁰Ρ⁰⁵ῑιίῑο
793 4437 879 4532 -Ᾱι
918 4437 994 4532 iui
1053 4437 1253 4532 adquei
1287 4455 1348 4493 5°
1393 4454 1563 4532 P955?
1611 4442 1913 4512 ηεεθιηηῑ.
1970 4453 2030 4497 ιη
2061 4452 2108 4511 D
2133 4462 2189 4516 δέ
2219 4463 2321 4515 ούκ
2351 4437 2640 4526 ἀνέξεσθαι
2667 4458 2852 4531 ἔλεγον
2873 4437 2980 4531 τήν
3006 4437 3271 4532 πατρῴαν
3301 4437 3664 4526 καταλείψειν
3681 4462 3730 4492 ⁸³

442 4535 726 4599 paternam
775 4527 1088 4584 doctrinam
1136 4529 1479 4585 desererent.
1530 4529 1750 4586 Illorum
1784 4550 1849 4588 eo
1889 4542 2030 4591 tem-

444 4638 575 4692 pore
648 4621 895 4692 Ulphilas
963 4623 1262 4693 episcopus
1342 4634 1496 4687 erat,
1558 4627 1646 4680 cui
1728 4628 2026 4697 plurimum

443 4714 781 4780 tribuebant,
815 4714 1051 4785 ejusque
1090 4715 1255 4770 verba
1305 4731 1404 4786 pro
1442 4717 1564 4772 ﬁxis
1603 4718 1812 4791 legibus
1871 4722 2029 4778 habe-

440 4810 591 4863 bant.
629 4808 789 4864 Hunc
831 4809 1013 4865 verbis
1059 4809 1381 4875 delinitum,
1437 4813 1781 4884 pecuniaque
1834 4816 2026 4872 eblan-

442 4901 612 4955 ditunt
643 4902 930 4957 Eudnxius
967 4903 1220 4968 adduxit,
1254 4914 1313 4957 ut
1369 4904 1629 4964 Barbaris
1685 4911 2023 4978 amplecten-

401 4977 612 5048 °:lam‘
673 4995 1024 5063 Imperatoris
1101 4996 1552 5052 communionem
1637 4977 2017 5070 persuaderet.

443 5085 723 5145 Persuasit
747 5095 960 5153 autem,
993 5102 1119 5144 cum
1163 5086 1371 5144 diceret
1405 5104 1466 5144 ex
1505 5091 1807 5148 ambitione
1837 5104 2013 5150 ortam

511 5268 540 5308 1³
581 5269 728 5325 I’sal.
765 5285 956 5337 cxvttt,
988 5271 1076 5326 46.

2130 4551 2499 4608 διδασκαλίαν.
2553 4551 2690 4605 Κατ’
2732 4553 2938 4605 ἐκεῖνον
2974 4549 3030 4602 δὲ
3071 4549 3164 4602 τὸν
3209 4552 3399 4620 χρόνον
3442 4547 3731 4614 eomas;

2131 4644 2309 4696 αὐτῶν
2342 4643 2640 4705 ἐπίσκοπος
2671 4639 2760 4714 ἦν,
2813 4637 2860 4710 ᾧ
2910 4641 3056 4712 μάλα
3101 4641 3399 4705 ἐπείθοντο,
3444 4640 3540 4692 καὶ
3585 4641 3728 4703 τοὺς

2130 4735 2341 4788 ἐκείνου
2372 4735 2567 4802 λόγους
2593 4735 2882 4806 ἀκινήτους
2911 4732 3294 4798 ὑπελάμϐανον
3323 4732 3539 4800 νόμους.
3572 4731 3728 4786 Τοῦ-

2131 4845 2219 4880 τον
2267 4827 2361 4880 καὶ
2390 4827 2569 4895 λόγοις
2602 4826 2988 4897 κατακηλήσας
3030 4824 3298 4889 Εύδόξιος,
3348 4823 3440 4876 καλ⁵
3467 4823 3732 4894 χρήμασι

2141 4919 2404 4982 δελεάσας
2436 4922 2621 4973 πεῖσαι
2671 4917 3058 4990 παρεσκεύασε
3109 4917 3237 4980 τοὺς
3285 4916 3600 4986 βαρϐάρους
3629 4916 3734 4987 τὴν

2133 5010 2395 5079 βασιλέως
2439 5011 2724 5064 κοινωνίαν
2775 5007 3148 5064 ἀσπάσασθαι.
3201 5005 3428 5060 Ἔπεισε
3473 5007 3561 5070 δὲ,
3621 5009 3734 5078 φή-

2123 5117 2219 5163 σας
2268 5101 2332 5154 ἐκ
2376 5100 2682 5171 φιλοτιμίας
2725 5098 3055 5169 γεγενῆσθαι
3098 5096 3195 5167 τὴν
3238 5096 3386 5162 ἔριν.
3421 5097 3734 5166 ¹δογμάτων

1721 5437 1952 5495 νΛῐῖΙΑΞ
2004 5439 2407 5496 LECTIONES.

509 5526 550 5558 ⁵⁷
577 5526 879 5597 Βετρανίων
919 5530 1258 5592 Christonh.,
1297 5529 1526 5598 δεξιῆς..
1583 5530 1894 5585 Casaubon.

437 5597 908 5667 {Aptatajtabent
942 5600 1105 5652 Bmil.
1144 5601 1244 5653 (ir.
1299 5609 1352 5653 et
1381 5597 1571 5667 Stelth-

433 5732 606 5787 Busil.
634 5735 729 5787 (ir.
764 5742 814 5787 et
870 5724 1059 5804 Steph.
1111 5739 1314 5792 habent
1351 5724 1715 5808 ’καταλήψει-ι.

2008 5533 2155 5606 δ’ξΙιιι
2213 5533 2534 5606 Christoph.
2589 5545 2641 5606 et
2702 5534 2948 5606 Scaliger
3005 5551 3129 5591 eum
3183 5536 3396 5606 Valesii
3449 5535 3730 5593 editione.

545 5601 918 5675 .tetanhabent
942 5600 1105 5675 Btsil.
1144 5601 1259 5675 (ir.
1299 5609 1352 5675 et
1381 5600 1580 5675 Steph,
1630 5603 1672 5632 δι’
1709 5603 1800 5654 καὶ
1830 5605 1882 5675 οἰκ
1918 5600 2016 5669 μὲν
2045 5600 2559 5675 ἔφιδ·ίοελ-έέδίωκοκθ.
2602 5603 2767 5660 Basil.
2799 5600 2892 5660 ui".
2927 5617 2978 5660 et
3025 5607 3219 5675 Steph.
3249 5608 3293 5639 ⁵⁸
3341 5604 3435 5660 οὖν
3494 5610 3662 5662 abest
3701 5625 3732 5662 a

437 5665 602 5734 llasil.
661 5665 754 5718 Gr.
797 5679 842 5718 et
887 5669 1078 5734 Steph.
1157 5671 1196 5699 ει
1239 5671 1378 5734 ὑπὲρ
1411 5663 1506 5720 ὧν.
1543 5669 1763 5724 Czt-leru:
1823 5663 1946 5728 edd.
1988 5663 2199 5728 omnes.

2289 5674 2329 5704 δ’
2362 5673 2660 5746 προύργου.
2697 5677 2860 5732 ilasil.
2908 5676 3002 5732 Gr.
3060 5673 3730 5748 “Cill‘iSlOpllOl‘SOﬂUS,
