4032 6192
441 315 588 384 ’1199

1430 307 1912 372 TIIEODORETI
1947 304 2290 365 EPISCOPI
2323 303 2686 365 CYRENSIS

3546 302 3682 366 1200

521 427 735 500 1016
763 427 887 499 [CIL
917 424 997 498 3.]
1043 424 1201 492 Quod
1247 425 1468 496 quidem
1509 440 1634 478 cum
1685 421 1827 492 apud
1879 420 2009 472 alias

2189 417 2299 470 Kal
2345 418 2404 469 ὲν
2456 418 2669 486 ἑκάστῳ
2717 415 2815 484 μὲν
2861 413 3000 469 ἔθνει
3044 414 3199 469 τοῦτό
3243 433 3306 484 γε
3354 415 3682 486 ἀδηρίτως⁷³

448 536 636 598 gentes
690 519 933 590 singulas
985 518 1104 572 sine
1157 517 1533 571 controversia
1591 515 1794 568 factum
1849 519 2016 575 esset,

446 611 758 669 Antiochia:
783 608 1040 678 primaria
1075 608 1207 663 urbe
1238 605 1478 663 Orientis
1520 606 1797 662 contentio
1826 611 2016 660 exorta

445 713 530 760 est
558 699 849 771 ejusmodi.

867 788 1019 845 CAP.
1053 788 1140 844 Ill.
1170 787 1255 859 [Β.
1291 787 1374 842 St.
1401 787 1466 840 ν.
1512 786 1591 858 5.1

445 882 524 938 De
556 881 774 935 Paulini
820 881 1184 939 contentione,
1223 886 1272 931 et
1322 876 1642 946 Apollinarii
1674 873 2015 928 Laodicensis

615 951 896 1004 narratione
923 957 972 1003 et
1003 948 1066 1002 de
1099 947 1304 1002 Meletit'
1328 951 1518 1001 virtute
1541 962 1603 999 ac
1637 946 1850 1013 pietate.

513 1102 664 1157 Duas
696 1101 752 1156 in
784 1109 1002 1171 partes,
1035 1108 1097 1154 ut
1151 1108 1278 1155 ante
1326 1099 1592 1165 diximus,
1643 1096 1804 1154 divisi
1857 1103 2014 1151 erant

427 1193 869 1262 ‘apostolicorum
909 1189 1223 1256 dogmatum
1273 1195 1744 1260 propugnatores:
1777 1201 2012 1256 quorum

443 1282 535 1334 alii
569 1280 753 1334 statim
781 1287 908 1348 post
930 1287 1174 1333 structas
1205 1294 1408 1348 magno
1440 1277 1730 1332 Eustatbio
1757 1277 2011 1342 insidias,

441 1371 755 1424 Ariunicam
793 1369 1127 1437 impietatem
1181 1369 1479 1435 detestati,
1511 1367 1854 1437 seorsimque
1882 1381 2015 1420 con-

437 1469 635 1516 ventus
663 1468 912 1534 agentes,
945 1459 1232 1528 praesulem
1269 1460 1512 1514 habuere
1560 1457 1849 1511 Paulinum
1881 1476 1894 1512 :
1921 1457 2012 1510 alii

437 1559 565 1621 post
613 1548 801 1603 Euzoii
847 1543 1248 1604 ordinationem
1282 1565 1408 1605 cum
1440 1550 1645 1606 eximio
1692 1548 1908 1604 Meletio
1944 1547 2013 1603 ab

431 1639 623 1708 impiis
676 1638 996 1709 segregati,
1053 1648 1219 1710 atque
1275 1639 1368 1694 illa
1418 1656 1542 1710 quae
1587 1640 2013 1696 memoravimus

2118 508 2353 576 ἐγένετο,
2367 509 2424 562 ἐν
2447 508 2741 578 Ἀντιοχείᾳ
2768 506 2824 559 δέ
2854 510 2920 577 τῇ
2939 507 3038 577 τῆς
3066 507 3238 577 Ἐᾠας
3260 507 3540 579 ἡγουμένῃ
3568 507 3681 577 ἔρις

2119 597 2330 668 ἀνήφθη
2349 599 2391 629 ⁷⁸
2426 597 2625 652 τοιάδε.

2711 777 2966 830 ΚΕΦΑΛ.
3006 776 3080 830 I".

2119 870 2257 935 Περί
2289 869 2398 935 τῆς
2423 869 2729 921 Παυλίνου
2747 867 3152 988 ἕιλονεικιας,
3199 867 3300 919 καί
3359 865 3468 933 τῆς
3507 866 3680 920 Ἀπο-

2185 939 2459 988 λιναοίου
2493 936 2600 988 τοῦ
2624 943 2745 988 Λαο
2787 936 2956 988 ικέωιι
2985 939 3389 988 καινοτομίας.
3411 936 3512 988 καί
3544 934 3680 988 πεοι

2185 934 2459 1005 λιναρίου
2493 936 2600 990 τοῦ
2624 934 2956 1000 Λαοδικέως
2985 939 3389 1004 καινοτομίας,
3411 936 3512 989 καί
3544 934 3680 1002 περι

2191 1006 2300 1075 τῆς
2333 1008 2625 1060 Μελετίου
2657 1006 3024 1075 φιλοσοφίας
3049 1005 3146 1057 καί
3176 1006 3504 1073 φιλοθεΐας.

2185 1098 2318 1168 Διχῆ
2353 1096 2474 1166 μὲν,
2495 1095 2571 1158 ὡς
2598 1098 2690 1148 καὶ
2723 1094 2959 1166 πρόσθεν
2989 1095 3312 1165 εἰρήκαμεν,
3338 1095 3387 1146 οί
3416 1094 3522 1146 τῶν
3550 1094 3686 1146 άπο·

2119 1187 2381 1241 στολικῶν
2411 1184 2944 1256 ύπεραγωνιζόμενοι
2981 1184 3266 1254 δογμάτων
3294 1183 3566 1252 διῄρηντο·
3587 1183 3682 1235 καὶ

2113 1280 2162 1331 οί
2197 1281 2296 1348 μὲν
2325 1276 2486 1340 εὐθὺς
2513 1277 2653 1346 μετὰ
2690 1276 2786 1346 τὴν
2816 1276 2938 1329 κατ’
2980 1273 3277 1328 Εύσταθίου
3320 1273 3413 1326 τοῦ
3446 1273 3680 1343 μεγάλου

2112 1368 2464 1438 τυρευθεῖσαν
2489 1367 2801 1434 ἐπιϐουλὴν,
2837 1364 2936 1436 τὴν
2979 1364 3326 1437 Ἀρειανικὴν
3352 1364 3680 1434 βδελυξάμε-

2113 1479 2194 1515 νοι
2228 1461 2533 1532 βδελυρίαν,
2563 1464 2656 1514 καὶ
2698 1461 2840 1514 κατά
2882 1461 3018 1528 σφᾶς
3051 1460 3248 1523 αὐτοὺς
3281 1457 3678 1530 ἀθροιζόμενοι,

2113 1553 2374 1606 Παυλῖνον
2416 1549 2561 1622 εἶχον
2613 1551 2918 1622 ἡγούμενον
2938 1569 2952 1583 ο
2981 1553 3029 1605 οἱ
3057 1551 3114 1604 δὲ
3148 1551 3288 1621 μετά
3313 1551 3416 1620 τὴν
3442 1551 3679 1613 Εύζωϊου

2113 1647 2441 1718 χειροτονίαν
2468 1646 2565 1699 σὺν
2595 1645 2842 1715 Μελετίῳ
2862 1643 2938 1714 τῷ
2963 1644 3102 1698 πάνυ
3135 1643 3242 1697 τῶν
3272 1642 3680 1697 δυσσεϐούντων

435 1727 762 1783 discrimina
812 1730 1096 1798 perpessi,
1131 1709 1539 1798 sapientissima
1591 1730 1790 1787 Meletii
1840 1730 2007 1784 disci-

2112 1737 2522 1808 ἀποκριθέντες,
2551 1737 2644 1789 καὶ
2675 1736 2801 1798 τοὺς
2830 1736 3102 1798 κινδύνους
3129 1734 3371 1797 ἐκείνους
3421 1733 3515 1797 οὒς
3545 1733 3683 1798 διεξ-

434 1820 584 1889 plina
609 1819 963 1889 regebantur.
1002 1819 1206 1875 Practer
1233 1820 1333 1874 hos
1369 1820 1546 1874 tertia:
1574 1821 1772 1875 classis
1812 1819 2008 1874 ducem

435 1924 496 1965 se
518 1908 750 1979 praebuit
770 1909 1142 1978 Apollinarius
1166 1909 1531 1976 Laodicenus,
1567 1911 1684 1979 qui,
1727 1918 2009 1978 assumpta

421 2013 666 2070 persona
710 1999 970 2069 pietatis,
1017 2013 1147 2054 cum
1203 2002 1508 2071 apostolica
1562 1999 1817 2070 dogmata
1869 2000 2009 2055 tueri

433 2091 587 2146 visus
620 2097 807 2155 esset,
862 2089 1212 2159 postmodum
1251 2089 1582 2146 manifestus
1631 2090 1809 2145 hostis
1839 2105 2008 2161 appa-

419 2181 569 2237 ruit.
603 2180 676 2236 De
704 2181 890 2236 divina
933 2181 1206 2251 siquidem
1259 2190 1455 2235 natura
1489 2195 1750 2251 perverse
1783 2181 2009 2235 ratioci-

432 2281 602 2326 natus
629 2279 737 2336 est,
782 2271 1049 2340 quosdam
1085 2271 1138 2325 in
1179 2286 1242 2325 ea
1275 2269 1604 2342 dignitatum
1638 2270 1844 2342 gradus
1873 2285 2010 2326 con-

433 2363 672 2418 stituens
708 2380 722 2417 :
758 2370 814 2416 et
840 2362 1240 2418 incarnationis
1272 2362 1592 2433 mysterium
1623 2361 2008 2430 imperfectum

434 2452 641 2524 lingere
693 2468 864 2509 ausus
918 2461 1036 2520 est,
1095 2453 1449 2523 animamque
1504 2453 1866 2516 rationalem,
1916 2451 2008 2506 cui

429 2542 686 2613 corporis
739 2542 946 2597 tradita
1006 2551 1092 2598 est
1135 2543 1475 2605 moderatio,
1528 2542 1757 2597 indultae
1814 2542 2010 2598 salutis

427 2641 702 2690 exsortem
730 2633 903 2690 fuisse
930 2633 1237 2690 aﬂirmavit.
1263 2634 1396 2688 Cum
1422 2633 1565 2688 hanc
1595 2634 1762 2698 enim,
1797 2641 1851 2688 ut
1891 2635 2010 2704 ipse

432 2729 546 2792 ait,
575 2725 722 2781 Deus
751 2725 990 2781 Verbum
1022 2740 1132 2778 non
1161 2726 1546 2794 assumpserit,
1579 2739 1755 2794 neque
1782 2725 2009 2780 medici-

431 2837 557 2876 nam
577 2821 650 2876 illi
677 2821 931 2891 przebuit,
948 2835 1124 2890 neque
1149 2819 1412 2873 honorem
1433 2819 1696 2890 impertiit
1722 2821 1849 2875 :sed
1875 2835 2008 2873 cor-

431 2927 534 2982 pus
561 2911 784 2981 quidem
818 2918 1096 2964 terrenum
1126 2909 1196 2963 ab
1223 2908 1592 2964 invisibilibus
1631 2910 2000 2979 potestatibus

433 3002 648 3071 1017
695 3000 980 3066 adoratur,
1021 3001 1207 3055 anima
1259 3016 1424 3068 vero,
1462 3002 1529 3056 ad
1572 3002 1861 3073 imaginem
1912 3002 2005 3058 Dei

431 3067 676 3156 dolui—ita,
701 3089 842 3145 infra
867 3091 1071 3146 mansit
1097 3091 1310 3162 peccati
1343 3093 1614 3150 dedecore
1643 3067 2002 3150 circumfusa.
2034 3067 2076 3124 ο

433 3185 451 3202 ‘
485 3177 652 3233 Multa
711 3179 944 3251 insuper
973 3182 1080 3236 alia
1115 3181 1253 3239 falso
1282 3191 1336 3239 et
1370 3199 1518 3240 caeco
1567 3186 1768 3241 mentis
1816 3201 2008 3242 errore

408 3270 737 3340 congessit.
769 3269 905 3326 Nam
952 3272 1232 3329 interdum
1278 3276 1397 3346 ipse
1427 3291 1647 3348 quoque
1686 3292 1908 3333 carnem
1941 3293 2006 3332 ex

429 3370 626 3414 sancta
658 3359 885 3431 Virgine
916 3371 1191 3434 smnptatu
1228 3379 1354 3420 esse
1393 3366 1757 3420 conﬁtebatur
1789 3384 1802 3420 :
1841 3366 2010 3420 inter-

429 3455 561 3510 dum
596 3457 738 3512 hanc
776 3457 941 3512 simul
986 3473 1110 3513 eum
1145 3457 1258 3515 Deo
1305 3458 1489 3515 Verbo
1527 3477 1558 3516 e
1590 3461 1732 3514 caelo
1779 3460 2010 3516 descen-

431 3549 582 3604 disse
632 3549 710 3602 ait
745 3567 758 3604 :
791 3549 1070 3604 interdum
1129 3551 1307 3620 ipsum
1360 3566 1580 3606 carnem
1616 3565 1741 3606 esse
1779 3551 2006 3617 factum,

429 3641 525 3694 sed
565 3655 596 3693 a
639 3639 798 3696 nobis
845 3641 984 3694 nihil
1019 3641 1325 3712 accepisse.
1359 3640 1467 3696 Sed
1499 3650 1553 3698 et
1592 3643 1731 3698 alias
1790 3643 2008 3700 fabulas

432 3745 721 3800 nugasque
777 3731 982 3786 divinis
1042 3733 1508 3801 promissionibus
1556 3735 1822 3805 adjunxit,
1867 3751 2008 3808 quas

415 3820 490 3872 'in
551 3820 847 3888 pra-sentia
911 3836 1206 3879 recensere
1270 3839 1740 3894 supervacaneum
1793 3828 2005 3897 putavi.

417 3907 591 3962 'Talia
623 3910 716 3963 ille
744 3924 871 3964 cum
909 3911 1154 3977 doceret,
1185 3929 1294 3968 non
1331 3930 1464 3972 suos
1509 3916 1779 3970 duntaxat
1811 3927 2006 3973 conta-

419 4000 700 4065 minavit,
751 4000 845 4056 sed
897 4003 1168 4073 quosdam
1225 4005 1390 4061 etiam
1432 4022 1498 4062 ex
1546 4007 1754 4064 nostris
1814 4008 2006 4063 eadem

433 4097 556 4150 labe
603 4095 814 4151 infecit.
873 4097 1068 4154 Postea
1119 4100 1289 4165 enim,
1343 4115 1500 4156 suam
1555 4101 1656 4172 ipsi
1715 4109 2007 4158 cernentes

428 4187 782 4247 tenuitatem,
813 4185 1154 4243 et'Ecelesiae
1186 4190 1536 4260 splendorem
1566 4192 2004 4257 considerantes,

433 4277 714 4346 conjuncti
757 4277 981 4347 quidem
1016 4287 1146 4335 sunt
1177 4295 1389 4347 omnes,
1425 4285 1615 4352 paucis
1655 4286 1918 4354 exceptis,
1950 4293 2006 4341 et

2061 1861 2066 1866 ο
2115 1826 2350 1898 ήλθομεν
2395 1827 2790 1896 ὑπομείναντες
2811 1865 2826 1889 ,
2877 1826 2981 1879 ὑπὸ
3015 1828 3116 1896 τῆς
3144 1825 3406 1878 Μελετίου
3435 1825 3682 1891 σοφωτά-

2111 1935 2211 1986 της
2255 1917 2598 1980 διδασκαλίας
2635 1916 2891 1970 ἰθύνοντο.
2936 1915 3076 1987 Πρὸς
3108 1916 3163 1968 δὲ
3194 1915 3403 1979 τούτοις
3471 1915 3685 1969 Ἀπολι-

2113 2009 2296 2079 νάριος
2327 2010 2354 2060 ὁ
2383 2009 2677 2070 Λαοδικεὺς
2728 2007 2980 2078 ἐτέρας⁷²
3015 2006 3323 2078 συμμορίας
3356 2006 3545 2060 ἑαυτὸν
3573 2008 3685 2060 ἀπ-

2112 2100 2311 2170 έφηνεν
2341 2098 2616 2169 ἀρχηγόνο
2648 2098 2707 2162 ὃς
2747 2098 2806 2151 τὸ
2849 2097 2949 2166 τῆς
2995 2096 3276 2160 εὐσεϐείας
3324 2097 3684 2168 περιθέμενος

2111 2192 2476 2262 προσωπεῖον,
2511 2188 2605 2243 καὶ
2643 2188 2752 2241 τῶν
2797 2186 3169 2242 άποστολικῶν
3211 2187 3496 2254 δογμάτων
3525 2187 3684 2252 δόξας

2112 2275 2505 2348 ὑπερασπίζειν
2521 2277 2568 2308 ’³
2593 2278 2786 2347 μικρὸν
2822 2275 3048 2347 ὓστερον
3074 2275 3356 2346 προφανὴς
3397 2275 3552 2347 ὤφθη
3585 2294 3683 2330 πο·

2110 2369 2314 2439 λέμιος.
2348 2368 2457 2422 Kal
2498 2368 2608 2440 γάρ
2653 2368 2780 2438 περὶ
2821 2367 2920 2438 τῆς
2967 2367 3117 2430 θείας
3149 2367 3363 2436 φύσεως
3409 2367 3683 2437 κιϐδήλοις

2111 2458 2384 2530 ἐχρήσατο
2410 2457 2610 2526 λόγοις,
2646 2455 2888 2527 βαθμούς
2936 2473 3090 2520 τινας
3129 2456 3458 2527 ἀξιωμάτων
3491 2458 3684 2528 γεννή-

2111 2566 2211 2613 σας
2230 2566 2242 2578 ·
2275 2549 2369 2602 καὶ
2397 2549 2457 2601 τὸ
2485 2551 2586 2616 τῆς
2630 2547 2940 2619 οἰκονομίας
2984 2550 3281 2619 μυστήριον
3310 2547 3497 2609 ἀτελὲς
3540 2549 3683 2600 am-

2110 2640 2275 2710 φῆναι
2319 2639 2641 2709 τετόλμηκε,
2695 2638 2790 2693 καὶ
2824 2639 2922 2709 τὴν
2949 2637 3182 2709 λογικὴν
3211 2637 3409 2710 ψυχὴν,
3439 2639 3539 2710 τὴν
3567 2639 3684 2692 lea-

2109 2748 2222 2785 νειν
2250 2730 2310 2783 τὸ
2340 2730 2496 2800 σῶμα
2528 2729 2989 2801 πεπιστευμένην,
3023 2729 3348 2802 ἐστερῆσθαι
3379 2730 3476 2799 τῆς
3520 2747 3680 2798 γεγεο

2110 2819 2348 2889 νημένης
2374 2819 2543 2888 ἔφησε
2573 2819 2866 2888 σωτηρίας.
2913 2819 3027 2872 Οὐκ
3075 2817 3311 2887 εἰληφὼς
3340 2817 3448 2886 γάρ
3474 2818 3681 2889 ταύτην

2110 2911 2250 2963 κατὰ
2281 2911 2372 2964 τὸν
2412 2911 2618 2964 ἐκείνου
2653 2910 2810 2978 λόγον
2838 2911 2865 2963 ό
2894 2909 3026 2973 Θεδς
3055 2910 3246 2978 Λόγος,
3275 2909 3398 2962 οὔτε
3441 2910 3686 2980 ἰατρείας

2111 3000 2364 3066 ἠξίωσεν,
2399 3000 2523 3053 οὔτε
2551 3001 2718 3072 τιμῆς
2750 3000 3053 3070 μετέδωκεν
3073 3017 3088 3032 ⁶
3122 3000 3257 3054 ἀλλὰ
3285 2999 3347 3053 τὸ
3379 3001 3478 3070 μὲν
3521 3001 3685 3071 σῶμα

2107 3092 2170 3146 τδ
2193 3093 2380 3162 γήϊνον
2407 3091 2512 3144 ὑπὸ
2534 3090 2640 3143 τῶν
2666 3090 2914 3162 ἀοράτων
2945 3092 3329 3160 προσκυνεῖται
3355 3089 3641 3161 δυνάμεων
3659 3107 3675 3121 ’

2109 3187 2142 3255 ἠ
2174 3184 2229 3238 δέ
2251 3184 2397 3256 ψυχὴ
2424 3185 2456 3253 ἡ
2489 3183 2608 3237 κατ’
2642 3183 2825 3236 εἰκόνα
2847 3181 3000 3236 θείαν
3023 3182 3362 3254 γεγενημένη
3387 3183 3539 3235 κάτω
3584 3201 3688 3253 με-

2111 3276 2352 3347 μένηκε,
2411 3274 2508 3346 τὴν
2561 3274 2662 3344 τῆς
2706 3275 2980 3346 ἁμαρτίας
3029 3273 3252 3344 ἀτιμίαν
3300 3274 3680 3346 περικειμένη.

2109 3365 2286 3419 Πολλά
2319 3365 2375 3418 δὲ
2396 3366 2444 3403 ⁷⁸
2473 3363 2608 3435 πρὸς
2631 3351 2842 3428 τούτοις
2869 3364 2964 3418 καί
2992 3364 3152 3435 ἐτερα
3178 3358 3332 3417 εἶπεν
3364 3364 3686 3438 ἐσφαλμένῃ

2109 3457 2200 3512 καί
2230 3456 2619 3528 τυφλωττούσῃ
2642 3456 2866 3527 διανοίᾳ.
2891 3457 3026 3509 Ποτέ
3056 3457 3154 3527 μ’ἐν
3175 3457 3282 3527 γὰρ
3312 3458 3684 3528 συνωμολόγει

2109 3547 2204 3601 καὶ
2235 3547 2396 3611 αὐτὸς
2428 3548 2493 3600 ἐκ
2530 3527 2629 3617 της
2657 3546 2818 3614 ἁγίας
2848 3546 3122 3619 Παρθένου
3152 3548 3550 3618 πῳσειλῆφθαι
3581 3549 3686 3620 τὴν

2111 3639 2310 3709 σάρκα,
2357 3638 2487 3692 ποτὲ
2517 3638 2573 3691 δὲ
2607 3637 2896 3708 οὐρανόθεν
2945 3637 3148 3709 ταύτην
3179 3638 3258 3708 τῷ
3293 3639 3411 3706 Θεῷ
3457 3640 3616 3710 Λόγῳ
3631 3641 3687 3672 τ’

2111 3728 2638 3799 συγκατεληλυθέναι
2665 3728 2828 3798 φησίν
2845 3746 2858 3760 ⁸
2884 3727 3072 3782 ἄλλοτε
3103 3729 3160 3782 δὲ
3179 3730 3225 3761 ⁷⁸
3258 3730 3422 3783 αὐτὸν
3444 3731 3690 3802 γεγενῆ..

2109 3818 2236 3872 σθαι
2267 3817 2467 3890 σάρκα,
2507 3818 2657 3872 ούδὲν
2689 3819 2747 3885 ἐξ
2779 3817 2935 3888 ἡμῶν
2964 3818 3245 3888 εἰληφότα.
3300 3819 3409 3872 Kal
3454 3819 3690 3890 ἐτέρους

2107 3910 2166 3963 δὲ
2197 3909 2400 3981 μύθους
2447 3910 2541 3962 καὶ
2573 3909 2773 3980 λήρους
2802 3913 2920 3972 ταῖς
2964 3909 3135 3973 θείαις
3164 3910 3516 3978 ἐπαγγελίαις
3551 3928 3690 3965 συν-

2110 3999 2348 4066 έζευξεν,
2380 4000 2472 4064 οὓς
2501 4002 2594 4054 καὶ
2625 3999 2808 4069 λέγειν
2842 4000 3094 4073 περιττὸν
3133 4001 3225 4054 ἐπὶ
3267 4000 3361 4055 τοῦ
3411 4001 3688 4071 παρόντος

2110 4093 2384 4164 νενόμικα.
2431 4093 2668 4157 Ἐκεῖνος
2701 4094 2799 4162 μὲν
2823 4089 2916 4146 οὖν
2947 4094 3173 4147 τοιαῦτα
3199 4093 3390 4162 λέγων,
3414 4094 3477 4146 ού
3511 4093 3686 4164 μόνον

2107 4185 2236 4249 τοὺς
2265 4185 2498 4249 οίκείους
2520 4185 2618 4255 τῆς
2641 4184 2843 4254 βλάϐης
2859 4183 2904 4216 ⁷⁷
2919 4183 3074 4256 [201]
3096 4184 3410 4255 ἐνέπλησεν,
3427 4183 3562 4237 ἀλλὰ
3582 4187 3686 4239 καί

2108 4294 2218 4332 τισι
2245 4277 2356 4331 τῶν
2386 4277 2670 4348 ἡμετέρων
2695 4275 2956 4344 ταύτης⁷⁸
2981 4275 3279 4345 μετέδωκε.
3297 4275 3484 4346 Χρόνῳ
3506 4274 3618 4345 γὰρ
3634 4277 3686 4309 ⁷⁸

433 4366 878 4422 communionem
902 4369 1332 4425 ecclesiasticam
1369 4382 1718 4440 acceperunt,
1747 4377 1997 4430 morbum

2109 4370 2358 4444 ὕστερον,
2403 4371 2502 4440 τήν
2545 4385 2603 4422 τε
2645 4369 2915 4439 σφετέραν
2957 4367 3194 4438 δρῶντες
3247 4368 3542 4431 εὐτέλειαν,
3577 4369 3688 4422 καὶ

431 4463 640 4520 tamen,
665 4472 774 4525 quo
809 4467 972 4512 antea
1023 4456 1371 4526 laborabant,
1408 4478 1516 4518 non
1561 4474 1866 4530 exuerunt,
1905 4467 2006 4524 sed

432 4546 538 4601 hoc
571 4547 689 4617 ipso
721 4549 920 4604 multos
947 4551 1038 4620 qui
1063 4553 1182 4606 sani
1207 4553 1337 4607 olim
1372 4553 1584 4609 fuerant
1614 4568 2002 4628 corruperunt.

436 4637 512 4691 Ex
556 4639 657 4693 hac
703 4639 889 4695 radice
923 4641 977 4694 in
1019 4640 1284 4698 Ecclesiis
1331 4654 1520 4698 natum
1571 4655 1686 4713 est,
1714 4649 1857 4718 quod
1897 4665 2006 4704 una

433 4728 621 4784 carnis
653 4736 708 4784 et
737 4729 1046 4787 divinitatis
1081 4744 1278 4788 natura
1310 4735 1536 4800 dicitur,
1567 4741 1824 4809 quodque
1859 4741 2002 4796 divi-

433 4819 592 4872 nitati
624 4816 905 4890 Unigeniti
935 4821 1125 4891 passio
1158 4824 1479 4890 ascribltur,
1506 4836 1560 4882 et
1586 4830 1692 4884 alia
1723 4830 1774 4884 id
1805 4847 1999 4902 genus.

435 4911 500 4963 de
554 4909 756 4978 quibus
817 4912 1142 4980 populorum
1191 4915 1650 4990 sacerdotumque
1701 4923 2003 4976 certamina

433 5004 782 5056 exstiterunt.
818 4997 1018 5056 Verum
1052 5003 1168 5058 haec
1200 5005 1422 5074 quidem
1482 5017 1666 5077 postea
1699 5013 2001 5083 contigere.

438 5089 593 5146 Tunc
617 5107 748 5146 vero
777 5093 1127 5148 Antiochiam
1187 5095 1438 5166 ingresso
1486 5097 1695 5167 Sapore
1741 5103 2005 5173 magistro

2105 4461 2213 4532 τὴν.
2234 4460 2674 4531 τῆςἝκκλησίας
2704 4458 2966 4529 θεώμενοι
2993 4460 3372 4530 περιφάνειαν,
3403 4458 3688 4529 συνήφθη-

2108 4568 2208 4604 σαν
2239 4550 2340 4621 μὲν
2365 4549 2503 4618 πλὴν
2527 4549 2723 4618 ὀλίγων
2749 4549 3006 4613 ἅπαντες,
3039 4550 3132 4604 καὶ
3163 4551 3261 4617 τῆς
3294 4550 3687 4620 ἐκκλησιαστι-

2107 4641 2211 4712 κῆς
2253 4640 2540 4704 κοινωνίας
2579 4641 2873 4712 μετέλαχον
2893 4658 2908 4672 ’
2938 4641 3035 4712 τὴν
3061 4641 3115 4694 δὲ
3147 4641 3417 4712 προτέραν
3443 4642 3542 4694 οὐκ
3562 4643 3687 4695 ἁπ-

2106 4734 2288 4789 έθεντο
2316 4735 2488 4799 νόσον,
2508 4734 2645 4787 ἀλλὰ
2671 4735 2764 4788 καὶ
2784 4734 3012 4798 πολλοὺς
3029 4734 3138 4786 τῶν
3161 4733 3324 4786 πάλαι
3348 4733 3689 4804 ἐρρωμένων

2107 4827 2309 4899 ταύτης
2331 4827 2651 4896 ἐνέπλησαν.
2671 4827 2764 4879 Ἐκ
2781 4827 2939 4898 τῆσδε
2954 4829 3050 4896 τῆς
3071 4826 3226 4898 ῥίζης
3248 4827 3306 4878 ἐν
3318 4829 3434 4887 ταῖς
3449 4826 3690 4895 Ἑκκληο

2111 4920 2255 4982 σίαις
2287 4917 2619 4988 ἐϐλάστησεν
2643 4919 2676 4988 ἡ
2710 4919 2806 4988 μία
2827 4917 2922 4988 τῆς
2943 4919 3144 4988 σαρκὸς
3175 4917 3269 4970 καὶ
3296 4917 3396 4986 τῆς
3426 4916 3690 4986 θεότητος

2113 5011 2292 5082 φύσις,
2311 5012 2406 5064 καὶ
2426 5011 2487 5063 τὸ
2501 5014 2566 5082 τῇ
2589 5011 2799 5079 θεότητι
2814 5008 2906 5063 τοῦ
2919 5008 3255 5078 Μονογενοῦς
3268 5007 3548 5078 προσάπτε
3559 5026 3617 5060 ιν
3629 5009 3689 5060 τὸ

2113 5102 2306 5168 πάθος,
2324 5103 2419 5156 καὶ
2435 5102 2624 5170 τάλλα,
2637 5102 2735 5154 ὅσα
2749 5104 2860 5164 τοῖς
2874 5101 2920 5132 ⁸⁸
2937 5101 3086 5164 λαοῖς
3111 5100 3205 5154 καὶ
3223 5102 3333 5162 τοῖς
3358 5101 3401 5151 ίε
3411 5097 3566 5169 ρεῦσι
3588 5099 3691 5169 τὴν

1703 5254 1944 5312 VARUE
1984 5258 2388 5314 LECTlONES.

511 5401 668 5482 ’quie
697 5404 1188 5482 et_Cltristopltors.
1209 5421 1333 5482 cum
1368 5406 1628 5482 Steph}.
1663 5407 1766 5482 βοά
1799 5408 1963 5482 Basil.
1993 5412 2086 5467 Gr.
2114 5424 2169 5468 et
2191 5412 2382 5482 Steph.
2408 5414 2430 5467 l
2471 5411 2810 5482 ἀδιορίστως.
2868 5414 2910 5444 ⁷⁸
2941 5410 3356 5482 ὲγένετο.ΒοεὶΙ.
3390 5411 3523 5482 ϐα,
3544 5412 3683 5470 Sav.

447 5475 498 5552 Et
533 5471 804 5552 ξηρῇ.-
838 5471 1169 5552 etiamadd“
1196 5476 1323 5552 περὶ
1345 5471 1527 5552 τοῦδε.-
1560 5479 1606 5509 ⁷²
1620 5477 1722 5552 νῦν
1744 5480 1947 5552 addunt
1970 5483 2131 5537 Basil.
2157 5483 2251 5538 Gr.
2280 5471 2332 5534 ιῙι
2359 5483 2546 5552 Steph.
2595 5471 2652 5514 ’⁷³
2680 5471 2834 5545 δόξας
2861 5471 3136 5552 ύπερασπ.
3167 5481 3470 5552 δογμάτων.
3498 5471 3682 5535 Basil.

441 5540 562 5620 pr.‘
607 5544 653 5573 ⁷⁸
678 5544 833 5597 Πολλ.
856 5545 911 5595 δὲ
929 5546 1028 5620 καί
1058 5546 1134 5620 ἐτ.
1162 5540 1299 5620 πρὸς
1314 5546 1593 5620 τούτηείπ.
1620 5547 1741 5620 Bas.
1759 5547 1933 5620 Grzcc.
1970 5560 2023 5607 el.
2051 5553 2238 5620 Steph.
2266 5551 2369 5606 Sed
2388 5540 2504 5604 Ρίιίἱ
2530 5553 2666 5607 liber
2691 5540 2848 5606 ιιείκὲι
2871 5572 2883 5604 :
2909 5540 3066 5604 Πόλλ.
3085 5552 3140 5603 δὲ
3167 5540 3425 5620 πέδτούτ.
3448 5567 3504 5604 κ.
3524 5553 3681 5618 ἐτερ.

443 5609 815 5684 ἐνεὼχμωσεν.
929 5614 1161 5684 τζΛόγῳ
1183 5609 1385 5684 excidit
1412 5633 1440 5667 ρ
1465 5619 1651 5684 Steph.

442 5680 803 5746 que_Niceph.
839 5684 908 5732 II.
953 5680 1014 5734 E.
1039 5680 1158 5744 XII,
1187 5683 1239 5733 4.

441 5743 497 5799 ἐι
544 5743 730 5814 Steph:
763 5747 1035 5832 "Osa‘ui’;
1061 5766 1117 5800 τε
1149 5752 1294 5812 λαοῖς
1327 5743 1492 5805 ουίίιῖᾶι
1514 5752 1600 5806 Jo.
1630 5743 1766 5809 lli-ui.

1725 5619 1845 5692 "is;
1874 5621 2027 5677 abest
2057 5637 2085 5676 a
2105 5619 2232 5692 ,Pinj
2262 5624 2470 5676 codice.
2548 5623 2592 5654 ⁷⁷
2619 5622 2762 5692 λύμη

1318 5685 1362 5713 ⁷⁸
1393 5685 1489 5756 τῆς
1524 5685 1723 5756 ἓιώείης.
1763 5687 1945 5745 Iidem.
2021 5692 2066 5724 το
2097 5691 2171 5745 δέ.
2205 5690 2322 5747 Pini
2361 5691 2515 5746 liller.
2591 5685 2762 5746 ιοδξςα·
2792 5710 2848 5745 τε
2881 5694 2991 5756 τοῖς
3021 5692 3218 5755 ἄλλοις.
3251 5690 3299 5744 λ.
3330 5685 3456 5744 Bas.
3493 5688 3676 5744 Grmc.

2769 5640 2814 5684 ς.
2847 5621 2973 5674 Bas.
2999 5622 3169 5676 Grzec.
3216 5631 3269 5675 et
3300 5620 3464 5687 Steph
3516 5621 3684 5673 item-
