4032 6192
414 195 547 259 1201
1453 203 2034 266 ECCLESIASTICiE
2064 201 2448 263 IIISTORIE
2500 204 2646 264 LIB.
2673 205 2740 266 V.
3532 203 3668 270 1202

407 308 686 378 διαμάχην
699 307 1218 381 γεγέννηκεν.“Αλλὰ
1228 312 1400 368 ταῦτα
1420 316 1518 386 μὲν
1531 315 1757 389 ὕστερον
1768 319 1988 389 γεγένη-

2100 316 2354 380 militum,
2385 325 2439 372 et
2471 318 2826 390 imperatoris
2853 316 3028 388 legem
3059 315 3399 386 proibrente,
3433 315 3668 372 afﬁrma-

407 416 526 452 ται.
541 399 678 452 Τότε
697 398 775 465 δὲ,
794 400 1125 472 ἀφικομένου
1153 404 1414 475 Σάπωρος
1438 405 1532 460 τοῦ
1547 408 1877 479 στρατηγοῦ,
1893 409 1988 463 καὶ

409 489 503 542 τὸν
530 488 813 558 βασιλικὸν
856 491 1236 560 ὑποδείξαντος
1281 497 1464 567 νόμον,
1493 499 1804 571 ἰσχυρίζετο
1834 501 1934 572 μὲν
1959 501 1990 553 6

413 581 681 646 Παυλῖνος
708 583 871 647 αὐτὸς
885 580 1025 639 εἷναι
1040 587 1141 658 τῆς
1156 589 1411 659 Δαμάσου
1431 607 1497 661 με
1506 591 1668 662 ρίδος’
1685 591 1992 664 ἰσχυρίζετο

411 670 470 723 δέ
505 671 600 724 καὶ
631 672 1004 748 Ἀπολινάριος
1038 679 1438 750 κατακρύπτων
1491 683 1590 754 τὴν
1629 681 1804 736 νόσον.
1848 683 1906 737 '0
1933 683 1991 738 δὲ

416 760 557 826 θεῖος
576 763 841 828 Μελέτιος
864 767 1041 838 ἡσυχῇ
1067 769 1327 840 καθῆστο,
1349 771 1448 842 τῆς
1478 772 1705 828 ἐκείνων
1725 775 1991 847 ἀνεχόμε-

415 871 505 918 νος
523 854 716 926 έριδος.
729 858 1024 924 Φλαϐιανὸς
1040 861 1096 914 δέ
1117 863 1146 914 6
1170 863 1501 932 σοφώτατος,
1525 865 1602 937 τῷ
1620 866 1730 920 τῶν
1753 867 1992 939 πρεσϐυ-

417 944 591 1015 τέρων
631 949 1121 1020 ἐγκατειλεγμένος
1151 951 1231 1006 ἔτι
1261 954 1438 1025 χορῷ,
1480 956 1696 1028 πρῶτον
1723 959 1822 1029 μὲν
1856 959 1993 1030 πρὸς

417 1035 512 1088 τὸν
543 1037 808 1092 Παυλῖνον
833 1040 957 1111 ἐφη,
987 1041 1079 1096 τοῦ
1105 1045 1410 1114 στρατηγοῦ
1433 1047 1738 1112 ἐπαῖοντος⁶
1770 1068 1788 1100 ι
1809 1048 1873 1103 El
1894 1049 1994 1119 τὴν

417 1128 699 1197 Δαμάσου,
731 1125 777 1185 ὦ
809 1133 1066 1205 φιλότης,
1100 1136 1385 1191 κοινωνίαν
1429 1138 1689 1211 ἀσπάζῃ.
1729 1141 1993 1207 ἐπίδειξον

420 1219 553 1288 ἡμῖν
579 1221 768 1290 σαφῶς
801 1222 899 1294 τὴν
923 1224 1032 1276 τῶν
1057 1224 1344 1295 δογμάτων
1375 1228 1698 1297 συγγένειαν
1716 1231 1783 1286 ⁸⁸.
1817 1231 1993 1284 Ἐκεῖ-

421 1326 511 1373 νος
548 1310 661 1382 γάρ
705 1313 833 1382 μίαν
886 1317 986 1385 τῆς
1034 1315 1266 1385 Τριάδος
1314 1319 1500 1373 οὐσίαν
1553 1322 1851 1392 ὁμολογῶν,
1895 1326 1995 1390 τὰς

420 1403 571 1472 τρεῖς
615 1403 944 1469 ὑποστάσεις
984 1407 1280 1480 διαρρήδην
1315 1411 1606 1482 κηρύττει·
1651 1416 1715 1468 σὺ
1755 1415 1812 1470 δὲ
1855 1416 1996 1471 ἄντι-

423 1506 560 1559 κρυς
602 1493 713 1546 τῶν
757 1495 1110 1551 ὑποστάσεων
1142 1499 1387 1571 ἀναιρεῖς
1437 1502 1536 1573 τὴν
1569 1505 1780 1575 τριάδα.
1811 1507 1996 1574 Δεῖξον

422 1579 489 1650 δὴ
521 1577 615 1635 οὖν
647 1583 756 1638 τῶν
785 1586 1072 1656 δογμάτων
1105 1589 1202 1661 τὴν
1237 1594 1576 1662 συμφωνίαν,
1609 1597 1702 1650 καὶ
1735 1597 1869 1654 λάϐε
1895 1600 1998 1665 τὰς

423 1669 718 1740 ἐκκλησίας
760 1676 905 1730 κατὰ
950 1677 1042 1730 τὸν
1083 1680 1269 1750 νόμον.
1308 1699 1328 1734 ι
1366 1681 1553 1748 Οὕτως
1600 1687 1809 1742 ἐκεῖνον
1877 1693 1991 1756 τοῖς

424 1761 669 1831 ἐλέγχοις
709 1766 1086 1838 ἐπιστομίσας,
1116 1773 1250 1841 πρὸς
1306 1773 1398 1827 τὸν
1439 1776 1814 1849 Ἀπολινάριον
1846 1779 1949 1852 ἔφη
1978 1797 1992 1812 ⁸

430 1872 449 1904 ι
483 1855 760 1924 Θαυμάζω
790 1876 871 1924 σε,
903 1855 949 1914 ὦ
975 1862 1125 1930 φίλος
1143 1866 1211 1931 ⁸⁸,
1243 1866 1416 1932 οὕτως
1447 1868 1641 1940 ἀνέδην
1670 1871 1812 1925 κατὰ
1829 1872 1874 1904 ⁸³
1899 1874 1997 1942 τῆς

424 1945 684 2016 ἀληθείας
726 1952 1054 2021 μαχόμενον,
1086 1957 1178 2009 καὶ
1211 1957 1382 2012 ταῦτα
1419 1961 1606 2030 σαφῶς
1632 1964 1997 2036 ἐπιστάμενον

423 2036 500 2099 ὡς
518 2036 546 2087 6
577 2037 874 2110 θαυμάσιος
900 2044 1154 2115 Δάμασος
1186 2047 1398 2103 τελείαν
1424 2051 1527 2106 ὑπὸ
1543 2053 1636 2106 τοῦ
1660 2054 1795 2108 Θεοῦ
1820 2058 1996 2127 Λόγου

423 2127 523 2198 τὴν
554 2130 831 2201 ἡμετέραν
859 2135 1022 2201 φύσιν
1069 2139 1392 2210 ἀνειλῆφθαί
1431 2161 1594 2216 φησιν
1617 2162 1631 2177 ο
1667 2149 1734 2202 σὺ
1775 2147 1833 2202 δέ
1872 2151 1998 2205 τού-

423 2219 635 2314 ναντίον
655 2221 826 2314 λέγων
848 2225 1132 2293 διατελεῖς.
1163 2233 1267 2286 Τὸν
1296 2233 1405 2305 γὰρ
1439 2236 1564 2290 νοῦν
1590 2238 1683 2293 τὸν
1723 2241 1998 2314 ἡμέτερον

311 2366 319 2373 _
423 2312 524 2377 τῆς
554 2312 827 2382 σωτηρίας
858 2316 1200 2391 ἀποστερεῖς.
1226 2325 1288 2377 El
1318 2325 1374 2379 δέ
1401 2327 1570 2399 ψευδῆ
1599 2347 1784 2402 φαμεν
1819 2312 1999 2392 ταῦτά
2055 2319 2060 2324 ’

427 2417 522 2495 σου
546 2406 1016 2495 κατηγοροῦντες,
1046 2411 1140 2465 νῦν
1167 2413 1300 2483 γοῦν
1327 2417 1425 2487 τὴν
1451 2419 1557 2472 ὑπὸ
1582 2421 1677 2475 σοῦ
1705 2425 1995 2495 τεχθεῖσαν

424 2493 701 2589 άρνήθητι
743 2501 1114 2570 καινοτομίαν,
1165 2506 1261 2558 καὶ
1311 2508 1410 2580 τὴν
1464 2513 1719 2582 Δαμάσου
1772 2493 2000 2589 γστέρξον

421 2582 790 2682 διδασκαλίαν,
819 2590 915 2644 καὶ
953 2594 1080 2682 τοὺς
1105 2595 1286 2661 θείους
1321 2598 1450 2654 λάϐε
1482 2605 1704 2672 σηκούς.
1743 2625 1761 2658 ι
1812 2582 1886 2662 '0'
1901 2582 2000 2682 μὲν

299 2671 308 2678 ’
421 2668 871 2772 οὖλσοφὼτατος
919 2681 1217 2748 Φλαϐιανὸς
1254 2692 1368 2753 τοῖς
1407 2668 1635 2764 ἀληθέσι
1679 2696 1858 2767 λόγοις

421 2765 647 2820 ἐκείνων
675 2770 990 2826 κατέπαυσε
1031 2779 1365 2848 παρρησίαν.
1400 2783 1664 2850 Μελέτιος
1690 2765 1767 2852 δὲ,
1800 2790 1830 2843 ὁ
1862 2765 2001 2848 πάν-

423 2873 532 2952 των
584 2859 888 2952 ἀνθρώπων
938 2867 1263 2936 πραότατος,
1320 2873 1658 2945 φιλοφρόνως
1716 2880 1834 2952 ἅμα
1905 2887 2001 2940 καὶ

426 2947 601 3046 ἠπίως
648 2950 750 3046 ἐφη
793 2954 930 3046 προς
967 2957 1060 3011 τὸν
1111 2961 1392 3016 Παυλῖνον·
1446 2985 1464 3016 ι
1507 2968 1722 3041 Ἐπειδὴ
1749 2947 1843 3026 καὶ
1875 2975 2000 3046 ἐμοὶ

425 3037 597 3130 τῶνδε
613 3039 721 3093 τῶν
748 3043 1038 3113 προϐάτων
1068 3046 1166 3118 τὴν
1191 3050 1507 3121 ἐπιμέλειαν
1526 3056 1555 3108 6
1579 3057 1688 3112 τῶν
1710 3037 2000 3130 προϐάτων

425 3128 724 3218 ἐνεχείρισε
767 3134 1009 3206 Κύριος,
1045 3139 1236 3195 καὶσὺ
1269 3143 1374 3196 τῶν
1407 3144 1560 3218 [eos]
1603 3128 1778 3206 ἀλλω
1807 3155 2003 3209 ἀναδέοο

424 3217 573 3313 δεξαι
616 3221 716 3293 τὴν
759 3227 1038 3296 φροντίδα,
1083 3236 1331 3287 κοινωνεῖ
1353 3235 1410 3288 δὲ
1439 3217 1689 3309 ἀλληλοις
1716 3243 1814 3313 τῆς
1847 3247 2004 3302 εὐσε-

423 3307 578 3404 ϐείας
627 3314 696 3367 τὰ
746 3315 1062 3388 θρέμματα,
1116 3324 1462 3394 συνάψωμεν,
1517 3307 1569 3388 ὧ-
1624 3307 1868 3404 φιλότης,
1932 3342 2006 3397 τὰ

427 3399 681 3496 ⁸ποίμνια,
715 3407 808 3459 καὶ
836 3408 932 3479 τὴν
962 3412 1090 3480 περὶ
1136 3413 1235 3485 τῆς
1276 3417 1573 3487 ἡγεμονίας
1607 3399 2000 3496 καταλόσωμεν

424 3485 730 3591 διαμάχην·
785 3500 938 3591 κοινῇ
985 3499 1042 3553 δὲ
1083 3501 1151 3555 τὰ
1195 3485 1441 3574 πρόϐατα
1485 3509 1762 3580 νέμοντες,
1815 3485 2000 3591 κοινὴν

424 3579 612 3680 αυτοῖς
666 3587 1127 3680 προσενέγκωμεν
1174 3593 1490 3667 θεραπείαν.
1538 3579 1603 3655 El
1652 3605 1709 3658 δέ
1753 3608 1783 3661 6
1833 3579 2000 3680 μέσος

426 3668 600 3737 θῶκος
645 3673 743 3746 τὴν
785 3675 901 3748 ἔριν
950 3679 1136 3752 γεννᾷ
1187 3684 1296 3750 ἐγὼ
1343 3690 1436 3742 καὶ
1475 3690 1682 3764 ταύτην
1745 3668 2000 3763 ἐξελάσαί

423 3764 779 3856 πειράσομαι.
822 3768 909 3823 Ἐν
947 3772 1056 3842 γὰρ
1099 3774 1272 3846 τούτῳ
1318 3777 1380 3830 τὸ
1434 3778 1575 3834 θεῖον
1631 3787 2000 3856 προτεθεικὼς

422 3855 772 3950 Εὑ-αγγέλιον,
817 3863 1159 3937 ἑκατέρωθεν
1186 3869 1335 3939 ἡμᾶς
1364 3871 1634 3944 καθῆσθαι
1664 3855 1997 3950 παρεγγυῶε

422 3948 517 4046 καὶ
545 3950 594 4001 εἰ
620 3951 720 4046 μὲν
749 3954 968 4046 πρῶτος
993 3957 1104 4026 ἐγὼ
1127 3959 1394 4031 δεξαίμην
1429 3965 1524 4018 τοῦ
1560 3966 1677 4036 βίου
1706 3948 1768 4024 τδ
1800 3948 1997 4046 πέρας,

425 4036 584 4133 μόνος
610 4044 744 4133 σχῇς
759 4044 826 4106 ⁸⁵,
859 4039 906 4098 ὦ
939 4048 1093 4113 φίλος
1117 4087 1132 4110 ,
1162 4050 1260 4121 τὴν
1283 4052 1384 4122 τῆς
1411 4055 1646 4128 ποίμνης
1677 4036 1996 4133 ἡγεμονίανξ

422 4127 487 4179 Ei
513 4129 571 4181 δὲ
602 4132 667 4183 σὺ
704 4135 968 4207 πρότερος
1013 4139 1172 4193 τοῦτο
1217 4142 1430 4208 πάθοις,
1469 4147 1582 4215 ἐγὼ
1606 4127 1886 4222 ίπάλιννείς
1910 4158 2001 4214 δύ-

422 4236 586 4320 ναμιν
613 4223 724 4277 τῶν
753 4228 1041 4320 προϐάτων
1071 4233 1498 4307 ἐπιμελήσομαι.
1543 4259 1562 4292 ι
1599 4243 1782 4301 Ταῦτα
1818 4251 1998 4320 ἡπίως

2092 406 2184 460 bat
2237 406 2501 463 Paulinus
2541 424 2602 464 se
2649 407 2870 464 Damasi
2918 407 3158 478 partium
3200 423 3325 464 esse
3359 426 3374 463 :
3413 409 3668 480 idemque

2091 497 2268 566 ipsum
2297 497 2604 554 afﬁrmabat
2662 500 2913 555 morbum
2962 513 3126 554 suum
3162 499 3351 555 celans
3378 499 3668 569 apollina-

2092 591 2230 644 rius.
2269 588 2342 643 At
2391 588 2611 644 divinus
2644 588 2916 656 Meletius,
2971 590 3187 660 1018
3237 589 3457 645 illorum
3509 605 3672 662 sper-

2093 695 2230 734 nens
2270 679 2720 743 contentionem,
2756 679 2900 733 intra
2941 681 3180 750 quietem
3229 696 3289 736 se
3320 682 3662 738 continebat.

2093 771 2393 826 Flavianus
2422 786 2555 826 vero
2589 770 2681 824 ille
2714 770 3185 841 sapientissimus,
3215 772 3310 842 qui
3349 772 3406 827 in
3440 774 3671 844 presby-

2095 873 2337 918 terorum
2368 864 2548 917 adhuc
2583 877 2816 918 numero
2847 861 3198 923 censebatur,
3237 862 3415 932 primo
3448 863 3671 934 quidem

2094 953 2162 1008 ad
2194 953 2488 1007 Paulinum
2532 952 2797 1023 magistro
2824 950 3082 1006 audiente
3135 951 3218 1006 sic
3265 961 3350 1006 est
3407 954 3669 1009 locutus:

2100 1069 2119 1096 ο
2146 1043 2203 1100 Si
2250 1043 2470 1099 Damasi
2506 1043 2949 1099 communionem
3002 1041 3377 1112 amplecteris,
3409 1058 3441 1095 ο
3471 1043 3668 1106 amice,

2096 1143 2203 1190 tua:
2233 1134 2397 1189 nobis
2439 1142 2493 1187 et
2535 1132 2691 1187 illius
2741 1130 3009 1186 doctrina:
3065 1131 3452 1200 cognationem
3485 1139 3676 1200 aperte

2095 1223 2438 1281 demonstra.
2495 1222 2593 1277 llle
2650 1221 2799 1277 enim
2848 1234 3013 1276 unam
3065 1218 3359 1276 Trinitatis
3406 1219 3676 1275 confitens

2096 1321 2421 1384 essentiam,
2454 1327 2569 1374 tres
2601 1317 2928 1390 hypostases
2965 1313 3260 1370 manifeste
3282 1314 3584 1385 prazdicat:
3615 1322 3674 1368 tu

2097 1427 2230 1469 vero
2259 1421 2452 1467 contra
2501 1409 2883 1482 hypostasium
2927 1407 3075 1463 tollis
3122 1406 3442 1461 trinitatem.
3497 1405 3679 1472 Quare

2097 1508 2416 1577 dogmatum
2464 1503 2699 1560 ostende
2745 1500 3127 1564 concordiam,
3172 1509 3229 1556 et
3271 1500 3538 1556 ecclesias
3590 1516 3679 1556 sc-

2099 1597 2342 1653 eundum
2371 1597 2547 1668 legem
2578 1610 2828 1666 capesse.
2871 1613 2890 1646 i
2922 1593 3128 1650 Deinde
3189 1607 3314 1647 eum
3341 1605 3405 1648 os
3448 1593 3529 1647 illi
3565 1591 3671 1647 hac

2101 1688 2436 1744 refutatione
2449 1689 2787 1752 obturasset,
2817 1686 2884 1741 ad
2903 1684 3306 1756 Apollinarium
3333 1699 3635 1740 conversus
3659 1703 3672 1738 :

2106 1801 2126 1834 ι
2155 1782 2406 1836 Demiror
2450 1787 2525 1846 te,
2581 1779 2860 1850 inquit,o
2890 1777 3102 1842 amice,
3159 1784 3270 1830 tam
3325 1777 3674 1848 impudenter

2103 1886 2410 1942 repugnare
2439 1869 2682 1935 veritati,
2716 1869 2884 1938 idque
2909 1883 3034 1924 cum
3066 1867 3416 1939 exploratum
3448 1868 3677 1926 habeas.

2102 1962 2421 2026 Damasum,
2445 1962 2744 2031 perfectam
2776 1975 2807 2014 a
2841 1960 2952 2015 Deo
2983 1957 3159 2015 Verbo
3190 1967 3526 2031 assumptam
3556 1975 3682 2014 esse

2102 2061 2358 2108 naturam
2411 2061 2680 2117 nostram,
2745 2051 3036 2122 profiteri;
3099 2061 3154 2106 tu
3195 2067 3329 2107 vero
3394 2053 3679 2107 contraria

2101 2147 2303 2202 docere
2329 2160 2437 2200 non
2467 2145 2700 2200 desinis.
2734 2143 2971 2200 Mentem
3022 2143 3227 2215 quippe
3263 2156 3512 2200 nostram
3539 2149 3557 2167 ⁶
3587 2160 3680 2202 sa-

2101 2236 2234 2293 lutis
2263 2243 2542 2290 exsortem
2577 2233 2737 2290 facis.
2765 2234 2922 2300 Quod
2954 2235 2999 2290 si
3031 2235 3145 2290 haec
3177 2237 3466 2290 accusatio
3493 2245 3682 2293 nostra

2104 2328 2238 2383 falsa
2271 2336 2378 2389 est,
2409 2327 2494 2382 vel
2523 2341 2672 2382 nunc
2700 2327 2894 2381 saltem
2938 2328 3227 2398 probatam
3283 2329 3384 2384 abs
3438 2341 3490 2384 te
3521 2330 3683 2383 novi-

2103 2427 2270 2475 tatem
2323 2419 2510 2489 ejura,
2569 2427 2624 2474 et
2680 2417 2902 2474 Damasi
2957 2419 3270 2473 doctrinam
3326 2421 3681 2490 amplectere,

2103 2521 2219 2566 tum
2250 2511 2472 2566 divinas
2505 2509 2649 2566 ardes
2683 2509 2890 2565 obtine.
2918 2527 2936 2560 ι
2984 2508 3081 2564 Sic
3132 2510 3300 2581 igitur
3333 2511 3683 2580 sapientissi-

2104 2621 2228 2660 mus
2257 2603 2555 2659 Flavianus
2587 2602 2894 2658 verissimis
2927 2602 3243 2658 rationibus
3278 2603 3498 2657 illorum
3529 2619 3682 2659 com-

2105 2696 2310 2766 pressit
2347 2695 2668 2759 audaciam;
2713 2693 2963 2750 Meletius
2994 2709 3144 2756 vero,
3196 2694 3510 2749 mortaliqu
3557 2711 3682 2750 om-

2102 2788 2256 2841 nium
2292 2787 2650 2850 mitissimus,
2693 2797 2942 2840 amanter
2972 2794 3027 2841 et
3064 2786 3298 2857 benigne
3341 2788 3682 2858 compellans

2102 2877 2448 2932 Paulinum:
2499 2875 2858 2944 «Quoniam,
2919 2878 3132 2948 inquit,
3191 2885 3246 2933 et
3301 2879 3432 2932 mihi
3495 2879 3681 2933 ovium

2105 2968 2338 3022 istarum
2368 2983 2559 3023 curam
2592 2969 2858 3023 Dominus
2888 2968 3188 3032 commisit,
3213 2976 3268 3022 et
3299 2979 3359 3024 tu
3391 2953 3532 3024 alias
3551 2984 3684 3024 oves

2106 3062 2388 3116 curandas
2441 3060 2759 3132 suscepisti,
2807 3075 3049 3130 ovesque
3099 3061 3244 3115 inter
3287 3076 3346 3116 se
3400 3061 3686 3131 religionis

2105 3151 2498 3207 communione
2526 3151 2905 3214 consentiunt.
2940 3163 3134 3220 greges
3184 3158 3440 3215 nostros,
3483 3148 3682 3212 amice,

2104 3243 2550 3314 conjungamus,
2614 3249 2669 3294 et
2731 3239 3141 3294 contentionem
3210 3240 3279 3295 de
3353 3239 3682 3310 praefectura

2104 3336 2463 3398 dirimamus,
2496 3332 2711 3403 1019
2735 3346 2975 3401 ovesque
3014 3331 3068 3386 in
3101 3347 3397 3387 commune
3452 3346 3684 3402 pascen-

2108 3437 2214 3491 tes,
2245 3441 2594 3482 communem
2625 3425 2737 3480 illis
2762 3431 2948 3479 cufam
2997 3424 3408 3494 impendamus.
3445 3423 3600 3491 Quod
3635 3423 3686 3478 si

2104 3523 2170 3574 de
2209 3518 2384 3572 media
2428 3517 2555 3572 sede
2592 3525 2678 3573 est
2731 3517 3132 3579 controversia,
3169 3531 3271 3586 ego
3321 3517 3464 3572 hanc
3511 3517 3684 3570 etiam

2103 3611 2352 3667 conabor
2392 3624 2695 3665 removere.
2750 3607 2991 3664 Ponatur
3042 3609 3190 3663 enim
3242 3609 3430 3674 inea,
3458 3622 3681 3678 quaeso,

2103 3717 2327 3758 sacrum
2368 3701 2751 3772 Evangelium,
2783 3709 2839 3756 et
2876 3715 2942 3756 ex
2972 3709 3206 3771 utraque
3247 3707 3406 3770 parte
3451 3713 3554 3752 nos
3599 3712 3686 3752 se-

2102 3795 2333 3851 deamus
2364 3803 2460 3851 :et
2483 3794 2532 3850 si
2556 3793 2778 3864 quidem
2821 3793 2974 3864 prior
2997 3807 3102 3864 ego
3133 3808 3163 3848 e
3209 3792 3317 3846 vita
3364 3804 3683 3854 excessero,

2102 3895 2160 3944 tu
2217 3889 2394 3948 solus.
2450 3886 2650 3950 amice,
2704 3901 2924 3957 gregem
2967 3901 3125 3956 reges
3163 3904 3176 3940 ε
3210 3885 3298 3940 sin
3352 3892 3535 3938 autem
3581 3881 3684 3937 tibi

2103 3983 2257 4052 prius
2284 3981 2336 4035 id
2366 3979 2690 4050 contigerit,
2721 3993 2824 4048 ego
2859 3993 3056 4033 rursus
3097 3977 3282 4031 ovium
3323 3990 3423 4047 pro
3465 3973 3684 4029 viribus

2101 4087 2291 4129 curam
2332 4086 2545 4141 geram.
2575 4088 2594 4122 ι
2622 4069 2755 4135 Quae
2807 4085 2933 4124 cum
2990 4069 3225 4140 benigne
3264 4075 3623 4136 amanterque
3651 4081 3684 4120 a

2101 4166 2293 4221 divino
2320 4163 2550 4219 Meletio
2582 4161 2994 4232 proferrentur,
3034 4160 3302 4214 Paulinus
3344 4168 3526 4214 tamen
3569 4174 3683 4214 non

2101 4255 2403 4328 acquievit.
2440 4253 2628 4324 Itaque
2663 4252 2926 4321 magister
2966 4251 3223 4315 militum,
3254 4265 3314 4305 re
3351 4249 3680 4320 diiudicata.

424 4310 526 4428 μὲν
544 4312 667 4420 ἐμά
690 4317 786 4422 καί
815 4319 1152 4428 φιλοφρόνως
1178 4325 1207 4377 6
1238 4325 1380 4391 θεῖος
1408 4324 1529 4383 εῐπε
1552 4333 1814 4404 Μελέτιος
1840 4310 1856 4374 ί
1882 4347 1911 4398 ό
1938 4310 1996 4404 δέ

2103 4310 2367 4408 ecclesias
2402 4310 2601 4417 magno
2625 4310 2841 4400 Meletio
2868 4341 3100 4397 tradidit
3133 4360 3146 4397 :
3173 4310 3439 4396 Paulinus
3478 4350 3661 4394 autem

422 4402 687 4470 Παυλῖνος
731 4408 832 4461 οὐκ
878 4409 1150 4483 ἔστερξεν.
1212 4416 1271 4469 '0
1315 4419 1373 4472 δέ

1421 4425 1718 4496 στρατηγὸς
1741 4468 1756 4492 ,
1801 4439 1994 4509 κριτὴς

2108 4448 2520 4516 segregatarum
2547 4437 2659 4506 jam
2691 4435 2822 4489 olim
2863 4436 3048 4490 ovium
3090 4435 3320 4489 antistes
3355 4433 3682 4504 permansit.

568 4499 876 4606 είξηεξένων
905 4505 1226 4606 Ϊῗνόμενοςν
1377 4495 1874 4597 μεγάλΨΜελετίῷ
2057 4495 2363 4606 ἐκκλησίας
2398 4495 2746 4602 παρέδωκενσ
2781 4529 2809 4580 6
2849 4527 2906 4580 δὲ
2952 4526 3216 4592 Παυλῖνος
3272 4495 3507 4597 διέμεινε
3572 4523 3684 4578 τῶν

420 4589 478 4655 ἐξ
507 4591 681 4664 ἀρχῆς
703 4595 1112 4667 ἀποκριθέντων
1143 4603 1435 4673 προϐάτων
1467 4608 1790 4680 ἡγούμενος.

1032 4694 1280 4750 ΚΕΦΑΛ.
1318 4701 1390 4754 A'.

490 4781 686 4850 ⁸Ξηεγοί
710 4786 1008 4839 Εὐσεϐίου
1038 4789 1146 4843 τοῦ
1169 4791 1509 4848 ἐπισκόπου
1539 4799 1921 4868 Σαμοσάτων.

501 4872 872 4945 Ἀπολινάριος
919 4876 976 4930 δὲ
1029 4880 1126 4950 τῆς
1177 4883 1285 4934 τῶν
1323 4885 1657 4957 Ἐκκλησιῶν
1699 4895 1998 4965 ἡγεμονίας

417 4962 752 5058 διαμαρτὼν,
793 4969 1088 5043 διαρρήδην
1121 4973 1320 5028 λοιπὸν.
1355 4979 1456 5048 τὴν
1509 4962 1996 5058 καινοτομηθεῖσαν

418 5054 766 5113 διδασκαλίαν
790 5064 1077 5134 ἐκήρυττε,
1122 5069 1217 5122 καὶ
1245 5069 1344 5140 τῆς
1371 5072 1636 5144 αἱρέσεως
1665 5054 1856 5132 ἑαυτδν
1887 5083 1993 5135 ἀπ-

417 5145 614 5215 έφηνεν
666 5149 928 5220 ἀρχηγόν.
986 5155 1094 5208 Καὶ
1147 5157 1308 5222 αὐτὸς
1345 5159 1444 5230 μέν
1495 5162 1552 5212 ἑν
1605 5165 1894 5239 Λαοδικείᾳ
1928 5170 1995 5223 τὰ

2385 4713 2540 4769 CAP.
2594 4714 2678 4768 IV.
2723 4711 2804 4784 [8.
2844 4710 2927 4766 St.
2964 4712 3024 4767 v.
3058 4710 3159 4766 cu.
3195 4713 3247 4767 4.
3282 4710 3396 4782 85.1

2384 4801 2461 4856 De
2489 4801 2714 4856 Eusebio
2737 4802 2975 4869 episcopo
3011 4799 3398 4857 Samosatensi.

2172 4892 2556 4962 Apollinarius
2597 4908 2728 4948 vero
2775 4894 2844 4947 ab
2876 4892 3248 4948 Ecclesiarum
3281 4895 3681 4964 gubernatione

2101 4986 2376 5055 repulsus,
2418 4992 2606 5056 aperte
2637 4984 2900 5054 deinceps
2933 5001 3128 5038 novam
3181 5001 3337 5040 suam
3370 4987 3680 5044 doctrinam

2103 5076 2424 5142 praedicare,
2459 5076 2771 5146 ducemque
2804 5090 2862 5129 se
2895 5076 3073 5142 ipsum
3108 5075 3378 5132 hmreseos
3412 5079 3678 5148 proﬁteri.

2102 5167 2422 5224 Morabatur
2450 5169 2493 5222 is
2521 5166 2767 5238 quidem,
2796 5175 2853 5219 ut
2877 5167 3196 5236 plurimum,
3224 5167 3536 5239 Laodicem;
3563 5171 3678 5226 An-

1691 5281 1923 5339 VARM‘Z
1968 5287 2368 5343 LECTIONES.

485 5360 530 5391 "
564 5359 868 5420 εὐσέϐειαν.
903 5364 996 5421 Ste

1040 5368 1175 5456 tua.
1206 5371 1291 5456 ΑΗ
1316 5374 1733 5456 rescribendum
1778 5383 2096 5456 συμφωνίαν
2117 5398 2187 5456 ex
2215 5384 2637 5456 sequentibus?_
2679 5384 2724 5413 “
2752 5383 3160 5456 φξλώτηςοΡίηὶ
3197 5387 3334 5441 lib"
3357 5398 3410 5442 οῑ
3446 5382 3672 5456 Niceph-

416 5426 464 5523 ξῗ
485 5429 800 5523 ἕλξει-ἔδῃγμτῇ
825 5426 1215 5523 δξ);η9είῇ,μριχο
1254 5426 3011 5523 [εκεῖοιιῷὲῗ’ὁζέιρῗρῖἷῖτἿῖἆήέὲζὶῖξίῖιὶὲἶιῖἶὲἷίτίειητέὲἷιῗέἷί
3027 5426 3370 5518 exemi;
3392 5426 3674 5509 i.i2:"én'f.'£.}

415 5490 461 5570 ᾧ
490 5490 751 5570 paeni];
775 5490 800 5504 ”
849 5507 894 5537 ⁸⁸
916 5490 988 5560 Ἰη
1018 5492 1038 5560 ί

415 5567 471 5621 δὲ
504 5567 696 5640 μέγας
736 5575 1016 5642 Εὐσέϐιος,
1045 5586 1176 5644 etc.,
1204 5567 1718 5656 qttod\illcprobat.

1039 5509 1136 5596 ’iui
1185 5511 1621 5596 codice-tamen
1644 5509 1890 5577 Valesius
1937 5509 2134 5577 narrat
2183 5509 2442 5581 inchoare
2478 5526 2579 5583 lzoc
2606 5509 2792 5596 capas
2818 5527 2986 5595 paulo
3022 5509 3448 5584 ittfct'iusrverbis
3479 5525 3679 5580 illisu}

3989 5729 3999 5800 ἕ
