4032 6192
345 171 481 238 Ῑωθ

1363 171 1846 240 THEODORETI
1888 180 2222 241 EPISCOPI
2267 179 2631 241 CYRENSIS

3459 169 3597 234 1204

340 283 563 340 ιίοοίιίαι
596 290 776 339 tamen
811 283 926 354 jam
978 290 1138 341 antea
1179 287 1464 344 ordinarat
1499 289 1751 356 Vitalem,
1793 294 1917 347 vita:

2025 292 2246 344 πλεῖστα
2293 291 2558 361 διέτριϐεν
2590 307 2604 320 ·
2639 292 2696 342 ἐν
2733 286 3030 357 Ἀντιοχείᾳ
3081 283 3138 337 δὲ
3179 283 3282 354 ἥδη
3335 281 3599 352 πρότερον

342 389 478 430 sane
511 375 805 430 honestate
835 376 1126 448 insignem,
1175 380 1606 450 apostolicisque
1647 381 1918 452 dogmati-

342 463 448 520 bus
469 465 820 531 innutritum,
837 464 934 521 sed
956 467 1164 522 erroris
1188 477 1372 537 postea
1401 470 1522 524 labe
1545 471 1914 541 inquinatum.

343 551 570 610 Divinus
621 563 802 610 autem
850 554 1104 612 Meletius
1135 556 1433 612 Diodorum
1468 559 1642 623 illum,
1687 560 1848 629 cujus
1889 576 1917 614 a

346 658 432 698 me
464 643 582 712 jam
610 644 752 700 facta
783 654 871 702 est
918 648 1147 714 mentio,
1193 650 1288 717 qui
1339 665 1530 705 navem
1567 650 1828 706 Ecclesiae
1866 653 1916 706 in

345 737 675 801 gravissima
726 745 1049 807 tempestate
1089 741 1418 796 incolumem
1454 750 1723 807 servarat,
1760 742 1916 797 Tarsi

344 835 618 904 pastorem
653 828 987 897 designavit,
1010 829 1352 900 Cilicumque
1376 841 1594 902 gentem
1630 834 1749 902 ejus
1774 851 1920 888 eurze

331 919 644 988 commisit.
718 920 970 988 Apamea:
1050 936 1178 976 vero
1253 923 1571 991 episc0pum
1631 929 1650 946 '

348 1003 564 1078 1020
609 1008 900 1076 Joannem,
935 1011 1084 1066 claro
1118 1012 1340 1080 quidem
1393 1014 1548 1066 illum
1580 1030 1778 1082 genere
1827 1029 1919 1068 or-

343 1106 483 1162 tum,
531 1099 629 1155 sed
686 1117 784 1156 sua
841 1103 1015 1173 magis
1075 1119 1238 1173 quam
1291 1104 1561 1174 majorum
1608 1107 1812 1161 virtute
1849 1108 1918 1160 il-

346 1189 597 1244 lustrem.
630 1190 902 1248 Doctrina
936 1194 1082 1248 enim
1115 1195 1319 1263 pariter
1342 1203 1397 1250 et
1425 1196 1548 1249 vitae
1578 1198 1921 1253 ornamentis

345 1281 564 1336 enituit.
619 1281 720 1338 Hic
766 1291 1011 1354 tempore
1055 1287 1405 1355 tempestatis
1454 1289 1920 1344 consentientium

345 1386 535 1426 secum
575 1373 629 1427 iu
685 1375 786 1429 [ide
833 1387 1162 1430 conventum
1215 1378 1565 1446 gubernavit,
1612 1379 1920 1448 adjutorem

346 1463 554 1519 habens
596 1465 923 1521 laudabilem
960 1468 1325 1536 Stephanum,
1367 1487 1530 1538 quem
1565 1472 1744 1541 ipsum
1777 1489 1918 1542 quo-

343 1571 452 1623 que
474 1557 698 1612 divinus
737 1557 983 1614 Meletius
1013 1558 1081 1612 ad
1129 1560 1236 1614 alia
1265 1562 1918 1636 certamiua'destinavit.

1713 925 1917 978 creavit
1949 945 1977 978 ο

2020 385 2488 453 ἐκεχειροτονήκει
2543 381 2809 443 Βιτάλιον,
2839 379 2938 449 βίῳ
2993 377 3089 448 μὲν
3131 375 3339 447 ἀρίστῳ
3366 371 3602 440 κοσμού-

2021 490 2202 542 μενον,
2248 473 2341 525 καὶ
2383 475 2494 536 τοῖς
2520 470 2896 533 ἀποστολικοῖς
2922 468 3187 537 δόγμασιν
3219 461 3598 534 ἐντεθραμμέο

2018 581 2125 627 νον,
2161 562 2384 631 ὕστερον
2405 562 2463 616 δὲ
2496 562 2593 633 τὴν
2614 561 2766 614 νόσον
2795 559 3108 627 δεξάμενον.
3147 556 3205 607 '0
3235 553 3290 605 δὲ
3315 553 3454 614 (isng
3483 553 3598 604 Με-

2017 656 2212 718 λέτιος,
2238 655 2500 725 Διόδωρον
2534 654 2762 716 ἐκεῖνον,
2798 644 2860 704 οὗ
2900 649 2996 702 καὶ
3025 645 3258 718 πρόσθεν
3296 643 3597 714 ἐμνήσθην,

2017 747 2109 800 τὸν
2166 757 2223 799 ιν
2278 745 2357 815 τῷ
2413 745 2752 815 παγχαλέπῳ
2781 742 3010 796 κλύδωνι
3039 739 3374 793 ἀϐάπτιστον
3411 737 3472 787 τὸ
3499 735 3601 802 τῆς

2032 835 2360 905 Ἐκκλησίας
2404 835 2746 889 διασώσαντα
2801 833 3022 902 σκάφος,
3075 829 3334 900 Ταρσέων
3370 828 3416 860 ⁸⁸
3462 843 3600 880 κατ-

2018 928 2216 997 έστησε
2253 926 2509 1000 ποιμένα,
2548 928 2642 980 καὶ
2685 927 2744 980 τὸ
2773 925 3012 979 Κιλίκων
3071 921 3218 991 αὑτῷ
3269 919 3598 989 ἐνεχείρισεν

2007 1018 2189 1080 ἔθνος.
2239 1018 2540 1086 Ἀπαμείας
2581 1017 2638 1070 δὲ
2685 1017 2782 1088 τὴν
2831 1014 3226 1086 ἀρχιερατικὴν
3277 1011 3598 1079 ἐπιμέλειαν

2034 1107 2255 1182 Ἰωάννη
2289 1108 2670 1170 πεπίστευκεν,
2695 1107 2754 1168 ὃς
2779 1101 2891 1175 εἶχε
2918 1105 3018 1175 μὲν
3049 1101 3255 1157 καὶτοῦ
3283 1101 3472 1168 γένους
3499 1099 3598 1169 τὴν

2021 1200 2402 1269 περιφάνειαν,
2434 1198 2823 1269 κατορθώμασι
2849 1197 2905 1249 δὲ
2937 1193 3386 1266 μᾶλλονκοὶκείοις
3412 1192 3443 1260 ἢ
3469 1208 3601 1261 προ-

2019 1293 2253 1359 γονικοῖς
2287 1291 2686 1364 ἐλαμπρύνετο.
2717 1290 2874 1342 Κατά
2923 1287 3118 1341 ταύτὸν
3168 1286 3276 1355 γὰρ
3319 1283 3476 1337 αὐτὸν
3506 1285 3602 1335 καὶ

2021 1382 2173 1450 λόγος
2198 1383 2421 1452 ἐκόσμει
2451 1381 2547 1435 καὶ
2577 1381 2709 1451 βίος.
2737 1375 2910 1442 Οὗτος
2939 1381 2998 1432 ἐν
3017 1377 3094 1448 τῷ
3112 1378 3211 1446 τῆς
3234 1375 3400 1444 ζάλης
3427 1374 3602 1443 καιρῷ

2020 1468 2110 1521 τὸν
2143 1469 2252 1521 τῶν
2304 1469 2616 1538 ὀμοπίστων
2661 1468 2996 1538 ἐκυϐέρνησε
3032 1466 3306 1533 σύλλογον,
3343 1465 3601 1534 συνεργὸν

2019 1559 2078 1612 δὲ
2106 1553 2219 1630 εἶχε
2245 1560 2338 1611 τὸν
2370 1558 2686 1625 ἀξιέπαινον
2720 1558 3012 1626 Στέφανον,
3048 1555 3184 1611 ἀλλά
3210 1555 3306 1610 καὶ
3334 1553 3518 1607 τοῦτον
3571 1554 3601 1604 δ

343 1645 482 1700 Cum
514 1648 660 1702 enim
695 1650 1042 1719 cognovisset
1075 1649 1475 1705 Germaniciani
1509 1651 1738 1708 Eudoxii
1770 1665 1920 1724 peste

2025 1650 2162 1714 θεῖος
2204 1650 2465 1715 Μελέτιος
2509 1653 2588 1714 είς
2621 1651 2845 1722 ἐτέρους
2869 1650 3087 1717 ἀγῶνας
3121 1648 3441 1719 μετέστησε.
3476 1649 3602 1700 Μα-

343 1747 661 1809 corruptam
714 1756 860 1806 esse,
915 1743 1164 1798 sanando
1216 1744 1409 1799 morbo
1443 1745 1712 1799 medicum
1771 1747 1917 1800 hunc

344 1828 516 1892 misit,
551 1830 646 1898 qui
678 1838 733 1883 εἰ
761 1828 1074 1887 Graecorum
1127 1842 1277 1889 artes
1309 1849 1501 1890 omnes
1549 1835 1840 1903 didicerat,
1866 1846 1921 1893 et

342 1921 523 1978 sacris
556 1922 863 1993 disciplinis
891 1938 924 1980 a
967 1925 1142 1994 prima
1183 1934 1344 1981 aetate
1379 1925 1558 1981 fuerat
1592 1928 1918 1985 instructus.

340 2011 532 2082 Neque
583 2029 709 2067 eum
747 2023 896 2068 certe
950 2030 1076 2085 spes
1126 2015 1390 2071 frustrata
1448 2026 1553 2073 est.
1605 2017 1918 2089 Spiritalem

341 2101 486 2172 enim
531 2102 840 2156 doctrinam
874 2105 1144 2162 exhibens
1187 2107 1348 2177 lupos
1391 2109 1446 2162 in
1495 2124 1628 2166 oves
1668 2111 1918 2167 mutavit.

439 2206 670 2261 magnus
703 2191 974 2251 Eusebius
1008 2196 1078 2250 ab
1105 2163 1300 2251 exsilio
1331 2214 1609 2258 reversus.
1636 2201 1917 2265 Acacium,

277 2273 304 2303 ⁷
341 2279 504 2349 cujus
548 2283 784 2338 celebris
814 2293 898 2339 est
945 2284 1112 2346 fama,
1149 2285 1354 2342 Bcrtna:
1392 2289 1672 2343 ordinavit
1702 2290 1920 2360 episco-

340 2387 494 2442 pum,
531 2371 808 2444 llierapoli
855 2391 986 2430 vero
1032 2374 1401 2442 Theodotum,
1446 2380 1608 2449 cujus
1663 2381 1920 2449 religiosa

341 2466 687 2519 conversatio
717 2480 866 2520 nunc
914 2467 1080 2521 etiam
1116 2470 1168 2522 in
1202 2483 1298 2523 ore
1328 2481 1410 2524 est
1450 2471 1721 2525 omnium.
1752 2471 1919 2526 Chal-

341 2554 481 2610 cidis
523 2571 688 2625 porro
741 2556 1059 2625 Eusebium,
1105 2571 1160 2614 et
1205 2559 1328 2631 Cyri
1391 2572 1596 2617 nostra:
1627 2562 1920 2630 lsidorum,

339 2660 634 2719 utrumque
665 2650 1067 2716 admirabilem,
1089 2660 1144 2707 et
1168 2654 1356 2707 divino
1383 2656 1500 2708 zelo
1534 2657 1918 2724 conspicuum.

342 2739 446 2796 Sed
482 2750 534 2796 et
569 2741 857 2811 Eulogium
893 2742 1070 2805 illum,
1097 2744 1186 2814 qui
1211 2760 1310 2814 pro
1334 2746 1920 2814 apostolica'doctrina

340 2843 567 2888 strenue
606 2833 931 2896 decertavit,
963 2841 1017 2889 et
1051 2835 1384 2890 Antinoncm
1436 2853 1562 2891 cum
1614 2836 1946 2912 Protogene.

340 2928 618 2996 relegatus
667 2935 789 2992 est,
837 2928 906 2981 ab
948 2928 1141 2983 eodem
1206 2928 1389 2984 lerunt
1435 2929 1696 2994 Edessaa,
1732 2932 1921 2986 divino

340 3020 510 3075 Barse
549 3029 789 3083 mortuo,
827 3028 1107 3090 pastorem
1147 3020 1318 3077 fuisse
1361 3023 1693 3079 ordinatum.
1727 3025 1921 3078 Proto-

341 3128 536 3181 genem
569 3127 698 3167 vero
748 3113 1112 3166 certaminum
1149 3129 1377 3168 suorum
1409 3115 1620 3168 sociqu
1660 3114 1924 3184 Eulogius

339 3203 530 3256 Carris
567 3201 832 3272 praefecit,
863 3202 1006 3256 male.
1049 3201 1260 3257 affectae
1294 3203 1413 3258 urbi
1447 3204 1696 3257 curando
1730 3204 1924 3258 morbo

341 3294 601 3349 idoneum
683 3295 961 3348 medicum
1043 3293 1498 3349 subministratis.
1580 3296 1922 3350 Postremum

341 3387 586 3440 omnium
631 3386 825 3441 Marim
867 3387 1089 3441 divinus
1131 3387 1403 3442 Eusebius
1441 3386 1680 3441 Doliclne
1718 3387 1927 3440 creavit

339 3480 662 3549 cpiscopqu
699 3499 714 3534 :
749 3480 1012 3550 oppidum
1049 3478 1152 3531 hoc
1185 3495 1436 3547 parvum,
1467 3489 1521 3532 et
1563 3479 1767 3530 Ariana
1805 3476 1925 3531 labe

341 3581 475 3625 tunc
507 3572 717 3643 1031
755 3572 1020 3643 temporis
1050 3571 1334 3626 inlectum.
1364 3569 1518 3623 lluuc
1553 3584 1686 3637 ergo
1709 3567 1921 3632 hlarim,

340 3663 520 3715 virum
549 3679 684 3717 sane
724 3662 1087 3726 laudandum,
1114 3670 1168 3716 et
1202 3661 1390 3715 multis
1419 3660 1681 3713 virtutum
1710 3660 1924 3729 generi-

342 3757 447 3810 bus
491 3755 783 3817 illustrem,
833 3755 888 3808 in
932 3753 1234 3824 episcopali
1270 3753 1398 3806 sede
1430 3752 1710 3806 collocare
1739 3752 1925 3808 volens

342 3841 576 3916 magnus
633 3845 928 3910 Eusebius,
997 3844 1280 3898 Dolicham
1343 3844 1513 3898 venit.
1575 3843 1773 3900 Urbem
1841 3846 1924 3899 in-

342 3935 582 3991 troeunti
631 3936 834 3990 mulier
874 3933 1149 4005 quaedam,
1198 3934 1391 3988 ariana
1439 3945 1593 4003 peste
1645 3934 1924 4000 laborans,

343 4028 597 4098 conjecta
647 4028 716 4084 de
778 4038 921 4083 tet-to
981 4029 1164 4100 tegula
1214 4035 1382 4097 caput
1440 4027 1614 4091 illisit,
1644 4043 1821 4098 eoque
1860 4045 1924 4082 ex

343 4128 574 4179 vulnere
613 4125 755 4178 haud
805 4125 980 4177 multo
1015 4131 1139 4192 post
1188 4121 1256 4175 ad
1305 4120 1582 4175 meliorem
1615 4120 1780 4175 vitam
1826 4122 1928 4174 mi-

344 4216 544 4286 gravit.
586 4214 746 4269 Morti
788 4224 973 4270 autem
1009 4213 1225 4269 vicinus
1255 4227 1351 4268 eos
1381 4212 1473 4282 qui
1513 4213 1746 4267 aderant
1775 4212 1928 4282 jure-

2028 1738 2136 1794 θὼν
2184 1741 2292 1813 γὰρ
2346 1741 2451 1794 ὑπὸ
2503 1741 2602 1810 τῆς
2646 1737 2896 1805 Εὑδοξίου
2930 1738 3111 1808 λώϐης
3154 1738 3474 1809 διεφθάρθαι
3502 1738 3603 1807 τὴν

2023 1831 2424 1904 Γερμανίκειαν
2453 1828 2627 1902 [203],
2651 1828 2840 1883 τοῦτον
2864 1828 3152 1882 ἀπέστειλε
3209 1828 3394 1898 ἰατρὸν
3423 1827 3603 1890 ἀλεξί-

2022 1937 2192 1976 κακον
2217 1938 2230 1952 ·
2292 1923 2387 1976 καὶ
2416 1921 2506 1975 διά
2540 1921 2722 1992 πάσης
2747 1919 2858 1990 γὰρ
2888 1915 3024 1989 ἦκτο
3069 1919 3319 1982 παιδείας
3362 1918 3603 1988 Ἐλληνι-

2023 2014 2148 2084 κῆς,
2182 2014 2278 2067 καλ⁵
2309 2015 2422 2073 τοῖς
2454 2012 2619 2076 θείοις
2641 2011 3004 2083 ἐνετέθραπτο
3035 2009 3289 2080 δόγμασι.
3343 2009 3454 2062 Καὶ
3500 2009 3604 2079 τῆς

2021 2105 2236 2168 ἐλπίδος
2267 2104 2366 2157 οὐκ
2399 2102 2661 2173 ἐψεύσθη.
2692 2104 2772 2174 Τῇ
2803 2103 2912 2172 γάρ
2945 2103 3292 2170 πνευματικῇ
3323 2099 3636 2182 χρώμενος,
3655 2163 3670 2166 _

2020 2197 2340 2268 διδασκαλίᾳ
2365 2194 2628 2266 μετέλαϐε
2654 2196 2782 2258 τοὺς
2813 2193 3011 2256 λύκους
3039 2194 3121 2254 είς
3149 2183 3434 2264 πρόδατα.-’
3457 2192 3516 2242 Ὀ
3548 2191 3606 2242 δὲ

2025 2291 2195 2361 μέγας
2227 2289 2504 2355 Εὐσέϐιος,
2533 2290 2598 2342 ἐκ
2625 2287 2723 2356 τῆς
2745 2285 3043 2357 ὑπερορίας
3077 2281 3408 2346 ἐπανελθὼν,
3441 2283 3608 2335 Ἀκάο
3693 2309 3714 2328 κ

2021 2398 2138 2436 κιον
2185 2379 2304 2450 μὲν,
2333 2371 2395 2432 οὗ
2426 2378 2559 2431 πολὺ
2604 2376 2666 2430 τὸ
2699 2376 2877 2438 κλέος,
2910 2376 2967 2426 ἐν
3009 2373 3206 2444 Βεροίᾳ
3228 2371 3608 2442 κεχειρατόνη-

2024 2488 2116 2525 κεν
2147 2487 2160 2501 ·
2212 2471 2270 2522 ἐν
2306 2468 2603 2539 Ἱεραπόλει
2635 2466 2694 2519 δὲ
2727 2466 2983 2519 Θεόδοτον
3007 2465 3095 2532 ⁸⁶“,
3131 2459 3193 2518 οὗ
3240 2464 3338 2532 τὴν
3382 2467 3612 2532 ἀσκητι-

2023 2562 2124 2631 κὴν
2155 2560 2430 2614 πολιτείαν
2461 2559 2622 2629 μέχρι
2652 2558 2748 2611 καὶ
2776 2559 3017 2627 τήμερον
3073 2555 3294 2626 ᾄδουσιν
3345 2553 3608 2613 ἅπαντες.

2021 2652 2282 2708 Εὑσέὸιον
2333 2651 2391 2703 δὲ
2449 2649 2717 2712 Χαλκίδος
2761 2649 2830 2716 ⁸⁷,
2884 2649 3066 2719 Κύρου
3099 2649 3156 2701 δὲ
3186 2649 3285 2718 τῆς
3333 2648 3612 2717 ἡμετέρας

2036 2748 2324 2818 Ἰσίδωρον*
2351 2746 2666 2814 ἀξιαγάστω
2684 2746 2740 2798 δὲ
2764 2746 2935 2816 ἧστην
2966 2745 3152 2814 ἄμφω,
3184 2743 3276 2797 καὶ
3304 2743 3451 2813 ζήλῳ
3479 2744 3613 2811 θείῳ

2025 2839 2446 2909 κεκοσμημένοι.
2496 2837 2632 2891 Φασὶ
2662 2836 2717 2889 δὲ
2753 2837 2916 2890 αὐτὸν
2943 2836 3037 2889 καὶ
3064 2835 3324 2903 Εὑλόγιον
3378 2835 3612 2896 ἐκεῖνον,

2023 2932 2114 2985 τὸν
2138 2931 2277 3002 ὑπὲρ
2298 2930 2407 2983 τῶν
2433 2928 2805 2984 ἀποστολικῶν
2829 2927 3202 2998 ἠγωνισμένον
3224 2927 3270 2958 ⁸⁸
3299 2926 3612 2996 δογμάτων,

2025 3025 2121 3080 καὶ
2161 3024 2240 3086 είς
2283 3024 2383 3094 τὴν
2426 3021 2651 3075 ’Λντινὼ
2687 3021 2825 3092 μετά
2853 3019 3236 3090 Πρωτογένους
3266 3017 3616 3086 ἀπεσταλμέ-

2025 3135 2132 3180 νον,
2159 3116 2257 3185 τῆς
2297 3113 2516 3184 Ἐδέσης
2546 3115 2589 3146 ⁸⁸
2613 3113 3123 3184 κεχειροτονηκέναι
3160 3111 3396 3181 ποιμένα
3425 3126 3439 3140 ·
3467 3111 3612 3179 Βάρ-

2026 3223 2126 3275 σης
2167 3206 2274 3275 γὰρ
2312 3207 2340 3257 ὁ
2375 3205 2657 3265 θεσπέσιος
2694 3204 2794 3274 ἢδη
2821 3203 2914 3255 τοῦ
2941 3201 3054 3272 βίου
3089 3200 3321 3264 τὸτέλος
3347 3200 3612 3253 ἐδέδεκτο.

2025 3297 2280 3364 Εὑλόγιος
2310 3295 2364 3349 δὲ
2415 3294 2796 3366 Πρωτογένην,
2825 3294 2930 3347 τῶν
2960 3293 3187 3361 ἀγώνων
3216 3293 3305 3344 τὸν
3334 3293 3613 3350 κοινωνὸν,

2023 3390 2142 3450 ταῖς
2179 3389 2392 3457 Κάραις
2414 3386 2461 3417 ⁹⁰
2488 3387 2812 3455 ἐπέστησεν,
2853 3384 3037 3456 ἰατρὸν
3069 3383 3391 3448 ἀλεξίκακον
3419 3383 3517 3436 οὐκ
3553 3380 3614 3435 εὗ

2025 3484 2348 3554 διακειμένη
2378 3482 2763 3552 δωρησάμενος
2801 3479 2975 3532 πόλει.
3019 3479 3079 3531 '0
3101 3478 3157 3532 δὲ
3187 3477 3328 3540 θεῖος
3357 3476 3616 3538 Εὑσέὸιος

2026 3577 2256 3647 ἔσχατον
2287 3574 2585 3629 ἐπίσκοπον
2617 3575 2803 3644 Μάριν
2836 3575 2902 3644 τῇ
2935 3573 3127 3642 Δολιχῇ
3173 3570 3612 3640 κεχειροτόνηκε-

2027 3669 2254 3738 σπολίχνη
2302 3669 2346 3698 ⁹¹
2394 3667 2451 3720 δὲ
2503 3665 2641 3734 αὕτη
2685 3665 2916 3734 σμικρὰ,
2958 3665 3052 3718 καὶ
3107 3663 3209 3732 τῆς
3270 3661 3615 3731 Ἀρειανικῆς

2027 3759 2183 3812 νόσου
2219 3758 2340 3810 κατ’
2363 3758 2540 3808 ἐκεῖνο
2567 3753 2661 3807 τοῦ
2698 3752 2892 3822 καιροῦ
2924 3751 3264 3823 μετειλήφει.
3291 3749 3490 3801 Τοῦτον
3518 3748 3612 3798 τὸν

2029 3850 2235 3919 Μάριν,
2277 3846 2594 3913 ἀξιέπαινον
2623 3843 2772 3906 ὄντα,
2799 3842 2893 3894 καὶ
2930 3839 3144 3902 πολλοῖς
3177 3837 3373 3890 εἴδεσιν
3408 3833 3612 3904 ἀρετῶν

2028 3940 2395 4011 ἠγλαϊσμένον
2422 3939 2488 4002 ",
2544 3933 2820 4004 ἐνιδρύσαι
2873 3933 2984 3994 τοῖς
3036 3929 3332 3998 ἱερατικοῖς
3363 3924 3613 3982 ἐθελέσας

2031 4033 2228 4095 θώκοις
2261 4033 2288 4085 ὁ
2317 4029 2488 4100 μέγας
2513 4025 2793 4089 Εὐσέϐιος,
2824 4022 2922 4093 τὴν
2956 4020 3183 4089 Δολιχὴν
3215 4019 3263 4050 ’³
3293 4015 3607 4072 κατέλαϐεν.

2033 4126 2264 4181 Είσιόντι
2308 4123 2364 4176 δὲ
2409 4120 2560 4189 αὐτῷ
2609 4117 2747 4187 γυνή
2795 4132 2896 4179 τις,
2928 4114 3027 4183 τῆς
3062 4110 3408 4183 ’Δρειανικῆς
3461 4107 3611 4160 νόσου

2032 4213 2487 4288 ἐμπεπλησμένη,
2525 4211 2772 4280 κέραμον
2827 4205 3036 4260 ἄνωθεν
3073 4204 3360 4273 ἐπαφῆκεν
3389 4199 3494 4253 ἀπὸ
3519 4196 3609 4288 τοῦ

341 4309 582 4378 jurando
615 4307 909 4373 astrinxit,
953 4323 1021 4362 ne
1051 4319 1216 4376 quam
1253 4321 1282 4359 a
1323 4305 1551 4359 muliere
1597 4305 1725 4359 lacti
1763 4303 1922 4371 hujus

2040 4286 2284 4373 στέγους,
2311 4303 2369 4366 ὃς
2403 4302 2500 4371 τήν
2526 4316 2586 4351 τε
2615 4296 2856 4366 κεφαλὴν
2896 4293 3206 4362 συνέτριψε,
3234 4292 3328 4344 καὶ
3373 4291 3486 4360 μετ’
3507 4286 3612 4339 όλία

349 4417 564 4470 pumaiu
599 4408 977 4469 reposcerent,
1009 4397 1302 4453 Dominum
1329 4412 1524 4467 nempe
1553 4412 1714 4450 suum
1743 4396 1926 4449 imita-

346 4509 457 4558 tus,
484 4495 578 4563 qui
615 4510 712 4564 pro
743 4493 1166 4548 crucilisorihus
1198 4492 1314 4547 suis
1353 4505 1522 4545 orans
1549 4489 1689 4544 dixit
1719 4506 1732 4542 :
1767 4507 1784 4541 t
1824 4487 1928 4541 Pa-

346 4597 452 4646 ter,
483 4588 695 4640 dimitte
727 4585 859 4650 illis,
897 4601 1007 4639 non
1031 4585 1176 4637 enim
1211 4584 1392 4638 sciunt
1419 4582 1552 4652 quid
1584 4581 1788 4636 faciant
1812 4591 1832 4618 ο
1859 4598 1872 4645 ;
1905 4600 1922 4633 ι

347 4691 402 4734 et
447 4694 778 4733 conservum
837 4677 1178 4747 Stephanum
1241 4683 1363 4745 post
1418 4674 1621 4728 multos
1683 4673 1926 4743 lapidum

347 4773 492 4826 ictus
541 4772 868 4826 clamantem
912 4787 925 4824 :
975 4787 995 4820 ι
1039 4767 1288 4829 Domine,
1329 4781 1398 4820 ne
1428 4773 1642 4820 statuas
1676 4763 1784 4821 illis
1828 4766 1932 4819 hoc

347 4871 638 4934 peccaturo
669 4860 718 4915 d.
768 4879 786 4912 ι
821 4862 837 4882 ⁶
868 4857 987 4913 Tali
1019 4867 1198 4912 morte
1247 4866 1370 4926 post
1421 4857 1621 4911 multos
1657 4866 1712 4912 et
1753 4857 1934 4910 varios

350 4971 556 5028 agones
590 4954 761 5011 vitam
799 4952 940 5008 [iniit
968 4965 1203 5021 magnus
1237 4949 1531 5013 Eusebius,
1560 4958 1614 5003 et
1659 4949 1754 5019 qui
1792 4946 1924 5001 Bar-

425 5126 445 5153 ε
478 5112 611 5174 Luc.
638 5125 793 5178 ιιιιιιι,
823 5110 913 5167 54.
989 5105 1016 5148 ἀ
1052 5108 1174 5164 Aet.
1216 5123 1311 5170 vn,
1344 5107 1423 5161 59.

2036 4415 2132 4467 γον
2163 4398 2242 4459 είς
2277 4395 2368 4447 τὸν
2398 4393 2609 4464 ἀμείνω
2657 4390 2770 4459 βίον
2820 4385 3206 4456 παρέπεμψεν.
3251 4384 3309 4436 'U
3340 4382 3396 4435 δὲ
3429 4381 3608 4433 τελευ-

2036 4492 2145 4545 τῶν
2179 4486 2575 4561 παρηγγύησεν
2614 4484 2798 4554 ὅρκοις
2843 4482 2969 4541 τοὺς
3021 4477 3295 4547 παρόντας
3356 4473 3606 4542 πεδήσας,

2041 4582 2175 4652 μηδὲ
2238 4580 2366 4650 μίαν
2411 4577 2510 4647 τὴν
2555 4573 2715 4628 τοῦτο
2764 4571 3041 4641 δράσασαν
3085 4563 3377 4636 είσπρᾱξαι
3406 4563 3606 4631 ποιιήν.

2039 4651 2148 4727 Kal.
2196 4671 2286 4724 τὸν
2336 4671 2536 4722 οἰκεῖον
2568 4665 2676 4734 γάρ
2705 4662 2898 4732 ἐζήλου
2929 4658 3228 4725 Δεσπότην,
3260 4656 3317 4717 ὃς
3351 4654 3477 4721 περὶ
3509 4651 3614 4704 τῶν

2036 4762 2460 4835 ἐσταυρωκότων
2509 4757 2612 4825 ἔφη
2641 4772 2653 4783 ·
2690 4774 2708 4805 ι
2747 4754 2950 4823 Πάτερ,
2977 4751 3110 4818 ἄφες
3161 4747 3362 4808 αὐτοῖς,
3400 4746 3462 4796 οὑ
3513 4741 3618 4811 γὰρ

2038 4856 2212 4910 οἴδασι
2267 4853 2319 4906 τί
2375 4849 2626 4904 ποιοῦσι·
2656 4865 2673 4896 ι
2712 4844 2806 4898 καὶ
2851 4842 2943 4895 τὸν
2988 4839 3277 4910 ὁμόδουλον
3327 4835 3618 4903 Στέφανον,

2043 4947 2183 5020 μετά
2241 4945 2339 5008 τὰς
2395 4941 2595 5004 πολλὰς
2652 4939 2786 4997 τῶν⁹
2819 4935 2981 4989 λίθων
3037 4932 3265 5002 νιφὰδας
3323 4929 3620 5000 βοήσανταυ

1632 5252 1865 5310 κ’ΔΙὶΙίΕ
1907 5249 2304 5308 LECTIONES.

420 5359 468 5392 ³⁸
498 5335 728 5430 Ταρσῶν
759 5358 940 5413 Codex
971 5356 1087 5412 Plui
1118 5369 1242 5410 cum
1273 5349 1585 5430 Νἰεονίικῌ
1595 5352 1683 5405 ist.
1717 5348 1884 5430 Eccl...
1914 5345 2028 5430 Xlnl,
2053 5346 2106 5400 5.
2260 5341 2554 5430 Gfdawfg‘t
2727 5331 3391 5430 Οὔξιοι-ΜΤ

354 5431 401 5462 ⁸⁸
1672 5401 1807 5474 cum
1842 5401 2029 5488 Steph:
2060 5428 2111 5471 et
2137 5413 2368 5498 Niccplt.‘
2516 5411 2780 5496 Κάρραις.
2819 5408 2982 5498 ﬁdi-nt

355 5481 660 5570 λῖχῙῃῘκΡιιιῖ
706 5481 868 5570 liber.
903 5481 1215 5555 Vcoulit'mat
1271 5481 1525 5565 Nicepliq
1587 5509 1898 5563 quanquam
1942 5481 2188 5558 'semper
2242 5481 2432 5541 scribit
2464 5481 2709 5550 Δολίλνη.

356 5572 400 5604 ’³
425 5569 668 5640 Δολίλην.
704 5569 818 5624 l'in't
841 5572 1031 5626 Codex.

2819 5479 2860 5510 ⁹²¹
2887 5476 3266 5544 ἀγλαῖσμενον.
3291 5471 3413 5526 Bas.
3443 5471 3619 5526 Gram.
