4032 6192
327 308 466 375 1205

1316 305 1908 365 ECCLESlASTiCrE
1948 308 2328 366 lIISTORIzE
2369 310 2512 367 LIB.
2552 311 2612 370 λ’.

3438 303 3572 370 1206

330 439 347 470 ι
390 418 586 490 Κύριε,
608 417 694 489 μὴ
727 418 930 488 στήσῃς
962 417 1144 480 αὐτοῖς
1192 417 1288 486 τὴν
1317 417 1590 488 ἁμαρτίαν
1617 414 1841 484 ταύτην.
1877 433 1895 466 ι

2007 415 2168 470 baros
2201 417 2252 469 in
2287 415 2516 468 Thracia
2557 424 2825 478 evaserat,
2868 415 3160 484 impiorum
3193 413 3572 468 haereticorum

324 510 548 563 Τοιοῦτο
599 509 738 578 μετὰ
789 510 915 572 τοὺς
971 508 1346 571 παντοδαποὺς
1396 509 1615 576 ἀγῶνας
1650 508 1680 558 ὁ
1733 503 1899 575 μέγας

2007 520 2202 562 manus
2249 507 2488 576 ell'ugere
2535 522 2641 559 non
2683 507 2881 576 potuit.
2913 505 3004 561 sed
3041 504 3284 572 martyrii
3317 517 3573 557 coronam

325 603 583 666 Εὐσέϐιος
612 602 828 668 ἐδέξατο
849 601 1019 666 τέλος,
1056 602 1150 654 καὶ
1171 602 1296 664 τοὺς
1343 601 1401 660 ἐν
1446 603 1512 670 τῇ
1542 599 1732 669 Θρᾴκῃ
1765 596 1900 665 βαρ-

323 694 524 765 ϐάρους
582 693 880 763 διαφυγὼν,
928 693 1028 756 τὰς
1073 692 1184 746 τῶν
1212 691 1489 746 δυσσεϐὦν
1526 688 1818 760 αίρετικῶν
1843 687 1903 738 οὐ

2007 611 2101 664 per
2130 612 2225 650 eos
2254 605 2340 650 est
2384 596 2637 666 adeptus.
2671 596 2794 651 Ilaae
2828 597 2994 666 igitur
3024 606 3146 665 post
3188 595 3420 648 reditum
3464 595 3578 662 epi—

2005 699 2296 754 seoriorum
2349 695 2500 755 gesta
2531 694 2678 739 sunt.
2710 685 3006 739 Gratianus
3041 691 3220 738 autem
3241 725 3253 748 ,
3287 681 3575 736 Thraciam

322 786 541 854 διέφυγε
594 789 800 857 χεῖρας,
833 785 969 840 άλλὰ
997 785 1063 838 δι’
1087 785 1311 841 ἐκείνων
1341 785 1430 841 τὸν
1459 786 1553 840 τοῦ
1603 778 1899 852 μαρτυρίου

2007 790 2032 829 a
2067 775 2349 839 Barbaris,
2388 777 2481 845 qui
2541 776 2820 830 Valentem
2863 776 3286 829 combusserant
3314 817 3327 838 ,
3375 773 3576 827 vastari

325 874 588 952 στέφανον
613 876 932 946 ἀνεδήσατο.
963 877 1149 931 Ταῦτα
1185 877 1284 947 μὲν
1314 871 1406 929 οὖν
1455 873 1593 946 μετὰ
1647 873 1748 940 τὴν
1801 871 1905 922 ἐπ·

2001 871 2206 930 certior
2229 855 2634 932 factus,relicta
2662 867 2833 932 Italia,
2857 868 2910 920 in
2935 863 3272 920 Pannoniam
3301 864 3579 935 profectus

325 965 508 1019 άνοδον
562 967 671 1019 τῶν
721 969 1038 1022 ἐπισκόπων
1082 969 1318 1037 ἐγένετο.
1351 965 1648 1038 Γρατιανὸς
1674 963 1752 1026 δέ,
1798 961 1901 1030 τὴν
2000 964 2101 1012 est.

323 1060 544 1132 Θρᾴκην
571 1060 876 1133 δῃουμένην
916 1060 1104 1131 μαθὼν
1138 1057 1242 1115 ὖπὸ
1265 1063 1374 1116 τῶν
1411 1061 1500 1114 τὸν
1547 1058 1784 1114 Βάλεντα
1839 1052 2194 1106 κεκαυκότων
2249 1051 2558 1123 βαρϐάρων,
2630 1049 2944 1105 καταλιπὼν
3005 1050 3101 1118 τὴν
3180 1049 3428 1111 Ἰταλίαν,
3501 1049 3580 1109 είς

323 1154 421 1222 τὴν
448 1143 712 1207 Πανονίαν
745 1152 789 1186 9"
819 1151 1064 1220 ἀφίκετο.

309 1232 312 1235 ’
818 1247 966 1320 [eos]
1023 1247 1272 1301 ΚΕΦΑΛ.
1328 1247 1401 1300 E’.

568 1341 707 1408 Περὶ
755 1339 865 1408 τῆς
913 1339 1236 1394 Θεοδοσίου
1268 1340 1650 1406 στρατηγίας.

393 1433 530 1485 Κατ’
559 1433 764 1485 ἐκεῖνον
793 1432 849 1485 δὲ
890 1432 980 1484 τὸν
1011 1431 1200 1501 καιρὸν
1237 1427 1535 1492 Θεοδόσιος,
1581 1429 1666 1482 διά
1703 1446 1762 1480 τε
1803 1430 1900 1499 τὴν

326 1523 434 1577 τῶν
488 1524 766 1592 προγόνων
819 1524 1197 1592 περιφάνειαν,
1247 1521 1342 1575 καὶ
1399 1522 1485 1574 διὰ
1543 1521 1640 1592 τὴν
1696 1522 1900 1575 οἰκείαν

325 1615 594 1686 ἀνδρείαν,
648 1616 1076 1684 ὀνομαστότατος
1109 1610 1195 1684 ἦν,
1236 1615 1329 1666 καὶ
1371 1614 1559 1668 τούτου
1597 1614 1756 1688 χάριν
1796 1615 1901 1667 ὑπὸ

325 1706 420 1759 τοῦ
456 1706 651 1774 φθόνου
705 1706 812 1760 τῶν
865 1705 1144 1777 ὁμοτίμων
1177 1708 1222 1738 ⁹⁵
1271 1706 1364 1758 καὶ
1392 1705 1678 1776 ὁμοφύλων
1713 1705 1904 1775 βαλλό-

325 1813 504 1866 μενος,
559 1797 616 1850 ἐν
660 1799 782 1860 ταῖς
832 1796 1097 1861 Σπανίαις
1131 1798 1176 1830 ⁸⁸
1221 1797 1489 1868 διέτριϐεν
1516 1815 1529 1829 ο
1572 1799 1629 1850 ἐν
1664 1797 1900 1860 ἐκείναις

322 1889 428 1960 γὰρ
459 1889 558 1958 ἔφυ
595 1906 652 1943 τε
689 1889 781 1943 καὶ¹
804 1889 1034 1961 ἐτράφη.
1085 1889 1329 1958 Ἀπορῶν
1359 1888 1422 1958 δὴ
1462 1882 1553 1940 οὖν
1581 1888 1608 1940 ὁ
1649 1886 1901 1956 βασιλεὺς

321 1982 348 2034 ὅ
379 1998 430 2033 τι
467 1980 573 2052 χρὴ
611 1980 828 2050 δράσαι,
871 1979 1204 2051 φυσηθέντες
1248 1981 1355 2052 γάρ
1405 1982 1468 2033 ἐκ
1513 1981 1610 2051 τῆς
1656 1981 1811 2052 νίκης
1851 1983 1899 2034 οἱ

325 2071 615 2143 βάρϐαροι,
662 2072 928 2144 δύσμαχοι
959 2067 1098 2144 ἦσάν
1133 2089 1191 2125 τε
1235 2072 1331 2125 καὶ
1360 2071 1599 2138 ἐδόκουν,
1630 2072 1728 2143 τὴν
1775 2072 1892 2126 Θεοι

319 2163 496 2216 δοσίου
532 2165 864 2234 στρατηγίαν
887 2163 1039 2219 λύσιν
1056 2163 1293 2218 ὑπέλαϐε
1317 2163 1425 2216 τῶν
1454 2163 1659 2217 κακῶν.
1690 2163 1901 2223 Αὐτίκα

320 2257 385 2326 δὴ
419 2253 534 2322 οὖν,
581 2259 645 2310 ἐκ
677 2258 786 2311 τῶν
817 2258 1067 2312 Σπανιῶν
1110 2259 1153 2290 9⁷
1198 2258 1288 2311 τὸν
1333 2257 1498 2328 ἄνδρα
1541 2257 1902 2326 μεταπεμψά-

323 2365 502 2418 μενος,
538 2349 633 2402 καὶ
688 2348 992 2420 στρατηγὸν
1023 2351 1432 2421 χειροτονήσας,
1467 2349 1604 2420 μετὰ
1642 2349 1740 2419 τῆς
1773 2366 1916 2412 συν-η

317 2439 637 2511 ειλεγμὲνης
689 2440 963 2510 ἐξέπεμψε
1031 2442 1307 2509 στρατιᾶς.
1371 2440 1430 2494 '0
1489 2441 1545 2492 δέ
1598 2443 1662 2510 τῇ
1724 2440 1899 2492 πίστει

317 2533 661 2600 φραξάμενος
714 2531 1030 2602 θαρσαλέως
1069 2529 1379 2600 ἐξώρμησε,
1420 2531 1512 2582 καὶ
1537 2529 1638 2599 τῆς
1679 2531 1900 2600 Θρᾴκης

314 2622 532 2686 ἐπιϐὰς,
601 2624 695 2676 καὶ
764 2624 893 2686 τοὺς
966 2622 1279 2694 βαρϐάρους
1329 2622 1668 2692 θεασάμενος
1733 2623 1898 2692 ὁμόσε

315 2713 648 2785 χωροῦντας,
699 2713 858 2780 ἔταξε
909 2713 1006 2783 τὴν
1057 2713 1315 2784 στρατιὰν
1363 2714 1439 2776 ὡς
1483 2715 1526 2745 ⁸⁸
1569 2714 1650 2776 είς
1696 2713 1895 2784 μάχην.

328 2802 661 2872 Ἀψιμαχίας
706 2803 763 2856 δέ
801 2803 1124 2874 γενομένης,
1182 2805 1283 2857 οὐκ
1337 2804 1653 2872 ἐνεγκόντες
1702 2806 1898 2859 ἐκεῖνοι

314 2894 414 2963 τὴν
461 2893 716 2964 ἐμϐολὴν,
763 2895 862 2964 τὴν
898 2893 1050 2960 τάξιν
1091 2895 1380 2948 κατέλιπον
1406 2908 1419 2922 ·
1469 2896 1568 2964 τῆς
1605 2892 1663 2946 δὲ
1693 2895 1898 2964 τροπῆς

317 2984 637 3054 γενομένης,
689 2986 738 3036 oi.
783 2986 880 3056 μὲν
916 2984 1168 3054 ἔφευγον,
1200 2987 1248 3037 oi
1283 2985 1338 3036 δέ
1370 2986 1714 3054 κατακράτος
1741 2985 1897 3038 ἐδίω-

317 3092 434 3128 κον.
493 3075 664 3139 Πολὺς
714 3075 771 3129 δὲ
825 3077 982 3144 φόνος
1039 3075 1149 3130 τῶν
1195 3076 1488 3146 βαρϐάρων
1534 3077 1771 3145 ἐγένετο.
1820 3078 1895 3130 Ού

321 3169 482 3239 μόνον
527 3168 636 3238 γὰρ
685 3168 789 3220 ὑπὸ
827 3167 1133 3240 Ῥωμαίων,
1176 3168 1312 3222 ἀλλὰ
1360 3169 1456 3222 καὶ
1504 3170 1595 3222 ὑπ’
1651 3170 1896 3242 ἀλλήλων

317 3259 639 3313 ἐκτείνοντο.
693 3257 852 3314 Οὕτω
896 3260 954 3312 δὲ
1001 3259 1110 3314 τῶν
1163 3261 1431 3314 πλείστων
1479 3263 1894 3333 ἀναιρεθέντων,

318 3347 513 3417 ὀλίγων
565 3350 622 3403 δὲ
672 3350 783 3403 τῶν
813 3351 996 3404 λαθεῖν
1050 3351 1390 3422 δυνηθέντων
1453 3353 1752 3410 διαϐάντων
1808 3356 1897 3410 τὸν

323 3441 554 3510 Ἵστρον,
589 3442 748 3505 εὐθὺς
772 3443 801 3494 δ
821 3443 1386 3516 ἄριστοςστρατηγὸς,
1405 3445 1473 3514 ἢν
1495 3439 1607 3515 εἶχε
1638 3463 1697 3498 στ
1708 3447 1897 3517 ρατιὰν

323 3537 383 3588 ἐν
415 3537 539 3596 ταῖς
573 3535 936 3602 πελαζούσαις
973 3537 1161 3590 πόλεσι
1197 3537 1408 3604 διελὼν,
1446 3540 1606 3604 αὐτὸς
1642 3540 1777 3610 πρὸς
1808 3540 1897 3594 τὸν

323 3628 548 3698 βασιλέα
587 3629 894 3699 Τρατιανὺν
951 3631 1094 3684 κατὰ
1143 3631 1306 3702 τάχος
1359 3632 1598 3686 ἐλαύνων
1650 3634 1895 3702 ἀφίκετο,

321 3723 430 3776 τῶν
467 3723 684 3777 οἰκείων
727 3723 1004 3794 τροπαίων
1048 3725 1092 3758 ³⁵
1150 3725 1440 3794 γενόμενος
1490 3726 1738 3795 ἄγγελος.
1793 3729 1900 3781 Καὶ

323 3809 492 3863 πιστὰ
547 3811 646 3880 μὲν
691 3809 870 3880 λέγειν
933 3811 1058 3866 οὐδὲ
1107 3812 1256 3883 αὐτῷ
1307 3813 1484 3868 ἐδόκει
1539 3814 1617 3885 τῷ
1671 3816 1896 3885 βασιλεῖ,

323 3900 890 3974 ὑπερεκπληττομένῳ
918 3903 979 3957 τὸ
1011 3903 1264 3972 γεγονός⁶
1294 3905 1343 3956 oi
1373 3903 1430 3958 δὲ
1453 3909 1573 3969 ταῖς
1589 3906 1773 3960 άκίσι¹
1805 3907 1897 3960 τοῦ

324 3992 520 4058 φθόνου
565 3993 903 4065 βαλλόμενοι,
948 3995 1043 4050 καὶ
1100 3997 1435 4066 πεφευγέναι
1490 3999 1650 4052 αὑτὸν
1692 3999 1898 4068 ἔλεγον,

322 4085 417 4135 καὶ
445 4083 831 4157 διεφθαρκέναι
875 4089 975 4158 τὴν
1021 4089 1305 4158 στρατιάν.
1351 4089 1409 4142 ὐ
1435 4089 1492 4142 δὲ
1531 4090 1656 4152 τοὺς
1689 4091 1899 4143 ἀντιτει-

321 4173 628 4242 ταγμένους
676 4175 938 4245 ἐξῄτησεν
992 4175 1342 4239 ἀποστεῖλαι,
1401 4177 1495 4228 καὶ
1536 4176 1741 4242 γνῶναι
1794 4177 1900 4230 τῶν

324 4266 692 4338 ἀνῃρημένων
723 4267 1020 4339 βαρϐάρων
1050 4269 1110 4321 τὸ
1137 4268 1359 4338 πλῆθος.
1407 4268 1614 4342 Ῥᾴδιον
1651 4268 1728 4334 δὲ,
1772 4269 1898 4340 ἔφη,

2259 1248 2267 1268 '
2358 1249 2508 1303 car.
2545 1249 2602 1303 v.
2659 1249 2738 1321 [Β.
2779 1247 2858 1302 St.
2905 1247 2965 1301 ν.
3002 1246 3100 1299 cu.

2293 1341 2368 1396 De
2407 1341 2696 1396 Theodosio
2745 1340 2999 1409 magistro
3048 1337 3296 1390 militum.

2079 1443 2179 1497 Per
2228 1440 2279 1494 id
2317 1447 2535 1505 tempus
2566 1432 2914 1487 Theodosius
2956 1439 3008 1485 et
3049 1430 3318 1499 majorum
3354 1445 3578 1484 suorum

2008 1534 2321 1594 nobilitate,
2353 1537 2406 1582 et
2435 1545 2533 1581 sua
2576 1526 2752 1594 ipsius
2790 1524 2989 1576 virtute
3026 1522 3368 1576 clarissimus
3411 1521 3582 1575 habe-

2009 1627 2168 1680 batur
2202 1642 2213 1676 :
2243 1635 2475 1690 eantque
2524 1621 2595 1672 ob
2627 1631 2874 1679 causam,
2908 1630 3032 1668 cum
3068 1614 3358 1682 aequalium
3408 1628 3583 1684 popu-

2007 1717 2316 1784 lariumque
2346 1711 2553 1765 invidia
2592 1708 2802 1778 1022
2832 1712 3188 1777 premeretur,
3225 1704 3280 1757 in
3322 1701 3581 1773 llispania

2005 1811 2170 1863 vitam
2226 1804 2486 1866 ducebat,
2530 1803 2582 1854 in
2625 1817 2730 1870 qua
2769 1809 2929 1852 natus
2965 1797 3341 1865 educatusque
3382 1795 3578 1850 fuerat.

2008 1903 2169 1971 Inops
2194 1913 2325 1968 ergo
2358 1894 2576 1951 consilii
2613 1891 2741 1962 quid
2775 1895 2959 1959 ageret
2999 1888 3314 1956 imperator,
3348 1902 3411 1942 co
3437 1889 3580 1956 quod

2004 1993 2228 2046 Barbari
2260 1990 2390 2045 elati
2420 1987 2652 2041 victoria
2685 1999 2826 2054 :egre
2859 1979 3006 2034 vinci
3042 1988 3286 2048 possent,
3313 1991 3404 2033 aut
3439 1979 3580 2033 vinci

2002 2103 2165 2157 posse
2195 2084 2534 2143 viderentur,
2580 2079 2739 2131 linem
2774 2074 2931 2129 malis
2971 2071 3216 2126 futurum
3249 2071 3503 2132 credidit,
3531 2072 3577 2125 si

2002 2177 2377 2234 Theodosium
2442 2174 2518 2228 rei
2587 2167 2842 2224 militaris
2920 2166 3118 2221 ducem
3195 2163 3580 2219 constitueret.

2001 2272 2180 2339 Quare
2205 2269 2440 2324 accitum
2464 2280 2585 2318 mox
2617 2279 2681 2317 ex
2708 2258 2970 2328 llispania
3001 2259 3320 2329 magistrum
3352 2257 3583 2310 militum

2003 2363 2305 2422 renuntiat,
2342 2359 2685 2424 collectoque
2720 2367 2844 2407 cum
2899 2351 3138 2406 exercitu
3195 2349 3246 2402 in
3284 2348 3585 2418 expeditio-

2000 2470 2120 2509 nem
2155 2451 2404 2505 dimittit.
2441 2447 2534 2500 llle
2563 2460 2691 2500 vero
2731 2443 2839 2496 fide
2872 2442 3120 2496 munitus
3153 2456 3348 2511 magna
3387 2439 3582 2493 fiducia

2002 2549 2104 2599 iter
2150 2539 2407 2608 suscipit,
2452 2538 2846 2606 ingressusque
2893 2533 2950 2586 in
2980 2530 3273 2584 Thraciam
3347 2538 3398 2583 et
3447 2527 3582 2580 Bar-

2001 2635 2167 2690 baros
2216 2646 2286 2688 ex
2342 2627 2575 2683 adverso
2633 2623 2920 2680 venientes
2986 2621 3361 2690 conspicatus,
3410 2618 3582 2673 aciem

2001 2728 2069 2782 ad
2139 2736 2377 2795 pugnam
2431 2719 2717 2775 instruxit.
2768 2715 3173 2786 Congressione
3231 2713 3393 2776 facta,
3458 2725 3582 2764 cum

2001 2819 2261 2887 impetum
2294 2813 2372 2866 illi
2411 2827 2521 2866 non
2553 2810 2779 2873 ferrent,
2815 2806 3040 2860 ordines
3082 2807 3343 2859 deserunt
3376 2823 3390 2858 :
3425 2803 3583 2872 fuga-

2001 2925 2106 2976 que
2159 2905 2318 2966 inita,
2351 2902 2444 2955 alii
2494 2911 2648 2970 terga
2683 2907 2931 2964 vertunt,
2977 2897 3066 2950 alii
3119 2909 3220 2964 pro
3265 2895 3474 2948 viribus
3503 2895 3622 2952 in»

2003 3007 2331 3067 sequuntur.
2376 2995 2568 3063 Magna
2635 2991 2691 3044 fit
2750 2996 2967 3057 strages
3029 2986 3422 3039 Barbarorum.
3477 2984 3584 3038 Nec

2005 3092 2150 3146 enim
2201 3104 2230 3142 a
2280 3086 2546 3141 Romanis
2590 3085 2768 3137 solum
2820 3079 3194 3142 audebantur,
3228 3078 3325 3135 sed
3382 3080 3584 3132 nuituis

2007 3182 2110 3252 ipsi
2144 3194 2362 3250 quoque
2397 3175 2721 3230 vulneribus
2758 3171 3141 3226 concidebant.
3179 3170 3440 3224 Plurimis
3484 3185 3585 3223 au-

2009 3285 2116 3330 tem
2146 3274 2252 3328 hoc
2281 3270 2445 3325 modo
2471 3267 2801 3329 interfectis,
2829 3265 3127 3334 paucisque
3154 3263 3247 3332 qui
3283 3261 3586 3316 subducere

2007 3385 2066 3423 se
2106 3371 2417 3436 potuerant,
2462 3362 2662 3414 Istrum
2715 3357 3077 3417 transgressis
3105 3394 3118 3417 ,
3167 3354 3429 3408 continuo
3476 3353 3585 3406 dux

2008 3459 2270 3528 optimus,
2306 3469 2453 3517 cum,
2485 3465 2646 3521 quem
2699 3449 2934 3504 habebat
2993 3445 3319 3508 exercitum,
3368 3459 3462 3514 per
3508 3445 3587 3497 vi-

2009 3554 2162 3606 cinas
2193 3549 2358 3604 urbes
2390 3543 2766 3615 dispersisset,
2813 3541 2879 3593 ad
2938 3541 3322 3608 imperatorem
3370 3535 3586 3590 Gratia-

2010 3661 2162 3709 num,
2207 3653 2268 3697 ut
2310 3654 2535 3697 suorum
2593 3637 2710 3706 ipse
2767 3644 3098 3703 tropaeorum
3156 3630 3385 3684 nuntius
3441 3636 3590 3682 esset

2010 3748 2225 3790 summa
2281 3728 2638 3786 festinatione
2685 3723 2986 3780 contendit.
3041 3721 3308 3774 Castorum
3359 3718 3589 3786 impera.

2011 3825 2138 3890 tori,
2189 3823 2261 3878 0b
2311 3820 2390 3876 rei
2452 3814 2887 3888 magnitudinem
2951 3813 3202 3876 attonito,
3248 3807 3588 3864 incredibilia

2008 3932 2129 3986 quae
2159 3913 2423 3969 narrabat
2452 3910 2780 3965 videbantur
2807 3923 2818 3960 :
2845 3906 2961 3967 alii,
2983 3921 3124 3975 quos
3151 3903 3358 3958 stimuli
3387 3917 3590 3971 punge-

2013 4012 2142 4063 bant
2187 4005 2434 4067 invidia‘,
2466 4011 2520 4057 et
2573 3999 2782 4070 fugisse
2813 4000 2992 4070 ipsum
3043 3997 3323 4056 dicebant,
3351 4003 3404 4048 et
3437 4009 3591 4046 eter-

2011 4102 2180 4154 citum
2207 4098 2486 4150 amisisse.
2518 4091 2656 4145 Tum
2710 4091 2802 4144 ille
2851 4091 2987 4142 istos
3018 4089 3168 4156 ipsos
3199 4086 3291 4155 qui
3332 4085 3590 4136 adversa-

2011 4192 2212 4245 bantur
2244 4192 2256 4206 '
2291 4186 2434 4239 mitti
2485 4183 2664 4251 petiit,
2718 4189 2777 4232 ut
2831 4179 2900 4232 de
2938 4192 3204 4232 caesorum
3241 4173 3592 4228 multitudine

2014 4285 2432 4351 cognoscerent.
2469 4273 2652 4325 Facile
2694 4282 2932 4338 namque
2986 4266 3070 4321 vel
3106 4281 3170 4320 ex
3225 4264 3416 4335 spoliis
3467 4278 3590 4332 per-

325 4358 419 4410 καὶ
450 4357 560 4410 άπὸ
584 4357 692 4410 τῶν
731 4357 944 4412 σκύλων
989 4357 1286 4426 ἐπιγνῶναι
1330 4359 1420 4411 τὸν
1466 4358 1717 4430 ἀριθμόν.
1763 4359 1899 4412 Τού-

2011 4373 2145 4443 spici
2202 4370 2378 4424 aiebat
2417 4377 2711 4420 numerum
2765 4374 2948 4432 posse.
2992 4356 3206 4422 Quibus
3238 4354 3419 4409 verbis
3469 4368 3591 4423 per-

323 4466 438 4512 τοις
485 4450 635 4517 εἴξας
679 4453 794 4512 τοῖς
842 4452 1018 4520 λόγοις
1051 4453 1079 4504 ὁ
1121 4451 1396 4520 βασιλεὺς,
1442 4452 1730 4506 ἀπέστειλε
1775 4454 1900 4516 τοὺς

324 4542 624 4614 ὀψομένους
647 4543 722 4615 τά
735 4545 1119 4615 πεπραγμένα,
1143 4547 1238 4598 καὶ
1264 4545 1436 4598 ταῦτα
1470 4547 1830 4617 μηνύσοντας.

283 4617 306 4699 ί
813 4635 962 4708 [205]
1017 4638 1266 4694 ΚΕΦΑΛ.
1327 4640 1418 4705 (τι.

324 4726 463 4793 Περὶ
523 4725 633 4792 τῆς
686 4728 903 4782 τούτου
947 4730 1293 4794 βασιλείας,
1353 4729 1450 4782 καὶ
1490 4723 1576 4784 ὧν
1630 4727 1904 4796 προεῖδεν

977 4800 1243 4868 ὀνείρων.

412 4885 472 4938 ὐ
499 4885 555 4938 δέ
584 4885 807 4957 ἄριστος
836 4891 1141 4960 στρατηγὸς
1178 4889 1342 4943 αὑτοῦ
1388 4890 1597 4960 μείνας,
1639 4889 1761 4958 δψιν
1795 4886 1902 4943 εῐδε

329 4971 626 5030 θεσπεσίαν
669 4978 814 5042 τινὰ,
851 4983 944 5034 καὶ
992 4981 1124 5053 παρ’
1156 4983 1322 5035 αὐτοῦ
1376 4982 1556 5052 σαφῶς
1613 4981 1762 5051 αὐτῷ
1793 4977 1903 5035 δει-

328 5063 549 5134 χθεῖσαν
577 5070 598 5099 ²
625 5069 718 5122 τοῦ
747 5071 853 5125 τῶν
886 5073 1025 5127 ὅλων
1067 5075 1221 5128 Θεοῦ.
1271 5075 1476 5128 Ἐδόκει
1511 5075 1620 5146 γὰρ
1652 5076 1786 5145 όρᾷν
1815 5075 1906 5128 τὸν

330 5157 473 5210 θεῖον
520 5161 808 5229 Μελέτιον,
860 5166 960 5235 τῆς
1030 5167 1346 5238 Ἀντιοχέων
1423 5166 1752 5238 Ἐκκλησίας
1815 5169 1907 5222 τὸν

332 5249 616 5322 πρόεδρον,
686 5252 909 5325 χλανίδα
959 5274 1017 5310 τε
1078 5259 1225 5330 αὐτῷ
1266 5258 1549 5330 βασιλικὴν
1591 5258 1903 5329 περιθέντα,

2011 4478 2211 4520 sua-sus
2243 4462 2564 4530 imperator,
2589 4455 2738 4508 misit
2769 4451 2862 4522 qni
2896 4466 2983 4504 res
3009 4456 3194 4520 gestas
3219 4449 3588 4518 explorarent,

2009 4567 2063 4610 et
2101 4556 2169 4610 de
2200 4555 2285 4609 his
2319 4559 2506 4622 postea
2541 4547 2827 4602 referrent.

2265 4642 2474 4713 1023
2504 4639 2656 4696 car.
2697 4637 2762 4690 Vl
2799 4635 2882 4709 [Β.
2921 4635 2999 4688 SI.
3037 4632 3098 4688 v.
3131 4633 3232 4686 cu.
3265 4630 3342 4701 ei

2183 4734 2258 4788 De
2291 4734 2523 4802 ejusdem
2554 4730 2796 4798 imperio,
2829 4736 2876 4781 et
2907 4728 3015 4781 viso
3051 4740 3140 4793 per
3165 4738 3425 4778 somnum.

2082 4889 2300 4946 Interim
2337 4902 2468 4944 vero
2501 4884 2744 4940 manenti
2785 4880 2926 4951 apud
2961 4879 3287 4934 Gratianum
3331 4881 3593 4944 praestan-

2013 4984 2253 5040 tissimo'
2280 4980 2596 5037 Theodosio
2647 4973 3031 5032 admirandum
3079 4967 3388 5040 quoddam,
3425 4973 3479 5018 et
3523 4967 3592 5019 ab

2014 5079 2135 5148 ipso
2187 5074 2332 5130 haud
2363 5071 2530 5128 dubie
2561 5069 2944 5148 universorum
2986 5063 3098 5116 Deo
3135 5061 3387 5122 missum,
3415 5058 3589 5111 visum

2019 5145 2264 5224 oblatum
2307 5172 2410 5219 est.
2440 5160 2741 5217 Videbatur
2782 5147 2928 5211 enim
2979 5153 3166 5208 videre
3203 5149 3447 5204 divinum
3487 5145 3576 5199 Me

2017 5260 2226 5324 letium,
2270 5253 2528 5310 Ecclesia:
2559 5249 2917 5306 Antiochense
2945 5244 3268 5308 antistitem,
3301 5241 3394 5310 qui
3426 5241 3566 5307 impu

1615 5391 1842 5473 Vamaa
1883 5409 2284 5466 LECTIONES.

397 5566 444 5640 ff
477 5565 800 5640 Παννονίαν.
828 5565 951 5640 Bas.
982 5567 1157 5640 (inec.
1209 5578 1262 5640 et
1301 5571 1490 5640 Steph.

340 5649 368 5688 a
397 5635 517 5708 llas.
549 5635 747 5708 Graux,
770 5639 959 5706 Steph.
983 5648 1036 5690 et
1067 5639 1260 5707 Itlpiplt.
1292 5635 1430 5693 ΙΙίδί.
1465 5644 1583 5708 (rip.
1609 5640 1700 5704 IX,
1726 5641 1777 5694 4.

342 5723 370 5758 a
407 5704 508 5760 Bas
565 5706 736 5786 tit-tce.
853 5704 896 5737 ω’
928 5704 1190 5778 τροπέων,
1231 5711 1391 5764 Idem.

1583 5572 1626 5603 *³⁸
1662 5570 1737 5623 Ita
1773 5569 2112 5637 Christoph..
2148 5567 2293 5620 Scal.
2325 5575 2376 5637 rt
2411 5566 2648 5621 Casanb.
2675 5567 2776 5622 Sed
2821 5567 2981 5620 verba
3015 5581 3108 5637 και
3142 5561 3370 5637 ὁμοφύλη
3402 5559 3601 5637 absunt

1893 5642 1937 5671 9°
1972 5636 2287 5700 Ἱσπανίαις.
2320 5636 2505 5689 Iidem.
2585 5639 2628 5669 "
2659 5638 2958 5691 Ἱσπανιῶν.
2995 5636 3182 5689 Iidem.

1510 5707 1761 5765 limior.
1797 5710 1962 5767 Idem.
2039 5712 2056 5739 ²
2182 5709 2329 5764 addit
2353 5707 2667 5778 tlhristoph.

3264 5634 3310 5665 9"
3346 5631 3420 5692 ὡς
3455 5629 3607 5681 abest.
