4032 6192
475 255 490 288 \

481 355 614 424 1207
1461 371 1946 434 ΤΙΙΕΟΒΟΠΕΤΙ
1987 373 2063 434 EI

2166 372 2326 433 COPI
2366 374 2734 434 CYRENSIS
3613 364 3748 428 1208

476 472 740 526 ratoriam
787 471 889 529 sibi
933 474 1125 530 laenam
1170 475 1445 546 injiceret,
1488 479 1770 550 capitique
1827 480 2060 535 similem

2166 478 2259 532 καὶ
2294 479 2662 550 παραπλησίῳ
2696 478 2943 550 στεφάνῳ
2994 474 3301 549 κοσμοῦντα
3349 474 3448 545 τὴν
3484 474 3746 544 κεφαλήν.

477 578 744 618 coronam
775 565 1105 636 imponeret.
1135 567 1270 635 Qua:
1300 580 1465 626 noctu
1502 572 1619 626 visa
1652 588 1809 628 mane
1843 572 2060 628 cuidam

478 671 546 710 cx
597 655 966 715 familiaribus
1012 673 1139 714 cum
1198 661 1537 727 indicasset;
1568 663 1923 733 perspicuum
1971 665 2062 721 ille

480 749 757 804 somnium
792 765 917 808 esse
953 751 1116 818 dixit,
1151 753 1400 824 nihilque
1446 756 1668 811 obscuri
1706 758 1787 812 vel
1822 758 2061 828 ambigui

477 842 784 898 continere.
826 842 906 900 Ac
957 845 1121 915 pauci
1162 847 1390 901 omnino
1434 847 1556 904 dies
1593 849 2061 917 intercesserant,

477 949 603 989 cmn
643 937 849 992 reversi
905 945 1038 992 sunt
1095 939 1496 1008 exploratores,
1552 953 1604 994 et
1655 943 1890 1012 plurima
1931 945 2065 999 Bar-

477 1025 738 1080 barorum
771 1027 940 1082 millia
985 1044 1123 1087 caesa
1161 1029 1334 1085 fuisse
1381 1034 1710 1088 retulerunt.
1753 1036 1908 1092 Unde
1940 1051 2063 1106 per-

476 1133 702 1172 suasum
751 1117 959 1173 habens
1008 1119 1330 1190 imperator,
1381 1123 1592 1192 optimo
1641 1140 1672 1179 a
1725 1141 1787 1181 se
1828 1126 2065 1182 consilio

474 1217 721 1262 creatum
764 1207 919 1263 illum
966 1213 1293 1280 magistrum
1328 1215 1562 1269 militum
1596 1216 1792 1282 fuisse,
1822 1217 2063 1289 impera-

477 1308 650 1353 torem
693 1315 917 1370 quoque
966 1300 1295 1373 designavit,
1341 1315 1397 1361 et
1448 1315 1655 1376 partem
1708 1309 1946 1379 imperii,
1973 1311 2064 1365 cui

476 1386 681 1446 Valens
711 1391 1029 1460 pra-fuerat,
1066 1395 1360 1464 regendam
1394 1398 1443 1453 ei
1494 1400 1792 1456 commisit.
1823 1402 1956 1457 Inde
2008 1404 2063 1458 in

478 1483 686 1537 Italiam
718 1484 834 1554 ipse
865 1487 1173 1550 contendit,
1214 1487 1529 1544 Theodosio
1581 1491 1647 1545 ad
1683 1492 1917 1549 traditas
1958 1494 2063 1549 sibi

477 1574 793 1643 provincias
822 1575 1076 1634 dimisso.
1105 1579 1210 1646 Qui
1241 1590 1297 1634 ut
1325 1582 1558 1650 primum
1594 1582 1826 1654 imperio
1860 1583 2064 1654 potitus

477 1677 583 1732 est,
632 1665 1008 1724 Ecclesiarum
1044 1671 1357 1727 concordia:
1372 1689 1482 1742 pra:
1513 1676 1729 1730 caeteris
1753 1677 1917 1731 rebus
1942 1693 2066 1747 pro-

479 1759 745 1829 spiciens,
785 1761 1077 1832 episcopos
1129 1764 1353 1818 ditionis
1390 1781 1503 1821 suae
1529 1764 2060 1839 Constantinopolim

477 1859 756 1907 maturare
795 1852 987 1922 jussit.
1021 1853 1147 1908 Hasc
1175 1855 1320 1908 enim
1353 1856 1468 1910 sola
1510 1873 1639 1927 pars
1676 1859 1878 1914 Ariana
1911 1868 2062 1930 peste

479 1942 685 1998 referta
717 1933 858 2006 (ﬁat,
890 1959 1014 1998 cum
1051 1943 1328 2001 Occidens
1378 1947 1447 1999 ab
1484 1947 1585 2000 hac
1635 1949 1723 2004 lue
1773 1950 1910 2003 liber
1947 1966 2064 2005 ma-

477 2041 672 2097 neret,
735 2034 866 2102 quia
929 2033 1354 2097 Constantinus,
1399 2036 1753 2093 Constantini
1825 2041 2061 2097 ﬁliorum

478 2123 786 2190 maximus,
839 2134 894 2179 et
936 2123 1211 2180 Constans
1258 2127 1522 2184 minimus
1580 2138 1734 2195 natu,
1779 2140 2061 2202 paternam

477 2211 639 2269 (idem
709 2214 978 2270 illibatam
1031 2227 1464 2286 conservaram,
1532 2229 1586 2277 et
1644 2221 2063 2282 Valentinianus

476 2320 699 2377 quoque
754 2306 1052 2378 imperator
1097 2305 1412 2365 Occidentis
1459 2308 1736 2368 sinceram
1802 2315 2061 2385 pietatem

473 2399 720 2456 retinuit.

673 2512 888 2587 1025
918 2513 1074 2573 CAP.
1115 2516 1225 2573 vn.
1263 2518 1281 2590 ξ
1314 2517 1373 2573 B.
1409 2518 1492 2576 St.
1519 2517 1589 2581 ν,
1620 2518 1722 2576 Cb.
1761 2520 1863 2594 7.]

474 2622 707 2690 Quinam
732 2625 959 2697 insignes
988 2627 1188 2697 fuerint
1219 2629 1438 2685 Arianae
1472 2630 1724 2701 factionis
1753 2634 2056 2691 antistites.

544 2780 613 2834 At
641 2796 772 2856 vero
803 2796 931 2851 pars
949 2780 1247 2839 Orientalis
1277 2783 1453 2839 labem
1477 2785 1637 2840 istam
1661 2785 1847 2840 multis
1870 2793 2063 2841 aucto-

472 2873 626 2928 ribus
685 2875 982 2929 contraxit.
1052 2875 1268 2931 Etenim
1319 2884 1336 2900 '
1389 2880 1553 2934 Arius
1610 2880 1952 2936 Alexandria:
2003 2881 2060 2936 in

475 2963 714 3036 Egypto
775 2968 1105 3040 presbyter,
1175 2971 1570 3040 blasphemiam
1626 2974 1787 3027 istam
1848 2975 2061 3043 primus

471 3057 721 3110 oumium
763 3057 960 3113 edidit.
1025 3059 1164 3114 Tum
1193 3060 1466 3117 Eusebius
1526 3073 1580 3118 et
1612 3063 1961 3134 Patropliilus
2004 3074 2060 3121 et

2165 570 2349 624 Ταῦτα
2384 570 2600 642 νύκτωρ
2634 570 2779 633 ίδὼν,
2821 571 3092 641 ἐμήνυσεν
3137 569 3307 622 ἕωθεν
3345 566 3458 620 τῶν
3504 565 3749 636 συνήθων

2164 663 2306 716 τινί·
2333 664 2362 716 6
2394 663 2450 716 δὲ
2485 663 2653 731 σαφὲς
2678 657 2820 716 εἶναι
2863 662 2926 716 τὸ
2968 660 3218 716 ἐνύπνιον
3257 658 3385 729 ἔφη,
3431 658 3528 711 καὶ
3581 655 3749 728 μηδὲν

2163 753 2581 823 αἰνιγματῶδες,
2643 753 2778 824 μηδὲ
2826 752 3125 824 ἀμφίϐολον
3183 751 3348 821 ἐχειν.
3405 748 3629 816 Ὀλίγων
3690 746 3752 799 δέ

2165 845 2306 913 ἄγαν
2346 843 2673 899 διελθουσῶν
2710 844 2955 916 ἡμερῶν,
3004 842 3307 913 ἐπανῆλθον
3361 841 3458 912 μὲν
3505 839 3613 892 τῶν
3648 854 3750 889 πε-

2165 936 2501 1008 πραγμένων
2533 939 2582 991 οί
2611 936 2816 1009 ἔφοροι,
2835 936 2931 990 καὶ
2961 934 3381 1008 κατηκοντίσθαι
3412 932 3510 995 τὰς
3545 928 3750 991 πολλὰς

2164 1027 2274 1083 τῶν
2302 1028 2598 1101 βαρϐάρων
2621 1029 2829 1100 ἔφησαν
2855 1028 3140 1099 μυριάδας.
3175 1026 3424 1086 Πεισθεὶς
3453 1024 3510 1076 δὲ
3538 1025 3566 1077 6
3595 1023 3752 1092 βασι-

2164 1119 2313 1184 λεὺς,
2377 1119 2453 1183 ὡς
2511 1121 2710 1192 ἄριστα
2763 1119 3145 1190 ψηφισάμενος
3203 1117 3366 1172 αὑτὸν
3418 1112 3750 1186 στρατηγὸν,

2167 1209 2392 1280 βασιλέα
2423 1211 2867 1283 κεχειροτόνηκε,
2909 1212 3111 1280 καὶτῆς
3148 1209 3413 1270 Βάλεντος
3445 1205 3639 1276 μοίρας
3675 1202 3751 1254 τὰ

2166 1301 2423 1372 σκῆπτρα
2450 1302 2758 1372 παρέδωκε.
2785 1302 2898 1356 Καὶ
2937 1301 3098 1366 αὐτὸς
3127 1301 3227 1373 μὲν
3252 1299 3346 1354 ἐπὶ
3375 1297 3474 1369 τήν
3516 1296 3752 1349 Ἰταλίαν

2165 1390 2507 1462 ἐξώρμησεν,
2552 1393 2760 1446 ἐκεῖνον
2802 1392 2860 1446 δέ
2903 1395 2983 1456 εἰς
3027 1391 3125 1462 τὴν
3166 1389 3414 1444 δοθεῖσαν
3449 1386 3753 1459 ἡγεμονίαν

2167 1479 2550 1551 παρέπεμψεν.
2592 1482 2770 1546 Εὐθὺς
2811 1481 2876 1554 δὴ
2919 1478 3012 1536 οὖν
3045 1482 3141 1553 τὴν
3189 1479 3464 1551 βασιλείαν
3499 1477 3754 1549 παραλα-

2166 1570 2298 1639 6ὼν,
2345 1575 2445 1643 τῆς
2473 1573 2582 1626 τῶν
2617 1574 2953 1644 Ἐκκλησιῶν
3001 1573 3109 1645 πρὸ
3152 1573 3262 1626 τῶν
3305 1572 3483 1626 ἄλλων
3524 1587 3758 1640 συμφω-

2166 1661 2284 1726 νίας
2329 1664 2667 1735 ἐπεμελήθη,
2714 1668 2806 1720 καὶ
2864 1668 2992 1728 τοὺς
3040 1666 3140 1736 τῆς
3186 1665 3394 1726 οίκείας
3448 1661 3758 1734 ἡγεμονίαις

2166 1754 2500 1818 ἐπισκόπους
2574 1759 2653 1821 είς
2717 1759 2817 1829 τὴν
2887 1755 3461 1812 Κωνσταντινούπολιν
3515 1754 3757 1825 δραμεῖν

2095 1823 2136 1878 Β
2165 1844 2551 1916 παρηγγύησε.
2584 1845 2733 1918 Αὕτη
2770 1823 2879 1918 γὰρ
2929 1848 3065 1919 μόνη
3109 1851 3207 1919 τῆς
3241 1823 3586 1917 Ἀρειανικῆς
3633 1845 3760 1896 ἑνε-

2165 1936 2482 2007 πέπληστο³
2510 1938 2689 2009 λώϐης
2714 1955 2726 1970 ·
2756 1942 2790 2010 ή
2820 1940 2928 2011 γὰρ
2953 1940 3198 2010 Ἐσπέρα
3226 1943 3327 2011 τῆς
3357 1939 3516 1992 νόσου
3540 1936 3760 2005 ταύτης

2166 2026 2433 2098 ἐλευθέρα
2481 2028 2739 2098 διέμεινε.
2793 2032 3200 2096 Κωνσταντίνος
3251 2031 3351 2100 μέν
3398 2032 3529 2101 γὰρ,
3569 2032 3600 2082 6
3640 2029 3760 2082 τῶν

2165 2121 2575 2176 Κωνσταντίνου
2619 2122 2825 2177 παίδων
2874 2124 3281 2195 πρεσὸύτατος,
3317 2124 3412 2178 καλ⁸
3444 2122 3762 2184 Κώνσταςδ

2163 2206 2193 2258 6
2226 2207 2513 2272 νεώτατος,
2546 2210 2646 2279 τὴν
2675 2211 2935 2283 πατρῴαν
2976 2212 3157 2266 πίστιν
3187 2214 3462 2283 ἀκήρατον
3493 2212 3762 2283 διετήρη-

2167 2315 2287 2363 σαν,
2345 2303 2438 2353 καὶ
2482 2297 2546 2355 αὖ
2599 2303 2760 2356 πάλιν
2806 2305 3213 2369 Βαλεντινιανδς
3262 2308 3290 2359 6
3344 2305 3596 2375 βασιλεὺς
3651 2305 3762 2375 τῆς

2177 2390 2446 2462 Ἐσπέρας
2473 2394 2750 2466 ἀκραιφνῆ
2779 2395 3063 2465 διεφύλαξε
3095 2396 3194 2468 τὴν
3226 2396 3530 2450 εὐσέδειαν.

2769 2510 3019 2564 ΚΕΦΛΛ.
3060 2511 3134 2566 Ζ’.

2171 2618 2335 2685 Τίνες
2374 2621 2658 2691 ἐπίσημοι
2701 2622 3030 2696 προστάται
3077 2623 3189 2692 τῆς
3233 2625 3462 2694 Ἀρείου
3513 2641 3760 2696 συμμο-

2720 2695 2859 2761 ρίας
2888 2692 3188 2763 ἐγένοντο.

2234 2783 2308 2835 Τὸ
2333 2783 2391 2836 δέ
2418 2789 2614 2859 τμῆμα
2651 2785 2760 2837 τῶν
2807 2784 2988 2855 Ἐῲων
3009 2788 3030 2818 ⁸
3071 2786 3403 2857 πολλαχόθεν
3425 2787 3526 2858 τὴν
3567 2787 3759 2858 λώϐην

2161 2875 2367 2944 ταύτην
2409 2874 2646 2941 ἐδέξατο.
2676 2876 2892 2947 Ἀρειός
2934 2893 2993 2929 τε
3041 2877 3151 2948 γὰρ
3208 2878 3617 2949 Ἀλεξανδρείας
3645 2879 3758 2946 τῆς

2163 2968 2467 3036 Αἰγυπτίας
2511 2968 2882 3040 πρεσόύτερος
2929 2968 3026 3032 ὢν,
3074 2972 3190 3023 ἐκεῖ
3242 2972 3341 3041 τὴν
3392 2970 3756 3040 βλασφημίαν

2164 3061 2456 3131 ἐγέννησε·
2493 3061 2586 3115 καὶ
2620 3061 2910 3126 Εὐσέϐιος,
2960 3063 3055 3116 καὶ
3098 3064 3454 3134 Πατρόφιλος,
3490 3066 3584 3117 καὶ
3632 3064 3756 3116 Ἀέ-
3815 3123 3822 3130 ,

475 3148 664 3202 Aetius
697 3147 998 3214 Palmstini,
1027 3149 1293 3207 Paulinus
1323 3160 1376 3208 et
1407 3153 1710 3224 Gregorius
1749 3155 2059 3224 Pbmnices,

2166 3167 2301 3214 τιος,
2335 3153 2383 3204 οί
2409 3151 2526 3204 Παλ
2571 3154 2779 3214 ιστίνοι,
2810 3153 2904 3204 καὶ
2932 3153 3198 3216 Παυλῖνος
3229 3156 3322 3207 καὶ
3347 3155 3384 3206 Γ
3391 3154 3669 3224 ρηγόριος,
3701 3155 3754 3206 οἱ

473 3247 528 3293 et
567 3239 852 3295 Laodiceae
877 3240 1217 3306 Theodotus,
1243 3245 1518 3317 bujusque
1560 3264 1855 3304 successor
1890 3251 2062 3306 Geor-

474 3332 617 3399 gius,
657 3340 712 3387 et
744 3342 867 3402 post
905 3334 1050 3388 hunc
1084 3336 1418 3393 Athanasius
1449 3351 1504 3393 et
1541 3340 2064 3409 NarrissusCilices,

476 3421 618 3478 male
657 3421 809 3492 jacta
842 3425 1051 3480 semina
1097 3428 1433 3484 nutrierunt.
1492 3428 1764 3484 Eusebius
1831 3432 1959 3486 item
2011 3442 2066 3488 ct

477 3513 754 3586 Theognis
803 3516 1044 3589 Bithyni,
1093 3528 1148 3573 et
1205 3519 1602 3590 Mcnopbantus
1663 3521 1953 3592 Ephesius,
2012 3533 2067 3578 et

477 3603 798 3662 Theodorus
825 3605 1160 3670 Perintbius,
1183 3622 1234 3663 et
1265 3610 1428 3664 Maris
1453 3611 1879 3678 Chalcedonius,
1901 3625 2066 3685 atque

477 3697 570 3750 alii
603 3699 828 3767 quidam
868 3714 898 3752 α
928 3699 1184 3761 Thracia.
1241 3703 1588 3770 improbitate
1649 3705 1764 3758 sola
1830 3707 2062 3770 nobiles.

477 3791 641 3862 longo
668 3799 914 3860 tempore
941 3792 1281 3846 zizaniorum
1317 3803 1435 3848 sata
1460 3806 1515 3850 et
1547 3798 1793 3867 rigarunt
1828 3809 1882 3853 et
1920 3801 2068 3858 fove-

478 3891 626 3936 runt.
667 3881 926 3937 Snbsidio
964 3893 1148 3940 autem
1185 3890 1463 3957 perversis
1511 3891 1768 3961 agricolis
1819 3893 1920 3948 fuit
1949 3902 2064 3948 tum

479 3974 719 4030 facilitas
759 3975 1095 4041 Constantii,
1147 3988 1262 4034 tum
1321 3984 1536 4038 malitia
1582 3982 1852 4042 Valentis.
1916 3986 2066 4042 lianc

478 4069 646 4139 igitur
669 4070 741 4125 ob
769 4084 994 4125 causam
1026 4072 1201 4128 solius
1237 4075 1452 4144 imperii
1484 4078 1571 4132 sui
1596 4080 1884 4150 episcopos
1919 4081 2067 4136 Con-

478 4164 844 4234 stantinopoli
898 4166 1016 4236 cogi
1079 4166 1269 4234 jussit.
1334 4169 1456 4234 Quo
1503 4187 1628 4225 cum
1685 4173 2065 4237 advenissent,

477 4264 699 4310 centum
721 4273 951 4312 numero
982 4268 1036 4312 et
1057 4259 1484 4330 quinquaginta,
1513 4264 1680 4318 vetuit
1715 4281 1780 4318 ne
1812 4280 2066 4335 magnum

479 4345 756 4402 Meletium
791 4348 897 4404 sibi
937 4350 1233 4420 quisquam
1261 4351 1556 4417 indicaret,
1599 4371 1664 4410 ex
1731 4356 1930 4411 somnii
1983 4359 2067 4412 sui

2167 3243 2453 3306 Φοίνικες,
2501 3244 2595 3296 καὶ
2639 3244 2968 3307 Λαοδικείας
3013 3245 3342 3309 Θεόδοτοςθ,
3394 3247 3490 3299 καὶ
3536 3249 3566 3299 6
3613 3249 3756 3316 μετὰ

2166 3335 2355 3390 τοῦτον
2395 3335 2686 3408 Γεὼργιος,
2737 3337 2834 3390 καὶ¹
2880 3338 3018 3408 μετὰ
3062 3339 3284 3392 τοῦτον⁷
3333 3339 3658 3401 Ἀθανασιός
3697 3358 3752 3393 τε

2168 3430 2262 3482 καὶ
2288 3429 2621 3500 Νάρκισσος,
2657 3431 2704 3482 oi
2735 3430 2980 3495 Κίλικες,
3013 3432 3083 3483 τα
3125 3431 3308 3494 κακῶς
3337 3432 3752 3500 καταϐληθέντα

2168 3519 2466 3590 ἐξέθρεψαν
2510 3520 2661 3592 [206]
2709 3522 3033 3592 σπέρματα·
3083 3522 3342 3586 Ιιὶὺσέϐιός
3380 3540 3439 3576 τε
3485 3525 3584 3576 καὶ
3622 3525 3754 3576 Θεὸς

2168 3632 2340 3683 γνιος,
2371 3616 2419 3667 οί
2451 3613 2700 3676 Βιθυνοὶ,
2737 3615 2831 3668 καὶ
2859 3615 3258 3685 Μηνὸφαντος⁸
3298 3617 3327 3668 6
3363 3615 3632 3683 Ἐφέσιος,
3665 3617 3759 3668 καὶ

2185 3707 2458 3777 Θεόδωρος
2481 3709 2510 3760 6
2541 3705 2821 3778 Περίνθιος
2840 3708 2882 3771 ³,
2907 3707 3000 3759 καὶ
3026 3709 3210 3778 Μάρις
3240 3709 3269 3760 6
3299 3706 3672 3777 Χαλκηδόνιος
3689 3709 3757 3772 ¹⁹,

2169 3799 2263 3851 καὶ
2290 3799 2467 3868 ἕτεροί
2500 3816 2644 3861 τινες
2677 3798 2784 3852 ἀπὸ
2815 3799 2913 3870 τῆς
2940 3798 3187 3870 Θρᾴκης,
3208 3799 3319 3853 ἀπὸ
3349 3799 3551 3861 κακίας
3582 3800 3758 3868 μόνης

2169 3889 2450 3960 ἐπίσημοι,
2475 3888 2634 3960 μέχρι
2665 3888 2863 3942 πολλοῦ
2893 3889 3200 3942 διετέλεσαν
3231 3890 3329 3959 τὴν
3355 3887 3463 3941 τῶν
3494 3888 3758 3952 ζιζανίων

2171 3982 2380 4052 σπορὰν
2423 3982 2678 4052 ἇρδοντές
2707 3999 2768 4034 τε
2797 3983 2891 4035 καὶ
2941 3981 3260 4044 θάλποντες.
3295 3982 3420 4044 Τοῖς
3452 3980 3508 4033 δέ
3559 3984 3758 4043 κακοῖς

2173 4077 2478 4148 συνέπραξε
2507 4081 2792 4147 γεωργοῖς,
2819 4077 3204 4130 Κωνσταντίου
3231 4094 3291 4129 τε
3323 4078 3356 4146 ὴ
3391 4076 3633 4138 εὐκολία,
3663 4075 3757 4130 καὶ

2170 4171 2203 4239 ή
2239 4169 2497 4232 Βὰλεντος
2535 4169 2827 4239 μοχθηρία.
2861 4167 3062 4221 Τούτου
3102 4167 3167 4239 δὴ
3209 4168 3394 4231 ἕνεκα,
3434 4167 3608 4238 μόνης
3655 4167 3759 4237 τῆς

2170 4262 2377 4324 οἰκείας
2405 4261 2681 4331 βασιλείας
2709 4261 2835 4324 τοὺς
2869 4258 3203 4322 ἐπισκόπους
3228 4261 3308 4322 είς
3334 4260 3432 4328 τὴν
3458 4259 3758 4310 Κωνσταν-

2170 4352 2478 4407 τινούπολιν
2525 4351 2978 4422 συναθροισθῆναι
3031 4349 3385 4422 προσέταξεν.
3431 4349 3660 4420 Ἐπειδὴ
3703 4349 3760 4402 δὲ

479 4439 747 4492 memoria
797 4438 976 4494 virum
1006 4441 1240 4510 cupiens
1271 4457 1591 4513 agnoscere.
1650 4444 1784 4498 Cum
1814 4461 1945 4515 ergo
2010 4447 2063 4501 in

2171 4444 2452 4514 ἀφίκοντο,
2499 4445 2840 4515 πεντήκοντα
2890 4442 2947 4495 δὲ
2987 4438 3127 4514 ἦσαν
3179 4443 3273 4496 καλ⁵
3327 4440 3542 4503 ἐκατὺν,
3605 4457 3756 4510 παρο

480 4528 742 4596 palatium
786 4537 938 4584 totus
983 4531 1075 4585 ille
1111 4539 1290 4587 cattus
1339 4533 1726 4604 episcoporum
1782 4536 2063 4602 intrasset,

2173 4536 2418 4607 ηγγύησε
2457 4534 2660 4606 μηδένα
2708 4533 2856 4604 αὑτῷ
2903 4534 3140 4604 μηνύσαι
3186 4534 3335 4596 ὅστις
3378 4535 3406 4586 6
3459 4532 3639 4601 μέγας
3673 4531 3763 4600 εἴη

481 4620 605 4673 aliis
638 4621 899 4677 omnibus
953 4625 1361 4692 prmtermissis,
1386 4625 1454 4678 ad
1498 4643 1755 4697 magnum
1795 4629 2063 4686 Melctium

2170 4630 2430 4692 Μελέτιος
2449 4647 2461 4659 ο
2496 4629 2746 4682 ἐϐούλετο
2771 4628 2881 4698 γὰρ
2919 4629 2986 4681 ἐκ
3011 4627 3111 4695 τῆς
3139 4626 3234 4680 τοῦ
3255 4627 3294 4657 ¹¹
3327 4625 3580 4678 ἐνυπνίου
3616 4625 3766 4693 μνή-

482 4713 745 4776 accurrit,
777 4723 850 4776 et,
885 4716 1033 4769 velut
1065 4717 1237 4782 patris
1267 4731 1460 4771 amans
1502 4716 1645 4774 [ilius
1675 4729 1796 4789 post
1847 4721 2063 4793 longum

2175 4740 2282 4793 μης
2318 4721 2625 4792 μηνυθῆναι
2656 4721 2746 4772 τὴν
2774 4720 2961 4789 ἄνδρα.
2997 4721 3102 4772 Καὶ
3138 4717 3328 4786 ἐπειδὴ
3362 4719 3442 4778 εἰς
3475 4717 3566 4768 τὸν
3597 4714 3765 4784 βασί-

483 4814 701 4876 tcmpus
747 4816 974 4876 paterno
1035 4807 1223 4862 fruens
1285 4818 1535 4878 aspectu,
1598 4813 1942 4882 amplexatus
1991 4828 2063 4873 csl

2172 4815 2315 4866 λειον
2346 4812 2689 4883 εἰσελήλυθεν
2711 4808 2858 4864 οἷκον
2882 4811 3024 4873 am;
3056 4813 3262 4871 ἐκεῖνος
3290 4809 3401 4861 τῶν
3432 4807 3766 4882 ἐπισκόπων

481 4913 631 4961 eum,
667 4900 1062 4968 osculatusque
1095 4900 1306 4969 1025
1341 4901 1557 4966 oculos,
1621 4904 1796 4970 labra,
1859 4915 2063 4975 pectus,

2171 4909 2201 4960 6
2233 4907 2439 4974 ὅμιλος,
2483 4906 2608 4968 τοὺς
2639 4904 2831 4966 ἄλλους
2874 4901 3191 4956 καταλιπὼν
3225 4903 3470 4962 ἅπαντας
3500 4939 3514 4958 .
3545 4899 3627 4968 τῷ
3671 4918 3770 4969 με-

484 4999 669 5060 caput,
713 4999 766 5045 et
796 4993 1071 5046 dexteram
1100 5008 1220 5058 qua:
1259 4993 1361 5062 ipsi
1395 5009 1655 5049 coronam
1705 4997 2062 5067 itttpOsnerat.

2187 5000 2339 5068 γάλῳ
2374 4997 2613 5067 Μελετίῳ
2639 4997 3039 5067 προσέδραμεν,
3073 4995 3166 5047 καὶ
3189 4989 3300 5047 οἷόν
3328 5010 3411 5056 τις
3444 4995 3576 5054 παῖς
3610 4993 3768 5060 φιλο-

487 5083 677 5139 Visutn
706 5085 869 5138 etiam
894 5083 1039 5154 quod
1060 5085 1301 5142 oblatum
1332 5086 1379 5139 ei
1407 5086 1582 5139 fuerat
1610 5089 2063 5157 cxposnit.C:nte-

2179 5091 2404 5160 πὰτωρ,
2451 5087 2539 5141 διὰ
2578 5086 2771 5158 χρόνου
2830 5084 3042 5155 μακροῦ
3095 5083 3222 5147 θέας
3283 5082 3557 5152 πατρικῆς
3625 5083 3765 5134 ἁπο-

486 5193 580 5232 I'OS
597 5192 813 5247 quoque
833 5193 1025 5232 omnes
1051 5192 1174 5231 cum
1201 5186 1452 5229 amanter
1473 5176 1789 5242 salutasset,
1807 5189 2063 5246 tauquam

2177 5181 2418 5243 λαύσας,
2470 5176 2902 5250 περιεπτύσσετὸ
2976 5192 3035 5228 τε
3115 5175 3210 5226 καὶ
3279 5173 3606 5241 κατεφίλει,
3676 5171 3770 5224 καὶ

488 5269 678 5324 Patres
709 5271 917 5340 rogavit
949 5279 1008 5326 ut
1041 5269 1110 5325 de
1143 5272 1303 5325 rebus
1340 5270 1635 5340 propositis
1666 5273 2063 5326 consultarent.

2179 5272 2528 5342 ὀφθαλμοὺς,
2577 5271 2672 5324 καὶ
2719 5269 2872 5340 χείλη
2901 5309 2914 5332 ,
2952 5269 3045 5320 καὶ
3088 5265 3285 5337 στέρνα
3340 5267 3434 5317 καὶ
3486 5263 3769 5332 κεφαλὴν,

486 5363 582 5415 καὶ
612 5363 710 5432 τὴν
755 5363 1178 5433 στεφανώσασαν
1207 5362 1406 5428 δεξιάν.
1455 5362 1719 5435 Ἐδήλωσε
1746 5364 1802 5418 δὲ
1837 5366 1929 5418 καὶ
1958 5366 2057 5437 τὴν
2091 5365 2212 5433 ὄψιν
2241 5365 2308 5435 ἣν
2344 5361 2471 5417 εἶδε.
2507 5361 3050 5434 Φιλοφρονησάμενος
3083 5359 3142 5430 δέ
3208 5358 3301 5412 καὶ
3346 5357 3472 5420 τοὺς
3561 5355 3772 5417 ἄλλως

489 5453 760 5517 ἅπαντας,
815 5454 1205 5524 βουλεύσασθαι
1256 5455 1382 5526 περὶ
1431 5453 1539 5508 τῶν
1569 5456 1946 5528 προκειμένων
1980 5457 2054 5520 ὡς
2097 5455 2338 5525 πατέρας
2372 5455 2593 5523 ὴξῖωσε.

1767 5609 2002 5664 VARI/li
2044 5609 2446 5668 LECTIONES.

568 5728 587 5757 ³
617 5724 901 5776 Couseutit
941 5727 1060 5777 Bas.
1123 5727 1294 5786 Gneo,
1355 5729 1445 5791 qui
1515 5727 1672 5778 babrt
1725 5728 2036 5796 ἐνέπληστο.
2078 5727 2181 5805 Sed
2239 5726 2356 5780 l'ini
2405 5726 2543 5805 liber
2573 5724 2968 5805 ἀνεπέπληστο.
3028 5725 3049 5754 ⁸
3081 5721 3390 5805 Κώχᾳτςινς-
3421 5718 3772 5805 βαεοξῖξζττδ-

495 5801 514 5831 ⁸
552 5797 608 5849 τὸ
637 5794 788 5860 ἑῷον.
815 5792 934 5871 Bas.
981 5797 1150 5846 (ἐπίοι’.
1232 5798 1250 5824 ⁶
1281 5798 1567 5855 taedium;
1596 5797 1763 5871 idem.
1843 5800 1859 5828 ⁷
1892 5791 2130 5871 {riora-9;.
2161 5797 2303 5871 Idem
2342 5813 2464 5871 cum
2497 5798 2681 5871 Steph.
2723 5799 2742 5829 ⁸
2767 5791 3128 5863 Μενόφαντκ·
3167 5791 3479 5863 Chl'iSWPh-
3553 5793 3576 5823 ⁸
3623 5791 3775 5860 u‘?‘

501 5865 667 5921 Leo-4.
699 5863 819 5920 Bas.
850 5861 1022 5918 Gmc.
1104 5866 1143 5894 ὀ
1177 5866 1558 5933 Καλχηδόνιος.
1595 5863 1756 5920 Idem.
1839 5868 1877 5902 “
1907 5867 1998 5920 τοῦ
2026 5870 2174 5924 abest
2215 5869 2281 5926 ab
2312 5868 2520 5924 eodem.
