4032 6192
289 281 427 349 1209

900 393 1154 448 ΚΕΦΑΛ.
1185 390 1268 448 Ν’.

265 457 425 557 ’Περὶ
455 485 565 555 τῆς
613 485 683 539 ἐν
734 486 1374 557 Κωνσταντινουπόλει
1413 486 1868 555 συναθροισθεί-

869 572 990 621 σης
1016 555 1305 609 συνόδου.
1835 583 1844 588 -

361 650 497 704 Κατ’
538 650 748 702 ἐκεῖνον
787 647 847 700 δὲ
889 649 981 701 τὸν
1011 647 1204 717 χρόνον
1247 648 1276 698 6
1319 647 1419 717 τήν
1466 645 1770 712 Ναζιανζὸν
1803 647 1873 701 τά

285 741 570 797 τελευταῖα
600 739 875 808 ποιμάνας
912 739 970 791 ἐν
1011 737 1579 790 Κωνσταντινουπόλει
1607 738 1869 809 διέτριϐε,

285 836 409 896 ταίς
449 833 818 902 ’Λρειανικαῖς
848 829 1295 898 ἀντιταττόμενος
1323 828 1696 902 βλασφημίαις
1721 847 1734 861 °
1778 829 1872 884 καὶ

285 928 380 980 τόν
405 943 462 978 τε
494 925 636 977 θεῖον
669 923 798 976 λαὸν
832 925 954 985 ταῖς
983 922 1372 990 εὐαγγελικαῖς
1409 921 1586 994 ἄρδων
1617 923 1873 976 διδασκα-

289 1018 469 1082 λίαις,
526 1016 654 1080 τούς
709 1033 768 1068 τε
835 1016 936 1084 τῆς
1009 1013 1244 1084 ποίμνης
1315 1013 1420 1078 ἔξω
1487 1015 1873 1084 πλανωμένους

291 1107 546 1176 ἀγρεύων
573 1145 587 1169 ,
629 1105 722 1159 καὶ
763 1104 862 1174 τῆς
890 1103 1136 1174 ὀλεθρίου
1172 1102 1310 1166 πόας
1358 1102 1658 1174 ἐλευθερῶν
1686 1143 1699 1164 .
1731 1102 1875 1155 οὕτω

290 1198 392 1268 τὴν
416 1198 656 1268 ποίμνην
689 1196 906 1266 ἐκείνην
932 1195 990 1260 ἐξ
1024 1196 1209 1262 ὀλίγου
1230 1196 1272 1225 η
1303 1194 1548 1265 μεγάλην
1570 1195 1870 1263 ἀπέφηνεν.

293 1289 495 1343 Τοῦτον
537 1287 662 1340 ἰδὼν
709 1287 739 1338 6
783 1286 926 1348 θεῖος
959 1284 1249 1348 Μελέτιος,
1284 1285 1375 1338 καὶ
1417 1284 1526 1336 τῶν
1556 1284 1646 1336 τὸν
1675 1285 1875 1336 κανόνα

293 1378 651 1448 γεγραφότων
689 1377 780 1429 τὸν
814 1375 1016 1429 σκοπὸν
1050 1375 1414 1445 ἐπιστάμενος
1437 1412 1452 1436 ,
1484 1374 1582 1436 τὰς
1627 1375 1737 1444 γὰρ
1777 1375 1876 1444 τῆς

295 1473 587 1544 φιλαρχίας
631 1469 885 1542 ἀφορμὰς
935 1470 1390 1540 περικόπτοντες,
1455 1469 1735 1522 ἐκώλυσαν
1778 1468 1877 1539 τὴν

297 1567 624 1636 μετάθεσιν,
688 1565 990 1620 ἐϐεϐαίωσε
1045 1565 1125 1636 τῷ
1149 1565 1194 1597 ¹³
1256 1566 1545 1637 Γρηγορίῳ
1605 1568 1704 1636 τὴν
1777 1567 1877 1635 τῆς

294 1658 917 1720 Κωνσταντινουπόλεως
974 1659 1288 1730 προεδρίαν·
1329 1658 1510 1727 ὀλίγου
1556 1658 1613 1711 δὲ
1643 1657 1875 1710 διελθόν-

1276 281 1864 344 ECCLESIASTICJE
1898 286 2286 350 HISTORIAE
2325 291 2469 351 LIB.
2498 293 2564 350 V.

3418 295 3552 361 1210

2295 401 2448 456 CAP.
2487 401 2625 456 vm.
2665 401 2759 474 [ιι.
2796 403 2876 458 St.
2906 403 2968 456 v.
3006 404 3101 458 cn.
3125 406 3176 460 8.
3211 405 3228 478 ι

2264 493 2334 548 De
2349 504 2530 548 coacto
2551 495 3009 565 Constantinopoli
3048 500 3294 552 concilio.

2049 648 2126 703 Eo
2152 657 2398 720 tempore
2453 649 2936 718 Constantinopoli
2984 651 3213 722 degebat
3245 653 3291 708 is
3331 655 3422 722 qni
3453 655 3557 709 Na-

1977 743 2296 797 zianzenam
2361 741 2662 797 Ecclesiam
2719 745 3019 798 novissime
3054 755 3289 808 rexerat,
3324 748 3558 802 Ariano-

1974 852 2096 889 rum
2129 835 2483 904 blasphemiis
2503 836 2852 890 vehementer
2874 837 3152 892 obsistens
3181 855 3192 890 :
3225 840 3317 907 qui
3346 840 3556 906 plebem

1975 936 2223 982 sanctam
2271 926 2604 996 evangelicis
2648 927 2902 981 imbuens
2963 927 3257 992 doctrinis,
3319 946 3560 1000 ovesque

1975 1029 2129 1072 extra
2165 1033 2383 1088 gregem
2417 1018 2738 1072 aberrantes
2767 1032 3057 1080 revocans,
3095 1025 3149 1071 et
3181 1033 3210 1070 a
3249 1020 3414 1072 noxio
3461 1038 3558 1089 pa-

1979 1109 2108 1163 bulo
2143 1109 2448 1172 ahduceus,
2503 1110 2576 1162 ita
2607 1125 2824 1180 gregem
2857 1109 3012 1162 illum
3070 1123 3136 1162 ex
3195 1110 3416 1164 modico
3449 1128 3562 1164 ma-

1975 1217 2142 1272 gnum
2181 1200 2329 1254 fecit.
2379 1199 2539 1253 llunc
2574 1217 2700 1253 cum
2754 1199 2984 1254 vidisset
3015 1199 3239 1254 divinus
3287 1199 3562 1262 Meletius,

1975 1301 2032 1348 et
2077 1308 2269 1346 eorum
2325 1293 2418 1361 qui
2492 1307 2759 1344 canonem
2820 1291 3160 1360 scripserant
3217 1298 3562 1360 perspectam

1977 1393 2213 1440 mentem
2236 1385 2483 1448 haberet,
2514 1383 2658 1453 quod
2679 1383 2922 1437 ambitus
2949 1385 2962 1403 ⁶
2989 1381 3244 1435 videlicet
3278 1383 3562 1435 materiam

1976 1478 2360 1549 praecidentes,
2391 1477 2774 1546 episcoporum
2802 1473 3218 1528 translationem
3244 1473 3547 1542 prohibue-

1976 1572 2110 1634 rint,
2154 1570 2414 1640 Gregorio
2459 1567 3130 1634 Constantinopolitanmn
3169 1565 3559 1635 episcopatum

1978 1663 2348 1726 conﬁrmavit,
2419 1660 2684 1729 brevique
2736 1666 2860 1728 post
2927 1665 3174 1726 tempore
3230 1657 3296 1710 ad
3355 1655 3563 1712 doloris

293 1769 383 1816 τος
416 1751 644 1822 χρόνου,
679 1750 708 1801 6
752 1749 851 1820 μὲν
891 1748 1034 1812 θεῖος
1086 1748 1348 1812 Μελέτιος
1395 1750 1475 1812 είς
1512 1749 1610 1819 τὴν
1662 1747 1868 1803 ἄλυπον

1980 1763 2256 1826 expertem
2311 1756 2478 1808 vitam
2537 1752 2810 1823 migravit,
2876 1749 3124 1804 omnium
3182 1748 3275 1819 qui
3326 1747 3562 1804 dicendo

296 1845 534 1916 μετέστη
583 1841 728 1912 ζωὴν
749 1881 764 1907 ,
801 1841 905 1894 ὑπὸ
935 1841 1151 1894 πάντων
1186 1841 1295 1892 τῶν
1333 1840 1428 1894 τοῦ
1457 1840 1500 1872 ⁸⁸
1542 1841 1703 1910 λόγου
1735 1859 1867 1911 μετ-

292 1935 588 2006 ειληχότων
631 1935 749 1997 ταῖς
788 1933 1099 2003 ἐπιταφίοις
1129 1933 1437 1998 τελειωθεὶς
1462 1934 1505 1965 ”
1545 1934 1864 2005 εὐφημίαις.

291 2027 555 2098 Τιμόθεος
604 2027 662 2081 δὲ
712 2027 740 2079 6
791 2026 893 2096 τῆς
954 2025 1346 2096 Ἀλεξανδρέων
1401 2026 1738 2091 ἐπίσκοπος,
1809 2027 1865 2091 ὃς

291 2121 497 2192 Πέτρον
551 2119 823 2185 διεδέξατο
881 2117 972 2171 τὸν
1028 2119 1126 2188 τῆς
1192 2118 1511 2172 Ἀθανασίου
1577 2120 1869 2192 προεδρίας

292 2211 626 2282 κληρονόμον
654 2214 947 2282 γενόμενον
972 2251 987 2274 ,
1043 2212 1164 2264 ἀντὶ
1193 2211 1285 2264 τοῦ
1321 2210 1628 2280 θαυμασίου
1661 2213 1870 2282 Γρηγο-

294 2301 447 2374 ρίου,
482 2304 733 2375 Μάξιμόν
781 2322 900 2358 τινα
951 2303 1366 2374 κεχειροτόνηκε
1409 2304 1666 2366 κυνικὸν,
1707 2305 1870 2367 εὐθὺς

295 2402 459 2456 αὐτοῦ
490 2402 587 2466 τὰς
615 2403 842 2466 κυνικάς
874 2403 1175 2473 ἀποκείρας
1211 2402 1363 2473 [207]
1395 2403 1586 2474 τρίχας
1606 2420 1620 2433 ·
1649 2405 1741 2456 καὶ
1769 2405 1870 2474 τῆς

306 2499 681 2571 ’Λπολιναρίου
741 2501 797 2554 δὲ
830 2502 1119 2572 τερθρείας
1144 2500 1188 2532 ⁸⁸
1219 2500 1502 2563 ἀνάπλεως
1522 2495 1676 2563 οὗτος
1709 2501 1751 2531 ¹⁷
1778 2496 1866 2572 ἦν.

304 2594 445 2648 Ἀλλ’
499 2597 601 2648 οὐκ
642 2596 882 2665 ήνεγκαν
928 2595 1024 2647 τοῦ
1067 2594 1440 2663 γεγενημένου
1500 2592 1598 2661 τὴν
1637 2593 1868 2646 ἀτοπίαν

292 2692 340 2744 οἱ
368 2688 669 2760 τηνικαῦτα
711 2691 1152 2760 συνειλεγμένοι·
1200 2686 1342 2761 ἦσαν
1394 2688 1449 2740 δὲ
1496 2689 1686 2760 ἄνδρες
1717 2687 1872 2753 ἀξιά-

294 2799 523 2850 γαστοι,
581 2783 676 2836 καὶ
730 2783 893 2852 ζήλου
952 2781 1100 2836 θείου
1161 2783 1255 2836 καὶ
1318 2781 1510 2851 σοφίας
1573 2781 1865 2846 ἀνάπλεοι,

305 2873 572 2937 Ἐλλάδιος
621 2875 718 2944 μὲν
747 2877 776 2927 6
815 2875 914 2939 τῆς
959 2873 1053 2926 τοῦ
1111 2873 1347 2944 μεγάλου
1399 2871 1683 2925 Βασιλείου
1731 2889 1869 2942 προ-

295 2963 502 3033 εδρείας
530 2963 791 3032 διάδοχος,
827 2963 1125 3033 Γρηγόριος
1158 2962 1213 3014 δὲ
1263 2962 1358 3014 καὶ
1401 2962 1626 3030 Πέτρος,
1667 2965 1715 3014 οἱ
1745 2964 1872 3026 τοὺς

295 3056 490 3118 αὐτοὺς
545 3055 808 3124 Βασιλείῳ
868 3053 1114 3123 πατέρας
1165 3055 1540 3124 αὑχήσαντεςο
1616 3053 1873 3124 ’Λμφιλό-

299 3165 412 3218 χιος
465 3147 521 3200 δὲ
558 3146 851 3200 Λυκαόνων
897 3149 1117 3217 ἡγεῖτο,
1162 3146 1256 3198 καὶ
1309 3145 1538 3197 Πισίδων
1579 3145 1874 3215 Ὀπτιμος,

297 3239 392 3292 καὶ
425 3239 662 3292 Κιλίκων
705 3239 990 3308 Διόδωρος..
1044 3237 1233 3308 Παρῆν
1280 3236 1336 3288 δὲ
1385 3237 1479 3290 καὶ
1534 3235 1800 3304 Πελάγιος
1851 3237 1880 3289 6

297 3330 640 3394 Λαοδικείας.
680 3331 774 3382 καὶ
803 3331 1058 3398 Εὐλόγιος
1082 3332 1110 3384 6
1133 3329 1438 3398 Ἐδέσηςη,
1475 3329 1570 3381 καὶ
1597 3328 1874 3393 ’Λκάκιος,

300 3424 396 3476 καὶ
441 3423 705 3494 Ἰσίδωρος
741 3426 769 3476 6
799 3423 1104 3493 ἡμέτερος,
1156 3421 1250 3474 καὶ
1287 3417 1552 3490 Κύριλλος
1580 3421 1608 3472 6
1653 3419 1880 3488 Ἰεροσο-

299 3514 507 3584 λύμων,
533 3515 626 3566 καὶ
655 3515 910 3576 Γελάειος
937 3516 964 3566 6
993 3511 1326 3581 Καισαρείας
1357 3511 1457 3579 τῆς
1492 3509 1876 3578 Παλαιστίνης,

301 3605 445 3674 λόγῳ
473 3605 567 3658 καὶ
601 3605 698 3674 βίῳ
744 3603 1135 3673 κοσμούμενος,
1172 3604 1265 3655 καὶ
1297 3602 1473 3666 ἕτεροι
1511 3600 1754 3654 πλεῖστοι
1779 3601 1880 3665 τῆς

301 3702 503 3773 ἀρετῆς
542 3699 794 3770 ἀθληταί.
845 3699 978 3751 Τότε
1033 3697 1098 3766 δὴ
1151 3692 1244 3750 οὖν
1300 3689 1448 3748 οὗτοι
1495 3695 1720 3757 πάντες,
1771 3693 1880 3746 τῶν

301 3790 617 3860 Αἰγυπτίων
657 3793 796 3860 σφᾶς
827 3789 1025 3851 αὐτοὺς
1066 3786 1484 3857 ἀποκρίναντες,
1524 3787 1620 3839 σὺν
1664 3783 1743 3853 τῷ
1785 3801 1882 3853 μεο

300 3886 450 3954 γὰλῳ
471 3884 756 3956 Γρηγορίῳ
777 3883 873 3946 τὰς
899 3879 1235 3950 πανηγύρεις
1261 3879 1556 3932 ἐπετέλουν
1585 3877 1684 3939 τὰς
1707 3876 1877 3936 θείας.

312 3977 372 4029 '0
401 3977 458 4029 δὲ
485 3976 625 4038 θεῖος
678 3974 980 4044 παρεκάλει
1013 3972 1336 4042 Γρηγόριος,
1381 3972 1510 4040 περὶ
1562 3969 1883 4039 συμφωνίας

305 4065 798 4134 συνηθροισμένους
837 4065 934 4134 τὴν
979 4063 1115 4132 πρὸς
1159 4062 1424 4134 ἀλλήλους
1455 4061 1709 4128 ὁμόνοιαν
1751 4076 1884 4127 προσ

303 4131 531 4226 τιμησαι
577 4131 678 4225 τῆς
732 4155 850 4216 ἐνὸς
891 4131 1086 4224 ἀνδρὸς
1121 4131 1359 4212 ἀδικίας.
1399 4168 1416 4200 ι
1455 4149 1600 4218 Ἐγώ
1644 4166 1704 4202 τε
1751 4150 1881 4220 γὰρ,

304 4247 433 4317 ἔφη,
467 4246 572 4299 τῶν
611 4247 872 4299 πλειόνων
901 4244 1199 4315 φροντίδων
1233 4241 1588 4308 ἀπαλλαγεὶς,
1631 4242 1730 4312 τήν
1761 4244 1885 4311 ἐμοὶ

306 4341 468 4409 φίλην
512 4337 865 4408 ἀπολήψομαι
913 4337 1167 4408 ἡσυχίαν,
1218 4335 1318 4388 καὶ
1370 4335 1528 4403 ὑμεῖς
1556 4336 1655 4398 τὴν
1693 4334 1884 4404 τριπό-

310 4432 475 4502 θητον
503 4430 728 4500 είρήνην
759 4429 895 4498 μετὰ
925 4429 1015 4482 τὸν
1053 4425 1262 4498 μακρὸν
1286 4427 1494 4477 ἐκεῖνον
1526 4426 1618 4477 καὶ
1653 4425 1886 4493 χαλεπὸν

303 4522 647 4593 ἀπολήψεσθε
699 4522 954 4589 πόλεμον.
1037 4518 1158 4571 Τῶν
1198 4518 1306 4589 γὰρ
1341 4516 1462 4569 λίαν
1493 4517 1876 4578 ἀτοπωτάτων,

1981 1848 2190 1917 aliquid
2224 1855 2476 1917 poterant
2515 1845 2842 1901 funebribus
2865 1843 3213 1898 orationibus
3239 1851 3560 1896 exornatus.

1975 1947 2045 1996 At
2061 1941 2382 1994 Timotheus
2397 1937 2891 2002 Alexandrinorum
2909 1935 3160 2000 antistes,
3179 1933 3319 1988 Petri
3339 1948 3562 1989 succes-

1977 2051 2069 2092 sor
2101 2035 2265 2097 illius,
2296 2033 2388 2103 qui
2419 2031 2722 2086 Athanasio
2757 2031 2809 2084 in
2839 2030 3160 2099 episeOpatu
3189 2034 3562 2091 successerat,

1977 2144 2075 2199 pro
2116 2126 2422 2181 admirabili
2455 2125 2738 2195 Gregorio,
2771 2122 3066 2176 Maximum
3095 2121 3386 2190 quemdam
3413 2119 3566 2190 cyni-

1977 2239 2122 2286 cum,
2141 2220 2368 2275 detonsa
2390 2218 2572 2272 subito
2598 2217 2785 2288 cynica
2811 2214 2933 2284 ejus
2955 2228 3134 2276 coma,
3155 2211 3450 2271 ordinavit,
3469 2210 3567 2280 qui

1978 2313 2187 2368 frivolis
2204 2313 2367 2364 etiam
2385 2308 2702 2378 Apollinarii
2725 2308 2956 2375 argutiis
2974 2307 3214 2360 animum
3230 2305 3563 2374 oppleverat.

1981 2407 2195 2474 1026
2217 2406 2399 2472 Itaque
2431 2413 2539 2453 tam
2566 2400 2864 2454 absurdum
2891 2397 3105 2452 facinus
3129 2413 3234 2450 non
3263 2397 3436 2447 tulere
3465 2392 3561 2462 qui

1980 2505 2511 2554 tuncconvenerant,
2533 2489 2866 2560 suspiciendi
2888 2489 3048 2558 plane
3068 2487 3192 2549 viri,
3209 2483 3459 2539 etdiviuo
3475 2497 3568 2535 ze-

1979 2593 2034 2646 lo
2064 2605 2129 2644 ac
2153 2587 2419 2657 sapientia
2443 2583 2610 2654 pleni.
2636 2580 2695 2635 lu
2717 2582 2922 2652 quibus
2955 2579 3057 2633 fuit
3085 2575 3366 2632 Ilelladins
3390 2572 3570 2642 magni

1978 2683 2164 2737 Basilii
2203 2693 2494 2735 successor
2529 2677 2582 2729 in
2629 2674 2974 2743 episcopatu,
3011 2667 3312 2739 Gregorius
3345 2667 3475 2719 item
3515 2672 3572 2719 et

1978 2772 2201 2834 Petrus,
2229 2771 2553 2837 eodemque
2595 2765 2830 2819 Basilius
2865 2771 3018 2833 patre
3053 2759 3192 2827 nati,
3237 2767 3293 2814 et
3343 2756 3574 2826 Amphi-

1981 2866 2196 2920 lochius
2225 2863 2540 2934 Lycaouum
2572 2866 2779 2928 pastor,
2825 2864 2880 2912 ct
2933 2854 3189 2924 Optimus
3238 2850 3572 2917 Pisidarum,

1977 2968 2032 3014 et
2059 2957 2294 3012 Cilicum
2332 2953 2622 3007 Diodorus.
2648 2950 2888 3003 Aderant
2906 2955 2960 3002 et
2981 2945 3236 3015 Pelagius
3262 2942 3570 3006 Laodiceae,

1979 3061 2035 3104 et
2059 3047 2325 3117 Eulogius
2353 3045 2593 3109 Edessa'e,
2623 3049 2676 3097 et
2697 3039 2957 3102 Aeacius,
2986 3046 3042 3093 et
3091 3035 3335 3092 Isidorus
3362 3041 3571 3097 noster,

1981 3151 2034 3196 et
2060 3139 2301 3210 Cyrillus
2354 3133 2885 3200 Hierosolymorum,
2915 3136 2970 3182 et
3019 3127 3275 3182 Gelasius
3309 3124 3577 3179 Caesareae

1981 3232 2306 3290 Palaestinas,
2344 3223 2595 3279 doctrina
2652 3220 3012 3287 moribusque
3055 3216 3316 3285 insignis,
3365 3215 3575 3283 aliique

1980 3323 2211 3376 virtutis
2244 3318 2461 3371 athletae
2505 3330 2673 3385 quam
2725 3311 2968 3382 plurimi.
3004 3308 3067 3362 lli
3112 3317 3244 3362 tunc
3302 3304 3574 3370 universi,

1981 3415 2194 3482 seipsos
2226 3411 2296 3464 ab
2328 3405 2602 3477 Egyptiis
2654 3409 3028 3472 segregantes,
3061 3415 3185 3452 cum
3215 3411 3412 3467 magno
3442 3393 3577 3448 Gre-

1983 3506 2140 3575 gorio
2172 3512 2478 3557 conventus
2536 3496 2910 3552 celebrabant.
2959 3492 3028 3546 At
3086 3490 3310 3543 divinus
3368 3486 3578 3554 Grego-

1984 3602 2101 3655 rius
2155 3597 2348 3651 orabat
2385 3595 2532 3656 illos,
2565 3600 2625 3645 ut
2653 3589 2746 3659 qui
2800 3582 3208 3640 constituendae
3252 3577 3569 3635 concordiae

1983 3708 2151 3749 causa
2184 3694 2579 3746 convenerant,
2604 3691 2853 3736 mutuum
2889 3677 2994 3748 ipsi
3049 3687 3385 3730 consensum
3412 3669 3578 3724 unius

1984 3783 2223 3841 hominis
2247 3779 2450 3849 injuria
2494 3775 2761 3846 potiorem
2810 3771 3101 3824 ducerent.
3138 3785 3157 3818 ι
3182 3764 3316 3818 Nam
3341 3773 3394 3819 et
3445 3777 3571 3832 ego,

1989 3877 2192 3938 aiebat,
2226 3873 2417 3926 multis
2450 3868 2600 3924 curis
2630 3867 2905 3920 liberatus
2927 3869 3139 3932 gratam
3176 3858 3576 3929 mihiquietem

1988 3967 2280 4036 recipiam,
2313 3971 2368 4016 et
2400 3976 2500 4014 vos
2531 3966 2655 4028 post
2681 3958 2904 4026 longutn
2939 3953 3075 4007 illud
3107 3959 3344 4020 etgrave
3376 3949 3579 4004 bellum

1985 4057 2333 4128 optatissima
2370 4067 2505 4122 pace
2550 4047 2827 4104 iruemiui.
2855 4065 2872 4097 ι
2929 4043 3242 4098 Absurdius
3277 4041 3422 4096 enim
3451 4053 3580 4108 pro-

1988 4127 2132 4204 iecto
2165 4144 2301 4199 nihil
2339 4141 2526 4201 fuerit,
2552 4152 2716 4207 quam
2749 4148 2844 4189 eos
2889 4132 2981 4202 qui
3019 4130 3238 4185 hostilia
3270 4141 3445 4196 nuper
3467 4127 3573 4178 tela

1989 4241 2288 4299 evaserint,
2350 4234 2468 4288 suis
2519 4231 2662 4284 inter
2700 4242 2760 4282 se
2819 4223 2945 4278 telis
2993 4222 3106 4291 ligi,
3143 4226 3197 4274 et
3255 4218 3400 4272 vires
3450 4230 3580 4270 suas

1990 4343 2349 4391 consumere.
2389 4325 2481 4380 Sic
2513 4322 2660 4378 enim
2700 4319 2872 4372 risum
2918 4315 3161 4369 inimicis
3223 4309 3583 4376 lmtitiamque

1994 4426 2335 4498 parabimus.
2363 4419 2545 4485 Quare
2577 4414 2756 4466 virum
2781 4407 3011 4478 quaerite
3037 4406 3274 4474 aliquem
3311 4402 3472 4456 laude
3499 4399 3582 4453 di-

1979 4496 2172 4598 gnum,
2203 4508 2676 4581 intelligentiaque
2728 4497 3039 4571 praeditum,
3076 4496 3170 4566 qui
3207 4504 3286 4548 tot
3316 4505 3576 4547 curarutn

304 4613 429 4684 ἄρτι
611 4613 927 4683 πολεμικῶν
959 4609 1376 4676 ἀπαλλαγέντας
1418 4607 1589 4677 βελῶν
1618 4607 1874 4677 ἀλλήλους

1980 4589 2198 4692 pondus
2252 4606 2438 4664 subire
2495 4616 2560 4654 ac
2609 4595 2894 4654 sustinere
2953 4598 3101 4646 recte
3166 4589 3362 4658 possit,
3418 4596 3583 4656 atque

307 4676 543 4774 βάλλειν,
576 4706 670 4758 καλ⁸
696 4676 793 4776 την
821 4705 1027 4757 οἰκείαν
1059 4702 1368 4756 ἀναλίσκειν
1409 4676 1580 4770 ίσχύν.
1627 4676 1874 4768 Ἐπίχαρ-

1980 4676 2126 4763 hunc
2170 4701 2491 4771 episc0pum
2543 4689 2847 4758 designate.
2914 4681 3012 4737 His
3062 4679 3288 4736 monitis
3321 4676 3570 4733 obsecuti

304 4768 387 4850 τοι
425 4768 536 4866 γὰρ
581 4798 720 4851 οὓτω
751 4768 886 4860 ’τοῖς
917 4795 1236 4864 δυσμενέσιν
1279 4768 1532 4862 ἐσόμεθα.
1571 4791 1774 4861 ’Λνδρα
1814 4791 1874 4860 δὴ

1980 4795 2172 4868 optimi
2195 4768 2464 4862 pastores,
2485 4780 2801 4837 Nectarium
2825 4776 3002 4832 virum
3025 4773 3338 4844 patricium,
3363 4768 3582 4840 generis

305 4885 399 4942 οὖν
449 4890 875 4958 ἐπιζητήσαντες
933 4887 1285 4951 ἀξιέπαινον,
1336 4885 1428 4936 καὶ
1475 4882 1601 4935 νοῦν
1657 4881 1871 4950 ἔχοντα,

305 4980 414 5033 τῶν
444 4982 739 5051 φροντίδων
783 4981 842 5033 τὸ
881 4980 1082 5050 πλῆθος
1131 4978 1225 5031 καὶ
1254 4975 1508 5040 δέξασθαι
1550 4976 1645 5027 καὶ
1676 4970 1734 5027 εὖ
1765 4974 1877 5026 δια-

308 5072 476 5125 θεῖναι
504 5072 820 5141 δυνάμενον,
851 5072 1112 5143 ἀρχιερέα
1156 5068 1539 5140 προϐάλλεσθε.
1581 5087 1598 5116 ι
1641 5067 1878 5130 Ταύταις

306 5163 355 5214 οἱ
413 5163 628 5234 ἄριστοι
693 5165 948 5234 ποιμένες
1005 5166 1124 5226 ταῖς
1183 5161 1482 5230 ὑποθήκαις
1545 5158 1877 5223 πεισθέντες,

1985 4865 2267 4946 nobilitate
2283 4882 2516 4942 clarum,
2538 4873 2944 4940 virtutibusque
2997 4867 3255 4923 omnibus
3286 4865 3579 4924 illustrem,

1986 4979 2235 5034 maxima:
2266 4973 2415 5026 illius
2445 4967 2598 5024 urbis
2642 4964 2963 5034 episcopum
2996 4959 3337 5013 ordinarunt.
3367 4953 3579 5022 1027

1986 5070 2278 5124 Maximum
2304 5077 2449 5118 vero.
2469 5045 3587 5127 tanquamApollinariideunentimpartici-

1987 5152 2440 5231 pem,episcopali
2459 5150 2723 5220 dignitate
2739 5144 3032 5214 spoliatum
3057 5139 3382 5194 abdicarunt
3413 5143 3425 5155 °
3443 5133 3580 5187 Tum

1599 5340 1830 5398 VAI‘JA‘L
1866 5335 2270 5395 LECTIONES.

389 5546 431 5575 "
466 5546 670 5613 ὀλίγηε.
710 5545 834 5598 Bas.
864 5543 1040 5598 ϐιαιο.

1152 5544 1195 5575 ¹³
1225 5543 1487 5612 θειοτάτῳ
1510 5541 1717 5612 addunt
1750 5538 1873 5592 llas.
1903 5537 2084 5612 Graec.
2116 5543 2210 5612 _et_
2260 5534 2490 5612 Stephn
2531 5535 2574 5565 ’δ
2609 5531 2702 5612 τοᾷ
2735 5531 2942 5612 οϋξειει
2976 5528 3102 5612 Bas.
3133 5527 3313 5612 Graec
3392 5525 3434 5558 "
3461 5541 3580 5612 ται-

312 5591 1040 5677 νιωθείξλῖ’ἥς-ιεΐίξίαξξῘο-ι-
1065 5591 1480 5668 savni'i'élu'ﬁéE
1511 5591 1713 5664 merito
1747 5591 2002 5666 rescribit
2034 5604 2305 5677 Valesius.
2359 5591 2430 5636 ’⁸⁸
2465 5603 2764 5677 θρησκείας
2786 5601 2980 5677 ‘Steph‘.
3150 5599 3188 5630 ¹⁷
3220 5591 3377 5662 οὗτος
3423 5594 3580 5652 addi-

316 5685 511 5741 derunt
546 5688 752 5744 Christ.
783 5696 836 5740 et
863 5686 1007 5742 Scal.

1127 5685 1167 5715 ιυ
1203 5682 1470 5752 Ἐδέσσης.
1505 5683 1628 5737 Bas.
1664 5679 1864 5749 Graux,
1897 5676 2188 5733 articulum
2222 5678 2386 5734 etiam
2419 5671 2835 5747 aute"lspoco)..
2863 5671 3081 5727 omittit.
