4032 6192
251 231 386 298 1213

1219 205 1807 314 ECCLESIASTICJS
1856 249 2237 310 IlISTORI/E
2271 251 2418 313 LIB.
2451 254 2518 314 V.

3379 256 3516 321 1214

248 375 361 423 σεις
381 360 442 452 7"
469 361 678 418 πόλεων
696 407 710 432 ,
763 367 856 421 καὶ
885 370 986 435 τὰς
1010 371 1118 426 τῶν
1160 378 1283 431 καθ’
1313 379 1410 436 ἕνα
1436 381 1728 452 δημεύσεις
1752 382 1808 432 ’⁸η

1927 378 2050 448 quis
2078 380 2408 434 enunieret?
2440 379 2644 434 Revera
2694 381 2838 436 enim
2867 392 3078 440 cuncta:
3119 389 3175 443 in
3235 401 3329 443 nos
3381 390 3514 444 allii-

246 451 396 545 [209]
444 456 538 508 καὶ
569 460 866 528 συσκευὰς,
913 466 1008 519 καὶ
1048 465 1269 540 ὕϐρεις,
1315 473 1410 526 καὶ
1453 451 1825 545 δεσμωτήρια,

245 543 329 605 τίς
362 544 429 598 ἂν
456 545 934 620 ἐξαριθμήσασθαι
958 554 1182 610 δύναται
1205 559 1283 626 ³⁰;
1310 562 1487 616 Πᾶσαι
1519 563 1628 634 γὰρ
1659 543 1828 626 ὅντως

244 636 330 726 ἐφ’
391 637 539 707 ἡμᾶς
607 641 662 693 αί
723 641 932 712 θλίψεις
987 648 1405 722 ἐπληθύνθησαν
1489 653 1628 725 ὑπὲρ
1705 657 1828 726 ἀρι-

244 725 399 796 θμὸν,
442 730 570 792 ἴσως
601 731 698 802 μὲν
739 734 862 789 ἐπεὶ⁸
903 737 945 769 ³¹
994 739 1149 804 δίκας
1188 743 1605 815 ἁμαρτημάτων
1653 725 1828 801 ἐτίνο-

245 834 347 884 μεν
384 818 449 884 ⁸’,
490 820 618 885 ῐσως
649 823 706 876 δὲ
761 826 855 879 καὶ
896 827 991 881 τοῦ
1035 830 1418 904 φιλανθρώπου
1443 835 1579 890 Θεοῦ
1611 837 1699 892 διὰ
1731 837 1826 892 τοῦ

241 909 479 979 πλήθους
502 913 612 968 τῶν
640 915 978 986 παθημάτων
1007 923 1155 992 ἡμᾶς
1183 926 1572 994 γυμνάζοντος.
1609 929 1826 983 Τούτων

245 1000 342 1070 μὲν
370 997 465 1056 οὖν
496 1003 576 1074 τῷ
621 1007 742 1077 Θεῷ
770 1009 951 1080 χάρις,
978 1011 1037 1075 ὃς
1067 1013 1159 1066 καὶ
1182 1015 1268 1069 διὰ
1295 1018 1565 1071 τοσούτων
1593 1019 1826 1089 θλίψεων

238 1090 364 1153 τοὺς
399 1092 595 1147 ἑαυτοῦ
638 1095 858 1163 δούλους
883 1101 1175 1156 ἐπαίδευσε
1206 1105 1272 1169 ³³,
1311 1107 1404 1160 καὶ
1439 1109 1654 1164 κατὰτὸ
1689 1111 1828 1180 πλῆ-

240 1174 330 1240 θος
360 1179 472 1234 τῶν
499 1184 799 1254 οἰκτιρμῶν
848 1189 1016 1242 αὑτοῦ
1062 1191 1224 1245 πάλιν
1264 1192 1530 1263 ἐξήγαγεν
1567 1197 1714 1265 ἡμᾶς
1747 1174 1826 1260 είς

239 1266 542 1341 ἀναψυχήν.
603 1274 768 1343 Ἦμίν
818 1278 876 1330 δέ
911 1283 1127 1352 μακρᾶς
1168 1283 1267 1353 μὲν
1303 1285 1409 1338 ἔδει
1461 1286 1676 1356 σχολῆς,
1733 1290 1826 1341 καὶ

239 1358 434 1414 πολλοῦ
460 1363 651 1433 χρόνου
701 1368 797 1422 καὶ
829 1369 1013 1435 πόνου,
1055 1372 1193 1444 πρὸς
1221 1373 1319 1445 τὴν
1347 1375 1458 1429 τῶν
1490 1377 1824 1448 Ἐκκλησιῶν

236 1449 631 1524 ἐπανόρθωσιν,
663 1457 731 1512 ἶν’
769 1457 958 1533 ὥσπερ
989 1464 1052 1516 ἐκ
1089 1468 1308 1536 μακρᾶς
1331 1469 1670 1539 ἀρρωστίας,
1703 1473 1825 1535 ταῖς

234 1542 375 1632 κατὰ
421 1547 618 1615 μικρὸν
657 1551 1000 1621 ἐπιμελείαις
1053 1557 1114 1610 τὸ
1157 1558 1316 1628 σῶμα
1353 1560 1455 1629 τῆς
1498 1562 1824 1632 Ἐκκλησίας

232 1631 699 1705 ἐκνοσηλεύοντες,
762 1642 901 1714 πρὸς
958 1643 1056 1715 τὴν
1100 1648 1332 1718 ἀρχαίαν
1381 1651 1482 1722 τῆς
1536 1631 1822 1718 εὐσεϐείας

1932 469 2144 524 ctiones
2192 471 2567 542 multiplicata}
2594 482 2721 526 sunt
2761 489 2925 544 supra
2955 491 3264 542 numerum,
3301 479 3518 551 1029

1933 559 2168 616 fortasse
2231 573 2288 617 ut
2344 572 2690 631 peccatorum
2753 581 2943 635 prenas
3010 569 3325 637 lueremus,
3404 573 3515 626 l‘or-

1931 660 2080 708 tasse
2131 653 2370 723 benigno
2413 652 2524 708 Deo
2571 670 2672 710 nos
2721 673 2814 726 per
2863 675 3231 714 aerumnarum
3265 664 3516 718 multitu-

1928 746 2111 800 dinem
2159 756 2471 801 exercente.
2548 747 2653 802 Pro
2705 749 2790 803 his
2857 751 3023 820 igitur
3099 753 3209 809 Deo
3262 754 3514 814 habenda

1927 846 2012 893 est
2061 840 2264 907 gratia,
2323 839 2414 907 qui
2484 840 2648 894 tantis
2692 841 3082 898 alilictionibus
3132 861 3321 903 servos
3381 864 3512 905 suos

1925 931 2185 994 erudivit,
2221 939 2274 985 et
2310 931 2613 986 secundum
2653 933 3059 989 multitudinem
3097 937 3509 996 miserationum

1926 1037 2150 1076 suarum
2185 1038 2382 1077 rursus
2409 1022 2605 1077 eduxit
2644 1040 2747 1079 nos
2805 1025 2858 1078 in
2914 1025 3287 1097 refrigerium.
3339 1031 3510 1086 Nobis

1926 1129 2060 1168 sane
2095 1113 2164 1168 ad
2211 1112 2603 1169 instaurandas
2663 1115 2930 1170 ecclesias
2989 1116 3250 1171 diuturna
3313 1137 3507 1188 opera,

1861 1230 1881 1252 -
1925 1208 2199 1277 longoque
2232 1215 2476 1276 tempore
2518 1217 2572 1262 et
2611 1209 2797 1264 labore
2852 1225 2990 1278 opus
3019 1219 3161 1276 erat,
3200 1221 3256 1266 ut
3309 1227 3510 1281 corpus

1926 1297 2186 1354 Ecclesia:
2214 1309 2474 1368 tanquam
2502 1315 2567 1354 ex
2589 1301 2853 1356 diuturno
2884 1303 3077 1356 morbo
3105 1303 3268 1358 lentis
3301 1306 3508 1360 sensim

1925 1391 2307 1446 curationibus
2339 1400 2678 1456 recreantes,
2713 1393 2779 1446 ad
2803 1394 3090 1462 pristinam
3117 1394 3336 1464 pietatis
3362 1398 3510 1451 sani-

1925 1493 2515 1538 tatemrevocaremus.
2541 1483 2806 1549 Quamvis
2843 1485 2988 1539 enim
3056 1487 3504 1554 persecutionum

1924 1574 2221 1644 asperitate
2274 1573 2491 1629 liberati
2528 1575 2765 1630 maxime
2806 1577 3080 1637 videmur,
3139 1585 3192 1633 et
3227 1579 3494 1635 ecclesias

1923 1679 2115 1718 omnes
2148 1664 2236 1717 diu
2265 1663 2334 1718 ab
2369 1664 2645 1720 haereticis
2693 1674 2990 1735 occupatas
3023 1667 3266 1736 recipere
3305 1685 3319 1723 :
3363 1677 3504 1721 atta-

234 1721 445 1825 ύγίειαν
491 1728 956 1804 ἐπαναγάγωμεν.
992 1737 1102 1790 Καὶ
1127 1740 1235 1823 γὰρ
1263 1741 1310 1793 εί
1345 1742 1412 1795 τὰ
1449 1743 1682 1813 μάλιστα
1729 1745 1808 1798 δο-

1927 1770 2049 1809 men
2078 1755 2296 1810 molesti
2328 1756 2486 1810 nobis
2515 1756 2798 1827 suntlupi,
2826 1759 2918 1827 qui
2938 1758 3155 1813 etiamsi
3175 1759 3243 1814 ab
3264 1760 3504 1815 ovilibus

233 1814 439 1882 κοῦμεν
469 1817 570 1887 τῆς
604 1820 714 1875 τῶν
751 1823 1012 1895 διωγμῶν
1046 1815 1392 1902 ἀπηλλάχθαι
1431 1834 1811 1905 σφοδρότητος,

242 1907 337 1959 καὶ
382 1911 484 1972 τὰς
521 1911 816 1984 ἐκκλησίας
875 1918 1104 1989 χρονίως
1153 1923 1306 1992 παρὰ
1356 1924 1466 1978 τῶν
1523 1927 1814 1997 αίρετικῶν

228 2001 656 2090 σιατασχεθείσας
699 2006 904 2076 ἀρτίως
964 2011 1413 2084 άνακομίξεσθαι,
1463 2017 1602 2090 πλὴν
1677 2020 1813 2074 ἀλλὰ

229 2086 417 2159 βαρεῖς
440 2092 572 2162 ἡμῖν
600 2094 774 2163 λύκοι,
803 2101 897 2154 καὶ
922 2103 1060 2171 μετά
1079 2103 1140 2158 τὸ
1165 2106 1265 2176 τῆς
1297 2108 1540 2182 μάνδρας
1557 2086 1813 2182 ’ἐξωσθῆ-

225 2197 334 2246 ναι,
369 2184 512 2238 κατά
541 2187 640 2250 τὰς
671 2188 848 2254 νάπας
887 2192 958 2247 τὰ
991 2196 1220 2267 ποίμνια
1251 2199 1664 2272 διαρπάζοντες,
1713 2205 1811 2258 ἀν-

222 2278 528 2346 τισυνάξεις
576 2281 904 2356 τολμῶντες,
948 2289 1139 2362 δήμων
1183 2295 1462 2362 κινοῦντες
1511 2301 1812 2355 ἐπαναστά-

225 2385 360 2464 σεις,
375 2370 662 2464 ὀκνοῦντες
683 2376 836 2434 οὐδὲν
859 2383 940 2444 είς
969 2382 1068 2454 τὴν
1087 2385 1194 2441 τῶν
1213 2387 1553 2459 Ἐκκλησιῶν
1580 2391 1802 2464 βλάϐην.

221 2455 331 2514 Ἦν
378 2463 477 2532 μέν
527 2460 620 2519 οὖν
668 2468 807 2541 ὅπερ
862 2474 1166 2546 εἰρήκαμεν
1216 2455 1530 2550 ἀναγκαῖον,
1580 2455 1808 2538 ’πλείονα

417 2560 930 2650 προσασχοληθῆναι
972 2569 1182 2636 χρόνον.
1233 2573 1449 2645 Ἐπειδὴ
1491 2577 1671 2644 μέντοι
1709 2579 1806 2650 τὴν

217 2642 510 2716 ἀδελφικὴν
539 2649 662 2718 περὶ
692 2651 840 2720 ἡμᾶς
863 2653 1084 2728 ἀγάπην
1107 2642 1558 2733 ἐπιδεικνύμενοι,
1589 2642 1805 2722 σύνοδον

217 2734 439 2826 ἐπὶγτῆς
500 2736 720 2810 Ῥώμης
775 2741 910 2797 Θεοῦ
942 2744 1194 2820 βουλήσει
1223 2756 1674 2826 συγκροτοῦντες,
1709 2761 1804 2813 καὶ

217 2824 363 2894 ἡμᾶς
401 2825 478 2890 ὡς
507 2830 684 2884 οἰκεῖα
722 2833 857 2906 μέλη
917 2824 1393 2908 προσεκαλέσασθε
1434 2847 1522 2901 διὰ
1554 2849 1667 2902 τῶν
1705 2852 1802 2904 τοῦ

219 2916 630 3013 θεοφιλεστάτου
673 2924 938 2994 βασιλέως
967 2934 1332 3002 γραμμάτων,
1363 2938 1430 2991 ἵν’
1459 2941 1644 3013 ἐπειδὴ
1679 2944 1801 2998 τότε

216 3007 316 3106 τας
339 3007 545 3080 θλίψεις
594 3015 745 3084 μόνοι
803 3021 1296 3096 κατεδικάσθημεν,
1347 3029 1444 3084 νῦν
1495 3034 1552 3086 ἐν
1586 3007 1652 3106 cii
1693 3038 1802 3092 τῶν

218 3101 637 3196 αὐτοκρατόρων
674 3110 802 3180 περὶ
828 3111 927 3182 τὴν
955 3113 1234 3170 εὐσέϐειαν
1263 3122 1551 3194 συμφωνίᾳ
1591 3101 1665 3196 μή
1696 3144 1803 3196 χω-

216 3192 306 3284 ρίς
346 3193 504 3281 ἡμῶν
547 3196 929 3272 βασιλεύσητε,
971 3205 1107 3260 ἀλλὰ
1147 3208 1241 3262 καὶ
1281 3211 1441 3280 ἡμεῖς
1481 3192 1609 3284 ὑμῖν
1653 3192 1802 3273 ’κᾶτά

211 3283 339 3379 τὴν-
361 3284 723 3362 ἀποστολικὴν
755 3294 941 3365 φωνὴν
967 3283 1672 3378 συμϐασιλεύσωμενίεύχὴ
1703 3309 1802 3379 μὲν

211 3371 285 3446 ἦν
317 3377 470 3447 ἡμῖν,
503 3381 552 3432 εί
579 3381 824 3451 δυνατὸν,
857 3386 1060 3442 ἅπασιν
1084 3389 1296 3461 ἀθρόως
1326 3371 1802 3465 καταλιπούσιτὰς

226 3466 573 3564 ΪΕιικλησίας,
599 3473 676 3542 τῷ
692 3475 841 3546 πόθῳ
863 3477 894 3547 ἢ
918 3482 984 3549 τῇ
1017 3482 1175 3553 χρείᾳ
1202 3484 1552 3556 χαρίσασθαι.
1572 3491 1666 3555 Τίς
1689 3482 1822 3564 γὰρ’

214 3558 346 3648 ἡμῖν
381 3559 540 3614 δώσει
595 3564 876 3635 πτέρυγας
921 3570 1052 3625 ὡσεὶ
1095 3581 1446 3648 περιστερᾶς,
1482 3583 1576 3636 καὶ¹
1628 3558 1796 3639 πεταλ-

213 3643 546 3738 σθησόμεθα,
572 3653 666 3706 καὶ
702 3655 836 3725 πρὸς
865 3658 1008 3728 ὑμᾶς
1029 3643 1483 3738 καταπαύσομεν;
1517 3672 1639 3726 ἐπεὶ
1671 3675 1717 3707 ³⁵
1739 3675 1795 3728 δέ

211 3736 374 3840 ¹τοῦτο
399 3743 702 3840 ,παντελῶς
732 3749 968 3820 ἐγύμνου
1005 3753 1105 3818 τὰς
1152 3736 1493 3831 Ἐκκλησίας,
1526 3764 1650 3836 ἄρτι
1697 3769 1794 3840 τῆς

208 3830 564 3926 ἀνανεώσεως
595 3838 908 3911 ἀρχομένας
937 3845 1002 3910 ³⁸,
1031 3848 1125 3902 καὶ
1149 3850 1209 3903 τὸ
1235 3855 1470 3926 πρᾶγμα
1510 3830 1793 3914 πανιιςάιποίζ

209 3938 295 4024 σιν
406 3929 516 3991 τοῖς
557 3930 772 3996 πολλοῖς
810 3935 1084 3994 ἀδύνατον·
1103 3918 1663 4021 συνεδεδραμήκειμεν
1684 3953 1792 4024 γὰρ

207 4014 289 4074 είς
314 4015 410 4115 τὴν
436 4019 1029 4095 Κωνσταντινούπολιν,
1067 4034 1131 4086 ἐκ
1157 4034 1268 4088 τῶν
1298 4014 1497 4108 πέρυσι
1531 4014 1794 4115 γραμμά-

207 4120 316 4204 των
467 4113 620 4204 παρὰ
645 4117 747 4204 τῆς
781 4119 1054 4192 ὑμετέρας
1082 4107 1398 4198 τιμιότητος
1432 4107 1581 4201 μετά·
1733 4139 1791 4190 ἐν

220 4193 482 4292 ἶΑκμληῖα
518 4200 732 4258 σύνοδον
787 4207 922 4278 πρὸς
950 4212 1044 4266 τὸν
1072 4193 1487 4283 θεοφιλέστατον
1563 4193 1788 4292 βασιλέα

1921 1844 2082 1913 ejecti
2114 1853 2262 1910 sunt,
2301 1847 2483 1900 ovium
2518 1862 2711 1917 greges
2747 1848 2802 1902 in
2835 1849 3004 1919 sylvis
3039 1847 3330 1919 diripiunt,
3367 1867 3501 1906 cou-

1924 1938 2127 1992 trarios
2185 1946 2493 1993 conventus
2555 1947 2747 2009 agunt,
2809 1941 3138 2010 populorqu
3205 1943 3505 2000 seditiones

1920 2027 2248 2095 concitant,
2302 2029 2440 2083 nihil
2497 2028 2736 2100 denique
2786 2031 2930 2100 quod
2985 2033 3245 2088 Ecclesiis
3307 2050 3504 2091 novere

1918 2128 2085 2190 queat
2145 2121 2590 2191 przetermittunt.
2629 2121 2812 2188 Quare
2854 2124 2906 2177 in
2939 2124 3024 2179 his
3066 2142 3298 2182 necesse
3343 2130 3502 2184 nobis

1917 2219 2056 2276 erat,
2091 2219 2150 2265 ut
2181 2212 2440 2272 diximus,
2485 2213 2748 2282 longioris
2783 2215 3047 2284 temporis
3077 2233 3301 2286 operam
3328 2220 3501 2275 collo-

1918 2318 2064 2359 care.
2101 2301 2258 2357 Nunc
2311 2319 2467 2369 vero,
2493 2315 2780 2374 postquam
2843 2306 3114 2376 synodum
3169 2305 3354 2361 liomae
3408 2307 3500 2362 llci

1917 2402 2051 2447 nutu
2103 2404 2521 2465 congregantes,
2561 2410 2663 2449 nos
2715 2396 2878 2449 etiam
2933 2412 3032 2466 pro
3082 2396 3323 2452 fraterna
3371 2414 3499 2468 erga

1915 2501 2016 2540 nos
2047 2486 2317 2539 charitate
2336 2494 2536 2552 vestra,
2569 2495 2830 2555 tauquam
2859 2487 3102 2541 membra
3126 2489 3368 2558 propria,
3403 2505 3498 2558 per

1915 2576 2312 2647 religiosissimi
2339 2576 2682 2647 imperatoris
2720 2578 2930 2633 litteras
2956 2579 3251 2639 evocastis.
3278 2595 3346 2634 ne
3369 2582 3498 2650 quia

1915 2669 2016 2724 soli
2059 2677 2190 2722 tunc
2243 2667 2310 2721 ad
2365 2668 2682 2723 subeundas
2719 2683 2994 2724 mrumnas
3028 2669 3233 2726 [uimus
3267 2657 3493 2737 addicti,

1915 2761 2141 2820 nuncin
2199 2763 2302 2815 ista
2361 2761 2753 2831 imperatorum
2817 2762 2884 2818 de
2942 2763 3143 2831 pietate
3201 2767 3495 2822 concordia

1913 2853 2016 2909 soli
2073 2851 2340 2922 regnetis,
2396 2850 2491 2906 sed
2551 2869 2650 2906 nos
2711 2853 2876 2906 etiam
2913 2854 3234 2919 vobiscum,
3289 2865 3348 2908 ut
3416 2858 3495 2910 ait

1909 2943 2210 3012 Apostolus
2233 2954 2278 3008 ο,
2328 2957 2750 3011 conregnemus,
2809 2945 3160 3014 optabamus,
3197 2947 3410 3016 1030
3443 2948 3490 3002 si

1905 3035 2028 3089 tieri
2059 3041 2264 3104 posset,
2297 3048 2489 3087 omnes
2523 3034 2707 3099 simul,
2747 3033 2958 3088 relictis
3005 3034 3298 3098 Ecclesiis,
3338 3038 3490 3091 desi-

1905 3129 2057 3183 derio
2080 3128 2264 3198 pomis
2285 3141 2450 3196 quam
2481 3127 2702 3180 utilitati
2729 3126 2956 3182 servire.
2989 3126 3122 3194 Quis
3139 3131 3288 3184 enim
3331 3131 3489 3186 nobis

1901 3219 2055 3272 dabit
2080 3232 2285 3285 pennas
2315 3217 2460 3271 sicut
2484 3217 2753 3270 columbae
2775 3217 2818 3281 ί,
2841 3225 2899 3270 ιιι
2927 3219 3196 3284 volemus,
3223 3229 3274 3275 et
3305 3224 3489 3292 requi-

1902 3323 2156 3364 cscamus
2199 3307 2340 3376 apud
2385 3309 2530 3362 vos?
2586 3307 2784 3362 Verum
2841 3311 2969 3379 quia
3016 3311 3119 3366 hoc
3181 3313 3483 3382 Ecclesias,

1903 3419 2195 3474 qumuunc
2225 3405 2463 3474 primum
2505 3403 2801 3472 incipiunt,
2838 3420 3064 3474 prorsus
3117 3406 3370 3470 nudaret,
3428 3417 3485 3461 ct

1869 3513 2012 3558 ,rem
2053 3507 2312 3566 praestare
2360 3497 2590 3550 omnino
2644 3497 2800 3551 multi
2856 3513 2965 3552 nou
2999 3508 3271 3568 poterant,
3308 3501 3323 3520 ⁶
3354 3514 3484 3554 con-

1899 3604 2228 3643 veneramus
2262 3589 2406 3643 enim
2455 3585 3034 3659 Constantinopolim,
3085 3591 3150 3644 ad
3195 3591 3405 3646 litteras
3451 3607 3482 3647 a

1900 3680 2206 3736 reverentia
2240 3688 2424 3735 vestra
2456 3682 2744 3750 superiore
2808 3697 2956 3735 anno
3007 3691 3130 3751 post
3187 3685 3480 3738 concilium

1895 3772 2248 3843 Aquileiensc
2276 3772 2342 3827 ad
2372 3773 2854 3843 religiosissimum
2884 3775 3274 3845 imperatorem
3302 3776 3482 3833 Theo-

1894 3865 2107 3919 dosium
2146 3864 2365 3929 missas,
2412 3867 2478 3921 ad
2515 3866 2619 3921 hoc
2659 3867 2838 3923 solum
2881 3867 2986 3923 iter
3012 3867 3481 3941 Constantinopo-

1895 3958 1988 4010 lim
2043 3973 2217 4027 usquc
2271 3958 2556 4024 instructi,
2607 3967 2662 4014 et
2725 3959 2792 4013 de
2853 3960 2955 4015 hac
3005 3972 3218 4016 tantum
3268 3965 3478 4034 synodo

1892 4048 2275 4118 episcoporum
2321 4049 2416 4118 qui
2446 4051 2497 4103 in
2543 4051 2843 4120 provinciis
2903 4065 3292 4109 remanserunt
3343 4070 3478 4109 con-

1892 4127 2114 4193 sensum
2151 4139 2462 4204 all'crcntes,
2501 4156 2626 4194 cum
2681 4141 2749 4196 de
2801 4142 3070 4212 longioris
3113 4143 3473 4212 profectionis

1889 4245 2058 4285 onere
2093 4246 2191 4286 nec
2227 4232 2490 4300 suspicati
2529 4247 2802 4296 essemus,
2838 4247 2939 4286 nec
2987 4243 3113 4288 ante
3171 4235 3472 4304 quidquam

204 4286 483 4392 IOeoéémov
538 4293 990 4357 ἐπισταλθέντωψ
1038 4306 1176 4376 πρὸς
1223 4310 1391 4382 μόνην
1440 4286 1644 4389 ταύτην
1688 4320 1787 4392 τὴν

1909 4322 2235 4377 Iudissemus
2287 4337 2450 4391 quam
2512 4321 3044 4391 Constantinopolim
3091 4327 3469 4392 pervenimus:

202 4379 514 4492 ἀποδημίαν
575 4387 674 4457 τὴν
737 4391 900 4464 μέχρι
961 4379 1610 4474 Κωνσταντινουπόλεως
1649 4379 1788 4485 παρ-

1909 4428 2018 4466 :um
2050 4406 2338 4482 praistituti
2391 4428 2611 4482 quoque
2671 4414 2934 4483 temporis
2975 4406 3250 4485 angustia,
3295 4433 3472 4488 neque

208 4475 597 4569 εσκευασμένοι
623 4481 690 4546 ³⁸,
729 4485 824 4537 καὶ
853 4489 980 4559 περὶ
1001 4489 1204 4564 ταύτης
1235 4495 1403 4568 μόνης
1435 4500 1536 4569 τῆς
1565 4475 1785 4560 συνόδου

202 4562 310 4614 τῶν
349 4566 406 4618 ἐν
447 4573 568 4634 ταῖς
608 4573 902 4646 ἐπαρχίαις
951 4583 1251 4650 μεινάντων
1299 4589 1612 4647 ἐπισκόπων
1659 4614 1788 4667 συγ-

200 4655 494 4757 κατάθεσιν
526 4662 877 4736 ἐπαγόμενοι,
932 4670 1081 4745 [210]
1125 4676 1372 4744 μείζονος
1409 4680 1465 4735 δὲ
1511 4683 1556 4714 ³⁷
1585 4655 1789 4757 ἀποδη-

203 4745 332 4820 μίξις
360 4752 494 4846 μήτε
531 4758 1004 4829 προσδοκήσαντες
1053 4767 1265 4836 χρείαν,
1325 4772 1463 4842 μήτε
1507 4745 1788 4846 προαχθέ-

201 4852 390 4904 σαντες
409 4843 566 4909 ὅλως,
587 4849 716 4918 πρὶν
743 4851 802 4905 ἐν
830 4855 1398 4918 Κωνσταντινουπόλει
1415 4866 1459 4897 ³⁸
1489 4868 1785 4924 συνελθεῖνσ

273 5029 295 5058 ε
320 5018 341 5073 l
371 5020 494 5076 Cor.
528 5039 602 5092 tv,
634 5027 684 5082 8.
775 5030 794 5070 ί
836 5032 980 5093 Psal.
1020 5054 1128 5106 Liv,
1164 5039 1215 5098 7.

1889 4503 1955 4557 ad
1991 4504 2206 4574 longius
2243 4505 2348 4560 iter
2401 4503 2799 4568 adornandum,
2845 4520 3022 4575 neque
3071 4507 3136 4561 ad
3180 4508 3469 4580 episcopos

1889 4597 2291 4652 comunmionis
2328 4605 2531 4654 nostra:
2557 4599 2651 4668 qui
2697 4599 2751 4653 in
2785 4600 3084 4668 provinciis
3131 4611 3289 4656 erant
3324 4617 3470 4656 comn

1890 4690 2340 4748 iuonel'acicudos
2367 4732 2382 4755 ,
2437 4707 2742 4764 eorumque
2788 4708 3098 4750 consensus
3138 4695 3466 4752 obtinendos

1890 4782 2026 4838 satis
2068 4790 2213 4839 esset
2245 4803 2257 4838 :
2289 4785 2552 4854 quoniam
2605 4785 2721 4840 hare
2777 4787 3060 4857 multaque
3125 4788 3313 4843 adhaec
3355 4789 3465 4843 alia

1890 4875 2156 4945 plurimos
2180 4878 2366 4933 venire
2397 4878 2780 4950 prohibebant,
2806 4881 2949 4951 quod
2981 4880 3292 4952 proximum
3322 4892 3463 4947 erat,

1498 5203 1585 5258 VA
1595 5204 1732 5261 RIIE
1775 5206 2176 5268 LECTIONES.

297 5367 766 5462 ’διπροστιμήσεις
798 5385 952 5462 recte
960 5383 1222 5462 rescribit
1243 5383 1514 5462 Valesius,
1541 5394 1703 5462 προτί

193 5436 514 5520 Bas._Gr_i_ec_.
549 5436 604 5497 e't
632 5436 754 5498 Lat.
786 5462 909 5520 cum
942 5451 1134 5520 Steph.
1162 5455 1210 5506 1.

190 5576 355 5631 Iidem
384 5597 509 5634 cum

1749 5409 1872 5464 ησις
1898 5397 2116 5473 quidem
2138 5400 2363 5473 nullum
2382 5398 2471 5473 hic
2499 5414 2722 5473 sensum
2756 5400 2936 5456 habet.
3013 5403 3056 5434 ³³
3082 5402 3459 5473 δημοσιεύσεις

928 5456 1134 5537 .S‘tcp‘l‘i.
1162 5456 1210 5537 1..
1282 5456 1359 5537 ⁸³2
1377 5456 1625 5537 δύναιτό.-
1646 5456 1810 5518 Iidem
1841 5456 1967 5537 cuin
1991 5467 2216 5537 Niceph.

191 5510 350 5585 codd.
389 5512 669 5636 Ἐτίνῖμεν
695 5523 780 5570 est
807 5510 1056 5584 Christ,
1073 5522 1217 5576 Scal.
1243 5533 1297 5596 et
1321 5510 2105 5604 Casaubfit—eni‘qiie‘

191 5576 355 5631 lideui
384 5597 509 5634 eum
595 5586 772 5636 lccnh.
853 5587 898 5620 ³⁸
929 5591 1258 5636 ἀονοιιέντιςπ
1307 5595 1444 5636 [mil
1546 5601 1590 5631 ac
1619 5607 2105 5636 ηηηηηυρ..-,,ι..ρ.

2323 5469 2368 5544 ξι
2401 5470 2609 5544 ἐπειδὴ,
2649 5471 2836 5544 Iidem.
2905 5474 2959 5544 7"
2983 5469 3256 5544 ἐτίναμεν.
3290 5469 3456 5530 lideui

2195 5539 2658 5628 δξυέξεπριίδευσεἈ
2672 5541 2792 5596 Bas.
2824 5553 2876 5628 et
2898 5543 3084 5628 Steph.
3106 5539 3150 5628 ς
3171 5545 3227 5628 '1
3244 5545 3456 5628 ἐπειδήΓ

595 5583 1469 5686 serg._,3»utgxgmgg.§ii.
1517 5601 1594 5686 ,ξε
1613 5583 2193 5686 agrosagros...
2224 5583 3161 5686 Νῖδδίίιῑῖειιξλιῥξιξμξιᾶἕιιςξηι.
3195 5583 3461 5670 εἶ”ἶῗὲἑ

189 5649 344 5704 abi-st
368 5666 397 5706 a
430 5650 598 5711 Basil.
681 5649 757 5687 ’³⁸
783 5663 862 5725 είς
895 5649 1484 5723 Κώνσταντίνονπόλιν,
