4032 6192
277 331 410 399 ιειτ

1303 327 1892 390 ECCLESIASTIC/E
1921 327 2306 390 HISTORIIE
2335 331 2481 392 LIB.
2506 333 2576 393 ν.

3405 337 3542 402 1218

272 451 709 517 καταξιώσαντες
751 451 1012 520 ἐντυχεῖν,
1062 448 1155 503 καὶ
1195 447 1273 518 τῷ
1319 451 1548 519 πέρυσιν
1589 450 1647 500 ἐν
1693 450 1846 501 Κων-

1961 447 2144 502 :lesias
2160 446 2558 511 administrari,
2585 452 2698 500 tum
2734 446 3232 502 illustrissimarum
3271 447 3543 505 Ecclesia-

275 531 714 600 σταντινουπὸλει
774 542 926 613 παρὰ
984 542 1084 612 τῆς
1137 542 1522 612 οίκουμενικῆς
1575 541 1850 595 ἑκτεθέντι

277 635 515 699 συνόδου,
547 636 604 687 ὲν
643 630 725 697 οἷς
763 632 1098 704 πλατύτερον
1132 632 1229 703 τὴν
1268 631 1451 686 πίστιν
1494 632 1849 704 ὡμολογήσα-

276 745 394 798 μεν,
447 728 540 780 καὶ
606 726 714 780 τῶν
754 725 984 796 ἔναγχος
1041 724 1540 796 καινοτομηθεισῶν
1588 724 1852 794 αἱρέσεων

273 821 716 891 ὰναθεματισμὺν
748 820 1023 892 ἔγγραφον
1075 819 1476 889 πεποιήκαμεν.
1514 817 1646 887 Περὶ
1660 817 1716 869 δὲ
1747 815 1852 869 τῶν

273 912 596 990 οἰκονομιῶν
645 912 754 965 τῶν
806 913 948 967 κατά
999 911 1168 983 μέρος
1217 913 1275 964 ὲν
1325 912 1443 973 ταῖς
1477 907 1851 980 Ἐκκλησίαις,

275 1005 505 1068 παλαιός
547 1023 624 1071 τε,
665 1005 740 1068 ὡς
780 1005 917 1068 ἴστε,
973 1003 1176 1075 θεσμὸς
1217 1003 1550 1074 κεκράτηκε,
1600 1003 1694 1056 καὶ
1747 1001 1854 1055 τῶν

280 1097 454 1166 ἁγίων
489 1099 546 1150 ὲν
581 1097 786 1166 Νικαία
824 1095 1082 1168 Πατὲρων
1115 1096 1241 1165 ὅρος
1273 1095 1396 1149 καθ’
1425 1094 1661 1164 ἑκάστην
1691 1094 1857 1163 ἐπαρ-

275 1181 398 1252 χίαν
432 1183 554 1246 τοὺς
577 1182 676 1252 τῆς
705 1182 994 1253 ἐπαρχίας,
1043 1183 1138 1235 καὶ
1175 1182 1333 1253 εἴπερ
1354 1183 1552 1236 ἐκεῖνοι
1583 1182 1858 1251 βούλοιντο

279 1273 376 1324 σὺν
433 1272 616 1335 αὐτοῖς
643 1272 767 1336 τοὺς
795 1271 1054 1342 ὁμόρους,
1100 1272 1236 1340 πρὸς
1264 1273 1326 1325 τὸ
1366 1273 1647 1344 συμφέρον
1685 1275 1857 1326 ποιεῖ-

278 1363 408 1416 σθαι
453 1363 550 1426 τὰς
584 1363 936 1434 χειροτονίας.
973 1355 1068 1425 υἷς
1095 1361 1424 1426 ἀκολούθως,
1456 1363 1555 1424 τάς
1582 1379 1640 1414 τε
1663 1361 1858 1426 λοιπὰς

275 1453 603 1525 Ἐκκλησίας
645 1456 776 1525 παρ’
801 1457 934 1524 ἡμῖν
973 1452 1372 1523 οἰκονομεῖσθαι
1423 1453 1740 1522 γινώσκετε,
1767 1451 1858 1506 καὶ

275 1547 383 1600 τῶν
415 1545 834 1616 ἐπισημοτάτων
879 1543 1218 1615 Ἐκκλησιῶν
1264 1545 1640 1615 ἀναδεδεῖχθαι
1668 1545 1711 1576 δ’
1733 1545 1858 1607 τοὺς

277 1641 464 1710 ἱερεῖς.
495 1638 655 1692 Ὅθεν
704 1639 801 1708 τῆς
835 1638 932 1708 μὲν
963 1639 1021 1690 ἐν
1051 1636 1627 1690 Κωνσταντινουπόλει
1659 1653 1859 1690 νεοπα-

276 1726 428 1794 γοῦς,
457 1727 531 1789 ὡς
557 1727 622 1780 ἂν
644 1727 789 1779 εἴποι
818 1743 922 1791 τις,
950 1725 1300 1796 Ἐκκλησίας,
1323 1726 1388 1796 ἣν
1424 1724 1610 1795 ὥσπερ
1641 1727 1705 1778 ἐκ
1732 1725 1854 1778 στό-

273 1835 447 1887 ματος
487 1819 701 1880 λέοντος
721 1818 818 1888 τῆς
871 1817 979 1871 τῶν
1021 1816 1312 1888 αἱρετικῶν
1347 1817 1696 1888 βλασφημίας
1718 1816 1853 1871 ὑπό-

278 1927 408 1979 γυον
431 1909 823 1980 ἐξηρπάσαμεν
853 1908 939 1962 διὰ
972 1907 1081 1962 τῶν
1108 1909 1413 1980 οἰκτιρμῶν
1439 1908 1533 1962 τοῦ
1560 1907 1720 1982 Θεοῦ,
1765 1908 1856 1962 τὸν

183 2019 186 2022 ’
276 1999 706 2070 αἰδεσιμώτατον
745 1999 840 2052 καὶ
866 1999 1280 2068 θεοφιλέστατον
1307 1999 1610 2062 Νεκτάριον
1633 1998 1856 2052 ἐπίσκο-

279 2107 380 2143 πον
401 2091 949 2162 κεχειροτονήκαμεν,
983 2090 1076 2142 ἐπὶ
1093 2090 1192 2160 τῆς
1219 2091 1606 2160 οίκουμενικῆς
1637 2090 1856 2144 συνόδου

281 2181 420 2251 μετά
445 2184 628 2252 κοινῆς
652 2182 924 2252 ὁμονοίας,
951 2181 1043 2235 ὑπ’
1065 2179 1222 2250 ὄψεσι
1270 2181 1364 2234 καὶ
1390 2178 1483 2234 τοῦ
1509 2180 1857 2250 θεοφιλεστά-

279 2289 371 2326 του
396 2272 658 2343 βασιλέως
703 2273 1010 2338 Θεοδοσίου,
1042 2272 1244 2336 παντός
1288 2289 1348 2326 τε
1369 2271 1475 2344 105
1508 2272 1734 2344 κλήρου,
1764 2271 1860 2326 καὶ

282 2338 464 2432 πάσης
491 2363 964 2434 ὲπιψηφιζομένης
1001 2363 1102 2434 τῆς
1125 2338 1494 2434 πόλεωςῙῖῆς
1516 2363 1572 2416 δὲ
1599 2338 1860 2436 ⁷ίτιερεσῢυ-

279 2455 447 2525 τάτης
472 2456 565 2508 καλ⁵
584 2457 752 2518 ὅντως
792 2457 1158 2526 άποστολικῆς
1181 2455 1514 2526 Ἐκκλησίας
1543 2455 1640 2526 τῆς
1679 2458 1736 2508 έν
1752 2457 1864 2508 ’Λν-

280 2546 486 2619 τιοχείᾳ
510 2548 606 2617 τῆς
631 2547 849 2618 Συρίας,
883 2549 942 2599 ἐν
1038 2545 1230 2620 πρώτῃ
1259 2547 1319 2600 τὸ
1347 2547 1528 2616 τίμιον
1567 2548 1677 2599 τῶν
1731 2547 1864 2618 Χρι-

282 2640 513 2692 στιανῶν
552 2639 923 2710 ἐχρημάτισεν
966 2639 1154 2709 ὄνομα,
1183 2637 1272 2691 τὸν
1302 2637 1731 2708 αίδεσιμὼτατον
1768 2639 1863 2692 καὶ

281 2727 691 2796 θεοφιλέστατον
736 2728 1036 2783 ἐπίσκοπον
1056 2727 1354 2782 Φλαὸιανὸν
1386 2729 1522 2780 οἵτε
1552 2729 1651 2798 τῆς
1693 2729 1864 2802 ἐπαρ-

252 2818 402 2890 ,χίας
437 2820 530 2873 καὶ
571 2819 673 2888 τῆς
743 2819 1073 2889 ἀνατολικῆς
1110 2819 1428 2890 διοικήσεως
1468 2819 1865 2890 συνδραμόντες

280 2910 580 2972 κανονικῶς
611 2911 1045 2981 ἐχειροτόνησαν,
1074 2911 1257 2982 πάσης
1291 2913 1586 2982 συμψήφου
1618 2913 1714 2982 τῆς
1741 2911 1866 2965 Ἐκ-

282 3001 512 3072 κλησίας
541 3001 730 3072 ὥσπερ
773 3001 861 3054 διὰ
907 3003 1035 3072 μιᾶς
1068 3002 1254 3072 φωνῆς
1293 3002 1384 3056 τὸν
1417 3002 1586 3074 ἄνδρα
1626 3005 1865 3074 τιμησά-

282 3093 583 3188 σηςᾼῇνπερ
621 3092 880 3188 ἔνθεσμον
928 3094 1266 3164 χειροτονίαν
1300 3093 1516 3161 ἐδέξατο
1550 3096 1645 3149 καὶ
1671 3097 1733 3149 τὸ
1761 3097 1860 3168 τῆς
1887 3131 1930 3188 C

286 3177 502 3237 συνόδου
529 3167 867 3270 κοινὸνδρῆς
904 3184 960 3238 δέ
995 3201 1056 3252 γε
1096 3185 1303 3260 μητρὸς
1334 3186 1567 3239 ἀπασῶν
1596 3187 1704 3240 τῶν
1746 3167 1862 3241 Ἐκ-

284 3275 525 3344 κλησιῶν
581 3276 680 3346 τῆς
721 3277 778 3330 ὲν
830 3275 1246 3347 Ἰεροσολύμοις,
1294 3275 1386 3328 τὸν
1433 3277 1862 3348 αἰδεσιμὼτατον

283 3359 816 3436 καῖ”θεοφιλέστατον
846 3367 1114 3440 Κύριλλον
1157 3367 1453 3422 ἐπίσκοπον
1493 3364 1632 3422 εἶναι
1664 3371 1862 3440 γνωρί-

279 3455 470 3527 ζομεν,
498 3459 798 3523 κανονικῶς
847 3477 907 3512 τε
943 3459 1094 3531 παρά
1143 3459 1250 3513 τῶν
1283 3459 1384 3529 τῆς
1432 3460 1702 3530 ἐπαρχίας
1753 3478 1865 3531 χει-

286 3547 640 3616 ροτονηθέντα
678 3549 867 3614 πάλαι,
905 3551 999 3604 καὶ
1028 3551 1254 3604 πλεῖστα
1303 3551 1439 3622 πρὸς
1481 3553 1605 3615 τοὺς
1647 3554 1861 3622 Ἄρειο-

285 3639 410 3702 νοὺς
453 3639 510 3692 ὲν
553 3640 826 3712 διαφόροις
883 3643 1065 3708 τόποις
1120 3644 1491 3718 άθλήσανταά
1511 3640 1606 3708 Οἷς
1662 3645 1737 3709 ὼς
1779 3647 1864 3700 ὲν-

282 3726 503 3798 θέσμως
549 3732 644 3785 καὶ
694 3733 997 3799 κανονικῶς
1029 3735 1161 3805 παρ’
1184 3737 1315 3806 ἡμῖν
1347 3739 1738 3808 κεκρατηκόσι,
1769 3739 1865 3792 καὶ

282 3816 381 3889 τὴν
413 3820 684 3892 ὑμετέραν
714 3824 1033 3896 συγχαίρειν
1085 3825 1510 3897 παρακαλοῦμεν
1553 3827 1862 3890 εύλάΰειαν,

282 3911 384 3982 τῆς
445 3919 821 3989 πνευματικῆς
869 3917 1259 3990 μεσιτευούσης
1311 3919 1553 3991 ἀγάπης,
1617 3921 1712 3973 καὶ
1770 3919 1864 3973 τοῦ

285 4004 551 4076 κυριακοῦ
597 4008 786 4075 φόϐου,
820 4011 1002 4064 πᾶσαν
1055 4011 1156 4081 μὲν
1183 4011 1638 4073 καταστέλλοντος
1663 4011 1869 4082 ἀνθρω-

287 4092 450 4161 πίνην
499 4095 652 4168 [212]
700 4101 1098 4168 προσπάθειαν,
1145 4100 1242 4171 τὴν
1288 4101 1346 4154 δὲ
1391 4101 1498 4154 τῶν
1529 4102 1868 4172 Ἐκκλησιῶν

288 4181 575 4256 οἰκοδομὴν
616 4188 1019 4258 προτιμοτέραν
1056 4189 1338 4253 ποιοῦντος
1362 4191 1408 4223 ⁸ο
1456 4194 1554 4262 τῆς
1593 4193 1748 4262 πρὸςε
1777 4192 1868 4246 τὸν

1956 555 2074 592 rum
2099 545 2316 592 creatos
2345 536 2516 591 fuisse
2539 538 2876 593 sacerdotes.
2902 536 3060 592 Unde
3097 548 3151 591 et
3169 555 3345 604 novae,
3377 547 3436 594 ut
3459 542 3542 596 sic

1952 644 2232 694 vocemus,
2253 629 2499 683 ecclesiae
2524 627 3168 699 Constantinopolitanze,
3186 645 3348 698 quam
3367 647 3542 701 nuper

1953 738 2016 778 cx
2043 723 2424 778 bzerelicorum
2449 721 2808 789 blasphemia,
2836 729 3097 789 tanquam
3131 736 3194 774 ex
3243 735 3338 775 ore
3364 721 3540 777 leonis

1959 813 2169 884 1033
2193 829 2290 882 per
2319 813 2410 867 Dei
2442 810 2880 867 miscricordiam
2915 812 3219 879 eripuimus
3242 853 3256 877 ,
3287 828 3543 868 reveren-

1955 907 2246 961 dissimum
2267 903 2858 974 religiosissimumque
2885 903 3198 957 Nectarium
3227 904 3280 957 in
3301 907 3542 974 generali

1957 999 2226 1062 concilio,
2256 996 2535 1050 communi
2569 995 2814 1049 omnium
2845 1009 3120 1049 consensu
3144 1033 3158 1056 ,
3191 1003 3245 1049 et
3274 1004 3542 1065 praesente

1957 1089 2376 1161 religiosissime
2413 1089 2744 1156 imperatore
2769 1085 3102 1151 Theodosio,
3132 1086 3392 1154 cleroqne
3420 1087 3545 1140 uni-

1957 1198 2153 1246 verso,
2189 1191 2241 1236 et
2285 1189 2486 1248 cun_c_ta
2536 1177 2869 1248 suﬁ‘ragante
2921 1177 3179 1243 civitate,
3221 1175 3542 1245 episcopum

1957 1236 2472 1328 constituimusfét
2505 1269 2912 1338 antiquissima:
2945 1282 3196 1336 veraque
3231 1267 3546 1336 apostolicae

1957 1364 2318 1419 Antiochenae
2349 1363 2402 1416 in
2429 1361 2588 1432 Syria
2624 1361 2920 1425 Ecclesiae,
2950 1359 3004 1412 in
3035 1374 3138 1427 qua
3174 1358 3353 1426 primo
3383 1373 3546 1412 vene-

1958 1455 2194 1510 randum
2226 1454 2674 1509 Christianorum
2708 1466 2909 1506 nomen
2945 1450 3194 1503 auditum
3231 1457 3348 1510 est,
3387 1464 3544 1504 reve-

1958 1547 2350 1602 rendissimum
2384 1553 2438 1601 et
2471 1543 2953 1615 religiosissimum
2983 1543 3302 1611 episcopum
3329 1539 3543 1594 Flavia-

1960 1655 2089 1693 num
2127 1638 2424 1709 provincia:
2455 1636 2618 1692 simul
2649 1643 2703 1690 et
2735 1634 2996 1689 dioecesis
3017 1633 3312 1687 Orientalis
3339 1647 3542 1686 conve-

1961 1731 2174 1784 nientes
2203 1729 2444 1798 episcopi
2474 1727 2739 1782 canonice
2767 1724 3132 1786 ordinarunt,
3160 1731 3273 1776 tota
3299 1723 3543 1778 Ecclesia

1959 1821 2344 1876 consentiente
2367 1861 2380 1885 ,
2413 1825 2466 1873 et
2497 1819 2655 1885 quasi
2691 1832 2802 1871 uno
2833 1832 2930 1871 ore
2963 1817 3140 1869 virum
3169 1815 3540 1870 collaudante.

1958 1911 2142 1978 Quam.
2193 1911 2415 1980 quidem
2475 1910 2775 1980 legitimam
2838 1907 3242 1962 ordinationem
3301 1907 3544 1978 synodus

1959 2017 2180 2074 quoque
2233 2001 2564 2056 universalis
2599 1984 3228 2070 comprobaviwatris
3275 2013 3414 2073 vero
3450 1997 3546 2052 Ec-

1958 2094 2256 2154 clesiarum
2303 2095 2549 2148 omnium
2586 2089 3106 2160 Hierosolymitanaa
3142 2075 3544 2144 reverendissi-

1959 2202 2108 2241 mum
2139 2195 2192 2241 et
2217 2184 2700 2255 religiosissimum
2734 2183 3006 2253 Cyrillum
3053 2181 3370 2251 episcopum
3421 2196 3546 2236 esse

1961 2277 2377 2349 signiﬁcamus;
2411 2275 2506 2346 qui
2541 2283 2596 2330 et
2625 2275 2895 2329 canonice
2924 2273 3056 2327 olim
3091 2272 3193 2325 l'uit
3230 2273 3297 2326 ab
3327 2272 3546 2342 episco-

1961 2371 2047 2441 pis
2079 2369 2378 2440 provinciae
2405 2367 2725 2431 ordinatus,
2758 2372 2812 2419 et
2842 2379 2966 2418 cum
2996 2363 3218 2416 Arianis
3251 2363 3546 2432 plurimum

1961 2461 2198 2516 diversis
2231 2461 2284 2512 in
2314 2459 2450 2512 locis
2482 2453 3043 2540 decertavihQuibus
3075 2461 3333 2522 tanquam
3364 2453 3546 2520 legiti-

1961 2567 2050 2606 me
2077 2560 2130 2606 et
2161 2549 2427 2606 canonice
2455 2550 2596 2619 apud
2628 2561 2729 2602 nos
2763 2544 3082 2600 constitutis
3103 2586 3118 2609 ,
3144 2550 3380 2598 vestram
3411 2557 3547 2611 quo-

1963 2658 2071 2714 que
2086 2641 2449 2697 reverentiam
2467 2639 2753 2711 ‘gratulari
2770 2636 3152 2698 obsecramus,
3175 2633 3548 2689 intercedente

1963 2733 2203 2804 Spiritali
2257 2732 2570 2798 charitate,
2620 2737 2674 2784 et
2723 2727 2940 2782 Domini
2995 2726 3197 2781 timore
3245 2726 3545 2779 lmmanum

1963 2839 2182 2879 omnem
2231 2823 2482 2878 allectum
2529 2827 2848 2882 coercente,
2918 2819 3385 2886 ecclesiarumque
3411 2815 3532 2871 mdi-

1964 2916 2277 2970 ﬁcationem
2316 2913 2494 2985 pluris
2549 2911 2677 2966 duci
2718 2910 2994 2974 faciente,
3050 2924 3215 2978 quam
3268 2909 3545 2977 privatum

1964 3021 2097 3077 erga
2150 3018 2602 3073 unumquemque
2657 3002 2994 3056 voluntatem
3050 3007 3105 3053 et
3148 2999 3400 3068 gratiam.
3454 2995 3548 3050 Sic

1964 3099 2108 3154 enim
2159 3103 2214 3151 et
2267 3093 2393 3149 ﬁdei
2447 3092 2699 3147 doctrina
2745 3095 3108 3152 consonante,
3143 3095 3198 3142 et
3229 3086 3546 3142 Christiana

1963 3193 2020 3247 in
2054 3189 2214 3244 nobis
2245 3188 2518 3242 cbaritate
2552 3185 2874 3240 conﬁrmata
2898 3223 2913 3248 ,
2947 3183 3267 3238 desinemus
3300 3180 3433 3235 illud
3463 3179 3548 3234 di-

1962 3299 2088 3340 cere
2124 3281 2270 3352 quod
2301 3281 2370 3334 ab
2411 3278 2680 3348 apostolis
2718 3278 3038 3331 damnatum
3064 3283 3186 3330 est:
3223 3294 3240 3326 ι
3273 3274 3385 3345 Ego
3421 3271 3546 3344 qui-

1962 3375 2082 3430 dem
2117 3389 2236 3429 Stllll
2271 3371 2459 3434 Pauli,
2498 3368 2714 3441 1034
2747 3384 2849 3439 ego
2881 3378 3064 3421 autem
3099 3366 3414 3436 Apollonii,
3444 3380 3547 3436 ego

1962 3483 2096 3523 vero
2115 3465 2312 3535 Cephze
2333 3464 2387 3518 δε
2417 3482 2433 3514 ι
2461 3470 2625 3532 atque
2652 3475 2845 3515 omnes
2863 3474 2964 3514 nos
2983 3458 3184 3514 Christi
3215 3473 3338 3512 esse
3363 3468 3547 3512 osten-

1964 3557 2179 3619 dentes,
2199 3556 2292 3626 qui
2323 3555 2377 3609 in
2414 3553 2575 3608 nobis
2607 3551 2819 3606 divisus
2853 3565 2963 3604 non
2994 3557 3102 3613 εει,
3129 3549 3544 3617 indiscerptum,

1965 3650 2076 3705 Deo
2105 3648 2346 3711 favente,
2383 3658 2588 3716 corpus
2604 3643 2864 3700 Ecclesiae
2891 3641 3370 3704 conservabimus,
3398 3650 3452 3693 et
3478 3637 3547 3691 ad

1964 3738 2178 3793 Domini
2220 3735 2460 3790 tribunal
2501 3749 2628 3787 cum
2670 3732 2869 3786 ﬁducia
2911 3729 3378 3799 comparabimus.
3423 3727 3550 3782 Haec

1967 3833 2047 3888 illi
2077 3831 2346 3886 adversus
2368 3826 2508 3892 Arii,
2538 3836 2589 3881 et
2615 3825 2780 3890 Aetii,
2817 3833 2872 3880 et
2892 3823 3146 3878 Eunomii
3177 3821 3508 3876 dementiam
3530 3857 3547 3885 ,

1966 3923 2206 3992 itemque
2234 3927 2427 3975 contra
2460 3917 2787 3981 Sabellium,
2817 3914 3206 3978 etPholinum,
3229 3923 3282 3967 et
3326 3910 3552 3966 Marcel-

1965 4015 2109 4077 lum,
2149 4011 2492 4078 Paulumque
2550 4006 3010 4070 Samosatenum,
3067 4014 3121 4060 et
3171 4003 3548 4056 Macedonium

1977 4103 2381 4172 conscripsere.
2415 4099 2728 4165 Quinetiam
2758 4096 3079 4166 Apollinarii
3126 4095 3422 4148 nevitatem
3471 4091 3550 4146 si-

1967 4197 2173 4251 militer
2203 4201 2392 4262 aperte.
2429 4190 2800 4251 damnarunt,
2853 4203 2976 4241 cum
3015 4186 3309 4250 dixerunt,
3367 4185 3552 4237 lucar-

290 4270 412 4323 καθ⁹
456 4271 553 4324 ἕνα
603 4274 889 4346 συνηθείας
924 4279 966 4309 ⁸¹
1001 4278 1034 4350 ἢ
1073 4280 1316 4349 χάριτος.
1346 4279 1504 4334 Οῦτω
1549 4281 1657 4352 γὰρ
1684 4282 1778 4335 τοῦ
1809 4300 1869 4336 τε

1969 4287 2214 4343 nationis
2239 4299 2461 4356 quoque
2487 4281 2797 4336 doctrinam
2830 4279 3211 4347 incorruptam
3243 4290 3549 4336 seriamus,

264 4361 387 4434 ’τῆς
448 4363 682 4429 πίστεως
722 4370 1178 4440 συμφωνηθέντος
1219 4371 1416 4440 λόγου,
1457 4373 1679 4445 καὶτῆς
1731 4376 1868 4445 Χρι·

1970 4395 2149 4450 neque
2184 4378 2382 4433 anima?
2401 4417 2414 4439 ,
2451 4388 2630 4446 neque
2656 4371 2857 4424 mentis
2884 4375 3165 4438 expertem
3190 4407 3204 4430 ,
3231 4374 3326 4421 aut
3359 4365 3553 4434 imper-

296 4455 581 4526 στιανικῆς
627 4458 973 4533 κυρωθείσης
1016 4463 1073 4515 ὲν
1109 4465 1241 4534 ἡμῖν
1275 4465 1514 4537 ἀγάπης,
1546 4467 1861 4536 παυσόμεθα

1975 4469 2176 4524 lectam
2207 4467 2395 4520 carnis
2422 4463 2889 4533 dispensationem
2926 4459 3295 4545 Sll9.0iplellles

289 4547 538 4614 λέγοντες
564 4553 624 4607 τὸ
647 4553 799 4626 παρά
830 4554 936 4608 τῶν
966 4556 1281 4611 ἀποστόλων
1310 4560 1779 4630 κατεγνωσμένον·
1805 4581 1823 4613 ι
1867 4563 2008 4633 Ἐγὼ
2034 4561 2134 4632 μέν
2166 4562 2282 4630 ειμι
2314 4557 2554 4619 Παύλου,
2587 4553 2696 4624 ἐγὼ
2715 4553 2772 4607 δὲ
2801 4551 3066 4611 ’Δπολλὼ,
3093 4547 3204 4618 ἐγὼ
3230 4548 3285 4601 δὲ
3315 4547 3500 4617 Κηφᾶ·
3530 4567 3548 4597 ι

293 4642 490 4707 πάντες
513 4643 570 4697 δὲ
614 4646 850 4717 Χριστοῦ
899 4648 1181 4718 φανέντες,
1206 4646 1264 4712 ὃς
1301 4651 1358 4702 ἐν
1400 4650 1530 4720 ἡμῖν
1545 4640 1622 4704 ὀὐ
1656 4651 2006 4723 μεμέρισται,
2039 4650 2174 4705 Θεοῦ
2203 4647 2608 4714 καταξιοῦντος,
2631 4643 2886 4712 ἄσχιστον
2916 4640 2977 4693 τὸ
3009 4639 3170 4709 σῶμα
3196 4638 3296 4708 τῆς
3329 4636 3557 4707 Ἐκκλη-

295 4734 414 4798 σίας
443 4737 772 4807 τηρήσομεν,
814 4740 908 4792 καὶ
961 4737 1040 4810 τῷ
1087 4739 1294 4811 βήματι
1315 4739 1409 4794 τοῦ
1435 4741 1638 4812 Κυρίου
1673 4742 1810 4814 μετὰ
1853 4742 2166 4813 παρρησίας
2193 4735 2677 4810 παραστησόμεθα.
2713 4731 2900 4786 Ταῦτα
2937 4730 3079 4784 κατᾶ
3102 4746 3162 4783 τε
3188 4729 3289 4798 τῆς
3321 4728 3556 4798 Ἀρείου,

293 4829 388 4880 καὶ
425 4829 653 4893 ’Δετίου,
709 4831 803 4884 καὶ
860 4832 1126 4903 Εὑνομίου
1175 4833 1393 4903 μανίας,
1422 4834 1518 4886 καὶ
1550 4834 1730 4904 μέντοι
1762 4834 1854 4887 καὶ
1897 4833 2042 4887 κατὰ
2071 4831 2382 4894 Σαδελλίου,
2415 4827 2512 4882 καὶ
2542 4823 2832 4886 Φωτεινοῦ,
2875 4823 2971 4876 καὶ
3035 4821 3381 4892 Μαρκέλλου,
3414 4817 3556 4871 Παύ-

294 4923 388 4977 λου
422 4940 478 4975 τε
508 4924 602 4977 τοῦ
631 4913 1003 4996 ’Σαμοσατέιυς
1062 4929 1156 4982 καὶ¹
1208 4929 1544 4984 Μακεδονίου
1577 4930 1939 5000 γεγράφασιν.
1999 4927 2274 4990 Ὡσαύτως
2321 4925 2376 4978 δὲ
2413 4925 2508 4978 καὶ
2562 4920 2661 4992 τὴν
2705 4917 3078 4989 Ἀπολιναρίου
3113 4919 3158 4949 ⁸⁸
3209 4913 3562 4983 καινοτομίαν

298 5014 593 5082 προφανῶς
631 5017 1008 5090 ἀπεκήρυξαν,
1051 5020 1359 5092 εἰρηκότες,
1397 5021 1507 5074 Καὶ
1560 5020 1651 5074 τὸν
1691 5020 1790 5090 τῆς
1848 5019 2318 5092 ὲνανθρωπήσεως
2365 5015 2420 5069 δὲ
2456 5012 2550 5067 τοῦ
2580 5009 2785 5080 Κυρίου
2821 5009 2976 5074 λόγον
2997 5009 3356 5081 ἀδιάστροφον
3394 5001 3564 5066 σώζο-

301 5121 401 5173 μεν
446 5105 567 5160 ούτε
589 5109 814 5180 ἄψυχον,
873 5111 996 5167 οὔτε
1059 5115 1240 5180 ἄνουν,
1271 5113 1306 5185 ἢ
1352 5115 1521 5184 ἀτελῆ
1595 5113 1692 5186 τὴν
1748 5115 1847 5185 τῆς
1912 5112 2118 5185 σαρκὸς
2168 5109 2480 5180 οἰκονομίαν
2552 5099 3005 5174 παραδεχόμενοι.

371 5287 396 5325 ⁸
423 5285 443 5339 Ι
472 5286 599 5341 Cor.
635 5304 672 5351 ι,
713 5288 798 5346 12.

1569 5449 1806 5506 VARI/13
1847 5448 2250 5506 LECTIONES.

370 5593 414 5624 ι’
449 5593 598 5647 lianc
637 5590 922 5646 lectionem
959 5589 1176 5644 Valesio
1201 5603 1419 5658 quoque
1447 5599 1595 5644 recte
1630 5589 1914 5658 probatam
1947 5587 2152 5658 habent
2189 5586 2306 5642 Pini
2339 5584 2638 5658 Saviliique
2671 5581 2830 5658 codd.
2856 5595 2988 5658 cum
3019 5577 3338 5658 Nicephnln
3518 5586 3577 5631 et

301 5662 490 5732 Steph.
523 5670 638 5716 erat
674 5662 1043 5732 dvaﬁstiéxﬁau,
1077 5661 1163 5732 cui
1187 5647 1398 5732 Epipjh.
1432 5647 1724 5732 consentit.
1837 5661 1882 5691 ⁵ο
1918 5657 2200 5728 ποιούσης.
2242 5658 2404 5714 Basil.
2512 5647 2563 5686 5"
2590 5651 2935 5726 συμπαθείας
2963 5651 3146 5705 verius
3183 5649 3383 5704 habent
3409 5647 3576 5702 iidem

301 5727 425 5787 cum
466 5733 654 5804 Steph.
769 5733 815 5802 β’
865 5727 1082 5785 Ἀ’πολλ.
1127 5727 1290 5784 Iidem
1331 5727 1418 5782 hic
1446 5737 1497 5782 ct
1527 5730 1674 5782 alibi.
