4032 6192
353 254 482 322 1221

1365 254 1959 318 ‘ECCLESIASTICE
1988 254 2371 316 HISTORle
2400 254 2545 316 LIB.
2579 257 2647 318 ν.

3459 252 3593 318 1922

350 365 418 419 Τί
467 364 648 419 τοίνυν
697 362 860 418 πάλιν
899 364 1030 435 παρ’
1055 364 1188 434 ἐμοῦ
1239 365 1449 433 ζητεῖτε
1481 365 1578 437 τὴν
1607 365 1923 438 καθαίρεσιν

2032 364 2343 435 Apollinare
2363 406 2378 431 ,
2412 376 2466 422 et
2493 366 2549 422 in
2578 367 2667 423 die
2698 364 2885 439 iudicii
2921 366 3133 424 debitas
3165 381 3352 438 pinnas
3381 375 3435 424 ct
3463 382 3595 437 sup.

350 454 616 527 Τιμοθέου
656 454 735 520 ⁶³;
783 455 893 509 Καὶ
919 456 1150 510 ἐνταῦθα
1192 457 1367 526 κρίσει
1411 458 1510 529 ﬁ;
1561 458 1922 529 ἀποστολικῆς

348 544 641 614 καθέδρας,
667 543 932 614 παρόντος
970 543 1063 596 καὶ
1090 545 1298 616 Πέτρου
1340 545 1435 600 τοῦ
1477 545 1774 600 ἐπισκόπου
1820 546 1921 616 τῆς

361 632 754 704 Ἀλεξανδρέων
789 632 1016 697 πόλεως,
1053 634 1331 709 καθῃρέθη
1370 636 1487 706 ἅμα
1520 635 1597 706 τῷ
1618 635 1920 707 διδασκάλῳ

347 725 511 779 αὐτοῦ
552 724 925 796 Ἀπολιναρξῳ
977 725 1044 792 ⁸⁵,
1077 726 1135 790 ὃς
1166 726 1211 758 ⁸⁸
1239 726 1333 779 καὶ
1369 729 1426 780 ἐν
1454 726 1635 799 ήμέρᾳ
1674 727 1772 797 τῆς
1796 725 1919 797 κρί-

349 833 487 880 σεως
528 816 628 880 τάς
658 817 1011 888 ὀφειλομένας
1046 816 1319 889 τιμωρίας
1364 819 1458 871 καὶ
1490 816 1753 886 βασάνους
1784 818 1917 870 ὑπο-

351 908 520 977 μενεῖ.
560 908 624 961 El
666 907 724 962 δέ
753 924 908 972 τινας
962 907 1326 979 κουφοτέρους
1371 908 1547 961 πείθει
1583 908 1812 973 ἐκεῖνος,
1843 906 1919 972 ὥς

347 1013 466 1051 τινα
513 997 704 1052 ἐλπίδα
732 997 892 1069 ἔχων,
933 998 1080 1063 ὅστις
1112 998 1209 1069 τὴν
1241 997 1415 1069 ἀληθῆ
1464 997 1653 1052 ἐλπίδα
1694 997 1792 1067 τὴν
1841 1000 1920 1062 εἰς

348 1088 581 1158 Χριστὸν
605 1091 672 1160 τῇ
714 1089 973 1160 ὁμολογίᾳ
1004 1088 1286 1160 μετέϐαλε,
1335 1089 1473 1160 μετὰ
1501 1088 1689 1142 τούτου
1723 1088 1922 1158 ὁμοίως

349 1179 650 1245 ἀπολεῖται,
704 1181 851 1246 ὅστις
904 1180 968 1251 δή
1009 1197 1139 1234 ποτε
1181 1179 1449 1250 βούλεται,
1487 1178 1564 1249 τῷ
1611 1179 1793 1232 κανόνι
1822 1183 1921 1250 τῆς

2022 458 2187 527 plicia
2217 458 2733 526 sustinebit?Quod
2766 461 2811 516 si
2838 461 3070 518 leviores
3104 461 3390 532 quospiam
3423 460 3513 514 ille
3537 462 3592 516 in

2021 563 2178 603 suam
2230 550 2558 604 sententiam
2594 550 2882 620 perducit,
2936 551 3094 621 quasi
3150 568 3300 622 spem
3353 553 3593 623 aliquam

2021 640 2265 705 habens.
2298 640 2394 711 qui
2428 656 2617 697 veram
2648 657 2802 713 spem
2836 644 2889 698 in
2922 644 3200 700 Christqu
3237 660 3341 698 una
3376 660 3497 699 cum
3531 644 3594 699 ﬁ-

2019 731 2105 786 dei
2134 730 2495 789 confessione
2523 735 2792 801 mutavit,
2838 750 2964 789 cum
3010 737 3112 791 hoc
3157 737 3363 807 pariter
3395 737 3596 807 peribit

2023 820 2342 892 quicunque
2390 822 2508 877 vult
2537 822 2800 899 Ecclesiae
2827 825 3027 878 canoni
3076 840 3403 896 repugnare.
3452 825 3594 881 Dens

2029 926 2126 966 vos
2155 912 2461 971 incolumes
2497 915 2801 982 custodiat,
2838 915 2933 971 ﬁlii
2967 916 3403 973 honoratissimi.
3452 918 3594 985 Quin

2025 1011 2080 1058 et
2110 1005 2215 1058 alia
2250 1008 2499 1076 quaedam
2530 1008 2775 1080 episcopi
2810 1009 2863 1063 in
2913 1023 3110 1079 magna
3155 1007 3325 1062 Roma
3365 1025 3596 1079 congre-

2027 1096 2140 1168 gati
2186 1098 2452 1155 adversus
2501 1099 2749 1156 diversas
2799 1100 3035 1157 haereses
3070 1100 3441 1170 scripserunt,
3477 1114 3598 1169 qua:

2031 1189 2335 1244 narrationi
2370 1190 2616 1247 intexere
2650 1206 2958 1263 congruum
2989 1191 3317 1247 existimavi.

359 1274 686 1347 Ἐκκλησίας
712 1275 1126 1339 ἀντιπαλαίσας.
1177 1275 1237 1327 '0
1288 1274 1420 1338 Θεὸς
1472 1275 1613 1345 ὑμᾶς
1656 1274 1998 1342 ὑγιαίνοντας
2033 1280 2402 1351 διαφυλάττοι,
2436 1285 2540 1339 υἱοὶ
2597 1285 2933 1357 τιμιώτατοι.
3001 1285 3111 1339 Καὶ
3162 1283 3298 1338 ἀλλα
3359 1282 3415 1335 δέ
3476 1296 3598 1335 τινα

352 1363 827 1434 συναθροισθέντες
874 1365 932 1417 ἐν
986 1367 1051 1435 τῇ
1117 1363 1324 1435 μεγάλῃ
1382 1361 1569 1434 Ῥώμῃ
1610 1362 1921 1434 γεγράφασι
1955 1368 2096 1424 κατὰ
2116 1371 2388 1445 διαφόρων
2411 1375 2695 1447 αἱρέσεων,
2728 1375 2871 1448 ἅπερ
2892 1377 3188 1445 ἀναγκαῖον
3259 1373 3446 1447 ᾠήθην
3509 1374 3596 1429 ἐν·

351 1455 521 1510 θεῖναι
555 1457 622 1526 τῇ
650 1457 963 1527 συγγραφῇ.

936 1544 1183 1598 ΚΕΦᾹΛ.
1226 1542 1328 1598 ῐΑ’.

358 1634 733 1704 Ὀιιολογιία⁶⁶
761 1632 870 1700 τῆς
900 1631 1228 1699 καθολικῆς
1255 1634 1531 1698 πΙστεως,
1556 1631 1638 1701 ἣν
1665 1634 1698 1687 d
1719 1632 1924 1704 πάίπας

427 1704 701 1774 Δάμασος
731 1704 1048 1774 ἀπέστειλε
1069 1704 1241 1774 πρὸς
1257 1703 1594 1774 ἐπίσκοπον
1622 1703 1927 1755 Παυλῖνον

645 1772 1000 1839 Μακεδονίᾳ,
1053 1772 1123 1840 ὃς
1139 1773 1183 1806 ⁸⁷
1217 1773 1453 1841 ἐγένετο
1499 1772 1571 1826 ἐν
1619 1775 1925 1827 Θεσσαλο-

437 1932 655 2003 Ἐπειδὴ
681 1933 820 2005 μετὰ
850 1934 948 2006 τὴν
972 1935 1031 1988 ἐν
1062 1933 1267 2006 Νικαίᾳ
1296 1928 1513 1988 σύνοδον
1532 1933 1672 2005 αὕτη
1693 1935 1727 2006 ὴ
1750 1934 1924 2002 πλάνη

356 2023 642 2093 ἀνέκυψεν,
670 2023 809 2078 ὥστε
829 2025 1031 2096 τολμᾷν
1051 2042 1204 2090 τινας
1234 2025 1447 2097 βεϐήλῳ
1473 2027 1703 2098 στόματι
1730 2028 1924 2090 εἰπεῖν,

355 2114 416 2168 τδ
448 2114 671 2185 Πνεῦμα
715 2115 773 2169 τὸ
805 2114 958 2184 ἅγιον
986 2115 1308 2186 γεγενῆσθαι
1341 2114 1429 2169 διά
1459 2115 1553 2169 τοῦ
1597 2116 1749 2182 Υίοῦ,
1794 2116 1928 2170 ἀνα-

356 2201 715 2275 θεματίζομεν
747 2205 871 2268 τοὺς
902 2203 978 2276 μὴ
1006 2205 1143 2275 μετά
1180 2205 1357 2274 πάσης
1386 2204 1695 2277 ἐλευθερίας
1724 2206 1928 2278 κηρύτ-

355 2310 543 2357 τοντας
574 2294 669 2347 σὺν
701 2292 779 2365 τῷ
809 2294 984 2367 Πατρὶ
1016 2293 1110 2348 καὶ
1142 2293 1219 2365 τῷ
1268 2292 1385 2365 Υἱῷ
1427 2295 1523 2366 τῆς
1555 2297 1685 2366 μιᾶς
1713 2296 1929 2366 καὶτῆς

356 2385 523 2455 αὐτῆς
569 2385 755 2448 οὐσίας
802 2400 862 2439 τε
918 2385 1014 2439 καὶ
1064 2384 1308 2451 ἐξουσίας
1360 2386 1626 2457 ὑπάρχειν
1668 2388 1728 2441 τὸ
1772 2388 1928 2457 ἆγιον

356 2474 599 2546 Πνεῦμα.
629 2475 858 2545 Ὁμοίως
877 2475 932 2529 δὲ
952 2477 1423 2549 ἀναθεματίζομεν
1443 2478 1676 2541 καὶτοὺς
1692 2480 1756 2549 τῇ
1775 2477 1926 2551 [214]

354 2565 642 2620 Σαϐελλίου
670 2565 1093 2630 ἀκολουθοῦντας
1126 2568 1321 2642 πλάνῃ,
1349 2569 1441 2623 τὸν
1484 2567 1645 2623 αὐτὸν
1670 2566 1928 2636 λέγοντας

353 2655 450 2710 καὶ
473 2657 687 2729 Πατέρα
716 2650 854 2710 εἶναι
883 2657 977 2712 καὶ
1005 2657 1151 2713 Υίόν.
1193 2656 1682 2730 ’Δναθεματίζομεν
1713 2662 1929 2730 Ἀρειον

356 2747 451 2801 καὶ
480 2748 763 2819 Εὐνόμιον,
812 2748 863 2802 οἳ
894 2750 958 2819 τῇ
1002 2748 1092 2822 ἴση
1123 2749 1433 2820 δυσσεϐείᾳ,
1482 2751 1531 2804 εί
1563 2750 1656 2804 καὶ
1682 2753 1793 2812 τοῖς
1826 2749 1927 2822 ῥή-

1949 1546 1996 1606 Β

2474 1546 2628 1603 CAP.
2660 1548 2749 1602 XI.
2786 1548 2871 1622 [Β.
2910 1548 2990 1604 ει.
3024 1548 3135 1622 ιο.]

2027 1631 2300 1714 Coufessio
2343 1637 2467 1714 ﬁdei
2517 1640 2843 1714 cat(tolica’,_
2866 1657 3021 1714 quam
3076 1640 3338 1714 Damasus
3369 1661 3507 1714 papa
3540 1648 3594 1701 in

2096 1703 2639 1783 Macedoniammisit
2703 1711 2771 1763 ad
2804 1703 3091 1764 Paulinum
3125 1703 3450 1783 episcopum;
3476 1732 3591 1770 cum

2092 1784 2227 1828 esset
2260 1775 2664 1833 Thessalonicen.

2098 1923 2367 1990 Quoniam
2408 1936 2533 1997 post
2591 1930 2887 1987 concilium
2958 1929 3240 1988 Niczenum
3296 1934 3389 1991 hic
3434 1949 3596 1992 error

2027 2017 2278 2076 emersit.
2326 2019 2386 2069 ut
2432 2017 2654 2088 quidam
2703 2035 2799 2075 ore
2838 2019 3069 2090 profano
3100 2023 3285 2081 dicere
3334 2026 3593 2093 audeant,

2032 2105 2242 2176 1037
2278 2106 2543 2177 Spiritum
2575 2120 2829 2165 sanctum
2854 2127 2952 2183 per
2981 2112 3179 2170 Filium
3205 2115 3407 2172 factum
3443 2134 3591 2181 esse.

2029 2192 2559 2257 anathematizamus
2581 2216 2678 2257 eos
2694 2242 2708 2263 ,
2729 2202 2823 2272 qui
2856 2217 2966 2259 non
2984 2204 3267 2263 liberrime
3294 2209 3597 2278 praedicant

2030 2286 2295 2356 Spiritum
2325 2301 2580 2351 sanctum
2611 2294 2776 2350 unius
2803 2295 3167 2368 ejusdemque
3197 2313 3321 2354 cum
3352 2299 3513 2357 Patre
3539 2310 3595 2360 et

2030 2379 2169 2435 Filio
2218 2381 2548 2437 substantia:
2583 2399 2646 2439 ac
2677 2388 2969 2455 potestatis
2996 2388 3291 2447 exsistere.
3328 2389 3596 2450 Similiter

2029 2477 2211 2524 autem
2242 2471 2768 2530 anathematizamus
2793 2491 2908 2542 eos,
2943 2479 3038 2544 qui
3088 2478 3310 2545 Sabellii
3349 2496 3594 2537 errorem

2030 2550 2359 2629 sequuntur.
2406 2573 2459 2616 et
2485 2562 2736 2618 eumdem
2765 2580 2888 2621 esse
2915 2566 3106 2622 dicunt
3155 2567 3370 2624 Patrem
3404 2579 3459 2626 et
3504 2571 3595 2627 Fi-

2030 2653 2183 2709 lium.
2216 2653 2761 2716 Anathetuatizamus
2788 2660 2981 2716 Arium
3009 2670 3065 2718 et
3108 2662 3465 2731 Eunomium,
3499 2668 3594 2738 qtti

2032 2746 2148 2816 pari
2187 2746 2486 2818 impietate.
2543 2750 2671 2804 licet
2708 2751 2890 2808 verbis
2916 2753 3255 2824 discrepent,
3300 2756 3500 2812 Filium
3540 2767 3597 2813 et

360 2856 494 2909 μασι
540 2839 903 2913 διαφέρονται,
955 2841 1045 2896 τὸν
1093 2841 1219 2895 Υίδν
1266 2843 1362 2897 καὶ
1403 2843 1464 2896 τὸ
1505 2844 1658 2913 ἅγιον
1706 2842 1929 2912 Πνεῦμα

2034 2835 2301 2907 Spiritum
2327 2849 2579 2895 sanctum
2606 2850 2915 2897 creaturam
2939 2859 3061 2899 esse
3084 2845 3429 2901 conﬁrmant.
3451 2849 3595 2903 Ana-

357 2930 560 3001 κτίσμα
600 2926 739 2984 εἶναι
776 2931 1216 3003 διισχυρίζονται.
1263 2933 1757 3003 ’Λναθεματίζομεν
1804 2932 1930 2996 τοὺς

2034 2929 2452 2984 thematizamus
2486 2930 2946 2999 Maccdonianos,
2996 2935 3089 3004 qui
3120 2951 3188 2990 ex
3237 2936 3355 2990 Arii
3412 2937 3598 2994 radice

359 3020 807 3087 Μακεδονιανοῦς,
851 3023 1048 3085 οἵτινες
1077 3024 1140 3076 ἐκ
1194 3022 1293 3093 τῆς
1344 3024 1554 3096 ’Δρείου
1599 3022 1753 3096 ῥίζης
1797 3039 1931 3077 κατ-

363 3112 643 3183 αγόμενοι,
695 3112 814 3183 οὐχὶ
840 3111 938 3184 τὴν
971 3113 1241 3181 ἀσέϐειαν,
1268 3113 1403 3166 ἀλλά
1429 3113 1529 3184 τὴν
1564 3114 1931 3185 προσηγορίαν

360 3202 673 3274 ἐνήλλαξαν.
731 3200 1223 3275 Ἀναθεματίζομεν
1270 3204 1552 3267 Φωτεινὸν,
1602 3203 1661 3268 ὃς
1691 3206 1790 3276 τὴν
1835 3190 1930 3258 τοῦ

373 3293 623 3356 Ἐϐίωνος
673 3292 883 3364 αἵρεσιν
950 3292 1343 3359 ἀνακαινίζων,
1391 3294 1481 3347 τὸν
1534 3292 1736 3365 Κύριον
1774 3293 1931 3366 ἡμῶν

374 3383 578 3454 Ἰησοῦν
624 3384 858 3456 Χριστὸν
913 3384 1070 3457 μόνον
1119 3386 1184 3440 ἐκ
1233 3385 1332 3456 τῆς
1383 3383 1599 3455 Μαρίας
1642 3384 1928 3456 ὡμολόγει.

372 3474 864 3545 ’Δναθεματίζομεν
908 3475 1153 3539 καὶτοὺς
1178 3475 1273 3529 δύο
1317 3470 1454 3529 εἶναι
1486 3477 1633 3540 υἱοὺς
1669 3475 1932 3546 διισχυρι-

364 3566 639 3640 ζομένους,
665 3568 760 3623 ἕνα
790 3567 895 3639 πρὸ
923 3566 1030 3620 τῶν
1058 3567 1286 3633 αἰώνων,
1320 3569 1414 3622 καὶ
1459 3567 1616 3623 ἄλλον
1653 3567 1793 3640 μετά
1833 3566 1933 3639 τὴν

361 3661 458 3731 τῆς
489 3658 688 3731 σαρκὸς
721 3661 785 3713 ἐκ
816 3659 914 3732 τῆς
938 3659 1157 3733 Μαρίας
1182 3658 1468 3731 ἀνάληψιν.
1511 3657 1933 3731 ’Λναθεματίζο-

364 3768 462 3821 μεν
486 3749 789 3817 κάκείνους,
831 3750 1026 3814 οἵτινες
1070 3750 1192 3805 ἀντὶ
1220 3749 1442 3822 λογικῆς
1469 3749 1647 3822 ψυχῆς
1673 3750 1936 3822 διισχυρί-

364 3842 543 3907 ζονται
574 3842 655 3897 ὃτι
705 3844 734 3897 ό
759 3842 853 3897 τοῦ
882 3841 1016 3897 Θεοῦ
1049 3843 1221 3914 Λόγος
1253 3842 1499 3915 ἐστράφη
1543 3842 1601 3897 ἐν
1626 3843 1692 3913 τῇ
1725 3841 1939 3913 ἀνθρω-

365 3933 493 4005 πίνῃ
527 3934 707 4005 σαρκί.
739 3934 909 3999 Αύτος
940 3934 1048 4005 γὰρ
1072 3929 1224 3999 οὗτος
1248 3937 1277 3989 ό
1302 3934 1398 3989 τοῦ
1430 3933 1563 3987 Θεοῦ
1593 3932 1783 4001 Λόγος,
1814 3932 1936 4005 οὐχὶ

366 4021 486 4075 ἀντὶ
516 4024 616 4092 τῆς
666 4024 888 4095 λογικῆς
934 4026 1028 4080 καὶ
1074 4028 1267 4097 νοερᾶς
1311 4025 1486 4096 ψυχῆς
1534 4025 1590 4075 ἐν
1618 4021 1697 4093 τῷ
1740 4022 1935 4076 ἑαυτοῦ

368 4112 580 4182 σώματι
612 4114 854 4182 γέγονεν,
888 4116 1023 4170 ἀλλά
1045 4115 1144 4187 τὴν
1173 4116 1469 4187 ἡμετέραν,
1516 4113 1662 4168 τοῦτ’
1694 4114 1807 4167 ἔστι
1846 4114 1936 4167 λο-

2029 3022 2338 3092 propagati.
2364 3036 2473 3076 non
2498 3023 2854 3092 impietatem,
2880 3024 2972 3081 sed
2997 3041 3191 3082 nomen
3218 3034 3393 3083 solum
3421 3040 3595 3084 muta-

2032 3120 2177 3165 runt.
2196 3111 2736 3167 Anatbematizamns
2762 3111 3204 3186 Photinum,qui,
3231 3117 3453 3174 Ebionis
3483 3120 3595 3174 bte-

2033 3203 2180 3257 resin
2206 3218 2497 3261 renovans.
2522 3201 2808 3256 Dominum
2837 3214 3082 3259 nostrum
3099 3204 3285 3262 Jesum
3312 3209 3593 3267 Christum

2032 3292 2214 3347 solum
2270 3306 2336 3345 ex
2398 3291 2570 3345 Maria
2621 3291 3006 3353 conﬁtebatur.
3056 3294 3596 3355 Anathematizatnus

2032 3382 2195 3435 etiam
2223 3397 2318 3436 eos
2370 3384 2464 3451 qui
2491 3382 2631 3436 duos
2660 3380 2797 3438 ﬁlios
2823 3398 2943 3439 esse
2964 3383 3253 3451 aﬂirmant,
3279 3404 3443 3443 unum
3470 3400 3597 3445 ante

2034 3471 2255 3538 saecula,
2282 3480 2335 3525 et
2361 3470 2527 3525 aliutn
2560 3480 2681 3541 post
2710 3473 2896 3528 carnis
2928 3478 3357 3546 assnmptionem
3387 3494 3454 3533 ex
3480 3477 3595 3532 Ma-

2032 3562 2134 3616 ria.
2170 3562 2711 3618 Anathematizamus
2735 3573 2789 3618 et
2826 3564 2950 3619 illos
2997 3567 3101 3635 qui
3139 3576 3452 3623 asseverant
3498 3584 3598 3639 pro

2032 3653 2291 3709 rationali
2324 3655 2503 3708 anima
2539 3653 2628 3710 Dei
2654 3653 2891 3711 Verbum
2924 3656 2976 3711 in
3014 3658 3246 3712 lmmana
3278 3674 3443 3714 carne
3473 3674 3599 3716 ver-

2035 3753 2215 3800 satum
2241 3760 2385 3800 esse.
2427 3744 2608 3816 Ipsum
2635 3748 2781 3801 enim
2808 3744 2901 3802 Dei
2928 3745 3165 3802 Verbum
3188 3789 3203 3815 ,
3228 3764 3335 3804 non
3364 3750 3485 3807 loco
3508 3767 3602 3806 rae

2037 3837 2265 3892 tionalis
2290 3847 2342 3891 et
2371 3838 2728 3908 intelligentis
2759 3840 2952 3893 anima:
2982 3839 3034 3893 in
3070 3855 3302 3911 corpore
3332 3856 3434 3898 suo
3462 3843 3561 3898 fuit
3583 3884 3599 3909 ,

2040 3929 2133 3984 sed
2160 3938 2427 3994 nostram,
2456 3930 2559 3983 hoc
2585 3938 2690 3992 cst,
2723 3931 3045 3985 rationalem
3072 3940 3126 3986 et
3151 3931 3599 3997 intellectualem,

2038 4021 2157 4075 sine
2185 4028 2405 4090 peccato
2428 4020 2662 4073 animam
2687 4022 3059 4090 assumpsitet
3076 4025 3440 4078 conservavit.
3458 4024 3604 4077 Ana-

2037 4111 2456 4165 thematizamus
2474 4111 2687 4178 eos,qui
2706 4110 3160 4176 dicunt,Verbum
3182 4112 3272 4168 Dei
3288 4114 3603 4184 productio-

366 4202 526 4274 γικὴν
553 4204 646 4257 καὶ
669 4204 882 4276 νοεράν,
920 4206 1046 4259 ἀνευ
1074 4206 1173 4277 τῆς
1203 4205 1476 4276 ἁμαρτίας
1506 4204 1681 4276 ψυχήν
1710 4202 1930 4259 ἀνέλαϐε

2044 4217 2109 4256 ne
2129 4211 2183 4256 et
2206 4204 2582 4257 contractione
2603 4218 2632 4258 a
2653 4200 2813 4258 Patre
2839 4212 3149 4274 separatum
3179 4220 3323 4268 esse,
3348 4207 3604 4279 idemque

369 4294 461 4347 καλ⁸
490 4294 711 4349 ἔσωσεν.
760 4294 1253 4367 ’Λναθεματίζομεν
1281 4295 1376 4348 καὶ
1406 4295 1532 4361 τοὺς
1566 4296 1820 4365 λέγοντας
1844 4296 1937 4349 τὸν

367 4386 540 4455 Λόγον
572 4386 666 4440 τοῦ
697 4385 831 4441 Θεοῦ
859 4389 925 4459 τῇ
955 4388 1174 4442 ἐκτάσει
1205 4386 1299 4441 καὶ
1322 4390 1389 4458 τῇ
1420 4388 1651 4460 συστολῇ
1698 4388 1805 4442 ἀπὸ
1839 4385 1935 4442 τοῦ

367 4480 577 4551 Πατρός
607 4480 935 4552 κεχωρίσθαι
951 4481 1017 4545 ⁸⁸,
1050 4479 1145 4533 καὶ
1187 4479 1557 4535 ἀνυπόστατον
1587 4481 1749 4535 αὑτὸν
1776 4476 1935 4541 εἶναι,

367 4568 399 4639 ἢ
439 4570 653 4640 μέλλειν
694 4572 950 4643 τελευτᾷν
1001 4570 1476 4643 βλασφημοῦντας.
1524 4573 1665 4636 Τοὺς
1713 4572 1771 4627 δὲ
1829 4570 1939 4625 ἀπὸ

380 4661 715 4734 Ἐκκλησιῶν
746 4666 825 4729 είς
858 4664 1050 4737 ἐτέρας
1082 4664 1405 4736 Ἐκκλησίας
1436 4663 1790 4735 μετελθόντας
1810 4662 1937 4733 ἄχρι

368 4754 622 4809 τοσούτου
675 4756 783 4810 ἀπὸ
828 4756 927 4827 τῆς
974 4756 1248 4829 ἡμετέρας
1297 4757 1580 4820 κοινωνίας
1627 4755 1939 4826 ἀλλοτρίους

370 4844 585 4915 ἔχομεν,
610 4846 768 4917 ἄχρις
799 4839 861 4900 οὗ
892 4847 1027 4920 πρὸς
1045 4846 1214 4911 αὐτὰς
1244 4847 1578 4902 ἐπανέλθωσι
1608 4846 1705 4909 τὰς
1734 4846 1935 4911 πόλεις,

372 4938 428 4988 ἐν
455 4933 544 4998 αἷς
569 4936 785 5006 πρῶτον
830 4939 1333 5010 ἐχειροτονήθησαν.
1383 4939 1507 4992 Ἐὰν
1548 4938 1605 4991 δέ
1630 4954 1734 5001 τις,
1777 4937 1939 4991 ἄλλον

371 5025 478 5078 ἀπὸ
498 5025 663 5078 τόπου
690 5028 768 5090 εἰς
789 5028 951 5082 τόπον
981 5029 1343 5099 μετελθόντος,
1369 5030 1426 5081 ἐν
1448 5028 1598 5097 τόπῳ
1624 5028 1716 5080 τοῦ
1739 5027 1940 5091 ζῶντος

368 5116 769 5188 ἐχειροτονήθη,
787 5117 914 5188 ἄχρι
946 5119 1198 5175 τοσούτου
1226 5118 1601 5191 ηολάσῃιάπὸ
1630 5119 1723 5171 τοῦ
1756 5119 1943 5189 ἀρχιε-

2040 4295 2159 4349 sine
2182 4294 2539 4349 subsistentia
2561 4310 2703 4360 esse,
2723 4294 3600 4366 interiturumqueblaspltcmaut.

2042 4390 2148 4446 Eos
2172 4400 2378 4455 autem,
2398 4389 2489 4460 qui
2510 4390 2579 4444 ab
2594 4390 2851 4445 Ecelesiis
2876 4390 2941 4445 ad
2963 4390 3099 4445 alias
3111 4389 3384 4447 Eeclcsias
3404 4393 3604 4460 migra-

2040 4489 2256 4544 verunt,
2281 4481 2467 4535 tandiu
2496 4495 2525 4533 a
2576 4490 2763 4535 nostra
2791 4480 3178 4535 communione
3201 4482 3410 4537 alienos
3433 4482 3602 4535 habe-

2042 4587 2164 4626 mus
2192 4611 2207 4630 .
2249 4570 2423 4626 donec
2460 4571 2527 4625 ad
2559 4586 2654 4627 eas
2706 4570 2930 4626 redeant
2961 4571 3213 4628 civitates
3239 4613 3254 4637 ,
3294 4573 3347 4627 in
3386 4573 3602 4643 1038

2041 4661 2243 4728 quibus
2284 4661 2518 4729 primum
2556 4659 2790 4715 ordinati
2826 4666 2975 4715 sunt.
3011 4660 3166 4726 Quod
3201 4661 3246 4717 si
3285 4663 3412 4731 quis
3436 4702 3451 4726 ,
3488 4664 3600 4716 alio

2037 4751 2103 4807 ad
2137 4752 2297 4807 aliam
2330 4753 2514 4810 sedem
2550 4756 2835 4818 translato,
2872 4753 2927 4807 in
2970 4754 3147 4809 locum
3172 4753 3408 4809 viventis
3441 4753 3604 4808 fuerit

2036 4840 2346 4905 ordinatus,
2379 4842 2569 4896 tandiu
2615 4858 2644 4895 a
2677 4843 3006 4898 sacerdotali
3035 4842 3305 4912 dignitate
3327 4851 3483 4896 vacet
3534 4842 3603 4907 is,

2034 4936 2127 5006 qui
2156 4934 2431 5004 propriam
2456 4933 2702 4989 defendit
2720 4933 3016 4998 civitatem,
3042 4934 3220 4989 donec
3249 4937 3266 4958 ‘
3307 4947 3603 4989 successor

2036 5026 2159 5096 ejus
2217 5026 2525 5095 requiescat
2569 5026 2624 5079 in
2688 5022 2939 5079 Domino.
2992 5023 3054 5078 Si
3102 5025 3227 5096 quis
3257 5038 3365 5079 non
3397 5022 3599 5077 dixerit

2038 5131 2254 5185 semper
2292 5113 2533 5180 Patrem,
2555 5122 2610 5169 et
2647 5128 2863 5183 semper
2892 5112 3116 5181 Filium,
3139 5120 3194 5169 et
3234 5128 3450 5184 semper
3478 5124 3605 5168 esse

1672 5258 1909 5315 VARUE
1948 5254 2352 5315 LECTIONES.

451 5372 499 5405 ⁸⁸
525 5372 583 5437 ὃς
614 5371 775 5427 iidem
807 5371 1035 5427 addunt.
1122 5372 1168 5440 3*
1199 5372 1412 5429 ’Λπολλ.
1445 5372 1631 5427 Iidem.
1697 5371 1839 5435 αδδς,
1868 5368 2012 5440 quod
2052 5368 2256 5422 habent
2293 5365 2893 5440 tlltristoph.,_Sc_alig.,
2926 5364 3232 5440 Casaubon.
3269 5380 3323 5427 et
3350 5368 3599 5440 Nicoph"

376 5442 528 5497 abest
551 5457 579 5494 a
603 5442 1012 5497 Basileensibus
1041 5449 1094 5495 et
1117 5439 1331 5511 Steph.,
1351 5443 1677 5511 quibuscum
1706 5436 2044 5511 Epiphanius
2076 5438 2368 5511 consentit.
2432 5436 2477 5511 f‘
2506 5436 2593 5511 Jo_.
2630 5437 2751 5511 Pini
2792 5436 2962 5511 codex
2999 5437 3072 5511 ad
3101 5437 3239 5511 latus
3273 5444 3348 5496 ita
3383 5436 3603 5511 exhibet

374 5513 517 5566 hunc
560 5511 777 5565 titulum
811 5525 826 5564 :
857 5510 1113 5581 ἐπιστολὴ
1160 5497 1257 5611 τῆς
1284 5497 1471 5563 καθολ.
1511 5527 1661 5563 πιστ.
1693 5497 1767 5578 ἣν
1787 5497 2061 5562 ἐπέστειλε
2088 5510 2294 5575 Δαμασ.
2356 5504 2488 5573 προς
2549 5505 2771 5559 Παυλῖν.
2817 5497 3002 5557 ἐπισκ.
3057 5506 3113 5557 ἐν
3151 5510 3214 5577 τῇ
3270 5509 3601 5580 Μακεδονίᾳ.

374 5583 416 5613 ιτ
448 5582 534 5613 ιτα-ε
585 5581 817 5613 ηισιιηιυιι
849 5578 1099 5613 Volonius.
1182 5580 1201 5613 θ
1257 5579 1681 5613 Ωεκπηῖιιυονηῖη
1746 5578 1885 5613 naui!
1945 5576 2172 5613 [alin-na
2259 5577 2304 5607 θ’
2343 5575 2699 5613 νςνοιιηςῐσηηι
2728 5573 2869 5613 Rem“
2918 5572 3009 5613 Cr,
3050 5584 3098 5613 nl
3135 5573 3225 5613 In!

372 5583 416 5613 "
447 5582 537 5634 ὅτε
585 5581 820 5637 malebat
849 5578 1121 5635 Valesius.

1257 5564 1908 5650 Θεσσαλονικαίᾳ.’Βεεί1.
1945 5564 2193 5631 Latinus.
2259 5577 2304 5607 θ’
2343 5564 2702 5647 κέχωρείσθαι
2728 5573 2892 5630 Basil.
2918 5572 3014 5628 Gr.
3050 5584 3102 5629 et
3133 5564 3247 5631 La't.
