4032 6192
498 243 633 317 1223

1530 247 2021 310 TIIEODORETI
2059 247 2400 309 EPISCOPI
2442 248 2808 311 CYRENSIS

3634 242 3775 309 1224

497 369 759 442 Spiritum
787 371 1062 425 sanctum,
1092 361 1387 416 anathema
1420 357 1512 416 sit.
1541 357 1597 413 Si
1622 359 1748 429 quis
1779 374 1888 412 non
1923 357 2076 413 dixe-

2197 359 2408 412 σατικοῦ
2426 359 2473 397 ⁷⁸
2513 359 2820 430 ἀξιώματος
2855 361 2884 412 6
2925 359 3023 431 τὴν
3051 359 3186 413 ίδίαν
3224 358 3380 413 πόλιν
3409 358 3771 428 καταλείψας,

495 463 569 517 rit
602 460 798 514 Filium
860 465 1047 510 natum
1106 469 1172 509 ex
1238 451 1432 517 Patre,
1486 452 1592 505 hoc
1640 458 1746 517 est,
1801 466 1868 506 ex
1897 451 2078 505 divina

494 551 616 619 ejus
645 545 978 604 substantia,
1031 542 1319 595 anathema
1369 541 1463 595 sit.
1513 540 1570 593 Si
1617 539 1740 610 quis
1769 556 1880 594 non
1924 540 2080 596 dixe-

499 645 573 695 rit
640 654 828 694 verum
874 638 1039 691 Deum
1077 633 1278 688 Filium
1330 632 1451 698 Dri,
1495 632 1641 687 sicut
1675 647 1868 686 verum
1911 629 2079 686 Deum

495 732 712 786 Patrem
776 730 916 798 ejus,
950 738 1006 782 et
1038 727 1221 780 omnia
1280 740 1464 788 nosse,
1502 731 1556 778 et
1586 725 1770 778 omnia
1814 739 1997 793 posse,
2028 731 2082 779 et

497 823 644 878 Patri
681 821 944 892 atqualcm
998 834 1140 884 esse,
1182 818 1474 871 anathema
1511 816 1600 870 sit.
1663 814 1718 868 Si
1763 817 1887 886 quis
1923 815 2078 871 dixe-

498 913 569 967 rit
609 911 755 982 quod
791 911 845 963 iu
904 925 1073 963 carne
1105 915 1308 978 degens
1345 906 1519 961 Filius
1549 905 1664 969 Dei,
1712 923 1839 960 cum
1877 914 1997 960 erat
2027 905 2080 960 in

500 1014 668 1070 terra,
701 1006 755 1058 in
784 1004 940 1059 cmlis
983 1013 1036 1057 et
1067 1018 1192 1056 cum
1231 1001 1394 1056 Patre
1424 1018 1531 1055 non
1571 1001 1757 1060 fuerit.
1791 1002 2082 1056 anathema

501 1098 592 1152 sit.
629 1095 685 1150 Si
719 1096 844 1166 quis
876 1094 1079 1148 dixerit
1141 1093 1196 1147 in
1238 1092 1499 1162 passione
1528 1093 1711 1147 crucis
1751 1090 1950 1144 Filium
1987 1091 2083 1146 Dei

502 1190 746 1245 dolorem
797 1187 1089 1240 divinitate
1134 1185 1499 1246 sustinuisse,
1545 1194 1599 1238 et
1657 1200 1766 1238 non
1809 1199 1975 1238 carne
2017 1198 2084 1238 ac

504 1281 686 1334 anima
736 1278 1012 1342 rationali,
1060 1293 1222 1346 quam
1263 1277 1317 1330 in
1375 1275 1547 1329 forma
1582 1277 1724 1330 scrvi
1758 1277 2082 1344 assumpsit,

505 1372 651 1425 sicut
683 1378 874 1422 sancta
906 1368 1192 1438 Scriptura
1219 1367 1378 1432 dixit,
1409 1367 1699 1420 anathema
1740 1367 1831 1420 sit.
1868 1366 1924 1420 Si
1962 1367 2086 1436 quis

503 1477 616 1516 non
677 1461 876 1515 dixerit
918 1460 1008 1512 Dei
1043 1460 1278 1514 Verbum
1319 1474 1485 1513 carne
1541 1475 1786 1528 passum,
1819 1467 1874 1513 ct
1921 1474 2086 1513 carne

504 1553 857 1614 cruc'itixum,
898 1561 951 1605 ct
997 1565 1168 1606 carne
1197 1560 1498 1611 mortuum,
1531 1551 1848 1619 factumque
1883 1550 2086 1618 primo-

503 1643 749 1712 genitum
777 1657 840 1694 ex
867 1643 1120 1704 mortuis,
1147 1649 1422 1710 quatenus
1469 1642 1574 1694 vita
1615 1651 1697 1695 est
1731 1651 1783 1694 ct
1812 1641 1937 1694 vitae
1989 1654 2085 1693 au-

506 1747 628 1790 ctor
682 1743 741 1786 ut
793 1733 962 1800 Deus,
1001 1733 1292 1808 anathema
1333 1733 1425 1787 sit.
1482 1731 1538 1787 Si
1588 1734 1711 1802 quis
1745 1749 1851 1786 non
1883 1732 2086 1787 dixerit

506 1828 651 1893 quod
700 1828 753 1880 in
781 1843 950 1881 carne
981 1843 1146 1896 quam
1174 1829 1476 1896 assumpsit
1505 1827 1660 1880 sedet
1687 1826 1756 1881 ad
1796 1825 2081 1880 dexteram

506 1919 709 1983 Patris,
753 1919 806 1972 in
841 1933 947 1988 qua
981 1919 1146 1971 etiam
1176 1928 1443 1971 venturus
1481 1926 1563 1971 est
1592 1916 1844 1984 judicare
1874 1916 2087 1986 1039

507 2012 665 2067 vivos
713 2019 768 2066 et
817 2018 1090 2070 mortuos.
1151 2009 1443 2062 anathema
1513 2009 1602 2063 sit.
1673 2008 1730 2062 Si
1789 2009 1916 2078 quis
1977 2024 2086 2063 non

508 2104 708 2159 dixerit
762 2102 1030 2172 Spiritum
1084 2110 1336 2153 sanctum
1385 2115 1450 2153 ex
1482 2099 1642 2154 Patre
1671 2115 1796 2154 esse
1844 2115 1972 2154 vere
2023 2114 2086 2153 ac

507 2192 754 2263 proprie,
796 2193 941 2245 sicut
986 2200 1039 2245 et
1074 2188 1273 2244 Filium
1319 2204 1384 2243 ex
1436 2187 1622 2242 divina
1667 2188 2002 2253 substantia,
2034 2197 2089 2242 ct

508 2283 678 2338 Deum
741 2283 831 2338 Dei
878 2283 1138 2344 Verbum,
1187 2280 1479 2336 anathema
1541 2282 1632 2335 sit.
1693 2279 1750 2334 Si
1809 2283 1935 2350 quis
1978 2297 2089 2335 non

509 2379 714 2434 dixerit
755 2378 939 2432 omnia
986 2391 1149 2446 posse
1181 2375 1450 2445 Spiritum
1502 2383 1782 2438 sanctum,
1813 2385 1868 2428 et
1905 2376 2090 2428 omnia

511 2488 698 2538 nosse,
726 2480 779 2526 et
833 2471 1037 2540 ubique
1090 2468 1308 2532 adesse,
1371 2469 1514 2524 sicut
1561 2475 1615 2521 et
1670 2466 1866 2520 Filium
1891 2474 1946 2520 ct
1990 2466 2093 2520 Pa-

509 2572 675 2623 trem,
729 2561 1021 2614 anathema
1081 2560 1172 2614 sit.
1238 2557 1295 2611 St
1375 2558 1500 2627 quis
1556 2556 1759 2610 dixerit
1824 2554 2091 2625 Spiritum

513 2663 766 2708 sanctum
827 2652 1120 2710 fatturam,
1171 2658 1265 2702 aut
1301 2664 1398 2718 per
1451 2646 1650 2701 Filium
1703 2645 1905 2699 factum
1947 2661 2092 2713 esse,

514 2744 810 2797 anathema
846 2742 940 2796 sit.
983 2740 1039 2794 Si
1079 2740 1206 2810 quis
1253 2755 1362 2794 non
1401 2737 1601 2791 dixerit
1636 2736 1854 2792 Patrem
1909 2739 2095 2792 omnia

515 2850 613 2904 per
659 2833 854 2886 Filium
909 2833 1256 2886 incarnatum
1303 2839 1358 2884 et
1412 2844 1507 2898 per
1534 2826 1798 2897 Spiritum
1841 2835 2094 2882 sanctum

515 2926 851 2988 condidisse,
914 2924 1017 2977 hoc
1068 2931 1174 2988 est,
1207 2921 1449 2976 visibilia
1504 2927 1560 2975 et
1605 2919 1926 2984 invisibilia,
1961 2935 2098 2974 ana-

517 3019 702 3072 thema
755 3017 847 3072 sit.
889 3014 944 3069 Si
995 3015 1122 3085 quis
1154 3029 1263 3068 non
1297 3013 1501 3068 dixerit
1537 3013 1742 3077 Patris,
1776 3020 1830 3067 et
1858 3011 2004 3080 Filii,
2043 3018 2097 3067 et

520 3112 765 3182 Spiritus
816 3110 996 3166 sancti
1046 3125 1212 3163 unam
1265 3108 1639 3172 divinitatem,
1680 3108 2094 3172 auctoritatem,

518 3209 844 3274 potestatem
884 3215 1070 3263 unam,
1095 3200 1347 3271 gloriam,
1391 3199 1734 3254 dominatum
1786 3213 1978 3262 unum,
2016 3213 2103 3252 re-

523 3313 689 3369 gnum
748 3312 939 3360 unum,
986 3296 1324 3350 voluntatem
1377 3295 1768 3357 etvcritatem,
1805 3292 2100 3348 anathema

523 3389 616 3443 sit.
659 3385 716 3442 Si
769 3386 894 3457 quis
929 3402 1038 3440 non
1086 3386 1286 3440 dixerit
1318 3393 1431 3441 tres
1483 3401 1642 3440 veras
1673 3399 1961 3454 personas,
2002 3384 2103 3438 Pa-

521 3477 626 3533 tris
674 3485 728 3532 et
773 3476 895 3531 Filii
924 3484 978 3532 et
1028 3474 1273 3546 Spiritus
1309 3473 1509 3538 sancti,
1562 3487 1779 3542 semper
1829 3471 2101 3535 viventes,

522 3571 705 3626 omnia
756 3569 1121 3630 continentes,
1169 3565 1413 3620 visibilia
1465 3573 1520 3617 et
1569 3562 1890 3626 invisibilia,
1919 3561 2104 3616 omnia

525 3670 800 3732 potentes,
856 3659 1039 3714 omnia
1087 3657 1424 3726 judicantcs,
1485 3657 1666 3712 omnia
1727 3654 2095 3722 viviﬁcantes,

525 3753 711 3806 omnia
760 3759 1036 3811 creantes,
1099 3749 1286 3801 omnia
1330 3755 1754 3812 conservantes,
1815 3747 2106 3801 anathema

525 3847 619 3899 sit.
649 3843 705 3898 Si
739 3845 864 3914 quis
898 3860 1006 3897 non
1034 3842 1236 3898 dixerit
1278 3844 1620 3898 adorandum
1657 3842 1921 3913 Spiritum
1971 3859 2106 3900 san-

526 3950 673 3998 ctum
721 3940 790 3994 ab
846 3940 992 3994 omni
1051 3949 1325 4004 creatura,
1377 3939 1522 3995 sicut
1554 3948 1608 3994 et
1655 3939 1851 3994 Filium
1907 3948 1961 3995 et
2001 3940 2108 3995 Pa-

526 4041 689 4097 trem,
755 4031 1045 4085 anathema
1109 4031 1203 4085 sit.
1247 4027 1303 4084 Si
1367 4031 1494 4100 quis
1553 4031 1622 4086 tle
1674 4030 1879 4086 Patre'
1934 4030 2107 4086 ctFi-

527 4122 601 4176 lio
650 4131 800 4177 recte
851 4122 1058 4185 sentit,
1113 4121 1181 4176 de
1235 4119 1443 4191 Spiritu
1501 4130 1684 4175 autem
1743 4130 1939 4176 sancto
1999 4137 2107 4176 non

532 4209 746 4282 105,0
770 4217 917 4264 recte
949 4210 1139 4274 sentit,
1168 4210 1484 4276 anathema,
1517 4211 1643 4279 quia
1675 4211 1959 4266 haereticus
1991 4224 2107 4268 cst:

527 4303 657 4372 quia
708 4317 900 4356 omnes
947 4300 1212 4368 haeretici,
1258 4301 1351 4372 qui
1379 4301 1447 4357 de
1481 4300 1619 4357 Filio
1647 4301 1762 4372 Dei,
1789 4311 1843 4359 et
1871 4304 1938 4359 de
1967 4303 2095 4374 Spi-

2183 451 2340 521 ἄχρις
2360 446 2421 504 οῦ
2441 453 2468 505 6
2489 449 2870 522 διαδεξάμενος
2888 451 3048 505 αὐτὸν
3067 449 3454 519 ἀναπαῦσηται
3476 451 3534 502 ὲν
3555 451 3773 522 Κυρίῳ.

2182 540 2250 594 Εἴ
2270 558 2352 602 τις
2373 540 2448 611 μὴ
2476 541 2604 612 εἴπῃ
2636 542 2723 594 ἀεὶ
2754 541 2847 594 τὸν
2878 541 3122 612 Πατέρα,
3153 542 3249 596 καὶ
3277 542 3365 595 ἀεὶ
3383 540 3475 594 τὸν
3499 539 3652 602 Υἱὸν,
3675 540 3780 592 καὶ

2183 635 2272 687 ἀεὶ
2292 634 2353 687 τὸ
2375 635 2530 702 ἅγιον
2553 633 2777 705 Πνεῦμα
2795 635 2835 666 ⁷¹
2857 630 3016 698 εἶναι,
3044 634 3292 704 ἀνάθεμα
3318 634 3478 686 ἔστω.
3501 631 3568 685 Εἴ
3584 649 3667 695 τις
3695 631 3780 702 μὴ

2184 726 2310 796 εἴπῃ
2333 727 2422 779 τὸν
2441 727 2568 780 Υίὺν
2586 726 2917 798 γεννηθέντα
2940 728 3004 782 ὲκ
3020 728 3254 798 Πατρός,
3268 727 3566 786 τουτέστιν,
3587 726 3652 778 ὲκ
3672 724 3781 794 τῆς

2183 820 2370 885 οὐσίας
2387 821 2485 891 τῆς
2512 822 2663 887 θείας
2685 821 3134 892 αὐτοῦ,’ἀνάθεμα
3155 823 3318 876 ἔστω.
3343 821 3502 884 Εἴτις
3528 821 3603 891 μὴ
3619 821 3779 888 εἴπῃ,

2183 913 2433 984 ἀληθινὸν
2468 915 2602 971 Θεὸν
2638 916 2729 972 τὸν
2759 917 2888 971 Υἱδν
2913 915 3006 970 τοῦ
3033 915 3191 980 Θεοῦ,
3239 916 3315 979 ὡς
3355 915 3607 985 ἀληθινὸν
3640 912 3783 965 Θεὸν

2184 1007 2275 1059 τὶν
2302 1007 2523 1079 Πατέρα
2552 1008 2739 1071 αὐτοῦ,
2773 1010 2867 1062 καὶ
2899 1008 3078 1063 πάντα
3123 1007 3408 1073 δύνασθαι,
3455 1008 3551 1060 καὶ
3591 1005 3780 1058 πάντα

2184 1097 2404 1160 εἰδέναι,
2451 1099 2544 1153 καὶ
2584 1099 2660 1170 τῷ
2706 1098 2882 1171 Πατρὶ
2937 1099 3069 1163 ἴσον,
3102 1097 3354 1168 ἀνάθεμα
3384 1097 3542 1150 ἔστω.
3591 1095 3659 1149 Εἴ
3691 1112 3782 1159 τις

2185 1191 2335 1260 εἴπῃ,
2372 1190 2454 1243 ὅτι
2484 1191 2541 1243 ἐν
2569 1190 2739 1262 σαρκὶ
2769 1191 2971 1260 διάγων
3003 1191 3032 1243 6
3063 1189 3193 1254 Υἱὸς
3235 1189 3332 1243 τοῦ
3375 1188 3537 1250 Θεοῦ,
3587 1189 3678 1241 ὅτε
3709 1182 3778 1257 ἧν

2186 1283 2242 1334 ὲν
2276 1284 2341 1352 τῇ
2374 1286 2466 1354 γῇ,
2502 1285 2560 1336 ὲν
2586 1283 2699 1345 τοῖς
2725 1283 2973 1353 οὐρανοῖς
2999 1284 3089 1336 καὶ
3120 1283 3217 1336 σὺν
3248 1281 3326 1352 τῷ
3359 1281 3532 1350 Πατρὶ
3559 1281 3661 1333 οὐκ
3684 1275 3774 1350 ἦν,

2185 1372 2436 1442 ἀνάθεμα
2485 1374 2649 1427 ἔστω.
2703 1373 2771 1426 Εἴ
2816 1392 2901 1438 τις
2943 1376 3093 1446 εἴπῃ,
3137 1375 3219 1428 ὅτι
3267 1376 3326 1427 ὲν
3366 1373 3443 1444 τῷ
3487 1373 3648 1426 πάθει
3684 1372 3778 1424 τεῦ

2188 1463 2422 1534 σταυροῦ
2467 1463 2564 1534 τὴν
2614 1464 2806 1535 ὀδύνην
2822 1466 2868 1497 ’⁸
2917 1465 3208 1535 ὑπέμεινεν
3253 1467 3281 1518 6
3327 1464 3458 1527 Υἱὸς
3498 1461 3594 1516 τοῦ
3635 1461 3777 1515 Θεοῦ

2188 1555 2460 1624 θεότητι⁷³
2482 1594 2496 1615 ,
2551 1557 2647 1608 καὶ
2685 1557 2804 1625 οὐχὶ
2841 1557 3004 1625 σαρκὶ
3037 1556 3132 1609 καὶ
3159 1555 3305 1626 ψυχῇ
3334 1554 3549 1624 λογικῇ,
3600 1553 3780 1623 ἤνπερ

2190 1647 2449 1700 ἀνέλαϐεν
2493 1649 2550 1700 ὲν
2579 1650 2645 1718 τῇ
2682 1646 2835 1699 τοῦτδ
2874 1647 3061 1700 δούλου
3113 1649 3319 1718 μορφῇ,
3367 1645 3445 1709 ὡς
3483 1645 3712 1715 εἴρηκεν
3742 1646 3778 1713 ἡ

2194 1736 2324 1803 ἀγία
2360 1737 2572 1807 Γραφὴ,
2604 1735 2854 1807 ἀνάθεμα
2887 1736 3048 1790 ἔστω.
3099 1737 3169 1792 Εἴ
3212 1754 3295 1800 τις
3311 1736 3358 1768 ⁷⁸
3391 1737 3465 1807 μὴ
3504 1736 3656 1809 εἴπῃ,
3689 1735 3781 1788 τὸν

2194 1828 2286 1882 τοῦ
2317 1828 2465 1901 [215]
2497 1828 2631 1882 Θεοῦ
2667 1830 2839 1898 Λόγον
2873 1828 3116 1883 παθόντα
3151 1829 3398 1898 capaci",
3425 1830 3521 1882 καὶ
3543 1828 3783 1881 θανάτου

2194 1920 2530 1989 γευσάμενον
2571 1922 2752 1991 σαρκὶ,
2803 1919 3065 1989 γεγονότα
3110 1937 3168 1973 τε
3199 1919 3544 1991 πρωτότοκον
3578 1921 3644 1972 ὲκ
3672 1917 3784 1971 τῶν

2195 2013 2426 2084 νεκρῶν,
2468 2011 2606 2066 καθὸ
2639 2012 2752 2083 ζωή
2783 2013 2899 2066 ἔστι
2928 2013 3023 2066 καὶ
3060 2012 3322 2077 ζωοποιὸς
3350 2013 3380 2065 6
3408 2011 3616 2075 Υἴδς⁷⁷,
3651 2011 3786 2065 ἀνά-

2197 2104 2338 2175 θεμα
2382 2103 2541 2157 ἔστω.
2595 2105 2662 2157 Εἴ
2691 2122 2774 2168 τις
2811 2104 2886 2175 μὴ
2937 2106 3095 2176 εἴπῃ,
3146 2105 3230 2157 ὅτι
3279 2107 3336 2157 ὲν
3390 2104 3556 2175 σαρκὶ
3602 2104 3784 2175 ἤνπερ

2197 2196 2488 2249 ἀνέλα6ε⁷⁸
2517 2197 2803 2260 καθέζεται
2832 2197 2888 2250 ὲν
2907 2197 2950 2228 ⁷⁸
2978 2195 3251 2267 δεξιᾷτοῦ
3288 2196 3519 2266 Πατρός,
3552 2199 3608 2250 ὲν
3697 2197 3791 2250 καὶ

2198 2286 2478 2341 ἐλεύσεται
2503 2289 2682 2358 κρῖναι
2707 2286 2916 2350 ζῶντας
2949 2287 3042 2340 καὶ
3069 2287 3317 2358 νεκροὺς,
3348 2285 3597 2356 ἀνάθεμα
3620 2286 3788 2339 ἔστω.

2200 2380 2267 2432 Εἴ
2291 2396 2373 2442 τις
2410 2378 2484 2450 μὴ
2517 2379 2647 2451 εἴπῃ
2682 2377 2744 2431 τὸ
2785 2377 3012 2450 Πνεῦμα
3048 2378 3110 2432 τὸ
3147 2378 3302 2447 ἅγιον
3337 2379 3401 2431 ὲκ
3431 2376 3527 2430 τοῦ
3573 2376 3792 2447 Πατρδς

2200 2461 2338 2522 εἶναι
2369 2467 2583 2539 ἀληθῶς
2625 2467 2720 2520 καὶ
2765 2467 2992 2538 κυρίως,
3042 2468 3118 2530 ὡς
3161 2467 3256 2520 καὶ
3298 2467 3389 2519 τὸν
3429 2467 3558 2519 Υίὸν
3597 2467 3665 2518 ἔκ
3693 2467 3792 2535 τῆς

2201 2557 2352 2622 θείας
2377 2559 2586 2624 οὐσίας,
2617 2559 2710 2612 καὶ
2733 2559 2866 2611 Θεὸν
2896 2557 3032 2611 Θεοῦ
3057 2558 3229 2624 Λόγον
3244 2558 3312 2622 ⁸ο,
3345 2558 3591 2628 ἀνάθεμα
3623 2557 3790 2611 ἔστω.

2201 2649 2268 2703 Εἴ
2296 2667 2379 2711 τις
2417 2649 2490 2719 μὴ
2520 2650 2649 2720 εἴπῃ
2673 2648 2849 2702 πάντα
2877 2647 3135 2703 δύνασθαι
3165 2649 3226 2702 τὸ
3260 2648 3485 2720 Πνεῦμα
3517 2649 3580 2702 τδ
3607 2649 3790 2717 ἅγιον,

2203 2739 2296 2793 καὶ
2327 2739 2503 2792 πάντα
2533 2738 2752 2804 εἰδέναι,
2788 2739 2883 2792 καὶ
2912 2738 3186 2809 πανταχοῦ
3205 2740 3248 2770 ⁸³
3286 2742 3562 2812 παρεῖναι,
3587 2739 3669 2803 ὡς
3701 2741 3793 2792 καὶ

2202 2832 2292 2885 τὸν
2334 2831 2464 2884 Υἰδν
2512 2829 2607 2884 xui.
2655 2829 2748 2884 τὸν
2796 2831 3036 2902 Πατέρα,
3084 2831 3330 2902 ἀνάθεμα
3375 2832 3536 2885 ἔστω.
3591 2831 3667 2885 Εἴ
3709 2850 3792 2896 τις

2205 2923 2332 2991 εἴπῃ
2347 2921 2392 2952 ⁸¹
2422 2921 2482 2973 τὸ
2521 2919 2743 2991 Πνεῦμα
2774 2921 2834 2974 τὸ
2866 2920 3286 2993 ἅγιονκποίημα,
3342 2922 3376 2992 ἢ
3403 2922 3490 2976 διὰ
3527 2921 3624 2975 τοῦ
3659 2922 3790 2976 Υἱοῦ

2206 3015 2558 3085 γεγενῆσθαι,
2593 3014 2839 3086 ἀνάθεμα
2869 3014 3030 3069 ἔστω.
3084 3015 3148 3070 Εἴ
3170 3033 3255 3079 τις
3300 3015 3374 3086 μὴ
3414 3016 3567 3088 εἴπῃ,
3611 3016 3792 3071 πάντα

2201 3107 2290 3160 διά
2317 3105 2414 3159 τοῦ
2435 3105 2567 3160 Υίοῦ
2594 3107 2688 3160 τοῦ
2711 3106 3088 3178 σαρκωθὲντος
3104 3106 3170 3170 ⁵³,
3201 3106 3297 3160 καὶ
3319 3105 3412 3159 τοῦ
3439 3107 3595 3174 ἁγίου
3631 3109 3796 3160 Ilva-J-

2207 3217 2406 3271 ματος,
2457 3198 2548 3252 τὸν
2603 3200 2823 3270 Πατέρα
2871 3200 3261 3270 πεποιηκέναι,
3313 3198 3457 3252 τοῦτ’
3515 3198 3669 3252 ἔστιν
3727 3201 3791 3251 τὰ

2203 3293 2375 3362 ὁρατά
2402 3291 2496 3344 καὶ
2532 3291 2599 3345 τὰ
2626 3292 2853 3361 ἀόρατα,
2882 3273 3132 3361 ἀῦάθεμα
3167 3291 3326 3346 ἔστω.
3356 3293 3422 3345 Εἴ
3445 3309 3529 3355 τις
3557 3294 3640 3364 μὴ
3669 3296 3790 3365 εἴπῃ

2203 3383 2297 3436 τοῦ
2328 3385 2557 3456 Πατρός,
2591 3384 2685 3438 καὶ
2710 3385 2804 3437 τοῦ
2836 3384 2988 3449 Υιοῦ,
3033 3385 3128 3439 καὶ
3154 3383 3249 3438 τοῦ
3283 3383 3441 3453 ἀγίου
3470 3384 3793 3455 Πνεῦματος

2209 3475 2338 3544 μίαν
2385 3473 2634 3545 θεότητα,
2679 3473 2949 3539 ἐξουσίαν,
2985 3474 3306 3528 δυναστείαν
3354 3475 3564 3544 pinv“,
3613 3475 3790 3540 δόξαν,

2207 3567 2502 3638 κυριότητα
2545 3567 2696 3638 μίαν,
2741 3566 3020 3638 βασιλείαν
3065 3565 3216 3637 μίαν,
3263 3566 3479 3638 θέλησιν
3529 3567 3628 3622 καὶ
3670 3569 3795 3636 ἀλή-

2207 3659 2378 3725 θειαν,
2419 3660 2667 3730 ἀνάθεμα
2705 3658 2864 3714 ἔστω.
2897 3659 3071 3722 Εἴίτις
3097 3658 3228 3730 τρία
3262 3659 3530 3729 πρόσωπα
3560 3658 3641 3729 μὴ
3673 3660 3797 3729 εἴπῃ

2209 3750 2461 3822 ἀληθινὰ,
2509 3751 2604 3804 τοῦ
2635 3751 2868 3822 Πατρός,
2903 3751 2998 3804 καὶ
3027 3749 3123 3803 τοῦ
3161 3749 3313 3814 Υίοῦ,
3362 3749 3456 3803 καὶ
3491 3749 3588 3802 τοῦ
3644 3751 3798 3818 ἁγίου

2209 3843 2547 3914 Πνεῦματος,
2597 3844 2677 3907 εἰς
2723 3845 2810 3898 ἀεὶ
2839 3843 3016 3909 ζῶντα
3031 3843 3099 3910 ⁸⁸,
3150 3842 3220 3896 τά
3258 3843 3436 3896 πάντα
3468 3840 3799 3910 κατέχοντα,

2208 3935 2278 3989 τὰ
2315 3936 2486 4005 ὁρατά
2523 3936 2617 3989 καὶ
2654 3935 2722 3989 τά
2767 3934 2996 4007 ἀόρατα,
3048 3935 3227 3989 πάντα
3271 3933 3564 4004 δυνάμενα,
3621 3933 3799 3985 πάντα

2209 4027 2484 4099 κρίνοντα,
2516 4027 2692 4081 πάντα
2719 4025 3104 4093 ζωοποιοῦντα,
3133 4025 3310 4080 πάντα
3334 4022 3676 4095 δημιουργοῦ
3687 4042 3797 4087 πει,

2213 4118 2390 4172 πάντα
2437 4117 2724 4186 σώζοντα,
2780 4119 3031 4189 ἀνάθεμα
3079 4117 3242 4173 ἔστω.
3291 4115 3361 4170 Εἴ
3403 4133 3488 4180 τις
3535 4117 3616 4188 μὴ
3671 4117 3798 4184 εἴπῃ

2212 4211 2587 4283 προσκυνητὺν
2618 4213 2679 4266 τὸ
2723 4211 2947 4282 Πνεῦμα
2989 4210 3050 4263 τὸ
3100 4209 3258 4279 ἀγιον
3289 4209 3440 4280 παρά
3484 4208 3674 4280 πάσης
3703 4208 3799 4276 τῆς

2213 4301 2465 4370 κτίσεως,
2509 4301 2584 4367 ὡς
2628 4304 2722 4356 καὶ
2752 4304 2843 4357 τὸν
2872 4302 2999 4357 Υἱδν
3025 4300 3122 4355 καὶ
3151 4302 3243 4355 τὸν
3276 4299 3517 4371 Πατέρα,
3547 4298 3802 4368 ἀνάθεμα

1821 4457 2053 4514 VARUE
2085 4458 2381 4515 LECTION
2388 4459 2490 4516 ES.

603 4559 650 4592 "
695 4556 1211 4630 ἱερατικοῦηῐὶᾀςφ
1260 4564 1318 4630 et
1365 4554 1682 4630 S_I_eph_anic_i
1739 4569 1893 4630 _cum_
1917 4555 2246 4627 Epiphanio.
2313 4558 2377 4630 -τλί
2419 4556 2482 4610 τὸ
2544 4557 2644 4630 Ην.
2690 4555 2762 4630 16
2790 4558 2880 4630 dy.
2938 4554 3109 4630 _Ba5_il_.
3152 4553 3440 4630 Griec._c_t
3495 4553 3618 4630 Lat.
3674 4570 3798 4630 eum

529 4628 718 4699 Steph.
747 4624 800 4681 et
831 4629 1060 4699 Niceph.
1097 4625 1215 4699 XII,
1252 4626 1364 4699 18L
1396 4627 1441 4656 "
1470 4626 1635 4699 πόνον
1666 4625 1831 4699 habet
1853 4624 2183 4699 Expcer’ptum
2214 4643 2280 4682 ex
2312 4627 2398 4699 his
2431 4626 2906 4699 anathematismis
2936 4627 3003 4699 i_n_
3029 4624 3646 4699 Theodorcti‘Eranist.
3669 4625 3798 4699 dial.

525 4697 702 4769 III,‘p.
741 4700 866 4754 {62.
913 4697 1214 4769 Sirmondi.

1321 4695 1367 4727 ⁷⁸
1398 4694 1492 4749 καὶ
1703 4695 1796 4775 καὶ
1828 4697 2005 4775 οὐχὶ-ὴ
2034 4693 2186 4775 σάρξ
2219 4697 2360 4775 μετά
2407 4697 2505 4775 τῇς
2525 4697 2721 4767 ψυχῆς,
2763 4697 2830 4768 ἢν
2857 4696 3209 4775 ἐνεδύσατο-η
3243 4693 3337 4775 τρῦ
3373 4695 3799 4775 δούλου-μορὲὴ,

526 4773 594 4843 ἢν
616 4764 808 4846 ⁸ἐαυτῷ
834 4769 1014 4833 ἔλαϐε,
1035 4766 1228 4846 355106;;
1263 4767 1483 4836 εἴρηκεν
1511 4767 1544 4846 η
1582 4765 1794 4846 ῐςραφὴ,
1829 4764 2090 4846 ἀνάθεμα
2111 4764 2271 4846 ἔστω.
2305 4767 2399 4820 Sic
2516 4764 2824 4846 cia—noster,
2858 4767 3018 4846 cuius
3054 4764 3385 4846 v_erb_is_fere
3419 4764 3636 4846 accedit
3679 4764 3798 4846 Pini

528 4835 724 4902 c'odcx,
759 4835 1000 4909 itemque
1034 4835 1397 4909 Nicephorus,
1454 4835 1545 4909 qui
1579 4835 1767 4909 habet
1817 4852 1832 4888 :
1871 4838 1968 4890 xui.
2001 4835 2134 4909 Θεὸς
2171 4837 2343 4909 ᾼόγος
2365 4877 2380 4901 ,
2418 4837 2602 4909 οὐχὶῗή
2631 4838 2768 4909 σάρξ
2829 4835 3019 4909 σὺντῇ
3059 4837 3203 4909 qnam
3229 4835 3738 4909 ἥνπερ-ἐνεδύσατο
3771 4835 3800 4901 ἡ

531 4911 718 4981 μορφὴ
756 4909 852 4962 τοῦ
883 4903 1068 4981 δούλου
1093 4949 1107 4969 ,
1138 4903 1316 4981 ἥνπερ
1353 4903 1535 4981 ἔαυτῷ
1567 4904 1852 4981 ἀνέλαβε-ν,
1881 4906 2079 4981 e_t_c.__"_‘
2110 4907 2203 4960 τοῦ
2226 4903 2394 4981 abest
2447 4903 2516 4961 a"
2536 4903 2946 4981 Basiléensibus
2991 4903 3046 4962 et
3075 4903 3281 4981 Steph}
3347 4903 3394 4938 ’³
3412 4904 3522 4981 _I_Iic
3579 4905 3802 4981 anathe-

530 4974 822 5036 inatismus
863 4980 1020 5033 abest
1051 4993 1080 5030 a
1116 4974 1470 5049 codice_Pini
1539 4982 1621 5049 ct‘
1651 4974 1943 5049 Epiphanii
1985 4976 2126 5049 Hist.
2165 4979 2314 5049 trip.,
2361 4980 2603 5049 itemque
2657 4993 2686 5032 a
2733 4978 3077 5049 collectione_
3111 4974 3357 5049 Itoinana
3412 4974 3710 5049 Holsteuii,
3749 4983 3804 5049 ut

529 5051 788 5106 observat
834 5049 1108 5103 Valesius.
1171 5050 1217 5084 ⁷⁸
1255 5046 1432 5099 καὶ-
1457 5063 1523 5099 σα

1567 5045 1642 5100 κί.
1677 5045 1805 5100 Hzec
1844 5060 1953 5100 non
1991 5047 2193 5103 habent
2231 5044 2392 5103 codd.
2423 5044 2787 5103 Basileenses.
2853 5048 2898 5078 "
2949 5047 3024 5110 ὡς
3047 5047 3199 5108 Θεός.
3238 5045 3405 5100 Iidem
3426 5061 3552 5101 cum
3610 5044 3801 5114 Steph.

529 5061 788 5106 observat
841 5061 1108 5103 Valesrus.
1171 5061 1217 5084 ἰ·
1255 5061 1432 5099 και-
1457 5061 1642 5168 captet.
1677 5061 1805 5100 nzec
1844 5061 1953 5100 non
1991 5061 2193 5103 habent
2231 5061 2392 5103 couu.
2423 5061 2787 5103 basueenses.
2854 5061 2895 5078 τ’
2949 5061 3024 5110 ως
3047 5061 3199 5108 vaec.
3241 5061 3405 5100 naem
3426 5061 3552 5101 cum
3610 5061 3801 5114 atepn.

529 5122 563 5174 4
610 5128 664 5175 et
723 5120 1049 5190 Nicrpltoro.
1081 5118 1157 5190 "’_“
1193 5117 1374 5190 ἔλαϐε.
1405 5114 1489 5190 {0.
1570 5116 1657 5190 in_i_
1683 5117 1837 5190 liber.
1925 5119 1971 5190 ζ’
2005 5121 2085 5190 an
2105 5119 2311 5174 addunt
2339 5119 2504 5172 Iiasil.
2533 5126 2587 5171 et
2617 5115 2806 5186 Steph.
2856 5117 2902 5148 ⁸ο
2933 5114 3574 5190 Valesiusjntcrpretem
3612 5116 3808 5190 legisse

531 5199 685 5269 putat
718 5175 1322 5269 in_ar'chetypolmtinp
1358 5185 1574 5269 τρέψει
1618 5184 1866 5241 Verbum.
1929 5175 2312 5269 Ιιενῖίολςιοῃῇῇ
2365 5190 2690 5269 collectione
2715 5175 3076 5269 'est‘quidem
3115 5201 3129 5237 :
3164 5175 3576 5269 Dium-uerum.
3631 5175 3808 5269 ’ῖγῆς

533 5231 1217 5336 addttnt__Basilt-enses_et
1243 5257 1476 5336 _Steph_._,
1506 5256 1881 5336 abestautent
1907 5273 1936 5311 a
1969 5257 2090 5311 Pini
2119 5257 2423 5336 Sanviliique
2459 5258 2744 5336 cpdicihus
2771 5231 3158 5336 ;AI\"icephoro,
3195 5255 3502 5336 Epiphanio
3547 5265 3608 5310 et
3637 5231 3806 5336 coite:

531 5331 712 5383 ctione
749 5329 1036 5385 llolstenii.

1135 5331 1180 5361 ⁸³
1210 5324 1374 5381 εἴποι.
1429 5327 1595 5398 Basil.
1637 5324 1734 5381 Gr.
1767 5335 1822 5382 et
1860 5326 1982 5383 Lat.
2015 5343 2139 5382 cum
2175 5324 2363 5398 Steph.
2390 5338 2452 5398 _et
2483 5327 2710 5396 Nicepli.

533 5399 674 5463 Pini,
709 5400 1039 5469 Epiphanio,
1081 5398 1392 5469 Nicephoro
1431 5408 1485 5452 et
1551 5397 1820 5469 Ilolstenii
1863 5398 2203 5469 collectione.

2801 5329 2848 5359 ⁸³
2873 5325 2975 5378 τοῦ
3007 5343 3166 5381 σαοκ.
3207 5325 3332 5381 [hec
3363 5329 3569 5381 absunt
3603 5342 3634 5378 a
3673 5327 3811 5379 libro

2307 5399 2354 5428 ⁸⁵
2386 5395 2732 5451 Basileenses
2785 5405 2840 5452 et
2898 5395 3247 5466 Nicephorus
3293 5397 3366 5450 ita
3399 5397 3805 5466 distinguunt:

532 5467 874 5534 δυναστείαν,
920 5472 1050 5542 μίαν
1075 5467 1486 5542 δοξ.,’κυριρτ.,
1523 5468 1650 5538 μίαν
1681 5467 1884 5542 βασιλ,
1946 5468 2075 5542 μίαν
2109 5467 2292 5542 θελησ.
2326 5484 2387 5542 κ.
2414 5467 2574 5538 ἀληθ.
2611 5467 2756 5542 quod
2792 5467 2925 5542 mihi
2949 5469 3141 5542 verius
3175 5467 3412 5521 videtur.
3463 5467 3807 5542 Nicephorus

533 5552 658 5610 post
688 5536 936 5608 ἐξουσίαν
971 5543 1134 5596 etiam
1184 5536 1637 5610 αάᾀίι-θειότητα.
1683 5536 1744 5610 '_'_'
1789 5536 2040 5610 Valesius
2071 5536 2722 5610 rescribendumsuadet
2755 5553 2767 5589 :
2809 5538 2901 5610 ἴσα
2941 5537 3029 5590 ἀεὶ
3072 5536 3276 5610 ζῶντα,
3313 5544 3537 5610 secutus
3577 5539 3806 5606 Epipha-

537 5605 685 5662 nium
732 5605 786 5663 et
835 5612 1194 5680 archetypum
1233 5609 1300 5680 ab
1334 5605 1606 5664 Holstenii
1639 5607 1871 5674 editum,
1906 5605 1961 5662 in
1991 5621 2100 5678 quo
2138 5615 2220 5665 est
2251 5626 2264 5665 :
2295 5607 2525 5679 wquales
2556 5623 2759 5678 semper
2802 5609 3046 5662 virentes.
3095 5606 3280 5665 l'tccte.
3335 5607 3601 5662 Eamdcm
3658 5611 3801 5677 plant

537 5681 827 5732 lectionem
863 5678 1043 5734 habet
1067 5678 1436 5749 Nicephorus.
