4032 6192
435 229 567 292 lf’l‘l
1470 226 1960 290 THEODORETI
1999 229 2010 289 i

2119 227 2337 290 :scom
2379 227 2748 290 CYRENSIS
3563 217 3748 294 1228'

434 336 1012 404 niumcommunicat,
1045 321 1219 402 ratus,
1245 338 1290 392 si
1322 337 1468 394 hunc
1505 339 1558 392 in
1593 354 1751 394 suam
1802 348 2010 392 senten-

2123 354 2258 402 σεως
2316 339 2511 410 δέλεαρ
2570 338 2914 404 ἀποϐλέπων,
2977 339 3037 392 τὸ
3099 336 3474 411 θανατηφόρον
3535 341 3708 406 ἄγκι-

432 431 563 482 tiam
604 429 920 491 adduceret,
954 428 1114 484 facile
1149 430 1273 484 aliis
1299 430 1561 485 otnnibus
1587 431 1928 499 superiorem
1959 443 2010 483 se

2122 445 2283 500 στρον
2310 431 2408 500 οὐχ
2442 431 2588 502 ἐώρα
2614 447 2628 460 ο
2691 430 2994 502 ’Λμϐροσίῳ
3026 431 3225 502 πρώτῳ
3259 431 3384 493 τοὺς
3415 430 3544 502 περὶ
3573 429 3712 484 τού-

433 521 694 575 itzturum.
733 519 838 574 Sed
879 521 1204 576 Ambrosius
1237 531 1517 592 paternam
1561 519 1773 590 1042
1801 519 1874 572 illi
1914 519 2010 587 pie-

2119 535 2228 572 των
2261 521 2626 591 προσενήνοχε
2654 519 2866 589 λόγους,
2898 521 3196 591 ήγ·,ύμενος
3235 522 3284 574 εί
3316 520 3506 574 τοῦτον
3532 539 3711 591 μετα·-

431 622 596 669 tatem
626 614 916 669 revocabat
956 614 1007 666 in
1057 614 1407 678 memoriam,
1451 620 1619 683 atque
1660 621 1718 665 ut
1749 612 2010 666 intactam

2120 609 2320 675 πείσοι,
2347 609 2454 664 τῶν
2479 611 2655 665 ἀλλων
2685 611 2884 683 ῥαδίως
2902 613 2968 666 ἂν
2991 630 3056 666 πε
3067 612 3360 684 ριέσεσθαι.
3398 612 3457 666 Ὀ
3483 613 3538 665 δέ
3563 614 3666 682 τῆς
3687 615 3708 644 ⁸

430 715 677 760 servaret
709 704 1077 760 han-editatem
1125 720 1287 775 quam
1322 711 1614 775 acceperat
1670 702 2010 756 hortabatur.

2119 700 2210 754 τοῦ
2243 701 2448 772 πατρὸς
2473 703 2881 774 ἀνεμίμνησκεν
2919 704 3220 768 εὐσεϐείας,
3253 705 3346 757 καὶ
3372 704 3463 757 τὸν
3495 703 3712 774 κλῆρον

425 797 672 849 nocebat
708 798 874 849 etiam
925 797 1242 863 dogmatum
1307 793 1769 870 discrepantiam,
1817 799 1872 845 et
1906 807 2010 859 quo

2119 793 2420 863 παρεκάλει
2446 793 2734 862 φυλάττειν
2753 794 2812 846 ὃν
2839 794 3144 866 παρέλαϐεν
3169 794 3384 848 ἄσυλον.
3421 794 3712 847 Ἐδίδασκε

429 897 590 956 pacto
611 888 725 940 hanc
747 887 970 956 quidem
997 885 1216 939 Domini
1247 885 1518 939 doctrina:
1542 891 1599 938 et
1628 883 2010 953 apostolorum

2119 885 2173 938 δὲ
2205 885 2300 938 καὶ
2331 885 2430 955 τὴν
2476 887 2586 939 τῶν
2635 886 2920 957 δογμάτων
2952 887 3239 959 διαφορὰν,
3294 887 3387 940 καὶ
3435 887 3583 949 ὅπως
3633 885 3713 939 τὰ

432 977 812 1048 ριωάίροιίοιιί
853 987 1229 1032 consentanea
1264 977 1398 1039 sint,
1425 977 1531 1029 alia
1561 990 1692 1031 vero
1720 972 2010 1028 manifeste

2119 975 2219 1046 μὲν
2247 978 2313 1046 τῇ
2362 976 2456 1030 τοῦ
2484 976 2690 1049 Κυρίου
2718 977 3035 1048 διδασκαλίᾳ
3068 978 3164 1030 καὶ
3191 980 3301 1040 τοῖς
3331 977 3438 1030 τῶν
3466 977 3712 1030 ἀποστό-

429 1069 726 1134 coutraria,
775 1069 991 1138 legique
1037 1069 1314 1138 spirituali
1369 1067 1755 1137 repugnantia.
1814 1063 2010 1117 Adole-

2119 1064 2221 1120 λων
2252 1067 2536 1137 συμϐαίνει
2586 1068 2926 1139 κηρύγμασι,
2975 1071 3044 1122 τά
3071 1068 3128 1121 δέ
3159 1068 3417 1140 ἄντικρυς
3455 1069 3704 1134 ἐναντία,

431 1175 592 1214 seens
626 1173 778 1223 vero,
817 1166 1008 1229 utpote
1041 1157 1390 1224 adolescens,
1426 1165 1482 1210 et
1514 1170 1543 1208 a
1577 1157 1805 1225 decepta
1833 1161 2009 1208 matre

2119 1160 2210 1212 καὶ
2235 1160 2303 1230 τῇ
2334 1163 2678 1231 πνευματικῇ
2709 1160 3001 1233 νομοθεσίᾳ
3035 1161 3339 1231 μαχόμενα.
3380 1159 3440 1213 ’0
3471 1159 3526 1212 δὲ
3554 1160 3703 1224 νέος.

433 1251 713 1314 incitatus,
739 1265 849 1303 non
870 1249 1033 1302 modo
1050 1248 1330 1303 Ambrosii
1357 1248 1541 1302 verbis
1570 1262 1677 1300 non
1707 1258 1791 1300 est
1816 1259 2010 1298 assen-

2119 1243 2201 1302 οἷα
2249 1249 2316 1316 δὴ
2360 1249 2496 1313 νέος,
2534 1251 2629 1305 καὶ
2661 1254 2810 1324 παρὰ
2845 1252 3049 1323 μητρὸς
3092 1251 3244 1324 [217]
3288 1252 3652 1323 ἠπατημένης
3681 1255 3701 1284 ⁸

431 1357 550 1402 sus,
589 1338 684 1394 Sed
731 1339 897 1393 etiam
946 1339 1026 1393 ira
1059 1340 1289 1399 exarsit,
1327 1338 1574 1407 levisque
1603 1346 1657 1391 et
1697 1335 1884 1404 gravis
1919 1348 2010 1387 ar-

2119 1337 2413 1409 θηγόμενος
2432 1341 2472 1406 ³,
2505 1341 2566 1394 οὐ
2593 1342 2750 1412 μόνον
2780 1344 2839 1395 οὐ
2869 1343 3120 1413 προσίετο
3144 1345 3212 1396 τὰ
3239 1343 3529 1413 λεγόμενα,
3561 1344 3697 1398 ἀλλά

432 1443 660 1486 matura:
707 1432 979 1486 militibus
1002 1430 1251 1486 ecclesiae
1289 1439 1444 1500 septa
1493 1427 1874 1484 circumsedit.
1906 1426 2010 1482 Ubi

2119 1430 2210 1483 καὶ
2235 1429 2408 1502 θυμοῦ
2439 1433 2650 1504 πλήρης
2681 1434 2907 1502 ἐγίνετο,
2940 1436 3035 1488 καὶ
3071 1435 3245 1505 λόχοις
3267 1436 3502 1489 ὁπλιτῶν
3519 1453 3578 1489 τε
3602 1437 3696 1490 καὶ

430 1537 612 1581 autem
659 1523 1020 1581 fortissimum
1073 1524 1397 1578 bellatorem
1434 1522 1518 1577 bis
1571 1522 1734 1577 rebus
1787 1519 2010 1575 minime

2119 1520 2428 1575 πελταστῶν
2451 1523 2572 1585 τοὺς
2595 1523 3080 1594 ἐκκλησιαστικοὺς
3101 1524 3420 1596 περιϐόλους
3443 1525 3690 1580 ἐκύκλου.

429 1619 758 1674 exterritum
808 1617 945 1671 vidit
976 1618 1099 1686 (pro
1140 1616 1308 1671 larvis
1364 1616 1514 1670 enim
1579 1613 1693 1668 haec
1752 1611 2008 1675 habebat,

2124 1613 2342 1686 Ἐπειδὴ
2377 1614 2433 1668 δέ
2474 1615 2562 1670 τὸν
2599 1616 2854 1686 μέγιστον
2887 1618 3091 1669 ἐκεῖνον
3123 1616 3352 1688 ἀριστέα
3384 1617 3536 1670 οὐδὲν
3577 1618 3691 1671 ἐδεο

431 1725 555 1782 qnze
607 1709 855 1780 puerulis
907 1707 1075 1776 objici
1121 1721 1152 1760 a
1210 1704 1548 1776 quibusdam
1603 1701 1831 1772 solent),
1890 1708 2006 1754 tum

2119 1703 2291 1770 Βίξατο
2315 1705 2420 1759 τῶν
2456 1706 2545 1759 ὐπ’
2575 1705 2739 1759 αὐτοῦ
2770 1707 3075 1777 γενομένων
3101 1723 3113 1738 ο
3151 1707 3560 1778 μορμολύκειαδ
3585 1711 3690 1780 γὰρ

432 1807 655 1876 gravius
699 1802 1042 1872 indignatus,
1075 1808 1264 1868 aperte
1303 1797 1454 1850 illum
1506 1810 1539 1850 e
1587 1793 1766 1848 sacris
1791 1791 2009 1846 toribus

2119 1795 2355 1850 ὑπέλαϐε
2380 1797 2570 1860 ταῦτα,
2617 1797 3020 1868 μειρακυλλίοις
3060 1798 3164 1852 ὐπό
3189 1816 3353 1852 τινων
3388 1803 3691 1871 προσφερό-

432 1897 657 1969 prodire
683 1894 862 1964 jubet.
913 1891 978 1946 Et
1020 1891 1112 1945 ille
1155 1909 1168 1944 :
1225 1907 1245 1942 ι
1298 1890 1413 1942 Hoc
1442 1902 1544 1956 ego
1597 1899 1753 1945 vero,
1806 1881 2006 1969 inquit,

434 1967 554 2040 mea
605 1991 800 2052 sponte
847 1995 958 2034 non
1017 1978 1240 2039 faciam,
1273 1989 1373 2029 nec
1417 1975 1601 2028 ovium
1635 1970 1826 2024 caulas
1863 1967 2010 2036 lupis

433 2075 682 2145 prodam,
740 2085 844 2127 nec
877 2069 1127 2124 divinum
1183 2066 1444 2136 templum
1500 2058 2011 2131 blasphemantibus

433 2161 669 2216 tradam.
707 2163 777 2213 At
821 2158 868 2214 si
913 2157 1008 2211 tibi
1041 2155 1295 2209 occidere
1329 2154 1485 2216 libet,
1525 2149 1678 2204 intus
1699 2148 1756 2201 in
1785 2161 1869 2202 me
1906 2160 2006 2200 en-

434 2267 547 2309 sem
594 2250 680 2306 vel
727 2249 946 2303 hastam
983 2243 1180 2317 deﬁge.
1222 2241 1486 2297 Libenter
1515 2238 1664 2295 enim
1691 2234 2007 2307 bujusmodi

432 2343 636 2400 cadem
665 2338 962 2410 excipiam.
1015 2355 1033 2388 ι

678 2558 866 2616 'CAP.
903 2555 1040 2611 xw.
1071 2556 1093 2630 [
1124 2556 1181 2610 Β.
1225 2553 1306 2609 St.
1346 2551 1412 2607 v.
1445 2551 1548 2607 cn.
1588 2548 1671 2604 ιι.
1709 2547 1727 2621 ]

535 2653 613 2707 De
642 2653 708 2707 iis
745 2665 862 2719 quae
909 2648 1179 2702 Maximus
1213 2654 1474 2719 tyrannus
1523 2640 1905 2696 Valentiniano

917 2719 1127 2788 juniori
1174 2714 1515 2786 signiﬁcavit.

493 2814 688 2886 Longo
719 2824 842 2885 post
883 2826 1148 2882 tempore,
1197 2824 1324 2863 cum
1377 2804 1697 2860 rescivisset
1733 2800 2006 2856 Maximus

431 2924 553 2979 qua:
615 2909 668 2960 in
729 2903 1097 2959 clarissimum
1151 2899 1406 2955 veritatis
1449 2911 1756 2967 praeconem
1796 2901 2009 2949 tentata

2120 1905 2258 1958 μενα
2283 1905 2297 1919 ·
2334 1888 2457 1942 τότε
2483 1889 2546 1960 δὴ
2574 1889 2904 1960 χαλεπήνας,
2932 1889 3224 1961 προφανῶς
3254 1891 3414 1945 αὐτὸν
3442 1892 3691 1946 ἐκέλευσε

2116 1980 2225 2032 τῶν
2252 1979 2412 2048 ἱερῶν
2436 1979 2538 2046 ἔξω
2571 1981 2728 2051 βῆναι
2755 1983 3059 2053 προθύρων.
3106 1983 3162 2036 ’0
3188 1983 3246 2037 δέ
3268 2000 3283 2015 ·
3333 2004 3351 2034 ι
3373 1985 3547 2039 Ἐκὼν
3573 1984 3690 2054 μιν,

2119 2071 2245 2142 ἔφη,
2290 2071 2449 2126 τοῦτο
2475 2074 2536 2126 οὐ
2565 2073 2768 2145 δράσω,
2805 2075 2923 2128 οὐδέ
2955 2075 3219 2146 προδώσω
3243 2079 3357 2140 τοῖς
3388 2078 3572 2141 λύκοις
3603 2079 3696 2131 τὸν

2116 2163 2228 2216 τῶν
2269 2164 2554 2234 προϐάτων
2607 2166 2794 2235 σηκὸν,
2846 2166 2966 2218 οὐδὲ
3021 2171 3132 2229 τοῖς
3179 2167 3559 2237 βλασφημοῦσι
3605 2170 3696 2222 τὸν

2121 2253 2263 2308 θεῖον
2298 2255 2604 2326 παραδώσω
2647 2255 2801 2310 νεών.
2859 2257 2999 2310 Ἀλλ’
3041 2257 3095 2310 εί
3141 2275 3222 2312 σοι
3269 2263 3476 2312 κτεῖναι
3524 2261 3696 2328 δοκεῖ,

2118 2344 2267 2398 ἔνδον
2301 2347 2563 2414 ἐπένεγκέ
2600 2364 2688 2418 μοι
2723 2348 2784 2400 τὸ
2818 2346 2988 2416 ξίφος,
3018 2349 3051 2419 ἦ
3081 2350 3178 2420 τὴν
3216 2352 3442 2420 αἰχμήν.
3491 2353 3697 2406 Ἄσπα-

2121 2438 2251 2502 σίως
2276 2437 2385 2508 γάρ
2411 2437 2634 2509 δέξομαι
2674 2439 2775 2509 τὴν
2803 2438 3060 2510 τοιαύτην
3089 2443 3321 2512 σφαγήν.
3351 2461 3369 2494 ι

2713 2554 2965 2608 ΚΕΦΑΛ.
3007 2555 3104 2609 1Δ’.

2121 2645 2259 2714 Περὶ
2298 2644 2414 2699 τῶν
2451 2645 2611 2714 παρὰ
2646 2645 2919 2715 Μαξίμου
2955 2646 3058 2699 τοῦ
3091 2645 3388 2715 τυράννου
3415 2645 3700 2702 Balaru-

2573 2713 2759 2780 νιιινῷ
2777 2713 2812 2747 ’ί
2835 2715 2872 2767 δ
2881 2713 3245 2777 ηλιυθέντὼν.

2195 2805 2400 2876 Χρόνου
2446 2806 2503 2858 δέ
2553 2806 2748 2876 συχνοῦ
2779 2805 3125 2877 τριϐομένου,
3181 2807 3467 2878 μεμάθηκε
3517 2810 3619 2880 μέν
3671 2811 3702 2864 δ

2120 2895 2372 2967 Μάξιμος
2417 2898 2486 2950 τὰ
2535 2898 2678 2950 κατὰ
2720 2897 2816 2951 τοῦ
2863 2899 3248 2969 μεγαλοφώνου
3296 2902 3537 2971 κήρυκος
3597 2902 3702 2972 τῆς

434 3001 669 3058 fuerant,
700 2995 912 3048 litteras
942 2991 1164 3061 scripsit
1191 2989 1256 3044 ad
1279 2986 1749 3051 Valentinianum,
1782 2985 2010 3038 bortans

2121 2987 2379 3060 ἀληθείας
2403 2987 2729 3059 τολμώμενα
2747 3003 2762 3017 °
2791 2989 3070 3042 ἐπέστειλε
3101 2990 3156 3044 δὲ
3181 2989 3259 3061 τῷ
3285 2991 3700 3064 Βαλεντινιανῶ,

431 3107 556 3146 eum
609 3101 666 3142 ut
701 3087 906 3142 bellum
947 3085 1214 3138 adversus
1258 3081 1513 3152 pietatem
1553 3081 1856 3141 amitteret,
1896 3091 2010 3129 tuo-

2119 3079 2209 3134 τὸν
2242 3079 2382 3133 κατά
2413 3079 2512 3149 τῆς
2541 3079 2821 3144 εὐσεϐείας
2861 3081 3098 3150 πόλεμον
3149 3082 3444 3136 καταλῦσαι
3485 3062 3696 3155 παρεγ-

434 3195 683 3247 neusque
737 3192 806 3232 ne
866 3183 1149 3246 paternam
1201 3174 1462 3244 pietatem
1525 3169 1830 3224 desereret.
1880 3166 2010 3221 Belli

432 3284 655 3340 quoque
693 3268 881 3321 minas
915 3264 1135 3335 adjecit,
1173 3261 1384 3334 1053
1417 3262 1520 3316 nisi
1559 3268 1780 3331 pareret
1814 3277 1827 3312 :
1859 3273 1922 3311 ac
1955 3273 2013 3312 re

435 3363 552 3432 ipsa
589 3363 750 3416 verba
778 3358 1148 3414 oonlirmavit.
1182 3356 1315 3410 Nam
1355 3355 1594 3408 collecto
1626 3352 1872 3408 exercitu
1903 3348 2013 3404 Me-

431 3458 714 3513 diolanum
750 3468 945 3509 versus
978 3452 1160 3514 duxit,
1194 3449 1287 3503 ubi
1331 3448 1422 3500 ille
1456 3446 1710 3516 degebat.
1737 3443 1830 3497 llle
1861 3455 2010 3509 vero,

433 3548 622 3604 audito
651 3548 774 3616 ejus
804 3545 1066 3606 adventu,
1091 3541 1229 3610 fugit
1263 3539 1317 3592 in
1347 3536 1649 3608 Illyricum,
1669 3533 2011 3605 experientia

434 3642 628 3695 doctus
662 3638 794 3710 quid
824 3637 931 3692 sibi
973 3631 1272 3705 profuisset
1299 3628 1496 3683 matris
1523 3627 1840 3682 consilium.

751 3916 904 3972 ων.
944 3914 1056 3970 xv.
1092 3915 1177 3988 ιιι.
1211 3915 1299 3969 St.
1334 3915 1399 3968 v.
1428 3914 1530 3968 Cb.
1567 3912 1676 3986 15.]

471 4012 548 4068 De
581 4013 646 4066 iis
682 4027 798 4081 qua:
852 4027 886 4063 a
931 4009 1223 4063 Theodosio
1259 4011 1578 4076 imperatore
1606 4010 1670 4060 de
1713 4005 1898 4060 eadem
1927 4021 1982 4058 re

1027 4082 1230 4147 scripta
1273 4088 1419 4131 sunt.

507 4169 948 4224 Laudatissimus
981 4184 1111 4222 vero
1140 4167 1398 4238 princeps
1421 4165 1790 4226 Theodosius.
1811 4164 2016 4218 certior

435 4262 503 4318 de
532 4263 600 4316 iis
629 4262 808 4315 lat-tus
830 4277 952 4331 qua:
981 4269 1163 4331 egerat
1188 4261 1512 4330 imperator,
1537 4268 1591 4314 et
1615 4275 1737 4329 qua:
1766 4256 1833 4310 ad
1857 4256 2013 4309 illum

2113 3172 2284 3241 γυῶν,
2329 3172 2424 3226 καὶ
2466 3173 2747 3243 παραινῶν
2793 3173 2867 3244 μὴ
2907 3173 3168 3244 προέσθαι
3197 3174 3294 3246 τὴν
3325 3176 3582 3247 πατρῴαν
3613 3179 3701 3231 εὐο

2115 3261 2352 3320 σὲϐειαν.
2408 3263 2768 3335 Προστέθεικε
2801 3264 2859 3317 δὲ
2894 3266 2987 3318 καὶ
3020 3265 3115 3319 τοῦ
3145 3267 3380 3337 πολέμου
3410 3267 3505 3339 τὴν
3533 3270 3700 3322 ἀπει-

2113 3351 2232 3423 λὴν,
2265 3354 2313 3406 εί
2345 3352 2421 3424 μὴ
2448 3353 2690 3407 πείθοιτο
2712 3371 2725 3384 ⁶
2779 3355 2874 3408 καὶ
2923 3355 3107 3426 μέντοι
3149 3358 3244 3410 καὶ
3290 3357 3351 3410 τὸ
3383 3358 3545 3430 ἔργον
3587 3362 3702 3423 τοῖς

2113 3443 2290 3512 λόγοις
2320 3444 2593 3500 ἐπέθεικε.
2633 3445 2742 3517 Τὴν
2772 3447 2879 3518 γάρ
2913 3448 3171 3518 στρατιὰν
3195 3449 3443 3521 ἀγείρας,
3477 3452 3570 3503 ἐπὶ
3603 3453 3702 3522 τὴν

2114 3535 2438 3589 Μεδιόλανον
2481 3536 2761 3609 ὥρμησεν,
2815 3538 2941 3592 ἔνθα
3000 3541 3208 3603 ἐκεῖνος
3255 3542 3458 3612 διῆγεν.
3534 3544 3596 3597 '0
3643 3545 3702 3599 δέ

2117 3625 2307 3696 μαθὼν
2335 3627 2434 3699 τὴν
2467 3628 2676 3698 ἔφοδον,
2702 3632 2781 3695 είς
2820 3631 3110 3704 Ἰλλυρίους
3139 3634 3289 3687 ἵκετο
3317 3634 3534 3702 φεύγων
3551 3636 3600 3700 ⁸,
3635 3640 3700 3708 τῇ

2115 3720 2282 3792 πείρα
2314 3721 2500 3791 μαθὼν
2531 3721 2691 3775 τίνων
2736 3725 2800 3777 ἐκ
2827 3724 2928 3796 τῆς
2977 3725 3236 3798 μητρῴας
3278 3726 3532 3781 ἀπώνατο
3563 3745 3702 3798 συμ-

2117 3811 2334 3883 ϐουλῆς.

2705 3909 2953 3965 ΚΕΦΑΛ.
3005 3909 3104 3962 ΙΕ’.

2121 4000 2256 4070 Περὶ
2312 3998 2431 4054 τῶν
2477 4001 2639 4069 παρὰ
2668 4000 3170 4073 ΔΘεοδοσίουτοῦ
3209 4002 3514 4068 βασιλέως
3563 4004 3697 4073 περὶ

2576 4070 2792 4124 τούτου
2823 4071 3177 4140 γραμμάτων
3193 4074 3234 4126 ⁸.

2191 4161 2499 4234 Πυθόμενος
2541 4162 2599 4216 δὲ
2635 4135 2987 4227 Θεοδόσιος-δ
3017 4135 3374 4237 πανεύφημος
3416 4166 3692 4236 βασιλεὺς,

2117 4256 2186 4310 τά
2218 4273 2276 4308 τε
2317 4254 2463 4336 παρά
2500 4253 2591 4308 τοῦ
2641 4254 2904 4326 βασιλέως
2937 4257 3271 4328 πραχθέντα,
3303 4260 3394 4311 καὶ
3444 4260 3516 4313 τὰ
3543 4263 3694 4330 παρά

437 4338 734 4423 scripserat
777 4364 1079 4422 tyrannus,
1134 4352 1201 4406 ad
1258 4351 1550 4422 profugum
1600 4350 2010 4404 adolescentem

2119 4346 2214 4400 τοῦ
2249 4348 2511 4417 τυράννου
2558 4346 2860 4417 γραφέντα,
2891 4347 3098 4418 ἔγραψε
3129 4349 3206 4418 τῷ
3239 4353 3533 4420 πεφευγότι
3568 4353 3690 4422 νέῳ,

435 4444 696 4513 scripsit,
732 4444 1041 4497 mirandum
1076 4460 1181 4497 non
1213 4459 1371 4505 esse,
1405 4443 1452 4498 si
1485 4442 1805 4512 imperatori
1840 4441 2012 4509 trepi-

436 4538 621 4600 datio,
657 4544 894 4606 tyranno
927 4535 1184 4605 adjuncta
1233 4536 1305 4590 sit
1341 4535 1609 4597 victoria,
1662 4533 1793 4602 quia
1834 4531 2010 4600 pieta—

437 4639 548 4681 tem
577 4627 919 4697 impugnavit
967 4629 1287 4697 imperator.
1330 4637 1596 4696 tyrannus
1635 4623 1870 4691 adjuvit.
1919 4621 2012 4675 Ille

439 4720 580 4772 hanc
610 4717 875 4788 abjiciens
909 4717 1086 4772 nudus
1118 4715 1360 4787 profugit
1391 4733 1404 4770 :
1441 4716 1530 4770 liic
1547 4716 1736 4769 eadem
1767 4713 2010 4767 munitos

439 4809 702 4865 nudatum
737 4811 903 4864 vincit
935 4829 946 4864 :
979 4811 1164 4880 pietati
1190 4811 1336 4864 enim
1364 4807 1520 4864 adest
1543 4808 1667 4876 ejus
1696 4807 2010 4876 legislator.

443 4902 503 4955 Iit
525 4903 637 4956 inec
669 4901 888 4972 quidem
921 4899 1144 4969 scripsit
1179 4913 1302 4951 cum
1341 4897 1532 4967 procul
1573 4898 1812 4949 abesset.
1851 4892 2012 4948 Post-

437 5011 602 5064 qeam
635 5010 764 5048 vero
790 4995 1009 5063 cognita
1049 4991 1170 5061 ejus
1208 4989 1335 5060 fuga
1370 4989 1436 5043 ad
1474 4987 1726 5043 ferendas
1764 4986 1842 5040 illi
1873 5002 2009 5053 sup-

441 5089 614 5160 petias
647 5089 928 5159 profectus
968 5095 1086 5150 est,
1141 5091 1198 5137 ut
1241 5082 1465 5153 proprio
1503 5096 1670 5149 regno
1714 5080 1911 5134 relicto
1957 5079 2012 5132 in

2124 4441 2199 4511 μὴ
2233 4441 2432 4511 χρῆναι
2462 4440 2783 4511 θαυμάζειν,
2812 4444 2860 4494 εί
2892 4441 2967 4512 τῷ
2995 4442 3202 4513 βασιλεῖ
3235 4446 3331 4516 μὲν
3361 4446 3420 4499 τὸ
3451 4446 3592 4511 δέος,
3619 4447 3695 4517 τῷ

2119 4530 2176 4583 δὲ
2206 4532 2454 4602 τυράννῳ
2481 4530 2542 4583 τὸ
2565 4532 2762 4601 κράτος
2793 4533 3144 4596 συνέζευκται
3168 4551 3182 4565 ο
3219 4539 3283 4606 τῇ
3314 4537 3421 4607 γὰρ
3446 4538 3695 4608 εὐσεϐείᾳ

2121 4623 2509 4692 πεπολέμηκε⁹
2540 4622 2636 4692 μέν
2656 4624 2684 4675 ὁ
2715 4622 2990 4691 βασιλεὺς,
3026 4627 3054 4678 ό
3086 4626 3142 4679 δὲ
3174 4627 3435 4698 τύραννος
3468 4629 3696 4682 ἐπεκού-

2123 4727 2286 4784 ρησεο
2333 4711 2427 4765 καὶ
2457 4713 2486 4764 δ
2541 4712 2639 4781 μὲν
2674 4713 2876 4781 ταύτην
2929 4716 3250 4785 προέμενος,
3308 4719 3696 4790 ἀποδιδράσκει

2121 4802 2324 4874 γυμνός
2352 4818 2366 4832 ⁸
2398 4804 2426 4856 ὁ
2454 4801 2509 4855 δέ
2565 4802 2735 4872 ταύτῃ
2778 4805 3231 4874 καθωπλισμένος
3280 4809 3374 4862 τοῦ
3409 4827 3698 4880 γεγυμνω-

2125 4896 2288 4967 μένου
2316 4897 2526 4966 κρατεῖ.
2557 4895 2633 4966 Τῇ
2666 4897 2773 4965 γὰρ
2804 4898 3054 4970 εὐσεϐείᾳ
3083 4900 3177 4952 καὶ
3200 4901 3227 4952 ὁ
3249 4899 3450 4970 ταύτης
3481 4902 3700 4955 σύνεστι

2121 4985 2436 5057 νομοθέτης.
2467 4984 2650 5037 Ταῦτα
2678 4986 2774 5054 μὲν
2800 4983 2893 5041 οὖν
2923 4987 3052 5051 ἑκὰς
3079 4987 3153 5040 ῶν
3183 4987 3332 5061 {918]
3362 4991 3696 5046 ἐπέστειλεν.

2132 5078 2353 5149 Ἐπειδὴ
2395 5076 2452 5130 δέ
2481 5078 2578 5148 τὴν
2634 5079 2811 5149 φυγὴν
2866 5079 3196 5151 μεμαθηκὼς
3242 5083 3323 5145 είς
3373 5083 3700 5157 ἐπικουρίαν

1705 5259 1942 5316 νΛῐὶΙᾹὶ
1968 5259 2370 5316 LECTIONES.

543 5423 562 5457 ⁸
593 5440 654 5478 τε
679 5424 806 5478 add.
836 5423 1004 5479 Basil.
1035 5421 1130 5479 Gr.
1161 5433 1215 5479 et
1248 5422 1438 5493 Steph.

1551 5422 1571 5453 '
1613 5418 1966 5490 ὴπατημένος
1995 5417 2088 5490 καὶ
2112 5416 2440 5490 θηγόμενος.
2468 5426 2552 5490 __ta
2583 5434 2680 5488 per
2709 5420 3085 5489 conjecturam
3143 5423 3196 5477 in
3253 5424 3447 5478 codice
3488 5423 3708 5480 Casan-

443 5494 591 5593 ιιοῖι.
626 5495 652 5593 ἒ
683 5494 761 5548 lta
785 5494 951 5593 codtl.
989 5493 1190 5593 Pini‘et
1223 5485 2138 5593 SatﬂiiafllzristolibietPelag;
2155 5485 2438 5593 pio'ljp'nte.
2463 5485 2709 5593 misso.
2744 5485 2925 5593 ‘Basil.
2955 5491 3051 5546 Gr.
3082 5503 3134 5577 et
3176 5492 3368 5593 Step'li.
3398 5495 3705 5593 bIab‘ebant:

445 5563 837 5633 καθηγόμενος.
881 5567 903 5596 ⁵
941 5564 1300 5633 μορμολύκια.
1338 5565 1500 5618 Basil.
1533 5561 1637 5633 Gr.
1690 5561 1711 5593 '
1744 5561 1820 5630 τῷ

445 5563 837 5633 καθηγόμενος.
881 5567 903 5596 ⁵
981 5564 1300 5634 ορμολύκια.
1338 5565 1500 5618 Basil.
1533 5561 1628 5616 Gr.
1690 5557 1711 5593 ³
1744 5559 1820 5630 τῷ
1844 5560 1900 5613 νέ
1972 5571 2186 5612 czeterze
2215 5557 2374 5610 editt.
2410 5558 2638 5612 addunt.
2744 5562 2765 5592 ⁸
2801 5560 2847 5632 ᾧ
2887 5578 2976 5614 ετο
3017 5557 3458 5632 φεύγων.’ΒαεὶΙ.
3497 5565 3598 5620 Gr.
3649 5581 3708 5623 et

444 5635 637 5687 Staub.
679 5581 1143 5687 Νἰροοιιλίιιιλυ.
1201 5630 1839 5687 Manium/ﬁatﬁat.
1904 5577 1949 5662 τ
1973 5627 2097 5684 Haec
2137 5627 2630 5687 πεπολέμηκε-τῆ
2670 5630 2780 5687 γὰρ
2815 5580 3066 5686 εέσεϐεία
3101 5643 3148 5687 a;
3173 5644 3302 5687 sunt
3327 5651 3356 5687 a
3385 5635 3555 5687 Basil.
3601 5637 3706 5687 Gr-

489 5627 1143 5704 tap'li.'Nicepli.Xll',‘20.
1201 5627 1839 5704 'ypapév:w~/.Czetera:.
1917 5627 2097 5718 "Haec
2137 5627 2630 5702 πεπολέμηκε-τῇ
2670 5630 2780 5702 γὰρ
2815 5627 2838 5684 ὲ

2849 5631 3066 5705 ὐσεϐεια
3101 5631 3148 5688 αἱ
3173 5644 3302 5689 sunt
3327 5651 3356 5689 a
3385 5635 3555 5691 Basil.
3601 5637 3707 5694 Gr.

3965 1333 3992 1550 7
