4032 6192
327 260 460 326 1229

1305 266 1893 330 ECCLESIASTICIE
1930 269 2314 333 HISTORIIE
2352 274 2498 336 LIB.
2523 278 2590 338 ν.

3443 285 3578 354 1230

318 376 575 442 ἀφίκετο,
593 375 688 427 καὶ
707 372 802 445 τὴν
821 372 919 445 μὲν
935 373 1140 429 οἰκείαν
1158 376 1581 431 καταλελοιπότα
1598 379 1892 448 βασιλείαν,

2007 397 2167 436 suum
2204 384 2424 439 venisse
2458 387 2788 457 conspexit,
2842 389 3080 460 primum
3113 392 3580 464 quidem-animae

322 465 406 527 είς
432 465 490 518 δὲ
512 465 609 536 τήν
639 465 802 518 αὑτοῦ
831 467 1274 538 παραγενόμενον
1294 463 1401 522 εἶδε
1425 485 1438 498 '
1467 471 1682 540 πρῶτον
1706 475 1805 542 μέν
1833 475 1900 542 τῇ

265 559 277 577 ³
321 555 466 628 ψυχῇ
503 557 599 628 τὴν
633 557 931 629 θεραπείαν
979 560 1341 630 προσήνεγκε,
1384 562 1478 614 καὶ
1508 562 1605 632 τὴν
1649 563 1900 632 ἐπιγενο-

259 667 281 720 ις
326 648 498 718 μένην
524 647 622 716 τῆς
660 646 914 709 ἀσεϐείας
950 646 1179 717 ἐξήλασε
1209 648 1382 712 νόσον,
1426 648 1519 701 καὶ
1547 649 1626 712 εἰς
1653 650 1752 720 τὴν
1792 667 1900 703 πα-

276 719 283 763 ἶ
321 736 505 808 τρῴαν
542 735 824 790 εὐσέϐειαν
856 737 1205 806 ἐπανήγαγεν
1227 753 1241 768 ·
1275 733 1395 791 εἶτα
1429 737 1654 810 θαρρεῖν
1688 719 1899 810 παρεγ-

322 832 551 898 γυήσας.
601 829 693 882 καὶ
734 828 875 883 κατά
924 830 1016 882 τοῦ
1049 829 1310 900 τυράννου
1343 831 1702 902 στρατεύσας,
1749 832 1901 886 ἀναι-

325 917 466 986 μωτὶ
500 916 600 986 μὲν
649 915 728 986 τῷ
765 917 870 987 νέῳ
898 917 996 986 τὴν
1042 917 1318 986 βασιλείαν
1363 919 1668 989 παρέδωκε,
1702 920 1795 972 τὸν
1843 921 1900 974 δὲ

321 1004 583 1077 τύραννον
628 1004 885 1059 ἔκτεινεν.
928 1005 1156 1060 Ἀδικεῖν
1186 1008 1296 1077 γάρ
1339 1007 1630 1071 ὑπέλαϐεν,
1674 1007 1900 1072 καὶτὰς

322 1093 459 1164 πρὸς
487 1094 779 1162 Γρατιανδν
809 1094 1182 1165 γεγενημένας
1214 1095 1570 1167 παραϐαίνειν
1601 1097 1896 1167 συνθήκας,

320 1185 371 1236 εἰ
406 1183 482 1255 μὴ
511 1185 700 1256 ποινὴν
753 1186 881 1249 τοὺς
926 1185 1292 1250 ἀπεκτονότας
1319 1186 1361 1218 ⁸⁸
1411 1185 1771 1256 εἰσπράξαιτο
1799 1189 1897 1258 τῆς

321 1275 558 1346 σφαγῆς.

901 1367 1152 1422 unum.
1193 1367 1307 1436 ις’.

480 1458 618 1526 Περὶ
665 1457 1044 1526 Ἀμφιλοχίου
1075 1458 1412 1513 ἐπισκόπου
1459 1458 1728 1514 Ἰκονίου.

389 1550 544 1604 Μετά
569 1550 625 1602 δὲ
647 1549 745 1619 τῆν
773 1548 982 1602 ἐκεῖθεν
1013 1550 1290 1613 ἐπάνοδον,
1315 1551 1544 1618 ἀφίκετο
1578 1549 1678 1621 μὲν
1709 1552 1737 1603 ὁ
1765 1547 1895 1602 θαυ-

321 1639 516 1711 μάσιος
557 1639 922 1710 Ἀμφιλόχιος,
957 1635 1018 1693 οὗ
1047 1641 1305 1704 πολλάκις
1345 1641 1641 1712 ἐμνήσθην,
1676 1641 1892 1695 ἀντιϐο-

2009 475 2354 529 curationem
2386 476 2675 545 adhibuit,
2717 489 2770 535 et
2811 481 3038 538 insitum
3090 484 3394 555 impietatis
3428 505 3579 543 mor~

2008 565 2138 619 bum
2173 567 2423 636 depulit,
2475 577 2872 643 paternamque
2925 575 2992 630 ad
3027 575 3284 646 pietatem
3319 582 3578 648 reduxit;

2006 655 2205 711 deinde
2235 657 2380 712 bono
2412 661 2598 714 animo
2622 677 2744 718 esse
2770 663 2970 732 jubeus
2995 706 3011 727 .
3059 674 3115 721 et
3152 677 3344 722 contra
3377 681 3581 740 tyran-

2007 759 2137 797 num
2196 746 2384 814 copias
2439 749 2688 813 ducens,
2738 753 3028 822 imperium
3073 756 3410 812 adolescenti
3456 761 3580 816 sine

2007 836 2278 904 sanguine
2333 838 2614 904 restituit,
2663 847 2718 896 ct
2768 851 3057 912 tyrannum
3107 845 3406 902 interemit.
3444 849 3578 904 Rem
3643 877 3654 889 -

2005 926 2211 995 quippe
2261 926 2526 997 injustam
2577 945 2635 985 se
2681 930 2952 987 facturum
3006 939 3260 1006 putavit,
3317 951 3372 995 et
3421 954 3581 1012 pacta

2005 1029 2129 1068 cum
2164 1015 2428 1072 Gratiano
2477 1019 2687 1075 ftedera
2735 1023 3069 1081 violaturum
3098 1067 3114 1095 ,
3151 1027 3256 1084 nisi
3286 1044 3482 1100 pmnas
3511 1035 3581 1087 ab

2005 1106 2074 1162 iis
2105 1117 2380 1180 repeteret
2409 1113 2504 1182 qui
2542 1125 2826 1170 necarant.

2182 1426 2398 1500 104.4
2432 1428 2581 1486 CAP.
2619 1429 2756 1487 xw.
2791 1431 2877 1503 in.
2907 1432 2994 1488 St.
3026 1431 3094 1489 ν.
3125 1435 3227 1491 Ch.
3261 1436 3377 1511 ια]

2285 1521 2363 1575 De
2399 1525 2766 1593 Amphilochia
2813 1525 2986 1580 Icom'i
3032 1531 3294 1600 episcopo.

2072 1614 2231 1669 Illinc
2261 1631 2519 1673 reversus
2545 1636 2672 1673 cum
2702 1630 2872 1689 esset,
2900 1625 3578 1695 accessitAmphilochius

319 1705 428 1785 λῶν
451 1733 573 1794 τοὺς
603 1705 711 1784 τῶν
757 1705 1050 1800 ’Ᾰνρειανῶν
1079 1733 1142 1784 ὲκ
1183 1732 1288 1785 τῶν
1321 1705 1527 1785 πόλεων
1576 1705 1892 1804 έξελαθῆναι

2000 1705 2092 1760 ille
2115 1707 2476 1775 admirabilis,
2507 1711 2668 1780 cujus
2701 1727 2729 1765 a
2754 1728 2840 1767 me
2870 1729 3014 1784 saepe
3045 1713 3188 1768 facta
3208 1727 3294 1772 est
3327 1720 3534 1775 mentio
3556 1760 3574 1786 ,

321 1823 629 1890 συλλόγους.
694 1822 751 1874 Ὀ
797 1821 852 1874 δὲ
886 1821 1137 1891 βασιλεὺς
1190 1825 1568 1896 ἀπηνεστέραν
1607 1825 1891 1878 ὑπολαϐὼν

321 1914 422 1985 τήν
456 1915 693 1984 αἴτησιν,
728 1913 828 1966 οὑκ
874 1913 1108 1981 ἐδέξατο.
1155 1915 1212 1970 ’0
1242 1915 1297 1968 δὲ
1347 1915 1656 1985 σοφώτατος
1696 1917 1893 1987 Ἀμφι-

321 2005 497 2074 λόχιος
552 2004 862 2070 παραυτίκα
915 2006 1165 2074 σιγήσας,
1227 2007 1447 2076 μνήμης
1500 2007 1658 2073 ἀξίαν
1707 2007 1895 2078 ἐξεῦρε

323 2094 592 2164 μηχανήν.
626 2093 768 2146 Εῖσω
793 2093 900 2164 γὰρ
926 2090 1079 2158 αὖθις
1112 2095 1220 2149 τῶν
1254 2096 1540 2166 βασιλείων
1581 2097 1892 2167 γενόμενος,

319 2185 415 2236 καὶ
443 2183 763 2255 παρεστῶτα
785 2183 864 2254 τῷ
889 2185 1096 2253 βασιλεῖ
1116 2187 1205 2240 τὸν
1235 2187 1350 2239 υἱὸν
1388 2187 1670 2258 Ἀρκάδιον
1697 2187 1897 2241 θεασάσ-

323 2291 501 2344 μενος,
521 2276 712 2328 νεωστὶ
741 2275 796 2327 δὲ
820 2269 974 2340 οὗτος
1003 2278 1411 2350 κεχειροτόνητο
1436 2277 1708 2348 βασιλεὺς,
1731 2279 1893 2334 αὑτὸν

323 2366 423 2436 μὲν
448 2367 729 2434 ἠσπάσατο
775 2368 1023 2438 συνήθως
1061 2370 1152 2422 τὸν
1205 2370 1448 2440 βασιλέα,
1496 2370 1798 2442 ἀγέραστον
1840 2371 1898 2425 δὲ

318 2459 576 2510 κατέλιπε
601 2460 662 2490 ³⁸·
684 2461 774 2512 τὸν
793 2461 927 2515 υἱόν.
971 2461 1030 2514 '0
1053 2463 1107 2514 δὲ
1134 2462 1403 2532 βασιλεὺς,
1434 2464 1788 2534 έπιλησθῆναι
1813 2483 1899 2518 νο-

321 2549 482 2619 μίσας
504 2550 593 2602 τὸν
634 2550 999 2621 ’Λμφιλὸχιον,
1030 2555 1345 2622 προσελθεῖν
1368 2556 1459 2608 καὶ
1483 2556 1704 2625 φιλῆσαι
1732 2573 1898 2624 προσ-

319 2639 476 2706 έταξε
523 2640 614 2693 τὸν
665 2642 797 2696 υἰόν.
836 2643 898 2696 ὐ
944 2644 1000 2696 δὲ
1047 2645 1356 2716 ἀποχρῆναι
1381 2645 1420 2676 ¹¹
1473 2645 1576 2716 ἔφη
1613 2645 1710 2716 τὴν
1749 2646 1898 2717 αὑτῷ

319 2730 452 2801 ιιιαρ⁹
481 2731 643 2784 αὑτοῦ
670 2733 1122 2803 προσενεχθεῖσαν
1146 2737 1333 2807 τιμήν.
1371 2735 1431 2788 Ὀ
1457 2735 1512 2788 δὲ
1534 2735 1895 2806 δυσχεράνας,

316 2823 522 2877 οἰκείαν
584 2824 768 2877 ἐκάλει
814 2827 1097 2896 παροινίαν
1145 2828 1245 2896 τὴν
1294 2827 1386 2880 τοῦ
1429 2827 1617 2890 παιδὸς
1647 2827 1892 2898 ἀτιμίαν.

319 2914 633 2985 Τηνικαῦτα
674 2916 860 2970 λοιπὸν
898 2919 926 2970 ό
973 2920 1282 2986 σοφώτατος
1330 2905 1676 2988 Ἀμφιλόχιος
1727 2921 1894 2972 ἐκκα-

318 3004 508 3059 λύπτει
533 3008 625 3060 τὸν
654 3007 750 3060 τοῦ
784 3010 1149 3079 γεγενημένου
1183 3010 1402 3074 σκοπὸν,
1438 3011 1530 3062 καὶ
1572 3009 1710 3079 βοῶν
1754 3009 1887 3079 ἔφη·

1997 1811 2190 1865 preces
2219 1797 2489 1861 oﬂ‘ereus.
2535 1809 2595 1854 ut
2625 1803 2959 1857 Arianorum
2991 1817 3298 1862 conventus
3350 1823 3418 1864 ex
3480 1825 3577 1866 ur-

1997 1888 2159 1943 bibus
2189 1890 2547 1958 pellerentur.
2588 1892 2762 1958 Quam
2802 1896 2927 1964 ejus
2971 1896 3294 1965 petitionem
3339 1899 3574 1970 impera-

1999 1988 2103 2048 tor,
2139 1982 2285 2051 quod
2334 1982 2500 2039 nimis
2527 1985 2724 2038 duram
2757 1987 3040 2053 crederet,
3082 2004 3192 2044 non
3223 1991 3468 2047 admisit.
3503 1991 3578 2048 At

1998 2070 2452 2140 sapientissimus
2511 2075 2934 2144 Amphilochius
2995 2085 3129 2135 tunc
3185 2079 3577 2139 obmutescens

1996 2167 2173 2215 artem
2207 2163 2542 2231 excogitavit
2575 2169 3015 2224 memorabilem.
3051 2170 3255 2227 lterum
3298 2174 3446 2229 enim
3478 2189 3579 2244 pa-

1996 2253 2190 2308 latium
2221 2255 2619 2326 iutrogressus,
2651 2267 3034 2332 astantemquc
3063 2264 3413 2334 imperatoris
3441 2281 3576 2323 con-

1998 2346 2244 2414 spicatus
2279 2344 2454 2401 lilium
2498 2348 2834 2417 Arcadium,
2893 2353 2984 2420 qui
3041 2357 3319 2426 particeps
3355 2358 3576 2428 imperii

1998 2437 2163 2506 paulo
2187 2447 2320 2492 ante
2369 2436 2552 2492 fuerat
2595 2440 2920 2510 designatus
2947 2483 2960 2504 ,
3010 2444 3186 2512 ipsum
3218 2447 3433 2515 quidem
3469 2449 3574 2502 im-

1998 2535 2313 2596 peratorem
2365 2526 2433 2584 de
2469 2545 2621 2584 more
2671 2532 2961 2597 salutavit,
3023 2533 3119 2588 sed
3163 2535 3428 2592 honorem
3461 2538 3574 2596 tilio

1998 2616 2209 2670 nullum
2240 2617 2518 2674 exhibuit.
2565 2619 2886 2690 Imperator,
2930 2623 3213 2680 oblivione
3243 2627 3443 2682 factum
3477 2645 3572 2685 ra-

1996 2716 2085 2762 tus
2128 2711 2198 2764 ab
2245 2710 2667 2781 Amphilochia,
2719 2715 2985 2771 accedere
3036 2717 3242 2786 jussit,
3307 2731 3362 2776 et
3400 2722 3569 2779 filium

1994 2800 2259 2855 osculari.
2290 2802 2391 2856 Cui
2425 2803 2516 2858 ille
2559 2806 2696 2859 satis
2727 2820 2849 2861 esse
2903 2808 3226 2877 respondit,
3277 2813 3424 2880 quod
3466 2815 3570 2883 ipsi

1995 2887 2262 2944 honorem
2289 2891 2562 2947 habuerit.
2589 2894 2744 2959 Quod
2780 2895 3002 2968 indigne
3031 2899 3216 2954 ferens
3247 2901 3568 2972 imperator,

1995 2978 2092 3035 ﬁlii
2128 2983 2446 3051 despectum
2493 2985 2693 3040 factam
2725 2989 2829 3043 sibi
2864 2989 3125 3058 iujuriam
3163 2994 3572 3065 interpretaba-

323 3114 345 3147 ε
397 3098 576 3170 Ὁρᾷς,
619 3093 664 3152 ὦ
695 3071 936 3168 βασιλεῦ,
966 3071 1114 3163 δ’πως
1151 3101 1210 3153 οὐ
1244 3071 1428 3169 φέρεις
1457 3099 1552 3170 τὴν
1572 3071 1674 3152 ’τοῦ
1709 3071 1892 3163 παίδός

1997 3079 2106 3126 tur.
2175 3071 2312 3128 Tum
2366 3077 2583 3130 demum
2645 3080 3096 3148 sapientissimus
3151 3084 3570 3156 Amphilochius

317 3189 560 3259 ἀτιμίαν,
596 3189 729 3242 ἀλλά
773 3191 886 3252 τοῖς
913 3191 991 3253 εἰς
1037 3190 1226 3242 τοῦτον
1277 3189 1593 3259 παροινοῦσι
1629 3188 1892 3258 χαλεπαί-

318 3293 427 3339 νεις
475 3277 707 3348 πικρῶς.
762 3279 1058 3332 Πίστευσον
1102 3279 1166 3349 δὴ
1213 3275 1326 3343 οὖν,
1362 3279 1455 3332 καὶ
1492 3278 1581 3332 τὸν
1610 3278 1718 3332 τῶν
1757 3279 1893 3332 ὅλων

317 3365 450 3419 Θεὸν
491 3369 616 3432 τοὺς
650 3369 740 3421 τὸν
792 3369 917 3422 ΥΞὸν
969 3370 1134 3423 αὑτοῦ
1183 3371 1278 3422 τὸν
1336 3369 1598 3440 μονογενῆ
1647 3369 1892 3439 βλασφη-

322 3457 555 3528 μοῦντας
605 3459 999 3528 βδελύττεσθαι,
1033 3463 1127 3514 καὶ
1173 3461 1248 3523 ὼς
1279 3461 1605 3532 ἀχαρίστους
1644 3461 1772 3531 περὶ
1799 3460 1892 3513 τὸν

321 3548 549 3618 Σωτῆρα
577 3551 670 3602 καὶ
695 3551 987 3620 εὐεργέτην
1019 3551 1417 3622 γεγενημένους
1443 3553 1639 3622 μισεῖν*
1677 3571 1696 3603 ι
1732 3548 1891 3605 Οὕτω

319 3640 497 3702 συνεὶς
525 3642 553 3692 ὁ
571 3639 843 3710 βασιλεὺς,
867 3643 961 3694 καλ⁸
988 3643 1057 3696 τά
1083 3659 1141 3694 τε
1173 3643 1538 3712 πεπραγμένα
1557 3642 1626 3695 τά
1651 3659 1709 3694 τε
1737 3642 1890 3713 εἰρη-

320 3727 457 3800 μένα
489 3730 795 3800 θαυμάσας,
830 3733 993 3801 νόμον
1032 3732 1195 3795 εὐθὺς
1219 3731 1423 3802 ἔγραψε
1451 3731 1576 3795 τοὺς
1603 3731 1712 3784 τῶν
1739 3732 1890 3802 αἱρε-

314 3818 481 3874 τικῶν
511 3820 798 3888 συλλόγους
823 3819 1122 3888 κωλύοντα.
1186 3819 1346 3872 Ἀλλά
1373 3819 1416 3850 ¹²
1455 3819 1565 3890 γὰρ
1608 3818 1669 3870 οὑ
1711 3818 1890 3888 ῥᾴδιον

315 3910 493 3971 πάσας
542 3911 822 3980 διαφυγεῖν
871 3909 963 3964 τοῦ
1007 3909 1189 3964 κοινοῦ
1238 3908 1387 3982 [219]
1441 3908 1547 3962 τῶν
1588 3907 1890 3979 ἀνθρώπων

315 4003 574 4072 πολεμίου
606 4005 702 4065 τὰς
735 4004 928 4073 ἄρκυς.
968 4002 1235 4063 Πολλάκις
1272 4001 1380 4069 γάρ
1408 4017 1493 4063 τις
1539 3999 1760 4070 διαδρὰς
1791 3999 1890 4068 τῆς

313 4092 602 4158 ἀσελγείας
626 4095 685 4145 τὸ
719 4093 908 4155 πάθος,
945 4096 1010 4162 τῇ
1035 4092 1134 4160 τῆς
1169 4091 1481 4157 πλεονεξίας
1509 4088 1902 4159 περιπείρεται,

315 4182 468 4253 πάγῃ
494 4182 536 4212 ¹³
558 4198 572 4211 ⁸
599 4183 646 4234 εἰ
667 4183 721 4234 δὲ
745 4183 838 4234 καὶ
857 4180 1062 4249 ταύτης
1086 4180 1352 4250 κρείττων
1375 4179 1590 4248 φανείη,
1623 4178 1890 4248 έτέρωθεν

312 4272 614 4340 ἀναφύεται
649 4271 742 4324 τοῦ
776 4271 971 4338 φθόνου
1026 4271 1086 4322 τὸ
1133 4269 1425 4341 βάραθρον.
1480 4269 1596 4322 Κᾶν
1643 4268 1798 4322 τοῦτο
1831 4268 1889 4322 δὲ

314 4363 476 4416 πάλιν
510 4361 890 4432 ὑπερπηδήσῃ,
943 4360 1036 4412 τοῦ
1093 4359 1268 4429 θυμοῦ
1311 4361 1371 4413 τὸ
1401 4360 1614 4413 δίκτυον
1665 4359 1885 4429 εὑρήσει

315 4453 695 4524 προκείμενον.
738 4453 846 4505 Καὶ
877 4451 1040 4514 ἄλλας
1073 4452 1128 4504 δὲ
1171 4451 1371 4523 μυρίας
1417 4454 1529 4514 τοῖς
1580 4450 1888 4522 ἀνθρώποις

260 4554 268 4585 -‘
314 4545 494 4616 τίθησι
530 4544 925 4615 ποδοστράϐας,
971 4543 1219 4614 ἀγρεύων
1266 4545 1345 4606 εἰς
1389 4543 1628 4614 ὄλεθρον.
1679 4543 1786 4596 Καὶ
1819 4543 1888 4597 τὰ

319 4639 416 4708 μὲν
448 4636 594 4707 πάθη
629 4637 721 4690 τοῦ
768 4636 1017 4705 σώματος
1056 4635 1430 4707 ὑπουργοῦντα
1458 4635 1569 4704 ἔχει
1598 4637 1716 4695 ταῖς
1745 4634 1886 4688 κατά

269 4745 282 4797 j.
313 4732 412 4798 τῆς
440 4729 616 4801 ψυχῆς
640 4726 1086 4796 τεκταινομέναις
1108 4727 1199 4780 ὑπῗ
1218 4725 1379 4778 αὑτοῦ
1405 4742 1478 4795 μη
1486 4727 1672 4796 χαναῖς
1689 4744 1703 4756 ι
1727 4725 1888 4793 μόνος

313 4823 369 4874 δὲ
398 4826 425 4876 ὁ
454 4823 574 4886 νοῦς
607 4821 922 4893 ἐγρηγορὼς
973 4819 1330 4890 περιγίνεται,
1376 4821 1440 4889 τῇ
1481 4819 1610 4890 περὶ
1642 4818 1711 4870 τὰ
1764 4817 1883 4870 θεῖα

317 4915 454 4982 ῥοπῇ
497 4915 603 4967 τῶν
654 4911 1062 4983 μηχανημάτων
1113 4909 1343 4963 διαλύων
1375 4911 1472 4980 τήν
1521 4909 1722 4979 ῥύμην.
1774 4908 1885 4977 Τῆς

315 5004 655 5072 ἀνθρωπείας
703 5005 765 5075 δὴ
799 5002 890 5058 οὖν
937 5003 1152 5074 φύσεως
1201 5001 1294 5054 καὶ
1333 5003 1360 5054 ό
1403 4999 1702 5069 θαυμάσιος
1734 4995 1888 5062 οὗτος

317 5091 598 5162 μετασχὼν
635 5095 906 5162 βασιλεὺς,
955 5095 1049 5146 καὶ
1075 5091 1184 5165 ⁸τῶν
1228 5091 1568 5161 παθημάτων
1602 5090 1887 5158 μετέλαχε,

314 5183 408 5235 καὶ
451 5182 526 5251 τῷ
566 5182 758 5253 δικαίῳ
810 5182 966 5252 θυμῷ
1010 5181 1248 5251 ἀμετρία
1295 5177 1704 5248 προσγενομένη
1741 5177 1890 5246 ὠμόν

312 5289 370 5324 τε
397 5273 441 5304 ¹⁵
475 5275 567 5326 καὶ
604 5275 917 5343 παράνομον
963 5273 1256 5344 εἰργάσατο
1289 5269 1481 5333 πάθος.
1533 5268 1676 5340 Ἑρῶ
1708 5269 1764 5321 δὲ
1798 5267 1892 5322 καὶ⁹

1999 3163 2129 3220 facti
2185 3166 2270 3220 sui
2310 3169 2605 3223 consilium
2662 3173 2962 3239 reseravit,
3009 3184 3065 3230 et
3103 3192 3288 3232 vocem
3335 3191 3567 3236 conten-

1992 3254 2132 3309 deus
2178 3274 2190 3310 :
2241 3277 2258 3305 ι
2320 3256 2530 3322 Vides,
2587 3259 2799 3328 inquit,
2857 3263 3178 3334 imperator,
3233 3279 3288 3323 ut
3341 3271 3432 3325 ﬁlii
3486 3273 3565 3327 tui

1994 3345 2350 3415 ignominiam
2397 3350 2619 3404 minime
2655 3351 2838 3417 feras,
2888 3357 2981 3409 sed
3028 3358 3079 3410 in
3111 3375 3235 3412 eum
3282 3373 3570 3418 contume-

1993 3436 2148 3491 liosis
2175 3440 2416 3506 graviter
2452 3455 2804 3498 succenseas.
2854 3445 3027 3500 Crede
3068 3449 3235 3517 igitur
3283 3453 3569 3507 universo-

1993 3541 2114 3582 rum
2141 3543 2360 3597 quoque
2403 3527 2572 3584 Deum
2613 3547 2710 3585 eos
2745 3534 3007 3588 detestari
3036 3575 3052 3600 ,
3093 3539 3187 3607 qui
3223 3541 3564 3611 unigenitum

1990 3616 2111 3685 ejus
2142 3615 2343 3672 Filium
2376 3619 2789 3688 blasphemaut,
2821 3631 2875 3676 et
2911 3633 3171 3694 tanquam
3197 3643 3326 3698 erga
3364 3629 3568 3683 Serva-

1991 3715 2167 3762 torem
2217 3707 2738 3782 benefactoremque
2791 3730 2951 3769 suum
3008 3718 3240 3788 ingratis
3286 3721 3564 3777 infensum

1989 3815 2132 3854 esse.
2163 3820 2180 3853 ι
2239 3801 2317 3855 Ita
2345 3817 2456 3856 rem
2513 3802 2825 3875 intelligens
2873 3804 3192 3876 imperator,
3225 3811 3456 3882 ejusque
3509 3821 3566 3869 et

1991 3889 2136 3944 facta
2173 3900 2227 3947 ct
2257 3891 2404 3947 dicta
2439 3895 2644 3963 pariter
2665 3897 2977 3961 admirans,
3012 3901 3188 3970 legem
3241 3920 3369 3959 mox
3420 3907 3563 3960 scri-

1993 3982 2138 4051 psit,
2165 3986 2690 4052 qttwha‘reticorum
2721 4001 3024 4044 conventus
3061 3994 3402 4060 prohibebat.
3441 3996 3562 4050 Cae-

1993 4080 2168 4128 terum
2201 4076 2493 4130 universas
2522 4079 2834 4133 communis
2865 4081 3150 4136 hominum
3179 4083 3354 4139 hostis
3388 4085 3566 4138 tendi-

1991 4165 2148 4220 culas
2209 4167 2389 4219 vitare
2447 4165 2608 4220 facile
2669 4185 2778 4222 non
2834 4181 2938 4224 est.
3004 4171 3162 4239 Saepe
3223 4176 3402 4240 enim,
3464 4176 3560 4246 qui

1993 4256 2409 4315 incontinentiae
2446 4259 2700 4312 morbum
2742 4263 3014 4326 evaserit,
3057 4262 3266 4334 1055
3316 4267 3564 4322 avaritiae

1992 4348 2189 4417 laqueo
2222 4347 2473 4402 irretilur
2505 4367 2518 4402 :
2557 4357 2610 4403 et
2642 4349 2687 4402 si
2717 4348 2863 4404 hunc
2910 4351 3074 4404 etiam
3107 4356 3416 4421 superarit,
3451 4359 3558 4413 alia

1917 4420 1962 4474 Ῑ)
1992 4457 2056 4495 ex
2077 4449 2231 4511 parte
2268 4441 2487 4495 invidie
2523 4442 2844 4496 barathrum
2867 4443 3148 4511 objicitur.
3174 4420 3330 4512 Quod
3383 4449 3428 4502 si
3459 4447 3564 4505 hoc

1988 4533 2116 4588 item
2148 4535 2502 4601 transilierit,
2553 4535 2775 4590 obvium
2809 4534 2869 4588 tit
2906 4545 3022 4592 rete
3061 4538 3378 4593 iracundiae.
3412 4540 3563 4595 Alias

1989 4626 2227 4694 denique
2253 4628 2575 4682 innumeras
2601 4628 2920 4684 hoininibus
2952 4629 3178 4699 pedicas
3205 4635 3414 4700 tendit,
3439 4635 3561 4705 qui-

1990 4716 2094 4770 bus
2107 4723 2299 4784 captos
2319 4717 2501 4770 trahat
2527 4717 2592 4771 ad
2612 4719 2717 4774 exit
2729 4718 2839 4773 ium
2860 4737 2876 4786 ;
2901 4719 3170 4791 habetque
3195 4738 3422 4792 prorsus
3438 4740 3564 4780 cor-

1990 4809 2141 4878 poris
2177 4809 2614 4877 perturbationes
2654 4811 2978 4867 insidiarum
3017 4828 3158 4882 quas
3181 4815 3375 4870 animae
3397 4811 3563 4871 struit

1994 4902 2377 4956 administras.
2421 4900 2549 4956 Sola
2602 4919 2757 4960 meus
2792 4904 3028 4974 vigilans
3062 4905 3352 4961 victoriam
3386 4909 3563 4977 adipi-

1989 4993 2187 5058 scitur,
2235 5008 2416 5046 rerum
2452 4993 2761 5048 divinarum
2805 4995 2988 5050 studio
3017 4997 3402 5052 machinarum
3454 4999 3561 5053 im-

1987 5093 2172 5154 petum
2208 5082 2491 5154 frangens.
2532 5083 2758 5140 Natum
2811 5086 3042 5155 itaque‘
3100 5087 3354 5142 humana:
3392 5088 3554 5157 parti-

1990 5193 2122 5246 ceps
2151 5191 2276 5232 cum
2307 5188 2455 5232 esset
2476 5176 2838 5232 admirandus
2872 5177 2962 5231 hic
2992 5177 3314 5248 imperator,
3347 5186 3565 5250 pertur-

1991 5269 2273 5322 bationum
2297 5282 2494 5338 expers
2527 5282 2637 5322 non
2679 5267 2784 5321 fuit
2813 5283 2832 5322 .°
2857 5268 3131 5340 justeque
3167 5269 3263 5325 ira:
3293 5268 3564 5325 accedens

1599 5406 1686 5459 VA
1698 5406 1835 5462 811E
1870 5404 2274 5462 LECTIO‘NES.

385 5528 426 5560 “
472 5527 911 5594 ἀπεκταγκότας.
960 5524 1103 5594 Idem
1149 5537 1272 5594 cum
1315 5521 1506 5594 Steph.

1612 5521 1689 5552 ’θ’
1731 5519 2042 5588 κατέλειπε.
2093 5517 2259 5588 Basil.
2316 5515 2411 5570 Gr.
2455 5516 2646 5588 Steph.
2695 5517 3053 5572 καταλέλοιπε
3093 5517 3320 5587 Niccplt.
3351 5516 3472 5581 ΧΠ,
3508 5519 3564 5575 9.

317 5598 356 5630 ³⁸
389 5595 655 5667 ἀπόχρην.
695 5587 1056 5667 Βοείιςϐικβ
1093 5593 1146 5646 In
1171 5593 1356 5648 codice
1390 5587 1506 5645 Pini
1543 5590 1631 5645 hic
1663 5591 1853 5660 incipit
1891 5602 1941 5641 c.
1980 5587 2065 5641 l7.
2103 5587 2145 5618 ⁸³
2173 5590 2320 5658 παγῇ
2363 5588 2530 5643 Basil.
2559 5587 2659 5644 Cr.
2691 5588 2736 5620 “
2762 5588 2910 5660 ὠμόν
2937 5606 3011 5643 τι.
3044 5588 3165 5644 Pini
3188 5588 3382 5654 codex,
3413 5588 3569 5659 ὠμὸν

351 5669 410 5723 δέ
435 5665 748 5740 τι-Νἰὲιδρὶι.
783 5665 871 5720 XII
894 5708 910 5734 ,
949 5665 1037 5718 40.
