4032 6192
437 261 566 324 1931
1043 321 1050 324 _
1418 259 1903 320 TilEODORET]
1935 257 2274 318 EPISCOPI
2295 257 2665 317 CYRENSIS
3563 248 3696 313 1222

437 371 822 426 innnmlcratio
853 371 1076 425 crudele
1106 386 1169 444 ac
1199 371 1448 440 iniquum
1486 371 1702 424 facinus
1747 369 2013 440 patravit,

2124 366 2276 419 τοῦτο
2305 368 2402 437 τῆς
2425 366 2534 419 τῶν
2561 366 2961 434 ἐντευξομένων
2985 365 3250 435 ὠφελείας
3273 363 3454 417 ἕνεκα.
3483 361 3558 416 Οὑ
3591 364 3703 431 γὰρ

434 462 580 528 quod
644 463 939 531 legentium
994 464 1252 519 utilitatis
1315 465 1491 536 gratia
1544 463 2012 519 commemorabo.

433 555 550 608 Non
594 556 739 609 enim
779 564 991 608 tantum
1019 555 1510 625 τοιιτριιριιείοιιριιι
1544 549 1889 611 admirabilis
1919 556 2017 608 int-

437 647 707 714 peratoris
739 647 1019 715 continet,
1081 648 1178 704 sed
1235 659 1291 704 et
1338 648 1554 704 laudent
1595 647 1715 717 ejus
1750 646 2014 702 memoria

434 739 842 807 dignissimam.
1430 756 1440 765 '

736 833 891 888 cae.
933 831 1095 887 xvn.
1135 832 1220 904 [Β.
1253 832 1333 886 St.
1366 832 1430 885 v.
1467 832 1566 886 (ιιι.
1607 831 1718 902 17.]

471 921 549 975 De
584 924 724 977 corde
759 924 1249 986 Thessalonicensi,
1278 933 1326 976 et
1354 923 1417 976 de
1445 923 1715 975 Ambrosii
1745 922 1976 990 episwpi

734 995 1000 1061 libertate,
1049 1011 1113 1048 ac
1137 996 1338 1064 pietate
1369 994 1728 1062 imperatoris.

505 1148 900 1206 Thessalonica
937 1150 1068 1206 urbs
1097 1159 1182 1207 est
1217 1151 1456 1204 maxima
1487 1158 1541 1204 et
1569 1149 1829 1220 populosa
1853 1190 1865 1213 ,
1902 1149 2012 1203 Ma-

437 1243 707 1297 cedonum
743 1244 963 1313 quidem
1005 1244 1057 1298 in
1101 1252 1264 1314 gente
1297 1243 1472 1312 posita
1500 1281 1516 1306 ,
1563 1241 1660 1297 sed
1695 1256 1817 1310 quae
1846 1250 2014 1310 caput

436 1345 518 1389 est
557 1343 668 1387 tum
697 1333 1000 1389 Thessalia:
1043 1346 1096 1390 et
1129 1335 1377 1400 Achaize,
1417 1343 1531 1387 tmn
1583 1335 1816 1387 aliarum
1861 1349 2012 1388 com-

437 1427 676 1495 plurium
714 1426 1120 1495 provinciarum
1145 1465 1158 1489 ,
1201 1441 1322 1497 quae
1377 1435 1652 1497 reguntur
1690 1441 1720 1481 a
1757 1429 2015 1497 praefecto

373 1557 375 1564 .
438 1518 696 1584 praétorio
743 1518 969 1587 illyrici.
1026 1519 1080 1571 In
1118 1519 1220 1572 hac
1253 1534 1377 1572 cum
1430 1525 1553 1573 orta
1603 1526 1752 1573 esset
1783 1520 2012 1581 seditio,

437 1611 797 1680 magistr-tus
842 1608 1067 1679 quidam
1097 1609 1324 1679 lapidati
1360 1619 1414 1665 et
1467 1611 1649 1665 vexati
1681 1611 1853 1666 fuere.
1896 1615 2016 1676 Quo

2125 457 2285 526 μόνον
2326 456 2662 526 κατηγορίαν
2714 455 2826 525 ἔχει
2880 454 2974 508 τοῦ
3031 452 3352 524 θαυμαστοῦ
3410 451 3699 522 βασιλέως,

2117 546 2253 600 ἀλλὰ
2283 548 2376 600 καὶ
2407 547 2682 617 εὔφημίαν
2707 548 2930 618 μνήμης
2955 545 3282 616 ἀξιωτάτην.

2707 812 2956 864 ΚΕΦΑΛ.
3010 811 3106 864 ικν.

2118 904 2255 972 Περὶ
2303 903 2420 957 τῶν
2471 903 2542 955 ἐν
2584 903 3004 968 Θεσσαλονίκῃ
3029 903 3071 932 ¹⁵
3117 898 3389 972 σφαγῶν,
3436 897 3534 972 καὶ
3567 896 3705 972 περί

2189 970 2300 1040 τῆς
2329 975 2436 1027 τοῦ
2459 975 2798 1027 ἐπισκόπου
2835 971 3181 1040 Ἁμϐροσίου
3209 971 3572 1038 παρρησίας.
3599 970 3702 1023 καὶ

2189 1044 2298 1112 τῆς
2337 1044 2444 1098 τοῦ
2465 1043 2774 1108 βασιλέως
2798 1043 3127 1105 εὐσεϐείας.

2189 1134 2558 1204 Θεσσαλονίκη
2611 1133 2765 1197 πόλις
2795 1134 2911 1185 ἐστὶ
2947 1132 3178 1204 μεγίστη
3214 1131 3307 1183 καί
3344 1128 3700 1200 πολυάνθρωο

2119 1245 2242 1290 πος,
2275 1229 2354 1289 εἰς
2383 1227 2481 1296 μὲν
2510 1225 2570 1278 τδ
2605 1224 2932 1278 Μακεδόνων
2961 1222 3111 1285 ἔθνος
3142 1221 3388 1285 τελοῦσα,
3423 1220 3697 1290 ἡγουμένη

2117 1318 2172 1370 δέ
2197 1317 2292 1370 καὶ
2322 1315 2616 1380 Θετταλίας
2641 1317 2733 1369 καὶ
2783 1315 3027 1385 Ἀχαΐας,
3065 1313 3157 1367 καὶ
3192 1314 3375 1384 μέντοι
3406 1313 3497 1365 καὶ
3527 1311 3698 1364 ἄλλων

2120 1407 2452 1477 παμπόλλων
2487 1405 2678 1466 ἐθνῶν,
2728 1405 2827 1457 ὅσα
2871 1403 2976 1455 τῶν
3019 1402 3292 1474 Ἰλλυριῶν
3331 1403 3423 1454 τὸν
3457 1401 3698 1472 ὕπαρχον
3735 1433 3738 1436 ι

2119 1499 2419 1569 ἡγούμενον
2447 1497 2579 1567 ἔχει.
2622 1497 2708 1549 Ἐν
2735 1495 2905 1567 ταύτῃ
2937 1495 3178 1559 στάσεως
3209 1494 3514 1564 γενομένης
3535 1493 3694 1557 τινὸς,

2122 1587 2558 1655 κατελεύσθησαν
2591 1603 2650 1638 τε
2700 1586 2793 1639 καὶ
2850 1583 3232 1654 κατεσύρησαν
3270 1582 3380 1636 τῶν
3426 1583 3697 1655 ἀρχόντων

437 1703 691 1754 nuntiato
742 1715 1012 1757 accensus
1067 1701 1363 1770 imperator
1423 1703 1518 1758 irae
1580 1704 1842 1774 impetum
1905 1719 2013 1757 non

2124 1681 2284 1745 τινές.
2340 1680 2397 1732 Ὀ
2433 1679 2487 1732 δὲ
2523 1677 2776 1749 βασιλεὺς
2827 1676 3077 1744 ἐξαφθεὶς
3107 1675 3271 1728 sua"
3303 1674 3694 1742 ἀγγελθέντων,

437 1792 596 1853 tulit,
649 1805 751 1843 nec
781 1789 936 1844 freno
975 1790 1206 1846 rationis
1245 1791 1458 1863 1046
1493 1793 1600 1846 vim
1632 1793 1753 1862 ejus
1794 1808 2013 1861 repres-

437 1885 542 1946 sit,
578 1883 672 1937 sed
709 1882 963 1936 vindictae
1001 1884 1288 1937 arbitrium
1333 1884 1406 1936 illi
1447 1885 1713 1954 permisit.
1757 1885 1850 1937 illa
1887 1900 2016 1939 vero

439 1975 540 2029 hac
579 1981 850 2044 potestate
897 1985 1123 2044 accepta
1149 2017 1162 2036 ,
1205 1976 1351 2030 velut
1388 1976 1530 2045 juris
1569 1977 1650 2030 sui
1705 1985 1974 2045 tyrannus
2000 2017 2015 2043 ,

439 2068 615 2137 ruptis
652 2067 878 2121 habenis
913 2068 1156 2137 jugoque
1200 2069 1432 2124 rationis
1466 2083 1735 2132 excusso,
1775 2069 2016 2137 injustos

437 2159 649 2227 gladios
697 2158 752 2212 in
808 2173 1001 2212 omnes
1045 2158 1358 2224 distrinxit,
1402 2169 1456 2212 et
1503 2161 1752 2213 insontes
1811 2161 2017 2229 pariter

438 2267 563 2305 cum
614 2251 1216 2307 sontibnstrucidavil.
1263 2251 1482 2324 Septem
1535 2255 1683 2306 enim
1733 2253 2014 2306 hominum

439 2344 609 2397 millia
646 2342 940 2397 interfecta
988 2344 1373 2414 perhibentur,
1411 2360 1516 2398 non
1560 2353 1840 2414 praeeunte
1868 2343 2017 2413 judi-

437 2437 552 2501 cio,
597 2447 652 2490 et
683 2436 1066 2491 condemnatis
1101 2436 1168 2491 iis
1203 2437 1296 2506 qui
1329 2438 1447 2491 dira
1489 2437 1579 2490 illa
1615 2440 1734 2491 ausi
1766 2436 2015 2500 fuerant,

439 2527 535 2581 sed
564 2529 708 2581 sicut
741 2528 795 2581 in
831 2543 1011 2583 messe
1049 2529 1313 2582 omnibus
1349 2529 1512 2583 simul
1547 2529 1825 2596 spicarum
1865 2543 2019 2582 more

437 2618 696 2673 desectis.

516 2769 598 2843 [Β.
643 2771 722 2824 St.
768 2769 831 2824 V.
877 2770 984 2843 l8.]
1025 2771 1137 2825 ilac
1177 2771 1360 2825 audita
1408 2772 1750 2843 lacrymabili
1789 2772 2019 2826 calami-

439 2873 586 2927 tate,
627 2863 958 2918 Ambrosius
994 2864 1116 2929 ille,
1169 2880 1330 2932 quem
1365 2879 1509 2934 sa'pe
1541 2866 1879 2931 memoravi,
1914 2867 2018 2920 int-

441 2960 678 3026 peratori
707 2999 719 3022 ,
758 2973 884 3010 cum
919 2955 1290 3011 Mediolanum
1324 2959 1562 3012 venissel
1593 2998 1606 3021 ,
1639 2968 1805 3027 atque
1838 2959 1892 3013 in
1928 2975 2018 3014 sa-

2117 1776 2215 1828 οὑκ
2249 1775 2449 1844 ἤνεγκε
2499 1769 2594 1823 τοῦ
2644 1768 2814 1840 θυμοῦ
2845 1768 2943 1839 τὴν
2989 1767 3186 1839 ὁρμὴν,
3238 1767 3360 1819 οὑδὲ
3389 1765 3469 1837 τῷ
3499 1765 3698 1836 χαλινῷ

2116 1864 2209 1918 τοῦ
2267 1859 2530 1932 λογισμοῦ
2587 1861 2687 1931 τὴν
2736 1858 2928 1911 τούτου
2975 1857 3156 1929 ῥύμην
3204 1856 3512 1910 ἐκώλυσεν·
3568 1857 3700 1910 ἀλλὰ

2117 1957 2290 2026 τούτῳ
2324 1955 2421 2025 τὴν
2451 1954 2629 2024 ψῆφον
2653 1951 2958 2019 ἐξενεγκεῖν
2985 1949 3085 2020 τῆς
3114 1950 3378 2018 τιμωρίας
3411 1947 3699 2020 ἐπέτρεψε.

2119 2048 2336 2119 Ταύτην
2367 2046 2424 2100 δὲ
2455 2046 2554 2116 τὴν
2579 2043 2827 2109 ἐξουσίαν
2862 2045 3068 2104 ἐκεῖνος
3111 2040 3314 2106 λαῦὼν,
3345 2035 3436 2094 οἷα
3457 2042 3522 2110 δὴ
3545 2041 3704 2104 αὑτό-

2119 2141 2282 2211 νομός
2303 2156 2363 2191 τε
2396 2138 2488 2191 καὶ
2509 2136 2790 2208 τύραννος,
2821 2134 2913 2188 τὸν
2931 2135 3126 2203 δεσμὸν
3154 2134 3473 2206 ἀπορρήξας
3491 2135 3588 2186 καὶ
3609 2133 3700 2186 τοῦ

2118 2230 2378 2301 λογισμοὺ
2396 2227 2673 2298 διαφυγὼν
2692 2227 2782 2279 τὸν
2799 2223 2985 2292 ζυγὸν,
3000 2225 3160 2279 ἄδικα
3179 2224 3308 2295 ξίφη
3327 2224 3467 2278 κατὰ
3488 2226 3704 2278 πάντων

2117 2323 2423 2395 ἐγύμνωσε,
2450 2321 2546 2374 καὶ
2564 2321 2690 2383 τοὺς
2719 2319 2930 2382 ἀθὼους
2957 2319 3095 2388 μετὰ
3114 2318 3222 2372 τῶν
3243 2317 3558 2371 ὑπευθύνων
3576 2334 3708 2370 κατ-

2119 2417 2374 2470 έκτεινεν.
2419 2413 2591 2468 Ἑπτὰ
2618 2411 2761 2483 γὰρ,
2806 2411 2881 2476 ὥς
2911 2429 3096 2479 φασιν.
3138 2412 3486 2483 ἀνῃρέθησαν
3531 2412 3707 2481 χιλιά-

2117 2508 2227 2571 δες,
2255 2508 2314 2560 οὑ
2331 2505 2565 2577 κρίσεως
2593 2505 2968 2576 ἡγησαμένης,
2994 2504 3088 2558 καὶ
3113 2505 3224 2556 τῶν
3245 2504 3311 2556 τὰ
3343 2503 3492 2558 δεινὰ
3522 2505 3708 2556 ἐκεῖνα

2118 2596 2528 2667 τετολμηκότων
2577 2595 3038 2667 κατακριθέντων,
3094 2593 3209 2647 ἀλλ’
3272 2593 3347 2656 ὡς
3396 2595 3454 2646 ἐν
3511 2594 3709 2664 ἀμὴτῳ

2121 2691 2336 2746 πάντων
2363 2689 2496 2758 όμοῦ
2522 2689 2678 2760 δίκην
2705 2687 2992 2757 ἀσταχύων
3026 2685 3507 2757 κατατμηθέντων.

2193 2778 2344 2852 [220]
2377 2778 2593 2850 Ταύτην
2619 2777 2807 2850 μαθὼν
2838 2780 2935 2849 τὴν
2966 2777 3218 2848 ὀδυρμῶν
3255 2778 3535 2848 γέμουσαν
3566 2794 3712 2847 app.

2119 2873 2292 2944 φορὰν
2345 2870 2669 2942 Ἀμϐρόσιος
2700 2871 2928 2934 ἐκεῖνος,
2978 2865 3038 2924 οὑ
3089 2869 3351 2934 πολλάκις
3402 2869 3710 2941 ἐμνήσθην,

2121 2963 2451 3034 ἀφικόμενον
2472 2965 2550 3026 είς
2575 2962 2899 3016 Μεδιόλανον
2929 2962 3021 3015 τὸν
3052 2962 3296 3034 βασιλέα,
3333 2963 3428 3017 καὶ
3459 2964 3712 3034 συνήθως

439 3065 594 3101 crum
630 3048 895 3116 templum
957 3048 1023 3102 de
1077 3063 1227 3102 more
1279 3049 1489 3120 ingredi
1550 3051 1743 3112 vellet,
1799 3051 2017 3104 obviam

2124 3059 2201 3120 είς
2226 3057 2317 3109 τὸν
2353 3055 2492 3108 θεῖον
2526 3054 2786 3107 εἰσελθεῖν
2820 3054 3152 3125 βουληθέντα
3180 3055 3337 3119 νεὼν,
3387 3055 3710 3126 ὑπαντήσας

441 3140 747 3209 procedens
787 3149 941 3193 extra
980 3141 1351 3203 vestibulum,
1394 3143 1572 3195 sacris
1619 3142 1770 3194 illum
1811 3143 2018 3195 limini-

442 3234 546 3288 bus
575 3231 763 3302 pedem
799 3230 1001 3287 inferre
1033 3233 1126 3286 tali
1163 3235 1418 3287 oratione
1449 3233 1619 3287 vetuit
1653 3248 1666 3282 :
1707 3252 1724 3282 ι
1760 3231 2020 3302 ignorare

443 3323 647 3376 videris
667 3363 681 3384 ,
712 3337 745 3375 ο
771 3322 1088 3392 imperator,
1119 3334 1343 3394 patratae
1366 3339 1396 3377 a
1429 3335 1480 3379 te
1509 3323 1677 3378 caedis
1705 3334 1912 3393 quanta
1949 3323 2021 3378 sit

443 3414 803 3486 magnitudo,
846 3431 1024 3484 neque
1070 3415 1250 3471 adhuc
1288 3427 1415 3486 post
1454 3416 1698 3471 sedatam
1743 3415 1877 3467 iram
1924 3413 2021 3467 ad-

444 3508 676 3561 missum
736 3505 956 3562 facinus
1007 3508 1150 3561 ratio
1209 3507 1467 3577 perviziit.
1521 3504 1637 3559 Non
1693 3505 1826 3561 sinit
1875 3505 2019 3560 enim

444 3597 682 3654 fortasse
705 3599 1059 3668 imperatoria
1081 3606 1327 3666 potestas
1350 3604 1634 3668 peccatum
1658 3611 2018 3667 cognoscere,

447 3691 758 3758 rationique
789 3691 1050 3745 tenebras
1079 3689 1316 3744 offundit
1347 3691 1710 3760 principatus.
1746 3692 1811 3742 At
1837 3699 2019 3745 tamen

447 3791 700 3834 naturam
736 3790 788 3834 te
833 3796 998 3835 nosse
1031 3795 1130 3850 par
1167 3791 1288 3846 est,
1325 3797 1490 3851 quant
1527 3782 1740 3851 fragilis
1775 3792 1828 3837 et
1877 3783 2021 3837 fluxa

447 3873 549 3936 sit,
587 3872 902 3941 avitumquc
934 3873 1212 3942 pulverem
1237 3889 1304 3927 ex
1338 3889 1448 3943 quo
1476 3875 1580 3928 orti
1615 3890 1841 3940 sumus,
1882 3883 1934 3928 et
1968 3875 2020 3928 in

446 3982 610 4036 quem
639 3971 657 3988 ‘
693 3965 991 4020 dilabimur
1028 3983 1043 4020 :
1100 3981 1199 4021 nec
1258 3983 1515 4037 purpurae
1561 3967 1773 4036 fulgore
1823 3968 2022 4037 decep-

446 4066 584 4116 tum,
609 4056 858 4125 corporis
887 4056 1034 4126 quod
1057 4057 1148 4110 illa
1175 4058 1375 4125 tegitur
1404 4058 1838 4111 imbecillitatem
1867 4058 2022 4128 igno-

2121 3148 2227 3214 ἔξω
2255 3147 2364 3200 τῶν
2394 3146 2705 3218 προθύρων,
2753 3148 3009 3217 ἐπιῧῆναι
3032 3147 3140 3200 τῶν
3165 3148 3324 3220 ἱερῶν
3353 3148 3709 3219 προπυλαίων

2118 3240 2298 3293 τοιάδε
2346 3239 2518 3307 λέγων
2566 3238 2866 3291 ἐκώλυσεν·
2922 3259 2938 3290 ι
2978 3239 3091 3293 Οὑκ
3133 3234 3311 3304 οἶσθα,
3361 3239 3438 3303 ὡς
3468 3240 3640 3303 ἔοικε,
3666 3233 3712 3293 ὦ

2123 3331 2364 3403 βασιλεῦ,
2413 3333 2502 3399 τῆς
2553 3332 2926 3401 εἰργασμένης
2986 3333 3303 3401 μιαιφονίας
3345 3332 3408 3385 τὸ
3454 3333 3708 3403 μέγεθος,

2118 3429 2240 3481 οὑδέ
2274 3427 2412 3498 μετά
2437 3427 2535 3499 τὴν
2563 3426 2657 3480 τοῦ
2689 3425 2862 3496 θυμοῦ
2895 3425 3110 3478 παῦλαν
3137 3427 3166 3477 ὁ
3199 3423 3460 3493 λογισμὸς
3493 3426 3712 3492 ἐπέγνω

2119 3519 2183 3572 τὸ
2223 3520 2513 3589 τολμηθὲν.
2549 3519 2663 3572 Οὑκ
2687 3519 2751 3587 ἐᾷ
2783 3517 2891 3588 γὰρ
2931 3517 3058 3579 ἴσως
3092 3516 3188 3586 τῆς
3221 3513 3503 3584 βασιλείας
3552 3518 3586 3587 η
3619 3515 3709 3568 δύο

2123 3614 2347 3683 ναμις¹⁷
2396 3612 2695 3680 ἐπιγνῶναι
2747 3611 2848 3679 τὴν
2889 3611 3188 3680 ἁμαρτίαν,
3235 3607 3348 3660 ἀλλ’
3382 3609 3713 3677 ἐπιπροσθεί

2101 3707 2155 3776 ,ή
2188 3704 2405 3769 ἐξουσία
2432 3703 2508 3775 τῷ
2537 3703 2802 3774 λογισμῷ.
2839 3702 2961 3773 Χρὴ
3011 3702 3192 3772 μέντοι
3239 3700 3435 3755 εἰδέναι
3459 3702 3556 3770 τὴν
3610 3701 3711 3769 φύε

2125 3815 2229 3860 σιν,
2261 3797 2356 3849 καὶ⁸
2400 3795 2460 3848 τὸ
2501 3796 2704 3866 ταύτης
2740 3794 2934 3864 θνητόν
2965 3811 3023 3846 τε
3055 3794 3150 3846 καὶ
3180 3793 3454 3864 διαῤῥέον,
3489 3794 3583 3845 καὶ
3618 3793 3709 3844 τὸν

2123 3891 2387 3960 πρόγονον
2421 3888 2549 3957 χοῦν
2593 3889 2649 3952 ἐξ
2679 3883 2738 3941 οὗ
2785 3887 3110 3956 γεγόναμεν,
3171 3887 3260 3938 καὶ
3315 3887 3396 3948 εἰς
3443 3884 3502 3936 ὃν
3531 3885 3708 3956 ἀπορ-

2125 3975 2342 4045 ρέομεν,
2376 3975 2468 4027 καὶ
2513 3976 2587 4045 μὴ
2617 3974 2696 4043 τῷ
2725 3975 2875 4028 ἄνθει
2909 3975 3008 4045 τῆς
3056 3973 3371 4045 ἁλουργῖδος
3402 3973 3706 4026 ἀποϐουκοσ

2125 4066 2215 4118 λου
2226 4083 2385 4136 μενον
2415 4067 2475 4131 η,
2511 4067 2724 4134 ἀγνοεῖν
2749 4065 2843 4118 τοῦ
2885 4065 3297 4135 καλυπτομένου
3325 4063 3577 4133 σώματος
3608 4065 3704 4133 τὴν

447 4161 592 4200 rare.
632 4145 838 4200 Natura
867 4146 1184 4216 conjunctis
1219 4148 1476 4217 princeps
1525 4149 1766 4217 imperas
1790 4189 1804 4211 ,
1859 4157 2018 4218 atque

2124 4157 2428 4213 ἀσθένειαν.
2469 4157 2755 4228 Ὀμοφυῶν
2785 4157 2994 4227 ἄρχεις,
3026 4150 3072 4210 ὦ
3105 4156 3346 4226 βασιλεῦ,
3373 4158 3468 4209 καὶ
3509 4157 3610 4226 μὲν
3638 4155 3702 4226 δὴ

447 4236 585 4290 adeo
611 4237 920 4291 conservis.
951 4235 1103 4291 Unus
1134 4239 1280 4292 enim
1314 4252 1566 4291 omnium
1602 4239 1718 4292 Rex
1747 4247 1811 4292 et
1836 4237 2022 4292 Domi-

448 4343 554 4382 nus
576 4367 590 4386 ς
621 4327 892 4381 Conditor
924 4328 1330 4382 universorum.
1379 4327 1596 4393 Quibus
1634 4328 1800 4398 igitur
1843 4328 2022 4384 oculis

447 4420 758 4474 communis
783 4419 1282 4490 Dominitemplum
1316 4419 1594 4490 aspicies?
1629 4420 1834 4488 quibus
1868 4419 2018 4489 pedi-

447 4511 562 4592 itus,
580 4526 798 4566 sacrum
835 4512 968 4566 illud
999 4512 1177 4566 solum
1212 4513 1454 4567 calcabis
1476 4513 1498 4566 ?
1520 4513 1798 4582 quomodo
1827 4526 2024 4568 manus

2123 4249 2216 4302 καὶ
2247 4249 2550 4320 ὁμοδούλων
2576 4264 2588 4277 ⁸
2635 4244 2714 4310 εἷς
2745 4249 2854 4319 γὰρ
2898 4249 3152 4303 ἁπάντων
3200 4249 3476 4318 Δεσπότης
3529 4251 3624 4301 καὶ
3675 4248 3707 4298 δ

2126 4340 2408 4402 Βασιλεὺς,
2444 4341 2601 4392 ότῶν
2629 4339 2765 4392 ὅλων
2800 4339 3165 4409 Δημιουργός.
3200 4340 3380 4402 Ποίοις
3421 4339 3602 4390 τοίνυν
3649 4337 3706 4388 ὀ-

2129 4432 2396 4502 φθαλμοῖς
2429 4431 2549 4501 ὕψει
2581 4432 2671 4484 τὸν
2704 4430 2797 4484 τοῦ
2838 4430 3015 4484 κοινοῦ
3049 4431 3318 4484 Δεσπὸτου
3339 4429 3506 4493 vet-3v;
3532 4429 3706 4490 ποίοις

2121 4523 2178 4577 δὲ
2209 4525 2335 4577 ποσὶ
2356 4526 2417 4578 τὸ
2436 4525 2662 4578 δάπεδον
2685 4526 2858 4576 ἐκεῖνο
2892 4527 3156 4593 πατήσεις
3184 4524 3244 4576 τὸ
3277 4524 3431 4591 ἆγιον
3458 4539 3471 4586 ;
3509 4523 3625 4584 πῶς
3647 4522 3708 4574 δὲ

447 4603 714 4658 extendes
749 4603 968 4673 injustm
997 4603 1162 4659 credis
1198 4606 1464 4675 sanguine
1495 4605 1676 4659 adhuc
1714 4606 2018 4661 stillantesi

2124 4616 2220 4680 τὰς
2268 4620 2455 4687 χεῖρας
2513 4619 2747 4680 ἐκτενεῖς
2793 4616 3211 4680 ἀποσταζούσας
3252 4616 3330 4668 ἔτι
3381 4615 3475 4668 τοῦ
3515 4614 3708 4668 ἀδίκου

443 4695 724 4764 quomodo
778 4695 986 4767 1047
1047 4696 1361 4764 hujusmodi
1417 4698 1676 4751 manibus
1726 4712 2024 4752 sacrosan-

448 4796 598 4841 ctum
635 4786 846 4840 Domini
877 4787 1079 4857 corpus
1107 4789 1382 4858 accipies?
1409 4789 1686 4858 quomodo
1721 4791 2022 4859 pretiosum

447 4880 530 4932 ori
567 4879 888 4950 sanguinem
927 4879 1284 4944 admovcbis,
1323 4882 1414 4950 qui
1461 4880 1647 4935 furore
1693 4891 1854 4937 actus
1901 4891 2023 4937 tan-

448 4979 564 5025 tum
599 4971 886 5042 sanguinis
918 4971 1129 5026 nefarie
1167 4972 1505 5041 prot'ndisti?
1563 4973 1775 5028 Recede
1829 4975 2018 5044 igitur,

451 5071 504 5117 et
545 5078 680 5118 cave
711 5063 864 5132 prius
895 5063 1106 5118 crimen
1156 5067 1330 5118 altero
1355 5066 1588 5119 crimine
1620 5081 1822 5135 augere
1855 5082 2022 5120 cone-

444 5156 530 5211 ris
584 5175 596 5209 :
648 5155 746 5212 sed
787 5157 1066 5210 vinculum
1117 5156 1383 5222 admitte,
1419 5174 1528 5229 quo
1577 5167 1630 5213 te
1685 5160 1837 5230 ligari
1884 5159 2026 5214 Dens

443 5248 694 5302 manium
728 5247 995 5304 Dominus
1047 5265 1268 5306 ursum
1321 5252 1541 5321 probat.
1588 5252 1914 5308 Medicinam
1974 5253 2026 5306 id

2125 4709 2288 4777 φόνου
2316 4709 2376 4760 τὸ
2421 4703 2556 4778 αἷμα
2578 4726 2593 4775 ;
2619 4709 2736 4772 πῶς
2762 4709 2816 4762 δὲ
2849 4708 3131 4771 τοιαύταις
3157 4708 3392 4779 ὑποδέξῃ
3420 4708 3578 4778 χερσὶ
3609 4707 3709 4758 τοῦ

2126 4799 2396 4852 Δεσπὸτου
2422 4800 2508 4852 ιτδ
2540 4801 2806 4868 πανάγιον
2857 4801 3048 4867 σῶμα;
3100 4801 3216 4864 πῶς
3255 4800 3310 4853 δέ
3347 4800 3425 4870 τῷ
3475 4799 3714 4869 στόματι

2127 4891 2438 4962 προσοίσεις
2471 4891 2530 4943 τὸ
2554 4885 2691 4960 αἷμα
2720 4892 2780 4944 τὸ
2820 4893 3020 4961 τίμιον,
3050 4892 3303 4946 τοσοῦτον
3338 4891 3426 4944 διὰ
3471 4891 3566 4944 τὸν
3616 4891 3716 4945 τοῦ

2126 4983 2299 5052 θυμοῦ
2322 4983 2478 5050 λόγον
2504 4983 2697 5052 ἐκχέας
2721 4985 3053 5054 παρανόμως
3083 4980 3255 5054 atina;
3285 4967 3477 5036 ίἊπιθι
3502 4985 3718 5048 τοίνυν,

2127 5075 2220 5127 καὶ
2262 5075 2335 5144 μὴ
2383 5075 2558 5145 πειρῶ
2599 5078 2712 5138 τοῖς
2761 5077 3031 5146 δευτέροις
3073 5079 3172 5148 τὴν
3209 5077 3484 5148 προτέραν
3522 5075 3720 5138 αὔξειν

2129 5167 2499 5236 παρανομίαν,
2541 5169 2633 5221 καὶ
2663 5168 2818 5238 δέχου
2862 5171 2951 5221 τὸν
2997 5169 3195 5238 δεσμὸν
3227 5162 3324 5236 ᾧό
3349 5169 3482 5231 Θεὸς
3525 5170 3556 5221 ὀ
3603 5171 3722 5219 τῶν

2128 5261 2266 5314 ὅλων
2287 5263 2566 5331 Δεσπότης
2614 5261 2816 5316 ἄνωθεν
2846 5262 3056 5328 γίνεται
3088 5261 3394 5332 σύμψηφος.
3449 5258 3726 5328 Ἰατρικὸς

1771 5413 2005 5469 VARI/li
2044 5415 2429 5473 LECTIONES

525 5502 566 5580 ‘_‘
592 5509 975 5578 γεγενημένων
1020 5509 1228 5564 addunt
1259 5517 1469 5564 cetera!
1518 5509 1676 5563 editt.
1716 5508 1787 5563 Ea
1819 5526 1940 5579 qua:
1987 5521 2296 5580 sequuntur

2339 5532 2351 5566 :
2395 5514 2488 5566 καὶ
2532 5513 2677 5583 περί,
2713 5520 2821 5565 etc.
2872 5529 3013 5566 novo
3069 5513 3234 5582 capiti
3279 5514 3439 5583 paulo
3479 5513 3732 5569 inferius

445 5573 706 5653 inchoato
740 5573 1391 5653 ascriptafeperiuntur.
1451 5581 1492 5612 “
1528 5580 1634 5633 τῶν
1663 5582 1809 5635 addit
1837 5573 2009 5635 'Basil.
2052 5573 2145 5638 Gr.
2185 5585 2224 5614 ¹⁷
2261 5586 2292 5653 η
2325 5573 2629 5650 δυναστεία,
2669 5584 2831 5638 Basil.
2881 5583 2998 5650 Gr.,
3051 5573 3354 5653 Nic't'plt."l.
3385 5603 3432 5639 c.
3491 5586 3534 5614 "
3580 5586 3735 5639 ἀπο·-

452 5644 737 5715 ϋουκολόμ.
780 5644 941 5702 Basil.
975 5649 1068 5701 Gr.
