4032 6192
353 253 490 360 im

1374 285 1968 348 ECCLESIASTICE
2027 283 2412 345 ΗΙΞΤΟΚΙᾸΞ
2468 285 2613 344 LIB.
2663 284 2732 343 V.

3417 274 3448 284 ’
3477 273 3607 366 erit

348 406 404 459 δὲ
438 401 611 468 οὗτος,
658 399 752 457 καὶ
802 401 1052 473 πρόξενος
1097 399 1324 468 ὑγιείας.
1372 421 1388 451 ι
1425 403 1646 465 Τούτοις
1695 401 1844 466 εἴξας
1898 403 1926 452 6

2034 401 2230 465 l'arict,
2278 401 2686 466 sanitatemque
2736 393 3013 449 restituet.
3079 411 3096 442 ι
3149 390 3244 445 llis
3295 389 3478 445 verbis
3531 391 3609 444 iu-

350 495 604 568 βασιλεὺς
653 495 765 555 τοῖς
801 493 1000 560 λόγοις,
1045 494 1156 556 τοῖς
1190 491 1298 563 γὰρ
1328 491 1490 569 θείοις
1539 492 1738 560 λογίοις
1777 494 1926 545 ἐντε-

350 586 664 659 θραμμένος
690 584 805 656 ᾔδει
836 582 1020 651 σαφῶς
1053 581 1170 636 τίνα
1208 583 1304 653 μὲν
1337 582 1442 636 τῶν
1477 583 1689 654 ἱερέων,
1720 582 1840 636 τίνα
1869 585 1926 635 δὲ

347 679 458 731 τῶν
515 675 779 746 βασιλέων
826 673 954 738 ῐδια,
985 674 1183 728 στένων
1213 674 1310 727 καὶ
1341 674 1592 745 δακρύων
1623 674 1926 743 ἐπανῆλθεν

349 771 428 833 είς
469 769 538 820 τὰ
569 766 835 836 βασίλεια.
871 766 1078 835 Χρόνου
1103 765 1160 818 δὲ
1198 765 1392 834 συχνοῦ
1439 765 1756 829 διελθόντος,
1783 765 1928 820 ὀκτὼ

352 860 458 930 γὰρ
495 857 856 927 ἀναλὼοησαν
904 857 1091 926 μῆνες,
1139 854 1436 908 κατέλαϐεν
1481 857 1514 926 ἡ
1547 854 1640 908 τοῦ
1676 856 1928 926 Σωτῆρος

349 949 509 1020 ἡμῶν
547 949 815 1016 γενέθλιος
851 948 1012 1015 ἑορτή
1037 965 1048 977 ·
1103 947 1130 998 6
1160 947 1216 999 δὲ
1249 946 1500 1015 βασιλεὺς
1534 947 1729 1011 ἐντοῖς
1771 945 1927 1015 βασι-

351 1039 515 1103 λείοις
532 1041 575 1070 "
598 1039 860 1108 καθῆστο,
884 1037 978 1106 τὴν
997 1035 1102 1088 τῶν
1118 1037 1367 1106 δακρύων
1389 1037 1694 1090 ἀναλίσκων
1712 1037 1925 1091 λιϐάδα.

353 1133 523 1186 Τοῦτο
544 1131 875 1200 Θεασάμενος
913 1131 1209 1198 Ῥουφῖνος,
1234 1130 1532 1200 μάγιστρος
1555 1129 1610 1182 δὲ
1632 1129 1931 1199 τηνικαῦτα

350 1221 438 1297 ἦν,
466 1227 558 1279 καὶ
589 1225 786 1294 πολλῆς
821 1229 1033 1295 μετεῖχε
1052 1227 1096 1256 ²⁰
1130 1225 1457 1296 παρρησίας,
1491 1225 1584 1279 ἆτε
1607 1225 1672 1296 δὴ
1706 1224 1930 1293 συνηθέ-

357 1334 545 1388 στερος
569 1316 662 1380 ὢν,
699 1315 1012 1393 προσελθὼν
1046 1317 1208 1386 ήρετο
1238 1317 1342 1367 τῶν
1372 1315 1620 1386 δακρύων
1643 1317 1702 1368 τὸ
1733 1317 1928 1370 αῐτιον.

364 1410 424 1463 '0
475 1411 532 1462 δὲ
586 1406 796 1477 πικρῶς
838 1405 987 1478 [221]
1042 1405 1368 1476 ἀνοιμώξας,
1429 1406 1520 1460 καὶ
1570 1407 1930 1477 σφοδρότερον

356 1501 593 1570 προχέας
627 1500 686 1551 τὸ
713 1499 974 1566 δάκρυον·
1025 1517 1041 1549 ι
1081 1499 1150 1550 Σὺ
1177 1499 1295 1566 μὲν,
1327 1499 1453 1568 ἔρη,
1505 1498 1769 1566 Ῥουφῖνε,
1809 1499 1933 1552 παί-

352 1591 489 1655 ζεις,
523 1592 633 1643 τῶν
662 1590 769 1658 γὰρ
799 1588 946 1658 ἐμῶν
985 1589 1084 1641 οὐκ
1113 1589 1418 1659 ἐπαισθάνῃ
1475 1589 1690 1643 κακῶνο
1725 1589 1834 1656 ἐγὼ
1875 1589 1933 1642 δὲ

354 1683 524 1735 στένω
557 1682 650 1733 καὶ
681 1680 1013 1750 ὀλοφύρομαι
1044 1679 1141 1750 τὴν
1173 1679 1412 1750 ἐμαυτοῦ
1452 1680 1740 1750 συμφορὰν
1783 1680 1931 1748 λογι-

353 1775 600 1841 ζόμενος.
634 1772 709 1834 ῶς
739 1774 851 1833 τοῖς
903 1772 1001 1840 μὲν
1033 1772 1271 1832 οἰκέταις
1321 1773 1412 1824 καὶ
1450 1775 1563 1834 τοῖς
1605 1771 1927 1841 προσαίταις

352 1864 538 1924 ἄνετος
571 1865 598 1914 ὁ
628 1862 767 1924 Οεῖος
798 1861 954 1924 νεὼς,
988 1863 1079 1914 καὶ
1111 1863 1340 1915 εἰσίασιν
1383 1863 1572 1925 ἀδεῶς,
1601 1864 1696 1916 καὶ⁴
1723 1863 1814 1914 τὸν
1849 1864 1926 1915 0i-

354 1955 498 2007 κεῖον
527 1951 894 2006 ἀντιϐολοῦσιν
922 1953 1215 2023 Δεσπότήν,
1251 1955 1373 2022 ἐμοὶ
1405 1953 1461 2005 δὲ
1493 1955 1585 2006 καὶ
1611 1949 1763 2016 οὗτος
1793 1953 1922 2006 ἄϐα-

351 2062 465 2106 τος,
507 2046 600 2098 κα)⁵
633 2044 770 2114 πρὸς
801 2044 972 2112 τούτῳ
1010 2061 1101 2113 μοι
1151 2046 1178 2097 6
1221 2045 1444 2116 οὐρανὸς
1483 2045 1923 2098 ἀποκέκλεισται.

353 2133 653 2203 Μέμνημαι
685 2134 790 2201 γὰρ
823 2135 919 2202 τῆς
961 2135 1294 2203 Δεσποτικῆς
1325 2136 1527 2204 φωνῆς,
1560 2137 1592 2204 ἠ
1627 2135 1926 2206 διαρρήδην

354 2227 517 2294 φησίν
542 2242 555 2254 ο
607 2243 625 2276 ι
667 2228 730 2277 "0
760 2219 854 2277 ἐὰν
888 2227 1082 2296 δήσητε
1117 2227 1208 2278 ἐπὶ
1239 2227 1336 2296 τῆς
1368 2229 1490 2295 γῆς,
1524 2226 1676 2279 ἔσται
1711 2225 1928 2294 δεδεμέ-

353 2333 443 2369 νον
474 2317 532 2368 ὲν
559 2319 668 2380 τοῖς
701 2317 971 2386 οὐρανοῖς.
1013 2336 1030 2367 ι
1071 2317 1130 2369 ’0
1158 2317 1242 2369 δέ·
1283 2335 1300 2367 ι
1346 2316 1692 2387 Δραμοῦμαι,
1726 2314 1852 2384 ἔφη,
1881 2314 1934 2366 εἴ

355 2424 438 2461 σοι
469 2408 631 2470 δοκεῖ,
672 2409 764 2460 καὶ
800 2409 888 2461 τὸν
919 2408 1180 2478 ἀρχιερέα
1234 2408 1406 2460 πείσω
1434 2408 1743 2478 λιπαρήσας
1771 2406 1928 2458 λῦσαί

355 2515 449 2551 σου
477 2502 521 2531 ²¹
553 2500 620 2552 τὰ
665 2499 858 2569 δεσμά.
925 2516 944 2551 ι
1005 2518 1023 2550 ι
1051 2501 1124 2552 Οὐ
1157 2499 1425 2563 πείσεται,
1457 2499 1560 2570 ἔφη
1587 2502 1616 2553 6
1655 2499 1926 2568 βασιλεύς.

353 2586 484 2643 Οἶδα
524 2591 631 2661 γὰρ
674 2590 786 2658 ἐγὼ
838 2591 958 2660 τῆς
999 2590 1323 2660 ’Λμϐροσίου
1373 2591 1555 2659 ψήφου
1601 2590 1662 2642 τὸ
1700 2590 1927 2654 δίκαιον,

351 2681 473 2735 οὐδὲ
504 2680 771 2744 αἰδεσθεὶς
817 2683 912 2751 τῆς
946 2681 1222 2750 βασιλείας
1260 2681 1360 2751 τὴν
1398 2682 1647 2746 ἐξουσίαν
1669 2684 1759 2736 τὸν
1789 2683 1930 2737 Θεῖον

355 2773 733 2844 παραϐήσεται
756 2773 938 2842 νόμον.
971 2791 990 2823 ι
1029 2773 1247 2843 Ἐπειδὴ
1269 2773 1325 2827 δὲ
1352 2774 1559 2828 πλείοσι
1589 2775 1932 2846 χρησάμενος

353 2863 382 2916 6
420 2863 697 2928 Ῥουφῖνος
732 2862 907 2930 λόγοις
934 2863 1139 2916 πείθειν
1173 2863 1436 2933 ὑπέσχετο
1461 2865 1553 2917 τὸν
1586 2867 1928 2936 Ἀμϐρόσιον,

356 2952 608 3006 ἀπελθεῖν
652 2953 813 3006 αὐτὸν
859 2955 887 3006 6
937 2953 1190 3024 βασιλεὺς
1233 2955 1374 3007 κατὰ
1417 2956 1584 3025 τάχος
1642 2957 1926 3010 ἐκέλευσε·

356 3044 449 3097 καὶ
480 3043 642 3106 αὐτὸς
670 3043 747 3106 δὲ,
781 3043 887 3096 ὑπὸ
931 3045 1031 3113 τῆς
1065 3045 1278 3107 ἐλπίδος
1303 3046 1670 3121 βουκολήοεὶς,
1705 3047 1932 3115 ἠκολού-

358 3134 488 3204 θησε
549 3136 685 3198 μετὰ
741 3135 936 3204 βραχὺ,
977 3139 1093 3199 ταῖς
1132 3137 1460 3206 ὑποσχέσεσι
1510 3138 1604 3190 τοῦ
1648 3141 1932 3209 Ῥουφίνου

357 3223 598 3288 πεισθείς
619 3225 684 3278 ’³.
737 3225 946 3277 Αὐτίκα
993 3225 1047 3277 δὲ
1104 3227 1193 3278 τὸν
1264 3229 1542 3294 Ῥουφῖνον
1576 3229 1696 3281 ἰδὼν
1726 3233 1752 3283 6
1792 3232 1934 3294 Οείος

369 3314 718 3385 Ἀμϐρόσιος·
756 3334 774 3366 ι
812 3317 921 3383 Τὴν
951 3315 1059 3369 τῶν
1087 3316 1264 3370 κυνῶν
1295 3319 1738 3390 ἁναίδειαν,ἕςρη,
1779 3323 1932 3375 Ῥου-

354 3406 494 3468 φῖνε,
539 3406 739 3474 ζηλοῖς.
784 3405 1066 3477 Τοσαύτης
1111 3409 1217 3479 γὰρ
1273 3413 1584 3479 μιαιερονίας
1644 3414 1933 3482 γενόμενος

356 3493 680 3563 σύμϐουλος,
729 3497 824 3566 τήν
874 3498 1006 3549 αἰδῶ
1038 3499 1144 3552 τῶν
1195 3499 1462 3567 μετώπων
1503 3503 1803 3566 ἁπέξυσας,
1839 3506 1932 3558 καὶ

354 3581 477 3636 οὔτε
508 3585 784 3654 ἐρυθριᾷς,
814 3585 935 3637 οὔτε
968 3587 1166 3650 δέδιας,
1197 3588 1450 3641 τοσοῦτον
1488 3591 1626 3642 κατὰ
1655 3593 1750 3660 τῆς
1782 3592 1932 3655 Οείας

355 3671 622 3743 λυπήσας
662 3676 886 3739 εἰκόνος.
927 3696 945 3724 ι
989 3677 1202 3746 Ἐπειδὴ
1239 3679 1296 3731 δὲ
1343 3682 1369 3732 ό
1415 3681 1691 3747 Ῥουιξῐνος
1719 3684 1930 3751 ἠντιϐό-

354 3763 455 3824 λει.
480 3767 570 3818 καὶ
595 3767 686 3818 τὸν
709 3766 930 3836 βασιλέα
955 3768 1134 3835 ἔλεγεν
1156 3769 1328 3839 ἥξειν,
1355 3772 1458 3824 ὑπὸ
1482 3772 1572 3823 τοῦ
1599 3772 1742 3824 Θείου
1769 3774 1930 3844 ζήλου

355 3858 724 3926 πυρποληοεὶς
799 3860 1122 3928 Ἀμϐρόσιος
1181 3861 1209 3912 ὁ
1265 3862 1582 3924 Θεσπέσιος·
1656 3883 1672 3914 ι
1757 3865 1928 3932 Ἐγὼ,

353 3945 538 4014 lim“,
569 3945 613 4000 ὧ
667 3951 934 4016 Ῥουφῖ-ιε,
990 3951 1238 4020 προλέγω
1265 3953 1338 4015 ὡς
1371 3954 1598 4006 κωλύσω
1627 3955 1733 4006 τῶν
1767 3957 1929 4025 ἱερῶν

352 4037 511 4090 αὐτὸν
537 4041 790 4108 ἐπιϐῆναι
814 4045 856 4072 ’⁵
892 4043 1196 4114 προθύρων.
1227 4045 1289 4094 Εἰ
1321 4045 1375 4096 δὲ
1406 4047 1484 4106 είς
1513 4045 1801 4114 τυραννίδα
1831 4047 1928 4116 τήν

359 4127 634 4196 βασιλείαν
677 4133 984 4200 μεθίστησι.
1015 4134 1238 4204 δέξομαι
1269 4135 1424 4202 κάγὼ
1461 4136 1575 4202 μεθ’
1607 4137 1799 4207 ἡδονῆς
1830 4140 1928 4209 τήν

357 4221 592 4288 σφαγήν.
628 4241 644 4270 ι
681 4223 896 4274 Τούτων
919 4226 946 4275 ό
988 4225 1263 4293 Ῥουφῖνος
1291 4225 1423 4278 ἀκού
1435 4244 1550 4289 σας,
1579 4230 1814 4297 ἐμήνυσε
1841 4229 1928 4285 διά

352 4325 493 4372 τινος
526 4310 604 4380 τῷ
656 4312 862 4379 βασιλεῖ
895 4315 987 4366 τὸν
1025 4315 1119 4369 τοῦ
1155 4319 1583 4386 ἁρχιεπισκόπου
1608 4320 1652 4352 ³⁸
1703 4322 1924 4386 σκοπόν,

2029 490 2203 544 ﬂexus
2249 489 2552 558 imperator
2611 485 2687 550 (in
2716 483 2920 538 divinis
2975 483 3122 538 enim
3185 482 3422 552 eloquiis
3475 481 3610 534 edu-

2027 587 2184 632 catus
2213 580 2462 650 apprime
2499 584 2678 637 norat,
2708 589 2958 644 quaenam
3006 572 3359 628 sacerdotum
3420 577 3609 625 essent

2027 679 2254 736 partes.
2316 679 2370 722 et
2425 681 2676 736 quaenam
2735 663 3192 734 imperatorum),
3229 679 3356 717 eum
3405 661 3607 730 gemitu

2026 770 2081 814 ct
2146 760 2405 830 lacrymis
2490 756 2651 810 rediit
2719 756 2772 809 in
2835 756 3113 824 palatium.
3178 753 3365 822 Longo
3427 761 3609 806 autent

2029 859 2152 920 post
2205 860 2485 918 tempore,
2545 857 2672 900 octo
2730 847 3016 900 mensibus
3066 847 3422 915 interlapsis,
3479 843 3608 898 Ser-

2029 941 2234 994 vatoris
2272 938 2444 992 nostri
2484 938 2683 992 natalis
2737 937 2855 990 dies
2886 936 3220 1002 advenerat,
3260 945 3314 990 et
3373 937 3611 1004 impera-

2029 1038 2112 1082 tor
2165 1030 2217 1082 in
2273 1028 2478 1098 palatio
2532 1026 2807 1081 residebat
2864 1042 3114 1095 magnam
3167 1027 3276 1078 vim
3321 1026 3608 1080 ell'nndens

2031 1123 2422 1191 Iacrymarum.
2467 1119 2622 1185 Quod
2659 1134 2785 1172 cum
2822 1117 3307 1172 animadvertisset
3341 1115 3610 1179 Ruﬁnus.

2029 1218 2121 1286 qui
2151 1218 2414 1286 magister
2446 1218 2751 1272 ciliciorum
2796 1226 2924 1270 tunc
2949 1223 3092 1282 erat,
3123 1223 3177 1270 et
3202 1229 3415 1270 summa
3445 1213 3611 1267 libero

2030 1318 2144 1364 tate
2203 1319 2262 1363 ut
2324 1311 2793 1368 familiarissimus
2851 1314 3135 1376 utebatur,
3193 1314 3369 1380 ipsum
3424 1309 3614 1365 adiens

2032 1417 2258 1456 causam
2289 1403 2444 1458 lletus
2481 1413 2859 1473 percontatur.
2899 1408 2967 1458 At
3005 1407 3095 1459 ille
3119 1403 3498 1458 vehementius
3533 1403 3615 1456 in-

2032 1496 2380 1564 gentiseens.
2437 1505 2489 1549 et
2522 1496 2807 1550 uberiores
2843 1497 2897 1550 in
2951 1497 3222 1566 lacrymas
3270 1508 3610 1562 erumpens:

2039 1605 2057 1636 ι
2103 1587 2308 1653 Ludis,
2341 1589 2556 1657 inquit,
2595 1597 2650 1641 tu
2677 1628 2690 1650 ,
2729 1587 2959 1651 Ruﬁne,
2995 1601 3112 1642 mea
3143 1587 3288 1640 enitn
3325 1585 3464 1637 mala
3507 1599 3615 1638 non

2035 1681 2212 1734 sentis
2257 1698 2271 1734 :
2310 1696 2411 1750 ego
2445 1698 2573 1736 vero
2613 1697 2772 1752 gemo
2815 1691 2869 1734 et
2910 1682 3106 1750 lugeo,
3151 1694 3326 1733 meam
3363 1678 3616 1733 conside-

2037 1786 2165 1824 rans
2199 1772 2602 1834 calamitatem,
2637 1771 2783 1842 quod
2819 1773 2997 1826 servis
3021 1779 3076 1824 et
3126 1769 3394 1824 mendicis
3433 1769 3498 1824 ad
3533 1769 3616 1822 di-

2038 1861 2223 1914 vinum
2257 1863 2520 1928 templum
2568 1871 2749 1930 pateat
2781 1862 2969 1915 aditus
2992 1900 3006 1923 ,
3045 1861 3364 1932 intrentgue
3396 1860 3575 1914 SI‘Cttt‘i
3599 1901 3613 1924 ,

2035 1962 2086 2005 et
2121 1951 2354 2006 Domino
2399 1945 2502 2008 suo
2547 1954 2906 2022 supplicent:
2947 1953 3079 2006 mihi
3128 1968 3255 2006 vero
3285 1953 3619 2007 etinacces-

2036 2058 2158 2097 sum
2187 2045 2317 2096 illud
2345 2045 2415 2098 sit
2436 2083 2450 2106 ,
2484 2051 2538 2098 et
2569 2047 2768 2098 caelum
2797 2046 3024 2113 insuper
3052 2043 3353 2100 occlusum.
3396 2042 3615 2098 Memini

2035 2137 2181 2190 enim
2235 2136 2572 2191 Dorninicam
2621 2139 2997 2192 sententiam:
3051 2137 3435 2207 Quodcunque
3487 2135 3617 2204 liga-

2037 2229 2228 2283 veritis
2279 2244 2444 2298 super
2498 2235 2740 2292 terram,
2789 2230 2895 2282 erit
2927 2229 3152 2300 ligatum
3187 2239 3236 2282 et
3269 2230 3322 2281 in
3377 2227 3550 2284 cmlis.
3592 2245 3611 2278 ι

2036 2320 2134 2372 Cui
2171 2319 2441 2374 Ruﬁnus:
2479 2339 2498 2369 ι
2528 2321 2788 2384 Curram,
2824 2321 2868 2374 si
2901 2321 3109 2388 placet,
3145 2321 3209 2372 ad
3248 2319 3460 2396 1048
3485 2333 3618 2388 pono

2037 2413 2273 2475 tilicetn,
2324 2424 2378 2464 et
2413 2413 2672 2480 precibus
2720 2413 2991 2466 adducam
3049 2421 3106 2465 ut
3163 2418 3341 2466 solvat
3391 2411 3609 2464 vincula

2037 2500 2413 2557 tuan—«Non
2452 2502 2722 2566 ﬂectetur,
2763 2503 3177 2573 aititnperator.
3212 2501 3347 2556 Nota
3375 2509 3460 2558 est
3485 2501 3613 2554 mihi

2037 2595 2270 2663 aequitas
2301 2595 2592 2648 sententia:
2615 2593 2892 2648 Ambrosii
2921 2633 2935 2656 ,
2977 2609 3157 2662 neque
3189 2593 3277 2646 ille
3311 2593 3614 2646 reverentia

2038 2685 2406 2754 imperatoria:
2441 2685 2731 2753 potestatis
2770 2684 3010 2739 divinam
3055 2695 3506 2754 transgressurus
3533 2693 3616 2738 est

2039 2776 2233 2844 legem.
2280 2795 2298 2827 ι
2343 2773 2448 2832 Sed
2483 2776 2726 2830 instante
2765 2776 2952 2844 multis
3003 2775 3187 2829 verbis
3212 2773 3445 2836 Ruﬁno,
3497 2777 3512 2794 ‘
3563 2782 3614 2827 et

2038 2868 2345 2936 Spomlcnle
2407 2883 2465 2920 se
2525 2883 2924 2937 persuasurum
2989 2866 3324 2930 Ambrosio,
3385 2880 3617 2934 propere

2039 2960 2190 3014 abire
2223 2961 2373 3014 illum
2401 2959 2559 3028 jubet
2596 2961 2919 3029 imperator.
2948 2971 3111 3029 atque
3144 2960 3293 3026 ipse,
3348 2957 3482 3013 falsa
3523 2974 3619 3026 spe

2041 3049 2328 3111 inductus,
2375 3051 2539 3120 paulo
2574 3060 2696 3126 [ψει
2725 3059 2954 3106 secutus
2993 3058 3111 3113 est,
3153 3047 3338 3104 Ruﬁni
3383 3049 3616 3119 promis-

2039 3140 2117 3196 sis
2150 3142 2414 3195 conlisus.
2452 3139 2628 3194 Simul
2661 3152 2846 3196 autem
2901 3150 2960 3196 ut
2993 3140 3254 3195 Ruﬁnum
3297 3140 3436 3194 vidit
3479 3140 3617 3192 divi-

2040 3246 2142 3284 nus
2177 3232 2552 3286 Ambrosius:
2595 3249 2613 3282 ι
2659 3231 2900 3296 Canum,
2961 3231 3178 3300 inquit,
3221 3230 3614 3300 impudentiam

2036 3320 2351 3382 annularis,
2383 3319 2602 3373 Ruﬁne.
2634 3319 2826 3373 Tanta:
2869 3319 3016 3372 enirn
3067 3319 3234 3373 caedis
3261 3316 3617 3372 consiliarius

2039 3413 2301 3480 puriorem
2333 3412 2400 3465 de
2427 3410 2602 3466 (route
2629 3410 2943 3465 abstersisti
2971 3449 2986 3472 ,
3013 3418 3067 3465 et
3098 3425 3275 3479 neque
3304 3409 3614 3471 erubescis,

2036 3520 2214 3572 neque
2239 3503 2503 3559 formidas
2530 3510 2653 3573 post
2677 3509 2884 3555 tantam
2911 3501 3182 3554 adversus
3201 3500 3448 3553 divinam
3479 3499 3613 3551 ima-

2035 3595 2212 3661 ginem
2255 3591 2550 3645 admissam
2585 3591 2817 3645 rabiem.
2857 3607 2875 3640 ι
2914 3588 3162 3656 Cumque
3204 3601 3397 3655 preces
3455 3583 3613 3639 adhi-

2034 3685 2185 3736 beret
2229 3680 2495 3744 Ruﬁnus,
2531 3687 2585 3734 et
2637 3680 3022 3748 imperatorem
3087 3675 3238 3728 brevi
3295 3674 3613 3728 adfuturum

2033 3773 2244 3826 diceret
2267 3810 2280 3832 ,
2305 3771 2422 3824 zelo
2450 3770 2637 3824 divino
2665 3783 2972 3822 succensus
2999 3773 3228 3821 sanctus
3257 3763 3610 3816 Ambrosius:

2040 3883 2056 3914 ι
2107 3865 2175 3916 At
2207 3878 2343 3933 ego,
2392 3863 2610 3931 inquit,
2648 3862 2879 3924 Ruﬁne,
2932 3861 3172 3929 pra'dico
3207 3858 3611 3927 prohibiturum

2033 3973 2119 4012 tne
2159 3957 2309 4009 illum
2340 3970 2623 4010 saerormn
2653 3954 2900 4006 liminum
2937 3957 3217 4019 ingressu.
3254 3950 3407 4015 Quod
3438 3951 3482 4003 si
3516 3948 3611 4000 itu-

2032 4049 2244 4117 periunt
2281 4046 2505 4100 mutarit
2542 4044 2594 4096 in
2639 4043 3026 4114 tyrannidem,
3069 4057 3194 4094 cum
3243 4041 3519 4108 voluptate
3560 4045 3612 4089 et

2030 4156 2130 4208 ego
2159 4137 2360 4191 caulem
2392 4137 2686 4204 excipiam.
2717 4155 2738 4184 ›
2770 4135 2867 4187 llis
2919 4134 3160 4193 auditis,
3199 4131 3431 4184 Ruﬁnus
3476 4146 3614 4198 pott-

2032 4229 2194 4282 titiris
2237 4227 2531 4282 consilium
2576 4225 2894 4293 imperatori
2940 4238 3034 4291 per
3075 4221 3475 4274 internuntium
3531 4214 3631 4272 si:

2030 4319 2328 4390 guilicavit,
2352 4318 2634 4384 suasitque
2659 4325 2714 4368 ut
2753 4317 2894 4368 intra
2915 4315 3176 4383 palatium
3199 4329 3258 4367 se
3279 4312 3607 4365 contineret.

353 4402 447 4453 καὶ
482 4401 665 4470 μένειν
697 4402 826 4454 εἴσω
855 4403 961 4455 τῶν
985 4405 1272 4474 βασιλείων
1302 4409 1625 4479 παρῄνεσεν.
1665 4412 1719 4464 Ὀ
1745 4413 1797 4464 δὲ
1830 4413 1925 4482 βα-

2034 4409 2136 4462 Sed
2164 4409 2477 4477 imperator,
2508 4422 2631 4459 curn
2675 4405 2788 4458 luce
2829 4404 3010 4458 medio
3048 4404 3100 4456 in
3131 4404 3248 4456 foro
3290 4403 3602 4456 didit-isset:

353 4490 557 4554 σιλεὺς.
615 4494 755 4546 κατὰ
817 4495 990 4564 μέσην
1037 4498 1136 4566 τὴν
1188 4501 1395 4570 ἀγορὰν
1469 4502 1639 4555 ταῦτα
1697 4507 1926 4574 μαθών·

360 4599 380 4632 ι
419 4585 666 4652 "Artatur,
712 4585 838 4652 ἔφη,
871 4588 966 4638 καὶ
994 4587 1034 4618 ’⁷
1084 4589 1182 4647 τὰς
1222 4593 1434 4656 δικαίας
1471 4595 1690 4664 δέξομαι
1736 4614 1926 4663 παροι-

353 4671 492 4736 νίας.
534 4693 553 4724 ι
599 4675 815 4745 Ἐπειδὴ
864 4677 920 4730 δὲ
965 4679 1090 4742 τοὺς
1120 4683 1296 4750 ἱεροὺς
1329 4685 1647 4752 περιϐόλους
1695 4688 1926 4739 κατέλα-

353 4767 466 4827 ϐεν,
494 4769 574 4821 εἰς
619 4769 720 4837 μὲν
751 4770 837 4822 τὸν
867 4770 1009 4823 οείον
1049 4773 1148 4826 ούκ
1177 4775 1487 4844 εἰσελήλυθε
1518 4780 1562 4807 ’⁸
1593 4777 1726 4830 νεῶν
1747 4796 1758 4808 ·
1791 4779 1927 4848 πρὸς

351 4853 410 4907 δὲ
457 4858 547 4908 τὸν
600 4862 862 4931 ἀρχιερέα
906 4867 1381 4934 παραγενόμενος,
1429 4870 1486 4921 ἐν
1525 4870 1580 4922 δὲ
1621 4869 1696 4938 τῷ
1747 4871 1924 4922 ἀσπα-

428 5030 665 5086 iMatllt.
706 5051 858 5098 xvm,
893 5039 974 5091 l8.

2036 4523 2051 4552 ι
2088 4502 2212 4564 Ibo,
2273 4501 2483 4568 inquit,
2533 4509 2586 4552 et
2628 4499 2806 4568 justas
2851 4497 3218 4551 contumelias
3255 4494 3545 4565 periuram.
3587 4514 3606 4544 ι

2029 4596 2164 4646 Cum
2189 4604 2370 4647 autem
2401 4591 2468 4644 ad
2499 4607 2662 4647 sacra
2691 4571 2843 4660 septa
2873 4591 3245 4660 pervenisset,
3274 4588 3325 4641 in
3362 4586 3610 4640 divinum

2031 4689 2287 4752 templum
2321 4701 2429 4738 non
2474 4692 2558 4740 est
2589 4685 2870 4755 ingressus
2894 4723 2907 4745 ,
2951 4683 3042 4737 sed
3085 4680 3152 4733 ad
3197 4680 3507 4748 pontiﬁcem
3539 4678 3592 4732 in

2029 4777 2355 4832 Salutatorio
2375 4775 2703 4828 residentem
2727 4773 3016 4835 accedens,
3040 4779 3097 4824 ut
3121 4789 3136 4820 \
3154 4770 3608 4825 iuculissolvere-

2035 4877 2124 4922 tur
2145 4867 2494 4922 obsecrabat.
2525 4866 2615 4920 llle
2647 4883 2774 4922 vero
2801 4865 3148 4935 tyrauuieunt
3169 4863 3292 4930 ejus
3314 4862 3607 4916 adventum

1647 5157 1878 5212 VARUE
1913 5157 2312 5215 LECTIONICS.

421 5315 464 5389 '_’
501 5315 894 5389 ὀλοφυρόμενος
935 5319 1143 5374 addunt
1181 5320 1349 5375 Basil.
1382 5318 1476 5372 Gr.
1512 5328 1564 5370 et
1598 5320 1928 5377 Steolianiei.

2039 5337 2232 5389 cuique
2278 5320 2633 5388 Nicephortts.
2690 5320 3012 5388 '010;dps:o
3054 5318 3146 5389 καὶ
3207 5319 3447 5389 καθῆστο
3487 5319 3603 5374 Pini

345 5384 537 5460 codex.
607 5387 652 5416 ¹⁶
691 5384 1000 5460 μετείληχε.
1047 5391 1163 5442 Ptui
1209 5393 1365 5444 liber.
1416 5391 1457 5420 ²¹
1493 5389 1552 5441 ὃν
1585 5391 1654 5442 ἂν
1690 5392 1928 5460 δήσητει

2034 5384 2172 5442 uiqu
2198 5400 2322 5460 post
2352 5384 2654 5458 δεδεμένος.
2679 5384 2855 5460 ἓΒιιείΙ.
2882 5384 2985 5460 βγ.
3018 5401 3071 5444 et
3105 5388 3293 5460 Steph.
3329 5384 3606 5443 Sll'ltmtttii

347 5454 635 5528 lectionem
675 5454 844 5528 magis
866 5454 1156 5522 conﬁrmat
1191 5460 1549 5528 Nicephorius.
1610 5462 1654 5490 ²¹
1691 5454 1792 5510 σοι.
1818 5454 1928 5512 Ἰὶιιι

2034 5454 2212 5512 ιιιιΙιΙ.”
2241 5463 2286 5490 ⁸³
2317 5454 2635 5522 πιστεύσας..
2671 5458 2833 5512 Rasil.
2867 5459 2961 5512 Gr.
3020 5461 3065 5490 “
3099 5454 3216 5528 Eam~
3242 5470 3325 5513 est
3359 5461 3610 5513 Christo-

385 5525 642 5605 ho_r_s.net
676 5525 961 5605 Scaligeri.
1017 5525 1406 5605 Rasil._(:.r.'ct
1431 5528 1620 5605 Steph.
1656 5529 1857 5605 habent
2094 5531 2183 5605 ﬂ"
2217 5529 2682 5605 Sietlhristopb.,
2720 5529 2922 5598 Sculig.
2956 5542 3011 5605 et
3050 5525 3360 5605 Casaubon.
3395 5532 3499 5584 Sed
3557 5535 3610 5584 iu

347 5594 636 5676 llasil..Gt‘_.
669 5606 720 5649 et
751 5594 940 5676 Steph.
961 5609 1057 5676 est
1086 5598 1372 5676 προϐῆναι.
1415 5603 1505 5676 fi
1525 5594 1928 5676 &pZ-Eapéf|);:.li

2044 5640 2053 5650 .
2087 5599 2181 5655 Gr.
2207 5612 2260 5676 ct
2292 5601 2505 5672 Steph.,
2541 5594 2683 5670 quod
2722 5594 3072 5668 seqmintibus
3113 5601 3286 5670 magis
3313 5603 3613 5656 consentit.

347 5665 388 5694 ³⁷
434 5665 526 5716 καί
572 5667 725 5722 abest
764 5684 792 5721 ιι
826 5668 1088 5736 διιιριιιιιι.
1132 5665 1205 5697 ³⁸
1231 5665 1786 5738 εἰσεληλύθει.Βιιδίι.
1834 5668 1928 5722 Gr.
