4032 6192
524 336 662 402 1235

1472 336 1961 398 THEODORETI
1985 337 2322 399 EPISCOPI
2355 341 2716 404 CYRENSIS

3600 351 3711 420 1236

529 452 745 525 1049
771 453 1097 524 appellabat,
1128 461 1182 509 et
1202 453 1257 508 in
1283 453 1450 510 Deum
1499 455 1681 511 furere
1726 457 2088 512 Theodosium

2199 458 2368 528 στικῷ
2407 456 2560 524 οὗτος
2605 463 2739 532 οἴκῳ
2780 461 3039 531 καθῆστο,
3100 465 3337 535 ἐλιπάρει
3383 466 3578 538 λυθῆναι
3615 475 3699 527 τῶν

525 546 727 608 aiebat,
756 544 988 615 ejusque
1014 546 1160 616 leges
1205 546 1554 602 conculcare.
1610 546 1710 601 Cui
1756 547 2089 617 imperator:

529 653 551 688 ι
590 634 830 701 Minime,
864 637 963 700 ait,
988 645 1178 692 contra
1209 638 1356 708 leges
1391 638 1531 693 latas
1572 637 1704 691 mihi
1746 653 1962 708 arrogo,
1995 653 2095 692 nec

525 743 684 783 sacra
726 729 994 784 vestibula
1055 745 1152 800 per
1184 730 1340 786 nefas
1399 730 1609 800 ingredi
1670 731 1874 798 cupio:
1909 731 2002 785 sed
2036 739 2096 783 ιιι

523 819 742 873 vincula
770 835 890 874 mea
923 821 1107 875 solvas
1139 837 1258 885 oro,
1293 822 1717 889 communisque
1739 820 1951 874 Domini
1987 823 2096 875 cle-

523 911 742 964 mentiae
789 911 1119 972 recorderis,
1181 927 1283 965 nec
1320 912 1449 965 mihi
1505 910 1769 964 occludas
1821 911 2046 978 januam
2075 949 2092 974 ,

523 1015 688 1070 quam
743 1001 1004 1056 Dominus
1057 1003 1435 1070 pwnitentiam
1503 1003 1793 1070 agentibus
1838 1002 2095 1056 omnibus

524 1091 804 1162 patefecit.
859 1112 877 1140 ι
931 1092 997 1145 Et
1042 1094 1328 1162 pontifex:
1367 1113 1383 1142 ι
1409 1094 1716 1158 Quamnam
1749 1101 1828 1156 tu,
1881 1093 2092 1161 inquit,

523 1183 905 1252 paenitentiam
939 1175 1061 1252 post
1089 1193 1197 1238 tam
1235 1184 1483 1252 iniquum
1518 1183 1728 1236 facinus
1763 1182 2098 1236 ostendisti?

523 1289 763 1348 autqua:
793 1279 1188 1333 medicamenta
1246 1279 1589 1348 gravissimis
1643 1278 1964 1332 vulneribus
2004 1292 2094 1330 sa-

523 1371 724 1424 nandis
746 1371 1044 1424 adhibuisti
1072 1370 1095 1422 ?
1128 1391 1146 1422 ι
1182 1369 1359 1423 Tuum
1383 1378 1489 1433 est,
1522 1370 1597 1423 ait
1634 1370 1952 1438 imperator,
1990 1385 2094 1424 me-

526 1458 835 1514 dicamenta
867 1461 1158 1515 ostendere
1183 1469 1236 1514 et
1262 1469 1586 1529 temperare,
1609 1475 1789 1515 meum
1820 1475 1950 1514 vero
1971 1474 2094 1529 quae

524 1549 932 1604 adhibebuntur
964 1553 1236 1621 accipere.
1265 1572 1286 1604 ι
1308 1553 1444 1605 Τιιιιι
1477 1552 1696 1607 divinus
1728 1551 2089 1608 Ambrosius:

528 1659 546 1691 ι
586 1639 853 1707 Quoniam
878 1651 960 1705 tu,
996 1643 1197 1713 inquit,
1225 1644 1493 1710 judicium
1535 1644 1834 1698 iracundiae
1867 1643 2095 1712 permit-

521 1731 616 1794 tis,
666 1739 721 1787 et
756 1747 866 1786 non
904 1733 1069 1799 ratio,
1131 1733 1226 1788 sed
1277 1733 1431 1787 furor
1479 1733 1689 1803 profert
1738 1734 2088 1799 sententiam,

521 1822 704 1878 scribe
762 1822 957 1895 legem,
1007 1839 1131 1893 qua
1187 1824 1486 1878 iracundia:
1535 1825 1839 1879 sententias
1904 1824 2090 1879 irritas

521 1911 713 1968 reddat
749 1919 804 1967 et
853 1912 1048 1967 inanes
1095 1931 1111 1967 :
1150 1913 1453 1982 diebusque
1497 1915 1720 1982 triginta
1774 1915 2091 1984 perscriptae

523 2007 781 2053 maneant
814 1999 881 2054 de
907 1999 1054 2055 caede
1085 2002 1166 2056 vel
1206 2001 1582 2070 publicatione
1618 2003 1740 2056 lata:
1780 2004 2088 2067 sententiae,

520 2089 753 2146 rationis
774 2090 1048 2160 judicium
1074 2101 1474 2162 exspectantes.
1497 2091 1696 2148 Diebus
1712 2101 1890 2148 autem
1917 2101 2094 2148 trans~

522 2181 682 2246 actis,
709 2183 801 2252 qui
841 2181 1086 2252 iudicata
1127 2184 1401 2252 scripsere
1451 2183 1718 2254 imperata
1776 2184 2089 2247 exhibeant,

522 2287 590 2328 ac
619 2280 737 2328 tum
777 2274 857 2328 ira
891 2273 1077 2329 sedata
1109 2276 1128 2295 '
1155 2275 1298 2330 ratio
1336 2275 1482 2345 apud
1519 2291 1578 2331 se
1628 2274 1946 2344 dijudicans
1993 2292 2089 2331 ex-

518 2366 720 2436 pendet
747 2381 869 2438 qua:
887 2367 1108 2422 decreta
1133 2375 1284 2434 sunt,
1308 2367 1696 2439 dispicietque,
1714 2367 1938 2437 justane
1958 2369 2088 2433 sint,

522 2471 589 2512 an
631 2457 835 2528 injusta
862 2477 876 2514 :
907 2467 960 2513 et
985 2459 1038 2514 si
1073 2459 1294 2530 quidem
1343 2459 1546 2529 iujusta
1579 2475 1702 2515 esse
1742 2460 2090 2528 compererit,

520 2535 724 2618 scripta
755 2548 948 2618 utique
970 2548 1335 2615 conscindet;
1370 2549 1456 2603 sin
1492 2563 1622 2603 vero
1658 2549 1830 2618 justa,
1889 2547 2092 2602 confir-

519 2636 713 2700 mabit,
743 2645 1001 2706 recteque
1056 2637 1322 2706 judicatis
1367 2637 1580 2690 dierum
1622 2652 1886 2692 numerus
1924 2637 2091 2691 baud-

517 2744 792 2798 quaquam
824 2727 1042 2782 olliciet.
1087 2748 1104 2780 ο
1142 2727 1448 2782 Consilium
1474 2726 1577 2780 hoc
1615 2728 1948 2796 amplectens
1989 2728 2092 2782 im-

519 2827 759 2890 perator,
790 2817 1051 2888 factuque
1082 2818 1350 2889 optimum
1383 2817 1732 2881 existimans,
1772 2817 1942 2886 legem
1975 2827 2090 2871 sta-

519 2911 616 2963 tim
660 2908 933 2963 conscribi
968 2908 1160 2978 jussit,
1213 2916 1267 2962 et
1304 2921 1504 2962 manus
1550 2922 1662 2961 sua:
1698 2906 1910 2977 1050
1957 2907 2090 2962 sub-

518 2999 815 3068 scriptione
851 2997 1114 3052 firmavit.
1149 2995 1269 3064 Quo
1305 2996 1472 3063 facto,
1505 2996 1725 3052 divinus
1765 2999 2090 3054 Ambrosinus

2195 549 2430 622 δεσμῶν.
2488 551 2550 606 '0
2603 553 2664 606 δὲ
2717 554 3042 632 τυραννικὴν
3067 555 3246 609 ἐκάλει
3289 557 3381 627 τήν
3425 565 3696 632 παρουσίαν,

2197 644 2292 694 καὶ
2374 644 2514 696 κατὰ
2599 645 2692 697 τοῦ
2751 643 2886 698 Θεοῦ
2953 620 3265 717 κμεμηνέναι
3331 650 3417 703 τὸν
3469 651 3702 711 Θεοδόσιον

2195 731 2348 800 ἔλεγε
2373 772 2387 795 ,
2432 735 2526 787 καὶ
2556 735 2692 798 τοὺς·
2711 735 2921 789 ἐκείνου
2951 737 3142 807 νόμους
3169 741 3373 792 πατεῖν.
3421 740 3474 793 '0
3501 743 3550 795 δὲ
3580 745 3703 812 βασι-

2194 822 2353 885 λεὺς·
2401 840 2419 873 ι
2457 823 2530 876 Οὐ
2572 823 2934 894 Θρασύνομαι,
2966 824 3090 894 ἔφη.
3143 827 3286 879 κατὰ
3326 827 3426 879 τῶν
3480 835 3703 900 κειμένων

2195 915 2394 984 νόμων,
2428 916 2548 968 οὐδὲ
2582 917 2918 987 παρανόμως
2952 919 3203 988 ἐπιϐῆναι
3231 920 3336 971 τῶν
3371 921 3518 989 ίερῶν
3544 924 3708 994 προθύ-

2197 1021 2306 1073 ρων
2337 1003 2558 1074 ἐφίεμαι
2585 1021 2598 1034 ·
2630 1005 2767 1058 ἀλλά
2795 1023 2852 1058 σε
2884 1004 3042 1058 λῦσαί
3075 1024 3163 1075 μοι
3185 1010 3228 1039 ¹⁹
3261 1005 3347 1060 τον
3374 1009 3552 1077 δεσμὸν
3576 1013 3706 1075 ἀξιῶ,

2196 1097 2288 1147 καὶ
2338 1097 2436 1164 τὴν
2484 1096 2578 1149 τοῦ
2623 1096 2802 1149 κοινοῦ
2845 1099 3110 1151 Δεσπότου
3153 1097 3302 1169 [29.2]
3354 1100 3706 1170 φιλανθρωπίαν

2193 1184 2532 1253 λογίσασθαι,
2577 1188 2670 1240 καὶ
2706 1188 2780 1258 μὴ
2806 1188 3014 1240 κλεῖσαί
3049 1206 3138 1258 μοι
3173 1190 3356 1259 θύραν,
3391 1192 3452 1257 ἢν
3475 1195 3593 1244 πᾶσι
3615 1197 3706 1256 τοῖς

2198 1277 2527 1346 μεταμελείᾳ
2578 1279 2928 1348 χρωμένοιςὸ
2970 1279 3243 1347 Δεσπότης
3284 1281 3550 1351 ἀνέῳξεν.»
3589 1284 3637 1335 '0
3663 1281 3705 1338 δὲ

2193 1367 2483 1436 ἀρχιερεὺς
2531 1366 2673 1437 ἔφη·
2718 1386 2737 1419 ι
2786 1370 2954 1422 Ποίαν
2998 1366 3092 1423 οὖν
3143 1373 3493 1441 μεταμέλειαν
3538 1375 3708 1438 ἔδειξας

2197 1458 2332 1527 μετὰ
2363 1457 2632 1528 τοσαύτην
2661 1462 3040 1530 παρανομίαν;
3075 1462 3248 1525 ποίοις
3272 1463 3326 1516 δὲ
3349 1464 3628 1532 φαρμάκοις
3654 1467 3708 1518 τὲ

2191 1548 2418 1602 δυσίατα
2458 1549 2838 1619 ἐθεράπευσας
2876 1551 3204 1621 τραύματας
3247 1572 3264 1604 ι
3306 1553 3362 1606 '0
3389 1555 3442 1606 δέ
3472 1553 3705 1622 βασιλεύς·

2198 1657 2216 1690 ι
2242 1639 2340 1691 Σὸν
2382 1639 2561 1710 ἔργον,
2599 1641 2752 1710 φησὶ,
2778 1641 2839 1693 τὸ
2865 1644 2959 1695 καὶ
2999 1643 3171 1706 δεῖξαι
3192 1644 3238 1675 ⁸⁸
3286 1644 3378 1696 καὶ
3428 1646 3630 1715 κεράσαι
3653 1646 3705 1698 τὰ

2196 1727 2462 1798 φάρμακα
2487 1729 2530 1760 ³⁸
2551 1744 2566 1758 ⁸
2594 1731 2618 1781 ἐ
2627 1729 2726 1798 μὸν
2740 1730 2796 1782 δὲ
2812 1731 2872 1782 τὸ
2904 1730 3162 1796 δέξασθαι
3182 1733 3248 1786 τὰ
3277 1736 3669 1804 προσφερόμενα.
3689 1756 3704 1788 ι

2123 1798 2165 1854 Β
2195 1821 2328 1873 Τότε
2365 1821 2394 1873 6
2437 1819 2578 1884 θεῖος
2619 1820 2944 1891 ’Δμϐρόσιος
2967 1838 2981 1852 ο
3011 1841 3029 1871 ι
3069 1822 3289 1893 Ἐπειδὴ
3320 1798 3399 1892 .τῷ
3427 1798 3706 1894 puppim,

2191 1912 2252 1964 τὸ
2287 1909 2528 1974 δικάζειν
2556 1912 2891 1981 ἐπιτρέπεις,
2915 1912 3012 1965 καὶ
3039 1914 3144 1982 οὐχ
3172 1914 3200 1965 6
3220 1914 3468 1984 λογισμὸς
3494 1916 3582 1984 τὴν
3601 1916 3712 1982 γνῶ·

2195 2020 2298 2064 σιν,
2331 2002 2445 2056 ἀλλ’
2465 2005 2494 2055 6
2530 2002 2701 2072 Θυμὸς
2729 2003 2974 2073 ἐκφέρει,
3018 2005 3233 2074 γράψον
3265 2007 3423 2072 νόμον
3459 2006 3544 2058 τοῦ
3571 2003 3710 2074 θυμοῦ

2190 2094 2289 2156 τὰς
2313 2093 2525 2163 ψήφους
2550 2093 2724 2163 ἀργὰς
2755 2094 3009 2148 ποιοῦντα
3046 2097 3145 2148 καὶ
3181 2098 3448 2167 περιττὰς.
3480 2097 3564 2149 καὶ
3589 2095 3710 2164 τριά-

2192 2201 2356 2237 κοντα
2385 2183 2599 2254 ἡμέρας
2628 2185 3027 2252 αίιφονευτικαὶ
3062 2187 3110 2217 ³³
3137 2187 3226 2240 καὶ
3246 2187 3306 2255 δη
3317 2187 3556 2255 μευτικαὶ
3577 2187 3705 2255 μενέο

2191 2289 2372 2328 τωσαν
2421 2271 2652 2340 γνώσεις
2694 2273 3179 2344 ἐγγεγραμμέναι,
3233 2274 3327 2345 τὴν
3358 2274 3446 2327 τοῦ
3491 2272 3706 2343 λογισμοῦ

2194 2362 2622 2433 προσδεχόμεναι
2676 2363 2878 2434 κρίσιν.
2927 2363 3350 2418 Διελθουσῶιδὲ
3369 2364 3471 2417 τῶν
3510 2364 3704 2435 ἡμερῶν,

2191 2456 2240 2507 0i
2282 2455 2350 2507 τὰ
2413 2453 2734 2524 ἐγνωσμένα
2797 2455 3146 2524 γεγραφὸτες
3201 2457 3268 2510 τὰ
3322 2455 3708 2527 προστεταγμένα

2192 2544 2557 2598 δεικνύτωσαν
2583 2561 2597 2575 ·
2638 2545 2733 2597 καὶ
2767 2545 3095 2612 τηνικαῦτα,
3148 2545 3241 2599 τοῦ
3283 2545 3446 2614 Θυμοῦ
3478 2543 3708 2613 πεπαυμέ-

2191 2653 2305 2697 νου,
2362 2635 2486 2687 καθ’
2535 2634 2728 2687 ἑαυτὸν
2771 2635 3056 2698 δικάζωνὸ
3092 2637 3371 2707 λογισμὸς,
3433 2633 3706 2700 ἐξετάσειτᾶ

2192 2726 2533 2795 ἐγνωσμένα,
2571 2726 2664 2778 καὶ
2691 2725 2880 2793 ὄψεται
2913 2727 3022 2778 εἴτε
3067 2727 3252 2793 ἄδικα,
3293 2729 3396 2780 εἴτε
3431 2727 3590 2779 δίκαια
3614 2723 3704 2792 εἴη·

2194 2821 2288 2873 καὶ
2322 2821 2370 2872 εί
2409 2819 2508 2889 μέν
2559 2818 2696 2892 ε’ύρῃ
2737 2819 2916 2878 ἄδικα.
2951 2819 3115 2890 δῆλον
3148 2821 3229 2874 ὅτι
3257 2819 3519 2891 διαῤῥήξει
3559 2817 3616 2872 τὰ
3638 2832 3707 2884 γε·

2192 2910 2488 2982 γραμμένα
2515 2927 2532 2942 ο
2569 2912 2618 2962 εί
2652 2909 2709 2962 δέ
2742 2926 2807 2978 γε
2857 2909 3075 2975 δίκαια,
3116 2910 3423 2980 βεϐαιώσει,
3462 2909 3590 2962 καὶό
3628 2905 3710 2957 τῶν

2193 3002 2414 3074 ἡμερῶν
2445 3001 2676 3072 ἀριθμὸς
2705 3001 2766 3054 οὐ
2787 3001 3108 3070 λυμανεῖται
3149 3005 3262 3064 τοῖς
3291 3000 3460 3072 ὀρθῶς
3485 2995 3710 3067 ἐγνωσμέ-

518 3090 797 3144 vinculum
861 3089 1117 3144 exsolvit.
1178 3087 1255 3142 ita
1309 3089 1528 3144 demum
1572 3091 1778 3146 intrare
1835 3091 2088 3161 templum

2193 3111 2323 3157 νοις.
2350 3113 2368 3146 ι
2408 3092 2624 3161 Ταύτην
2653 3094 2681 3144 6
2713 3091 2967 3161 βασιλεὺς
2999 3091 3307 3162 δεξάμενος
3348 3092 3440 3160 τὴν
3467 3091 3698 3157 εἰσήγησιν

522 3197 690 3238 ausus
723 3180 1073 3236 fidelissimus
1108 3182 1432 3251 imperator,
1460 3197 1567 3236 non
1598 3191 1772 3248 stans,
1812 3198 1913 3238 nec
1942 3184 2086 3253 geni-

519 3268 624 3322 bus
655 3267 810 3323 llexis
841 3269 1006 3323 Deum
1043 3267 1300 3340 precatus
1353 3281 1457 3336 est,
1515 3271 1609 3326 sed
1659 3288 1868 3342 pronus
1930 3273 2080 3326 humi

519 3367 729 3414 stratus
756 3360 808 3413 in
835 3359 1152 3416 Daridicam
1183 3377 1373 3417 vocem
1401 3363 1582 3431 erupit
1617 3380 1631 3416 :
1666 3364 1692 3414 ι’
1717 3362 1956 3416 Adhazsit
1989 3377 2088 3430 pa-

517 3451 761 3504 vimento
787 3450 967 3504 anima
994 3469 1134 3514 mea,
1166 3455 1378 3508 vivitica
1420 3469 1506 3506 me
1529 3453 1833 3507 secundum
1861 3453 2086 3507 verbum

518 3546 670 3592 tuum
701 3539 746 3594 l.
779 3559 798 3592 ι
831 3538 896 3592 Ει
929 3542 1184 3596 manibus
1215 3542 1473 3611 capillum
1501 3541 1730 3600 vellens.
1754 3551 1807 3595 et
1849 3540 2084 3594 frontem

518 3631 855 3697 percutiens,
889 3639 942 3685 et
982 3632 1154 3701 guttis
1197 3632 1565 3701 l‘acrymarum
1610 3631 1983 3699 pavimentum
2021 3631 2088 3684 ri-

517 3729 676 3782 gans,
737 3717 955 3770 veniam
1010 3718 1114 3772 sibi
1175 3719 1290 3771 dari
1352 3719 1688 3786 postulabat.
1746 3717 1849 3774 Ubi
1903 3730 2086 3774 autem

517 3814 733 3874 tempus
763 3808 1007 3871 advenit,
1041 3823 1152 3878 quo
1181 3810 1320 3862 dona
1354 3825 1525 3864 sacra:
1584 3826 1788 3865 mensae
1840 3811 2085 3878 offerret,

517 3909 752 3964 surgens
781 3896 1008 3964 paribus
1057 3912 1180 3951 cum
1235 3899 1492 3969 lacrymis
1529 3903 1906 3955 sanctuarium
1964 3917 2089 3956 con-

517 3986 752 4050 scendit,
780 3987 1049 4056 donisque
1079 3989 1282 4044 oblatis
1308 3991 1456 4046 intus
1483 3991 1548 4044 ad
1576 3993 1854 4048 cancellos
1886 3993 2087 4048 subsai-

517 4075 605 4141 tit,
662 4084 721 4129 ut
767 4077 1001 4131 solebat.
1041 4076 1242 4132 Verum
1280 4080 1367 4134 hic
1425 4096 1620 4136 rursus
1653 4097 1762 4136 non
1819 4084 2088 4138 conticuit

518 4179 750 4236 magnus
781 4166 1129 4231 Ambrosius,
1177 4169 1272 4224 sed
1325 4169 1570 4226 locorum
1599 4173 1921 4230 discrimina
1966 4177 2088 4232 edo-

517 4256 652 4310 cuit.
679 4256 1032 4328 Primumque
1083 4261 1330 4331 nunquid
1373 4263 1530 4317 vellet
1565 4267 1798 4336 rogavit,
1860 4276 1915 4322 et
1962 4284 2086 4324 cum

518 4346 816 4418 imperator
874 4352 1186 4407 divinorum
1235 4355 1623 4424 mysteriorum
1677 4361 2081 4429 perceptionem

2195 3191 2288 3242 καὶ
2315 3189 2512 3258 ἄριστα
2540 3185 2684 3256 ἔχειν
2727 3183 3034 3249 ὑπολαϐὼν,
3064 3185 3244 3260 εὐθὺς
3283 3182 3540 3256 γραφῆναί
3558 3197 3605 3233 τε
3645 3177 3711 3230 ὡν

2188 3281 2349 3350 νόμον
2402 3277 2688 3339 ἐκέλευσε,
2741 3277 2834 3328 καὶ
2877 3278 2990 3337 τοῖς
3047 3278 3162 3345 τῆς
3205 3277 3402 3338 οἰκείας
3433 3273 3586 3344 χειρὸς
3618 3269 3711 3320 ἐϐι-

2198 3372 2402 3424 ϐαίωσε
2438 3368 2750 3439 γράμμασι.
2780 3365 2982 3418 Τούτου
3014 3365 3070 3418 δὲ
3099 3367 3395 3437 γενομένου
3415 3405 3428 3428 ,
3453 3358 3711 3416 διέλυσετὸν

2200 3461 2398 3531 δεσμὸν
2423 3463 2450 3514 6
2471 3460 2615 3522 θεῖος
2657 3457 2999 3526 ’Δμϐρόσιος.
3034 3456 3232 3520 Οὕτως
3265 3461 3292 3511 6
3322 3457 3610 3514 πιστότατος
3639 3449 3712 3518 βα·

2191 3553 2372 3615 σιλεὺς
2401 3551 2534 3604 εῐσω
2570 3548 2825 3618 γενέσθαι
2867 3547 3161 3620 θαρρήσας
3198 3548 3292 3602 τοῦ
3323 3547 3462 3600 Θείου
3497 3543 3604 3604 νεὼ,
3638 3539 3711 3606 οὐχ

2189 3642 2361 3706 ἑστὼς
2385 3643 2474 3694 τὸν
2503 3641 2778 3710 Δεσπότην
2804 3641 3080 3692 ἱκέτευσεν
3101 3639 3178 3705 ⁸³,
3203 3639 3322 3692 οὐδὲ
3345 3637 3411 3691 τὰ
3428 3637 3603 3704 γόνατα
3626 3629 3712 3681 κλί-

2187 3752 2304 3798 νας,
2334 3733 2468 3787 ἀλλὰ
2508 3732 2722 3802 πρηνὴς
2778 3731 2869 3783 ἐπὶ
2913 3728 3010 3783 τοῦ
3073 3731 3312 3784 δαπέδου
3371 3730 3598 3796 κείμενος
3632 3722 3707 3788 τὴν

2191 3825 2482 3892 Δαυίτικὴν
2527 3821 2707 3890 ἀφῆκε
2764 3821 2952 3891 φωνήν
2979 3837 2993 3852 ο
3031 3838 3048 3871 ι
3086 3819 3391 3890 Ἐκολλήθη
3417 3818 3488 3887 τῷ
3518 3809 3711 3880 ἐδάφειὴ

2187 3915 2330 3985 ψυχή
2366 3930 2488 3984 μου,
2518 3912 2682 3981 ζῆσόν
2720 3929 2786 3982 με
2818 3911 2960 3964 κατὰ
2990 3909 3081 3963 τδν
3106 3911 3277 3980 λόγον
3304 3929 3414 3965 σου.
3451 3929 3468 3961 ι
3508 3907 3596 3960 Καὶ
3617 3901 3710 3959 ταῖς

2189 4003 2375 4076 χερσὶν
2424 4001 2726 4056 ἀποτίλλων
2779 4001 2878 4065 τὰς
2921 4000 3137 4071 τρίχας,
3178 4002 3274 4054 καὶ
3311 4000 3370 4053 τὸ
3401 3999 3618 4069 μέτωπον
3645 3987 3712 4041 τύ-

2191 4109 2359 4158 πτων,
2395 4091 2486 4145 καὶ
2515 4092 2634 4154 ταῖς
2682 4091 2792 4143 τῶν
2829 4089 3081 4159 δακρύων
3109 4089 3338 4156 σταγόσι
3384 4084 3710 4148 maiuscul-

2189 4183 2517 4255 ταρῤαίνων,
2571 4181 2903 4250 συγγνώμης
2949 4179 3231 4250 ἠντιϐόλει
3285 4179 3481 4247 τυχεῖν.
3533 4163 3706 4232 Ἐπειδῆ

2188 4274 2242 4328 δὲ
2266 4275 2295 4326 6
2327 4275 2515 4346 καιρὸς
2555 4272 2738 4326 ἐκάλει
2775 4275 2840 4342 τῇ
2875 4272 2994 4342 ἱερᾷ
3020 4270 3277 4341 τραπέζῃ
3299 4268 3367 4322 τὰ
3394 4266 3533 4335 δῶρα
3583 4269 3712 4328 7:903-

2190 4369 2452 4436 ενεγκεῖν,
2483 4365 2720 4427 ἀναστὰς
2748 4363 2885 4434 μετὰ
2921 4362 3030 4416 τῶν
3055 4363 3190 4415 ῐσων
3212 4359 3463 4431 δακρύων
3490 4353 3587 4407 τῶν
3609 4350 3711 4402 6v:-

515 4448 837 4509 exspectare
881 4457 939 4496 se
987 4443 1215 4508 diceret,
1278 4460 1374 4514 per
1429 4447 1666 4516 primum
1723 4449 2083 4505 diaconorum

2189 4460 2397 4530 κτόρων
2425 4457 2595 4527 ἐπέϐη
2627 4472 2642 4487 ⁸
2673 4452 3057 4526 προσενεγκὼν
3086 4452 3167 4515 δέ,
3199 4452 3392 4518 ὥσπερ
3433 4443 3616 4501 εἰώθει,
3643 4437 3711 4530 Evr

518 4531 634 4586 haec
657 4533 704 4586 ei
730 4532 1095 4603 significavit:
1139 4556 1156 4586 ι
1187 4536 1267 4590 Ad
1298 4538 1414 4592 loca
1445 4538 1734 4604 interiora,
1761 4542 2084 4612 imperator,

517 4623 701 4679 aditus
729 4625 863 4680 solis
907 4627 1288 4683 sacerdotibus
1322 4638 1512 4698 patet:
1561 4634 1773 4688 caeteris
1829 4636 2086 4692 omnibus

518 4715 662 4769 invia
691 4724 819 4770 sunt
849 4726 904 4771 et
933 4720 1136 4772 intacta
1185 4737 1198 4772 :
1267 4721 1497 4788 proimle
1529 4722 1638 4784 exi,
1669 4732 1723 4777 et
1780 4739 1906 4778 eum
1963 4727 2086 4783 aliis

517 4808 797 4870 consiste;
831 4824 952 4861 nam
983 4825 1224 4878 purpura
1251 4811 1610 4880 imperatores
1649 4812 1801 4877 facit,
1845 4831 1952 4871 non
1988 4833 2082 4872 sa-

517 4898 789 4953 cerdotes.
853 4917 872 4952 ι
945 4899 1119 4965 Quam
1187 4900 1371 4954 itidem
1437 4901 1864 4959 admonitionem
1925 4922 2084 4978 atquo

517 4989 702 5043 animo
739 4990 1018 5060 accipiens
1052 4990 1400 5046 fidelissimus
1431 4993 1747 5063 imperator,
1780 4999 2084 5056 renuntiari

512 5079 700 5148 jussit,
723 5095 782 5135 se
811 5096 918 5134 non
947 5081 1116 5134 animi
1141 5082 1456 5151 arrogantia
1488 5085 1753 5140 mansisse
1795 5086 1935 5140 intra
1955 5104 2085 5142 can-

518 5171 711 5236 cellos,
738 5171 832 5226 sed
865 5173 990 5242 quia
1021 5173 1499 5244 Constantinopoli
1534 5176 1680 5231 hunc
1729 5192 1934 5232 morem
1962 5195 2084 5237 esse

593 5302 608 5352 i
645 5302 793 5357 Psal.
821 5318 1010 5369 cxvun,
1050 5301 1142 5357 25.

2185 4550 2274 4604 δον
2291 4524 2458 4619 ’παρὰ
2499 4524 2598 4608 τὰς
2633 4524 2920 4613 κιγκλίδας
2981 4542 3316 4614 μεμένηκεν.
3366 4537 3520 4592 Ἀλλὰ
3547 4524 3714 4584 πάλινό

2191 4639 2359 4710 μέγας
2395 4634 2713 4706 ’ἀμϐρόσιος
2760 4633 2861 4686 οὐκ
2913 4633 3212 4702 ἐσίγησεν,
3260 4630 3375 4684 ἀλλ’
3422 4621 3713 4710 ἐξεπαίδευσξ

2185 4703 2282 4800 τὴν
2309 4726 2417 4780 τῶν
2445 4703 2624 4777 τόπων
2647 4723 2930 4793 διαφοράν.
2968 4723 3079 4776 Καὶ
3119 4720 3336 4791 πρῶτον
3384 4718 3480 4790 μὲν
3519 4716 3656 4785 ἡρετο
3677 4703 3716 4755 ετ

2183 4836 2326 4882 τινος
2357 4817 2528 4872 δέοιτο
2552 4831 2566 4846 ·
2613 4813 2708 4868 τοῦ
2749 4814 2805 4866 δὲ
2841 4813 3107 4884 βασιλέως
3138 4813 3444 4884 είρηκότος,
3473 4807 3542 4868 ὡς
3570 4813 3707 4868 προσ·

2187 4911 2334 4982 μένει
2351 4909 2450 4981 τὴν
2472 4907 2580 4961 τῶν
2601 4905 2760 4959 Θείων
2781 4905 3096 4976 μυστηρίων
3121 4902 3444 4974 μετάληψιν,
3469 4895 3713 4965 ἐδήλωσεν.

2181 4998 2443 5070 ὑπουργῷ
2473 4995 2552 5067 τῷ
2599 4994 2708 5048 τῶν
2752 4995 3014 5048 διακὸνων
3057 4993 3350 5064 ἡγουμένῳ
3393 4987 3714 5070 χρησάμεγξιςν

2180 5090 2262 5144 ὅτι
2286 5107 2304 5139 ι
2323 5066 2403 5139 'l‘
2416 5066 2583 5149 ἐνδον,
2604 5077 2649 5136 ὦ
2675 5082 2917 5152 βασιλεῦ,
2945 5082 3288 5152 μόνοιςέστὶν
3314 5079 3511 5152 ἱερεῦσι
3535 5066 3714 5144 ﬂat?“

2179 5181 2291 5242 τοῖς
2319 5177 2378 5229 δὲ
2403 5175 2582 5238 ἄλλοις
2611 5174 2838 5239 ἅπασιν,
2864 5171 3038 5227 ᾶῖυτὰ
3067 5189 3125 5226 τε
3157 5173 3256 5226 καὶ
3297 5172 3573 5240 ἄψαυστον
3609 5155 3716 5222 εε-θι

1889 5424 2123 5480 VARIE
2157 5422 2560 5481 LECTIONES.

617 5577 658 5607 η
699 5575 795 5648 με,
841 5577 1006 5632 Idem.
1078 5578 1122 5609 ³·
1152 5578 1216 5648 ιφ

1299 5579 1359 5631 τὸ
1402 5576 1558 5652 δεῖξιν
1584 5580 1728 5652 idem
1774 5597 1897 5636 cum
1937 5581 2125 5652 Stcpb.
2200 5586 2242 5618 ³³
2283 5584 2448 5640 lidem
2492 5580 2697 5652 addunt
2724 5599 2735 5632 :
2761 5579 2956 5652 nisi:
2987 5579 3211 5652 δυσίατα
3245 5563 3718 5652 θεραπεύσαι,

521 5660 642 5697 cum
685 5630 1742 5724 absiutgatl’iniSai'iiiiquecodicibus,
1778 5630 2130 5721 iié'uiqifé’éi}
2163 5630 2695 5724 Ερίρῐιὶἶὶἱὸ
2726 5630 3184 5724 ειζΝἰρερίιοςυ),
3223 5630 3716 5724 rec’tgﬂa‘S'irntOHdU

523 5726 792 5784 expuncta
826 5715 958 5770 dicit
1001 5716 1269 5772 Valesius.

1363 5721 1406 5751 ³³
1435 5720 1669 5788 φονικαί.
1707 5721 1869 5776 Basil.
1905 5720 1996 5777 Gr.
2062 5724 2102 5752 ³³

2140 5708 2400 5779 ίκέτέυεν.
2438 5708 2580 5779 Idem
2613 5708 2734 5775 cum
2768 5708 3030 5791 Steph.“
3090 5708 3312 5786 βάσιμα.
3340 5712 3452 5767 l‘ini
3490 5708 3626 5763 liber.
