3974 6212
434 267 570 342 1223

1467 270 1957 334 TIIEODORETI
1996 270 2338 333 EPISCOPI
2378 271 2745 334 CYRENSIS

3574 267 3715 333 1%26

434 394 697 466 Spiritum
725 396 1000 450 Sanctum,
1029 385 1325 440 anathema
1357 381 1449 440 sit.
1478 381 1534 437 Si
1559 382 1686 453 quis
1717 399 1825 437 non
1859 381 2012 438 dixe-

2134 382 2345 436 σατικοῦ
2362 383 2409 421 ⁷⁸
2449 382 2757 454 ἀξιώματος
2793 384 2822 436 6
2863 382 2960 454 τὴν
2989 382 3124 437 ίδίαν
3162 382 3318 437 πόλιν
3347 383 3715 452 καταλείψας,

433 489 507 542 rit
539 485 735 539 Filium
797 490 984 535 natum
1043 493 1110 533 ex
1174 475 1369 539 Patre,
1423 476 1529 529 hoc
1577 482 1684 542 est,
1738 490 1805 529 es
1834 475 2015 530 divina

431 576 553 644 ejus
582 569 914 629 substantia,
967 566 1256 620 anathema
1306 565 1400 619 sit.
1451 563 1507 617 Si
1555 563 1677 634 quis
1705 580 1818 618 non
1861 564 2016 620 dixe-

437 669 510 720 rit
577 679 766 719 verum
811 663 977 716 Deum
1014 658 1216 712 Filium
1267 655 1388 721 Dei,
1431 656 1578 711 sicut
1613 669 1805 710 verum
1847 654 2016 711 Deum

433 757 650 811 Patrem
713 755 854 823 ejus,
887 763 944 807 et
975 751 1158 805 omnia
1217 765 1402 812 nosse,
1439 755 1494 802 et
1523 749 1707 802 omnia
1752 763 1934 817 posse,
1965 755 2020 803 et

435 849 581 902 Patri
618 846 880 917 mqualeltt
935 859 1077 908 esse,
1119 842 1410 895 anathema
1448 840 1538 894 sit.
1601 838 1656 893 Si
1700 841 1824 910 quis
1861 839 2015 895 dixe-

435 939 506 992 rit
546 936 693 1007 quod
729 936 782 988 in
841 949 1010 988 carne
1042 940 1246 1002 (tegens
1281 929 1456 986 Filius
1486 929 1601 993 Dei,
1649 947 1776 985 cum
1813 938 1934 984 erat
1964 929 2017 984 in

437 1039 606 1095 terra,
639 1031 692 1083 in
721 1029 878 1084 curiis
920 1037 973 1082 et
1005 1042 1128 1080 cum
1167 1025 1331 1079 Patre
1362 1042 1468 1078 non
1507 1025 1694 1085 fuerit.
1727 1026 2019 1080 anathema

439 1123 529 1177 sit.
567 1120 622 1175 Si
656 1121 782 1190 quis
813 1119 1015 1173 dixerit
1077 1117 1133 1171 in
1175 1116 1436 1186 passione
1465 1117 1648 1171 crucis
1689 1114 1887 1168 Filium
1924 1115 2020 1170 Dei

439 1215 683 1270 dolorem
734 1211 1025 1265 divinitate
1071 1208 1436 1270 sustinuisse,
1482 1217 1536 1262 et
1595 1224 1703 1262 non
1746 1222 1913 1262 carne
1955 1222 2020 1261 ac

442 1306 623 1359 anima
672 1303 949 1367 rationali,
997 1317 1159 1371 quam
1199 1301 1254 1353 in
1311 1300 1484 1353 forma
1519 1301 1662 1354 servi
1695 1300 2019 1367 assumpsit,

442 1396 588 1451 sicut
621 1403 811 1447 sancta
843 1392 1129 1462 Scriptura
1157 1391 1316 1455 dixit,
1346 1391 1636 1444 anathema
1677 1391 1769 1444 sit.
1806 1389 1862 1443 Si
1899 1390 2023 1459 quis

441 1502 554 1540 non
614 1486 813 1540 dixerit
855 1485 946 1537 Dei
979 1485 1214 1538 Verbum
1257 1498 1422 1537 carne
1479 1499 1723 1552 passum,
1757 1491 1812 1536 et
1859 1497 2024 1536 carne

441 1577 794 1640 erue-itixum,
835 1585 888 1630 ct
934 1590 1106 1631 carne
1134 1584 1435 1634 mortuum.
1468 1575 1786 1643 factumque
1820 1575 2024 1642 primo-

440 1668 686 1737 genitum
715 1683 777 1719 ex
804 1667 1058 1730 mortuis,
1085 1673 1359 1735 quatenus
1406 1665 1511 1718 vita
1553 1675 1634 1719 est
1667 1675 1720 1718 et
1749 1665 1874 1718 vita:
1927 1678 2023 1716 au-

443 1772 565 1815 ctor
619 1769 679 1812 nt
731 1759 900 1825 Dctts,
938 1757 1230 1811 anathema
1270 1757 1363 1810 sit.
1419 1755 1476 1810 Si
1525 1758 1648 1825 quis
1682 1772 1788 1809 non
1820 1755 2024 1810 dixerit

443 1854 589 1918 quod
638 1853 690 1905 in
719 1867 886 1906 carne
918 1867 1083 1920 quam
1111 1852 1413 1919 assumpsit
1443 1851 1598 1904 sedet
1625 1850 1692 1904 ad
1733 1849 2018 1903 dexteram

443 1943 647 2009 Patris,
691 1943 743 1997 in
779 1957 885 2012 qua
918 1943 1084 1994 etiam
1113 1951 1380 1994 venturus
1419 1949 1501 1994 est
1529 1939 1782 2007 judicare
1811 1939 2024 2010 1039

444 2037 603 2090 vivos
651 2042 706 2089 et
755 2042 1028 2092 mortuos.
1089 2033 1381 2086 anathema
1450 2033 1540 2086 sit.
1611 2031 1668 2084 Si
1727 2032 1854 2101 quis
1915 2047 2024 2086 non

445 2127 646 2182 dixerit
700 2125 968 2195 Spiritum
1021 2133 1274 2176 sanctum
1322 2137 1388 2176 ex
1419 2122 1579 2177 Patre
1609 2137 1733 2177 esse
1783 2137 1910 2177 vere
1961 2137 2023 2176 ac

445 2215 691 2286 proprie,
733 2215 879 2268 sicut
924 2223 977 2268 et
1012 2211 1211 2266 Filium
1256 2227 1322 2266 ex
1373 2211 1559 2266 divina
1605 2211 1939 2276 substantia,
1971 2221 2026 2265 et

446 2306 616 2360 Deum
679 2305 769 2361 Dei
817 2305 1076 2366 Verbum,
1125 2303 1417 2358 anathema
1478 2305 1570 2358 sit.
1630 2302 1686 2358 Si
1745 2305 1872 2373 quis
1914 2319 2025 2358 non

447 2402 652 2457 dixerit
692 2401 876 2454 omnia
924 2413 1086 2468 posse
1118 2397 1387 2467 Spiritum
1439 2405 1718 2462 sanctum,
1750 2409 1806 2451 et
1842 2399 2026 2452 omnia

449 2509 636 2561 nosse,
663 2503 717 2549 et
771 2493 974 2562 ubique
1027 2489 1244 2554 adesse,
1307 2490 1452 2545 sicut
1497 2497 1552 2543 et
1607 2488 1882 2542 Filiutnct
1927 2489 2030 2543 l’a-

446 2594 613 2646 trem,
666 2583 958 2637 anathema
1019 2581 1110 2636 sit.
1175 2579 1232 2633 Si
1312 2580 1436 2650 quis
1493 2578 1696 2633 dixerit
1761 2577 2028 2648 Spiritum

449 2684 704 2731 sanctum
763 2674 1057 2733 fat-turam.
1107 2680 1202 2725 aut
1237 2686 1336 2740 per
1388 2669 1587 2724 Filium
1639 2667 1842 2722 factum
1884 2683 2029 2736 esse,

451 2765 747 2819 anathema
783 2764 877 2819 sit.
919 2762 976 2816 Si
1016 2763 1142 2833 quis
1189 2777 1299 2816 non
1338 2760 1538 2814 dixerit
1573 2759 1791 2815 Patrem
1847 2762 2032 2815 omnia

451 2873 550 2927 per
595 2855 792 2909 Filium
845 2855 1194 2908 incarnatmn
1240 2863 1295 2908 et
1349 2867 1444 2921 per
1471 2850 1735 2920 Spiritum
1778 2859 2030 2905 sanctum

453 2948 788 3012 condidisse,
851 2946 954 3000 hoc
1001 2955 1111 3012 est,
1144 2944 1387 3000 visibilia
1441 2950 1498 2998 et
1542 2942 1863 3008 invisibilia,
1898 2957 2035 2997 ana-

453 3042 638 3094 thema
691 3040 783 3096 sit.
826 3037 882 3092 Si
933 3037 1058 3108 quis
1091 3053 1200 3092 non
1233 3036 1438 3091 dixerit
1474 3035 1678 3100 Patris,
1713 3043 1767 3090 et
1795 3035 1941 3103 Filii,
1979 3041 2035 3090 et

457 3134 702 3205 Spiritus
752 3133 933 3190 sancti
984 3147 1149 3186 unam
1202 3131 1576 3195 divinitatem,
1617 3131 2031 3196 auctoritatem,

455 3232 782 3296 potestatem
821 3238 1007 3286 unam,
1032 3223 1284 3294 gloriam,
1328 3221 1672 3277 dominatum
1723 3235 2040 3284 unum,.re-

459 3335 626 3392 gnum
686 3335 876 3381 unum,
923 3319 1261 3372 voluntatem
1315 3327 1367 3372 et
1393 3317 1705 3380 veritatem,
1743 3315 2038 3371 anathema

460 3412 554 3466 sit.
596 3409 653 3465 Si
707 3409 832 3480 quis
865 3425 976 3463 non
1024 3408 1223 3462 dixerit
1256 3415 1368 3464 tres
1420 3423 1579 3463 veras
1612 3421 1898 3477 personas,
1939 3406 2040 3461 Pa-

458 3500 563 3556 tris
611 3508 666 3556 et
711 3498 833 3554 Filii
861 3507 915 3554 et
965 3497 1210 3568 Spiritus
1247 3496 1447 3561 sancti,
1499 3509 1717 3564 semper
1767 3495 2038 3559 viventes,

459 3594 642 3649 omnia
693 3591 1058 3652 continentes,
1107 3588 1350 3643 visibilia
1402 3595 1458 3639 et
1507 3584 1828 3648 invisibilia,
1856 3585 2041 3638 omnia

462 3692 736 3756 potentes,
793 3682 977 3736 omnia
1024 3680 1362 3749 judicantes,
1423 3680 1604 3732 omnia
1664 3677 2032 3744 viviﬁcantes,

461 3776 648 3829 omnia
697 3781 972 3834 creantes,
1036 3772 1224 3825 omnia
1268 3778 1692 3834 conservantes,
1752 3770 2044 3824 anathema

463 3870 557 3923 sit.
587 3867 643 3922 Si
677 3869 802 3936 quis
835 3883 944 3921 non
971 3865 1174 3920 dixerit
1216 3867 1559 3922 adorandum
1595 3865 1859 3936 Spiritum
1909 3882 2044 3922 san-

463 3974 611 4021 ctum
659 3963 728 4018 ab
784 3963 930 4017 omni
988 3972 1264 4028 creatura,
1315 3961 1460 4018 sicut
1493 3970 1546 4016 et
1592 3961 1789 4016 Filium
1845 3971 1899 4018 et
1939 3963 2046 4018 Pa-

462 4064 627 4121 trem,
693 4054 983 4108 anathema
1047 4054 1141 4108 sit.
1185 4051 1241 4107 Si
1305 4053 1433 4123 quis
1491 4053 1561 4108 (le
1611 4053 1818 4108 Patre'
1871 4053 2044 4108 etFi-

464 4146 540 4199 lio
588 4154 738 4200 recte
789 4145 995 4208 sentit,
1051 4144 1119 4198 de
1173 4142 1381 4214 Spiritu
1439 4152 1622 4198 autem
1680 4153 1876 4200 sancto
1935 4160 2045 4199 non

470 4233 684 4304 1040
709 4240 854 4288 recte
887 4233 1077 4297 sentit,
1105 4233 1423 4298 anathema,
1455 4233 1581 4302 quia
1613 4235 1896 4289 haereticus
1929 4247 2044 4290 est:

465 4326 595 4394 quia
647 4341 838 4380 omnes
885 4324 1151 4392 bzeretici,
1196 4325 1290 4396 qui
1318 4325 1385 4379 de
1418 4323 1557 4380 Filio
1585 4324 1700 4394 Dei,
1726 4334 1780 4382 et
1808 4326 1876 4381 de
1905 4325 2033 4397 Spi-

2120 475 2278 546 ἄχρις
2297 470 2358 528 οῦ
2378 477 2404 528 6
2426 473 2807 546 διαδεξάμενος
2825 474 2986 528 αὐτὸν
3006 473 3391 544 ἀναπαῦσηται
3412 475 3473 527 ὲν
3494 476 3717 546 Κυρίῳ.

2119 563 2187 618 Εἴ
2206 581 2289 626 τις
2310 564 2384 634 μὴ
2413 565 2541 636 εἴπῃ
2572 565 2660 618 ἀεὶ
2691 565 2784 618 τὸν
2815 564 3060 636 Πατέρα,
3092 566 3187 620 καὶ
3215 566 3301 619 ἀεὶ
3320 565 3412 618 τὸν
3436 563 3589 627 Υἱδν,
3615 565 3721 616 καὶ.

2119 659 2209 711 ἀεὶ
2229 657 2290 711 τὸ
2311 658 2468 726 ἅγιον
2490 656 2714 729 Πνεῦμα
2731 656 2773 690 ⁷¹
2794 653 2955 722 εἶναι,
2982 658 3230 728 ἀνάθεμα
3257 657 3416 710 ἔστω.
3439 655 3506 710 Εἴ
3522 674 3605 720 τις
3635 656 3720 726 μὴ

2120 750 2248 820 εἴπῃ
2271 751 2360 803 τὸν
2377 751 2504 804 Υίδν
2523 750 2854 822 γεννηθέντα
2877 751 2941 805 ὲκ
2957 751 3191 822 Πατρὸς,
3205 751 3505 812 τουτέστιν,
3525 751 3590 802 ὲκ
3610 749 3722 818 τῆς

2119 844 2307 909 οὐσίας
2324 845 2422 915 τῆς
2449 846 2600 910 Θείας
2622 846 2810 913 αὐτοῦ,
2825 847 3073 916 ἀνάθεμα
3093 846 3256 900 ἔστω.
3279 846 3441 908 Εἴτις
3467 845 3542 915 μὴ
3557 844 3719 912 εἴπῃ,

2120 937 2370 1007 ἀληθινὸν
2405 939 2540 994 Θεὸν
2575 941 2666 997 τὸν
2695 941 2826 994 Υἱδν
2850 939 2943 994 τοῦ
2971 939 3129 1004 Θεοῦ,
3177 940 3253 1004 ὡς
3293 939 3545 1010 ἀληθινὸν
3577 937 3723 990 Θεὸν

2121 1030 2212 1083 τόν
2239 1031 2460 1102 Πατέρα
2489 1031 2677 1094 αὑτοῦ,
2710 1033 2805 1086 καὶ
2837 1032 3016 1086 πάντα
3062 1031 3346 1098 δύνασθαι,
3393 1031 3490 1084 καὶ
3529 1029 3719 1083 πάντα

2121 1121 2342 1184 εἰδέναι,
2387 1123 2480 1176 καὶ
2521 1123 2598 1194 τῷ
2644 1122 2820 1195 Πατρὶ
2874 1123 3006 1187 ἴσον,
3040 1121 3291 1193 ἀνάθεμα
3321 1121 3481 1174 ἔστω.
3529 1119 3597 1173 Εἴ
3630 1137 3722 1184 τις

2121 1214 2272 1284 εἴπῃ,
2309 1214 2391 1267 ὅτι
2421 1215 2478 1267 ἐν
2505 1214 2676 1286 σαρκὶ¹
2707 1214 2908 1283 διάγων
2940 1214 2969 1266 6
3000 1213 3132 1278 Υἱὸς
3173 1213 3269 1268 τοῦ
3313 1212 3475 1274 Θεοῦ,
3525 1213 3618 1265 ὃτε
3648 1207 3718 1281 ἦν

2123 1307 2180 1357 ἐν
2212 1307 2278 1376 τῇ
2311 1309 2403 1377 γῇ,
2439 1309 2497 1359 ὲν
2522 1307 2636 1369 τοῖς
2663 1307 2911 1377 οὐρανοῖς
2936 1307 3027 1360 καὶ
3058 1307 3155 1360 σὺν
3185 1305 3264 1376 τῷ
3296 1305 3470 1375 Πατρὶ
3498 1305 3601 1357 οὐκ
3623 1299 3715 1374 ἦν,

2122 1395 2373 1466 ἀνάθεμα
2423 1397 2586 1450 ἔστω.
2641 1397 2708 1449 Εἴ
2754 1416 2839 1461 τις
2881 1399 3030 1469 εἴπῃ,
3074 1399 3158 1451 ὅτι
3205 1399 3263 1451 ὲν
3304 1397 3382 1468 τῷ
3424 1396 3587 1450 πάθει
3623 1396 3719 1448 τεῦ

2126 1486 2360 1558 σταυροῦ
2404 1487 2502 1558 τὴν
2552 1487 2806 1558 ὀδύνην⁷²
2854 1489 3146 1558 ὑπέμεινεν
3191 1491 3220 1542 6
3263 1488 3400 1550 Υἱὸς
3437 1485 3532 1540 τοῦ
3573 1486 3718 1539 Θεοῦ

2125 1578 2398 1647 θεότητι⁷⁸
2419 1617 2433 1638 ,
2489 1581 2585 1632 καὶ
2622 1580 2742 1648 οὐχὶ
2779 1580 2942 1648 σαρκὶ
2975 1579 3070 1633 καὶ
3098 1579 3243 1650 ψυχῇ
3271 1577 3487 1648 λογικῇ,
3538 1577 3722 1647 ἥνπερ

2127 1669 2386 1723 ἀνέλαῦεν
2430 1672 2488 1723 ὲν
2517 1673 2582 1741 τῇ
2619 1670 2772 1723 τοῦ⁷⁵
2811 1670 2999 1724 δούλου
3051 1672 3256 1741 μορφῇ,
3305 1669 3382 1732 ὡς
3420 1669 3653 1739 εἴρηκεν
3683 1670 3718 1737 ἡ

2132 1759 2262 1826 ἀγία
2297 1759 2510 1830 Γραφὴ,
2541 1759 2791 1831 ἀνάθεμα
2825 1760 2985 1813 ἔστω.
3037 1761 3107 1815 Εἴ
3150 1778 3233 1824 τις
3248 1760 3296 1791 ⁷⁵
3328 1760 3404 1830 μὴ
3442 1760 3597 1833 εἴπῃ,
3629 1759 3722 1812 τὸν

2131 1851 2224 1905 τοῦ
2254 1851 2402 1924 [215]
2434 1852 2568 1906 Θεοῦ
2604 1853 2776 1922 Λόγον
2811 1851 3053 1906 παθόντα
3088 1853 3336 1922 capaci",
3363 1853 3458 1906 καὶ
3481 1851 3724 1905 θανάτςυ

2131 1944 2468 2012 γευσάμενον
2507 1945 2690 2014 σαρκὶ,
2739 1943 3002 2012 γεγονότα
3047 1961 3106 1996 τε
3137 1943 3482 2014 πρωτότοκον
3517 1944 3582 1996 ὲκ
3611 1941 3724 1995 τῶν

2132 2035 2362 2107 νεκρῶν,
2405 2034 2543 2089 καθὸ
2577 2034 2688 2106 ζωή
2721 2037 2836 2089 ἐστι
2865 2036 2960 2089 καὶ
2997 2036 3260 2100 ζωοποιὺς
3288 2037 3317 2089 6
3345 2035 3554 2099 Υἱὸςττ,
3589 2035 3725 2088 ἀνά-

2133 2127 2275 2198 θεμα
2319 2126 2478 2180 ἔστω.
2531 2128 2599 2180 Εἴ
2629 2145 2712 2191 τις
2749 2128 2823 2198 μὴ
2874 2129 3032 2199 εἴπῃ,
3084 2129 3168 2180 ὅτι
3216 2130 3273 2181 ὲν
3328 2127 3494 2199 σαρκὶ
3540 2128 3724 2198 ἥνπερ

2133 2219 2425 2272 ἀνέλα6ε⁷⁸
2454 2220 2740 2283 καθέζεται
2769 2221 2824 2274 ὲν
2844 2221 2887 2252 ⁷⁸
2915 2219 3188 2291 δεξιᾷ’τοῦ
3225 2220 3457 2289 Πατρός,
3489 2223 3546 2274 ὲν
3636 2220 3732 2274 καὶ

2135 2309 2414 2364 ἐλεύσεται
2439 2311 2619 2381 κρῖναι
2645 2309 2853 2374 ζῶντας
2885 2310 2979 2364 καὶ
3006 2310 3255 2381 νεκροὺς,
3286 2309 3535 2379 ἀνάθεμα
3557 2309 3728 2362 ἔστω.

2136 2403 2204 2455 Εἴ
2228 2420 2310 2465 τις
2346 2401 2421 2473 μὴ
2453 2402 2584 2474 εἴπῃ
2619 2401 2681 2455 τὸ
2722 2401 2949 2473 Πνεῦμα
2985 2402 3047 2456 τὸ
3084 2401 3239 2470 ἅγιον
3275 2403 3340 2455 ὲκ
3370 2399 3465 2454 τοῦ
3511 2400 3733 2470 Πατρός

2137 2484 2274 2545 εἶναι
2305 2491 2519 2562 ἀληθῶς
2562 2492 2656 2544 καὶ
2702 2491 2928 2562 κυρίως,
2979 2492 3055 2554 ὡς
3099 2491 3192 2544 καὶ
3235 2491 3328 2542 τὸν
3367 2490 3495 2542 Υίὸν
3535 2490 3602 2541 ἐκ
3630 2491 3732 2560 τῆς

2137 2581 2288 2645 θείας
2314 2583 2522 2647 οὐσίας,
2553 2583 2646 2635 καὶ
2669 2582 2802 2634 Θεὸν
2833 2580 2970 2635 Θεοῦ
2994 2581 3166 2648 Λόγον
3180 2581 3250 2645 ⁸ο,
3282 2581 3529 2651 ἀνάθεμα
3561 2581 3730 2635 ἔστω.

2139 2673 2206 2726 Εἴ
2232 2690 2315 2733 τις
2353 2672 2427 2742 μὴ
2456 2673 2585 2744 εἴπῃ
2609 2672 2786 2726 πάντα
2814 2671 3073 2726 δύνασθαι
3102 2673 3164 2726 τὸ
3197 2671 3422 2743 Πνεῦμα
3455 2672 3518 2726 τδ
3545 2671 3732 2741 ἅγιον,

2140 2762 2233 2816 καὶ
2264 2762 2440 2816 πάντα
2469 2762 2688 2829 εἰδέναι,
2724 2763 2820 2816 καὶ
2848 2761 3123 2833 πανταχοῦ
3142 2763 3184 2794 ⁸³
3223 2765 3498 2835 παρεῖναι,
3525 2763 3607 2826 ὡς
3640 2765 3736 2816 καὶ

2139 2855 2230 2908 τὸν
2270 2854 2400 2908 Υίὸν
2448 2853 2543 2907 καὶ
2592 2853 2684 2906 τὸν
2732 2855 2972 2925 Πατέρα,
3021 2855 3268 2926 ἀνάθεμα
3313 2855 3474 2909 ἔστω.
3530 2855 3605 2909 Εἴ
3650 2874 3738 2920 τις

2141 2945 2269 3014 εἴπῃ
2284 2945 2328 2974 ⁸³
2358 2943 2418 2996 τὸ
2457 2943 2680 3014 Πνεῦμα
2709 2944 2770 2997 τὸ
2803 2943 3224 3016 ἆγιονεποίημα,
3280 2945 3427 3016 ἢδιά
3463 2945 3560 2998 τοῦ
3597 2946 3735 3000 Υἱοῦ

2143 3037 2494 3107 γεγενῆσθαι,
2529 3037 2776 3109 ἀνάθεμα
2806 3038 2966 3092 ἔστω.
3020 3039 3086 3093 Εἴ
3107 3055 3193 3102 τις
3237 3038 3312 3109 μὴ
3351 3039 3505 3112 εἴπῃ,
3547 3039 3737 3094 πάντα

2138 3129 2227 3183 διὰ
2254 3128 2350 3182 τοῦ
2372 3128 2503 3182 Υίοῦ
2531 3129 2624 3183 τοῦ
2647 3129 3025 3201 σαρκωθέντος
3041 3130 3108 3194 ⁵³,
3138 3129 3348 3183 καὶτοῦ
3376 3131 3533 3197 ἁγίου
3569 3132 3741 3183 Πνεῦ-

2144 3239 2343 3294 ματος,
2394 3222 2484 3275 τὸν
2539 3223 2759 3293 Πατέρα
2807 3223 3198 3293 πεποιηκέναι,
3251 3221 3394 3275 τοῦτ’
3451 3221 3608 3275 ἔστιν
3671 3225 3737 3276 τὰ

2139 3315 2312 3384 όρατά
2338 3315 2432 3367 καὶ
2468 3314 2536 3368 τὰ
2563 3315 2790 3384 ἀόρατα,
2818 3296 3070 3384 ἀῦάθεμα
3103 3315 3264 3368 ἔστω.
3293 3315 3360 3368 Εἴ
3382 3333 3466 3378 τις
3494 3316 3578 3388 μὴ
3608 3319 3736 3388 εἴπῃ

2140 3407 2234 3461 τοῦ
2265 3408 2494 3478 Πατρδς,
2527 3407 2621 3460 καὶ
2646 3407 2740 3460 τοῦ
2772 3406 2924 3474 Υίοῦ,
2969 3408 3065 3462 καὶ
3091 3407 3186 3462 τοῦ
3219 3407 3379 3476 ἁγίου
3408 3407 3553 3461 Πνεῦ
3564 3427 3738 3478 ματος

2146 3498 2274 3568 μίαν
2321 3496 2570 3568 θεότητα,
2615 3497 2886 3562 ἐξουσίαν,
2921 3497 3242 3551 δυναστείαν
3291 3498 3501 3568 μίανδδ,
3547 3498 3733 3564 δόξαν,

2144 3590 2438 3661 κυριότητα
2481 3590 2633 3661 μίαν,
2679 3589 2957 3660 βασιλείαν
3001 3588 3151 3660 μίαν,
3199 3589 3417 3661 θέλησιν
3465 3591 3565 3645 καὶ
3609 3593 3736 3660 dif}-

2145 3682 2315 3749 θειαν,
2356 3683 2604 3753 ἀνάθεμα
2641 3681 2802 3737 ἔστω.
2833 3681 3008 3745 Εἴτις
3034 3681 3164 3753 τρία
3199 3682 3468 3752 πρόσωπα
3498 3681 3578 3752 μὴ
3611 3684 3736 3752 εἴπῃ

2146 3774 2397 3845 ἀληθινὰ,
2446 3773 2540 3828 τοῦ
2571 3774 2806 3845 Πατρός,
2840 3773 2934 3828 καὶ
2964 3772 3060 3826 τοῦ
3096 3772 3250 3838 Υίοῦ,
3300 3773 3395 3826 καὶ
3427 3773 3526 3826 τοῦ
3579 3773 3736 3841 ἁγίου

2146 3867 2484 3937 Πνεῦματος,
2534 3867 2614 3931 εἰς
2659 3868 2747 3921 ἀεὶ
2777 3866 2953 3932 ζῶντα
2968 3865 3036 3933 ⁸⁸,
3087 3865 3156 3918 τά
3196 3865 3374 3919 πάντα
3405 3863 3737 3933 κατέχοντα,

2146 3958 2215 4011 τὰ
2252 3959 2422 4028 ὁρατά
2459 3959 2554 4012 καὶ
2590 3958 2659 4012 τὰ
2705 3958 2933 4030 ἀόρατα,
2985 3957 3164 4012 πάντα
3207 3956 3502 4027 δυνάμενα,
3555 3956 3736 4008 πάντα

2147 4049 2421 4122 κρίνοντα,
2453 4050 2630 4104 πάντα
2656 4049 3042 4116 ζωοποιοῦντα,
3069 4048 3246 4104 πάντα
3271 4045 3612 4119 δημιουργοῦ
3623 4065 3734 4110 ντα,

2150 4141 2327 4196 πάντα
2375 4140 2661 4208 σώζοντα,
2717 4142 2969 4212 ἀνάθεμα
3016 4141 3178 4196 ἔστω.
3227 4139 3298 4194 Εἴ
3341 4156 3425 4203 τις
3473 4138 3548 4210 μὴ
3605 4139 3738 4207 εἴπῃ

2150 4233 2524 4306 προσκυνητὸν
2555 4235 2616 4288 τὸ
2659 4233 2884 4305 Πνεῦμα
2926 4233 2988 4286 τὸ
3038 4233 3194 4302 ἀγιον
3224 4232 3379 4303 παρά
3421 4231 3608 4303 πάσης
3638 4230 3738 4298 τῆς

2151 4325 2402 4392 κτίσεως,
2445 4324 2521 4390 ὡς
2565 4326 2659 4379 καὶ
2689 4326 2780 4380 τὸν
2809 4325 2936 4380 Υίὸν
2962 4324 3058 4378 καὶ
3088 4324 3179 4378 τὸν
3211 4322 3454 4394 Πατέρα,
3484 4321 3742 4390 ἀνάθεμα

1758 4479 1990 4536 VARI/1‘1
2022 4480 2428 4538 LECTIONES.

541 4583 588 4615 ⁷⁰
633 4579 1150 4653 ἱερατικοῦηΙῙᾴρ-ῐῃ
1198 4587 1256 4653 et
1303 4576 1620 4653 Stephanio]
1677 4592 1830 4653 _mm_
1854 4578 2184 4649 Epiphanio.
2250 4580 2314 4653 _"_‘
2356 4578 2420 4632 τὺ
2481 4579 2581 4653 Πν.
2627 4577 2699 4653 1:6
2727 4581 2818 4653 ἀγ.
3089 4576 3378 4653 (ἶπες.-ρὲ
3431 4576 3552 4653 Lat.
3611 4593 3740 4653 cum

467 4651 656 4722 Steph.
686 4646 739 4705 et
769 4652 998 4722 Niceph.
1034 4648 1153 4722 XII,
1191 4649 1302 4722 18._
1334 4649 1378 4678 τ’
1407 4646 1573 4722 ξπόᾼνον
1603 4647 1768 4722 habet
1790 4646 2121 4722 Excerptun]
2151 4665 2218 4704 ex
2249 4649 2335 4722 his
2369 4649 2844 4722 anathematismis
2873 4650 2941 4722 in
2967 4646 3583 4722 Theodoreti‘Eranist.
3606 4647 3739 4722 dial.

464 4717 640 4792 lll,'p.
680 4723 804 4777 £62.
851 4717 1152 4792 Sri’rmonili.
1234 4719 1305 4792 _"’
1335 4717 1430 4771 καὶ
1641 4717 1734 4792 καὶ
1765 4719 1942 4792 οὑχῖή
1973 4717 2124 4792 σὰρξ
2156 4719 2296 4792 μετά
2344 4720 2442 4792 τῇς
2462 4720 2658 4790 ψυχῆς,
2701 4720 2768 4790 ἣν
2795 4718 3146 4792 ἐνεδύσατοή
3179 4717 3274 4792 τοῦ
3309 4717 3741 4792 δούλου-μορφὴ,

464 4795 532 4866 ἢν
556 4787 746 4866 ιάυτῴ
772 4791 952 4856 ἔλαϐε,
973 4788 1166 4866 καθὼς
1201 4789 1421 4859 εἴρηκεν
1520 4787 1732 4866 Ιξραφὴ,
1766 4787 2026 4866 ἀνάθεμα.
2048 4787 2208 4866 ἔστω.
2243 4789 2337 4843 Sic
2453 4787 2761 4866 p._‘i.qsi9i,
2795 4789 2954 4866 cujus
2990 4787 3322 4866 verbisfere
3356 4787 3574 4866 a_cce_d_it
3618 4787 3742 4866 Pini

467 4857 663 4925 codex,
697 4857 939 4930 itemque
973 4857 1335 4930 Nicephorus,
1392 4859 1483 4930 qui
1517 4857 1707 4930 habet
1755 4874 1769 4911 :
1809 4860 1906 4912 καὶ
1939 4857 2072 4930 Θεὸς
2109 4859 2280 4928 Λόγος
2303 4899 2317 4924 ,
2355 4859 2539 4930 οὐχὶῖή
2567 4859 2705 4930 σάρξ
2766 4857 2956 4930 σὺνίτῇ
2996 4858 3140 4930 ψοχῇ
3167 4857 3678 4930 ἦντπρ-ξνεδὺσατο
3711 4858 3744 4925 ἠ

470 4933 656 5003 μορφὴ
695 4931 790 4984 τοῦ
821 4926 1007 5003 δούλου
1031 4970 1045 4991 ,
1076 4926 1253 5003 ἥνπερ
1291 4926 1473 5003 ἐαυτῷ
1505 4927 1789 5003 ἀνέλαβε-ν,
1819 4928 2016 5003 et_c.__'_‘
2048 4930 2140 4982 τοῦ
2163 4926 2331 5003 abest
2383 4926 2452 4982 a"
2473 4926 2882 5003 Basileensibus
2929 4926 2984 4984 et
3013 4926 3217 5003 Steph.
3283 4926 3330 4960 ’³
3349 4926 3460 5003 _l_lic
3513 4927 3746 5003 anathe-

469 4996 760 5058 ina'ti'st'nus
802 5002 959 5056 abest
989 5015 1019 5052 a
1053 4996 1408 5069 codiceiPini
1447 4996 1558 5069 ει
1589 4996 1882 5069 Epiphanii
1923 4998 2064 5052 Hist.
2102 5001 2251 5069 περ..
2298 5001 2540 5069 itemque
2594 5014 2624 5053 a
2669 5000 2993 5054 collectione
3049 4996 3294 5069 “uinaria
3349 4996 3648 5069 Holstenii,
3691 5006 3750 5069 nt

467 5074 726 5130 observat
772 5071 1046 5126 Valesius.
1109 5071 1156 5105 ⁷⁸
1193 5068 1370 5136 καὶ-ε
1395 5067 1579 5136 σαρκί.
1615 5067 1743 5122 Haec
1782 5083 1890 5122 non
1928 5069 2130 5123 habent
2168 5067 2329 5123 codd.
2360 5067 2725 5124 Basileenses.
2791 5070 2836 5101 '"
2887 5069 2963 5132 ὡς
2985 5069 3136 5130 Θεός.
3176 5067 3343 5122 Iidem
3364 5083 3488 5123 cum
3547 5067 3744 5136 Steph.

467 5145 501 5197 4
548 5151 602 5197 et
661 5143 987 5212 Nicephoro.
1019 5139 1096 5212 "'f
1131 5138 1312 5212 ἔλαϐε.
1343 5135 1428 5212 {0.
1463 5135 1596 5212 Pin_i_
1621 5139 1775 5212 liber.
1862 5140 1908 5212 ’ζ’
1942 5141 2022 5212 ei
2042 5139 2249 5212 addunt
2276 5139 2441 5212 Basil.
2471 5147 2525 5193 et
2555 5137 2744 5209 Steph.
2794 5139 2839 5171 ⁸ο
2872 5136 3508 5212 Valesius_iuterpretem
3548 5135 3752 5212 legisse

469 5195 623 5282 putat
657 5213 708 5266 in
742 5195 1261 5283 archetypoLatino
1296 5207 1513 5283 :_Deuin
1556 5207 1803 5262 Verbum.
1865 5195 2250 5283 ln__i7l_olste_nii
2303 5211 2628 5283 collectione
2653 5195 3015 5283 'estAquidem
3053 5223 3067 5260 :
3101 5195 3510 5283 Deum-verum.
3571 5195 3752 5283 ’ῖγῆς

2215 5279 2246 5290 ιο

471 5253 680 5336 addunt
721 5253 1066 5338 Basili-enses
1103 5291 1155 5334 et
1201 5279 1414 5348 Stepln,
1445 5277 1818 5349 abest_autem_
1843 5293 1873 5332 a
1905 5277 2027 5332 Pini
2057 5277 2361 5349 saviliique
2397 5280 2724 5344 codicibus;
2768 5253 3094 5348 biiceplioro,
3132 5277 3439 5349 Epiphanio
3483 5287 3546 5332 et
3577 5253 3748 5333 coite:

469 5353 652 5407 ctione
687 5352 974 5407 llolstenii.
1073 5353 1118 5383 ⁸¹
1148 5346 1312 5420 εἴποιζ
1367 5348 1533 5420 Bai-sil.
1574 5346 1670 5420 Gr.
1703 5355 1758 5420 et
1796 5347 1919 5420 Lat.
1951 5364 2077 5402 cum
2113 5346 2301 5420 Steph.
2328 5360 2391 5420 _et
2422 5349 2648 5418 Niceph.
2739 5351 2786 5382 ⁸³
2811 5346 2917 5420 τοῦ
2945 5366 3104 5420 σαρκ.
3143 5346 3270 5420 llaic
3299 5352 3503 5420 absunt
3539 5364 3572 5401 a
3613 5350 3752 5402 libro

471 5423 612 5486 Pini,
647 5423 976 5492 Epiphanio,
1018 5419 1330 5490 Nicephoro
1369 5428 1423 5472 et
1489 5418 1759 5492 llolstenii
1800 5419 2142 5492 collectione.
2211 5417 2293 5450 '3‘
2325 5417 2692 5492 Basileenses
2723 5417 3197 5492 etJNicephorus
3229 5419 3303 5473 ita
3336 5419 3704 5492 distinguunt
3733 5435 3745 5468 :

470 5487 812 5556 δυναστείαν,
857 5494 988 5563 μίαν
1013 5487 1424 5563 δοξηίκυριοτη
1460 5488 1588 5559 μίαν
1619 5487 1821 5563 putati}.2
1883 5489 2013 5563 μίαν
2047 5489 2231 5563 θελησ.
2265 5505 2325 5563 κ.
2353 5489 2512 5560 ἀληο.
2550 5489 2695 5563 quod
2729 5490 2862 5563 mihi
2887 5487 3078 5563 verius
3111 5489 3349 5544 videtur.
3398 5488 3748 5563 Nicephorus

473 5574 598 5630 post
627 5556 874 5629 ἐξουσίαν
909 5556 1096 5618 etiam
1122 5556 1574 5630 σάϐἰῐ-θειότητα.
1619 5556 1681 5630 ξ’
1725 5556 1978 5630 Valesius
2009 5556 2660 5630 rescribendum'suadet
2692 5575 2705 5612 :
2747 5561 2839 5613 ἴσα
2879 5559 2966 5612 ἀεὶ
3010 5558 3212 5630 ζῶντα,
3250 5566 3474 5616 secutus
3511 5556 3746 5628 Epipha-

477 5627 624 5702 iuium
671 5627 724 5685 et
773 5633 1132 5702 archetypum
1171 5631 1238 5702 ab
1272 5627 1544 5686 Holstenii
1577 5628 1809 5696 editum,
1844 5627 1899 5685 in
1929 5645 2039 5702 quo
2077 5638 2160 5687 est
2190 5649 2202 5688 :
2234 5629 2464 5700 wquales
2495 5645 2698 5700 semper
2739 5632 2983 5685 viventes.
3032 5628 3218 5687 Recte.
3272 5630 3536 5685 Eamdcm
3570 5627 3743 5700 plane

477 5700 764 5754 lectionem
800 5699 983 5756 habet'
1004 5699 1374 5770 Nicephorus.
