3974 6212
299 237 432 302 19.29
1277 241 1864 303 ECCLESIASTICIE
1902 241 2286 304 HISTORIIE
2324 245 2470 305 LIB.
2495 247 2562 307 v.
3416 255 3550 322 1230

291 353 548 419 ἀφίκετο,
567 350 660 404 καὶ
680 348 775 421 τὴν
794 348 892 421 μὲν
907 349 1112 404 οἰκείαν
1130 351 1554 404 καταλελοιποτα
1569 352 1870 421 βασιλείαν,

1979 369 2140 409 suum
2177 354 2396 410 venisse
2430 357 2762 426 conspexit,
2815 359 3054 429 primum
3088 363 3311 433 quidem
3333 369 3553 422 -animae

295 442 380 504 είς
405 442 464 495 δὲ
485 442 583 513 τὴν
612 441 776 495 αὑτοῦ
803 442 1246 512 παραγενόμενον
1267 437 1374 496 εἶδε
1397 459 1410 472 ·
1439 444 1653 514 πρῶτον
1679 449 1777 515 μὲν
1805 449 1872 515 τῇ

1982 445 2325 500 curationem
2358 447 2649 514 adhibuit,
2691 458 2745 504 et
2785 451 3014 507 insitum
3065 454 3368 524 impietatis
3401 474 3552 512 mor-

237 537 250 554 ‘
294 533 440 604 ψυχῇ
477 534 572 605 τὴν
607 533 904 605 θεραπείαν
953 535 1315 605 προσήνεγκε,
1357 536 1452 588 καὶ
1481 536 1578 606 τὴν
1621 537 1872 605 ἐπιγενο-

230 643 254 695 ες
299 625 471 695 μένην
498 624 596 692 τῆς
633 622 887 684 ἀσεόείας
923 621 1153 692 ἐξήλασε
1182 623 1356 685 νόσον,
1399 622 1492 675 καὶ
1521 623 1598 685 εἰς
1626 623 1725 694 τὴν
1765 639 1872 676 πα-

249 693 256 740 δ
295 693 478 785 τρῴαν
515 712 796 766 εὐσέϐειαν
829 713 1179 781 ἐπανήγαγεν
1200 728 1214 742 ·
1248 707 1368 765 εἶτα
1402 711 1627 783 θαρρεῖν
1661 693 1872 783 παρεγ-

296 809 525 875 γυήσας.
575 806 667 858 καὶ
708 804 849 859 κατὰ
898 805 990 858 τοῦ
1023 804 1283 876 τυράννου
1317 804 1676 876 στρατεύσας,
1723 806 1874 859 ἀναι-

299 894 440 963 μωτὶ
474 893 574 962 μὲν
623 892 703 963 τῷ
739 893 843 964 νέῳ
872 892 970 962 τὴν
1015 892 1292 962 βασιλείαν
1336 893 1642 963 παρέδωκε,
1676 893 1768 946 τὸν
1815 894 1873 947 δὲ

296 981 557 1054 τύραννον
603 981 859 1035 ἔκτεινεν.
902 981 1129 1035 Ἀδικείν
1160 983 1270 1052 γάρ
1313 981 1604 1045 ὑπέλαϐεν,
1648 981 1873 1046 καὶτὰς

297 1070 433 1142 πρὸς
461 1071 754 1139 Γρατιανὸν
784 1070 1157 1140 γεγενημένας
1188 1071 1544 1141 παραϐαίνειν
1575 1071 1869 1140 συνθήκας,

295 1161 346 1214 εί
381 1160 456 1232 μὴ
485 1161 674 1232 ποινὴν
728 1162 856 1225 τοὺς
901 1161 1267 1225 ἀπεκτονότας
1293 1161 1336 1192 ⁸⁸
1385 1159 1745 1230 εἰσπράξαιτο
1773 1162 1871 1231 τῆς

297 1253 532 1323 σφαγῆς.

877 1342 1126 1396 unum.
1167 1342 1282 1410 ις’.

455 1434 594 1502 Περὶ
640 1433 1019 1502 Ἀμφίλοχίου
1051 1433 1387 1486 ἐπισκόπου
1434 1432 1703 1488 Ἰκονίου.

364 1526 519 1580 Μετὰ
545 1527 601 1579 δὲ
623 1525 722 1595 τῆν
749 1524 957 1577 ἐκεῖθεν
989 1524 1266 1588 ἐπάνοδον,
1291 1525 1520 1592 ἀφίκετο
1554 1523 1653 1594 μὲν
1683 1525 1712 1576 ὁ
1739 1521 1870 1575 θαυο

297 1615 492 1688 μάσιος
533 1615 898 1686 Ἀμφιλόχιος,
933 1611 993 1668 οὗ
1023 1615 1281 1678 πολλάκις
1321 1615 1616 1685 ἐμνήσθην,
1652 1613 1867 1668 άντιόο·

1981 537 2111 591 bum
2145 539 2396 608 depulit,
2447 547 2846 613 patet-namque
2899 544 2966 599 ad
3001 545 3259 615 pietatem
3295 551 3551 617 reduxit;

1979 627 2178 682 deinde
2207 629 2352 684 bono
2385 631 2570 685 animo
2595 648 2718 688 esse
2744 633 2944 702 jubens
2970 675 2986 696 .
3034 643 3090 691 et
3127 645 3320 691 contra
3352 649 3555 708 tyran-

1980 732 2110 770 num
2169 718 2357 787 copias
2413 720 2662 784 ducens,
2711 723 3003 793 imperium
3047 725 3386 781 adolescenti
3432 729 3554 784 sine

1980 808 2252 876 sanguine
2306 809 2588 875 restituit,
2637 819 2691 867 et
2741 823 3031 884 tyrannum
3082 815 3380 871 interemit.
3419 817 3553 872 Rem
3617 845 3628 856 -

1979 898 2185 968 quippe
2235 898 2499 968 injustam
2549 917 2608 956 se
2654 903 2925 960 facturum
2980 909 3234 978 putavit,
3291 920 3347 965 et
3395 922 3556 981 pacta

1979 1001 2103 1041 cum
2138 987 2403 1042 Gratiano
2451 990 2659 1047 hedera
2708 995 3042 1054 violaturum
3071 1039 3087 1067 ,
3124 999 3228 1056 nisi
3259 1015 3456 1072 pinnas
3486 1003 3556 1056 ab

1979 1079 2048 1135 iis
2079 1089 2354 1152 repeteret
2384 1085 2478 1154 qui
2516 1098 2800 1142 necaraut.

2157 1398 2373 1472 10M
2407 1399 2557 1456 CAP.
2595 1400 2732 1457 XVI.
2767 1401 2852 1473 [Β.
2882 1403 2969 1458 St.
3000 1403 3069 1460 ιτ.
3099 1406 3201 1462 Ch.
3236 1408 3350 1481 46.]

2259 1493 2338 1547 lle
2375 1495 2742 1564 Amphilochia
2789 1496 2961 1551 Icouii
3007 1501 3269 1570 episcopo.

2047 1586 2207 1641 Illinc
2236 1603 2495 1644 reversus
2521 1606 2648 1644 cum
2678 1601 2847 1659 esset,
2876 1595 3554 1664 acccssitAmphilochius

295 1707 404 1761 λῶν
427 1710 550 1770 τοὺς
579 1707 687 1761 τῶν
733 1707 787 1758 Ἀ
801 1706 1026 1776 ρειανῶν
1055 1707 1118 1758 ἐκ
1158 1706 1264 1758 τῶν
1297 1706 1503 1758 πόλεων
1552 1706 1870 1777 ἐξελαθῆναι

1975 1677 2068 1732 ille
2091 1679 2452 1746 admirabilis,
2483 1682 2643 1751 cujus
2677 1698 2705 1735 a
2730 1698 2815 1737 me
2846 1699 2990 1754 saepe
3021 1683 3166 1738 facta
3184 1696 3270 1740 est
3302 1687 3510 1742 mentio
3533 1727 3550 1752 ,

298 1799 606 1866 συλλόγους.
671 1798 728 1850 '0
773 1797 829 1850 δὲ
863 1796 1113 1868 βασιλεὺς
1165 1799 1545 1870 ἀπηνεστέραν
1584 1797 1866 1851 ὑπολαὸὼν

297 1890 398 1962 τὴν
433 1891 670 1960 αἴτησιν,
705 1889 805 1942 οὑκ
851 1889 1084 1956 ἐδέξατο.
1131 1890 1188 1944 '0
1219 1890 1274 1942 δὲ
1323 1888 1632 1959 σοφώτατος
1673 1891 1869 1960 Ἀμφι-

298 1981 474 2052 λόχιος
529 1980 839 2046 παραυτίκα
892 1981 1141 2049 σιγήσας,
1203 1981 1423 2051 μνήμης
1477 1981 1634 2047 ἀξίαν
1685 1980 1872 2051 ἐξεῦρε

300 2071 570 2140 μηχανήν.
603 2070 746 2122 Είσω
770 2070 878 2139 γὰρ
902 2065 1056 2132 αὖθις
1088 2069 1196 2123 τῶν
1231 2070 1516 2140 βασιλείων
1557 2071 1869 2140 γενόμενος,

297 2161 393 2212 καὶ
420 2159 742 2231 παρεστῶτα
763 2160 841 2230 τῷ
865 2161 1073 2229 βασιλεί
1094 2162 1182 2213 τὸν
1212 2161 1326 2214 υἱὸν
1365 2161 1647 2231 Ἀρκάδιον
1675 2161 1874 2214 θεασά-

300 2268 479 2321 μενος,
499 2252 690 2304 νεωστὶ
719 2251 774 2303 δὲ
797 2245 950 2314 οὗτος
980 2253 1388 2323 κεχειροτόνητο
1414 2252 1685 2322 βασιλεὺς,
1709 2251 1871 2306 αὑτὸν

301 2343 401 2413 μὲν
427 2343 708 2410 ἠσπάσατο
753 2343 1000 2413 συνήθως
1039 2345 1130 2396 τὸν
1183 2344 1426 2414 βασιλέα,
1473 2344 1776 2414 ἀγέραστον
1819 2345 1876 2398 δὲ

296 2436 554 2488 κατέλιπε
579 2436 640 2466 ¹⁶⁹
663 2437 752 2488 τὸν
772 2437 904 2490 υἱόν.
948 2436 1007 2488 '0
1031 2437 1084 2489 δὲ
1113 2436 1381 2506 βασιλεὺς,
1413 2438 1766 2507 έπιλησθῆναι
1791 2455 1877 2491 νο·

300 2526 461 2596 μίσας
483 2527 572 2579 τὸν
613 2527 977 2597 ’Λμφιλόχιον,
1008 2529 1324 2597 προσελθεῖν
1346 2529 1438 2582 καὶ
1463 2529 1682 2598 φιλῆσαι
1710 2545 1877 2598 προσ-

299 2616 455 2683 έταξε
502 2617 592 2670 τὸν
643 2619 776 2672 υἱόν.
815 2619 876 2672 '0
922 2619 978 2672 δὲ
1025 2621 1335 2690 ἀποχρῆναι
1359 2619 1398 2650 ⁸⁸
1453 2619 1554 2689 ἔφη
1591 2619 1688 2690 τὴν
1728 2619 1876 2690 αὐτῷ

299 2707 431 2779 παρ’
461 2707 622 2760 αὑτοῦ
649 2709 1100 2779 προσενεχθεῖσαν
1125 2711 1312 2782 τιμήν,
1351 2710 1410 2763 Ὀ
1437 2709 1491 2762 δὲ
1513 2709 1874 2779 δυσχεράνας,

295 2800 502 2854 οἰκείαν
563 2801 748 2854 ἐκάλει
793 2802 1076 2872 παροινίαν
1125 2802 1224 2870 τὴν
1274 2801 1366 2854 τοῦ
1409 2801 1596 2864 παιδὸς
1626 2800 1871 2870 ἀτιμίαν.

300 2892 612 2962 Τηνικαῦτα
653 2893 839 2946 λοιπὸν
877 2895 906 2945 ό
952 2894 1262 2961 σοφώτατος
1310 2879 1656 2963 Ἀμίριλόχιος
1707 2894 1874 2944 ἐκκα-

298 2981 489 3036 λύπτει
513 2985 605 3037 τὸν
633 2983 729 3036 τοῦ
763 2985 1129 3054 γεγενημένου
1163 2985 1382 3048 σκοπὸν,
1419 2985 1510 3036 καλ⁸
1552 2983 1690 3052 βοῶν
1734 2982 1867 3052 ἔφη·

304 3092 326 3124 ι
377 3075 556 3147 Ὁρᾷς,
599 3069 644 3128 ὦ
674 3071 916 3144 βασιλεῦ,
947 3075 1094 3138 ὅπως
1132 3075 1192 3127 οὑ
1224 3077 1408 3144 φέρεις
1437 3073 1532 3144 τὴν
1562 3072 1654 3126 τοῦ
1689 3073 1872 3135 παιδὸς

299 3165 540 3235 ἀτιμίαν,
577 3165 710 3217 ἀλλὰ
753 3167 866 3228 τοῖς
894 3167 972 3228 είς
1018 3164 1207 3216 τοῦτον
1258 3162 1574 3233 παροινοῦσι
1610 3161 1872 3231 χαλεπαί-

299 3269 408 3316 νεις
456 3253 688 3325 πικρῶς.
742 3255 1038 3308 Πίστευσον
1083 3253 1147 3324 δὴ
1195 3249 1307 3317 οὖν,
1343 3253 1436 3306 καὶ
1474 3252 1562 3305 τὸν
1591 3251 1699 3305 τῶν
1738 3252 1874 3305 ὅλων

299 3343 432 3396 Θεὸν
472 3346 597 3408 τοὺς
631 3345 721 3398 τὸν
773 3345 899 3398 ΥΞὸν
951 3345 1116 3398 αὑτοῦ
1165 3345 1259 3396 τὸν
1317 3343 1580 3414 μονογενῆ
1629 3342 1872 3412 βλασφη-

303 3434 536 3505 μοῦντας
587 3436 981 3505 βδελύττεσθαι,
1015 3438 1108 3489 καὶ
1154 3436 1230 3498 ὡς
1260 3435 1588 3506 ἀχαρίστους
1626 3434 1754 3504 περὶ
1781 3433 1873 3486 τὸν

303 3525 530 3596 Σωτῆρα
558 3527 650 3579 καὶ
676 3528 969 3596 εὐεργέτην
1001 3527 1399 3596 γεγενημένους
1425 3527 1621 3596 μισεῖν
1660 3543 1678 3576 ι
1715 3521 1872 3578 Οὕτω

302 3617 479 3678 συνεὶς
507 3619 535 3669 ὁ
553 3615 825 3687 βασιλεὺς,
849 3619 942 3670 καὶ
970 3618 1039 3671 τά
1065 3634 1124 3669 τε
1156 3616 1520 3687 πεπραγμένα
1540 3616 1608 3668 τά
1633 3631 1691 3668 τε
1719 3615 1872 3686 είρη-

303 3705 439 3777 μένα
472 3707 777 3776 θαυμάσας,
811 3708 975 3777 νόμον
1015 3707 1177 3769 εὐθὺς
1201 3706 1405 3776 ἔγραψε
1433 3705 1558 3769 τοὺς
1586 3704 1695 3758 τῶν
1721 3705 1873 3774 αἱρε-

297 3795 464 3850 τικῶν
494 3797 780 3864 συλλόγους
805 3795 1104 3848 κωλύοντα.
1169 3793 1328 3846 Ἀλλὰ
1357 3793 1399 3824 ¹²
1439 3792 1548 3864 γάρ
1591 3791 1652 3844 οὐ
1694 3791 1872 3862 ῥᾴδιον

299 3887 476 3948 πάσας
525 3887 804 3956 διαφυγεῖν
853 3885 945 3939 τοῦ
990 3884 1172 3938 κοινοῦ
1221 3882 1370 3956 [219]
1424 3882 1530 3934 τῶν
1571 3880 1873 3952 ἀνθρώπων

299 3979 558 4047 πολεμίου
589 3981 685 4040 τὰς
718 3980 911 4048 ἄρκυς.
950 3977 1218 4038 Πολλάκις
1255 3975 1364 4044 γάρ
1392 3991 1476 4037 τις
1522 3972 1742 4044 διαδρὰς
1775 3973 1873 4041 τῆς

297 4070 585 4135 ἀσελγείας
610 4070 669 4121 τὸ
703 4069 892 4130 πάθος,
927 4071 994 4138 τῇ
1019 4067 1117 4136 τῆς
1153 4065 1465 4130 πλεονεξίας
1493 4062 1886 4132 περιπείρεται,

299 4160 452 4230 πάγῃ
479 4159 520 4189 ⁸³
542 4175 556 4188 ο
583 4159 704 4210 εἰδὲ
729 4159 822 4210 καὶ
841 4156 1046 4225 ταύτης
1070 4155 1336 4226 κρείττων
1359 4153 1574 4222 φανείη,
1608 4151 1874 4221 ἑτέρωθεν

297 4249 598 4318 ἀναφύεται
634 4247 726 4301 τού
760 4246 956 4314 φθόνου
1010 4247 1070 4298 τὸ
1117 4243 1409 4315 βάραθρον.
1465 4243 1580 4296 Κᾶν
1628 4241 1782 4295 τοῦτο
1816 4240 1874 4294 δὲ

299 4341 460 4394 πάλιν
495 4338 875 4408 ὑπερπηδήσῃ,
928 4335 1020 4388 τοῦ
1078 4333 1252 4404 θυμοῦ
1295 4335 1355 4387 τὸ
1385 4333 1599 4386 δίκτυον
1650 4332 1870 4401 εὑρήσει

302 4430 679 4501 προκείμενον.
723 4429 832 4481 Καὶ
862 4427 1025 4490 άλλας
1058 4427 1113 4478 δὲ
1155 4426 1355 4497 μυρίας
1402 4428 1514 4488 τοῖς
1565 4423 1873 4495 ἀνθρώποις

245 4535 253 4562 -‘
300 4523 480 4593 τίθησι
516 4520 911 4591 ποδοστράϐας,
957 4517 1204 4588 ἀγρεύων
1251 4518 1331 4580 είς
1375 4516 1613 4586 ὄλεθρον.
1664 4515 1773 4568 Καὶ
1805 4513 1874 4568 τά

305 4616 402 4684 μὲν
434 4613 580 4682 πάθη
613 4614 706 4666 τοῦ
754 4611 1002 4680 σώματος
1042 4608 1416 4680 ὑπουργοῦντα
1445 4608 1556 4676 ἔχει
1584 4610 1702 4666 ταῖς
1731 4605 1872 4659 κατά

256 4725 269 4775 3
300 4709 399 4774 τῆς
427 4706 602 4776 ψυχῆς
625 4702 1072 4772 τεκταινομέναις
1095 4701 1184 4753 ὑπ’
1203 4697 1365 4752 αὑτοῦ
1391 4715 1465 4768 μη
1473 4700 1658 4768 Ααναίς
1676 4716 1689 4728 ο
1713 4697 1874 4765 μόνος

300 4800 356 4852 δὲ
385 4802 413 4852 ὁ
441 4799 561 4862 νοῦς
593 4796 908 4869 ἐγρηγορὼς
959 4795 1315 4866 περιγίνεται,
1362 4794 1427 4862 τῇ
1467 4791 1597 4862 περὶ
1629 4790 1697 4842 τὰ
1751 4788 1870 4842 θεία

305 4892 442 4959 ῥοπῇ
485 4891 590 4943 τῶν
641 4887 1049 4959 μηχανημάτων
1100 4883 1329 4937 διαλύων
1361 4884 1458 4953 τὴν
1507 4881 1708 4952 ῥύμην.
1761 4879 1872 4948 Τῆς

302 4981 642 5050 ἀνθρωπείας
690 4980 752 5050 δὴ
785 4977 877 5033 οὖν
925 4977 1138 5049 φύσεως
1188 4975 1280 5029 καὶ
1319 4977 1347 5028 ὁ
1390 4973 1689 5044 θαυμάσιος
1721 4967 1875 5033 οὗτος

305 5068 586 5139 μετασχὼν
623 5069 894 5137 βασιλεὺς,
942 5069 1036 5120 καὶ
1063 5065 1172 5138 τῶν
1216 5065 1555 5136 παθημάτων
1588 5063 1874 5133 μετέλαχε,

301 5160 396 5212 καὶ
440 5159 514 5228 τῷ
555 5158 746 5228 δικαίῳ
798 5157 954 5226 θυμῷ
998 5155 1236 5225 ἀμετρία
1284 5152 1689 5222 προσγενομένη
1726 5151 1875 5220 ὠμόν

300 5266 358 5302 τε
385 5250 429 5281 ¹⁵
464 5250 556 5302 καὶ
592 5250 906 5320 παράνομον
951 5248 1244 5318 εἰργάσατο
1278 5243 1470 5306 πάθος.
1521 5242 1664 5312 Ἐρῶ
1695 5243 1750 5294 δὲ
1784 5241 1877 5295 καὶ

1975 1783 2166 1838 preces
2195 1769 2465 1833 oﬂ'ereus,
2512 1780 2572 1824 ut
2601 1773 2935 1827 Arianorum
2968 1785 3275 1830 conventus
3327 1791 3395 1830 ex
3457 1792 3553 1832 ur-

1973 1861 2136 1915 bibus
2165 1862 2523 1930 pellerentur.
2565 1863 2738 1928 Quam
2779 1866 2903 1934 ejus
2947 1866 3270 1935 petitionem
3315 1867 3550 1937 impera-

1977 1961 2080 2020 tor,
2116 1954 2262 2023 quod
2311 1954 2477 2010 nimis
2505 1956 2700 2010 duram
2733 1957 3018 2023 crederet,
3059 1973 3170 2012 non
3200 1959 3444 2014 admisit.
3479 1957 3554 2014 At

1975 2043 2429 2112 sapientissimus
2488 2046 2910 2115 Amphilochius
2973 2056 3106 2104 tunc
3161 2048 3553 2106 obmutescens

1974 2140 2150 2188 artem
2185 2135 2520 2204 excogitavit
2552 2139 2992 2193 memorabilem.
3027 2140 3232 2196 lterum
3275 2142 3423 2196 enim
3455 2157 3555 2212 pa-

1974 2225 2168 2281 latium
2199 2228 2597 2298 iutrogressus,
2628 2239 3012 2301 astantemque
3041 2233 3390 2303 imperatoris
3419 2249 3554 2290 con-

1977 2318 2224 2388 spicatus
2259 2316 2432 2372 filium
2476 2319 2812 2386 Arcadium,
2871 2323 2962 2390 qui
3020 2325 3297 2394 particeps
3334 2325 3552 2396 imperii

1977 2409 2143 2478 paulo
2167 2418 2298 2462 ante
2348 2407 2530 2464 fuerat
2573 2411 2899 2480 designatus
2926 2453 2940 2474 ,
2989 2414 3165 2483 ipsum
3196 2416 3411 2484 quidem
3447 2418 3552 2471 im-

1978 2507 2292 2568 peratorem
2343 2498 2412 2555 de
2447 2516 2599 2555 more
2649 2503 2940 2568 salutavit,
3003 2503 3098 2559 sed
3141 2505 3406 2561 honorem
3440 2507 3552 2564 filio

1977 2588 2188 2642 nullum
2219 2589 2496 2644 exhibuit.
2544 2590 2866 2660 Imperator,
2909 2593 3192 2650 oblivione
3221 2596 3421 2652 factum
3455 2615 3550 2654 ra-

1975 2688 2064 2734 tus
2107 2682 2176 2736 ab
2224 2681 2645 2752 Amphilochia,
2697 2686 2965 2742 accedere
3015 2687 3221 2756 jussit,
3286 2701 3342 2746 et
3379 2691 3547 2748 tilium

1973 2773 2238 2826 osculari.
2269 2773 2370 2828 Cui
2403 2775 2494 2829 ille
2538 2777 2674 2830 satis
2705 2791 2828 2832 esse
2883 2778 3204 2848 respondit,
3256 2782 3403 2850 quod
3445 2784 3548 2852 ipsi

1975 2860 2241 2916 honorem
2269 2863 2540 2918 habuerit.
2568 2865 2723 2930 Quod
2759 2867 2982 2937 indigne
3011 2868 3196 2924 ferens
3227 2872 3547 2942 imperator,
3579 2875 3582 2878 ’

1975 2951 2073 3006 ﬁlii
2107 2954 2425 3022 despectum
2473 2956 2672 3010 factam
2705 2959 2808 3012 sibi
2845 2960 3105 3028 iujuriam
3142 2963 3550 3033 interpretaba-

1902 3051 2087 3118 ctur.
2154 3043 2291 3098 Tum
2347 3047 2562 3101 demum
2625 3049 3076 3118 sapientissimus
3131 3053 3550 3125 Amphilochius

1980 3136 2109 3192 facti
2165 3137 2250 3191 sui
2290 3140 2584 3193 consilium
2641 3143 2942 3208 reseravit,
2989 3153 3045 3199 et
3083 3161 3268 3201 vocem
3315 3159 3546 3205 conten-

1973 3226 2112 3281 dens
2157 3246 2170 3282 :
2222 3247 2239 3277 ι
2300 3227 2510 3292 Vides,
2567 3229 2780 3298 inquit,
2839 3232 3158 3303 imperator,
3213 3248 3268 3292 ut
3320 3239 3412 3293 filii
3465 3241 3544 3294 tui

1975 3318 2330 3387 ignominiam
2377 3320 2599 3374 minime
2635 3319 2818 3386 feras,
2869 3325 2962 3378 sed
3008 3327 3059 3379 iu
3092 3343 3215 3381 eum
3263 3341 3549 3386 contume-

1973 3409 2129 3463 liosis
2156 3411 2396 3478 graviter
2432 3425 2784 3468 succenseas.
2835 3414 3008 3470 Crede
3049 3417 3215 3486 igitur
3263 3421 3550 3475 universo-

1974 3513 2095 3554 rum
2122 3515 2340 3569 quoque
2382 3498 2551 3554 Deum
2593 3517 2690 3555 eos
2725 3503 3033 3569 detestari,
3075 3507 3168 3576 qui
3205 3509 3544 3578 unigenitum

1973 3588 2093 3657 ejus
2123 3586 2324 3642 Filium
2357 3589 2770 3659 blasphemant,
2801 3601 2856 3646 et
2892 3601 3152 3663 tanquam
3179 3611 3307 3665 erga
3346 3597 3549 3650 Serva-

1974 3687 2148 3734 torem
2199 3678 2719 3752 benefactoremque
2772 3699 2932 3738 suum
2989 3687 3222 3756 ingratis
3268 3687 3545 3744 infensum

1972 3787 2114 3826 esse.
2145 3791 2162 3824 ι
2221 3771 2299 3825 Ita
2327 3787 2438 3826 rem
2495 3773 2806 3844 intelligens
2853 3773 3173 3844 imperator,
3207 3779 3437 3848 ejusque
3491 3787 3546 3834 et

1974 3861 2118 3916 facta
2155 3871 2209 3918 et
2239 3862 2386 3917 dicta
2421 3864 2626 3933 pariter
2647 3865 2958 3927 admirans,
2993 3868 3169 3937 legem
3223 3886 3350 3924 mox
3401 3873 3544 3926 scri-

1976 3955 2120 4024 psit,
2149 3955 2672 4024 qurchasreticorum
2703 3968 3006 4012 conventus
3043 3960 3383 4028 prohibebat.
3422 3962 3543 4016 Cae-

1976 4053 2151 4100 terum
2184 4048 2477 4101 universas
2506 4048 2816 4102 communis
2849 4049 3132 4104 hominum
3162 4051 3337 4106 hostis
3370 4052 3548 4106 tendi-

1975 4137 2132 4192 culas
2194 4139 2373 4191 vitare
2431 4136 2592 4192 facile
2653 4154 2761 4192 non
2819 4150 2922 4194 est.
2987 4141 3146 4209 Saepe
3206 4144 3386 4209 enim,
3448 4144 3544 4214 qui

1977 4228 2394 4286 incontinentim
2431 4229 2685 4284 morbum
2727 4233 2998 4298 evaserit,
3041 4232 3250 4304 106.5
3300 4235 3548 4290 avaritiae

1978 4319 2174 4388 laqueo
2207 4319 2458 4373 irretitur
2491 4339 2503 4373 :
2542 4329 2595 4374 et
2627 4320 2672 4374 si
2701 4319 2848 4375 hunc
2895 4322 3058 4375 etiam
3091 4325 3401 4391 superarit,
3436 4327 3542 4381 alia

1903 4392 1947 4446 θ
1977 4427 2041 4466 ex
2063 4421 2216 4482 parte
2253 4413 2472 4467 invidie
2509 4413 2828 4468 barathrum
2852 4414 3132 4482 objicitur.
3159 4414 3315 4482 Quod
3368 4417 3413 4470 si
3444 4415 3549 4472 hoc

1974 4503 2101 4559 item
2134 4506 2488 4571 transilierit,
2539 4507 2760 4561 obvium
2793 4505 2854 4560 fit
2891 4516 3006 4562 rete
3044 4508 3363 4563 iracundiae.
3397 4508 3548 4563 Alias

1975 4597 2212 4665 denique
2238 4599 2560 4652 innumeras
2586 4599 2905 4655 hbniinibus
2937 4600 3163 4669 pedicas
3190 4604 3400 4669 tendit,
3423 4603 3547 4673 qui-

1977 4687 2081 4741 bus
2093 4695 2284 4756 captos
2304 4688 2486 4741 trahat
2512 4688 2576 4741 ad
2597 4689 2860 4756 exitium;
2886 4689 3155 4761 habetque
3181 4707 3408 4762 prorsus
3423 4709 3550 4748 cor-

1976 4780 2127 4849 poris
2163 4779 2598 4848 perturbationes
2639 4781 2964 4836 insidiarum
3002 4799 3143 4852 quas
3166 4785 3360 4840 animae
3383 4785 3549 4840 struit

1981 4873 2362 4927 administras.
2407 4870 2534 4926 Sola
2587 4888 2742 4928 mens
2779 4874 3012 4942 vigilans
3047 4875 3337 4931 victoriam
3373 4878 3550 4946 adipi-

1976 4965 2174 5029 scitur,
2221 4979 2402 5017 rcrum
2439 4963 2748 5017 divinarum
2791 4965 2974 5019 studio
3003 4968 3387 5021 machinarum
3439 4968 3548 5022 im-

1974 5065 2158 5124 petum
2194 5053 2478 5124 frangens.
2518 5053 2744 5109 Natura:
2799 5056 3028 5125 itaque‘
3087 5056 3340 5111 humana:
3379 5057 3541 5126 parti-

1977 5163 2108 5218 ceps
2139 5162 2263 5202 cum
2295 5157 2443 5201 esset
2463 5145 2826 5202 admirandus
2859 5147 2948 5202 hic
2979 5147 3301 5218 imperator,
3334 5154 3552 5218 pertin-

1978 5240 2260 5294 bationum
2284 5252 2482 5309 expers
2514 5252 2624 5293 non
2668 5238 2770 5292 fuit
2800 5255 2820 5292 :
2845 5239 3118 5310 justaeque
3155 5239 3250 5294 iraa
3280 5237 3552 5294 accedens

1588 5377 1823 5432 V’ARUE
1859 5375 2262 5434 LECTIO‘NES.

374 5505 416 5538 ⁸ο
462 5503 900 5569 ἁπεκταγκότας.
950 5499 1092 5569 Idem
1138 5512 1261 5569 cum
1304 5495 1496 5569 Steph.

1601 5493 1678 5524 ¹⁰⁶
1720 5491 2028 5544 κατέλειπε.
2082 5488 2248 5544 Basil.
2305 5487 2400 5542 Gr.
2443 5488 2634 5558 Steph.
2684 5488 3052 5558 καταλέλοιπε
3083 5486 3308 5558 Nicrph.
3339 5483 3460 5558 XII,
3496 5487 3552 5558 9.

306 5575 345 5607 ³⁸
379 5571 645 5644 ἀπόχρην.
684 5557 1045 5644 ίέοξίΙ-ηἶὶιοᾋη
1082 5568 1136 5621 ln
1160 5568 1347 5622 codice
1379 5557 1495 5618 Pini
1532 5563 1619 5618 hic
1652 5563 1842 5632 incipit
1879 5575 1929 5614 c.
1967 5559 2054 5613 Π.
2091 5559 2134 5590 ¹³
2161 5561 2310 5629 παγῇ
2353 5559 2519 5614 Basil.
2550 5557 2648 5614 Gr.
2681 5561 2725 5592 ”
2751 5559 2900 5630 ὠμόν
2927 5576 3000 5612 τι.
3034 5557 3154 5614 Pini
3177 5557 3372 5623 codex,
3402 5557 3556 5628 ὠμὸν

341 5611 413 5700 δῖ
425 5611 1027 5715 ξῖῖὶῐῆἱῖρῖῖῗόἱῇξῖο.
