3974 6212
405 253 536 317 1931

1387 242 1874 312 TllEODORETI
1905 249 2242 310 EPISCOPI
2264 248 2633 308 CYRENSIS

3531 238 3669 304 1232

405 363 790 419 ionnodcratio
823 363 1044 418 crudele
1075 379 1138 436 ac.
1167 364 1417 432 iniquum
1455 363 1672 417 fat-inus
1715 361 1982 432 patravit,

2096 358 2244 411 τοῦτο
2273 359 2371 429 τῆς
2393 357 2503 410 τῶν
2530 356 2930 426 ἐντευξομένων
2955 356 3218 426 ὠφελείας
3241 354 3422 408 ἕνεκα.
3451 351 3526 406 Ού
3559 355 3675 422 γὰρ

404 455 550 521 quod
614 456 908 524 legentium
962 457 1221 511 utilitatis
1283 457 1460 528 gratia
1513 455 1982 511 commemorabo.

403 547 519 601 Non
563 549 708 602 enim
749 556 960 601 tantum
988 547 1479 618 reprehensionem
1513 541 1858 603 admirabilis
1888 547 1986 600 int-

407 640 676 708 peratoris
709 640 988 707 continet,
1051 640 1147 696 sed
1205 651 1260 696 et
1308 640 1524 696 laudem
1564 639 1684 708 ejus
1719 638 1984 694 memoria

404 731 812 800 dignissimam.
1400 748 1410 756 ‘

705 825 860 879 CAP.
902 824 1064 879 xvn.
1105 824 1190 895 [Β.
1223 824 1302 878 St.
1336 823 1400 877 v.
1436 823 1534 877 (ιιι.
1575 822 1688 893 17.]

430 915 519 968 De
553 916 693 969 ante
728 916 1218 978 ’I'Iicssalouicensi,
1248 925 1295 968 et
1323 915 1387 967 de
1415 915 1684 967 Ambrosii
1714 913 1946 982 epis-cepi

703 988 969 1053 libertate,
1019 1003 1082 1040 ac
1107 988 1308 1056 pietate
1338 985 1698 1054 imperatoris.

476 1141 871 1198 Thessalonica
907 1143 1038 1198 urbs
1067 1150 1152 1200 est
1186 1142 1426 1196 maxima
1457 1149 1511 1196 et
1539 1141 1799 1212 populosa
1822 1181 1834 1204 ,
1871 1140 1982 1194 Ma-

405 1235 677 1290 cedonum
713 1235 934 1305 quidem
975 1236 1027 1290 in
1071 1244 1234 1306 gente
1267 1235 1442 1304 posita
1470 1273 1486 1298 ,
1533 1233 1630 1288 sed
1665 1247 1787 1302 quae
1816 1242 1984 1301 caput

405 1338 488 1382 est
526 1335 638 1380 tum
667 1325 970 1382 Thessalia:
1013 1337 1066 1382 et
1099 1326 1347 1391 Achaiae,
1386 1333 1501 1379 tum
1553 1326 1786 1378 aliarum
1831 1340 1982 1378 com-

407 1419 646 1488 plurium
684 1417 1128 1488 provinciarum,
1171 1433 1292 1488 quae
1347 1427 1622 1488 reguntur
1661 1433 1690 1472 a
1727 1419 1985 1488 praefecto

341 1547 346 1556 ο
408 1510 666 1577 praetorio
713 1510 938 1579 Illyrici.
996 1510 1050 1563 In
1088 1511 1190 1564 hac
1223 1525 1347 1564 cum
1401 1517 1523 1565 o-rta
1573 1517 1723 1564 esset
1754 1511 1983 1573 seditio,

407 1603 767 1672 magistratus
813 1600 1038 1671 quidam
1067 1601 1294 1671 lapidati
1331 1611 1385 1656 et
1438 1603 1618 1656 vexati
1651 1601 1823 1657 fuere.
1866 1605 1985 1667 Quo

407 1695 661 1747 nuntiato
712 1707 983 1749 accensus
1037 1693 1334 1762 imperator
1393 1695 1489 1749 irae
1549 1695 1813 1765 impetunt
1875 1710 1984 1748 non

2096 1673 2254 1735 τινές.
2310 1671 2367 1723 '0
2403 1669 2457 1722 δέ
2493 1668 2746 1739 βασιλεὺς

408 1785 566 1845 tulit,
618 1797 721 1836 nec
751 1781 907 1836 freno
944 1781 1177 1837 rationis
1215 1783 1429 1854 105.6
1463 1785 1570 1838 vim
1602 1785 1723 1853 ejus
1764 1799 1984 1852 repres-

407 1877 512 1939 sit,
548 1875 643 1929 sed
679 1875 934 1929 vindictae
971 1875 1259 1929 arbitrium
1304 1876 1377 1928 illi
1418 1877 1683 1945 permisit.
1726 1876 1820 1928 Illa
1857 1891 1986 1930 vero

410 1968 512 2021 hac
550 1973 821 2036 potestate
868 1977 1094 2036 accepta
1119 2009 1132 2028 ,
1176 1968 1321 2021 velut
1358 1967 1500 2036 juris
1539 1969 1621 2022 sui
1675 1977 1944 2036 tyrannus
1970 2009 1985 2034 ,

409 2061 586 2128 ruptis
622 2059 848 2113 habenis
883 2061 1127 2130 jugoque
1171 2060 1403 2116 rationis
1437 2075 1705 2123 excusso,
1745 2061 1986 2128 injustos

408 2151 619 2219 gladios
667 2151 723 2204 in
779 2165 972 2205 omnes
1015 2150 1329 2216 distrinxit,
1373 2161 1427 2204 ct
1473 2153 1722 2205 insontes
1781 2151 1988 2220 pariter

408 2259 534 2298 cum
585 2243 1188 2298 sontibuslrncidavit.
1234 2243 1454 2316 Septem
1507 2246 1653 2298 enim
1703 2244 1985 2297 hominum

409 2336 580 2389 millia
617 2334 911 2389 interfecta
959 2336 1344 2406 perhibentur,
1381 2351 1488 2390 non
1531 2345 1812 2406 praeeunte
1839 2334 1988 2404 judio

408 2429 523 2494 cio,
568 2439 622 2482 et
654 2428 1037 2483 condemnatis
1071 2428 1140 2482 iis
1173 2429 1267 2497 qui
1301 2429 1419 2483 dira
1459 2429 1551 2482 illa
1586 2431 1705 2482 ausi
1737 2427 1986 2491 fuerant,

409 2519 505 2573 sed
535 2521 679 2574 sicut
712 2521 767 2574 in
801 2535 982 2575 messe
1021 2521 1284 2574 omnibus
1320 2520 1484 2575 simul
1519 2521 1796 2587 spicarum
1835 2534 1989 2574 more

408 2611 667 2666 desectis.

487 2761 569 2835 [Β.
613 2763 694 2817 St.
739 2761 802 2816 V.
849 2763 955 2835 18.]
997 2763 1109 2817 ilac
1149 2749 1720 2834 auditallacrymrtbili
1759 2763 1990 2818 calami-

410 2865 557 2918 tate,
598 2855 930 2910 Ambrosius
966 2856 1087 2922 ille,
1141 2872 1302 2924 quem
1336 2871 1480 2926 sirpe
1513 2857 1850 2922 memoravi,
1885 2858 1990 2910 itit-

412 2951 648 3017 peratori
677 2991 690 3014 ,
730 2965 856 3002 cum
891 2948 1262 3004 Mcdiolanum
1295 2950 1532 3004 venisset
1564 2989 1578 3012 ,
1609 2959 1776 3018 atque
1809 2951 1863 3003 in
1899 2965 1990 3004 sa-

2093 448 2253 518 μόνον
2294 447 2630 518 κατηγορίαν
2683 447 2796 516 ἔχει
2849 445 2943 498 τοῦ
3001 443 3320 515 θαυμαστοῦ
3379 441 3672 512 βασιλέως,

2077 537 2222 592 ἀλλὰ
2252 540 2345 592 καὶ
2377 539 2651 608 εὔφημίαν
2677 539 2898 609 μνήμης
2924 535 3251 607 ἀξιωτάτην.

2676 803 2926 856 ΚΕΦΑΑ.
2980 801 3076 855 lZ'.

2079 895 2224 963 Περὶ
2272 893 2390 948 τῶν
2440 895 2511 946 ἐν
2553 894 2975 959 Θεσσαλονίκῃ
3000 893 3042 923 ’⁸
3071 889 3359 963 σφαγῶν,
3405 888 3504 963 καὶ
3536 886 3675 963 περί

2158 960 2270 1030 ἑῆς
2298 966 2406 1018 τοῦ
2428 966 2766 1018 ἐπισκόπου
2804 962 3150 1030 Ἀμϐροσίου
3179 961 3541 1028 παρῤησίας,
3567 960 3672 1012 καὶ

2158 1035 2268 1102 τῆς
2307 1035 2414 1088 τοῦ
2435 1035 2742 1099 ,ϐασιλέως
2767 1034 3096 1096 εὐσεϐείας.

2158 1125 2527 1194 Θεσσαλονίκη
2581 1124 2734 1188 πόλις
2764 1125 2881 1176 ἐστὶ
2918 1123 3148 1194 μεγίστη
3183 1121 3276 1174 καὶ
3313 1118 3672 1190 πολυανθρω-

2089 1235 2212 1280 πος,
2245 1219 2324 1280 εἰς
2353 1218 2450 1286 μὲν
2479 1216 2539 1268 τὸ
2574 1215 2903 1269 Μακεδόνων
2931 1213 3080 1276 ἔθνος
3111 1211 3358 1276 τελοῦσα,
3392 1209 3669 1280 ἡγουμένη

2087 1308 2142 1362 δέ
2167 1307 2262 1361 καὶ
2293 1306 2585 1370 Θετταλίας
2611 1307 2703 1360 καὶ
2752 1306 2997 1375 Ἀχαΐας,
3033 1303 3126 1357 καὶ
3162 1304 3345 1374 μέντοι
3375 1303 3468 1355 καὶ
3497 1301 3672 1354 ἄλλων

2090 1397 2422 1468 παμπόλλων
2457 1395 2648 1456 ἐθνῶν,
2697 1395 2797 1448 ὃσα
2841 1393 2947 1446 τῶν
2989 1392 3262 1464 Ἰλλυριῶν
3300 1393 3393 1444 τὸν
3428 1391 3672 1462 ὕπαρχον

2089 1490 2389 1560 ἡγούμενον
2416 1487 2549 1558 ἔχει.
2592 1488 2678 1540 Ἐν
2705 1485 2875 1557 ταύτῃ
2908 1485 3148 1549 στάσεως
3179 1483 3482 1554 γενομένης
3504 1483 3669 1548 τινὸς,

2092 1578 2528 1646 κατελεύσθησαν
2561 1593 2621 1629 τε
2670 1577 2763 1629 καὶ
2820 1573 3202 1645 κατεσύρησαν
3240 1573 3349 1626 τῶν
3396 1574 3673 1646 ἀρχόντων

2797 1667 3046 1734 ἐξαφθεὶς
3076 1665 3241 1718 uno"
3273 1664 3671 1732 ἀγγελθέντων,

2088 1767 2185 1818 οὐκ
2219 1765 2419 1835 ἣνεγκε
2469 1759 2564 1813 τοῦ
2615 1758 2783 1829 θυμοῦ
2816 1758 2914 1829 τὴν
2959 1757 3156 1829 ὁρμὴν,
3209 1757 3328 1810 οὐδὲ
3360 1755 3439 1826 τῷ
3469 1755 3676 1826 χαλινῷ

2086 1855 2179 1908 τοῦ
2237 1849 2500 1923 λογισμοῦ
2557 1851 2657 1921 τὴν
2707 1848 2899 1901 τούτου
2946 1847 3126 1920 ῥύμην
3175 1846 3482 1900 ἐκώλυσενσ
3539 1846 3678 1901 ἀλλὰ

2088 1948 2260 2016 τούτῳ
2294 1945 2392 2016 τὴν
2421 1945 2600 2014 ψῆφον
2623 1941 2929 2009 ἐξενεγκεῖν
2955 1939 3054 2010 τῆς
3084 1939 3349 2009 τιμωρίας
3381 1938 3677 2010 ἐπέτρεψε.

2089 2039 2306 2110 Ταύτην
2337 2037 2395 2091 δέ
2425 2037 2524 2107 τὴν
2549 2034 2797 2100 ἐξουσίαν
2831 2035 3038 2094 ἐκεῖνος
3081 2031 3284 2096 λαϐὼν,
3315 2025 3406 2084 οἷα
3427 2032 3494 2100 δὴ
3517 2032 3682 2096 αὑτό-

2089 2131 2253 2202 νομός
2273 2147 2333 2182 τε
2366 2129 2459 2182 καὶ
2481 2127 2760 2198 τύραννος,
2791 2125 2883 2178 τὸν
2901 2125 3096 2193 δεσμὸν
3125 2124 3444 2196 ἀπορρήξας
3462 2125 3560 2176 καὶ
3583 2124 3677 2176 τοῦ

2089 2221 2348 2292 λογισμοῦ
2367 2217 2644 2288 διαφυγὼν
2663 2218 2752 2270 τὸν
2769 2214 2956 2282 ζυγὸν,
2970 2215 3131 2270 ἄδικα
3149 2214 3278 2286 ξίφη
3297 2215 3438 2268 κατὰ
3459 2215 3680 2268 πάντων

2088 2314 2393 2385 ἐγύμνωσε,
2421 2311 2661 2374 καὶτοὺς
2691 2310 2901 2373 ἁθὼους
2929 2310 3065 2379 μετὰ
3085 2309 3192 2362 τῶν
3213 2308 3532 2361 ὑπευθύνων
3549 2324 3682 2360 κατε

2090 2408 2345 2461 έκτεινεν.
2389 2404 2562 2458 Ἑπτὰ
2590 2402 2732 2474 γὰρ,
2777 2402 2852 2467 ὥς
2881 2419 3066 2470 φασιν,
3108 2403 3457 2474 ἀνῃρέθησαν
3503 2401 3680 2472 χιλιὰο

2088 2499 2198 2562 δες,
2226 2498 2284 2550 ού
2302 2496 2536 2568 κρίσεως
2564 2495 2940 2567 ἠγησαμένης,
2965 2495 3059 2548 καὶ
3083 2495 3194 2547 τῶν
3216 2495 3282 2547 τὰ
3315 2493 3464 2548 δεινά
3493 2495 3681 2547 ἐκεῖνα

2089 2587 2499 2658 τετολμηκότων
2547 2585 3008 2658 κατακριθέντων,
3065 2584 3180 2637 ἀλλ’
3243 2584 3319 2648 ὡς
3367 2586 3425 2638 ἐν
3482 2585 3682 2654 ἁμήτῳ

2092 2682 2307 2738 πάντων
2333 2679 2468 2749 ὁμοῦ
2493 2679 2649 2750 δίκην
2676 2678 2963 2747 ἀσταχύων
2996 2676 3479 2748 κατατμηθέντων.

2164 2769 2316 2842 [220]
2348 2768 2564 2841 Ταύτην
2591 2768 2778 2840 μαθὼν
2809 2770 2906 2840 τὴν
2937 2767 3189 2838 ὀδυρμῶν
3226 2769 3508 2838 γέμουσαν
3539 2785 3686 2837 συμο

2091 2863 2264 2936 φορὰν
2315 2861 2640 2932 Ἀμόρόσιος
2671 2862 2900 2925 ἐκεῖνος,
2949 2855 3010 2914 οὗ
3059 2860 3322 2924 πολλάκις
3374 2859 3684 2932 ἐμνήσθην,

2092 2954 2422 3025 ἀφικόμενον
2443 2956 2522 3017 εἰς
2545 2953 2870 3007 Μεδιόλανον
2900 2953 2991 3006 τὸν
3023 2953 3268 3024 βασιλέα,
3305 2954 3400 3008 καὶ
3431 2955 3687 3025 συνήθως

411 3056 565 3092 crum
601 3041 867 3109 templum
928 3040 994 3094 de
1049 3055 1198 3094 more
1250 3040 1460 3111 ingredi
1521 3041 1714 3104 vellet,
1771 3041 1988 3095 obviam

2096 3050 2172 3111 είς
2197 3047 2288 3100 τὸν
2324 3046 2463 3100 θεῖον
2497 3045 2757 3098 είσελθείν
2791 3045 3124 3116 βουληθέντα
3152 3046 3310 3109 νεὼν,
3357 3046 3686 3117 ὑπαντήσας

412 3132 718 3201 procedens
759 3141 912 3186 extra
952 3133 1322 3195 vestibulum,
1365 3133 1543 3187 sacris
1590 3133 1742 3186 illum
1782 3134 1989 3186 limini-

413 3225 517 3279 bus
545 3223 735 3294 pedem
771 3223 973 3279 infcrre
1005 3225 1098 3278 tali
1135 3227 1389 3278 oratione
1419 3225 1591 3278 vetuit
1625 3239 1636 3274 :
1678 3243 1695 3274 ι
1732 3223 1992 3293 Ignorare

413 3315 619 3368 videris
639 3355 652 3376 ,
684 3329 716 3368 ο
741 3314 1060 3384 imperator,
1091 3327 1315 3385 patrata;
1337 3331 1367 3369 ιι
1401 3326 1451 3370 ιε
1481 3315 1648 3370 caedis
1676 3325 1884 3384 quanta
1921 3314 1992 3369 sit

415 3405 775 3478 magnitudo,
818 3422 996 3476 neque
1041 3407 1222 3462 adhuc
1260 3419 1386 3478 post
1425 3407 1670 3461 sedatam
1714 3405 1848 3458 iram
1895 3405 1993 3458 ad-

415 3499 648 3553 missum
709 3497 928 3554 facinus
979 3500 1122 3552 ratio
1180 3498 1439 3568 p’ervidit.
1492 3494 1609 3549 Non
1665 3495 1798 3551 sinit
1846 3496 1991 3550 enim

415 3588 652 3645 fortasse
676 3591 1031 3660 imperatoria
1052 3597 1298 3658 potestas
1322 3595 1606 3658 peccatum
1629 3601 1990 3657 cognoscere,

419 3683 730 3750 rationique
761 3680 1288 3736 tenebrasolfundit
1319 3681 1682 3750 principatus.
1717 3683 1783 3732 At
1809 3689 1991 3736 tamen

418 3783 673 3826 naturam
709 3781 760 3825 te
805 3786 970 3826 nosse
1003 3787 1101 3840 par
1138 3782 1260 3837 est,
1296 3787 1462 3842 quant
1499 3772 1712 3841 fragilis
1747 3781 1800 3827 et
1848 3773 1993 3828 fluxa

419 3865 521 3928 sit,
559 3863 874 3932 avitumque
906 3865 1184 3933 pulverem
1209 3880 1276 3918 ex
1310 3879 1420 3933 quo
1448 3865 1552 3918 orti
1587 3879 1778 3919 sumus
1799 3907 1813 3930 ,
1853 3874 1906 3918 et
1939 3867 1992 3918 in

418 3973 582 4027 quem
611 3962 629 3980 ‘
666 3956 1014 4011 dilabimur:
1071 3972 1172 4012 nec
1230 3973 1486 4027 purpura:
1532 3957 1745 4028 fulgore
1795 3958 1994 4028 decep-

417 4057 556 4107 tum,
581 4047 831 4116 corporis
859 4047 1006 4117 quod
1029 4047 1120 4100 illa
1146 4049 1347 4116 tegitur
1376 4048 1810 4102 imbecillitatem
1838 4049 1994 4118 igno-

417 4153 565 4191 rare.
604 4137 811 4192 Natura
839 4137 1156 4206 conjunctis
1191 4139 1448 4208 princeps
1497 4140 1738 4208 imperas
1763 4180 1776 4202 ,
1831 4149 1996 4209 atque

419 4227 557 4281 adeo
583 4228 892 4282 conservis.
922 4226 1075 4281 Unus
1106 4229 1253 4282 enim
1286 4242 1538 4282 omnium
1575 4229 1691 4282 Rex
1720 4238 1784 4283 et
1807 4227 1994 4283 Domi-

420 4335 526 4374 nus
549 4358 562 4378 ς
593 4318 863 4373 Conditor
896 4319 1303 4373 universormn.
1351 4317 1568 4384 Quibus
1605 4319 1772 4390 igitur
1815 4319 1994 4374 oculis

419 4412 730 4466 communis
755 4410 968 4465 Domini
990 4411 1255 4480 templum
1289 4411 1566 4481 aspicies?
1601 4386 1806 4480 quibus
1840 4410 1990 4480 pedi-
2027 4386 2072 4441 θ

419 4503 525 4558 bus
553 4517 770 4557 sacrum
805 4503 940 4557 illud
971 4503 1150 4557 solum
1185 4503 1426 4557 calcabis
1448 4503 1470 4557 ?
1492 4503 1772 4572 quomodo
1800 4517 1996 4558 manus

420 4578 686 4650 extendes
721 4594 940 4664 injustze
970 4595 1135 4650 caedis
1171 4596 1437 4666 sanguine
1468 4596 1648 4650 adhuc
1687 4596 2000 4652 stillantes?

414 4685 696 4756 quomodo
750 4685 958 4758 1047
1018 4687 1334 4754 lrujusmodi
1389 4688 1648 4742 manibus
1699 4703 1997 4743 sacrosan-

421 4787 570 4833 ctum
608 4777 818 4831 Domini
849 4779 1052 4847 corpus
1079 4779 1355 4849 accipies?
1381 4779 1658 4849 quamodo
1693 4781 1994 4850 pretiosum

419 4871 504 4924 ori
540 4870 861 4942 sanguinem
899 4869 1256 4934 admovebis,
1295 4872 1387 4941 qui
1434 4869 1620 4926 furore
1666 4881 1828 4927 actus
1875 4882 1996 4926 tan—

419 4971 536 5016 tum
571 4962 858 5032 sanguinis
890 4961 1102 5016 nefarie
1141 4963 1478 5032 prot‘o-disti?
1535 4963 1748 5019 Recede
1800 4966 1992 5035 igitur,

423 5062 476 5108 et
517 5069 652 5108 cave
682 5055 836 5123 prius
867 5053 1080 5108 crimen
1129 5057 1303 5108 altero
1328 5057 1561 5110 crimine
1593 5072 1794 5126 augere
1827 5073 1996 5111 cone-

426 5147 502 5202 ris
556 5167 569 5200 :
619 5146 718 5202 sed
758 5147 1038 5201 vinculum
1091 5147 1356 5213 admitte,
1392 5165 1501 5220 quo
1550 5158 1602 5204 te
1657 5152 1810 5222 ligari
1857 5150 1999 5206 Deus

415 5240 666 5293 manium
701 5238 968 5294 Dominus
1019 5255 1241 5298 sursum
1293 5243 1514 5312 probat.
1561 5243 1887 5299 Medicinam
1947 5243 1999 5298 id

2092 3139 2199 3205 ἔξω
2226 3138 2335 3190 τῶν
2365 3137 2676 3208 προούρων,
2725 3138 2980 3208 ἐπιϐῆναι
3003 3137 3111 3191 τῶν
3137 3139 3296 3211 ιερῶν
3325 3139 3686 3210 προπυλαίων

2090 3231 2270 3284 τοιάδε
2317 3230 2490 3297 λέγων
2537 3228 2838 3282 ἐκώλυσεν·
2893 3250 2910 3281 ι
2950 3230 3063 3283 Οὐκ
3104 3225 3282 3295 οἶσθα,
3333 3230 3410 3294 ὡς
3439 3231 3615 3293 ἔοικε,
3643 3224 3688 3284 ὦ

2095 3322 2336 3394 βασιλεύ,
2384 3323 2474 3390 τῆς
2525 3323 2898 3392 εἰργασμένης
2957 3323 3275 3392 μιαιφονίας
3316 3323 3378 3376 τὴ
3425 3323 3686 3394 μέγεθος,

2089 3419 2213 3472 οὐδὲ
2245 3418 2383 3488 μετὰ
2408 3418 2507 3489 τὴν
2535 3417 2628 3470 τοῦ
2660 3416 2834 3487 θυμοῦ
2868 3415 3081 3469 παῦλαν
3109 3417 3137 3468 ὀ
3171 3414 3430 3483 λογισμὸς
3463 3417 3690 3483 ἐπέγνω

2091 3510 2154 3563 τὸ
2195 3510 2485 3580 τολμηθὲν.
2521 3509 2634 3562 Οὐκ
2659 3509 2722 3578 ἐᾷ
2754 3508 2862 3578 γὰρ
2902 3507 3030 3569 ἴσως
3063 3506 3160 3576 τῆς
3192 3504 3474 3574 βασιλείας
3523 3509 3559 3576 ἠ
3593 3507 3685 3558 δύ-

2094 3605 2319 3673 ναμις¹⁷
2368 3603 2666 3670 ἐπιγνῶναι
2719 3601 2819 3670 τὴν
2861 3601 3160 3671 ἁμαρτίαν,
3205 3597 3319 3651 ἀλλ’
3353 3599 3690 3667 ἐπιπροσθεῖ

2072 3699 2127 3766 ,ἡ
2161 3694 2377 3760 ἐξουσία
2403 3694 2479 3766 τῷ
2509 3693 2773 3764 λογισμῷ.
2811 3692 2932 3764 Χρὴ
2983 3692 3164 3762 μέντοι
3211 3691 3406 3745 εἰδέναι
3429 3692 3528 3760 τὴν
3583 3691 3687 3760 φύς

2097 3805 2202 3850 σιν,
2233 3787 2328 3839 καὶ
2371 3786 2432 3839 τὸ
2473 3785 2676 3856 ταύτης
2712 3785 2906 3854 θνητόν
2938 3801 2995 3836 τε
3025 3785 3122 3836 καὶ
3151 3783 3425 3855 διαρρέον,
3458 3783 3555 3835 καὶ
3591 3784 3685 3834 τὸν

2095 3881 2359 3950 πρόγονον
2392 3879 2520 3948 χοῦν
2565 3879 2621 3943 ἐξ
2650 3873 2710 3932 οὗ
2756 3877 3082 3946 γεγόναμεν,
3141 3877 3232 3928 καὶ
3287 3876 3368 3938 εἰς
3414 3875 3473 3927 ὃν
3501 3875 3684 3946 ἀντορ-

2096 3966 2313 4036 ρέομεν,
2347 3965 2440 4018 καὶ
2484 3966 2559 4036 μὴ
2588 3965 2667 4034 τῷ
2697 3965 2847 4020 ἄνθει
2881 3965 2980 4035 τῆς
3027 3963 3342 4035 ἀλουργῖδος
3375 3963 3682 4017 ἀποϐουκοο

2097 4057 2356 4126 λούμενον
2386 4057 2447 4121 ¹⁸,
2482 4057 2695 4125 ἀγνοεῖν
2721 4056 2814 4109 τοῦ
2857 4055 3269 4126 καλυπτομένου
3297 4053 3549 4124 σώματος⁹
3581 4055 3682 4123 τὴν

2091 4148 2400 4203 ἀσθένειαν.
2440 4147 2727 4218 Ὀμοερυῶν
2757 4148 2966 4219 ἄρχεις,
2997 4141 3044 4200 ὦ
3077 4146 3317 4216 βασιλεῦ,
3345 4149 3440 4199 καὶ
3480 4146 3582 4214 μὲν
3612 4145 3678 4216 δὴ

2095 4241 2187 4292 καὶ
2219 4239 2522 4310 ὁμοδούλων
2547 4254 2560 4267 '
2607 4235 2687 4300 εἷς
2717 4240 2826 4310 γὰρ
2870 4240 3123 4294 ἁπάντων
3172 4240 3449 4308 Δεσπότης
3498 4240 3596 4291 καὶ
3650 4238 3684 4289 ὁ

2098 4331 2380 4394 Βασιλεὺς,
2416 4331 2574 4383 ὁτῶν
2602 4329 2738 4382 ὅλων
2772 4329 3136 4400 Δημιουργός.
3171 4330 3353 4392 Ποίοις
3395 4328 3574 4380 τοίνυν
3623 4326 3684 4378 ό-

2100 4422 2368 4493 φθαλμοῖς
2401 4421 2521 4491 ὕψει
2553 4422 2644 4474 τὸν
2677 4421 2769 4473 τοῦ
2810 4421 2987 4474 κοινοῦ
3021 4420 3290 4474 Δεσπὸτου
3311 4419 3477 4483 vet-3v;
3502 4419 3683 4480 ποίοις

2093 4514 2150 4568 δέ
2181 4515 2307 4568 ποσὶ
2328 4516 2389 4568 τὸ
2408 4514 2634 4568 δάπεδον
2658 4516 2831 4567 ἐκεῖνο
2864 4517 3128 4583 πατήσεις
3156 4513 3216 4566 τὸ
3249 4515 3404 4581 ἆγιον
3429 4529 3443 4576 ;
3479 4512 3598 4572 πῶς
3619 4513 3686 4564 δὲ

2094 4607 2192 4670 τὰς
2239 4611 2428 4678 χεῖρας
2484 4609 2720 4670 ἐκτενεῖς
2765 4606 3183 4670 ἀποσταζούσας
3224 4605 3303 4658 ἔτι
3354 4605 3447 4657 τοῦ
3485 4604 3684 4656 ἀδίκου

2097 4699 2260 4767 φόνου
2287 4699 2348 4751 τὸ
2392 4693 2564 4769 aiunt;
2591 4699 2709 4762 πῶς
2734 4699 2789 4752 δέ
2822 4698 3102 4761 τοιαύταις
3129 4698 3365 4769 ὑποδέξῃ
3393 4697 3552 4768 χερσὶ
3583 4697 3686 4748 τοῦ

2097 4790 2480 4842 Δεσπὸτου-τὸ
2512 4791 2779 4858 πανάγιον
2831 4791 3020 4857 σῶμα;
3071 4791 3188 4854 πῶς
3227 4790 3283 4842 δέ
3321 4790 3398 4860 τῷ
3448 4790 3689 4859 στόματι

2099 4882 2410 4952 προσοίσεις
2442 4881 2501 4934 τὸ
2525 4875 2663 4951 αἷμα
2693 4882 2753 4934 το
2793 4883 2992 4950 τίμιον,
3022 4881 3275 4934 τοσοῦτον
3311 4880 3400 4934 διὰ
3443 4880 3540 4934 τὸν
3589 4881 3691 4934 τοῦ

2099 4973 2272 5042 θυμοῦ
2293 4973 2450 5040 λόγον
2475 4974 2669 5043 ἐκχέας
2693 4974 3025 5044 παρανόμως
3055 4968 3228 5042 αἴρας
3257 4959 3449 5024 ίἈπιθι
3474 4974 3689 5036 τοίνυν,

2099 5065 2194 5117 καὶ
2235 5065 2308 5134 μὴ
2356 5065 2530 5135 πειρῶ
2571 5068 2684 5128 τοῖς
2732 5067 3003 5134 δευτέροις
3045 5067 3144 5137 τὴν
3181 5065 3458 5137 προτέραν
3497 5064 3692 5128 αὔξειν

2103 5157 2471 5227 παρανομίαν,
2513 5159 2605 5211 καὶ
2634 5158 2789 5227 δέχου
2833 5160 2922 5210 τὸν
2969 5158 3167 5227 δεσμὸν
3199 5151 3244 5226 ᾧ
3268 5158 3455 5221 ὁθεδς
3501 5159 3532 5211 ὀ
3579 5160 3694 5209 τῶν

2101 5251 2239 5304 ὃλων
2260 5253 2538 5321 Δεσπότης
2585 5251 2788 5306 ἄνωθεν
2817 5251 3029 5318 γίνεται
3060 5251 3367 5322 σύμψηφος.
3423 5248 3696 5318 Ἰατρικὸς

1743 5405 1978 5460 VARUS
2017 5406 2402 5463 LECTIONES

440 5531 446 5534 -
497 5494 538 5570 ‘_‘
564 5499 947 5568 γεγενημένων
993 5499 1202 5554 addunt
1233 5508 1442 5555 etetera‘.
1492 5499 1651 5554 editt.
1691 5499 1761 5554 Ea
1792 5517 1913 5570 qua:
1959 5512 2268 5570 sequuntur

2311 5523 2323 5556 :
2367 5504 2460 5556 καὶ
2504 5503 2650 5573 περί,
2685 5509 2793 5555 etc.
2844 5520 2985 5573 novo
3041 5503 3207 5573 capiti
3251 5504 3414 5573 paulo
3452 5503 3695 5558 inferius

417 5564 679 5643 inchoato
712 5563 1365 5643 ascriptafeperiutttur.
1425 5571 1466 5602 ιθ
1502 5571 1609 5623 τῶν
1638 5573 1783 5627 addit
1810 5563 1981 5626 Bas-il.
2024 5563 2118 5628 Gr.
2158 5575 2196 5605 ¹⁷
2233 5576 2264 5643 ὴ
2297 5563 2601 5638 δυναστεία,
2641 5573 2803 5627 Basil.
2853 5572 2970 5640 Gr.,
3023 5563 3326 5643 Nic'cplt."l.
3358 5593 3406 5628 c.
3465 5575 3510 5605 "
3555 5576 3697 5629 ἁπο-

425 5635 710 5704 ὕουκολὸμ.
752 5635 914 5691 Basil.
947 5638 1041 5691 Gr.
