3974 6212
494 338 632 405 1235
1443 337 1932 400 THEODORETI
1957 338 2293 401 EPISCOPI
2325 342 2686 405 CYRENSIS
3566 351 3679 418 1236

499 455 715 528 1059
742 455 1068 526 appellabat,
1099 455 1228 511 etin
1254 455 1421 512 Deum
1469 457 1652 512 furere
1697 458 2064 512 Theodosium

2104 459 2141 512 Δ
2170 459 2339 530 στικῷ
2379 456 2532 526 οὗτος
2576 464 2710 533 οἴκῳ
2751 462 3010 533 καθῆστο,
3063 465 3305 536 ἐλιπάρει
3352 466 3551 538 λυθῆναι
3588 475 3673 527 τῶν

495 548 698 610 aiebat,
727 547 958 617 ejusque
984 548 1130 618 leges
1176 548 1524 604 conculcare.
1581 547 1681 603 Cui
1727 549 2060 618 imperator:

2167 550 2401 623 δεσμῶν.
2459 551 2521 607 '0
2575 554 2635 608 δέ
2689 555 3015 632 τυραννικὴν
3040 555 3222 610 ἐκάλει
3264 557 3358 628 τὴν
3402 565 3673 632 παρουσίαν,

500 656 521 691 ι
561 637 800 703 Minime,
835 639 934 702 ait,
959 647 1149 694 contra
1181 640 1327 710 leges
1361 640 1502 695 latas
1543 639 1675 693 mibi
1717 655 1933 710 arrogo,
1966 654 2066 693 nec

2168 644 2263 696 καὶ
2345 644 2485 698 κατά
2570 645 2663 698 τοῦ
2722 643 2857 698 Θεοῦ
2923 621 3240 717 κμεμηνέναι
3307 650 3393 703 τὸν
3445 652 3677 712 Θεοδόσιον

495 745 654 786 sacra
697 731 964 786 vestibula
1027 747 1123 803 per
1154 732 1311 788 nefas
1369 732 1579 802 ingredi
1640 733 1845 800 cupio:
1880 733 1974 786 sed
2008 740 2064 813 ut

2166 732 2319 801 ἔλεγε
2345 773 2358 796 ,
2403 735 2497 788 καὶ
2527 736 2664 800 τοὺς·
2682 736 2891 790 ἐκείνου
2921 737 3115 808 νόμους
3143 741 3348 793 πατεῖν.
3397 741 3450 794 '0
3477 743 3527 796 δέ
3557 745 3679 813 βασι-

493 821 714 876 vincula
741 837 860 876 mea
893 823 1078 878 solvas
1109 839 1228 888 oro,
1264 823 1688 891 communisque
1711 821 1922 876 Domini
1958 809 2062 877 cle-

2165 823 2324 887 λεὺς’
2372 841 2390 874 ι
2429 824 2502 877 Ού
2544 823 2904 895 Θρασύνομαι,
2937 824 3063 895 ἔφη,
3117 827 3260 880 κατὰ
3300 827 3401 880 τῶν
3456 809 3679 900 κειμένων

494 913 713 967 mentia:
760 913 1090 975 recorderis.
1152 929 1254 967 nec
1291 913 1420 967 mihi
1476 911 1740 966 occludas
1793 912 2017 980 januam
2047 950 2063 976 ,

2167 916 2365 985 νόμων,
2399 917 2520 970 οὐδὲ
2553 917 2889 988 παρανόμως
2922 919 3176 988 ἐπιϐῆναι
3204 920 3310 972 τῶν
3345 921 3494 990 ἱερῶν
3521 924 3684 994 προθύ-

495 1017 659 1072 qttam
714 1003 975 1059 Dominus
1028 1005 1406 1072 pwnitentiam
1475 1005 1764 1073 agentibus
1809 1004 2064 1058 omnibus

2169 1022 2278 1075 ρων
2309 1004 2530 1074 ἐφίεμαι
2556 1022 2570 1036 ⁸
2602 1006 2738 1059 ἀλλά
2766 1024 2822 1059 σε
2855 1004 3013 1059 λῦσαί
3047 1025 3136 1076 μοι
3158 1010 3202 1039 ¹⁹
3235 1005 3321 1060 τδν
3349 1009 3528 1078 δεσμὸν
3553 1012 3681 1075 ἀξιῶ,

495 1093 775 1164 patefecit.
831 1114 849 1143 ι
904 1095 969 1148 Ει
1013 1096 1299 1164 pontifex:
1338 1115 1354 1144 σ
1380 1095 1688 1160 Quamnam
1720 1102 1798 1159 tu,
1852 1095 2063 1163 inquit,

2167 1098 2260 1149 καὶ
2309 1098 2408 1166 τὴν
2455 1097 2549 1150 τοῦ
2594 1096 2773 1151 κοινοῦ
2815 1099 3082 1150 Δεσπότου
3125 1097 3276 1170 [222]
3328 1100 3681 1171 φιλανθρωπίαν

494 1185 878 1255 paenitentiam
911 1177 1033 1254 post
1061 1195 1168 1240 tam
1207 1186 1454 1254 iniquum
1489 1185 1700 1238 facinus
1735 1183 2063 1238 ostendisti?

2165 1185 2503 1254 λογίσασθαι,
2549 1189 2642 1241 καὶ
2677 1188 2750 1259 μὴ
2777 1189 2985 1241 κλεῖσαέ
3021 1206 3110 1258 μοι
3147 1190 3330 1260 θύραν,
3366 1192 3426 1257 ἣν
3451 1194 3569 1244 πᾶσι
3592 1197 3682 1256 τοῖς

494 1292 591 1336 aut
613 1297 735 1351 qua:
765 1281 1160 1336 medicamenta
1218 1280 1561 1350 gravissimis
1615 1280 1936 1334 vulneribus
1975 1293 2063 1332 sa-

2169 1278 2499 1348 μεταμελείᾳ.
2549 1279 2899 1349 χρωμένοιςό
2941 1280 3217 1348 Δεσπότης
3258 1281 3526 1352 ἀνέῳξεν.»
3566 1284 3614 1335 ’0
3639 1281 3682 1338 δὲ

495 1374 696 1428 nandis
718 1373 1015 1427 adhibuisti
1043 1372 1067 1424 ?
1100 1393 1118 1425 ι
1154 1371 1330 1426 Tuum
1355 1379 1460 1435 est,
1493 1372 1569 1425 ait
1606 1372 1924 1440 imperator,
1962 1386 2064 1425 me-

2165 1367 2644 1440 ἀρχιερεὺςίέφηο
2689 1387 2708 1420 ι
2757 1370 2924 1423 Ποίαν
2970 1367 3062 1424 οὖν
3116 1373 3469 1441 μεταμέλειαν
3514 1373 3685 1438 ἔδειξας

498 1462 808 1517 dicamenta
839 1463 1130 1518 ostendere
1155 1471 1207 1516 et
1233 1471 1558 1530 temperare,
1580 1477 1761 1517 meum
1791 1476 1921 1515 vero
1943 1475 2066 1530 qua:

2169 1459 2304 1528 μετὰ
2335 1458 2604 1528 τοσαύτην
2633 1462 3012 1532 παρανομίαν;
3047 1462 3221 1526 ποίοις
3245 1463 3299 1516 δὲ
3323 1464 3604 1533 φαρμάκοις
3631 1467 3684 1518 τὰ

495 1552 904 1607 adhibebuntur
936 1555 1208 1624 accipere.
1237 1574 1258 1606 ι
1280 1555 1416 1607 Τιιιιι
1448 1554 1668 1609 divinus
1699 1552 2061 1609 Ambrosius:

2163 1549 2390 1602 δυσίατα
2430 1549 2809 1620 ἐθεράπευσας
2848 1551 3176 1622 τραύματας
3220 1572 3237 1604 ι
3280 1554 3336 1606 '0
3363 1556 3416 1606 δέ
3447 1554 3681 1623 βασιλεύς·

500 1663 518 1694 ι
558 1643 825 1710 Quoniam
849 1654 932 1709 tu,
967 1645 1169 1715 inquit,
1197 1646 1465 1712 judicium
1506 1645 1806 1700 iracundia:
1840 1645 2067 1714 permit-

2171 1657 2188 1691 ι
2213 1640 2312 1692 Σὺν
2354 1640 2532 1711 ἔργον,
2571 1642 2724 1711 φησὶ,
2750 1642 2810 1694 τὸ
2837 1644 2930 1696 καὶ
2971 1643 3142 1707 δεῖξαι
3164 1644 3210 1675 “
3260 1645 3352 1698 καὶ
3402 1646 3606 1715 κεράσαι
3629 1646 3681 1698 τὰ

493 1735 589 1797 tis,
638 1742 693 1790 et
727 1750 838 1788 non
876 1735 1042 1802 ratio,
1103 1735 1199 1791 sed
1249 1735 1403 1789 t‘uror
1451 1734 1660 1805 profert
1709 1735 2060 1800 sententiam,

2111 1800 2129 1805 _
2168 1728 2434 1800 φάρμακα
2459 1729 2502 1760 ³⁸
2524 1745 2538 1758 ·
2565 1730 2697 1799 ἐμὸν
2711 1730 2768 1783 δέ
2783 1731 2844 1783 τὸ
2876 1731 3133 1797 δέξασθαι
3154 1732 3219 1786 τὰ
3250 1736 3680 1804 προσφερόμενα.»

494 1825 676 1882 scribe
734 1825 930 1898 legem,
979 1799 1103 1896 quae
1160 1799 1469 1880 iracundiae
1507 1826 1811 1880 sententias
1877 1799 2062 1880 irritas

2112 1800 2137 1854 Β
2167 1799 2300 1874 Τότε
2337 1823 2366 1874 6
2409 1821 2550 1885 Θεῖος
2591 1821 2916 1892 ’Δμϐρόσιος
2939 1839 2953 1852 ο
2984 1841 3002 1872 ι
3041 1822 3262 1893 Ἐπειδὴ
3293 1799 3373 1892 τῷ
3402 1799 3681 1894 debitam,

493 1913 686 1970 reddat
722 1922 776 1970 et
827 1915 1021 1970 inanes
1067 1933 1084 1970 :
1122 1915 1425 1984 diebusque
1469 1916 1693 1984 triginta
1746 1916 2062 1986 perscriptae

2163 1913 2224 1965 τὸ
2259 1909 2499 1976 δικάζειν
2528 1913 2863 1982 ἐπιτρέπεις,
2888 1913 2984 1966 καὶ
3012 1914 3115 1982 οὐχ
3144 1914 3172 1965 6
3192 1913 3443 1984 λογισμὸς
3469 1916 3558 1985 τὴν
3578 1916 3687 1982 γνῶ·

495 2009 753 2056 maucant
786 2001 854 2057 de
879 2002 1026 2058 caede
1057 2004 1138 2058 vel
1179 2003 1554 2073 publicatione
1591 2005 1712 2058 lata:
1753 2006 2060 2069 sententiae,

2167 2021 2270 2066 σιν,
2303 2003 2416 2057 ἀλλ’
2437 2005 2466 2056 6
2503 2003 2673 2073 θυμὸς
2701 2004 2946 2074 ἐκφέρει,
2990 2005 3206 2074 γράψον
3239 2006 3398 2072 νόμον
3436 2005 3521 2057 τοῦ
3549 2002 3686 2073 θυμοῦ

493 2093 726 2148 rationis
747 2093 1020 2162 judicium
1047 2102 1446 2164 exspectantes.
1469 2093 1668 2150 Diebus
1685 2103 1864 2150 autem
1890 2103 2062 2150 trans-

2163 2095 2261 2157 τὰς
2286 2095 2497 2164 ψήφους
2522 2094 2696 2164 ἀργὰς
2727 2095 2981 2148 ποιοῦντα
3019 2097 3118 2149 καὶ
3154 2098 3424 2168 περιττὰς.
3456 2097 3540 2148 καὶ
3566 2095 3686 2163 τριά-

495 2185 655 2249 actis,
682 2185 774 2255 qui
813 2184 1058 2254 iudicata
1100 2185 1373 2254 scripsere
1424 2185 1690 2256 imperata
1749 2185 2061 2249 exhibeant,

2165 2201 2328 2238 κοντα
2358 2185 2571 2256 ἡμέρας
2600 2186 3000 2254 αίιφονευτικαὶ
3033 2187 3076 2217 ³¹
3109 2187 3200 2240 καὶ
3220 2187 3281 2256 δη
3292 2186 3533 2255 μευτικαὶ
3554 2186 3681 2255 μενέ-

495 2289 562 2330 ac
593 2283 710 2330 tum
751 2277 830 2330 ira
863 2275 1049 2331 sedata
1081 2277 1100 2298 ⁶
1128 2277 1270 2331 ratio
1309 2277 1454 2347 apud
1491 2292 1551 2333 se
1601 2276 1919 2346 dijudicans
1965 2293 2061 2333 ex.

2164 2290 2344 2329 τωσαν
2393 2272 2624 2341 γνώσεις
2666 2274 3152 2344 ἐγγεγραμμέναι,
3206 2274 3301 2345 τὴν
3333 2274 3422 2326 τοῦ
3467 2271 3681 2342 λογισμοῦ

491 2369 693 2439 pendet
720 2384 842 2440 qua:
861 2369 1081 2425 decreta
1106 2376 1257 2436 sunt,
1281 2369 1668 2440 dispicietque,
1687 2369 1910 2439 justane
1931 2370 2060 2435 sint,

2166 2363 2594 2434 προσδεχόμεναι
2648 2364 2851 2434 κρίσιν.
2899 2364 3324 2419 Διελθουσῶιδέ
3344 2364 3446 2417 τῶν
3485 2363 3678 2435 ἡμερῶν,

495 2473 562 2515 an
604 2460 808 2530 injusta
835 2479 849 2517 :
879 2469 933 2516 et
959 2461 1011 2516 si
1046 2461 1266 2532 quidem
1316 2461 1518 2531 injusta
1551 2477 1676 2516 esse
1715 2461 2062 2531 compererit,

2163 2457 2213 2508 oi
2255 2455 2323 2508 τὰ
2386 2454 2707 2526 ἐγνωσμένα
2769 2456 3119 2525 γεγραφότες
3175 2457 3242 2510 τὰ
3296 2455 3681 2528 προστεταγμένα

494 2537 697 2621 scripta
729 2550 922 2621 utique
943 2550 1308 2616 conscindet;
1342 2551 1428 2606 sin
1465 2565 1595 2604 vero
1631 2550 1802 2620 justa,
1862 2549 2063 2604 confir-

2165 2545 2530 2599 δεικνύτωσαν
2555 2562 2570 2576 ο
2611 2545 2706 2598 καὶ
2739 2545 3063 2613 τηνικαῦτα,
3121 2545 3214 2599 τοῦ
3257 2545 3420 2614 Θυμοῦ
3453 2541 3681 2612 πεπαυμέ-

493 2639 686 2703 mabit,
717 2648 974 2708 recteque
1029 2638 1295 2708 judicatis
1340 2638 1553 2692 dierum
1595 2654 1858 2693 numerus
1897 2639 2062 2693 baud-

2164 2653 2278 2698 νου,
2335 2636 2459 2688 καθ’
2508 2635 2700 2688 ἑαυτὸν
2743 2635 3028 2698 δικάζωνό
3060 2636 3344 2708 λογισμός,
3406 2633 3679 2700 ἐξετάσειτὰ

491 2746 764 2801 quaquam
797 2730 1014 2785 officiet.
1061 2749 1077 2782 ο
1115 2729 1421 2784 Consilium
1447 2727 1550 2782 boc
1588 2730 1921 2798 amplectens
1962 2729 2060 2784 im-

2165 2727 2506 2796 ἐγνωσμένα,
2543 2727 2637 2779 καὶ
2665 2726 2853 2794 δψεται
2887 2727 2995 2779 εἴτε
3037 2727 3225 2793 ἄδικα,
3266 2728 3370 2780 εἴτε
3406 2726 3564 2779 δίκαια
3587 2723 3677 2791 εἴη·

493 2829 732 2893 perator,
764 2820 1024 2890 factuque
1056 2820 1324 2891 optimum
1357 2819 1706 2884 existimans,
1745 2819 1916 2889 legem
1948 2827 2062 2873 sta-

2167 2821 2261 2874 καὶ
2296 2821 2343 2872 εί
2383 2820 2481 2891 μὲν
2532 2819 2670 2892 εὕρῃ
2710 2819 2889 2879 ἄδικα,
2924 2819 3080 2890 δῆλον
3119 2821 3202 2874 ὅτι
3231 2819 3492 2890 διαρῤήξει
3532 2816 3588 2872 τὰ
3611 2832 3677 2882 γε·

492 2914 589 2966 tim
633 2911 906 2966 conscribi
942 2910 1132 2981 jussit,
1187 2917 1241 2964 et
1278 2923 1478 2963 manus
1523 2924 1635 2963 suze
1671 2907 1883 2978 1050
1931 2909 2061 2964 sub-

2165 2911 2461 2983 γραμμένα
2489 2927 2505 2943 ο
2543 2913 2590 2962 εί
2625 2910 2682 2962 δέ
2715 2926 2780 2978 γε
2830 2909 3044 2975 δίκαια,
3084 2909 3392 2979 βεϐαιώσει,
3433 2909 3560 2962 καὶὸ
3598 2904 3678 2956 τῶν

492 3002 788 3071 scriptione
826 3000 1087 3054 (irritavit.
1123 2997 1242 3066 Quo
1279 2998 1446 3064 facto,
1479 2998 1698 3054 divinus
1738 3001 2061 3055 Ambrosius

2166 3003 2388 3076 ἡμερῶν
2419 3001 2649 3073 ἀριθμὸς
2679 3002 2740 3054 ού
2760 3001 3078 3070 λυμανεῖται
3112 3005 3228 3064 τοῖς
3257 2999 3426 3072 ὀρθῶς
3451 2995 3673 3066 ἐγνωσμέ-

492 3093 771 3147 vinculum
836 3091 1090 3147 exsolvit.
1152 3090 1229 3145 Ita
1283 3091 1502 3146 demum
1545 3093 1752 3147 intrare
1809 3093 2061 3163 templqu

2092 3120 2134 3177 ο
2167 3113 2296 3158 νοις.
2323 3113 2342 3147 ι
2382 3093 2598 3162 Ταύτην
2627 3094 2655 3145 6
2687 3092 2940 3162 βασιλεὺς
2972 3091 3272 3161 δεξάμενος
3312 3092 3405 3160 τὴν
3432 3090 3661 3177 εἰσήγησιν

496 3200 664 3244 ausus
697 3183 1047 3238 fidelissimus
1082 3184 1405 3254 imperator,
1434 3199 1541 3238 non
1572 3193 1746 3250 stans,
1786 3199 1887 3240 nec
1916 3185 2060 3254 geni-

2107 3176 2114 3177 ί
2168 3191 2262 3243 καὶ
2289 3190 2485 3260 ἄριστα
2513 3186 2657 3256 ἔχειν
2700 3183 3007 3250 ὑπολαϐὼν,
3037 3184 3209 3260 εὐθὺς
3248 3181 3505 3256 γραφῆναί
3524 3197 3571 3232 τε
3610 3176 3674 3229 τὸν

493 3271 599 3324 bus
629 3269 785 3325 ﬂexis
815 3271 980 3324 Deum
1017 3269 1274 3342 precatus
1327 3282 1431 3339 est,
1489 3273 1583 3328 sed
1633 3289 1842 3344 pronus
1904 3274 2054 3328 humi

2162 3281 2324 3350 νόμον
2375 3278 2662 3340 ἐκέλευσε,
2715 3277 2808 3328 καὶ
2851 3278 2963 3338 τοῖς
3020 3277 3125 3345 τῆς
3171 3277 3368 3337 οίκείας
3399 3271 3552 3344 χειρὸς
3583 3267 3675 3319 t6:—

493 3369 702 3416 stratus
731 3362 782 3416 in
809 3361 1125 3418 Davidicam
1157 3379 1347 3419 vocem
1375 3364 1556 3432 erupit
1592 3381 1605 3418 :
1640 3365 1666 3416 ι’
1691 3363 1929 3417 Adhaesit
1963 3378 2061 3431 pa-

2172 3372 2376 3425 ϐαίωσε
2412 3368 2723 3440 γράμμασι.
2753 3365 2955 3418 Τούτου
2987 3365 3042 3418 δέ
3071 3366 3362 3436 γενομένου
3382 3403 3395 3427 ,
3420 3356 3675 3415 διέλυσετδν

491 3454 736 3507 vimento
761 3452 942 3506 anima
967 3471 1108 3516 mea,
1139 3456 1353 3509 vivilica
1394 3470 1480 3508 me
1503 3454 1807 3509 secundum
1835 3454 2059 3508 verbum

2174 3463 2372 3532 δεσμὸν
2396 3464 2424 3514 6
2445 3461 2588 3522 θεῖος
2631 3457 2972 3527 ’Λμϐρόσιος.
3007 3456 3200 3520 Οὕτως
3233 3459 3259 3510 6
3289 3455 3576 3512 πιστότατος
3605 3447 3675 3515 βα-

492 3549 645 3596 tuum
675 3542 721 3597 l.
754 3561 772 3594 ι
805 3541 870 3595 Et
903 3544 1158 3598 manibus
1189 3543 1448 3612 capillum
1476 3543 1704 3601 vellens,
1728 3552 1782 3597 et
1823 3541 2058 3595 frontem

2166 3554 2346 3616 σιλεὺς
2375 3552 2507 3605 εἵσω
2544 3549 2799 3620 γενέσθαι
2841 3547 3127 3620 Θαρρήσας
3167 3548 3260 3601 τοῦ
3291 3546 3430 3600 Θείου
3465 3541 3570 3603 νεὼ,
3605 3537 3675 3604 οὐχ

492 3634 829 3701 percutiens,
863 3641 916 3688 et
956 3634 1128 3703 guttis
1171 3633 1539 3703 l‘acrymarum
1584 3632 1958 3700 pavimentum
1995 3631 2061 3684 ri-

2163 3643 2336 3706 ἐστὼς
2359 3643 2448 3696 τὸν
2477 3641 2752 3711 Δεσπότην
2778 3640 3053 3692 ἱκέτευσεν
3075 3639 3146 3704 ⁸³,
3174 3639 3293 3692 οὑδέ
3316 3636 3382 3690 τὰ
3397 3635 3572 3703 γόνατα
3593 3626 3677 3678 ιιλὶ-

491 3732 651 3786 gans,
711 3721 930 3772 veniam
984 3721 1088 3775 sibi
1149 3720 1264 3772 dari
1326 3721 1662 3788 postulabat.
1721 3719 1824 3774 Ubi
1878 3731 2060 3775 autem

2161 3753 2278 3799 νας,
2308 3733 2443 3788 ἀλλὰ
2483 3733 2696 3803 πρηνὴς
2752 3731 2843 3783 ἐπὶ
2887 3728 2984 3783 τοῦ
3047 3730 3288 3783 δαπέδου
3346 3728 3571 3796 κείμενος
3605 3719 3677 3786 τὴν

491 3817 707 3877 tempus
737 3810 982 3874 advenit,
1015 3825 1126 3881 quo
1155 3812 1294 3864 dona
1329 3826 1500 3866 sacra:
1559 3827 1763 3866 mensa:
1815 3813 2060 3878 olTerrct,

2165 3825 2456 3893 Δαυῖτικὴν
2502 3822 2681 3890 ἀφῆκε
2738 3821 2927 3892 φωνήν
2953 3837 2968 3852 ο
3006 3838 3022 3871 ι
3060 3819 3366 3890 Ἐκιολλήθη
3393 3816 3462 3886 τῷ
3491 3806 3679 3878 ἐδάφειὴ

491 3912 726 3966 surgens
757 3899 982 3968 paribus
1032 3914 1154 3953 cum
1209 3901 1467 3971 lacrymis
1504 3903 1881 3956 sanctuarium
1939 3918 2060 3957 con-

2161 3915 2304 3987 ψυχὴ
2341 3931 2463 3985 μου,
2493 3912 2655 3982 ζῆσόν
2695 3929 2760 3982 με
2792 3911 2934 3964 κατὰ
2964 3909 3056 3963 τὸν
3080 3910 3254 3979 λόγον
3280 3928 3389 3964 σου.
3425 3927 3442 3960 ›
3481 3905 3568 3958 Καὶ
3588 3898 3677 3987 ταῖς

492 3989 726 4053 scendit,
755 3989 1024 4058 donisque
1053 3991 1257 4046 oblatis
1283 3992 1431 4048 intus
1457 3992 1523 4046 ad
1551 3994 1829 4049 cancellos
1861 3994 2061 4049 subszi-

2163 3985 2350 4077 χερσὶν
2399 4002 2700 4056 άποτίλλων
2754 4001 2852 4064 τὰς
2896 4000 3108 4071 τρίχας,
3145 4001 3250 4054 καὶ
3285 3999 3344 4052 τὸ
3375 3997 3588 4068 μέτωπον
3614 3985 3679 4039 τύ-

491 4079 580 4144 tit,
637 4087 696 4132 ut
742 4079 976 4134 solebat.
1016 4079 1217 4135 Verum
1254 4081 1342 4136 bic
1401 4097 1595 4137 rursus
1627 4099 1738 4138 non
1795 4085 2060 4139 conticuit

2165 4110 2334 4159 πτων,
2369 4092 2460 4146 καὶ
2490 4092 2608 4155 ταῖς
2657 4091 2766 4143 τῶν
2803 4089 3056 4159 δακρύων
3084 4088 3313 4156 σταγόσι
3357 4083 3585 4146 subiuga";
3604 4089 3676 4126 κατ’

493 4183 725 4238 magnus
756 4169 1103 4234 Ambrosius,
1152 4171 1248 4226 sed
1299 4172 1544 4228 locorum
1574 4174 1897 4232 discrimina
1941 4178 2062 4234 edo-

2164 4183 2492 4256 ταρῤαἰνων,
2546 4181 2878 4251 συγγνώμης
2924 4178 3206 4249 ἠντιϐόλει
3260 4178 3452 4246 τυχεῖν.
3503 4162 3671 4230 Ἐπειδῆ

493 4259 626 4313 cuit.
655 4259 1007 4331 Primumque
1058 4263 1305 4333 nunquid
1348 4265 1506 4319 vellet
1541 4268 1774 4337 rogavit,
1835 4277 1890 4324 et
1937 4285 2061 4325 cum

2164 4275 2218 4329 δέ
2241 4276 2270 4327 6
2302 4275 2490 4347 καιρὸς
2530 4273 2713 4327 ἐκάλει
2749 4274 2814 4342 τῇ
2849 4272 2969 4342 ἱερᾷ
2995 4270 3250 4340 τραπέζῃ
3273 4267 3339 4322 τὰ
3366 4264 3503 4334 δῶρα
3551 4267 3676 4326 προσ·

493 4349 791 4420 imperator
849 4355 1162 4409 divinorqu
1211 4357 1599 4426 mysteriorum
1652 4363 2056 4431 perceptionem

2165 4370 2427 4437 ενεγκεῖν,
2457 4365 2695 4427 ἀναστὰς
2723 4362 2860 4434 μετὰ
2896 4361 3004 4415 τῶν
3030 4362 3159 4414 ἴσων
3185 4358 3432 4430 δακρύων
3459 4352 3554 4406 τῶν
3576 4348 3674 4437 ἁνα-

491 4451 812 4512 exspectare
856 4459 914 4499 se
963 4445 1190 4510 diceret,
1253 4462 1350 4516 per
1404 4448 1641 4518 primunt
1699 4451 2058 4506 diaconorum

2105 4441 2136 4496 ί)
2165 4433 2372 4530 κτόρων
2401 4457 2570 4528 ἐπέϐη
2603 4473 2618 4487 ο
2647 4433 3032 4525 προσενεγκὼν
3061 4451 3140 4514 δὲ,
3171 4451 3362 4518 ὥσπερ
3403 4441 3587 4530 εἰώθει,
3609 4433 3674 4530 Evt

493 4534 609 4589 haec
632 4535 680 4588 ei
705 4535 1070 4606 significavit:
1114 4558 1131 4588 ι
1163 4538 1242 4591 Ad
1273 4540 1389 4593 loca
1419 4539 1709 4605 interiora,
1736 4543 2058 4614 imperator,

2160 4551 2249 4605 δον
2266 4521 2433 4619 ’παρὰ
2475 4521 2573 4608 τὰς
2609 4521 2894 4613 κιγκλίδας
2956 4541 3287 4613 μεμένηκεν.
3337 4535 3487 4591 Ἀλλὰ
3515 4521 3677 4583 πάλινό

493 4627 676 4682 aditus
705 4629 839 4683 solis
883 4628 1263 4684 sacerdotibus
1297 4639 1487 4700 patet:
1536 4635 1748 4689 caeteris
1804 4637 2061 4693 omnibus

2166 4639 2334 4710 μέγας
2371 4635 2688 4706 ’Δμϐρόσιος
2735 4633 2836 4686 οὐκ
2889 4632 3185 4702 ἐσίγησεν,
3233 4629 3345 4683 ἀλλ’
3392 4619 3675 4710 ἐξεπαίδευσξ

493 4718 638 4772 invia
667 4727 795 4773 sunt
824 4729 880 4774 et
909 4722 1112 4774 intacta
1161 4739 1174 4774 :
1243 4723 1473 4790 proinde
1505 4723 1613 4786 exi,
1645 4733 1698 4779 et
1756 4741 1882 4780 cum
1939 4728 2061 4784 aliis

2284 4700 2393 4780 τών
2421 4700 2599 4778 τόπων
2623 4723 2905 4793 διαφοράν.
2943 4700 3055 4776 Καὶ
3095 4720 3308 4791 πρῶτον
3353 4717 3448 4789 μέν
3487 4714 3620 4783 ηρετο
3642 4700 3679 4752 si

493 4811 772 4872 consiste;
807 4810 928 4864 nam
959 4827 1199 4880 purpura
1227 4813 1586 4882 imperatores
1624 4814 1776 4879 facit,
1820 4832 1928 4871 non
1964 4833 2058 4874 sa-

2158 4837 2301 4882 τινος
2333 4817 2504 4872 δέοιτο
2527 4833 2542 4847 ·
2588 4813 2684 4868 τοῦ
2724 4814 2781 4867 δέ
2817 4813 3083 4884 βασιλέως
3114 4811 3413 4884 είρηκότος,
3441 4806 3509 4867 ὡς
3536 4810 3669 4865 πρθ⁵“

493 4901 765 4956 cerdotes.
828 4921 848 4954 ι
921 4902 1094 4967 Quam
1163 4902 1347 4956 itidem
1413 4904 1840 4960 admonitionem
1901 4923 2059 4978 aequo

2163 4913 2310 4984 μένει
2327 4910 2426 4982 τὴν
2448 4908 2556 4961 τῶν
2577 4906 2736 4960 Θεὶων
2757 4905 3072 4976 μυστηρίων
3098 4901 3412 4974 μετάληψιν,
3437 4893 3675 4962 ἐδήλωσεν,

493 4992 679 5046 animo
715 4992 994 5063 accipiens
1028 4992 1376 5048 fidelissimus
1407 4995 1723 5064 imperator,
1755 5000 2059 5056 renuntiari

2157 4999 2419 5071 ὑπουργῷ
2449 4996 2527 5067 τῷ
2575 4995 2683 5048 τῶν
2728 4995 2990 5048 διακόνων
3032 4993 3321 5064 ἡγουμένῳ
3363 4985 3675 5071 χρησάμεγνξι

488 5082 676 5151 jussit,
699 5098 758 5138 se
787 5099 894 5137 non
923 5083 1091 5136 animi
1118 5084 1432 5153 arrogantia
1464 5087 1729 5142 mansisse
1771 5087 1911 5142 intra
1931 5105 2057 5144 can-

2155 5091 2238 5146 ὄτι
2263 5108 2280 5140 ι
2299 5063 2379 5140 Τ
2391 5063 2558 5150 ἐνδον,
2580 5077 2625 5136 ὦ
2651 5082 2892 5152 βασιλεῦ,
2921 5063 3261 5151 μόνοιςέστὶν
3286 5079 3478 5151 ἱερεῦσι
3501 5063 3675 5153 βατὰὛ

494 5174 688 5238 cellos,
714 5173 809 5229 sed
841 5175 966 5245 quia
997 5151 1475 5246 Constantinopoli
1510 5178 1656 5233 hunc
1705 5194 1910 5234 morem
1939 5196 2060 5238 esse

2155 5182 2266 5242 τοῖς
2295 5177 2355 5230 δὲ
2379 5175 2558 5238 ἄλλοις
2588 5151 2814 5239 ἅπασιν,
2841 5171 3014 5226 άῖυτά
3043 5189 3102 5226 τε
3135 5172 3230 5226 καὶ
3269 5171 3538 5239 άψαυστα·
3573 5151 3676 5220 έξ-θι

569 5305 584 5356 i
623 5305 770 5360 Psal.
797 5321 986 5371 cxvm,
1027 5303 1118 5360 25.

1865 5425 2100 5482 VARIE
2133 5422 2536 5482 LECTlONES.

593 5580 636 5610 "
675 5577 773 5658 μέ..
817 5579 986 5661 Ιιὶοιῐιἶ
1035 5581 1098 5662 ,³⁸
1128 5580 1336 5704 ἐφγὶοςτδ
1379 5578 1705 5663 δεῖξ..1,‹1ριη
1751 5599 1874 5638 cum
1914 5583 2102 5654 Stcplt.
2177 5587 2218 5620 ³⁸
2260 5584 2425 5640 Iidem
2469 5580 2673 5636 addunt
2701 5598 2712 5632 :
2737 5581 2829 5634 καὶ
2863 5579 2933 5660 τὰ
2964 5579 3189 5630 δυσίατα
3221 5567 3547 5649 (θεραπεῦσαι.
3575 5559 3680 5676 Quia!

593 5664 620 5699 η
662 5649 840 5703 absunt
868 5666 896 5702 a
935 5651 1050 5704 Ptnt
1089 5651 1212 5704 Savt
1243 5667 1386 5704 noue
1420 5653 1719 5704 codicibus-
1756 5655 1993 5704 itemque
2039 5656 2107 5704 ab
2139 5655 2442 5704 Eninhanio
2471 5651 2660 5704 (addo.
2705 5665 2759 5704 et
2812 5649 3163 5704 Nicephoro),
3200 5655 3337 5697 recte
3367 5656 3393 5692 a
3433 5639 3678 5689 btrnlomo

499 5663 620 5701 cum
662 5639 905 5725 absinta
935 5639 1386 5725 Pi_t_ii_Saviliiqu_e
1420 5639 1719 5725 codicibus,
1756 5639 2107 5722 itetnque'ab
2139 5639 2660 5725 Epiphanioladdo,
2705 5665 2775 5725 et_
2812 5649 3163 5725 Nicephoro),
3200 5639 3678 5725 τρέιςνεξξςιιιρηαο

500 5729 769 5786 ελιιυιιςιιι
803 5715 935 5771 dicit
977 5705 1269 5774 Valesius.
1298 5705 1312 5722 ’
1339 5723 1382 5753 δ’
1412 5705 1646 5790 φονικαί.
1683 5705 1990 5778 Basilii.—
2039 5705 2384 5779 λῖεὲέὲἔσέῖίζ
2415 5705 2556 5780 idem
2590 5705 2710 5776 cum
2745 5705 3007 5790 Steph.‘u
3067 5705 3284 5786 βάσιμα.
3312 5711 3420 5766 Pint
3456 5705 3590 5760 liber.
