3974 6212
269 289 362 353 124
375 287 394 350 1

1293 277 1888 343 ΕεριΕειΑδΤΙεΕ
1914 277 2298 338 HISTORI/E
2325 278 2468 338 LIB.
2498 277 2566 338 V.

3370 265 3510 330 1242

265 401 360 469 τὴν
389 395 689 469 βασιλείαν,
720 393 854 448 ἀλλὰ
880 393 972 467 καὶ
1004 393 1101 464 τὴν
1131 392 1290 460 φύσιν
1319 393 1554 460 λογίζου.
1588 391 1830 460 ’Ἄνθρω-

1973 396 2129 442 atura
2166 397 2346 441 creata
2391 395 2492 440 est.
2534 383 2611 439 Ne
2641 383 2807 454 igitur
2836 390 2949 436 tam
2987 379 3285 436 crudeliter
3318 379 3510 432 imma-

265 505 364 552 πος
402 487 512 558 γὰρ
554 484 650 548 ὢν,
701 483 959 555 ὁμοφυῶν
1003 482 1330 553 βασιλεύεις.
1383 484 1519 536 Κατ’
1553 482 1739 536 εἰκόνα
1779 481 1835 534 δὲ

196 641 202 647 ε
268 579 415 632 θείαν
438 578 531 631 καί
561 574 820 647 ὁμοίωσιν
851 574 1016 644 ἡτῶν
1044 575 1348 645 ἀνθρώπων
1378 573 1838 644 δεδημιούργηται

268 669 444 740 φύσις.
478 667 569 738 Μὴ
594 667 772 720 τοίνυν
797 665 964 735 ώμῶς
993 664 1167 728 οῦτως
1190 667 1284 718 καὶ
1319 665 1674 736 ἀπηνῶς-τοῦ
1702 662 1838 715 Θεοῦ

267 763 363 827 τὴν
395 760 575 813 εἰκόνα
598 761 1020 828 κατασφαγῆναι
1057 758 1343 828 κελεύσῃς.
1368 757 1698 827 Παροξυνεῖς
1729 755 1840 824 γὰρ

267 851 356 906 τὸν
387 848 724 920 Δημιουργδν
749 849 850 919 τὴν
875 849 1085 902 ἐκείνου
1123 849 1368 912 κολάζων
1394 849 1598 902 εἰκόνα.
1624 847 1839 917 Σκόπη-

273 959 361 996 σον
387 941 498 1011 γάρ
526 940 602 1003 ώς
630 941 725 993 καί.
765 941 832 993 σὺ
869 939 1078 1010 χαλκῆς
1109 939 1270 992 ἕνεκα
1299 939 1671 1014 δυσχεραίνων
1702 938 1842 990 εἰκό-

271 1049 357 1095 νος
393 1033 564 1085 ταῦτα
609 1033 801 1094 ποιεῖς.
837 1033 1001 1084 Ὅσον
1026 1031 1082 1083 δὲ
1126 1032 1222 1100 τῆς
1287 1031 1496 1100 ἀψύχου
1539 1029 1784 1101 διαφέρει
1809 1031 1842 1098 ἡ

272 1121 510 1192 ἔμψυχός
525 1139 583 1175 τε
618 1124 713 1176 καὶ
735 1121 885 1185 ζῶσα
920 1121 1016 1174 καὶ
1043 1120 1256 1192 λογικὴ,
1293 1121 1453 1189 δῆλον
1503 1119 1675 1174 ἅπασι
1732 1121 1844 1180 τοῖς

275 1230 333 1280 γε
353 1214 477 1265 νοῦν
509 1213 712 1282 ἔχουσι.
748 1212 893 1282 Πρὸς
920 1212 976 1264 δὲ
1009 1211 1222 1274 τούτοις
1253 1211 1567 1279 λογισάσθω
1593 1211 1842 1272 κάκεῖνα,

274 1302 346 1365 ὡς
375 1304 506 1372 ἡμῖν
547 1303 643 1372 μὲν
691 1303 871 1373 ῥᾴδιον
899 1303 1016 1354 ἀντὶ
1065 1302 1162 1371 τῆς
1205 1303 1331 1370 μιᾶς
1381 1301 1587 1362 εἰκόνος
1642 1299 1844 1362 πολλὰς

275 1379 675 1458 δημιουργῆσαι
731 1389 974 1459 χαλκὶςθ
1020 1389 1170 1458 αὐτῷ
1210 1389 1268 1441 δὲ
1322 1388 1556 1457 πάμπαν
1581 1387 1841 1440 ἀδύνατον

281 1482 407 1548 μίαν
453 1480 580 1548 γοῦν
612 1480 720 1533 τῶν
748 1480 1142 1551 ἀναιρεθέντων
1172 1480 1570 1549 δημιουργῆσαι
1604 1479 1784 1549 τρίχα.
1823 1500 1842 1531 ι

278 1573 462 1625 Ταῦτα
498 1571 825 1635 ἀκούσαντες
863 1574 912 1624 οἰ
961 1571 1266 1642 θαυμαστοὶ
1303 1571 1493 1642 ἄνδρες
1520 1573 1735 1634 ἐκεῖνοι,
1771 1571 1850 1624 δι-

281 1661 658 1734 επόρθμευσαν
702 1661 770 1714 τὰ
815 1661 1080 1733 εἰρημένα
1115 1662 1193 1732 τῷ
1221 1661 1447 1730 βασιλεῖ,
1497 1662 1592 1714 καὶ
1631 1661 1730 1732 τὴν
1755 1661 1846 1714 τοῦ

281 1755 453 1824 θυμοῦ
509 1756 844 1810 κατέσϐεσαν
897 1756 1090 1824 φλόγα,
1142 1755 1237 1808 καὶ
1290 1756 1410 1808 ἀντί
1447 1755 1558 1806 τῶν
1605 1753 1846 1807 ἀπειλῶν

281 1847 502 1900 ἐκείνων
526 1847 816 1914 ἀπολογίαν
849 1847 1076 1916 ἔγραψε,
1112 1847 1206 1900 καὶ
1229 1847 1327 1916 τῆς
1353 1847 1521 1917 ὀργῆς
1545 1847 1642 1918 τὴν
1669 1848 1852 1900 αἰτίαν

282 1938 565 2008 ἐδήλωσεν.
607 1957 624 1989 ι
651 1941 762 1992 Οὐκ
801 1939 905 1992 ἔδει
935 1940 1062 2008 γὰρ.
1089 1938 1215 2008 ἔφη,
1245 1939 1380 2006 ἐμοῦ
1423 1939 1852 2009 πλημμελήσαν-

283 2045 389 2094 τος,
424 2033 656 2097 γυναῖκα
704 2030 880 2098 πάσης
919 2030 1194 2099 εὐφημίας
1247 2029 1554 2098 ἀξιωτάτην
1585 2030 1851 2099 τοσαύτην

287 2121 422 2190 μετὰ
476 2121 739 2193 τελευτὴν
791 2121 1043 2186 δέξασθαι
1093 2121 1383 2190 παροινίαν
1413 2138 1424 2150 ·
1460 2122 1579 2174 κατ’
1615 2121 1748 2190 ἐμοῦ
1793 2122 1850 2174 δὲ

284 2210 452 2280 ἐχρῆν
508 2212 597 2264 τὸν
649 2211 817 2280 θυμὸν
863 2211 990 2275 τοὺς
1047 2210 1491 2279 ἀγανακτοῦντας
1547 2211 1785 2264 ὁπλίσαι.
1827 2230 1845 2262 ι

285 2301 645 2370 Προστέθεικε
674 2302 729 2356 δὲ
757 2303 831 2366 ώς
862 2302 1014 2355 άλύει
1045 2305 1138 2355 καὶ
1167 2304 1406 2360 ἀνιᾶται.
1435 2303 1587 2364 τινας
1609 2302 1711 2354 ὑπὸ
1745 2302 1854 2355 τῶν

285 2393 559 2464 ἀρχόντων
583 2394 884 2466 ἀνῃρῆσθαι
919 2393 1124 2465 μαθών.
1157 2394 1297 2463 Ἐγὼ
1314 2393 1465 2466 [Ξίέϐ]
1483 2395 1538 2448 δὲ
1575 2395 1745 2447 ταῦτα
1777 2394 1855 2446 δι-

1938 480 2193 547 niterque
2225 476 2318 530 Dei
2349 477 2636 546 imaginem
2665 475 2902 546 jugulari
2930 474 3232 544 praecipias.
3266 469 3510 528 lrritabis

1939 569 2082 623 enim
2117 566 2453 630 Creatorem,
2489 567 2542 619 in
2577 566 2696 634 ejus
2751 567 2983 621 saeviens
3035 564 3348 633 imaginem.
3382 563 3512 617 Per-

1942 659 2116 729 pende
2149 658 2376 722 enimte
2415 664 2637 725 prepter
2690 672 2893 710 aeneam
2948 664 3182 709 statuam
3245 653 3512 708 olTensum

1942 753 2057 805 haec
2087 764 2265 818 agere.
2294 747 2508 812 Quanto
2540 753 2720 799 autem
2748 745 3002 799 inanimae
3031 753 3248 812 praestet
3273 749 3514 798 animata

1941 853 1995 898 et
2030 843 2221 897 vivens
2257 857 2320 895 ac
2354 842 2566 894 ratione
2598 840 2849 910 praedita,
2886 839 3140 894 omnibus
3171 841 3260 906 qui
3293 854 3514 892 sensum

1944 933 2144 987 habent
2182 940 2266 986 est
2295 932 2672 1000 perspicuum.
2704 928 2836 982 lllud
2885 936 3146 995 praeterea
3183 928 3516 991 consideret,

1943 1025 2104 1076 nobis
2130 1019 2347 1089 quidem
2382 1020 2543 1073 facile
2572 1034 2693 1073 esse
2722 1033 2820 1088 pro
2846 1018 3018 1087 elligie
3051 1033 3158 1070 una
3188 1033 3361 1071 aereas
3389 1017 3520 1069 mul-

1945 1119 2030 1167 tas
2081 1112 2336 1166 fabricari
2372 1128 2384 1162 :
2417 1113 2594 1181 ipsum
2629 1126 2757 1165 vero
2791 1111 2872 1164 vel
2906 1127 3070 1162 unum
3105 1108 3518 1162 interfectorum

1946 1206 2200 1272 capillum
2235 1221 2429 1259 creare
2481 1204 2631 1256 nullo
2682 1203 2845 1257 modo
2878 1218 3058 1272 posse.
3099 1221 3116 1254 ι
3161 1200 3285 1254 llaec
3319 1199 3519 1270 egregii

1947 1295 2022 1350 illi
2071 1297 2174 1349 viri
2211 1312 2335 1349 cum
2370 1295 2732 1359 audivissent,
2773 1296 2836 1347 ad
2884 1296 3266 1363 imperatorem
3305 1293 3522 1361 singula

1948 1391 2272 1452 retulerunt,
2305 1397 2357 1441 et
2382 1390 2476 1442 ira:
2505 1388 2776 1441 ﬂammam
2809 1388 3212 1448 exstinxerunt,
3242 1385 3315 1438 ita
3345 1395 3401 1437 ut
3429 1399 3528 1452 pro

1948 1481 2116 1534 minis
2139 1481 2440 1550 apologiam
2467 1480 2754 1542 scriberet,
2781 1481 2988 1547 imque
3015 1493 3238 1531 causam
3287 1491 3531 1545 expone-

1950 1578 2055 1625 ret.
2083 1589 2100 1622 ι
2132 1572 2244 1625 Non
2267 1573 2572 1640 oportebat,
2598 1573 2793 1640 inquit,
2821 1586 2904 1624 me
2933 1577 3218 1638 peccante,
3245 1569 3527 1621 mulierem

1953 1664 2096 1715 omni
2124 1663 2284 1717 laude
2314 1665 2716 1731 dignissimam,
2747 1671 2869 1732 post
2900 1670 3128 1715 mortem
3157 1655 3363 1714 tantam
3395 1675 3531 1712 eon—

1890 1733 1928 1786 Β
1957 1757 2236 1810 tumeliam
2281 1759 2556 1811 sustinere
2581 1775 2595 1810 :
2627 1758 2718 1810 sed
2755 1758 2806 1809 in
2843 1771 2927 1810 me
2956 1771 3171 1808 armare
3201 1755 3428 1808 decebat
3457 1749 3534 1802 of-

1957 1846 2143 1902 fcusns
2181 1848 2603 1918 indignationem
2665 1864 2842 1903 suam.
2885 1867 2902 1898 ι
2940 1847 3182 1900 Addebat
3221 1858 3272 1900 et
3316 1842 3531 1913 1055

1959 1939 2144 1992 dolere
2193 1955 2251 1993 se
2287 1951 2449 2008 atque
2503 1942 2624 2009 angi
2661 1941 2866 1999 animo,
2902 1939 3046 2008 quod
3079 1939 3296 2007 aliquos
3323 1953 3356 1988 a
3391 1935 3536 2001 judi-

1956 2031 2114 2083 cibus
2170 2041 2478 2101 peremptos
2535 2033 2856 2101 accepisset.
2909 2032 3018 2100 ligo
3074 2045 3205 2084 vero
3245 2036 3532 2098 propterea

1960 2123 2075 2176 11ίῖιῖ
2109 2125 2552 2188 eoouueinorzwi,
2589 2125 2729 2193 quod
2781 2124 3028 2192 iniquum
3070 2124 3324 2177 ducerem
3354 2119 3538 2172 lauda-

1959 2215 2212 2268 bilissimi
2244 2217 2493 2270 monachi
2538 2218 2839 2270 libertatem
2871 2217 2924 2268 in
2959 2216 3286 2269 oblivionem
3325 2212 3535 2274 venire,

1962 2315 2016 2360 et
2041 2317 2096 2360 ut
2130 2308 2263 2377 legis
2291 2309 2472 2378 magni
2500 2308 2770 2362 Ambrosii
2799 2324 2966 2363 suasu
3005 2307 3222 2377 scriptae
3245 2305 3538 2358 utilitatem

1965 2398 2337 2454 ostenderem.

286 2481 526 2550 ιξῆλθον,
556 2483 768 2536 καὶτοῦ
800 2485 1156 2552 πανευφήμου
1201 2484 1524 2553 μονάζοντος
1575 2483 1672 2553 τὴν
1696 2485 2010 2554 παρρησίαν
2041 2489 2139 2558 οὐχ
2173 2490 2522 2559 ἡγησάμενος
2578 2489 2785 2542 δίκαιον
2847 2487 3182 2561 παραδοῦναι
3229 2485 3388 2558 λήθῃ,
3446 2483 3546 2537 καὶ

286 2571 376 2624 τὸν
417 2571 580 2642 νόμον
623 2573 829 2624 ἐκεῖνον
887 2573 1103 2635 δεικνὺς
1137 2574 1482 2644 ὀνησιφόρον,
1511 2573 1570 2625 ὃν
1599 2576 1627 2626 6
1659 2574 1831 2644 μέγας
1883 2575 2217 2647 Ἀμϐρόσιος
2249 2581 2527 2651 γραφῆναι
2555 2582 2879 2652 παρῄνεσεν.

881 2665 1130 2717 ΚΕΦΑΛ.
1173 2665 1257 2717 K'.

286 2754 425 2821 Περί
452 2752 572 2806 τῶν
611 2755 919 2822 πανταχοῦ
968 2755 1079 2824 γῆς
1122 2755 1582 2810 καταλυθέντων
1603 2755 1764 2809 νηῶν
1793 2757 1862 2812 ⁸τ.

369 2845 428 2898 '0
460 2846 518 2898 δὲ
569 2847 884 2908 πιστότατος
937 2845 1186 2916 βασιλεὺς
1229 2846 1371 2898 κατὰ
1403 2846 1505 2915 τῆς
1547 2846 1866 2916 Ἑλληνικῆς

2339 2668 2492 2724 CAP.
2530 2669 2644 2724 xx.
2681 2669 2768 2741 iv.
2801 2667 3012 2722 εισι..
3046 2665 3162 2738 20.]

1965 2757 2042 2812 De
2097 2759 2302 2828 templis
2369 2759 2635 2812 idolorum
2677 2758 2866 2828 ubique
2925 2768 3190 2810 terrarum
3233 2753 3542 2808 destructis.

2035 2851 2419 2905 Fidelissimus
2474 2865 2640 2919 porro
2706 2851 3003 2917 imperator
3066 2847 3306 2902 studium
3381 2861 3542 2899 suum

291 2937 498 3007 πλάνης
558 2938 825 3007 μετέθηκε
871 2937 971 3006 τὴν
1017 2937 1273 3008 σπουδὴν,
1301 2939 1394 2990 καὶ
1427 2939 1626 3008 νόμους
1663 2939 1862 3008 ἔγραψε

1970 2941 2233 2994 adversus
2286 2941 2572 3010 gentilium
2627 2955 2867 2994 errorem
2935 2939 3239 3000 convertit,
3293 2938 3548 3008 legesque

291 3030 359 3082 τά
412 3029 522 3082 τῶν
579 3027 813 3080 εἰδώλων
855 3027 1058 3097 τεμένη
1111 3027 1480 3098 καταλυθῆναι
1519 3030 1565 3061 ⁵³
1607 3029 1867 3084 κελεύων.

291 3119 698 3179 Κωνσταντῖνος
748 3117 846 3186 μὲν
877 3119 984 3185 γὰρ
1014 3118 1042 3169 6
1089 3117 1280 3185 μέγας,
1311 3117 1340 3167 6
1371 3117 1550 3186 πάσης
1575 3117 1872 3181 ἀξιώτατος

294 3206 588 3274 εὐφημίας,
607 3204 821 3276 πρῶτος
851 3203 1100 3276 εὐσεϐείᾳ
1120 3204 1218 3275 τὴν
1257 3204 1532 3274 βασιλείαν
1566 3208 1870 3276 κοσμήσας,

295 3299 389 3350 καὶ
407 3299 506 3368 τὴν
525 3299 848 3368 οἰκουμένην
891 3297 971 3350 ἔτι
1005 3301 1312 3368 μεμηνυίαν
1348 3299 1512 3368 ὀρῶν,
1543 3300 1603 3351 τὸ
1636 3301 1732 3370 μὲν
1763 3303 1872 3362 τοῖς

295 3391 514 3461 δαίμοσι
547 3391 692 3445 θύειν
725 3393 1068 3444 παντάπασιν
1109 3391 1448 3462 ἀπηγόρευεο
1485 3394 1610 3454 τοὺς
1661 3392 1716 3444 δὲ
1753 3390 1874 3444 τού-

297 3499 406 3535 των
431 3485 590 3546 ναοὺς
615 3484 674 3535 οὐ
725 3484 1042 3548 κατέλυσεν,
1074 3483 1188 3536 ἀλλ’
1237 3483 1471 3544 ἀϐάτους
1520 3479 1658 3534 εἶναι
1706 3485 1873 3551 προσ-

299 3577 477 3642 uaga.
507 3577 613 3629 Καὶ
639 3575 819 3646 μέντοι
837 3578 930 3630 καὶ
951 3579 999 3630 οἰ
1025 3578 1216 3629 τούτου
1245 3579 1430 3640 παῖδες
1461 3581 1573 3641 τοῖς
1605 3577 1875 3649 πατρῴοις

297 3667 668 3736 ἠκολούθησαν
721 3666 942 3736 ἴχνεσιν.
986 3667 1271 3730 Ἰουλιανὸς
1300 3668 1356 3719 δὲ
1402 3668 1736 3721 ἀνενεώσατο
1779 3667 1876 3737 τὴν

297 3757 578 3820 ἁσέὅειαν,
609 3757 826 3826 καὶτῆς
849 3756 1084 3818 παλαιᾶς
1116 3755 1391 3824 ἐξαπάτης
1417 3757 1580 3826 ἐξῆψε
1611 3758 1708 3826 τὴν
1748 3757 1876 3824 φλό-

296 3863 390 3912 γα.
436 3845 691 3908 ’Ῑοὸιανδς
737 3846 794 3898 δὲ
854 3847 952 3916 τὴν
1002 3845 1281 3916 βασιλείαν
1337 3845 1689 3916 παραλαϐὼν,
1717 3847 1877 3899 πάλιν

295 3939 396 4006 τὴν
419 3938 527 3990 τῶν
559 3937 793 3990 εἰδώλων
833 3938 1072 3991 ἐκώλυσε
1120 3937 1416 4006 θεραπείαν
1437 3953 1450 3966 ο
1479 3935 1574 3988 καὶ
1623 3935 1877 3985 Βαλεντι-

299 4029 477 4089 νιανὺς
505 4029 562 4080 δὲ
591 4030 618 4080 ό
646 4027 817 4097 μέγας
854 4031 1082 4080 τοιοῖσδε
1143 4027 1480 4096 κεχρημένος
1514 4027 1697 4092 νόμοις
1732 4024 1876 4076 ἴθυνε

297 4117 399 4184 τὴν
455 4115 745 4185 Εὐρώπην.
799 4118 857 4168 '0
885 4118 941 4169 δὲ
971 4118 1148 4186 Βάλης
1201 4119 1336 4168 πᾶσι
1392 4117 1489 4185 μὲν
1520 4118 1643 4184 ,τοῖς
1697 4115 1877 4170 ἄλλοις

300 4207 565 4276 ἐπέτρεψε
627 4206 952 4277 θρησκεύειν
1082 4208 1353 4276 βούλοιντο
1379 4209 1446 4273 ⁵⁸,
1487 4208 1577 4260 καὶ
1614 4206 1680 4259 τὰ
1741 4206 1876 4276 θρη-

302 4297 606 4367 σκευόμενα
634 4297 954 4368 θεραπεύειν
987 4313 1003 4328 ο
1037 4299 1218 4368 μόνοις
1267 4299 1321 4351 δὲ
1363 4300 1612 4370 πολεμῶν
1650 4300 1876 4352 διετέλει
1911 4279 1952 4333 D

298 4393 413 4453 τοῖς
443 4387 550 4441 τῶν
571 4390 945 4442 ἀποστολικῶν
972 4389 1349 4459 ὑπερμαχοῦσι
1378 4390 1680 4462 δογμάτων.
1699 4392 1882 4444 Πάντα

299 4481 431 4549 γοῦν
467 4480 558 4532 τὸν
587 4480 686 4550 τῆς
721 4480 928 4534 ἐκείνου
979 4481 1252 4551 βασιλείας
1286 4482 1496 4552 χρόνον,
1536 4482 1629 4534 καὶ
1670 4483 1730 4534 τὸ
1763 4483 1884 4533 ἐπι-

303 4571 511 4642 ϐώμιον
539 4573 743 4643 ἥπτετο
777 4572 909 4643 πῦρ,
943 4574 1035 4626 καί
1071 4574 1300 4636 σπονδὰς
1330 4575 1421 4626 καὶ
1449 4573 1636 4637 θυσίας
1672 4577 1783 4636 τοῖς
1805 4575 1884 4625 εἱ-

300 4665 488 4728 δώλοις
531 4665 888 4736 προσέφερον,
918 4666 1012 4718 καὶ
1049 4666 1148 4728 τὰς
1196 4665 1544 4735 δημοθοινίας
1591 4666 1731 4718 κατὰ
1784 4663 1882 4734 τὴν

301 4757 510 4828 ἀγορὰν
544 4759 854 4820 ἐπετέλουν,
891 4759 983 4810 καί.
1011 4760 1059 4810 οἰ
1081 4757 1178 4809 τοῦ
1205 4757 1458 4809 Διονύσου
1494 4756 1564 4808 τὰ
1591 4756 1751 4826 ὄργια
1791 4772 1881 4807 τε-

302 4847 636 4916 τελεσμένοι,
671 4848 808 4917 μετὰ
855 4848 965 4901 τῶν
1020 4849 1241 4916 αἰγίδων
1283 4849 1522 4920 ἔτρεχον,
1565 4849 1689 4910 τοῦς
1713 4848 1883 4912 κύνας

305 4937 657 5003 διασπῶντες,
697 4938 791 4990 καί.
837 4941 1166 5009 μεμηνότες,
1216 4941 1310 4993 καὶ
1363 4939 1744 5010 βακχεύοντες,
1791 4941 1883 4992 καὶ

301 5028 475 5081 τᾶλλα
495 5029 540 5060 ⁶⁰
567 5029 820 5098 δρῶντες,
845 5031 888 5082 δι.
909 5031 1007 5102 τὴν
1055 5032 1147 5085 τοῦ
1191 5031 1510 5086 διδασκάλου
1553 5032 1814 5102 πονηρίαν
1840 5032 1882 5064 ⁸⁸

302 5120 470 5188 δηλοῖ.
528 5119 712 5173 Ταῦτα
749 5123 924 5175 πάντα
967 5124 1246 5186 Θεοδόσιος
1289 5123 1463 5195 εὑρὼν
1495 5125 1522 5176 ὁ
1568 5125 1885 5185 πιστότατος

306 5210 558 5279 βασιλεὺς
585 5250 600 5275 ,
633 5212 902 5283 πρόρριζα
955 5231 1015 5266 τε
1067 5215 1338 5268 ἀνέσπασε
1364 5258 1380 5281 ,
1421 5217 1514 5267 καὶ
1557 5215 1694 5288 λήθῃ
1737 5231 1878 5285 παρ-

304 5301 407 5354 έδω
413 5318 494 5354 κε.

1975 3033 2100 3085 tulit
2158 3033 2360 3101 quibus
2417 3035 2686 3086 idolorum
2741 3033 2968 3085 delubra
3033 3031 3240 3085 destrui
3294 3030 3546 3097 jubehat.

1974 3126 2372 3179 Constantinus
2441 3126 2585 3179 enim
2644 3141 2902 3194 magnus,
2948 3123 3096 3176 omni
3159 3121 3549 3192 praedicatione.

1975 3215 2349 3282 dignissimus,
2389 3217 2480 3284 qui
2520 3217 2765 3285 primus'
2794 3215 3039 3268 omnium
3077 3215 3280 3284 pietate
3333 3194 3550 3264 ornavit

1977 3307 2288 3376 imperium,
2321 3323 2446 3360 cum
2504 3307 2692 3360 orbem
2747 3314 3018 3359 terrarum
3059 3306 3239 3358 adhuc
3278 3306 3550 3357 furentem

1976 3401 2205 3462 videret,
2255 3401 2559 3456 dzemonum
2616 3402 2836 3470 quidem
2885 3401 3154 3456 sacriﬁcia
3194 3401 3409 3469 penitus
3469 3398 3552 3450 in-

1977 3494 2218 3556 terdixit,
2247 3493 2440 3546 horum
2465 3503 2642 3545 tamen
2680 3493 2804 3543 fana
2839 3506 2944 3544 non
2975 3491 3189 3552 evertit,
3216 3490 3307 3542 sed
3333 3485 3549 3539 occludi

1978 3586 2254 3652 praecepit.
2296 3581 2469 3648 llujus
2509 3597 2728 3649 quoque
2770 3579 2864 3632 lilii
2917 3590 3140 3648 paterna
3198 3577 3426 3644 vestigia
3461 3591 3550 3628 se-

1977 3674 2089 3727 cuti
2149 3679 2301 3726 sunt.
2357 3671 2427 3723 At
2474 3670 2727 3725 Julianus
2771 3669 3106 3736 impietatem
3171 3665 3443 3729 restituit,
3498 3670 3552 3717 et

1979 3763 2196 3832 pristini
2232 3763 2438 3816 erroris
2489 3762 2759 3816 ﬂammam
2814 3759 3085 3814 accendit.
3117 3757 3377 3812 Jovianus
3425 3770 3556 3810 vero

1979 3853 2262 3922 imperium
2285 3854 2565 3922 excipiens
2588 3892 2600 3912 ,
2637 3853 2908 3905 idolorum
2944 3865 3138 3904 rursus
3174 3852 3382 3902 cultum
3429 3861 3558 3915 pro-

1980 3947 2155 4001 hibuit
2189 3969 2202 4000 :
2235 3955 2289 3999 ct
2334 3947 2752 3999 Valentinianus
2791 3960 3010 4014 quoque
3068 3957 3301 4010 magnus
3362 3939 3550 3992 iisdem

1982 4039 2191 4104 legibus
2238 4037 2379 4089 rexit
2428 4036 2726 4104 Europam.
2773 4038 2841 4086 At
2897 4033 3128 4095 Valens,
3176 4033 3296 4084 aliis
3334 4029 3553 4097 quidem

1980 4129 2238 4182 omnibus
2283 4127 2533 4195 permisit
2573 4126 2894 4193 religionem
2947 4123 3101 4190 sequi
3135 4137 3298 4188 quam
3332 4119 3551 4179 vellent,

1987 4230 2040 4274 et
2082 4222 2148 4274 iis
2187 4221 2393 4273 servire
2418 4232 2558 4286 quos
2594 4215 2864 4267 haberent
2902 4229 2999 4282 pro
3040 4212 3146 4265 diis
3181 4229 3192 4262 :
3238 4212 3386 4264 solos
3408 4224 3557 4261 ivero

1984 4316 2288 4368 insectatus
2329 4319 2410 4365 est
2445 4325 2561 4370 eos,
2596 4307 2688 4376 qui
2736 4305 3040 4374 apostolica
3073 4303 3325 4372 dogmata
3363 4300 3554 4354 defen-

1981 4406 2200 4460 debant.
2235 4403 2420 4470 Itaque
2453 4407 2566 4451 toto
2586 4399 2705 4463 ejus
2733 4396 2948 4463 imperii
2983 4403 3249 4462 tempore,
3274 4403 3327 4445 et
3363 4391 3415 4446 in
3445 4393 3558 4444 aris

1982 4496 2209 4549 ardebat
2241 4495 2416 4562 ignis.
2467 4498 2518 4544 et
2572 4488 2862 4542 lihationes
2916 4493 3080 4555 atque
3126 4485 3338 4537 hostias
3397 4483 3558 4536 idolis

1982 4588 2306 4648 ollerebant,
2342 4591 2394 4637 et
2429 4583 2682 4652 publicas
2715 4579 2905 4649 epulas
2930 4578 2982 4631 in
3019 4577 3140 4630 l'oro
3177 4575 3556 4636 celebrabant,

1982 4688 2036 4732 et
2088 4677 2284 4730 Bacchi
2341 4675 2513 4743 orgiis
2573 4670 2776 4726 initiati
2827 4684 2950 4722 cmn
3019 4667 3254 4736 pellibus
3319 4665 3560 4733 caprinis

1989 4772 2305 4833 currebant,
2370 4766 2584 4836 1056
2634 4777 2800 4817 canes
2848 4761 3214 4826 dilaniantes,
3280 4756 3560 4820 furentes,

1990 4862 2346 4922 bacchantes,
2374 4865 2428 4911 et
2460 4857 2565 4909 alia
2592 4863 2817 4924 agentes
2855 4868 2975 4922 quae
3006 4849 3249 4921 magistri
3294 4845 3561 4916 improbi--

1991 4963 2156 5008 tatem
2189 4949 2512 5005 ostendunt.
2549 4946 2675 5002 llaec
2726 4946 2911 5000 omnia
2970 4951 3170 4998 nactus
3217 4937 3564 4992 Theodosius

1994 5040 2347 5095 ﬁdelissimus
2405 5038 2727 5106 imperator.
2790 5033 3059 5086 radicitus
3125 5027 3451 5099 exstirpavit
3512 5031 3568 5080 et

1993 5131 2270 5186 oblivione
2298 5133 2559 5198 perpetua
2591 5124 2891 5179 damnavit.

1605 5397 1840 5453 VARUE
1883 5394 2282 5452 LECTIONES.

374 5553 422 5590 ⁸⁷
461 5552 755 5606 εἰδωλικῶν
792 5554 1000 5609 addunt
1044 5565 1275 5612 cetera.
1317 5556 1471 5611 editi.

1555 5555 1601 5587 ⁸⁸
1632 5555 1950 5608 καταλῦσαι.
1983 5553 2148 5606 Basil.
2180 5551 2276 5605 Gr.
2342 5549 2388 5580 ³⁸

2425 5548 2725 5618 βούλονται.
2759 5545 2947 5618 ldem._
3021 5545 3066 5576 θ’
3216 5539 3366 5618 sua.
3421 5538 3570 5618 idem

305 5636 432 5694 Clit}!
460 5623 679 5694 Steph:
719 5625 760 5694 f‘
794 5624 870 5678 lla
903 5608 1343 5682 ευίιυὲίρῖἦῖρῐ
1384 5608 1820 5694 (lliristophors..
1875 5625 2117 5694 itemque
2152 5608 2516 5694 Epiphanius
2542 5618 2608 5672 IX
2638 5659 2652 5677 .
2691 5619 2778 5694 ὅθ,
2835 5615 3102 5683 probante
3147 5613 3386 5666 Valesiu.
3417 5608 3572 5675 Quod

303 5701 362 5746 et
388 5690 613 5763 Niceph.
646 5693 737 5748 Xll
765 5735 779 5760 ,
821 5695 914 5778 2‘5,
947 5698 1275 5750 conﬁrmare
1310 5696 1540 5750 videtur.
1581 5690 1747 5752 BasiI.
1784 5695 1878 5750 Gr.
1924 5702 1977 5747 ct
2017 5693 2203 5762 Steph.
2247 5690 2522 5746 habebant
2565 5706 2576 5740 :
2614 5690 2938 5758 πανήγυριν.
