  <div class='ocr_page' id='page_1' title='image "/cluster/home/n/w/nwhite01/storage/ocr_20150623/82/hvd.32044020703054/702.png"; bbox 0 0 3974 6212; ppageno 0'>
   <div class='ocr_carea' id='block_1_1' title="bbox 274 314 410 378">
    <p class='ocr_par' dir='ltr' id='par_1_1' title="bbox 274 314 410 378">
     <span class='ocr_line' id='line_1_1' title="bbox 274 314 410 378; baseline -0.022 0"><span class='ocrx_word' id='word_1_1' title='bbox 274 314 410 378; x_wconf 60' lang='grc'><strong>1215</strong></span> 
     </span>
    </p>
   </div>
   <div class='ocr_carea' id='block_1_2' title="bbox 1273 307 2561 373">
    <p class='ocr_par' dir='ltr' id='par_1_2' title="bbox 1273 307 2561 373">
     <span class='ocr_line' id='line_1_2' title="bbox 1273 307 2561 373; baseline 0.003 -6"><span class='ocrx_word' id='word_1_2' title='bbox 1273 307 1867 370; x_wconf 86' lang='lat' dir='ltr'><strong>ECCLESIASTIC.‘E</strong></span> <span class='ocrx_word' id='word_1_3' title='bbox 1903 310 2286 372; x_wconf 66' lang='lat' dir='ltr'><strong>HISTORIE</strong></span> <span class='ocrx_word' id='word_1_4' title='bbox 2318 313 2463 372; x_wconf 87' lang='lat' dir='ltr'><strong>LIB.</strong></span> <span class='ocrx_word' id='word_1_5' title='bbox 2493 313 2561 373; x_wconf 73' lang='grc' dir='ltr'><strong>ν.</strong></span> 
     </span>
    </p>
   </div>
   <div class='ocr_carea' id='block_1_3' title="bbox 3383 307 3522 372">
    <p class='ocr_par' dir='ltr' id='par_1_3' title="bbox 3383 307 3522 372">
     <span class='ocr_line' id='line_1_3' title="bbox 3383 307 3522 372; baseline -0.007 0"><span class='ocrx_word' id='word_1_6' title='bbox 3383 307 3522 372; x_wconf 53' lang='grc' dir='ltr'><strong>Ῑῖμὶϐ</strong></span> 
     </span>
    </p>
   </div>
   <div class='ocr_carea' id='block_1_4' title="bbox 265 409 1855 497">
    <p class='ocr_par' dir='ltr' id='par_1_4' title="bbox 265 409 1845 497">
     <span class='ocr_line' id='line_1_4' title="bbox 265 409 1845 497; baseline -0.001 -21"><span class='ocrx_word' id='word_1_7' title='bbox 265 421 542 497; x_wconf 78' lang='grc' dir='ltr'>τυραννίδι</span> <span class='ocrx_word' id='word_1_8' title='bbox 579 418 672 474; x_wconf 90' lang='grc' dir='ltr'><strong>τοῦ</strong></span> <span class='ocrx_word' id='word_1_9' title='bbox 699 418 976 489; x_wconf 80' lang='grc' dir='ltr'>δαίμονος,</span> <span class='ocrx_word' id='word_1_10' title='bbox 1008 417 1145 472; x_wconf 87' lang='grc' dir='ltr'><strong>ἀλλά</strong></span> <span class='ocrx_word' id='word_1_11' title='bbox 1183 421 1280 472; x_wconf 79' lang='grc' dir='ltr'>καὶ</span> <span class='ocrx_word' id='word_1_12' title='bbox 1317 421 1418 490; x_wconf 79' lang='grc' dir='ltr'>τὴν</span> <span class='ocrx_word' id='word_1_13' title='bbox 1443 409 1727 474; x_wconf 87' lang='grc' dir='ltr'>ἀσθένειαν</span> <span class='ocrx_word' id='word_1_14' title='bbox 1744 422 1845 492; x_wconf 81' lang='grc' dir='ltr'>τὴν</span> 
     </span>
    </p>
   </div>
   <div class='ocr_carea' id='block_1_5' title="bbox 1953 409 3514 497">
    <p class='ocr_par' dir='ltr' id='par_1_5' title="bbox 1953 423 3514 495">
     <span class='ocr_line' id='line_1_5' title="bbox 1953 423 3514 495; baseline -0.001 -18"><span class='ocrx_word' id='word_1_15' title='bbox 1953 424 2172 495; x_wconf 84' lang='lat' dir='ltr'><strong>majoris</strong></span> <span class='ocrx_word' id='word_1_16' title='bbox 2200 425 2385 481; x_wconf 88' lang='lat' dir='ltr'><strong>damni</strong></span> <span class='ocrx_word' id='word_1_17' title='bbox 2417 427 2714 482; x_wconf 85' lang='lat' dir='ltr'><strong>incredulis</strong></span> <span class='ocrx_word' id='word_1_18' title='bbox 2747 426 2840 481; x_wconf 80' lang='lat' dir='ltr'><strong>flat</strong></span> <span class='ocrx_word' id='word_1_19' title='bbox 2864 425 3103 481; x_wconf 84' lang='lat' dir='ltr'><strong>occasio.</strong></span> <span class='ocrx_word' id='word_1_20' title='bbox 3142 423 3240 479; x_wconf 82' lang='lat' dir='ltr'><strong>llis</strong></span> <span class='ocrx_word' id='word_1_21' title='bbox 3271 431 3326 478; x_wconf 88' lang='lat' dir='ltr'><strong>et</strong></span> <span class='ocrx_word' id='word_1_22' title='bbox 3357 427 3514 477; x_wconf 67' lang='lat' dir='ltr'><strong>simi:</strong></span> 
     </span>
    </p>
   </div>
   <div class='ocr_carea' id='block_1_6' title="bbox 265 507 1843 581">
    <p class='ocr_par' dir='ltr' id='par_1_6' title="bbox 265 507 1843 581">
     <span class='ocr_line' id='line_1_6' title="bbox 265 507 1843 581; baseline -0.004 -12"><span class='ocrx_word' id='word_1_23' title='bbox 265 514 478 569; x_wconf 69' lang='grc' dir='ltr'>ἐκείνου</span> <span class='ocrx_word' id='word_1_24' title='bbox 494 509 802 581; x_wconf 77' lang='grc' dir='ltr'><strong>γυμνῶσαι,</strong></span> <span class='ocrx_word' id='word_1_25' title='bbox 821 508 915 562; x_wconf 72' lang='grc' dir='ltr'>καὶ</span> <span class='ocrx_word' id='word_1_26' title='bbox 941 507 1040 580; x_wconf 78' lang='grc' dir='ltr'>τὴν</span> <span class='ocrx_word' id='word_1_27' title='bbox 1064 509 1271 562; x_wconf 82' lang='grc' dir='ltr'>οἰκείαν</span> <span class='ocrx_word' id='word_1_28' title='bbox 1298 509 1526 580; x_wconf 85' lang='grc' dir='ltr'>δύναμιν</span> <span class='ocrx_word' id='word_1_29' title='bbox 1560 511 1843 574; x_wconf 76' lang='grc' dir='ltr'>ἐπιδεῖξαι,</span> 
     </span>
    </p>
   </div>
   <div class='ocr_carea' id='block_1_7' title="bbox 268 599 1848 675">
    <p class='ocr_par' dir='ltr' id='par_1_7' title="bbox 268 599 1848 675">
     <span class='ocr_line' id='line_1_7' title="bbox 268 599 1848 675; baseline -0.004 -16"><span class='ocrx_word' id='word_1_30' title='bbox 268 607 355 659; x_wconf 83' lang='grc' dir='ltr'><strong>ῖνα</strong></span> <span class='ocrx_word' id='word_1_31' title='bbox 387 603 464 675; x_wconf 83' lang='grc' dir='ltr'>μὴ</span> <span class='ocrx_word' id='word_1_32' title='bbox 492 602 764 672; x_wconf 79' lang='grc' dir='ltr'>πρόφασις</span> <span class='ocrx_word' id='word_1_33' title='bbox 791 599 1040 653; x_wconf 86' lang='grc' dir='ltr'>ἐντεῦθεν</span> <span class='ocrx_word' id='word_1_34' title='bbox 1073 603 1186 664; x_wconf 90' lang='grc' dir='ltr'>τοῖς</span> <span class='ocrx_word' id='word_1_35' title='bbox 1206 599 1457 664; x_wconf 80' lang='grc' dir='ltr'><strong>ἀπίστοις</strong></span> <span class='ocrx_word' id='word_1_36' title='bbox 1481 600 1724 670; x_wconf 78' lang='grc' dir='ltr'><strong>μείζονος</strong></span> <span class='ocrx_word' id='word_1_37' title='bbox 1753 601 1848 669; x_wconf 81' lang='grc' dir='ltr'>γέ-</span> 
     </span>
    </p>
   </div>
   <div class='ocr_carea' id='block_1_8' title="bbox 266 690 1848 767">
    <p class='ocr_par' dir='ltr' id='par_1_8' title="bbox 266 690 1848 767">
     <span class='ocr_line' id='line_1_8' title="bbox 266 690 1848 767; baseline -0.003 -19"><span class='ocrx_word' id='word_1_38' title='bbox 266 712 424 767; x_wconf 82' lang='grc' dir='ltr'>νηται</span> <span class='ocrx_word' id='word_1_39' title='bbox 477 693 700 764; x_wconf 86' lang='grc' dir='ltr'>βλάϐης.</span> <span class='ocrx_word' id='word_1_40' title='bbox 745 691 932 745; x_wconf 85' lang='grc' dir='ltr'>Ταῦτα</span> <span class='ocrx_word' id='word_1_41' title='bbox 963 690 1119 764; x_wconf 67' lang='lat'><strong>[228]</strong></span> <span class='ocrx_word' id='word_1_42' title='bbox 1141 691 1334 754; x_wconf 76' lang='grc' dir='ltr'>εἰπὼν,</span> <span class='ocrx_word' id='word_1_43' title='bbox 1367 693 1463 744; x_wconf 74' lang='grc' dir='ltr'>καὶ</span> <span class='ocrx_word' id='word_1_44' title='bbox 1499 693 1598 746; x_wconf 74' lang='grc' dir='ltr'>ὅσα</span> <span class='ocrx_word' id='word_1_45' title='bbox 1639 691 1848 755; x_wconf 77' lang='grc' dir='ltr'><strong>τούτοις</strong></span> 
     </span>
    </p>
   </div>
   <div class='ocr_carea' id='block_1_9' title="bbox 270 786 1849 860">
    <p class='ocr_par' dir='ltr' id='par_1_9' title="bbox 270 786 1849 860">
     <span class='ocr_line' id='line_1_9' title="bbox 270 786 1849 860; baseline -0.002 -17"><span class='ocrx_word' id='word_1_46' title='bbox 270 789 584 860; x_wconf 87' lang='grc' dir='ltr'>παρόμοια,</span> <span class='ocrx_word' id='word_1_47' title='bbox 611 789 708 842; x_wconf 77' lang='grc' dir='ltr'>καὶ</span> <span class='ocrx_word' id='word_1_48' title='bbox 741 787 949 850; x_wconf 74' lang='grc' dir='ltr'>ἐπιθεὶς</span> <span class='ocrx_word' id='word_1_49' title='bbox 997 787 1093 841; x_wconf 88' lang='grc' dir='ltr'><strong>τοῦ</strong></span> <span class='ocrx_word' id='word_1_50' title='bbox 1151 787 1387 858; x_wconf 90' lang='grc' dir='ltr'>σταυροῦ</span> <span class='ocrx_word' id='word_1_51' title='bbox 1425 787 1518 840; x_wconf 80' lang='grc' dir='ltr'>τὸν</span> <span class='ocrx_word' id='word_1_52' title='bbox 1561 787 1731 841; x_wconf 82' lang='grc' dir='ltr'>τύπον</span> <span class='ocrx_word' id='word_1_53' title='bbox 1772 786 1849 857; x_wconf 85' lang='grc' dir='ltr'><strong>τῷ</strong></span> 
     </span>
    </p>
   </div>
   <div class='ocr_carea' id='block_1_10' title="bbox 271 879 1848 948">
    <p class='ocr_par' dir='ltr' id='par_1_10' title="bbox 271 879 1848 948">
     <span class='ocr_line' id='line_1_10' title="bbox 271 879 1848 948; baseline -0.004 -10"><span class='ocrx_word' id='word_1_54' title='bbox 271 881 446 946; x_wconf 78' lang='grc' dir='ltr'>ὕδατι,</span> <span class='ocrx_word' id='word_1_55' title='bbox 491 879 740 934; x_wconf 79' lang='grc' dir='ltr'>Ἐκύτιόν</span> <span class='ocrx_word' id='word_1_56' title='bbox 761 880 805 911; x_wconf 84' lang='grc'><strong>⁷⁷</strong></span> <span class='ocrx_word' id='word_1_57' title='bbox 839 896 961 932; x_wconf 84' lang='grc' dir='ltr'>τινα</span> <span class='ocrx_word' id='word_1_58' title='bbox 1006 879 1284 942; x_wconf 78' lang='grc' dir='ltr'><strong>διακονίας</strong></span> <span class='ocrx_word' id='word_1_59' title='bbox 1308 879 1636 948; x_wconf 75' lang='grc' dir='ltr'><strong>ἠξιωμένον,</strong></span> <span class='ocrx_word' id='word_1_60' title='bbox 1668 879 1848 932; x_wconf 79' lang='grc' dir='ltr'><strong>πίστει</strong></span> 
     </span>
    </p>
   </div>
   <div class='ocr_carea' id='block_1_11' title="bbox 271 969 1849 1044">
    <p class='ocr_par' dir='ltr' id='par_1_11' title="bbox 271 969 1849 1044">
     <span class='ocr_line' id='line_1_11' title="bbox 271 969 1849 1044; baseline -0.003 -17"><span class='ocrx_word' id='word_1_61' title='bbox 271 973 367 1027; x_wconf 76' lang='grc' dir='ltr'>καὶ</span> <span class='ocrx_word' id='word_1_62' title='bbox 398 971 544 1044; x_wconf 83' lang='grc' dir='ltr'>ζήλῳ</span> <span class='ocrx_word' id='word_1_63' title='bbox 569 971 978 1043; x_wconf 77' lang='grc' dir='ltr'><strong>πεφραγμένον,</strong></span> <span class='ocrx_word' id='word_1_64' title='bbox 998 971 1180 1024; x_wconf 89' lang='grc' dir='ltr'>λαϐεῖν</span> <span class='ocrx_word' id='word_1_65' title='bbox 1205 987 1263 1024; x_wconf 90' lang='grc' dir='ltr'><strong>τε</strong></span> <span class='ocrx_word' id='word_1_66' title='bbox 1301 970 1362 1023; x_wconf 80' lang='grc' dir='ltr'>τὸ</span> <span class='ocrx_word' id='word_1_67' title='bbox 1391 969 1536 1041; x_wconf 75' lang='grc' dir='ltr'>ὕδωρ</span> <span class='ocrx_word' id='word_1_68' title='bbox 1573 969 1849 1034; x_wconf 84' lang='grc' dir='ltr'>ἐκέλευσε,</span> 
     </span>
    </p>
   </div>
   <div class='ocr_carea' id='block_1_12' title="bbox 274 1060 1846 1132">
    <p class='ocr_par' dir='ltr' id='par_1_12' title="bbox 274 1060 1846 1132">
     <span class='ocr_line' id='line_1_12' title="bbox 274 1060 1846 1132; baseline -0.004 -15"><span class='ocrx_word' id='word_1_69' title='bbox 274 1063 366 1117; x_wconf 66' lang='grc' dir='ltr'><strong>καὶ⁵</strong></span> <span class='ocrx_word' id='word_1_70' title='bbox 395 1062 484 1116; x_wconf 85' lang='grc' dir='ltr'><strong>διά</strong></span> <span class='ocrx_word' id='word_1_71' title='bbox 511 1062 709 1132; x_wconf 82' lang='grc' dir='ltr'><strong>τάχους</strong></span> <span class='ocrx_word' id='word_1_72' title='bbox 727 1061 977 1131; x_wconf 81' lang='grc' dir='ltr'>δραμεῖν,</span> <span class='ocrx_word' id='word_1_73' title='bbox 997 1061 1092 1114; x_wconf 80' lang='grc' dir='ltr'>καὶ</span> <span class='ocrx_word' id='word_1_74' title='bbox 1113 1060 1252 1128; x_wconf 84' lang='grc' dir='ltr'>μετὰ</span> <span class='ocrx_word' id='word_1_75' title='bbox 1277 1061 1514 1121; x_wconf 82' lang='grc' dir='ltr'>πίστεως</span> <span class='ocrx_word' id='word_1_76' title='bbox 1535 1060 1846 1130; x_wconf 74' lang='grc' dir='ltr'>διαρῤᾶναι,</span> 
     </span>
    </p>
   </div>
   <div class='ocr_carea' id='block_1_13' title="bbox 273 1151 1850 1225">
    <p class='ocr_par' dir='ltr' id='par_1_13' title="bbox 273 1151 1850 1225">
     <span class='ocr_line' id='line_1_13' title="bbox 273 1151 1850 1225; baseline -0.004 -16"><span class='ocrx_word' id='word_1_77' title='bbox 273 1154 368 1210; x_wconf 78' lang='grc' dir='ltr'>καὶ</span> <span class='ocrx_word' id='word_1_78' title='bbox 403 1153 503 1225; x_wconf 71' lang='grc' dir='ltr'>τὴν</span> <span class='ocrx_word' id='word_1_79' title='bbox 545 1153 718 1223; x_wconf 80' lang='grc' dir='ltr'>φλόγα</span> <span class='ocrx_word' id='word_1_80' title='bbox 769 1154 1176 1225; x_wconf 82' lang='grc' dir='ltr'>προσενεγκεῖν.</span> <span class='ocrx_word' id='word_1_81' title='bbox 1213 1151 1370 1206; x_wconf 75' lang='grc' dir='ltr'>Οὕτω</span> <span class='ocrx_word' id='word_1_82' title='bbox 1402 1151 1594 1206; x_wconf 87' lang='grc' dir='ltr'>τούτου</span> <span class='ocrx_word' id='word_1_83' title='bbox 1624 1151 1850 1221; x_wconf 87' lang='grc' dir='ltr'>γενομέ-</span> 
     </span>
    </p>
   </div>
   <div class='ocr_carea' id='block_1_14' title="bbox 274 1241 1847 1315">
    <p class='ocr_par' dir='ltr' id='par_1_14' title="bbox 274 1241 1847 1315">
     <span class='ocr_line' id='line_1_14' title="bbox 274 1241 1847 1315; baseline -0.002 -17"><span class='ocrx_word' id='word_1_84' title='bbox 274 1259 390 1309; x_wconf 72' lang='grc' dir='ltr'>νου,</span> <span class='ocrx_word' id='word_1_85' title='bbox 440 1243 756 1315; x_wconf 81' lang='grc' dir='ltr'>ἀπέδραμεν</span> <span class='ocrx_word' id='word_1_86' title='bbox 785 1243 879 1296; x_wconf 77' lang='grc'><strong>⁷⁸6</strong></span> <span class='ocrx_word' id='word_1_87' title='bbox 910 1244 1121 1314; x_wconf 83' lang='grc' dir='ltr'>δαίμων</span> <span class='ocrx_word' id='word_1_88' title='bbox 1167 1245 1267 1298; x_wconf 81' lang='grc' dir='ltr'><strong>οὐκ</strong></span> <span class='ocrx_word' id='word_1_89' title='bbox 1316 1243 1556 1312; x_wconf 82' lang='grc' dir='ltr'>ἐνεγκὼν</span> <span class='ocrx_word' id='word_1_90' title='bbox 1605 1243 1704 1314; x_wconf 83' lang='grc' dir='ltr'>τὴν</span> <span class='ocrx_word' id='word_1_91' title='bbox 1751 1241 1847 1295; x_wconf 88' lang='grc' dir='ltr'><strong>τοῦ</strong></span> 
     </span>
    </p>
   </div>
   <div class='ocr_carea' id='block_1_15' title="bbox 278 1330 1849 1404">
    <p class='ocr_par' dir='ltr' id='par_1_15' title="bbox 278 1330 1849 1404">
     <span class='ocr_line' id='line_1_15' title="bbox 278 1330 1849 1404; baseline 0 -20"><span class='ocrx_word' id='word_1_92' title='bbox 278 1330 468 1398; x_wconf 80' lang='grc' dir='ltr'>ὕδατος</span> <span class='ocrx_word' id='word_1_93' title='bbox 490 1332 797 1404; x_wconf 85' lang='grc' dir='ltr'>προσϐολήν</span> <span class='ocrx_word' id='word_1_94' title='bbox 827 1349 842 1364; x_wconf 88' lang='grc'><strong>·</strong></span> <span class='ocrx_word' id='word_1_95' title='bbox 869 1333 930 1386; x_wconf 85' lang='grc' dir='ltr'>τὸ</span> <span class='ocrx_word' id='word_1_96' title='bbox 956 1334 1012 1386; x_wconf 83' lang='grc' dir='ltr'>δὲ</span> <span class='ocrx_word' id='word_1_97' title='bbox 1042 1333 1154 1404; x_wconf 90' lang='grc' dir='ltr'><strong>πῦρ</strong></span> <span class='ocrx_word' id='word_1_98' title='bbox 1175 1332 1249 1398; x_wconf 83' lang='grc' dir='ltr'><strong>ὡς</strong></span> <span class='ocrx_word' id='word_1_99' title='bbox 1280 1333 1448 1404; x_wconf 88' lang='grc' dir='ltr'>ἐλαίῳ</span> <span class='ocrx_word' id='word_1_100' title='bbox 1467 1332 1544 1402; x_wconf 85' lang='grc' dir='ltr'><strong>τῷ</strong></span> <span class='ocrx_word' id='word_1_101' title='bbox 1570 1332 1849 1403; x_wconf 77' lang='grc' dir='ltr'>ἀντιπάλῳ</span> 
     </span>
    </p>
   </div>
   <div class='ocr_carea' id='block_1_16' title="bbox 276 1422 1852 1493">
    <p class='ocr_par' dir='ltr' id='par_1_16' title="bbox 276 1422 1852 1493">
     <span class='ocr_line' id='line_1_16' title="bbox 276 1422 1852 1493; baseline 0.001 -19"><span class='ocrx_word' id='word_1_102' title='bbox 276 1424 619 1493; x_wconf 72' lang='grc' dir='ltr'>χρησάμενον</span> <span class='ocrx_word' id='word_1_103' title='bbox 665 1422 856 1486; x_wconf 78' lang='grc' dir='ltr'>ὕδατι,</span> <span class='ocrx_word' id='word_1_104' title='bbox 886 1422 1183 1476; x_wconf 88' lang='grc' dir='ltr'>ἐπελάϐετό</span> <span class='ocrx_word' id='word_1_105' title='bbox 1243 1440 1303 1476; x_wconf 89' lang='grc' dir='ltr'><strong>τε</strong></span> <span class='ocrx_word' id='word_1_106' title='bbox 1354 1423 1461 1475; x_wconf 85' lang='grc' dir='ltr'>τῶν</span> <span class='ocrx_word' id='word_1_107' title='bbox 1523 1422 1725 1489; x_wconf 81' lang='grc' dir='ltr'>ξύλων,</span> <span class='ocrx_word' id='word_1_108' title='bbox 1759 1423 1852 1476; x_wconf 68' lang='grc' dir='ltr'>καὶ</span> 
     </span>
    </p>
   </div>
   <div class='ocr_carea' id='block_1_17' title="bbox 275 1509 1851 1583">
    <p class='ocr_par' dir='ltr' id='par_1_17' title="bbox 275 1509 1851 1583">
     <span class='ocr_line' id='line_1_17' title="bbox 275 1509 1851 1583; baseline 0.002 -21"><span class='ocrx_word' id='word_1_109' title='bbox 275 1509 447 1563; x_wconf 84' lang='grc' dir='ltr'>ταῦτα</span> <span class='ocrx_word' id='word_1_110' title='bbox 474 1512 532 1563; x_wconf 88' lang='grc' dir='ltr'><strong>ἐν</strong></span> <span class='ocrx_word' id='word_1_111' title='bbox 572 1513 765 1583; x_wconf 85' lang='grc' dir='ltr'>ἀκαρεῖ</span> <span class='ocrx_word' id='word_1_112' title='bbox 791 1511 1188 1580; x_wconf 79' lang='grc' dir='ltr'>κατηνάλωσεν.</span> <span class='ocrx_word' id='word_1_113' title='bbox 1227 1514 1289 1566; x_wconf 80' lang='grc' dir='ltr'><strong>υἱ</strong></span> <span class='ocrx_word' id='word_1_114' title='bbox 1316 1512 1372 1564; x_wconf 81' lang='grc' dir='ltr'>δὲ</span> <span class='ocrx_word' id='word_1_115' title='bbox 1414 1511 1591 1576; x_wconf 78' lang='grc' dir='ltr'>κίονες</span> <span class='ocrx_word' id='word_1_116' title='bbox 1621 1512 1851 1582; x_wconf 79' lang='grc' dir='ltr'>φρούδου</span> 
     </span>
    </p>
   </div>
   <div class='ocr_carea' id='block_1_18' title="bbox 1947 505 3517 589">
    <p class='ocr_par' dir='ltr' id='par_1_18' title="bbox 1947 505 3517 589">
     <span class='ocr_line' id='line_1_18' title="bbox 1947 505 3517 589; baseline 0 -21"><span class='ocrx_word' id='word_1_117' title='bbox 1947 515 2092 572; x_wconf 86' lang='lat' dir='ltr'><strong>libus</strong></span> <span class='ocrx_word' id='word_1_118' title='bbox 2120 505 2302 578; x_wconf 81' lang='lat' dir='ltr'><strong>dictis.</strong></span> <span class='ocrx_word' id='word_1_119' title='bbox 2330 527 2382 572; x_wconf 93' lang='lat' dir='ltr'><strong>et</strong></span> <span class='ocrx_word' id='word_1_120' title='bbox 2422 517 2579 589; x_wconf 85' lang='lat' dir='ltr'><strong>signo</strong></span> <span class='ocrx_word' id='word_1_121' title='bbox 2607 519 2790 572; x_wconf 82' lang='lat' dir='ltr'><strong>erucis</strong></span> <span class='ocrx_word' id='word_1_122' title='bbox 2827 531 2983 587; x_wconf 67' lang='lat' dir='ltr'><strong>aquae</strong></span> <span class='ocrx_word' id='word_1_123' title='bbox 3025 517 3313 586; x_wconf 85' lang='lat' dir='ltr'><strong>impresso,</strong></span> <span class='ocrx_word' id='word_1_124' title='bbox 3346 513 3517 584; x_wconf 87' lang='lat' dir='ltr'><strong>Equi-</strong></span> 
     </span>
    </p>
   </div>
   <div class='ocr_carea' id='block_1_19' title="bbox 1947 605 3519 678">
    <p class='ocr_par' dir='ltr' id='par_1_19' title="bbox 1947 605 3519 678">
     <span class='ocr_line' id='line_1_19' title="bbox 1947 605 3519 678; baseline -0.002 -18"><span class='ocrx_word' id='word_1_125' title='bbox 1947 607 2084 660; x_wconf 91' lang='lat' dir='ltr'><strong>tium</strong></span> <span class='ocrx_word' id='word_1_126' title='bbox 2123 609 2412 678; x_wconf 82' lang='lat' dir='ltr'><strong>quemdam</strong></span> <span class='ocrx_word' id='word_1_127' title='bbox 2439 624 2504 663; x_wconf 87' lang='lat' dir='ltr'><strong>ex</strong></span> <span class='ocrx_word' id='word_1_128' title='bbox 2540 608 2733 663; x_wconf 90' lang='lat' dir='ltr'><strong>ordine</strong></span> <span class='ocrx_word' id='word_1_129' title='bbox 2761 607 3142 669; x_wconf 84' lang='lat' dir='ltr'><strong>diaconorum,</strong></span> <span class='ocrx_word' id='word_1_130' title='bbox 3174 606 3278 660; x_wconf 87' lang='lat' dir='ltr'><strong>tlde</strong></span> <span class='ocrx_word' id='word_1_131' title='bbox 3309 620 3373 658; x_wconf 87' lang='lat' dir='ltr'><strong>ac</strong></span> <span class='ocrx_word' id='word_1_132' title='bbox 3400 605 3519 658; x_wconf 85' lang='lat' dir='ltr'><strong>zelo</strong></span> 
     </span>
    </p>
   </div>
   <div class='ocr_carea' id='block_1_20' title="bbox 1949 695 3521 768">
    <p class='ocr_par' dir='ltr' id='par_1_20' title="bbox 1949 695 3521 768">
     <span class='ocr_line' id='line_1_20' title="bbox 1949 695 3521 768; baseline -0.003 -16"><span class='ocrx_word' id='word_1_133' title='bbox 1949 700 2244 763; x_wconf 89' lang='lat' dir='ltr'><strong>munitum,</strong></span> <span class='ocrx_word' id='word_1_134' title='bbox 2286 714 2484 768; x_wconf 88' lang='lat' dir='ltr'><strong>aquam</strong></span> <span class='ocrx_word' id='word_1_135' title='bbox 2532 701 2784 768; x_wconf 92' lang='lat' dir='ltr'><strong>accipere</strong></span> <span class='ocrx_word' id='word_1_136' title='bbox 2835 698 3010 768; x_wconf 87' lang='lat' dir='ltr'><strong>jubet,</strong></span> <span class='ocrx_word' id='word_1_137' title='bbox 3042 707 3095 751; x_wconf 91' lang='lat' dir='ltr'><strong>et</strong></span> <span class='ocrx_word' id='word_1_138' title='bbox 3128 698 3282 751; x_wconf 90' lang='lat' dir='ltr'><strong>ocius</strong></span> <span class='ocrx_word' id='word_1_139' title='bbox 3320 695 3434 760; x_wconf 88' lang='lat' dir='ltr'><strong>ire,</strong></span> <span class='ocrx_word' id='word_1_140' title='bbox 3466 703 3521 749; x_wconf 91' lang='lat' dir='ltr'><strong>et</strong></span> 
     </span>
    </p>
   </div>
   <div class='ocr_carea' id='block_1_21' title="bbox 1947 785 3517 860">
    <p class='ocr_par' dir='ltr' id='par_1_21' title="bbox 1947 785 3517 860">
     <span class='ocr_line' id='line_1_21' title="bbox 1947 785 3517 860; baseline -0.005 -16"><span class='ocrx_word' id='word_1_141' title='bbox 1947 803 2073 844; x_wconf 86' lang='lat' dir='ltr'><strong>cum</strong></span> <span class='ocrx_word' id='word_1_142' title='bbox 2110 790 2215 844; x_wconf 86' lang='lat' dir='ltr'><strong>fide</strong></span> <span class='ocrx_word' id='word_1_143' title='bbox 2253 804 2512 860; x_wconf 75' lang='lat' dir='ltr'><strong>spargere</strong></span> <span class='ocrx_word' id='word_1_144' title='bbox 2538 828 2552 852; x_wconf 93' lang='lat'><strong>,</strong></span> <span class='ocrx_word' id='word_1_145' title='bbox 2591 790 2880 858; x_wconf 91' lang='lat' dir='ltr'><strong>ignemque</strong></span> <span class='ocrx_word' id='word_1_146' title='bbox 2940 788 3254 842; x_wconf 86' lang='lat' dir='ltr'><strong>admovere.</strong></span> <span class='ocrx_word' id='word_1_147' title='bbox 3287 785 3406 851; x_wconf 85' lang='lat' dir='ltr'><strong>Quo</strong></span> <span class='ocrx_word' id='word_1_148' title='bbox 3443 786 3517 838; x_wconf 91' lang='lat' dir='ltr'><strong>ita</strong></span> 
     </span>
    </p>
   </div>
   <div class='ocr_carea' id='block_1_22' title="bbox 1952 879 3516 948">
    <p class='ocr_par' dir='ltr' id='par_1_22' title="bbox 1952 879 3516 948">
     <span class='ocr_line' id='line_1_22' title="bbox 1952 879 3516 948; baseline -0.003 -15"><span class='ocrx_word' id='word_1_149' title='bbox 1952 881 2114 943; x_wconf 85' lang='lat' dir='ltr'><strong>facto.</strong></span> <span class='ocrx_word' id='word_1_150' title='bbox 2151 881 2362 936; x_wconf 74' lang='lat' dir='ltr'><strong>danuon</strong></span> <span class='ocrx_word' id='word_1_151' title='bbox 2399 883 2635 936; x_wconf 74' lang='lat' dir='ltr'><strong>excessit</strong></span> <span class='ocrx_word' id='word_1_152' title='bbox 2684 894 2838 948; x_wconf 64' lang='lat' dir='ltr'><strong>aqua:</strong></span> <span class='ocrx_word' id='word_1_153' title='bbox 2889 880 2995 933; x_wconf 85' lang='lat' dir='ltr'><strong>vim</strong></span> <span class='ocrx_word' id='word_1_154' title='bbox 3029 894 3139 932; x_wconf 91' lang='lat' dir='ltr'><strong>non</strong></span> <span class='ocrx_word' id='word_1_155' title='bbox 3198 879 3516 942; x_wconf 73' lang='lat' dir='ltr'><strong>sustinens;</strong></span> 
     </span>
    </p>
   </div>
   <div class='ocr_carea' id='block_1_23' title="bbox 1901 967 3512 1058">
    <p class='ocr_par' dir='ltr' id='par_1_23' title="bbox 1901 967 3512 1058">
     <span class='ocr_line' id='line_1_23' title="bbox 1901 967 3512 1058; baseline -0.004 -32"><span class='ocrx_word' id='word_1_156' title='bbox 1901 1047 1914 1058; x_wconf 28' lang='grc' dir='ltr'><em>υ</em></span> <span class='ocrx_word' id='word_1_157' title='bbox 1948 979 2002 1026; x_wconf 82' lang='grc' dir='ltr'><strong>ει</strong></span> <span class='ocrx_word' id='word_1_158' title='bbox 2027 971 2190 1041; x_wconf 87' lang='lat' dir='ltr'><strong>ignis,</strong></span> <span class='ocrx_word' id='word_1_159' title='bbox 2222 986 2362 1040; x_wconf 85' lang='lat' dir='ltr'><strong>aqua</strong></span> <span class='ocrx_word' id='word_1_160' title='bbox 2394 971 2500 1026; x_wconf 86' lang='lat' dir='ltr'><strong>sibi</strong></span> <span class='ocrx_word' id='word_1_161' title='bbox 2536 971 2813 1025; x_wconf 87' lang='lat' dir='ltr'><strong>contraria</strong></span> <span class='ocrx_word' id='word_1_162' title='bbox 2858 970 3008 1023; x_wconf 92' lang='lat' dir='ltr'><strong>velut</strong></span> <span class='ocrx_word' id='word_1_163' title='bbox 3046 967 3171 1021; x_wconf 87' lang='lat' dir='ltr'><strong>oleo</strong></span> <span class='ocrx_word' id='word_1_164' title='bbox 3217 967 3512 1029; x_wconf 85' lang='lat' dir='ltr'><strong>excitatus,</strong></span> 
     </span>
    </p>
   </div>
   <div class='ocr_carea' id='block_1_24' title="bbox 1949 1049 3514 1135">
    <p class='ocr_par' dir='ltr' id='par_1_24' title="bbox 1949 1049 3514 1135">
     <span class='ocr_line' id='line_1_24' title="bbox 1949 1049 3514 1135; baseline -0.006 -17"><span class='ocrx_word' id='word_1_165' title='bbox 1949 1064 2095 1135; x_wconf 86' lang='lat' dir='ltr'><strong>ligna</strong></span> <span class='ocrx_word' id='word_1_166' title='bbox 2139 1062 2448 1134; x_wconf 88' lang='lat' dir='ltr'><strong>apprendit,</strong></span> <span class='ocrx_word' id='word_1_167' title='bbox 2499 1077 2672 1132; x_wconf 89' lang='lat' dir='ltr'><strong>eaque</strong></span> <span class='ocrx_word' id='word_1_168' title='bbox 2712 1068 2988 1114; x_wconf 90' lang='lat' dir='ltr'><strong>momento</strong></span> <span class='ocrx_word' id='word_1_169' title='bbox 3015 1058 3377 1124; x_wconf 84' lang='lat' dir='ltr'><strong>consumpsit.</strong></span> <span class='ocrx_word' id='word_1_170' title='bbox 3405 1049 3514 1110; x_wconf 63' lang='lat' dir='ltr'><strong>Co:</strong></span> 
     </span>
    </p>
   </div>
   <div class='ocr_carea' id='block_1_25' title="bbox 1951 1147 3521 1222">
    <p class='ocr_par' dir='ltr' id='par_1_25' title="bbox 1951 1147 3521 1222">
     <span class='ocr_line' id='line_1_25' title="bbox 1951 1147 3521 1222; baseline -0.006 -12"><span class='ocrx_word' id='word_1_171' title='bbox 1951 1155 2152 1210; x_wconf 66' lang='lat' dir='ltr'><strong>lumnae</strong></span> <span class='ocrx_word' id='word_1_172' title='bbox 2185 1170 2315 1210; x_wconf 89' lang='lat' dir='ltr'><strong>vero</strong></span> <span class='ocrx_word' id='word_1_173' title='bbox 2337 1197 2352 1222; x_wconf 88' lang='lat'><strong>,</strong></span> <span class='ocrx_word' id='word_1_174' title='bbox 2386 1155 2616 1210; x_wconf 77' lang='lat' dir='ltr'><strong>sublatis</strong></span> <span class='ocrx_word' id='word_1_175' title='bbox 2645 1169 2675 1209; x_wconf 88' lang='lat' dir='ltr'><strong>e</strong></span> <span class='ocrx_word' id='word_1_176' title='bbox 2705 1153 2883 1208; x_wconf 87' lang='lat' dir='ltr'><strong>medio</strong></span> <span class='ocrx_word' id='word_1_177' title='bbox 2929 1151 3213 1206; x_wconf 76' lang='lat' dir='ltr'><strong>fulmentis</strong></span> <span class='ocrx_word' id='word_1_178' title='bbox 3243 1190 3258 1211; x_wconf 88' lang='lat'><strong>.</strong></span> <span class='ocrx_word' id='word_1_179' title='bbox 3298 1158 3352 1201; x_wconf 89' lang='lat' dir='ltr'><strong>et</strong></span> <span class='ocrx_word' id='word_1_180' title='bbox 3387 1147 3521 1215; x_wconf 70' lang='lat' dir='ltr'><strong>ipsa:</strong></span> 
     </span>
    </p>
   </div>
   <div class='ocr_carea' id='block_1_26' title="bbox 1952 1243 3520 1317">
    <p class='ocr_par' dir='ltr' id='par_1_26' title="bbox 1952 1243 3520 1317">
     <span class='ocr_line' id='line_1_26' title="bbox 1952 1243 3520 1317; baseline -0.007 -16"><span class='ocrx_word' id='word_1_181' title='bbox 1952 1248 2210 1317; x_wconf 67' lang='lat' dir='ltr'><strong>collapsa:</strong></span> <span class='ocrx_word' id='word_1_182' title='bbox 2272 1255 2436 1308; x_wconf 85' lang='lat' dir='ltr'><strong>sunt.</strong></span> <span class='ocrx_word' id='word_1_183' title='bbox 2485 1256 2540 1302; x_wconf 91' lang='lat' dir='ltr'><strong>et</strong></span> <span class='ocrx_word' id='word_1_184' title='bbox 2597 1245 2736 1300; x_wconf 90' lang='lat' dir='ltr'><strong>alias</strong></span> <span class='ocrx_word' id='word_1_185' title='bbox 2789 1243 3081 1298; x_wconf 86' lang='lat' dir='ltr'><strong>duodecim</strong></span> <span class='ocrx_word' id='word_1_186' title='bbox 3135 1246 3520 1304; x_wconf 88' lang='lat' dir='ltr'><strong>attraxerunt,</strong></span> 
     </span>
    </p>
   </div>
   <div class='ocr_carea' id='block_1_27' title="bbox 1952 1330 3520 1408">
    <p class='ocr_par' dir='ltr' id='par_1_27' title="bbox 1952 1330 3520 1408">
     <span class='ocr_line' id='line_1_27' title="bbox 1952 1330 3520 1408; baseline -0.007 -16"><span class='ocrx_word' id='word_1_187' title='bbox 1952 1339 2206 1408; x_wconf 90' lang='lat' dir='ltr'><strong>latusque</strong></span> <span class='ocrx_word' id='word_1_188' title='bbox 2273 1338 2515 1402; x_wconf 78' lang='lat' dir='ltr'><strong>delubri,</strong></span> <span class='ocrx_word' id='word_1_189' title='bbox 2556 1339 2574 1357; x_wconf 84' lang='lat'><strong><em>°</em></strong></span> <span class='ocrx_word' id='word_1_190' title='bbox 2637 1335 2784 1406; x_wconf 89' lang='lat' dir='ltr'><strong>quod</strong></span> <span class='ocrx_word' id='word_1_191' title='bbox 2847 1333 3120 1390; x_wconf 89' lang='lat' dir='ltr'><strong>columnis</strong></span> <span class='ocrx_word' id='word_1_192' title='bbox 3184 1330 3520 1389; x_wconf 63' lang='lat' dir='ltr'><strong>adhaerebat.</strong></span> 
     </span>
    </p>
   </div>
   <div class='ocr_carea' id='block_1_28' title="bbox 1953 1419 3522 1496">
    <p class='ocr_par' dir='ltr' id='par_1_28' title="bbox 1953 1419 3522 1496">
     <span class='ocr_line' id='line_1_28' title="bbox 1953 1419 3522 1496; baseline -0.005 -18"><span class='ocrx_word' id='word_1_193' title='bbox 1953 1426 2070 1495; x_wconf 89' lang='lat' dir='ltr'><strong>pari</strong></span> <span class='ocrx_word' id='word_1_194' title='bbox 2107 1426 2267 1480; x_wconf 91' lang='lat' dir='ltr'><strong>ruina</strong></span> <span class='ocrx_word' id='word_1_195' title='bbox 2300 1426 2562 1480; x_wconf 77' lang='lat' dir='ltr'><strong>concidit.</strong></span> <span class='ocrx_word' id='word_1_196' title='bbox 2593 1423 2804 1496; x_wconf 83' lang='lat' dir='ltr'><strong>Fragor</strong></span> <span class='ocrx_word' id='word_1_197' title='bbox 2829 1434 3031 1489; x_wconf 87' lang='lat' dir='ltr'><strong>autem,</strong></span> <span class='ocrx_word' id='word_1_198' title='bbox 3061 1423 3154 1493; x_wconf 91' lang='lat' dir='ltr'><strong>qui</strong></span> <span class='ocrx_word' id='word_1_199' title='bbox 3180 1422 3374 1491; x_wconf 85' lang='lat' dir='ltr'><strong>ingens</strong></span> <span class='ocrx_word' id='word_1_200' title='bbox 3399 1419 3522 1482; x_wconf 90' lang='lat' dir='ltr'><strong>fuit,</strong></span> 
     </span>
    </p>
   </div>
   <div class='ocr_carea' id='block_1_29' title="bbox 1951 1512 3521 1586">
    <p class='ocr_par' dir='ltr' id='par_1_29' title="bbox 1951 1512 3521 1586">
     <span class='ocr_line' id='line_1_29' title="bbox 1951 1512 3521 1586; baseline -0.006 -14"><span class='ocrx_word' id='word_1_201' title='bbox 1951 1525 2119 1572; x_wconf 90' lang='lat' dir='ltr'><strong>totam</strong></span> <span class='ocrx_word' id='word_1_202' title='bbox 2151 1518 2340 1571; x_wconf 87' lang='lat' dir='ltr'><strong>urbem</strong></span> <span class='ocrx_word' id='word_1_203' title='bbox 2389 1526 2723 1586; x_wconf 82' lang='lat' dir='ltr'><strong>pervagatus</strong></span> <span class='ocrx_word' id='word_1_204' title='bbox 2778 1531 2972 1570; x_wconf 91' lang='lat' dir='ltr'><strong>omnes</strong></span> <span class='ocrx_word' id='word_1_205' title='bbox 3024 1514 3090 1567; x_wconf 92' lang='lat' dir='ltr'><strong>ad</strong></span> <span class='ocrx_word' id='word_1_206' title='bbox 3147 1512 3521 1582; x_wconf 80' lang='lat' dir='ltr'><strong>spectaculum</strong></span> 
     </span>
    </p>
   </div>
   <div class='ocr_carea' id='block_1_30' title="bbox 276 1597 1853 1672">
    <p class='ocr_par' dir='ltr' id='par_1_30' title="bbox 276 1597 1853 1672">
     <span class='ocr_line' id='line_1_30' title="bbox 276 1597 1853 1672; baseline 0.004 -22"><span class='ocrx_word' id='word_1_207' title='bbox 276 1597 372 1650; x_wconf 88' lang='grc' dir='ltr'><strong>τοῦ</strong></span> <span class='ocrx_word' id='word_1_208' title='bbox 420 1599 720 1670; x_wconf 82' lang='grc' dir='ltr'>ἐρείδοντος</span> <span class='ocrx_word' id='word_1_209' title='bbox 757 1602 1052 1672; x_wconf 81' lang='grc' dir='ltr'>γενομένου</span> <span class='ocrx_word' id='word_1_210' title='bbox 1097 1602 1250 1654; x_wconf 81' lang='grc' dir='ltr'>αὐτοί</span> <span class='ocrx_word' id='word_1_211' title='bbox 1287 1617 1347 1654; x_wconf 90' lang='grc' dir='ltr'><strong>τε</strong></span> <span class='ocrx_word' id='word_1_212' title='bbox 1395 1602 1715 1665; x_wconf 88' lang='grc' dir='ltr'>κατέπεσον,</span> <span class='ocrx_word' id='word_1_213' title='bbox 1759 1604 1853 1656; x_wconf 76' lang='grc' dir='ltr'>καὶ</span> 
     </span>
    </p>
   </div>
   <div class='ocr_carea' id='block_1_31' title="bbox 277 1689 1853 1757">
    <p class='ocr_par' dir='ltr' id='par_1_31' title="bbox 277 1689 1853 1757">
     <span class='ocr_line' id='line_1_31' title="bbox 277 1689 1853 1757; baseline 0.002 -14"><span class='ocrx_word' id='word_1_214' title='bbox 277 1689 469 1752; x_wconf 78' lang='grc' dir='ltr'>ἄλλους</span> <span class='ocrx_word' id='word_1_215' title='bbox 501 1691 757 1746; x_wconf 75' lang='grc' dir='ltr'>εἵλκυσαν</span> <span class='ocrx_word' id='word_1_216' title='bbox 799 1691 1140 1746; x_wconf 79' lang='grc' dir='ltr'>δυοκαίδεκα.</span> <span class='ocrx_word' id='word_1_217' title='bbox 1171 1692 1278 1745; x_wconf 80' lang='grc' dir='ltr'><strong>Καὶ</strong></span> <span class='ocrx_word' id='word_1_218' title='bbox 1314 1692 1408 1745; x_wconf 83' lang='grc' dir='ltr'><strong>τοῦ</strong></span> <span class='ocrx_word' id='word_1_219' title='bbox 1437 1693 1542 1745; x_wconf 86' lang='grc' dir='ltr'>νεὼ</span> <span class='ocrx_word' id='word_1_220' title='bbox 1565 1693 1621 1746; x_wconf 82' lang='grc' dir='ltr'>δὲ</span> <span class='ocrx_word' id='word_1_221' title='bbox 1654 1693 1714 1746; x_wconf 78' lang='grc' dir='ltr'>τὸ</span> <span class='ocrx_word' id='word_1_222' title='bbox 1742 1696 1853 1757; x_wconf 87' lang='grc' dir='ltr'>τοῖς</span> 
     </span>
    </p>
   </div>
   <div class='ocr_carea' id='block_1_32' title="bbox 1951 1603 3524 1672">
    <p class='ocr_par' dir='ltr' id='par_1_32' title="bbox 1951 1603 3524 1672">
     <span class='ocr_line' id='line_1_32' title="bbox 1951 1603 3524 1672; baseline -0.006 -10"><span class='ocrx_word' id='word_1_223' title='bbox 1951 1606 2298 1662; x_wconf 79' lang='lat' dir='ltr'><strong>convocavit.</strong></span> <span class='ocrx_word' id='word_1_224' title='bbox 2331 1604 2433 1671; x_wconf 88' lang='lat' dir='ltr'><strong>Qui</strong></span> <span class='ocrx_word' id='word_1_225' title='bbox 2461 1605 2552 1660; x_wconf 91' lang='lat' dir='ltr'><strong>ubi</strong></span> <span class='ocrx_word' id='word_1_226' title='bbox 2595 1605 2778 1660; x_wconf 90' lang='lat' dir='ltr'><strong>infesti</strong></span> <span class='ocrx_word' id='word_1_227' title='bbox 2809 1605 3078 1659; x_wconf 64' lang='lat' dir='ltr'><strong>daemonis</strong></span> <span class='ocrx_word' id='word_1_228' title='bbox 3105 1603 3286 1672; x_wconf 81' lang='lat' dir='ltr'><strong>fugam</strong></span> <span class='ocrx_word' id='word_1_229' title='bbox 3318 1615 3524 1670; x_wconf 83' lang='lat' dir='ltr'><strong>cogno-</strong></span> 
     </span>
    </p>
   </div>
   <div class='ocr_carea' id='block_1_33' title="bbox 1953 1693 3522 1760">
    <p class='ocr_par' dir='ltr' id='par_1_33' title="bbox 1953 1693 3522 1760">
     <span class='ocr_line' id='line_1_33' title="bbox 1953 1693 3522 1760; baseline -0.006 -8"><span class='ocrx_word' id='word_1_230' title='bbox 1953 1711 2100 1760; x_wconf 84' lang='lat' dir='ltr'><strong>vere,</strong></span> <span class='ocrx_word' id='word_1_231' title='bbox 2132 1695 2199 1750; x_wconf 89' lang='lat' dir='ltr'><strong>ad</strong></span> <span class='ocrx_word' id='word_1_232' title='bbox 2225 1695 2393 1751; x_wconf 90' lang='lat' dir='ltr'><strong>Deum</strong></span> <span class='ocrx_word' id='word_1_233' title='bbox 2425 1698 2811 1751; x_wconf 89' lang='lat' dir='ltr'><strong>universorum</strong></span> <span class='ocrx_word' id='word_1_234' title='bbox 2845 1695 3102 1750; x_wconf 81' lang='lat' dir='ltr'><strong>laudibus</strong></span> <span class='ocrx_word' id='word_1_235' title='bbox 3135 1693 3522 1748; x_wconf 85' lang='lat' dir='ltr'><strong>celebrandum</strong></span> 
     </span>
    </p>
   </div>
   <div class='ocr_carea' id='block_1_34' title="bbox 280 1775 1855 1857">
    <p class='ocr_par' dir='ltr' id='par_1_34' title="bbox 280 1780 1855 1855">
     <span class='ocr_line' id='line_1_34' title="bbox 280 1780 1855 1855; baseline 0.001 -21"><span class='ocrx_word' id='word_1_236' title='bbox 280 1780 421 1834; x_wconf 80' lang='grc' dir='ltr'>κίοσι</span> <span class='ocrx_word' id='word_1_237' title='bbox 444 1783 788 1854; x_wconf 83' lang='grc' dir='ltr'>συνημμένον</span> <span class='ocrx_word' id='word_1_238' title='bbox 809 1784 1116 1855; x_wconf 79' lang='grc' dir='ltr'>κατηνέχθη</span> <span class='ocrx_word' id='word_1_239' title='bbox 1148 1784 1380 1854; x_wconf 82' lang='grc' dir='ltr'>πλευρὸν</span> <span class='ocrx_word' id='word_1_240' title='bbox 1399 1824 1414 1849; x_wconf 92' lang='grc'><strong>,</strong></span> <span class='ocrx_word' id='word_1_241' title='bbox 1443 1784 1548 1837; x_wconf 83' lang='grc' dir='ltr'><strong>ὑπὸ</strong></span> <span class='ocrx_word' id='word_1_242' title='bbox 1585 1785 1682 1854; x_wconf 83' lang='grc' dir='ltr'>τῆς</span> <span class='ocrx_word' id='word_1_243' title='bbox 1708 1785 1798 1838; x_wconf 83' lang='grc' dir='ltr'><strong>ἐκε</strong></span> <span class='ocrx_word' id='word_1_244' title='bbox 1809 1785 1855 1836; x_wconf 85' lang='grc' dir='ltr'>ί-</span> 
     </span>
    </p>
   </div>
   <div class='ocr_carea' id='block_1_35' title="bbox 1953 1775 3525 1857">
    <p class='ocr_par' dir='ltr' id='par_1_35' title="bbox 1956 1785 3525 1857">
     <span class='ocr_line' id='line_1_35' title="bbox 1956 1785 3525 1857; baseline -0.004 -17"><span class='ocrx_word' id='word_1_245' title='bbox 1956 1786 2195 1857; x_wconf 90' lang='lat' dir='ltr'><strong>linguam</strong></span> <span class='ocrx_word' id='word_1_246' title='bbox 2221 1788 2552 1842; x_wconf 80' lang='lat' dir='ltr'><strong>excitarunt.</strong></span> <span class='ocrx_word' id='word_1_247' title='bbox 2584 1787 2788 1842; x_wconf 86' lang='lat' dir='ltr'><strong>Eodem</strong></span> <span class='ocrx_word' id='word_1_248' title='bbox 2823 1787 2987 1841; x_wconf 92' lang='lat' dir='ltr'><strong>modo</strong></span> <span class='ocrx_word' id='word_1_249' title='bbox 3022 1786 3244 1842; x_wconf 87' lang='lat' dir='ltr'><strong>divinus</strong></span> <span class='ocrx_word' id='word_1_250' title='bbox 3276 1785 3364 1838; x_wconf 89' lang='lat' dir='ltr'><strong>hic</strong></span> <span class='ocrx_word' id='word_1_251' title='bbox 3389 1797 3525 1852; x_wconf 84' lang='lat' dir='ltr'><strong>pou-</strong></span> 
     </span>
    </p>
   </div>
   <div class='ocr_carea' id='block_1_36' title="bbox 278 1869 1855 1949">
    <p class='ocr_par' dir='ltr' id='par_1_36' title="bbox 278 1869 1855 1940">
     <span class='ocr_line' id='line_1_36' title="bbox 278 1869 1855 1940; baseline 0.004 -19"><span class='ocrx_word' id='word_1_252' title='bbox 278 1887 386 1922; x_wconf 86' lang='grc' dir='ltr'><strong>νων</strong></span> <span class='ocrx_word' id='word_1_253' title='bbox 435 1869 556 1940; x_wconf 86' lang='grc' dir='ltr'>βίας</span> <span class='ocrx_word' id='word_1_254' title='bbox 604 1871 984 1932; x_wconf 87' lang='grc' dir='ltr'>συνελκυσθέν.</span> <span class='ocrx_word' id='word_1_255' title='bbox 1048 1874 1107 1928; x_wconf 89' lang='lat'><strong>&#39;0</strong></span> <span class='ocrx_word' id='word_1_256' title='bbox 1133 1874 1191 1927; x_wconf 81' lang='grc' dir='ltr'>δὲ</span> <span class='ocrx_word' id='word_1_257' title='bbox 1243 1873 1450 1938; x_wconf 79' lang='grc' dir='ltr'>κτύπος</span> <span class='ocrx_word' id='word_1_258' title='bbox 1486 1876 1568 1938; x_wconf 88' lang='grc' dir='ltr'><strong>είς</strong></span> <span class='ocrx_word' id='word_1_259' title='bbox 1615 1875 1761 1928; x_wconf 84' lang='grc' dir='ltr'>ᾰπαν</span> <span class='ocrx_word' id='word_1_260' title='bbox 1795 1874 1855 1928; x_wconf 80' lang='grc' dir='ltr'><strong>τδ</strong></span> 
     </span>
    </p>
   </div>
   <div class='ocr_carea' id='block_1_37' title="bbox 1953 1869 3524 1949">
    <p class='ocr_par' dir='ltr' id='par_1_37' title="bbox 1953 1874 3524 1949">
     <span class='ocr_line' id='line_1_37' title="bbox 1953 1874 3524 1949; baseline -0.005 -15"><span class='ocrx_word' id='word_1_261' title='bbox 1953 1879 2087 1935; x_wconf 88' lang='lat' dir='ltr'><strong>tifex</strong></span> <span class='ocrx_word' id='word_1_262' title='bbox 2125 1880 2232 1934; x_wconf 90' lang='lat' dir='ltr'><strong>alia</strong></span> <span class='ocrx_word' id='word_1_263' title='bbox 2267 1893 2495 1949; x_wconf 88' lang='lat' dir='ltr'><strong>quoque</strong></span> <span class='ocrx_word' id='word_1_264' title='bbox 2523 1877 2649 1933; x_wconf 88' lang='lat' dir='ltr'><strong>fana</strong></span> <span class='ocrx_word' id='word_1_265' title='bbox 2678 1879 2970 1938; x_wconf 82' lang='lat' dir='ltr'><strong>demolitus</strong></span> <span class='ocrx_word' id='word_1_266' title='bbox 2998 1886 3104 1932; x_wconf 89' lang='lat' dir='ltr'><strong>est.</strong></span> <span class='ocrx_word' id='word_1_267' title='bbox 3138 1876 3386 1945; x_wconf 88' lang='lat' dir='ltr'><strong>Cumque</strong></span> <span class='ocrx_word' id='word_1_268' title='bbox 3417 1874 3524 1927; x_wconf 89' lang='lat' dir='ltr'><strong>alia</strong></span> 
     </span>
    </p>
   </div>
   <div class='ocr_carea' id='block_1_38' title="bbox 280 1955 1855 2043">
    <p class='ocr_par' dir='ltr' id='par_1_38' title="bbox 280 1955 1855 2037">
     <span class='ocr_line' id='line_1_38' title="bbox 280 1955 1855 2037; baseline 0.003 -24"><span class='ocrx_word' id='word_1_269' title='bbox 280 1959 415 2013; x_wconf 75' lang='grc' dir='ltr'>ἄστυ</span> <span class='ocrx_word' id='word_1_270' title='bbox 441 1960 774 2032; x_wconf 83' lang='grc' dir='ltr'>διαδραμὼν,</span> <span class='ocrx_word' id='word_1_271' title='bbox 801 1963 970 2028; x_wconf 81' lang='grc' dir='ltr'>πολὺς</span> <span class='ocrx_word' id='word_1_272' title='bbox 997 1965 1104 2037; x_wconf 87' lang='grc' dir='ltr'><strong>γὰρ</strong></span> <span class='ocrx_word' id='word_1_273' title='bbox 1125 1961 1214 2036; x_wconf 83' lang='grc' dir='ltr'>ἦν,</span> <span class='ocrx_word' id='word_1_274' title='bbox 1231 1955 1450 2030; x_wconf 81' lang='grc' dir='ltr'>’πάντας</span> <span class='ocrx_word' id='word_1_275' title='bbox 1473 1969 1550 2029; x_wconf 85' lang='grc' dir='ltr'><strong>είς</strong></span> <span class='ocrx_word' id='word_1_276' title='bbox 1579 1965 1708 2018; x_wconf 87' lang='grc' dir='ltr'>θέαν</span> <span class='ocrx_word' id='word_1_277' title='bbox 1732 1983 1855 2018; x_wconf 91' lang='grc' dir='ltr'>συν-</span> 
     </span>
    </p>
   </div>
   <div class='ocr_carea' id='block_1_39' title="bbox 1953 1955 3526 2043">
    <p class='ocr_par' dir='ltr' id='par_1_39' title="bbox 1953 1969 3526 2043">
     <span class='ocr_line' id='line_1_39' title="bbox 1953 1969 3526 2043; baseline -0.005 -17"><span class='ocrx_word' id='word_1_278' title='bbox 1953 1972 2224 2043; x_wconf 89' lang='lat' dir='ltr'><strong>permulta</strong></span> <span class='ocrx_word' id='word_1_279' title='bbox 2256 1971 2322 2026; x_wconf 95' lang='lat' dir='ltr'><strong>de</strong></span> <span class='ocrx_word' id='word_1_280' title='bbox 2354 1972 2457 2026; x_wconf 92' lang='lat' dir='ltr'><strong>hoe</strong></span> <span class='ocrx_word' id='word_1_281' title='bbox 2481 1972 2601 2026; x_wconf 92' lang='lat' dir='ltr'><strong>viro</strong></span> <span class='ocrx_word' id='word_1_282' title='bbox 2629 1971 2788 2025; x_wconf 85' lang='lat' dir='ltr'><strong>valde</strong></span> <span class='ocrx_word' id='word_1_283' title='bbox 2815 1969 3137 2025; x_wconf 87' lang='lat' dir='ltr'><strong>admiranda</strong></span> <span class='ocrx_word' id='word_1_284' title='bbox 3171 1971 3526 2038; x_wconf 88' lang='lat' dir='ltr'><strong>suppeterent</strong></span> 
     </span>
    </p>
   </div>
   <div class='ocr_carea' id='block_1_40' title="bbox 281 2053 1855 2133">
    <p class='ocr_par' dir='ltr' id='par_1_40' title="bbox 281 2053 1855 2132">
     <span class='ocr_line' id='line_1_40' title="bbox 281 2053 1855 2132; baseline 0.004 -28"><span class='ocrx_word' id='word_1_285' title='bbox 281 2053 521 2124; x_wconf 85' lang='grc' dir='ltr'>ήγειρεν,</span> <span class='ocrx_word' id='word_1_286' title='bbox 582 2055 735 2109; x_wconf 77' lang='grc' dir='ltr'>Ἐπεὶ</span> <span class='ocrx_word' id='word_1_287' title='bbox 779 2055 834 2109; x_wconf 86' lang='grc' dir='ltr'><strong>δέ</strong></span> <span class='ocrx_word' id='word_1_288' title='bbox 868 2059 920 2132; x_wconf 23' lang='grc' dir='ltr'><strong>τοὶ</strong></span> <span class='ocrx_word' id='word_1_289' title='bbox 945 2059 1040 2111; x_wconf 78' lang='grc' dir='ltr'>καὶ</span> <span class='ocrx_word' id='word_1_290' title='bbox 1091 2057 1185 2111; x_wconf 90' lang='grc' dir='ltr'><strong>τοῦ</strong></span> <span class='ocrx_word' id='word_1_291' title='bbox 1255 2059 1550 2112; x_wconf 82' lang='grc' dir='ltr'>ἀντιπάλου</span> <span class='ocrx_word' id='word_1_292' title='bbox 1601 2059 1855 2128; x_wconf 78' lang='grc' dir='ltr'>δαίμονος</span> 
     </span>
    </p>
   </div>
   <div class='ocr_carea' id='block_1_41' title="bbox 1953 2053 3526 2133">
    <p class='ocr_par' dir='ltr' id='par_1_41' title="bbox 1953 2057 3526 2133">
     <span class='ocr_line' id='line_1_41' title="bbox 1953 2057 3526 2133; baseline -0.004 -18"><span class='ocrx_word' id='word_1_293' title='bbox 1953 2078 2076 2133; x_wconf 70' lang='lat' dir='ltr'><strong>qua:</strong></span> <span class='ocrx_word' id='word_1_294' title='bbox 2110 2077 2393 2118; x_wconf 87' lang='lat' dir='ltr'><strong>narrarem</strong></span> <span class='ocrx_word' id='word_1_295' title='bbox 2435 2061 2578 2132; x_wconf 91' lang='lat' dir='ltr'><strong>(nam</strong></span> <span class='ocrx_word' id='word_1_296' title='bbox 2609 2070 2661 2118; x_wconf 89' lang='lat' dir='ltr'><strong>et</strong></span> <span class='ocrx_word' id='word_1_297' title='bbox 2695 2063 2914 2118; x_wconf 82' lang='lat' dir='ltr'><strong>invictis</strong></span> <span class='ocrx_word' id='word_1_298' title='bbox 2955 2061 3289 2132; x_wconf 87' lang='lat' dir='ltr'><strong>martyribus</strong></span> <span class='ocrx_word' id='word_1_299' title='bbox 3319 2057 3526 2112; x_wconf 83' lang='lat' dir='ltr'><strong>scribe-</strong></span> 
     </span>
    </p>
   </div>
   <div class='ocr_carea' id='block_1_42' title="bbox 280 2143 1855 2226">
    <p class='ocr_par' dir='ltr' id='par_1_42' title="bbox 280 2143 1855 2222">
     <span class='ocr_line' id='line_1_42' title="bbox 280 2143 1855 2222; baseline 0.005 -28"><span class='ocrx_word' id='word_1_300' title='bbox 280 2143 482 2211; x_wconf 74' lang='grc' dir='ltr'>ἔμαθον</span> <span class='ocrx_word' id='word_1_301' title='bbox 514 2145 613 2217; x_wconf 84' lang='grc' dir='ltr'><strong>τὴν</strong></span> <span class='ocrx_word' id='word_1_302' title='bbox 643 2148 940 2219; x_wconf 78' lang='grc' dir='ltr'>φυγὴν,εῐς</span> <span class='ocrx_word' id='word_1_303' title='bbox 966 2149 1241 2222; x_wconf 84' lang='grc' dir='ltr'>ὑμνῳδίαν</span> <span class='ocrx_word' id='word_1_304' title='bbox 1267 2150 1361 2203; x_wconf 90' lang='grc' dir='ltr'><strong>τοῦ</strong></span> <span class='ocrx_word' id='word_1_305' title='bbox 1403 2150 1538 2204; x_wconf 88' lang='grc' dir='ltr'>Θεοῦ</span> <span class='ocrx_word' id='word_1_306' title='bbox 1571 2150 1676 2204; x_wconf 83' lang='grc' dir='ltr'><strong>τῶν</strong></span> <span class='ocrx_word' id='word_1_307' title='bbox 1721 2150 1855 2204; x_wconf 80' lang='grc' dir='ltr'>ὅλων</span> 
     </span>
    </p>
   </div>
   <div class='ocr_carea' id='block_1_43' title="bbox 1953 2143 3527 2226">
    <p class='ocr_par' dir='ltr' id='par_1_43' title="bbox 1953 2151 3527 2226">
     <span class='ocr_line' id='line_1_43' title="bbox 1953 2151 3527 2226; baseline -0.004 -16"><span class='ocrx_word' id='word_1_308' title='bbox 1953 2155 2068 2219; x_wconf 87' lang='lat' dir='ltr'><strong>bat,</strong></span> <span class='ocrx_word' id='word_1_309' title='bbox 2121 2163 2175 2209; x_wconf 90' lang='lat' dir='ltr'><strong>et</strong></span> <span class='ocrx_word' id='word_1_310' title='bbox 2226 2170 2498 2225; x_wconf 90' lang='lat' dir='ltr'><strong>responsa</strong></span> <span class='ocrx_word' id='word_1_311' title='bbox 2548 2155 2884 2226; x_wconf 89' lang='lat' dir='ltr'><strong>accipiebat,</strong></span> <span class='ocrx_word' id='word_1_312' title='bbox 2937 2154 3269 2223; x_wconf 90' lang='lat' dir='ltr'><strong>tandemque</strong></span> <span class='ocrx_word' id='word_1_313' title='bbox 3300 2159 3354 2206; x_wconf 86' lang='lat' dir='ltr'><strong>et</strong></span> <span class='ocrx_word' id='word_1_314' title='bbox 3410 2151 3527 2220; x_wconf 85' lang='lat' dir='ltr'><strong>ipse</strong></span> 
     </span>
    </p>
   </div>
   <div class='ocr_carea' id='block_1_44' title="bbox 279 2233 1855 2316">
    <p class='ocr_par' dir='ltr' id='par_1_44' title="bbox 279 2233 1854 2310">
     <span class='ocr_line' id='line_1_44' title="bbox 279 2233 1854 2310; baseline 0.004 -25"><span class='ocrx_word' id='word_1_315' title='bbox 279 2234 378 2302; x_wconf 78' lang='grc' dir='ltr'>τὴν</span> <span class='ocrx_word' id='word_1_316' title='bbox 407 2233 653 2302; x_wconf 87' lang='grc' dir='ltr'>γλῶτταν</span> <span class='ocrx_word' id='word_1_317' title='bbox 676 2238 955 2310; x_wconf 84' lang='grc' dir='ltr'>ἐκίνησαν.</span> <span class='ocrx_word' id='word_1_318' title='bbox 989 2240 1144 2294; x_wconf 83' lang='grc' dir='ltr'>Οῦτω</span> <span class='ocrx_word' id='word_1_319' title='bbox 1178 2241 1272 2295; x_wconf 75' lang='grc' dir='ltr'>καὶ</span> <span class='ocrx_word' id='word_1_320' title='bbox 1297 2241 1464 2296; x_wconf 77' lang='grc' dir='ltr'>τᾶλλα</span> <span class='ocrx_word' id='word_1_321' title='bbox 1491 2241 1694 2310; x_wconf 85' lang='grc' dir='ltr'>τεμένη</span> <span class='ocrx_word' id='word_1_322' title='bbox 1723 2257 1854 2292; x_wconf 85' lang='grc' dir='ltr'>κατ-</span> 
     </span>
    </p>
   </div>
   <div class='ocr_carea' id='block_1_45' title="bbox 1953 2233 3526 2316">
    <p class='ocr_par' dir='ltr' id='par_1_45' title="bbox 1958 2244 3526 2316">
     <span class='ocr_line' id='line_1_45' title="bbox 1958 2244 3526 2316; baseline -0.001 -19"><span class='ocrx_word' id='word_1_323' title='bbox 1958 2245 2208 2316; x_wconf 83' lang='lat' dir='ltr'><strong>martyrii</strong></span> <span class='ocrx_word' id='word_1_324' title='bbox 2262 2261 2520 2299; x_wconf 89' lang='lat' dir='ltr'><strong>coronam</strong></span> <span class='ocrx_word' id='word_1_325' title='bbox 2561 2245 2794 2314; x_wconf 90' lang='lat' dir='ltr'><strong>adeptus</strong></span> <span class='ocrx_word' id='word_1_326' title='bbox 2845 2248 2974 2313; x_wconf 87' lang='lat' dir='ltr'><strong>est),</strong></span> <span class='ocrx_word' id='word_1_327' title='bbox 3009 2246 3122 2300; x_wconf 63' lang='lat' dir='ltr'><strong>hare</strong></span> <span class='ocrx_word' id='word_1_328' title='bbox 3171 2244 3224 2298; x_wconf 92' lang='lat' dir='ltr'><strong>in</strong></span> <span class='ocrx_word' id='word_1_329' title='bbox 3288 2255 3526 2313; x_wconf 63' lang='lat' dir='ltr'><strong>prmsens</strong></span> 
     </span>
    </p>
   </div>
   <div class='ocr_carea' id='block_1_46' title="bbox 281 2325 1855 2406">
    <p class='ocr_par' dir='ltr' id='par_1_46' title="bbox 281 2325 1852 2404">
     <span class='ocr_line' id='line_1_46' title="bbox 281 2325 1852 2404; baseline 0.005 -26"><span class='ocrx_word' id='word_1_330' title='bbox 281 2325 469 2379; x_wconf 79' lang='grc' dir='ltr'>έλυσεν</span> <span class='ocrx_word' id='word_1_331' title='bbox 491 2327 520 2379; x_wconf 87' lang='grc' dir='ltr'><strong>ό</strong></span> <span class='ocrx_word' id='word_1_332' title='bbox 551 2328 692 2392; x_wconf 91' lang='grc' dir='ltr'>θεῖος</span> <span class='ocrx_word' id='word_1_333' title='bbox 723 2331 931 2395; x_wconf 85' lang='grc' dir='ltr'>ἐκεῖνος</span> <span class='ocrx_word' id='word_1_334' title='bbox 967 2333 1278 2404; x_wconf 82' lang='grc' dir='ltr'>ἀρχιερεύς.</span> <span class='ocrx_word' id='word_1_335' title='bbox 1304 2334 1483 2387; x_wconf 84' lang='grc' dir='ltr'>Πολλά</span> <span class='ocrx_word' id='word_1_336' title='bbox 1514 2333 1570 2387; x_wconf 89' lang='grc' dir='ltr'><strong>δέ</strong></span> <span class='ocrx_word' id='word_1_337' title='bbox 1601 2334 1695 2387; x_wconf 71' lang='grc' dir='ltr'>καὶ</span> <span class='ocrx_word' id='word_1_338' title='bbox 1717 2331 1852 2386; x_wconf 83' lang='grc' dir='ltr'>ἄλλα</span> 
     </span>
    </p>
   </div>
   <div class='ocr_carea' id='block_1_47' title="bbox 1953 2325 3528 2406">
    <p class='ocr_par' dir='ltr' id='par_1_47' title="bbox 1960 2332 3528 2406">
     <span class='ocr_line' id='line_1_47' title="bbox 1960 2332 3528 2406; baseline -0.003 -18"><span class='ocrx_word' id='word_1_339' title='bbox 1960 2334 2167 2390; x_wconf 90' lang='lat' dir='ltr'><strong>referre</strong></span> <span class='ocrx_word' id='word_1_340' title='bbox 2219 2335 2572 2405; x_wconf 86' lang='lat' dir='ltr'><strong>supersedeo,</strong></span> <span class='ocrx_word' id='word_1_341' title='bbox 2621 2351 2690 2390; x_wconf 90' lang='lat' dir='ltr'><strong>ne</strong></span> <span class='ocrx_word' id='word_1_342' title='bbox 2743 2336 3057 2406; x_wconf 88' lang='lat' dir='ltr'><strong>prolixitate</strong></span> <span class='ocrx_word' id='word_1_343' title='bbox 3104 2335 3334 2389; x_wconf 82' lang='lat' dir='ltr'><strong>lectores</strong></span> <span class='ocrx_word' id='word_1_344' title='bbox 3365 2332 3528 2387; x_wconf 74' lang='lat' dir='ltr'><strong>taalio</strong></span> 
     </span>
    </p>
   </div>
   <div class='ocr_carea' id='block_1_48' title="bbox 280 2415 1855 2495">
    <p class='ocr_par' dir='ltr' id='par_1_48' title="bbox 280 2415 1855 2495">
     <span class='ocr_line' id='line_1_48' title="bbox 280 2415 1855 2495; baseline 0.008 -29"><span class='ocrx_word' id='word_1_345' title='bbox 280 2415 408 2485; x_wconf 81' lang='grc' dir='ltr'>περὶ</span> <span class='ocrx_word' id='word_1_346' title='bbox 439 2417 591 2471; x_wconf 86' lang='grc' dir='ltr'>τοῦδε</span> <span class='ocrx_word' id='word_1_347' title='bbox 634 2419 730 2473; x_wconf 88' lang='grc' dir='ltr'><strong>τοῦ</strong></span> <span class='ocrx_word' id='word_1_348' title='bbox 792 2421 983 2492; x_wconf 75' lang='grc' dir='ltr'>ἀνδρὸς</span> <span class='ocrx_word' id='word_1_349' title='bbox 1033 2425 1126 2478; x_wconf 77' lang='grc' dir='ltr'>καὶ</span> <span class='ocrx_word' id='word_1_350' title='bbox 1159 2424 1280 2479; x_wconf 85' lang='grc' dir='ltr'>λίαν</span> <span class='ocrx_word' id='word_1_351' title='bbox 1315 2425 1618 2492; x_wconf 81' lang='grc' dir='ltr'>ἀξιάγαστα</span> <span class='ocrx_word' id='word_1_352' title='bbox 1667 2425 1855 2495; x_wconf 83' lang='grc' dir='ltr'>διηγή-</span> 
     </span>
    </p>
   </div>
   <div class='ocr_carea' id='block_1_49' title="bbox 1953 2415 3356 2495">
    <p class='ocr_par' dir='ltr' id='par_1_49' title="bbox 1965 2425 3356 2492">
     <span class='ocr_line' id='line_1_49' title="bbox 1965 2425 3356 2492; baseline -0.001 -14"><span class='ocrx_word' id='word_1_353' title='bbox 1965 2425 2216 2480; x_wconf 85' lang='lat' dir='ltr'><strong>all&#39;iciam.</strong></span> <span class='ocrx_word' id='word_1_354' title='bbox 2253 2425 2434 2492; x_wconf 85' lang='lat' dir='ltr'><strong>Quare</strong></span> <span class='ocrx_word' id='word_1_355' title='bbox 2461 2427 2527 2481; x_wconf 90' lang='lat' dir='ltr'><strong>ad</strong></span> <span class='ocrx_word' id='word_1_356' title='bbox 2559 2429 2722 2482; x_wconf 88' lang='lat' dir='ltr'><strong>aliam</strong></span> <span class='ocrx_word' id='word_1_357' title='bbox 2770 2428 3139 2482; x_wconf 87' lang='lat' dir='ltr'><strong>narrationem</strong></span> <span class='ocrx_word' id='word_1_358' title='bbox 3175 2425 3356 2478; x_wconf 88' lang='lat' dir='ltr'><strong>venio.</strong></span> 
     </span>
    </p>
   </div>
   <div class='ocr_carea' id='block_1_50' title="bbox 282 2506 3530 2589">
    <p class='ocr_par' dir='ltr' id='par_1_50' title="bbox 282 2506 3530 2589">
     <span class='ocr_line' id='line_1_50' title="bbox 282 2506 3530 2589; baseline 0.001 -29"><span class='ocrx_word' id='word_1_359' title='bbox 282 2522 428 2576; x_wconf 83' lang='grc' dir='ltr'>ματα</span> <span class='ocrx_word' id='word_1_360' title='bbox 448 2506 722 2578; x_wconf 74' lang='grc' dir='ltr'>ἕχων,καὶ</span> <span class='ocrx_word' id='word_1_361' title='bbox 756 2511 866 2583; x_wconf 70' lang='grc' dir='ltr'><strong>γὰρ</strong></span> <span class='ocrx_word' id='word_1_362' title='bbox 895 2517 1005 2577; x_wconf 91' lang='grc' dir='ltr'>τοῖς</span> <span class='ocrx_word' id='word_1_363' title='bbox 1032 2517 1346 2587; x_wconf 79' lang='grc' dir='ltr'>νικηφόροις</span> <span class='ocrx_word' id='word_1_364' title='bbox 1393 2516 1686 2569; x_wconf 81' lang='grc' dir='ltr'>ἐπέστελλε</span> <span class='ocrx_word' id='word_1_365' title='bbox 1721 2519 1996 2586; x_wconf 77' lang='grc' dir='ltr'>μάρτυσι,</span> <span class='ocrx_word' id='word_1_366' title='bbox 2072 2519 2166 2571; x_wconf 75' lang='grc' dir='ltr'>καὶ</span> <span class='ocrx_word' id='word_1_367' title='bbox 2215 2518 2562 2589; x_wconf 75' lang='grc' dir='ltr'>ἀντιγράφων</span> <span class='ocrx_word' id='word_1_368' title='bbox 2600 2518 2646 2550; x_wconf 74' lang='grc' dir='ltr'><strong>⁸ο</strong></span> <span class='ocrx_word' id='word_1_369' title='bbox 2705 2517 2965 2587; x_wconf 79' lang='grc' dir='ltr'>ἐτύγχανε</span> <span class='ocrx_word' id='word_1_370' title='bbox 2991 2557 3005 2580; x_wconf 96' lang='grc'><strong>,</strong></span> <span class='ocrx_word' id='word_1_371' title='bbox 3070 2516 3162 2570; x_wconf 69' lang='grc' dir='ltr'>καὶ</span> <span class='ocrx_word' id='word_1_372' title='bbox 3208 2515 3362 2576; x_wconf 83' lang='grc' dir='ltr'>τέλος</span> <span class='ocrx_word' id='word_1_373' title='bbox 3439 2511 3530 2566; x_wconf 84' lang='grc' dir='ltr'>καὶ</span> 
     </span>
    </p>
   </div>
   <div class='ocr_carea' id='block_1_51' title="bbox 278 2598 3532 2681">
    <p class='ocr_par' dir='ltr' id='par_1_51' title="bbox 278 2598 3532 2681">
     <span class='ocr_line' id='line_1_51' title="bbox 278 2598 3532 2681; baseline 0.002 -29"><span class='ocrx_word' id='word_1_374' title='bbox 278 2598 440 2661; x_wconf 76' lang='grc' dir='ltr'>αὐτὸς</span> <span class='ocrx_word' id='word_1_375' title='bbox 497 2601 588 2653; x_wconf 82' lang='grc' dir='ltr'>τὸν</span> <span class='ocrx_word' id='word_1_376' title='bbox 635 2601 745 2654; x_wconf 81' lang='grc' dir='ltr'>τῶν</span> <span class='ocrx_word' id='word_1_377' title='bbox 801 2604 1093 2676; x_wconf 83' lang='grc' dir='ltr'>μαρτύρων</span> <span class='ocrx_word' id='word_1_378' title='bbox 1140 2608 1424 2674; x_wconf 79' lang='grc' dir='ltr'>ἀνεδέξατο</span> <span class='ocrx_word' id='word_1_379' title='bbox 1448 2609 1492 2641; x_wconf 81' lang='grc'><strong>⁸¹</strong></span> <span class='ocrx_word' id='word_1_380' title='bbox 1541 2609 1838 2676; x_wconf 84' lang='grc' dir='ltr'>στέφανον,</span> <span class='ocrx_word' id='word_1_381' title='bbox 1878 2609 2179 2679; x_wconf 83' lang='grc' dir='ltr'>ἀναδύομαι</span> <span class='ocrx_word' id='word_1_382' title='bbox 2210 2610 2382 2664; x_wconf 86' lang='grc' dir='ltr'>ταῦτα</span> <span class='ocrx_word' id='word_1_383' title='bbox 2430 2611 2524 2664; x_wconf 90' lang='grc' dir='ltr'><strong>νῦν</strong></span> <span class='ocrx_word' id='word_1_384' title='bbox 2564 2613 2812 2680; x_wconf 86' lang='grc' dir='ltr'>ἱστορεῖν,</span> <span class='ocrx_word' id='word_1_385' title='bbox 2851 2611 2936 2663; x_wconf 82' lang='grc' dir='ltr'><strong>ἴνα</strong></span> <span class='ocrx_word' id='word_1_386' title='bbox 2969 2609 3042 2681; x_wconf 79' lang='grc' dir='ltr'>μὴ</span> <span class='ocrx_word' id='word_1_387' title='bbox 3096 2608 3216 2661; x_wconf 83' lang='grc' dir='ltr'>λίαν</span> <span class='ocrx_word' id='word_1_388' title='bbox 3277 2604 3532 2676; x_wconf 79' lang='grc' dir='ltr'>μηκύνων</span> 
     </span>
    </p>
   </div>
   <div class='ocr_carea' id='block_1_52' title="bbox 277 2693 2841 2774">
    <p class='ocr_par' dir='ltr' id='par_1_52' title="bbox 277 2693 2841 2774">
     <span class='ocr_line' id='line_1_52' title="bbox 277 2693 2841 2774; baseline 0.004 -28"><span class='ocrx_word' id='word_1_389' title='bbox 277 2693 570 2764; x_wconf 78' lang='grc' dir='ltr'>ἀποκνήσω</span> <span class='ocrx_word' id='word_1_390' title='bbox 605 2695 731 2756; x_wconf 71' lang='grc' dir='ltr'>τοὶς</span> <span class='ocrx_word' id='word_1_391' title='bbox 759 2695 1173 2766; x_wconf 80' lang='grc' dir='ltr'>ἐντευξομένους</span> <span class='ocrx_word' id='word_1_392' title='bbox 1198 2701 1265 2769; x_wconf 78' lang='grc' dir='ltr'>τῇ</span> <span class='ocrx_word' id='word_1_393' title='bbox 1295 2702 1610 2771; x_wconf 80' lang='grc' dir='ltr'>συγγραφῇ.</span> <span class='ocrx_word' id='word_1_394' title='bbox 1656 2701 1772 2769; x_wconf 84' lang='grc' dir='ltr'><strong>Ἐφ’</strong></span> <span class='ocrx_word' id='word_1_395' title='bbox 1798 2699 1990 2772; x_wconf 72' lang='grc' dir='ltr'>ἑτέραν</span> <span class='ocrx_word' id='word_1_396' title='bbox 2039 2700 2220 2755; x_wconf 85' lang='grc' dir='ltr'>τοίνυν</span> <span class='ocrx_word' id='word_1_397' title='bbox 2263 2701 2512 2774; x_wconf 82' lang='grc' dir='ltr'>διήγησιν</span> <span class='ocrx_word' id='word_1_398' title='bbox 2551 2702 2841 2772; x_wconf 70' lang='grc' dir='ltr'>τρέψομαι.</span> 
     </span>
    </p>
   </div>
   <div class='ocr_carea' id='block_1_53' title="bbox 863 2788 1288 2845">
    <p class='ocr_par' dir='ltr' id='par_1_53' title="bbox 863 2788 1288 2845">
     <span class='ocr_line' id='line_1_53' title="bbox 863 2788 1288 2845; baseline 0.009 -5"><span class='ocrx_word' id='word_1_399' title='bbox 863 2788 1116 2843; x_wconf 81' lang='grc' dir='ltr'>ΚΕΦΑΛ.</span> <span class='ocrx_word' id='word_1_400' title='bbox 1159 2789 1288 2845; x_wconf 83' lang='grc' dir='ltr'><strong>ΚΒ’.</strong></span> 
     </span>
    </p>
   </div>
   <div class='ocr_carea' id='block_1_54' title="bbox 2177 2790 3364 2868">
    <p class='ocr_par' dir='ltr' id='par_1_54' title="bbox 2177 2790 3364 2868">
     <span class='ocr_line' id='line_1_54' title="bbox 2177 2790 3364 2868; baseline -0.009 -12"><span class='ocrx_word' id='word_1_401' title='bbox 2177 2795 2389 2865; x_wconf 81' lang='lat'><strong>1059</strong></span> <span class='ocrx_word' id='word_1_402' title='bbox 2416 2795 2569 2851; x_wconf 82' lang='lat' dir='ltr'><strong>CAP.</strong></span> <span class='ocrx_word' id='word_1_403' title='bbox 2604 2795 2766 2850; x_wconf 78' lang='lat' dir='ltr'><strong>XXII.</strong></span> <span class='ocrx_word' id='word_1_404' title='bbox 2797 2795 2880 2868; x_wconf 78' lang='grc' dir='ltr'><strong>[Β.</strong></span> <span class='ocrx_word' id='word_1_405' title='bbox 2910 2795 2991 2848; x_wconf 91' lang='lat' dir='ltr'><strong>St.</strong></span> <span class='ocrx_word' id='word_1_406' title='bbox 3029 2794 3089 2848; x_wconf 76' lang='grc' dir='ltr'><strong>ν.</strong></span> <span class='ocrx_word' id='word_1_407' title='bbox 3116 2793 3216 2848; x_wconf 86' lang='lat' dir='ltr'><strong>CII.</strong></span> <span class='ocrx_word' id='word_1_408' title='bbox 3246 2790 3364 2863; x_wconf 73' lang='lat'><strong>22.]</strong></span> 
     </span>
    </p>
   </div>
   <div class='ocr_carea' id='block_1_55' title="bbox 280 2876 1855 2958">
    <p class='ocr_par' dir='ltr' id='par_1_55' title="bbox 280 2876 1855 2958">
     <span class='ocr_line' id='line_1_55' title="bbox 280 2876 1855 2958; baseline 0.007 -30"><span class='ocrx_word' id='word_1_409' title='bbox 280 2876 421 2955; x_wconf 52' lang='grc' dir='ltr'>Περὶ</span> <span class='ocrx_word' id='word_1_410' title='bbox 477 2879 770 2958; x_wconf 53' lang='grc' dir='ltr'>Θεοφιίου</span> <span class='ocrx_word' id='word_1_411' title='bbox 829 2878 1167 2958; x_wconf 51' lang='grc' dir='ltr'>ἐπισκόπου</span> <span class='ocrx_word' id='word_1_412' title='bbox 1221 2882 1720 2958; x_wconf 52' lang='grc' dir='ltr'>ξΑλεξςιγδρείας,</span> <span class='ocrx_word' id='word_1_413' title='bbox 1761 2885 1855 2958; x_wconf 67' lang='grc' dir='ltr'>καὶ</span> 
     </span>
    </p>
   </div>
   <div class='ocr_carea' id='block_1_56' title="bbox 1953 2876 3533 2958">
    <p class='ocr_par' dir='ltr' id='par_1_56' title="bbox 1955 2883 3533 2958">
     <span class='ocr_line' id='line_1_56' title="bbox 1955 2883 3533 2958; baseline -0.005 -14"><span class='ocrx_word' id='word_1_414' title='bbox 1955 2888 2036 2944; x_wconf 85' lang='lat' dir='ltr'><strong>De</strong></span> <span class='ocrx_word' id='word_1_415' title='bbox 2065 2889 2345 2958; x_wconf 81' lang='lat' dir='ltr'><strong>Theophila</strong></span> <span class='ocrx_word' id='word_1_416' title='bbox 2375 2890 2619 2956; x_wconf 79' lang='lat' dir='ltr'><strong>episcopo</strong></span> <span class='ocrx_word' id='word_1_417' title='bbox 2653 2887 3011 2942; x_wconf 72' lang='lat' dir='ltr'><strong>Alexandrino</strong></span> <span class='ocrx_word' id='word_1_418' title='bbox 3037 2925 3052 2948; x_wconf 90' lang='lat'><strong>,</strong></span> <span class='ocrx_word' id='word_1_419' title='bbox 3085 2895 3134 2941; x_wconf 86' lang='lat' dir='ltr'><strong>et</strong></span> <span class='ocrx_word' id='word_1_420' title='bbox 3171 2901 3289 2952; x_wconf 75' lang='lat' dir='ltr'><strong>qua:</strong></span> <span class='ocrx_word' id='word_1_421' title='bbox 3334 2883 3450 2939; x_wconf 86' lang='lat' dir='ltr'><strong>illic</strong></span> <span class='ocrx_word' id='word_1_422' title='bbox 3478 2883 3533 2936; x_wconf 75' lang='lat' dir='ltr'><strong>in</strong></span> 
     </span>
    </p>
   </div>
   <div class='ocr_carea' id='block_1_57' title="bbox 349 2946 1860 3016">
    <p class='ocr_par' dir='ltr' id='par_1_57' title="bbox 349 2946 1860 3016">
     <span class='ocr_line' id='line_1_57' title="bbox 349 2946 1860 3016; baseline 0.006 -16"><span class='ocrx_word' id='word_1_423' title='bbox 349 2946 470 3000; x_wconf 85' lang='grc' dir='ltr'><strong>τῶν</strong></span> <span class='ocrx_word' id='word_1_424' title='bbox 520 2947 591 2998; x_wconf 84' lang='grc' dir='ltr'><strong>ἐν</strong></span> <span class='ocrx_word' id='word_1_425' title='bbox 632 2946 706 3016; x_wconf 74' lang='grc' dir='ltr'>τῇ</span> <span class='ocrx_word' id='word_1_426' title='bbox 777 2949 1114 3016; x_wconf 78' lang='grc' dir='ltr'>καθαιρέσει</span> <span class='ocrx_word' id='word_1_427' title='bbox 1174 2949 1292 3004; x_wconf 82' lang='grc' dir='ltr'><strong>τῶν</strong></span> <span class='ocrx_word' id='word_1_428' title='bbox 1343 2946 1606 3007; x_wconf 60' lang='grc' dir='ltr'>εἰδώλων</span> <span class='ocrx_word' id='word_1_429' title='bbox 1654 2946 1860 3010; x_wconf 70' lang='grc' dir='ltr'>αὐτόοι</span> 
     </span>
    </p>
   </div>
   <div class='ocr_carea' id='block_1_58' title="bbox 350 3015 784 3084">
    <p class='ocr_par' dir='ltr' id='par_1_58' title="bbox 350 3015 784 3084">
     <span class='ocr_line' id='line_1_58' title="bbox 350 3015 784 3084; baseline 0.007 -17"><span class='ocrx_word' id='word_1_430' title='bbox 350 3015 784 3084; x_wconf 76' lang='grc' dir='ltr'>γεγενημένων.</span> 
     </span>
    </p>
   </div>
   <div class='ocr_carea' id='block_1_59' title="bbox 360 3108 1860 3185">
    <p class='ocr_par' dir='ltr' id='par_1_59' title="bbox 360 3108 1860 3185">
     <span class='ocr_line' id='line_1_59' title="bbox 360 3108 1860 3185; baseline 0.005 -23"><span class='ocrx_word' id='word_1_431' title='bbox 360 3108 678 3164; x_wconf 73' lang='grc' dir='ltr'>Ἀθανάτων</span> <span class='ocrx_word' id='word_1_432' title='bbox 693 3111 899 3164; x_wconf 84' lang='grc' dir='ltr'>ἐκεῖνον</span> <span class='ocrx_word' id='word_1_433' title='bbox 928 3111 1021 3164; x_wconf 85' lang='grc' dir='ltr'>τὸν</span> <span class='ocrx_word' id='word_1_434' title='bbox 1045 3110 1478 3182; x_wconf 89' lang='grc' dir='ltr'>πολυθρύλλητον</span> <span class='ocrx_word' id='word_1_435' title='bbox 1503 3115 1530 3167; x_wconf 89' lang='grc' dir='ltr'><strong>ό</strong></span> <span class='ocrx_word' id='word_1_436' title='bbox 1560 3113 1860 3185; x_wconf 79' lang='grc' dir='ltr'>θαυμάσιος</span> 
     </span>
    </p>
   </div>
   <div class='ocr_carea' id='block_1_60' title="bbox 2242 2958 3248 3027">
    <p class='ocr_par' dir='ltr' id='par_1_60' title="bbox 2242 2958 3248 3027">
     <span class='ocr_line' id='line_1_60' title="bbox 2242 2958 3248 3027; baseline -0.002 -15"><span class='ocrx_word' id='word_1_437' title='bbox 2242 2958 2510 3012; x_wconf 82' lang='lat' dir='ltr'><strong>idolorum</strong></span> <span class='ocrx_word' id='word_1_438' title='bbox 2543 2959 2882 3012; x_wconf 81' lang='lat' dir='ltr'><strong>demolitione</strong></span> <span class='ocrx_word' id='word_1_439' title='bbox 2917 2969 3066 3027; x_wconf 80' lang='lat' dir='ltr'><strong>gesta</strong></span> <span class='ocrx_word' id='word_1_440' title='bbox 3105 2965 3248 3010; x_wconf 79' lang='lat' dir='ltr'><strong>sunt.</strong></span> 
     </span>
    </p>
   </div>
   <div class='ocr_carea' id='block_1_61' title="bbox 2030 3111 2464 3166">
    <p class='ocr_par' dir='ltr' id='par_1_61' title="bbox 2030 3111 2464 3166">
     <span class='ocr_line' id='line_1_61' title="bbox 2030 3111 2464 3166; baseline -0.002 0"><span class='ocrx_word' id='word_1_441' title='bbox 2030 3111 2333 3166; x_wconf 86' lang='lat' dir='ltr'><strong>Athanasio</strong></span> <span class='ocrx_word' id='word_1_442' title='bbox 2387 3111 2464 3166; x_wconf 92' lang='lat' dir='ltr'><strong>illi</strong></span> 
     </span>
    </p>
   </div>
   <div class='ocr_carea' id='block_1_62' title="bbox 278 3191 1855 3276">
    <p class='ocr_par' dir='ltr' id='par_1_62' title="bbox 278 3200 1855 3276">
     <span class='ocr_line' id='line_1_62' title="bbox 278 3200 1855 3276; baseline 0.004 -23"><span class='ocrx_word' id='word_1_443' title='bbox 278 3200 548 3267; x_wconf 83' lang='grc' dir='ltr'>διεδέξατο</span> <span class='ocrx_word' id='word_1_444' title='bbox 572 3203 797 3268; x_wconf 80' lang='grc' dir='ltr'>Πέτρος,</span> <span class='ocrx_word' id='word_1_445' title='bbox 833 3203 923 3256; x_wconf 75' lang='grc' dir='ltr'><strong>τὸν</strong></span> <span class='ocrx_word' id='word_1_446' title='bbox 959 3203 1014 3256; x_wconf 84' lang='grc' dir='ltr'><strong>δέ</strong></span> <span class='ocrx_word' id='word_1_447' title='bbox 1047 3204 1250 3273; x_wconf 87' lang='grc' dir='ltr'>Πέτρον</span> <span class='ocrx_word' id='word_1_448' title='bbox 1283 3204 1566 3274; x_wconf 83' lang='grc' dir='ltr'>Τιμόθεος,</span> <span class='ocrx_word' id='word_1_449' title='bbox 1594 3206 1855 3276; x_wconf 87' lang='grc' dir='ltr'>Τιμόθεον</span> 
     </span>
    </p>
   </div>
   <div class='ocr_carea' id='block_1_63' title="bbox 1953 3191 3534 3276">
    <p class='ocr_par' dir='ltr' id='par_1_63' title="bbox 1960 3200 3534 3269">
     <span class='ocr_line' id='line_1_63' title="bbox 1960 3200 3534 3269; baseline -0.005 -9"><span class='ocrx_word' id='word_1_450' title='bbox 1960 3205 2156 3261; x_wconf 86' lang='lat' dir='ltr'><strong>Petrus</strong></span> <span class='ocrx_word' id='word_1_451' title='bbox 2175 3205 2470 3266; x_wconf 85' lang='lat' dir='ltr'><strong>successit,</strong></span> <span class='ocrx_word' id='word_1_452' title='bbox 2499 3204 2658 3258; x_wconf 90' lang='lat' dir='ltr'><strong>Petro</strong></span> <span class='ocrx_word' id='word_1_453' title='bbox 2676 3202 3018 3269; x_wconf 83' lang='lat' dir='ltr'><strong>Timotheus,</strong></span> <span class='ocrx_word' id='word_1_454' title='bbox 3040 3202 3333 3257; x_wconf 87' lang='lat' dir='ltr'><strong>Timotheo</strong></span> <span class='ocrx_word' id='word_1_455' title='bbox 3355 3200 3534 3255; x_wconf 80' lang='lat' dir='ltr'><strong>Theo-</strong></span> 
     </span>
    </p>
   </div>
   <div class='ocr_carea' id='block_1_64' title="bbox 278 3293 1857 3368">
    <p class='ocr_par' dir='ltr' id='par_1_64' title="bbox 278 3293 1857 3368">
     <span class='ocr_line' id='line_1_64' title="bbox 278 3293 1857 3368; baseline 0.004 -22"><span class='ocrx_word' id='word_1_456' title='bbox 278 3293 334 3347; x_wconf 86' lang='grc' dir='ltr'><strong>δέ</strong></span> <span class='ocrx_word' id='word_1_457' title='bbox 360 3293 638 3364; x_wconf 82' lang='grc' dir='ltr'>Θεόφιλος,</span> <span class='ocrx_word' id='word_1_458' title='bbox 659 3296 798 3366; x_wconf 77' lang='grc' dir='ltr'>ἀνὴρ</span> <span class='ocrx_word' id='word_1_459' title='bbox 820 3297 1024 3361; x_wconf 82' lang='grc' dir='ltr'>πυκνός</span> <span class='ocrx_word' id='word_1_460' title='bbox 1053 3314 1112 3350; x_wconf 90' lang='grc' dir='ltr'><strong>τε</strong></span> <span class='ocrx_word' id='word_1_461' title='bbox 1135 3297 1231 3360; x_wconf 82' lang='grc' dir='ltr'>τὰς</span> <span class='ocrx_word' id='word_1_462' title='bbox 1251 3298 1474 3368; x_wconf 85' lang='grc' dir='ltr'>φρένας,</span> <span class='ocrx_word' id='word_1_463' title='bbox 1491 3297 1584 3351; x_wconf 72' lang='grc' dir='ltr'>καὶ</span> <span class='ocrx_word' id='word_1_464' title='bbox 1617 3299 1857 3368; x_wconf 86' lang='grc' dir='ltr'>ἀνδρεῖος</span> 
     </span>
    </p>
   </div>
   <div class='ocr_carea' id='block_1_65' title="bbox 281 3383 1859 3459">
    <p class='ocr_par' dir='ltr' id='par_1_65' title="bbox 281 3383 1859 3459">
     <span class='ocr_line' id='line_1_65' title="bbox 281 3383 1859 3459; baseline 0.003 -21"><span class='ocrx_word' id='word_1_465' title='bbox 281 3384 342 3438; x_wconf 77' lang='grc' dir='ltr'>τὸ</span> <span class='ocrx_word' id='word_1_466' title='bbox 373 3387 647 3457; x_wconf 86' lang='grc' dir='ltr'>φρόνημα.</span> <span class='ocrx_word' id='word_1_467' title='bbox 685 3383 851 3451; x_wconf 74' lang='grc' dir='ltr'>Οὗτος</span> <span class='ocrx_word' id='word_1_468' title='bbox 876 3388 973 3458; x_wconf 74' lang='grc' dir='ltr'>τὴν</span> <span class='ocrx_word' id='word_1_469' title='bbox 999 3388 1352 3459; x_wconf 82' lang='grc' dir='ltr'>Ἀλεξάνδρου</span> <span class='ocrx_word' id='word_1_470' title='bbox 1385 3389 1558 3452; x_wconf 89' lang='grc' dir='ltr'>πόλιν,</span> <span class='ocrx_word' id='word_1_471' title='bbox 1584 3389 1682 3459; x_wconf 84' lang='grc' dir='ltr'>τῆς</span> <span class='ocrx_word' id='word_1_472' title='bbox 1708 3390 1859 3443; x_wconf 85' lang='grc' dir='ltr'>εἰδω-</span> 
     </span>
    </p>
   </div>
   <div class='ocr_carea' id='block_1_66' title="bbox 279 3475 1858 3551">
    <p class='ocr_par' dir='ltr' id='par_1_66' title="bbox 279 3475 1858 3551">
     <span class='ocr_line' id='line_1_66' title="bbox 279 3475 1858 3551; baseline 0.002 -22"><span class='ocrx_word' id='word_1_473' title='bbox 279 3475 437 3548; x_wconf 84' lang='grc' dir='ltr'>λικῆς</span> <span class='ocrx_word' id='word_1_474' title='bbox 461 3478 800 3548; x_wconf 79' lang='grc' dir='ltr'>ἠλευθέρωσε</span> <span class='ocrx_word' id='word_1_475' title='bbox 838 3481 1065 3551; x_wconf 85' lang='grc' dir='ltr'>πλάνης.</span> <span class='ocrx_word' id='word_1_476' title='bbox 1092 3481 1165 3535; x_wconf 84' lang='grc' dir='ltr'><strong>Οὐ</strong></span> <span class='ocrx_word' id='word_1_477' title='bbox 1191 3481 1299 3551; x_wconf 80' lang='grc' dir='ltr'><strong>γὰρ</strong></span> <span class='ocrx_word' id='word_1_478' title='bbox 1331 3481 1492 3550; x_wconf 87' lang='grc' dir='ltr'>μόνον</span> <span class='ocrx_word' id='word_1_479' title='bbox 1513 3521 1526 3544; x_wconf 91' lang='grc'><strong>,</strong></span> <span class='ocrx_word' id='word_1_480' title='bbox 1555 3482 1619 3533; x_wconf 87' lang='grc' dir='ltr'><strong>ἐκ</strong></span> <span class='ocrx_word' id='word_1_481' title='bbox 1642 3479 1858 3551; x_wconf 84' lang='grc' dir='ltr'>βάθρων</span> 
     </span>
    </p>
   </div>
   <div class='ocr_carea' id='block_1_67' title="bbox 279 3569 1858 3644">
    <p class='ocr_par' dir='ltr' id='par_1_67' title="bbox 279 3569 1858 3644">
     <span class='ocr_line' id='line_1_67' title="bbox 279 3569 1858 3644; baseline 0.003 -23"><span class='ocrx_word' id='word_1_482' title='bbox 279 3569 553 3622; x_wconf 84' lang='grc' dir='ltr'>ἀνέσπασε</span> <span class='ocrx_word' id='word_1_483' title='bbox 587 3569 654 3623; x_wconf 80' lang='grc' dir='ltr'>τὰ</span> <span class='ocrx_word' id='word_1_484' title='bbox 681 3571 790 3624; x_wconf 81' lang='grc' dir='ltr'>τῶν</span> <span class='ocrx_word' id='word_1_485' title='bbox 823 3571 1056 3624; x_wconf 75' lang='grc' dir='ltr'>εἰδώλων</span> <span class='ocrx_word' id='word_1_486' title='bbox 1101 3573 1325 3644; x_wconf 87' lang='grc' dir='ltr'>τεμένη,</span> <span class='ocrx_word' id='word_1_487' title='bbox 1359 3573 1494 3626; x_wconf 79' lang='grc' dir='ltr'>ἀλλὰ</span> <span class='ocrx_word' id='word_1_488' title='bbox 1524 3575 1617 3626; x_wconf 75' lang='grc' dir='ltr'><strong>καὶ</strong></span> <span class='ocrx_word' id='word_1_489' title='bbox 1649 3573 1716 3626; x_wconf 82' lang='grc' dir='ltr'>τὰ</span> <span class='ocrx_word' id='word_1_490' title='bbox 1749 3573 1858 3627; x_wconf 79' lang='grc' dir='ltr'><strong>τῶν</strong></span> 
     </span>
    </p>
   </div>
   <div class='ocr_carea' id='block_1_68' title="bbox 280 3658 1859 3732">
    <p class='ocr_par' dir='ltr' id='par_1_68' title="bbox 280 3658 1859 3732">
     <span class='ocr_line' id='line_1_68' title="bbox 280 3658 1859 3732; baseline 0.003 -22"><span class='ocrx_word' id='word_1_491' title='bbox 280 3658 674 3723; x_wconf 84' lang='grc' dir='ltr'>ἐξαπατώντων</span> <span class='ocrx_word' id='word_1_492' title='bbox 727 3661 916 3731; x_wconf 82' lang='grc' dir='ltr'>ἱερέων</span> <span class='ocrx_word' id='word_1_493' title='bbox 963 3663 1074 3724; x_wconf 87' lang='grc' dir='ltr'>τοῖς</span> <span class='ocrx_word' id='word_1_494' title='bbox 1122 3661 1560 3732; x_wconf 76' lang='grc' dir='ltr'>ἐξηπατημένοις</span> <span class='ocrx_word' id='word_1_495' title='bbox 1611 3661 1859 3728; x_wconf 81' lang='grc' dir='ltr'>ὑπέδειξε</span> 
     </span>
    </p>
   </div>
   <div class='ocr_carea' id='block_1_69' title="bbox 283 3752 1859 3823">
    <p class='ocr_par' dir='ltr' id='par_1_69' title="bbox 283 3752 1859 3823">
     <span class='ocr_line' id='line_1_69' title="bbox 283 3752 1859 3823; baseline 0.001 -19"><span class='ocrx_word' id='word_1_496' title='bbox 283 3753 670 3822; x_wconf 85' lang='grc' dir='ltr'>μηχανήματα.</span> <span class='ocrx_word' id='word_1_497' title='bbox 707 3752 789 3805; x_wconf 87' lang='grc' dir='ltr'>Τά</span> <span class='ocrx_word' id='word_1_498' title='bbox 811 3769 867 3805; x_wconf 88' lang='grc' dir='ltr'><strong>τε</strong></span> <span class='ocrx_word' id='word_1_499' title='bbox 894 3755 1004 3822; x_wconf 76' lang='grc' dir='ltr'><strong>γάρ</strong></span> <span class='ocrx_word' id='word_1_500' title='bbox 1042 3753 1105 3806; x_wconf 87' lang='grc' dir='ltr'><strong>ἐκ</strong></span> <span class='ocrx_word' id='word_1_501' title='bbox 1137 3752 1336 3823; x_wconf 79' lang='grc' dir='ltr'>χαλκοῦ</span> <span class='ocrx_word' id='word_1_502' title='bbox 1368 3754 1460 3806; x_wconf 75' lang='grc' dir='ltr'>καὶ</span> <span class='ocrx_word' id='word_1_503' title='bbox 1490 3754 1556 3806; x_wconf 78' lang='grc' dir='ltr'><strong>τὰ</strong></span> <span class='ocrx_word' id='word_1_504' title='bbox 1598 3754 1661 3806; x_wconf 82' lang='grc' dir='ltr'><strong>ἐκ</strong></span> <span class='ocrx_word' id='word_1_505' title='bbox 1686 3753 1859 3816; x_wconf 81' lang='grc' dir='ltr'>ξύλων</span> 
     </span>
    </p>
   </div>
   <div class='ocr_carea' id='block_1_70' title="bbox 280 3843 1859 3912">
    <p class='ocr_par' dir='ltr' id='par_1_70' title="bbox 280 3843 1859 3912">
     <span class='ocr_line' id='line_1_70' title="bbox 280 3843 1859 3912; baseline 0 -14"><span class='ocrx_word' id='word_1_506' title='bbox 280 3845 410 3898; x_wconf 79' lang='grc' dir='ltr'>κενά</span> <span class='ocrx_word' id='word_1_507' title='bbox 457 3843 668 3898; x_wconf 71' lang='grc' dir='ltr'>ἔνδοθεν</span> <span class='ocrx_word' id='word_1_508' title='bbox 724 3845 1227 3910; x_wconf 79' lang='grc' dir='ltr'>κατασκευάζοντες</span> <span class='ocrx_word' id='word_1_509' title='bbox 1268 3846 1450 3912; x_wconf 83' lang='grc' dir='ltr'>ξόανα,</span> <span class='ocrx_word' id='word_1_510' title='bbox 1479 3845 1576 3900; x_wconf 76' lang='grc' dir='ltr'>καὶ</span> <span class='ocrx_word' id='word_1_511' title='bbox 1606 3849 1718 3909; x_wconf 88' lang='grc' dir='ltr'>τοῖς</span> <span class='ocrx_word' id='word_1_512' title='bbox 1748 3845 1859 3898; x_wconf 89' lang='grc' dir='ltr'>τοί-</span> 
     </span>
    </p>
   </div>
   <div class='ocr_carea' id='block_1_71' title="bbox 280 3935 1860 4008">
    <p class='ocr_par' dir='ltr' id='par_1_71' title="bbox 280 3935 1860 4008">
     <span class='ocr_line' id='line_1_71' title="bbox 280 3935 1860 4008; baseline 0.001 -22"><span class='ocrx_word' id='word_1_513' title='bbox 280 3950 394 4003; x_wconf 90' lang='grc' dir='ltr'>χοις</span> <span class='ocrx_word' id='word_1_514' title='bbox 415 3935 484 3987; x_wconf 71' lang='grc' dir='ltr'><strong>τὰ</strong></span> <span class='ocrx_word' id='word_1_515' title='bbox 509 3935 715 3988; x_wconf 88' lang='grc' dir='ltr'>τούτων</span> <span class='ocrx_word' id='word_1_516' title='bbox 745 3937 1226 4008; x_wconf 78' lang='grc' dir='ltr'>προσαρμόζοντες</span> <span class='ocrx_word' id='word_1_517' title='bbox 1257 3937 1403 3989; x_wconf 83' lang='grc' dir='ltr'>νῶτα</span> <span class='ocrx_word' id='word_1_518' title='bbox 1423 3977 1438 4000; x_wconf 93' lang='grc'><strong>,</strong></span> <span class='ocrx_word' id='word_1_519' title='bbox 1473 3937 1675 4006; x_wconf 88' lang='grc' dir='ltr'>πόρους</span> <span class='ocrx_word' id='word_1_520' title='bbox 1709 3935 1860 3998; x_wconf 80' lang='grc' dir='ltr'>τινὰς</span> 
     </span>
    </p>
   </div>
   <div class='ocr_carea' id='block_1_72' title="bbox 280 4023 1860 4095">
    <p class='ocr_par' dir='ltr' id='par_1_72' title="bbox 280 4023 1860 4095">
     <span class='ocr_line' id='line_1_72' title="bbox 280 4023 1860 4095; baseline -0.001 -18"><span class='ocrx_word' id='word_1_521' title='bbox 280 4025 505 4093; x_wconf 83' lang='grc' dir='ltr'>ἀφανεῖς</span> <span class='ocrx_word' id='word_1_522' title='bbox 533 4028 591 4077; x_wconf 84' lang='grc' dir='ltr'><strong>ἐν</strong></span> <span class='ocrx_word' id='word_1_523' title='bbox 618 4028 728 4088; x_wconf 88' lang='grc' dir='ltr'>τοῖς</span> <span class='ocrx_word' id='word_1_524' title='bbox 748 4028 949 4095; x_wconf 85' lang='grc' dir='ltr'>τοίχοις</span> <span class='ocrx_word' id='word_1_525' title='bbox 979 4027 1228 4095; x_wconf 73' lang='grc' dir='ltr'>ἠφίεσαν.</span> <span class='ocrx_word' id='word_1_526' title='bbox 1259 4023 1392 4079; x_wconf 81' lang='grc' dir='ltr'>Εἶτα</span> <span class='ocrx_word' id='word_1_527' title='bbox 1413 4027 1501 4078; x_wconf 79' lang='grc' dir='ltr'>διὰ</span> <span class='ocrx_word' id='word_1_528' title='bbox 1526 4026 1632 4077; x_wconf 82' lang='grc' dir='ltr'><strong>τῶν</strong></span> <span class='ocrx_word' id='word_1_529' title='bbox 1653 4025 1860 4077; x_wconf 81' lang='grc' dir='ltr'>ἀδύτων</span> 
     </span>
    </p>
   </div>
   <div class='ocr_carea' id='block_1_73' title="bbox 280 4115 1859 4187">
    <p class='ocr_par' dir='ltr' id='par_1_73' title="bbox 280 4115 1859 4187">
     <span class='ocr_line' id='line_1_73' title="bbox 280 4115 1859 4187; baseline -0.001 -17"><span class='ocrx_word' id='word_1_530' title='bbox 280 4115 538 4178; x_wconf 85' lang='grc' dir='ltr'>ἀνιόντες,</span> <span class='ocrx_word' id='word_1_531' title='bbox 564 4117 658 4169; x_wconf 71' lang='grc' dir='ltr'><strong>καλ¹</strong></span> <span class='ocrx_word' id='word_1_532' title='bbox 685 4116 815 4168; x_wconf 71' lang='grc' dir='ltr'>εἴσω</span> <span class='ocrx_word' id='word_1_533' title='bbox 845 4118 954 4169; x_wconf 83' lang='grc' dir='ltr'>τῶν</span> <span class='ocrx_word' id='word_1_534' title='bbox 985 4118 1186 4180; x_wconf 80' lang='grc' dir='ltr'>ξοάνων</span> <span class='ocrx_word' id='word_1_535' title='bbox 1211 4117 1509 4186; x_wconf 84' lang='grc' dir='ltr'>γινόμενοι,</span> <span class='ocrx_word' id='word_1_536' title='bbox 1538 4117 1640 4169; x_wconf 77' lang='grc' dir='ltr'>ἆπε</span> <span class='ocrx_word' id='word_1_537' title='bbox 1649 4135 1681 4187; x_wconf 92' lang='grc' dir='ltr'><strong>ρ</strong></span> <span class='ocrx_word' id='word_1_538' title='bbox 1704 4115 1859 4170; x_wconf 58' lang='lat'><strong>£606-</strong></span> 
     </span>
    </p>
   </div>
   <div class='ocr_carea' id='block_1_74' title="bbox 279 4205 1862 4276">
    <p class='ocr_par' dir='ltr' id='par_1_74' title="bbox 279 4205 1862 4276">
     <span class='ocr_line' id='line_1_74' title="bbox 279 4205 1862 4276; baseline 0 -18"><span class='ocrx_word' id='word_1_539' title='bbox 279 4205 433 4259; x_wconf 86' lang='grc' dir='ltr'>λοντο</span> <span class='ocrx_word' id='word_1_540' title='bbox 469 4205 556 4259; x_wconf 73' lang='grc' dir='ltr'><strong>διὰ</strong></span> <span class='ocrx_word' id='word_1_541' title='bbox 588 4206 794 4259; x_wconf 88' lang='grc' dir='ltr'>τούτων</span> <span class='ocrx_word' id='word_1_542' title='bbox 825 4208 1090 4260; x_wconf 85' lang='grc' dir='ltr'>ἐκέλευον.</span> <span class='ocrx_word' id='word_1_543' title='bbox 1123 4207 1542 4276; x_wconf 80' lang='grc' dir='ltr'>Φενακιζόμενοι</span> <span class='ocrx_word' id='word_1_544' title='bbox 1583 4207 1638 4260; x_wconf 76' lang='grc' dir='ltr'>δὲ</span> <span class='ocrx_word' id='word_1_545' title='bbox 1677 4209 1725 4260; x_wconf 75' lang='grc' dir='ltr'><strong>οἱ</strong></span> <span class='ocrx_word' id='word_1_546' title='bbox 1765 4209 1862 4259; x_wconf 83' lang='grc' dir='ltr'><strong>ἑπ-</strong></span> 
     </span>
    </p>
   </div>
   <div class='ocr_carea' id='block_1_75' title="bbox 281 4279 1859 4369">
    <p class='ocr_par' dir='ltr' id='par_1_75' title="bbox 281 4297 1859 4369">
     <span class='ocr_line' id='line_1_75' title="bbox 281 4297 1859 4369; baseline -0.001 -18"><span class='ocrx_word' id='word_1_547' title='bbox 281 4299 493 4362; x_wconf 81' lang='grc' dir='ltr'>αῖοντες</span> <span class='ocrx_word' id='word_1_548' title='bbox 526 4298 696 4369; x_wconf 79' lang='grc' dir='ltr'>ἔδρων</span> <span class='ocrx_word' id='word_1_549' title='bbox 747 4298 807 4350; x_wconf 80' lang='grc' dir='ltr'><strong>τὸ</strong></span> <span class='ocrx_word' id='word_1_550' title='bbox 837 4297 1210 4367; x_wconf 80' lang='grc' dir='ltr'>κελευόμενον.</span> <span class='ocrx_word' id='word_1_551' title='bbox 1257 4298 1441 4350; x_wconf 82' lang='grc' dir='ltr'>Ταῦτα</span> <span class='ocrx_word' id='word_1_552' title='bbox 1483 4301 1512 4352; x_wconf 88' lang='grc' dir='ltr'><strong>ό</strong></span> <span class='ocrx_word' id='word_1_553' title='bbox 1551 4297 1859 4368; x_wconf 85' lang='grc' dir='ltr'>σοφώτατος</span> 
     </span>
    </p>
   </div>
   <div class='ocr_carea' id='block_1_76' title="bbox 279 4388 1860 4462">
    <p class='ocr_par' dir='ltr' id='par_1_76' title="bbox 279 4388 1860 4462">
     <span class='ocr_line' id='line_1_76' title="bbox 279 4388 1860 4462; baseline 0.001 -19"><span class='ocrx_word' id='word_1_554' title='bbox 279 4389 565 4444; x_wconf 85' lang='grc' dir='ltr'>καταλύων</span> <span class='ocrx_word' id='word_1_555' title='bbox 587 4388 736 4462; x_wconf 68' lang='grc'>[229]</span> <span class='ocrx_word' id='word_1_556' title='bbox 791 4389 1083 4459; x_wconf 80' lang='grc' dir='ltr'>ἀρχιερεὺς</span> <span class='ocrx_word' id='word_1_557' title='bbox 1127 4393 1242 4454; x_wconf 80' lang='grc' dir='ltr'>τοῖς</span> <span class='ocrx_word' id='word_1_558' title='bbox 1293 4390 1712 4461; x_wconf 80' lang='grc' dir='ltr'>ἐξαπατηθεῖσιν</span> <span class='ocrx_word' id='word_1_559' title='bbox 1758 4391 1860 4444; x_wconf 84' lang='grc' dir='ltr'>ύπ-</span> 
     </span>
    </p>
   </div>
   <div class='ocr_carea' id='block_1_77' title="bbox 281 4480 1855 4552">
    <p class='ocr_par' dir='ltr' id='par_1_77' title="bbox 281 4480 1855 4552">
     <span class='ocr_line' id='line_1_77' title="bbox 281 4480 1855 4552; baseline 0.007 -28"><span class='ocrx_word' id='word_1_560' title='bbox 281 4481 447 4548; x_wconf 76' lang='grc' dir='ltr'>έδειξε</span> <span class='ocrx_word' id='word_1_561' title='bbox 475 4481 686 4552; x_wconf 76' lang='grc' dir='ltr'>δήμοις.</span> <span class='ocrx_word' id='word_1_562' title='bbox 708 4483 801 4545; x_wconf 80' lang='grc' dir='ltr'>Εἰς</span> <span class='ocrx_word' id='word_1_563' title='bbox 830 4482 885 4534; x_wconf 91' lang='grc' dir='ltr'><strong>δέ</strong></span> <span class='ocrx_word' id='word_1_564' title='bbox 909 4480 1000 4534; x_wconf 79' lang='grc' dir='ltr'>τὸν</span> <span class='ocrx_word' id='word_1_565' title='bbox 1023 4481 1118 4534; x_wconf 89' lang='grc' dir='ltr'><strong>τοῦ</strong></span> <span class='ocrx_word' id='word_1_566' title='bbox 1145 4482 1448 4552; x_wconf 85' lang='grc' dir='ltr'>Σαράπιδος</span> <span class='ocrx_word' id='word_1_567' title='bbox 1470 4481 1604 4534; x_wconf 82' lang='grc' dir='ltr'>νεὼν</span> <span class='ocrx_word' id='word_1_568' title='bbox 1630 4481 1855 4544; x_wconf 67' lang='grc' dir='ltr'>ἀναϐὰς,</span> 
     </span>
    </p>
   </div>
   <div class='ocr_carea' id='block_1_78' title="bbox 278 4570 1858 4641">
    <p class='ocr_par' dir='ltr' id='par_1_78' title="bbox 278 4570 1858 4641">
     <span class='ocr_line' id='line_1_78' title="bbox 278 4570 1858 4641; baseline 0.001 -19"><span class='ocrx_word' id='word_1_569' title='bbox 278 4570 388 4623; x_wconf 84' lang='grc' dir='ltr'>τῶν</span> <span class='ocrx_word' id='word_1_570' title='bbox 421 4571 478 4624; x_wconf 81' lang='grc' dir='ltr'>δὲ</span> <span class='ocrx_word' id='word_1_571' title='bbox 505 4570 782 4641; x_wconf 85' lang='grc' dir='ltr'>πανταχοῦ</span> <span class='ocrx_word' id='word_1_572' title='bbox 813 4571 933 4639; x_wconf 79' lang='grc' dir='ltr'>γῆς,</span> <span class='ocrx_word' id='word_1_573' title='bbox 971 4570 1115 4623; x_wconf 87' lang='grc' dir='ltr'><strong>καθά</strong></span> <span class='ocrx_word' id='word_1_574' title='bbox 1144 4571 1276 4639; x_wconf 88' lang='grc' dir='ltr'>φασί</span> <span class='ocrx_word' id='word_1_575' title='bbox 1322 4588 1485 4635; x_wconf 84' lang='grc' dir='ltr'>τινες,</span> <span class='ocrx_word' id='word_1_576' title='bbox 1520 4570 1773 4640; x_wconf 88' lang='grc' dir='ltr'>μέγιστός</span> <span class='ocrx_word' id='word_1_577' title='bbox 1799 4587 1858 4623; x_wconf 88' lang='grc' dir='ltr'><strong>τε</strong></span> 
     </span>
    </p>
   </div>
   <div class='ocr_carea' id='block_1_79' title="bbox 280 4655 1862 4730">
    <p class='ocr_par' dir='ltr' id='par_1_79' title="bbox 280 4655 1862 4730">
     <span class='ocr_line' id='line_1_79' title="bbox 280 4655 1862 4730; baseline -0.001 -16"><span class='ocrx_word' id='word_1_578' title='bbox 280 4656 434 4724; x_wconf 76' lang='grc' dir='ltr'>οὗτος</span> <span class='ocrx_word' id='word_1_579' title='bbox 456 4664 551 4715; x_wconf 54' lang='grc' dir='ltr'><strong>καὶ⁵</strong></span> <span class='ocrx_word' id='word_1_580' title='bbox 579 4662 886 4726; x_wconf 83' lang='grc' dir='ltr'>κάλλιστος,</span> <span class='ocrx_word' id='word_1_581' title='bbox 918 4655 1027 4714; x_wconf 82' lang='grc' dir='ltr'>εἶδε</span> <span class='ocrx_word' id='word_1_582' title='bbox 1057 4661 1116 4713; x_wconf 84' lang='grc' dir='ltr'>τὸ</span> <span class='ocrx_word' id='word_1_583' title='bbox 1144 4659 1330 4725; x_wconf 84' lang='grc' dir='ltr'>ξόανον</span> <span class='ocrx_word' id='word_1_584' title='bbox 1361 4659 1735 4730; x_wconf 85' lang='grc' dir='ltr'>παμμέγεθες,</span> <span class='ocrx_word' id='word_1_585' title='bbox 1766 4659 1862 4712; x_wconf 72' lang='grc' dir='ltr'>καὶ</span> 
     </span>
    </p>
   </div>
   <div class='ocr_carea' id='block_1_80' title="bbox 279 4751 1862 4824">
    <p class='ocr_par' dir='ltr' id='par_1_80' title="bbox 279 4751 1862 4824">
     <span class='ocr_line' id='line_1_80' title="bbox 279 4751 1862 4824; baseline -0.001 -19"><span class='ocrx_word' id='word_1_586' title='bbox 279 4752 358 4824; x_wconf 80' lang='grc' dir='ltr'>τῷ</span> <span class='ocrx_word' id='word_1_587' title='bbox 391 4753 612 4822; x_wconf 86' lang='grc' dir='ltr'>μεγέθει</span> <span class='ocrx_word' id='word_1_588' title='bbox 659 4753 784 4815; x_wconf 75' lang='grc' dir='ltr'>τοὺς</span> <span class='ocrx_word' id='word_1_589' title='bbox 824 4751 1022 4814; x_wconf 71' lang='grc' dir='ltr'>θεατὰς</span> <span class='ocrx_word' id='word_1_590' title='bbox 1065 4751 1435 4822; x_wconf 87' lang='grc' dir='ltr'>δεδιττόμενον</span> <span class='ocrx_word' id='word_1_591' title='bbox 1470 4767 1483 4781; x_wconf 75' lang='grc' dir='ltr'><strong>ο</strong></span> <span class='ocrx_word' id='word_1_592' title='bbox 1521 4752 1658 4822; x_wconf 66' lang='grc' dir='ltr'>πρὶς</span> <span class='ocrx_word' id='word_1_593' title='bbox 1697 4753 1752 4806; x_wconf 81' lang='grc' dir='ltr'>δὲ</span> <span class='ocrx_word' id='word_1_594' title='bbox 1784 4751 1862 4822; x_wconf 82' lang='grc' dir='ltr'><strong>τῷ</strong></span> 
     </span>
    </p>
   </div>
   <div class='ocr_carea' id='block_1_81' title="bbox 285 4841 1861 4914">
    <p class='ocr_par' dir='ltr' id='par_1_81' title="bbox 285 4841 1861 4914">
     <span class='ocr_line' id='line_1_81' title="bbox 285 4841 1861 4914; baseline -0.001 -19"><span class='ocrx_word' id='word_1_595' title='bbox 285 4845 505 4914; x_wconf 86' lang='grc' dir='ltr'>μεγέθει</span> <span class='ocrx_word' id='word_1_596' title='bbox 555 4847 652 4896; x_wconf 74' lang='grc' dir='ltr'>καὶ</span> <span class='ocrx_word' id='word_1_597' title='bbox 705 4843 864 4912; x_wconf 86' lang='grc' dir='ltr'>λόγος</span> <span class='ocrx_word' id='word_1_598' title='bbox 929 4845 1180 4911; x_wconf 83' lang='grc' dir='ltr'>κατεῖχεν</span> <span class='ocrx_word' id='word_1_599' title='bbox 1219 4841 1533 4912; x_wconf 78' lang='grc' dir='ltr'>ἀπατηλὸς,</span> <span class='ocrx_word' id='word_1_600' title='bbox 1565 4843 1640 4904; x_wconf 82' lang='grc' dir='ltr'><strong>ὡς</strong></span> <span class='ocrx_word' id='word_1_601' title='bbox 1675 4843 1729 4896; x_wconf 79' lang='grc' dir='ltr'>εἴ</span> <span class='ocrx_word' id='word_1_602' title='bbox 1780 4860 1861 4905; x_wconf 91' lang='grc' dir='ltr'><strong>τις</strong></span> 
     </span>
    </p>
   </div>
   <div class='ocr_carea' id='block_1_82' title="bbox 279 4932 1863 5004">
    <p class='ocr_par' dir='ltr' id='par_1_82' title="bbox 279 4932 1863 5004">
     <span class='ocr_line' id='line_1_82' title="bbox 279 4932 1863 5004; baseline -0.001 -18"><span class='ocrx_word' id='word_1_603' title='bbox 279 4933 454 5003; x_wconf 83' lang='grc' dir='ltr'>τούτῳ</span> <span class='ocrx_word' id='word_1_604' title='bbox 487 4933 731 5000; x_wconf 90' lang='grc' dir='ltr'>πελάσει,</span> <span class='ocrx_word' id='word_1_605' title='bbox 786 4933 1179 5004; x_wconf 83' lang='grc' dir='ltr'>κλονηθήσεται</span> <span class='ocrx_word' id='word_1_606' title='bbox 1208 4933 1306 5002; x_wconf 81' lang='grc' dir='ltr'>μὲν</span> <span class='ocrx_word' id='word_1_607' title='bbox 1333 4935 1364 5004; x_wconf 86' lang='grc' dir='ltr'>ἡ</span> <span class='ocrx_word' id='word_1_608' title='bbox 1395 4933 1488 5002; x_wconf 84' lang='grc' dir='ltr'>γῆ,</span> <span class='ocrx_word' id='word_1_609' title='bbox 1517 4932 1863 5004; x_wconf 80' lang='grc' dir='ltr'>πανωλεθρία</span> 
     </span>
    </p>
   </div>
   <div class='ocr_carea' id='block_1_83' title="bbox 279 5017 1864 5098">
    <p class='ocr_par' dir='ltr' id='par_1_83' title="bbox 279 5017 1864 5098">
     <span class='ocr_line' id='line_1_83' title="bbox 279 5017 1864 5098; baseline 0.001 -22"><span class='ocrx_word' id='word_1_610' title='bbox 279 5024 334 5076; x_wconf 81' lang='grc' dir='ltr'>δὲ</span> <span class='ocrx_word' id='word_1_611' title='bbox 357 5024 659 5086; x_wconf 70' lang='grc' dir='ltr'>ἆπανταςδί</span> <span class='ocrx_word' id='word_1_612' title='bbox 699 5017 1094 5098; x_wconf 61' lang='grc' dir='ltr'>καταλήψεται.</span> <span class='ocrx_word' id='word_1_613' title='bbox 1140 5024 1299 5077; x_wconf 81' lang='grc' dir='ltr'>Ἀλλὰ</span> <span class='ocrx_word' id='word_1_614' title='bbox 1336 5025 1560 5088; x_wconf 76' lang='grc' dir='ltr'>τούτους</span> <span class='ocrx_word' id='word_1_615' title='bbox 1594 5025 1691 5095; x_wconf 81' lang='grc' dir='ltr'>μὲν</span> <span class='ocrx_word' id='word_1_616' title='bbox 1738 5025 1864 5088; x_wconf 75' lang='grc' dir='ltr'>τοὺς</span> 
     </span>
    </p>
   </div>
   <div class='ocr_carea' id='block_1_84' title="bbox 281 5114 1860 5187">
    <p class='ocr_par' dir='ltr' id='par_1_84' title="bbox 281 5114 1860 5187">
     <span class='ocr_line' id='line_1_84' title="bbox 281 5114 1860 5187; baseline 0.001 -21"><span class='ocrx_word' id='word_1_617' title='bbox 281 5114 472 5182; x_wconf 83' lang='grc' dir='ltr'>λόγους</span> <span class='ocrx_word' id='word_1_618' title='bbox 504 5115 764 5186; x_wconf 84' lang='grc' dir='ltr'>γραῖδίων</span> <span class='ocrx_word' id='word_1_619' title='bbox 798 5116 1104 5186; x_wconf 82' lang='grc' dir='ltr'>μεθυόντων</span> <span class='ocrx_word' id='word_1_620' title='bbox 1128 5115 1353 5186; x_wconf 77' lang='grc' dir='ltr'>νομίσας</span> <span class='ocrx_word' id='word_1_621' title='bbox 1374 5114 1512 5169; x_wconf 83' lang='grc' dir='ltr'>εἶναι</span> <span class='ocrx_word' id='word_1_622' title='bbox 1541 5115 1860 5187; x_wconf 76' lang='grc' dir='ltr'>ληρὴματα,</span> 
     </span>
    </p>
   </div>
   <div class='ocr_carea' id='block_1_85' title="bbox 281 5206 1862 5280">
    <p class='ocr_par' dir='ltr' id='par_1_85' title="bbox 281 5206 1862 5280">
     <span class='ocr_line' id='line_1_85' title="bbox 281 5206 1862 5280; baseline -0.001 -19"><span class='ocrx_word' id='word_1_623' title='bbox 281 5206 373 5261; x_wconf 84' lang='grc' dir='ltr'><strong>τοῦ</strong></span> <span class='ocrx_word' id='word_1_624' title='bbox 397 5207 453 5261; x_wconf 79' lang='grc' dir='ltr'>δὲ</span> <span class='ocrx_word' id='word_1_625' title='bbox 484 5206 750 5278; x_wconf 85' lang='grc' dir='ltr'>μεγέθους</span> <span class='ocrx_word' id='word_1_626' title='bbox 779 5207 854 5272; x_wconf 86' lang='grc' dir='ltr'>ὡς</span> <span class='ocrx_word' id='word_1_627' title='bbox 886 5209 1094 5279; x_wconf 72' lang='grc' dir='ltr'>ἀψύχου</span> <span class='ocrx_word' id='word_1_628' title='bbox 1144 5209 1583 5280; x_wconf 77' lang='grc' dir='ltr'>καταφρονήσας,</span> <span class='ocrx_word' id='word_1_629' title='bbox 1609 5207 1862 5260; x_wconf 73' lang='grc' dir='ltr'>ἐκέλευσέ</span> 
     </span>
    </p>
   </div>
   <div class='ocr_carea' id='block_1_86' title="bbox 1959 3292 3531 3366">
    <p class='ocr_par' dir='ltr' id='par_1_86' title="bbox 1959 3292 3531 3366">
     <span class='ocr_line' id='line_1_86' title="bbox 1959 3292 3531 3366; baseline -0.003 -16"><span class='ocrx_word' id='word_1_630' title='bbox 1959 3297 2164 3366; x_wconf 87' lang='lat' dir='ltr'><strong>philus,</strong></span> <span class='ocrx_word' id='word_1_631' title='bbox 2215 3297 2299 3349; x_wconf 92' lang='lat' dir='ltr'><strong>vir</strong></span> <span class='ocrx_word' id='word_1_632' title='bbox 2338 3310 2566 3350; x_wconf 66' lang='lat' dir='ltr'><strong>summa:</strong></span> <span class='ocrx_word' id='word_1_633' title='bbox 2606 3293 2928 3364; x_wconf 74' lang='lat' dir='ltr'><strong>prudentize,</strong></span> <span class='ocrx_word' id='word_1_634' title='bbox 2976 3295 3293 3364; x_wconf 81' lang='lat' dir='ltr'><strong>excelsique</strong></span> <span class='ocrx_word' id='word_1_635' title='bbox 3340 3292 3531 3346; x_wconf 87' lang='lat' dir='ltr'><strong>animi.</strong></span> 
     </span>
    </p>
   </div>
   <div class='ocr_carea' id='block_1_87' title="bbox 1961 3386 3536 3443">
    <p class='ocr_par' dir='ltr' id='par_1_87' title="bbox 1961 3386 3536 3443">
     <span class='ocr_line' id='line_1_87' title="bbox 1961 3386 3536 3443; baseline -0.003 -1"><span class='ocrx_word' id='word_1_636' title='bbox 1961 3388 2063 3443; x_wconf 87' lang='lat' dir='ltr'><strong>llic</strong></span> <span class='ocrx_word' id='word_1_637' title='bbox 2128 3389 2317 3442; x_wconf 88' lang='lat' dir='ltr'><strong>urbem</strong></span> <span class='ocrx_word' id='word_1_638' title='bbox 2370 3387 2795 3441; x_wconf 81' lang='lat' dir='ltr'><strong>Alexandrinam</strong></span> <span class='ocrx_word' id='word_1_639' title='bbox 2854 3386 3279 3440; x_wconf 89' lang='lat' dir='ltr'><strong>simulacrorum</strong></span> <span class='ocrx_word' id='word_1_640' title='bbox 3345 3397 3536 3437; x_wconf 85' lang='lat' dir='ltr'><strong>errore</strong></span> 
     </span>
    </p>
   </div>
   <div class='ocr_carea' id='block_1_88' title="bbox 1929 3474 3535 3537">
    <p class='ocr_par' dir='ltr' id='par_1_88' title="bbox 1929 3474 3535 3537">
     <span class='ocr_line' id='line_1_88' title="bbox 1929 3474 3535 3537; baseline -0.005 -2"><span class='ocrx_word' id='word_1_641' title='bbox 1929 3533 1931 3535; x_wconf 81' lang='grc'><strong>,</strong></span> <span class='ocrx_word' id='word_1_642' title='bbox 1960 3481 2235 3537; x_wconf 83' lang='lat' dir='ltr'><strong>liberavit.</strong></span> <span class='ocrx_word' id='word_1_643' title='bbox 2258 3479 2378 3533; x_wconf 83' lang='lat' dir='ltr'><strong>Non</strong></span> <span class='ocrx_word' id='word_1_644' title='bbox 2411 3479 2557 3533; x_wconf 92' lang='lat' dir='ltr'><strong>enim</strong></span> <span class='ocrx_word' id='word_1_645' title='bbox 2597 3477 2872 3532; x_wconf 87' lang='lat' dir='ltr'><strong>idolorum</strong></span> <span class='ocrx_word' id='word_1_646' title='bbox 2925 3477 3088 3529; x_wconf 89' lang='lat' dir='ltr'><strong>modo</strong></span> <span class='ocrx_word' id='word_1_647' title='bbox 3121 3475 3244 3528; x_wconf 88' lang='lat' dir='ltr'><strong>fana</strong></span> <span class='ocrx_word' id='word_1_648' title='bbox 3286 3474 3535 3527; x_wconf 83' lang='lat' dir='ltr'><strong>funditus</strong></span> 
     </span>
    </p>
   </div>
   <div class='ocr_carea' id='block_1_89' title="bbox 1960 3566 3534 3636">
    <p class='ocr_par' dir='ltr' id='par_1_89' title="bbox 1960 3566 3534 3636">
     <span class='ocr_line' id='line_1_89' title="bbox 1960 3566 3534 3636; baseline -0.008 -7"><span class='ocrx_word' id='word_1_649' title='bbox 1960 3573 2178 3636; x_wconf 88' lang='lat' dir='ltr'><strong>evertit,</strong></span> <span class='ocrx_word' id='word_1_650' title='bbox 2219 3571 2312 3628; x_wconf 87' lang='lat' dir='ltr'><strong>sed</strong></span> <span class='ocrx_word' id='word_1_651' title='bbox 2347 3569 2608 3624; x_wconf 87' lang='lat' dir='ltr'><strong>snbdolas</strong></span> <span class='ocrx_word' id='word_1_652' title='bbox 2662 3572 2828 3624; x_wconf 86' lang='lat' dir='ltr'><strong>etiam</strong></span> <span class='ocrx_word' id='word_1_653' title='bbox 2876 3566 3228 3622; x_wconf 85' lang='lat' dir='ltr'><strong>sacerdotum</strong></span> <span class='ocrx_word' id='word_1_654' title='bbox 3263 3573 3410 3620; x_wconf 88' lang='lat' dir='ltr'><strong>artes</strong></span> <span class='ocrx_word' id='word_1_655' title='bbox 3438 3580 3534 3619; x_wconf 87' lang='lat' dir='ltr'><strong>eo—</strong></span> 
     </span>
    </p>
   </div>
   <div class='ocr_carea' id='block_1_90' title="bbox 1961 3658 3535 3736">
    <p class='ocr_par' dir='ltr' id='par_1_90' title="bbox 1961 3658 3535 3736">
     <span class='ocr_line' id='line_1_90' title="bbox 1961 3658 3535 3736; baseline -0.006 -15"><span class='ocrx_word' id='word_1_656' title='bbox 1961 3683 2081 3722; x_wconf 88' lang='lat' dir='ltr'><strong>rum</strong></span> <span class='ocrx_word' id='word_1_657' title='bbox 2117 3679 2259 3736; x_wconf 89' lang='lat' dir='ltr'><strong>quos</strong></span> <span class='ocrx_word' id='word_1_658' title='bbox 2292 3662 2553 3718; x_wconf 87' lang='lat' dir='ltr'><strong>fallebant</strong></span> <span class='ocrx_word' id='word_1_659' title='bbox 2577 3662 2753 3716; x_wconf 89' lang='lat' dir='ltr'><strong>oculis</strong></span> <span class='ocrx_word' id='word_1_660' title='bbox 2785 3661 3039 3730; x_wconf 78' lang='lat' dir='ltr'><strong>subjecit.</strong></span> <span class='ocrx_word' id='word_1_661' title='bbox 3072 3658 3268 3714; x_wconf 66' lang='lat' dir='ltr'><strong>Ercas</strong></span> <span class='ocrx_word' id='word_1_662' title='bbox 3299 3671 3535 3726; x_wconf 86' lang='lat' dir='ltr'><strong>namque</strong></span> 
     </span>
    </p>
   </div>
   <div class='ocr_carea' id='block_1_91' title="bbox 1960 3749 3535 3826">
    <p class='ocr_par' dir='ltr' id='par_1_91' title="bbox 1960 3749 3535 3826">
     <span class='ocr_line' id='line_1_91' title="bbox 1960 3749 3535 3826; baseline -0.005 -15"><span class='ocrx_word' id='word_1_663' title='bbox 1960 3765 2013 3811; x_wconf 89' lang='lat' dir='ltr'><strong>et</strong></span> <span class='ocrx_word' id='word_1_664' title='bbox 2068 3759 2278 3826; x_wconf 80' lang='lat' dir='ltr'><strong>ligneas</strong></span> <span class='ocrx_word' id='word_1_665' title='bbox 2344 3763 2557 3811; x_wconf 81' lang='lat' dir='ltr'><strong>statuas</strong></span> <span class='ocrx_word' id='word_1_666' title='bbox 2611 3769 2772 3808; x_wconf 87' lang='lat' dir='ltr'><strong>cavas</strong></span> <span class='ocrx_word' id='word_1_667' title='bbox 2829 3753 3136 3806; x_wconf 89' lang='lat' dir='ltr'><strong>introrsum</strong></span> <span class='ocrx_word' id='word_1_668' title='bbox 3200 3749 3535 3804; x_wconf 85' lang='lat' dir='ltr'><strong>fabricantes</strong></span> 
     </span>
    </p>
   </div>
   <div class='ocr_carea' id='block_1_92' title="bbox 1961 3844 3535 3917">
    <p class='ocr_par' dir='ltr' id='par_1_92' title="bbox 1961 3844 3535 3917">
     <span class='ocr_line' id='line_1_92' title="bbox 1961 3844 3535 3917; baseline -0.004 -15"><span class='ocrx_word' id='word_1_669' title='bbox 1961 3863 2259 3917; x_wconf 87' lang='lat' dir='ltr'><strong>earumque</strong></span> <span class='ocrx_word' id='word_1_670' title='bbox 2318 3846 2483 3901; x_wconf 88' lang='lat' dir='ltr'><strong>dorsa</strong></span> <span class='ocrx_word' id='word_1_671' title='bbox 2541 3846 2843 3916; x_wconf 88' lang='lat' dir='ltr'><strong>parietibus</strong></span> <span class='ocrx_word' id='word_1_672' title='bbox 2894 3844 3261 3915; x_wconf 85' lang='lat' dir='ltr'><strong>applicantes,</strong></span> <span class='ocrx_word' id='word_1_673' title='bbox 3314 3848 3535 3896; x_wconf 83' lang='lat' dir='ltr'><strong>meatus</strong></span> 
     </span>
    </p>
   </div>
   <div class='ocr_carea' id='block_1_93' title="bbox 1962 3931 3532 4006">
    <p class='ocr_par' dir='ltr' id='par_1_93' title="bbox 1962 3931 3532 4006">
     <span class='ocr_line' id='line_1_93' title="bbox 1962 3931 3532 4006; baseline -0.004 -16"><span class='ocrx_word' id='word_1_674' title='bbox 1962 3938 2228 4006; x_wconf 88' lang='lat' dir='ltr'><strong>quosdam</strong></span> <span class='ocrx_word' id='word_1_675' title='bbox 2269 3952 2376 3989; x_wconf 89' lang='lat' dir='ltr'><strong>non</strong></span> <span class='ocrx_word' id='word_1_676' title='bbox 2411 3937 2748 4004; x_wconf 88' lang='lat' dir='ltr'><strong>conspicuos</strong></span> <span class='ocrx_word' id='word_1_677' title='bbox 2782 3935 2836 3988; x_wconf 92' lang='lat' dir='ltr'><strong>in</strong></span> <span class='ocrx_word' id='word_1_678' title='bbox 2891 3935 3200 4004; x_wconf 88' lang='lat' dir='ltr'><strong>parietibus</strong></span> <span class='ocrx_word' id='word_1_679' title='bbox 3251 3931 3532 4000; x_wconf 85' lang='lat' dir='ltr'><strong>relinque-</strong></span> 
     </span>
    </p>
   </div>
   <div class='ocr_carea' id='block_1_94' title="bbox 1961 4022 3532 4094">
    <p class='ocr_par' dir='ltr' id='par_1_94' title="bbox 1961 4022 3532 4094">
     <span class='ocr_line' id='line_1_94' title="bbox 1961 4022 3532 4094; baseline -0.008 -13"><span class='ocrx_word' id='word_1_680' title='bbox 1961 4027 2112 4081; x_wconf 86' lang='lat' dir='ltr'><strong>bant.</strong></span> <span class='ocrx_word' id='word_1_681' title='bbox 2153 4024 2357 4079; x_wconf 86' lang='lat' dir='ltr'><strong>Deinde</strong></span> <span class='ocrx_word' id='word_1_682' title='bbox 2393 4041 2489 4094; x_wconf 91' lang='lat' dir='ltr'><strong>per</strong></span> <span class='ocrx_word' id='word_1_683' title='bbox 2517 4025 2680 4094; x_wconf 79' lang='lat' dir='ltr'><strong>adyta</strong></span> <span class='ocrx_word' id='word_1_684' title='bbox 2720 4024 3021 4078; x_wconf 79' lang='lat' dir='ltr'><strong>subeuntes</strong></span> <span class='ocrx_word' id='word_1_685' title='bbox 3060 4031 3114 4077; x_wconf 88' lang='lat' dir='ltr'><strong>et</strong></span> <span class='ocrx_word' id='word_1_686' title='bbox 3143 4022 3194 4074; x_wconf 93' lang='lat' dir='ltr'><strong>iu</strong></span> <span class='ocrx_word' id='word_1_687' title='bbox 3226 4029 3532 4074; x_wconf 87' lang='lat' dir='ltr'><strong>statuarum</strong></span> 
     </span>
    </p>
   </div>
   <div class='ocr_carea' id='block_1_95' title="bbox 1962 4109 3538 4183">
    <p class='ocr_par' dir='ltr' id='par_1_95' title="bbox 1962 4109 3538 4183">
     <span class='ocr_line' id='line_1_95' title="bbox 1962 4109 3538 4183; baseline -0.005 -15"><span class='ocrx_word' id='word_1_688' title='bbox 1962 4114 2264 4183; x_wconf 84' lang='lat' dir='ltr'><strong>penetralia</strong></span> <span class='ocrx_word' id='word_1_689' title='bbox 2308 4112 2562 4182; x_wconf 86' lang='lat' dir='ltr'><strong>ingressi,</strong></span> <span class='ocrx_word' id='word_1_690' title='bbox 2591 4127 2822 4181; x_wconf 66' lang='lat' dir='ltr'><strong>qumque</strong></span> <span class='ocrx_word' id='word_1_691' title='bbox 2851 4112 3074 4172; x_wconf 84' lang='lat' dir='ltr'><strong>vellent,</strong></span> <span class='ocrx_word' id='word_1_692' title='bbox 3105 4125 3202 4178; x_wconf 88' lang='lat' dir='ltr'><strong>per</strong></span> <span class='ocrx_word' id='word_1_693' title='bbox 3237 4109 3336 4161; x_wconf 84' lang='lat' dir='ltr'><strong>has</strong></span> <span class='ocrx_word' id='word_1_694' title='bbox 3365 4109 3538 4176; x_wconf 88' lang='lat' dir='ltr'><strong>impe-</strong></span> 
     </span>
    </p>
   </div>
   <div class='ocr_carea' id='block_1_96' title="bbox 1963 4197 3537 4271">
    <p class='ocr_par' dir='ltr' id='par_1_96' title="bbox 1963 4197 3537 4271">
     <span class='ocr_line' id='line_1_96' title="bbox 1963 4197 3537 4271; baseline -0.004 -14"><span class='ocrx_word' id='word_1_695' title='bbox 1963 4205 2162 4257; x_wconf 90' lang='lat' dir='ltr'><strong>rabant</strong></span> <span class='ocrx_word' id='word_1_696' title='bbox 2189 4221 2201 4256; x_wconf 91' lang='lat'>:</span> <span class='ocrx_word' id='word_1_697' title='bbox 2237 4203 2567 4271; x_wconf 79' lang='lat' dir='ltr'><strong>deceptique</strong></span> <span class='ocrx_word' id='word_1_698' title='bbox 2595 4203 2688 4271; x_wconf 90' lang='lat' dir='ltr'><strong>qui</strong></span> <span class='ocrx_word' id='word_1_699' title='bbox 2727 4199 3025 4254; x_wconf 87' lang='lat' dir='ltr'><strong>audiebant</strong></span> <span class='ocrx_word' id='word_1_700' title='bbox 3056 4201 3326 4267; x_wconf 84' lang='lat' dir='ltr'><strong>imperata</strong></span> <span class='ocrx_word' id='word_1_701' title='bbox 3373 4197 3537 4252; x_wconf 88' lang='lat' dir='ltr'><strong>facie-</strong></span> 
     </span>
    </p>
   </div>
   <div class='ocr_carea' id='block_1_97' title="bbox 1963 4287 3538 4360">
    <p class='ocr_par' dir='ltr' id='par_1_97' title="bbox 1963 4287 3538 4360">
     <span class='ocr_line' id='line_1_97' title="bbox 1963 4287 3538 4360; baseline -0.006 -10"><span class='ocrx_word' id='word_1_702' title='bbox 1963 4294 2116 4350; x_wconf 90' lang='lat' dir='ltr'><strong>bant.</strong></span> <span class='ocrx_word' id='word_1_703' title='bbox 2155 4291 2264 4346; x_wconf 91' lang='lat' dir='ltr'><strong>Has</strong></span> <span class='ocrx_word' id='word_1_704' title='bbox 2302 4293 2598 4347; x_wconf 90' lang='lat' dir='ltr'><strong>destrucns</strong></span> <span class='ocrx_word' id='word_1_705' title='bbox 2650 4290 3094 4360; x_wconf 73' lang='lat' dir='ltr'><strong>sapientissimus</strong></span> <span class='ocrx_word' id='word_1_706' title='bbox 3138 4287 3382 4359; x_wconf 79' lang='lat' dir='ltr'><strong>pontifex</strong></span> <span class='ocrx_word' id='word_1_707' title='bbox 3428 4288 3538 4342; x_wconf 90' lang='lat' dir='ltr'><strong>cir-</strong></span> 
     </span>
    </p>
   </div>
   <div class='ocr_carea' id='block_1_98' title="bbox 1964 4376 3535 4452">
    <p class='ocr_par' dir='ltr' id='par_1_98' title="bbox 1964 4376 3535 4452">
     <span class='ocr_line' id='line_1_98' title="bbox 1964 4376 3535 4452; baseline -0.006 -14"><span class='ocrx_word' id='word_1_708' title='bbox 1964 4391 2264 4438; x_wconf 89' lang='lat' dir='ltr'><strong>cumvento</strong></span> <span class='ocrx_word' id='word_1_709' title='bbox 2307 4380 2512 4452; x_wconf 89' lang='lat' dir='ltr'><strong>populo</strong></span> <span class='ocrx_word' id='word_1_710' title='bbox 2561 4394 2676 4434; x_wconf 89' lang='lat' dir='ltr'><strong>rem</strong></span> <span class='ocrx_word' id='word_1_711' title='bbox 2714 4377 2996 4449; x_wconf 88' lang='lat' dir='ltr'><strong>patefecit.</strong></span> <span class='ocrx_word' id='word_1_712' title='bbox 3038 4376 3322 4447; x_wconf 89' lang='lat' dir='ltr'><strong>Serapidis</strong></span> <span class='ocrx_word' id='word_1_713' title='bbox 3353 4385 3535 4431; x_wconf 91' lang='lat' dir='ltr'><strong>autem</strong></span> 
     </span>
    </p>
   </div>
   <div class='ocr_carea' id='block_1_99' title="bbox 1967 4455 3537 4542">
    <p class='ocr_par' dir='ltr' id='par_1_99' title="bbox 1967 4455 3537 4542">
     <span class='ocr_line' id='line_1_99' title="bbox 1967 4455 3537 4542; baseline -0.004 -15"><span class='ocrx_word' id='word_1_714' title='bbox 1967 4474 2230 4542; x_wconf 89' lang='lat' dir='ltr'><strong>templum</strong></span> <span class='ocrx_word' id='word_1_715' title='bbox 2261 4455 2592 4542; x_wconf 68' lang='lat' dir='ltr'><strong>ingressus,</strong></span> <span class='ocrx_word' id='word_1_716' title='bbox 2651 4468 2798 4540; x_wconf 89' lang='lat' dir='ltr'><strong>quod</strong></span> <span class='ocrx_word' id='word_1_717' title='bbox 2851 4470 3096 4523; x_wconf 88' lang='lat' dir='ltr'><strong>omnium</strong></span> <span class='ocrx_word' id='word_1_718' title='bbox 3155 4482 3280 4538; x_wconf 62' lang='lat' dir='ltr'><strong>qua;</strong></span> <span class='ocrx_word' id='word_1_719' title='bbox 3331 4467 3383 4520; x_wconf 91' lang='lat' dir='ltr'><strong>in</strong></span> <span class='ocrx_word' id='word_1_720' title='bbox 3420 4475 3537 4521; x_wconf 93' lang='lat' dir='ltr'><strong>toto</strong></span> 
     </span>
    </p>
   </div>
   <div class='ocr_carea' id='block_1_100' title="bbox 1965 4557 3536 4628">
    <p class='ocr_par' dir='ltr' id='par_1_100' title="bbox 1965 4557 3536 4628">
     <span class='ocr_line' id='line_1_100' title="bbox 1965 4557 3536 4628; baseline -0.004 -12"><span class='ocrx_word' id='word_1_721' title='bbox 1965 4574 2237 4618; x_wconf 89' lang='lat' dir='ltr'><strong>terrarum</strong></span> <span class='ocrx_word' id='word_1_722' title='bbox 2297 4562 2434 4617; x_wconf 86' lang='lat' dir='ltr'><strong>orbe</strong></span> <span class='ocrx_word' id='word_1_723' title='bbox 2497 4569 2628 4615; x_wconf 91' lang='lat' dir='ltr'><strong>sunt</strong></span> <span class='ocrx_word' id='word_1_724' title='bbox 2690 4559 2986 4613; x_wconf 87' lang='lat' dir='ltr'><strong>maximum</strong></span> <span class='ocrx_word' id='word_1_725' title='bbox 3038 4574 3068 4612; x_wconf 91' lang='lat' dir='ltr'><strong>a</strong></span> <span class='ocrx_word' id='word_1_726' title='bbox 3121 4557 3536 4628; x_wconf 85' lang='lat' dir='ltr'><strong>quihusdamet</strong></span> 
     </span>
    </p>
   </div>
   <div class='ocr_carea' id='block_1_101' title="bbox 1961 4649 3538 4727">
    <p class='ocr_par' dir='ltr' id='par_1_101' title="bbox 1961 4649 3538 4727">
     <span class='ocr_line' id='line_1_101' title="bbox 1961 4649 3538 4727; baseline -0.004 -17"><span class='ocrx_word' id='word_1_727' title='bbox 1961 4655 2397 4727; x_wconf 83' lang='lat' dir='ltr'><strong>pulcherrimum</strong></span> <span class='ocrx_word' id='word_1_728' title='bbox 2456 4652 2632 4708; x_wconf 86' lang='lat' dir='ltr'><strong>fuisse</strong></span> <span class='ocrx_word' id='word_1_729' title='bbox 2696 4651 3036 4722; x_wconf 87' lang='lat' dir='ltr'><strong>perhibetur,</strong></span> <span class='ocrx_word' id='word_1_730' title='bbox 3088 4659 3335 4707; x_wconf 66' lang='lat' dir='ltr'><strong>etatuam</strong></span> <span class='ocrx_word' id='word_1_731' title='bbox 3403 4649 3538 4703; x_wconf 88' lang='lat' dir='ltr'><strong>vidit</strong></span> 
     </span>
    </p>
   </div>
   <div class='ocr_carea' id='block_1_102' title="bbox 1961 4741 3534 4816">
    <p class='ocr_par' dir='ltr' id='par_1_102' title="bbox 1961 4741 3534 4816">
     <span class='ocr_line' id='line_1_102' title="bbox 1961 4741 3534 4816; baseline -0.006 -16"><span class='ocrx_word' id='word_1_732' title='bbox 1961 4748 2119 4816; x_wconf 79' lang='lat' dir='ltr'><strong>longe</strong></span> <span class='ocrx_word' id='word_1_733' title='bbox 2142 4746 2458 4806; x_wconf 79' lang='lat' dir='ltr'><strong>maximam,</strong></span> <span class='ocrx_word' id='word_1_734' title='bbox 2489 4751 2543 4798; x_wconf 91' lang='lat' dir='ltr'><strong>et</strong></span> <span class='ocrx_word' id='word_1_735' title='bbox 2566 4755 2689 4812; x_wconf 69' lang='lat' dir='ltr'><strong>qua:</strong></span> <span class='ocrx_word' id='word_1_736' title='bbox 2721 4741 3105 4810; x_wconf 80' lang='lat' dir='ltr'><strong>magnitudine</strong></span> <span class='ocrx_word' id='word_1_737' title='bbox 3139 4754 3237 4794; x_wconf 89' lang='lat' dir='ltr'><strong>sua</strong></span> <span class='ocrx_word' id='word_1_738' title='bbox 3265 4749 3534 4793; x_wconf 86' lang='lat' dir='ltr'><strong>terrorem</strong></span> 
     </span>
    </p>
   </div>
   <div class='ocr_carea' id='block_1_103' title="bbox 1959 4829 3535 4910">
    <p class='ocr_par' dir='ltr' id='par_1_103' title="bbox 1959 4829 3535 4910">
     <span class='ocr_line' id='line_1_103' title="bbox 1959 4829 3535 4910; baseline -0.008 -16"><span class='ocrx_word' id='word_1_739' title='bbox 1959 4838 2344 4910; x_wconf 86' lang='lat' dir='ltr'><strong>spectantibus</strong></span> <span class='ocrx_word' id='word_1_740' title='bbox 2375 4836 2697 4889; x_wconf 83' lang='lat' dir='ltr'><strong>incuteret:</strong></span> <span class='ocrx_word' id='word_1_741' title='bbox 2739 4845 2808 4886; x_wconf 90' lang='lat' dir='ltr'><strong>ac</strong></span> <span class='ocrx_word' id='word_1_742' title='bbox 2855 4839 3050 4900; x_wconf 71' lang='lat' dir='ltr'><strong>praater</strong></span> <span class='ocrx_word' id='word_1_743' title='bbox 3103 4829 3535 4900; x_wconf 89' lang='lat' dir='ltr'><strong>magnitudinem</strong></span> 
     </span>
    </p>
   </div>
   <div class='ocr_carea' id='block_1_104' title="bbox 1913 4923 3536 5000">
    <p class='ocr_par' dir='ltr' id='par_1_104' title="bbox 1913 4923 3536 5000">
     <span class='ocr_line' id='line_1_104' title="bbox 1913 4923 3536 5000; baseline -0.009 -15"><span class='ocrx_word' id='word_1_744' title='bbox 1913 4951 1926 4963; x_wconf 65' lang='grc' dir='ltr'>δ</span> <span class='ocrx_word' id='word_1_745' title='bbox 1958 4930 2132 4986; x_wconf 88' lang='lat' dir='ltr'><strong>falsus</strong></span> <span class='ocrx_word' id='word_1_746' title='bbox 2155 4928 2377 5000; x_wconf 88' lang='lat' dir='ltr'><strong>quidam</strong></span> <span class='ocrx_word' id='word_1_747' title='bbox 2430 4939 2622 4980; x_wconf 89' lang='lat' dir='ltr'><strong>rumor</strong></span> <span class='ocrx_word' id='word_1_748' title='bbox 2679 4923 3035 4986; x_wconf 86' lang='lat' dir='ltr'><strong>obtinuerat,</strong></span> <span class='ocrx_word' id='word_1_749' title='bbox 3073 4930 3234 4977; x_wconf 66' lang='lat' dir='ltr'><strong>terra:</strong></span> <span class='ocrx_word' id='word_1_750' title='bbox 3286 4927 3491 4974; x_wconf 89' lang='lat' dir='ltr'><strong>motum</strong></span> <span class='ocrx_word' id='word_1_751' title='bbox 3516 4959 3536 4988; x_wconf 89' lang='lat'><strong>,</strong></span> 
     </span>
    </p>
   </div>
   <div class='ocr_carea' id='block_1_105' title="bbox 1957 5012 3537 5094">
    <p class='ocr_par' dir='ltr' id='par_1_105' title="bbox 1957 5012 3537 5094">
     <span class='ocr_line' id='line_1_105' title="bbox 1957 5012 3537 5094; baseline -0.008 -15"><span class='ocrx_word' id='word_1_752' title='bbox 1957 5025 2000 5079; x_wconf 81' lang='lat' dir='ltr'><strong>si</strong></span> <span class='ocrx_word' id='word_1_753' title='bbox 2030 5023 2159 5094; x_wconf 85' lang='lat' dir='ltr'><strong>quis</strong></span> <span class='ocrx_word' id='word_1_754' title='bbox 2187 5020 2412 5091; x_wconf 89' lang='lat' dir='ltr'><strong>propius</strong></span> <span class='ocrx_word' id='word_1_755' title='bbox 2459 5017 2770 5080; x_wconf 76' lang='lat' dir='ltr'><strong>accederet,</strong></span> <span class='ocrx_word' id='word_1_756' title='bbox 2803 5016 3158 5077; x_wconf 89' lang='lat' dir='ltr'><strong>exstiturum,</strong></span> <span class='ocrx_word' id='word_1_757' title='bbox 3197 5012 3537 5080; x_wconf 74' lang='lat' dir='ltr'><strong>exitiumque</strong></span> 
     </span>
    </p>
   </div>
   <div class='ocr_carea' id='block_1_106' title="bbox 1957 5104 3534 5170">
    <p class='ocr_par' dir='ltr' id='par_1_106' title="bbox 1957 5104 3534 5170">
     <span class='ocr_line' id='line_1_106' title="bbox 1957 5104 3534 5170; baseline -0.01 1"><span class='ocrx_word' id='word_1_758' title='bbox 1957 5117 2218 5170; x_wconf 86' lang='lat' dir='ltr'><strong>omnibus</strong></span> <span class='ocrx_word' id='word_1_759' title='bbox 2279 5113 2610 5166; x_wconf 61' lang='lat' dir='ltr'><strong>allaturum:</strong></span> <span class='ocrx_word' id='word_1_760' title='bbox 2645 5111 2715 5162; x_wconf 86' lang='lat' dir='ltr'><strong>At</strong></span> <span class='ocrx_word' id='word_1_761' title='bbox 2775 5122 3025 5162; x_wconf 82' lang='lat' dir='ltr'><strong>rumores</strong></span> <span class='ocrx_word' id='word_1_762' title='bbox 3077 5108 3212 5161; x_wconf 90' lang='lat' dir='ltr'><strong>istos</strong></span> <span class='ocrx_word' id='word_1_763' title='bbox 3260 5104 3534 5159; x_wconf 87' lang='lat' dir='ltr'><strong>chriarum</strong></span> 
     </span>
    </p>
   </div>
   <div class='ocr_carea' id='block_1_107' title="bbox 1957 5195 3536 5270">
    <p class='ocr_par' dir='ltr' id='par_1_107' title="bbox 1957 5195 3536 5270">
     <span class='ocr_line' id='line_1_107' title="bbox 1957 5195 3536 5270; baseline -0.01 -7"><span class='ocrx_word' id='word_1_764' title='bbox 1957 5207 2301 5263; x_wconf 88' lang='lat' dir='ltr'><strong>anicularum</strong></span> <span class='ocrx_word' id='word_1_765' title='bbox 2331 5219 2457 5260; x_wconf 87' lang='lat' dir='ltr'><strong>esse</strong></span> <span class='ocrx_word' id='word_1_766' title='bbox 2488 5202 2854 5258; x_wconf 88' lang='lat' dir='ltr'><strong>deliramenta</strong></span> <span class='ocrx_word' id='word_1_767' title='bbox 2893 5209 3184 5270; x_wconf 83' lang='lat' dir='ltr'><strong>reputans,</strong></span> <span class='ocrx_word' id='word_1_768' title='bbox 3218 5204 3272 5252; x_wconf 90' lang='lat' dir='ltr'><strong>et</strong></span> <span class='ocrx_word' id='word_1_769' title='bbox 3327 5195 3536 5267; x_wconf 81' lang='lat' dir='ltr'><strong>magni-</strong></span> 
     </span>
    </p>
   </div>
   <div class='ocr_carea' id='block_1_108' title="bbox 1617 5378 2298 5439">
    <p class='ocr_par' dir='ltr' id='par_1_108' title="bbox 1617 5378 2298 5439">
     <span class='ocr_line' id='line_1_108' title="bbox 1617 5378 2298 5439; baseline -0.006 -2"><span class='ocrx_word' id='word_1_770' title='bbox 1617 5383 1851 5439; x_wconf 63' lang='lat' dir='ltr'><strong>VARIA}</strong></span> <span class='ocrx_word' id='word_1_771' title='bbox 1892 5378 2298 5439; x_wconf 82' lang='lat' dir='ltr'><strong>LECTIONES.</strong></span> 
     </span>
    </p>
   </div>
   <div class='ocr_carea' id='block_1_109' title="bbox 348 5518 3540 5606">
    <p class='ocr_par' dir='ltr' id='par_1_109' title="bbox 348 5518 3540 5606">
     <span class='ocr_line' id='line_1_109' title="bbox 348 5518 3540 5606; baseline -0.007 -10"><span class='ocrx_word' id='word_1_772' title='bbox 348 5537 398 5574; x_wconf 78' lang='lat'><strong>&quot;</strong></span> <span class='ocrx_word' id='word_1_773' title='bbox 448 5540 733 5596; x_wconf 84' lang='grc' dir='ltr'>Ἐκοίτιον.</span> <span class='ocrx_word' id='word_1_774' title='bbox 765 5518 902 5594; x_wconf 57' lang='grc' dir='ltr'><strong>Ῥὶιιὶ</strong></span> <span class='ocrx_word' id='word_1_775' title='bbox 953 5539 1092 5594; x_wconf 87' lang='lat' dir='ltr'><strong>liber</strong></span> <span class='ocrx_word' id='word_1_776' title='bbox 1174 5538 1467 5592; x_wconf 82' lang='grc' dir='ltr'>Ἐκκοίτιον</span> <span class='ocrx_word' id='word_1_777' title='bbox 1517 5535 1752 5606; x_wconf 87' lang='lat' dir='ltr'><strong>appellat</strong></span> <span class='ocrx_word' id='word_1_778' title='bbox 1793 5533 2156 5606; x_wconf 84' lang='lat' dir='ltr'><strong>Nicephorus;</strong></span> <span class='ocrx_word' id='word_1_779' title='bbox 2215 5533 2260 5564; x_wconf 78' lang='grc'><strong>⁷⁸</strong></span> <span class='ocrx_word' id='word_1_780' title='bbox 2287 5531 2495 5602; x_wconf 82' lang='grc' dir='ltr'>ἀπέδρα</span> <span class='ocrx_word' id='word_1_781' title='bbox 2526 5529 2624 5598; x_wconf 86' lang='grc' dir='ltr'><strong>μέν</strong></span> <span class='ocrx_word' id='word_1_782' title='bbox 2655 5527 2910 5599; x_wconf 84' lang='lat' dir='ltr'><strong>proponit</strong></span> <span class='ocrx_word' id='word_1_783' title='bbox 2939 5525 3240 5606; x_wconf 62' lang='lat' dir='ltr'><strong>Valesius._</strong></span> <span class='ocrx_word' id='word_1_784' title='bbox 3269 5523 3322 5605; x_wconf 56' lang='grc' dir='ltr'>’ξ</span> <span class='ocrx_word' id='word_1_785' title='bbox 3349 5519 3540 5590; x_wconf 80' lang='grc' dir='ltr'>ἐπειδὴ</span> 
     </span>
    </p>
   </div>
   <div class='ocr_carea' id='block_1_110' title="bbox 279 5594 3542 5679">
    <p class='ocr_par' dir='ltr' id='par_1_110' title="bbox 279 5594 3542 5679">
     <span class='ocr_line' id='line_1_110' title="bbox 279 5594 3542 5679; baseline -0.006 -15"><span class='ocrx_word' id='word_1_786' title='bbox 279 5610 358 5667; x_wconf 86' lang='grc' dir='ltr'><strong>δέ.</strong></span> <span class='ocrx_word' id='word_1_787' title='bbox 388 5594 555 5667; x_wconf 67' lang='grc' dir='ltr'>Βυξὶι.</span> <span class='ocrx_word' id='word_1_788' title='bbox 587 5594 698 5668; x_wconf 60' lang='lat' dir='ltr'><strong>Gr.</strong></span> <span class='ocrx_word' id='word_1_789' title='bbox 734 5621 787 5667; x_wconf 87' lang='lat' dir='ltr'><strong>et</strong></span> <span class='ocrx_word' id='word_1_790' title='bbox 833 5609 1022 5679; x_wconf 79' lang='lat' dir='ltr'><strong>Steph.</strong></span> <span class='ocrx_word' id='word_1_791' title='bbox 1089 5609 1134 5641; x_wconf 74' lang='grc'>⁸⁸</span> <span class='ocrx_word' id='word_1_792' title='bbox 1164 5594 1650 5679; x_wconf 43' lang='grc' dir='ltr'>ἀντιγραφῶνξιὶιι</span> <span class='ocrx_word' id='word_1_793' title='bbox 1665 5594 1974 5679; x_wconf 67' lang='grc' dir='ltr'>ἀντιγραφῇ</span> <span class='ocrx_word' id='word_1_794' title='bbox 2025 5620 2357 5679; x_wconf 68' lang='lat' dir='ltr'><strong>responsum,</strong></span> <span class='ocrx_word' id='word_1_795' title='bbox 2393 5594 2866 5679; x_wconf 48' lang='lat' dir='ltr'><strong>&quot;iulatojeeeutu</strong></span> <span class='ocrx_word' id='word_1_796' title='bbox 2906 5595 3114 5679; x_wconf 53' lang='lat' dir='ltr'><strong>scribit</strong></span> <span class='ocrx_word' id='word_1_797' title='bbox 3147 5594 3428 5679; x_wconf 58' lang='lat' dir='ltr'><strong>Valesius.</strong></span> <span class='ocrx_word' id='word_1_798' title='bbox 3455 5607 3542 5679; x_wconf 48' lang='lat'><strong>:0;-</strong></span> 
     </span>
    </p>
   </div>
   <div class='ocr_carea' id='block_1_111' title="bbox 283 5660 3552 5755">
    <p class='ocr_par' dir='ltr' id='par_1_111' title="bbox 283 5660 3552 5755">
     <span class='ocr_line' id='line_1_111' title="bbox 283 5660 3552 5755; baseline -0.006 -19"><span class='ocrx_word' id='word_1_799' title='bbox 585 5660 787 5755; x_wconf 34' lang='grc' dir='ltr'><strong>υἷι-ιο.--</strong></span> <span class='ocrx_word' id='word_1_800' title='bbox 829 5660 1218 5751; x_wconf 26' lang='grc' dir='ltr'><strong>³’ί-ιῖδεδήσατο.</strong></span> <span class='ocrx_word' id='word_1_801' title='bbox 1251 5660 1422 5734; x_wconf 63' lang='lat' dir='ltr'><strong>né‘sitf</strong></span> <span class='ocrx_word' id='word_1_802' title='bbox 1469 5660 1588 5744; x_wconf 60' lang='lat' dir='ltr'><strong>Cia,</strong></span> <span class='ocrx_word' id='word_1_803' title='bbox 1623 5675 1739 5731; x_wconf 85' lang='lat' dir='ltr'><strong>Pini</strong></span> <span class='ocrx_word' id='word_1_804' title='bbox 1766 5660 2063 5748; x_wconf 53' lang='lat' dir='ltr'><strong>S&#39;a&#39;vil&#39;iique</strong></span> <span class='ocrx_word' id='word_1_805' title='bbox 2098 5660 2284 5736; x_wconf 72' lang='lat' dir='ltr'><strong>codd.,</strong></span> <span class='ocrx_word' id='word_1_806' title='bbox 2319 5660 2586 5746; x_wconf 75' lang='lat' dir='ltr'><strong>probante</strong></span> <span class='ocrx_word' id='word_1_807' title='bbox 2617 5669 2856 5726; x_wconf 69' lang='lat' dir='ltr'><strong>Valesio.</strong></span> <span class='ocrx_word' id='word_1_808' title='bbox 2906 5666 2950 5700; x_wconf 75' lang='lat'><strong>&quot;</strong></span> <span class='ocrx_word' id='word_1_809' title='bbox 2985 5667 3214 5720; x_wconf 66' lang='grc' dir='ltr'>ᾶπαντα.</span> <span class='ocrx_word' id='word_1_810' title='bbox 3252 5665 3428 5719; x_wconf 79' lang='lat' dir='ltr'><strong>Basil.</strong></span> <span class='ocrx_word' id='word_1_811' title='bbox 3454 5660 3552 5710; x_wconf 70' lang='lat' dir='ltr'><strong>Gt-</strong></span> 
     </span>
    </p>
   </div>
   <div class='ocr_carea' id='block_1_112' title="bbox 2530 3098 3628 3166">
    <p class='ocr_par' dir='ltr' id='par_1_112' title="bbox 2530 3098 3628 3166">
     <span class='ocr_line' id='line_1_112' title="bbox 2530 3098 3628 3166; baseline -0.002 -2"><span class='ocrx_word' id='word_1_812' title='bbox 2530 3110 2672 3164; x_wconf 90' lang='lat' dir='ltr'><strong>fama</strong></span> <span class='ocrx_word' id='word_1_813' title='bbox 2729 3111 3096 3166; x_wconf 83' lang='lat' dir='ltr'><strong>celeberrimo</strong></span> <span class='ocrx_word' id='word_1_814' title='bbox 3173 3107 3534 3163; x_wconf 87' lang='lat' dir='ltr'><strong>admirandus</strong></span> <span class='ocrx_word' id='word_1_815' title='bbox 3623 3098 3628 3102; x_wconf 62' lang='grc'><strong>’</strong></span> 
     </span>
    </p>
   </div>
  </div>
