3974 6212
418 255 550 321 1951

1422 253 1910 314 THEODORETI
1941 253 2279 314 EPISCOPI
2319 253 2686 315 CYRENSIS

3536 258 3556 319 Ῑ
3570 259 3682 323 ΞΣιΞ

415 374 612 430 tutam,
665 358 1033 419 Valentiniani
1099 366 1278 414 morte
1331 356 1668 430 Eugeniique
1701 358 1988 432 tyrannide

2094 375 2154 427 γε
2195 360 2294 430 τῆς
2324 362 2698 432 γεγενημένης
2730 361 2972 431 είρήνης,
3019 362 3118 433 τήν
3148 380 3206 417 τε
3257 363 3680 422 Βαλεντινιανοῦ

415 456 624 519 audita,
653 469 775 508 cum
819 451 1062 505 exercitu
1107 451 1270 504 movit
1311 451 1365 504 in
1423 448 1716 520 Europam.
1763 449 1992 506 Vivebat

413 558 544 604 tunc
572 547 626 601 in
655 543 892 614 Egypto
916 540 1159 596 Joannes
1195 541 1445 610 quidam.
1490 541 1841 609 disciplinam
1891 554 1990 620 co.-

413 643 532 698 lens
574 638 894 699 asceticam,
940 634 1033 704 qui
1069 633 1340 703 spirituali
1377 632 1551 702 gratia
1593 640 1843 696 ornatus,
1886 631 1993 686 sci-

412 727 741 786 scitantibus
805 725 976 779 multa
1027 724 1448 793 prmnuntiabat.
1511 721 1591 776 Ad
1655 722 1802 776 hunc
1844 720 1994 774 misit

409 819 612 876 Christi
637 832 830 872 amans
851 816 1167 884 imperator,
1199 813 1340 868 scire
1378 829 1545 868 avens
1575 829 1642 867 an
1680 811 1991 868 bellandum

415 923 564 970 esset
593 919 785 966 contra
829 917 1116 980 tyrannos.
1161 905 1238 960 Ac
1275 905 1454 975 priore
1505 906 1726 975 quidem
1765 905 1819 958 in
1852 902 1992 957 bello

411 1011 699 1067 victoriam
732 1007 852 1063 sine
887 1005 1157 1074 sanguine
1219 1003 1455 1058 futuram
1519 1002 1847 1056 vaticinatus
1883 1007 1990 1064 est,

413 1105 470 1161 in
492 1101 794 1174 posteriore
813 1112 940 1153 vero
974 1106 1094 1165 post
1115 1096 1338 1150 multam
1364 1094 1566 1149 caedem
1592 1095 1854 1148 victorem
1877 1090 1993 1146 fore

413 1198 801 1268 imperatorem
835 1187 1260 1260 praedixit.Cum
1282 1188 1383 1240 hac
1415 1201 1512 1254 spe
1537 1185 1726 1255 copias
1749 1183 1993 1239 educcns

413 1287 734 1356 imperator,
769 1282 884 1336 acie
918 1279 1184 1333 instructa
1209 1278 1448 1330 hostium
1480 1276 1744 1346 plurimos
1759 1273 1988 1336 cecidit,

412 1377 678 1448 plurimos
725 1382 778 1428 et
828 1372 942 1440 ipse
994 1369 1290 1422 auxiliares
1334 1367 1597 1422 barbaros
1648 1365 1852 1420 amisit.
1915 1363 1991 1418 lbi

412 1483 540 1523 cum
569 1466 738 1520 duces
779 1476 980 1532 paucos
1005 1460 1058 1514 in
1083 1459 1252 1514 armis
1286 1456 1501 1529 1064
1535 1470 1824 1526 superesse
1851 1454 1994 1508 dice-

413 1569 559 1625 rent,
594 1557 996 1623 suaderentque
1021 1553 1222 1607 bellum
1255 1551 1572 1621 aliquandiu
1597 1548 1988 1613 intermittere,

412 1665 476 1708 ut
503 1666 631 1706 vere
671 1650 893 1704 ineunte
935 1661 1106 1701 novas
1147 1643 1335 1713 copias
1360 1651 1580 1712 cogeret
1615 1650 1778 1710 atque
1807 1640 1991 1693 hostes

412 1743 765 1802 multitudine
799 1749 1108 1811 superaret,
1151 1738 1445 1792 consilium
1501 1735 1853 1790 ﬁdelissimus
1887 1734 1990 1785 int-

412 1845 634 1908 perator
665 1833 994 1904 repudiavit.
1030 1848 1050 1880 ι
1093 1827 1202 1884 Nec
1228 1828 1373 1882 enim
1405 1824 1856 1880 committendum
1882 1829 1987 1887 est,

413 1928 610 1999 inquit,
630 1935 689 1981 ut
711 1923 940 1981 salutari
963 1924 1114 1976 cruci
1157 1928 1362 1974 tantam
1404 1917 1830 1972 imbecillitatem
1889 1915 1991 1968 im-

412 2021 724 2091 pingamus,
746 2024 838 2069 aut
867 2013 1119 2068 llerculis
1148 2011 1368 2080 imagini
1401 2017 1580 2063 tantas
1602 2009 1745 2063 vires
1767 2006 1991 2061 confes-

412 2113 568 2166 sione
616 2115 805 2161 nostra
840 2106 1167 2159 tribuamus.
1231 2100 1444 2170 Quippe
1497 2115 1633 2154 crux
1689 2096 1988 2159 exercitum

413 2208 664 2257 nostrum
704 2195 997 2260 antecedit,
1021 2195 1201 2263 imago
1241 2193 1334 2246 illa
1380 2192 1654 2246 hostilem.
1685 2209 1703 2242 ι
1734 2189 1828 2244 His
1864 2204 1988 2242 cum

413 2293 608 2349 ﬁducia
629 2290 813 2353 dictis,
867 2303 992 2342 cum
1032 2286 1206 2355 copim
1251 2299 1374 2353 quae
1409 2282 1688 2338 restabant
1715 2285 1732 2304 '
1780 2281 1990 2351 exiguae

411 2389 706 2452 fractaeque
726 2381 921 2435 animis
944 2387 1153 2440 essent,
1175 2377 1477 2432 oratorium
1500 2385 1695 2430 nactus
1711 2375 1763 2428 in
1789 2390 1868 2429 vet
1885 2375 1990 2427 tice

410 2479 613 2532 montis
644 2474 698 2526 in
727 2487 836 2541 quo
853 2481 1032 2524 castra
1051 2476 1232 2532 erant,
1255 2475 1425 2521 totam
1460 2476 1672 2521 noctem
1700 2465 1987 2519 Dominum

411 2568 799 2622 universorum
840 2562 1050 2616 orando
1080 2561 1446 2631 consumpsit.
1508 2559 1622 2614 Sub
1655 2559 1988 2629 gallicinium

411 2670 590 2715 autem
618 2672 848 2714 somnus
881 2656 1034 2709 illum
1065 2664 1264 2726 praeter
1302 2654 1638 2707 voluntatem
1691 2651 1985 2721 oppressit.

413 2751 574 2806 ηιιιιιί
612 2765 742 2820 ergo
769 2757 1100 2818 prostratus,
1128 2746 1313 2801 videre
1350 2745 1453 2800 sibi
1511 2745 1664 2800 visus
1709 2754 1794 2798 est
1851 2742 1991 2798 duos

411 2844 559 2898 viros
603 2837 834 2895 candida
863 2845 1013 2894 veste
1044 2837 1296 2900 amictos,
1327 2846 1380 2890 et
1419 2835 1578 2905 equis
1611 2834 1750 2890 albis
1777 2841 1986 2897 vectos,

413 2933 511 3004 qui
541 2933 720 3001 ipsum
761 2930 907 2984 bono
937 2927 1123 2982 animo
1148 2942 1291 2992 esse,
1331 2927 1584 2981 timorem
1622 2924 1880 2992 abiicere,
1937 2931 1992 2977 ct

411 3026 588 3096 prima
611 3023 733 3076 luce
763 3035 916 3074 arma
946 3033 1163 3089 capere,
1205 3017 1503 3088 copiasque
1520 3017 1584 3070 ad
1620 3030 1855 3087 pugnam
1905 3015 1991 3068 in-
2020 3039 2064 3098 ο

413 3125 629 3170 struere
657 3111 934 3182 juberent,
988 3111 1341 3164 auviliatorcs
1405 3122 1466 3163 se
1516 3109 1717 3162 missos
1757 3121 1878 3162 esse
1927 3120 1991 3160 ac

411 3205 732 3262 defensores
763 3220 776 3257 :
810 3217 1045 3273 quorum
1070 3203 1205 3257 alter
1227 3215 1287 3257 se
1314 3199 1578 3255 Joannem
1598 3199 1990 3270 evangelistam

415 3300 599 3354 aiebat
623 3313 770 3362 esse,
807 3299 945 3350 alter
985 3293 1297 3363 Philippum
1340 3294 1678 3364 apostolum.
1729 3291 1841 3346 lloc
1873 3291 1992 3346 viso

413 3393 517 3449 sibi
567 3391 751 3446 oblato
783 3389 1129 3460 impcratora
1159 3388 1414 3458 precibus
1463 3401 1570 3441 non
1623 3385 1854 3448 destitit,
1895 3385 1989 3440 sed

413 3484 680 3540 alacriore
697 3483 749 3536 in
788 3496 882 3537 eas
900 3481 1082 3536 studio
1111 3480 1478 3534 incumbebat.
1510 3477 1624 3532 Hoc
1665 3479 1807 3531 idem
1838 3477 1992 3531 miles

412 3574 634 3646 quidam
671 3587 796 3628 cum
829 3571 1075 3632 vidisset,
1107 3571 1412 3625 centurioni
1447 3584 1546 3623 suo
1577 3568 1859 3632 indicavit,
1903 3568 1992 3623 hic

417 3681 545 3721 vero
598 3665 746 3718 illum
789 3664 854 3716 ad
895 3663 1173 3716 tribunum
1213 3661 1456 3723 deduxit.
1488 3661 1744 3715 tribunus
1777 3661 1841 3714 ad
1891 3662 1991 3715 du-

414 3773 554 3812 cem.
615 3757 731 3810 an
775 3755 902 3808 novi
947 3753 1152 3822 aliquid
1211 3751 1454 3806 indicare
1512 3763 1847 3816 autumans,
1891 3752 1992 3805 im-

417 3846 655 3917 peraturi
680 3844 794 3898 haec
824 3842 1116 3916 nuntiavit.
1141 3841 1322 3896 Atille
1361 3860 1374 3896 :
1415 3861 1434 3892 ι
1464 3840 1578 3896 Non
1609 3857 1748 3907 mea,
1779 3843 1988 3912 inquit,

418 3952 610 4021 causa.
636 3938 738 3992 iste
795 3935 900 3988 hoc
955 3935 1122 4001 vidit;
1181 3950 1281 4004 ego
1347 3936 1492 3988 enim
1540 3935 1609 3989 iis
1648 3935 1856 3990 credidi
1896 3934 1990 4003 qui

418 4031 702 4084 victoriam
731 4027 956 4099 polliciti
997 4035 1145 4082 sunt.
1174 4025 1280 4082 Sed
1329 4042 1395 4080 ne
1422 4028 1546 4098 quis
1575 4036 1726 4097 putet
1775 4043 1880 4091 me,
1933 4036 1991 4081 ut

419 4120 631 4194 1065
670 4119 930 4191 cupidutu
987 4134 1203 4190 pugnae,
1235 4119 1504 4173 visionem
1563 4120 1812 4183 tinxisse,
1866 4119 1994 4174 huic

414 4216 579 4270 etiam
602 4215 705 4268 ista
719 4211 959 4267 ostendit
975 4213 1066 4281 qui
1082 4211 1293 4280 imperii
1319 4210 1424 4265 mei
1444 4217 1530 4266 cst
1547 4211 1784 4280 adjutor,
1800 4220 1859 4263 ut
1876 4210 1994 4263 ido-

415 4319 553 4362 neos
588 4304 660 4360 sit
689 4303 848 4359 testis
879 4304 1182 4357 narrationi
1203 4318 1357 4356 mea}.
1381 4301 1510 4356 Mihi
1541 4306 1684 4357 enim
1717 4302 1870 4372 prius
1887 4301 1992 4355 hoc

2095 449 2353 522 τελευτήν
2383 453 2475 505 καὶ
2501 451 2600 523 τήν
2634 453 2888 520 Εύγενίου
2915 455 3207 524 τυραννίδα
3238 457 3450 527 μαθὼν,
3471 461 3550 524 είς
3569 464 3682 531 τὴν

2094 541 2365 613 Εὐρώπην
2391 544 2741 614 ἐστράτευσε.
2776 545 2910 598 Κατ’
2943 548 3147 600 ἐκεῖνον
3179 547 3236 601 δι
3266 550 3360 602 τὸν
3380 552 3573 622 χρόνον
3598 549 3682 626 ἦν

2093 650 2177 696 τις
2216 634 2469 705 Ἰωάννης
2511 636 2570 689 ἐν
2618 635 2900 707 Αἰγύπτῳ,
2930 638 3029 709 τὴν
3089 639 3394 712 ἀσκητικὴν
3425 645 3684 710 ἀσπαζό-

2096 740 2257 794 μενος
2283 723 2584 780 πολιτείαν.
2616 721 2786 789 Οὖτος
2815 732 3192 801 πνευματικῆς
3219 733 3539 804 μεταλαχὼν
3569 737 3682 805 χὰ-

2095 829 2242 884 ριτος
2264 853 2278 878 ,
2309 813 2478 867 πολλὰ
2505 819 2618 878 τοῖς
2657 817 3082 888 πυνθανομένοις
3114 821 3381 891 προῦλεγε
3408 825 3517 877 τῶν
3550 827 3682 880 ἐσο-

2097 904 2294 976 μένων.
2327 907 2471 976 Πρδς
2501 907 2691 962 τοῦτον
2737 912 2765 963 ὀ
2807 910 3152 981 φιλόχριστος
3185 914 3470 969 ἀπέστειλε
3518 917 3682 987 βεισι⁹

2094 995 2240 1062 λεὺς,
2265 1000 2316 1052 εί
2341 999 2678 1071 πολεμητέον
2697 1004 2809 1064 τοῖς
2835 1005 3118 1072 τυράννοις
3149 1005 3342 1075 μαθεῖν
3363 1007 3678 1079 ἐφιέμενος.

2095 1089 2205 1142 Καὶ
2242 1091 2335 1142 ἐπὶ
2380 1092 2479 1160 μὲν
2516 1091 2610 1145 τοῦ
2660 1095 2926 1165 προτέρου
2975 1096 3212 1166 πολέμου
3261 1099 3359 1168 τὴν
3401 1101 3681 1171 ἀναιμωτὶ

2096 1181 2475 1252 προηγόρευσε
2504 1184 2661 1253 νίκην
2682 1201 2695 1213 ·
2723 1187 2815 1238 ἐπὶ
2847 1186 2903 1239 δὲ
2929 1187 3022 1240 τοῦ
3055 1188 3310 1261 δευτέρου
3343 1191 3481 1259 μετά
3507 1194 3679 1246 πολὺν

2095 1274 2256 1340 φόνον
2291 1276 2543 1343 νικήσειν
2575 1276 2666 1328 τὸν
2701 1276 2928 1347 βασιλέα
2951 1280 3273 1350 προείρηκε.
3306 1283 3460 1336 Μετὰ
3487 1282 3679 1336 τοιαύο

2093 1382 2195 1435 της
2243 1366 2457 1430 ἐλπίδος
2491 1367 2640 1440 [Ξῖιῖ]
2673 1370 3007 1441 στρατεύσας
3048 1375 3077 1425 ὁ
3123 1372 3399 1442 βασιλεὺς,
3444 1375 3679 1440 πολλοὺς

2098 1458 2196 1528 μὲν
2254 1457 2365 1510 τῶν
2421 1459 2679 1514 ἐναντίων
2735 1462 3214 1532 παραταττόμενος
3267 1467 3632 1536 κατηκόντισε
3659 1506 3676 1528 ,

2095 1546 2328 1611 πολλοὺς
2390 1548 2446 1601 δέ
2507 1550 2614 1603 τῶν
2675 1553 3114 1622 ἐπικουρούντων
3171 1557 3320 1628 αύτῷ
3382 1558 3678 1630 βαρϐάρων

2096 1639 2360 1696 ἀπέϐαλε.
2387 1641 2506 1694 Τῶν
2529 1643 2585 1695 δέ
2615 1644 2938 1715 στρατηγῶν
2960 1647 3174 1714 ὀλίγους
3207 1645 3348 1702 εἶναι
3372 1651 3498 1712 τοὺς
3533 1667 3676 1720 συμ-

2097 1734 2620 1803 πιραταττομένους
2680 1737 3004 1806 φησάντων.
3065 1740 3160 1794 καὶ
3211 1741 3502 1813 ἀνακωχήν
3554 1759 3681 1798 τινα

2094 1821 2276 1875 δοῦναι
2302 1823 2378 1893 τῷ
2410 1825 2632 1896 πολέμῳ
2664 1828 3206 1898 συμϐουλευσάντων,
3239 1831 3380 1885 ὥστε
3416 1833 3511 1886 τοῦ
3539 1829 3681 1904 ἦρος

2096 1914 2403 1984 ἀρχομένου
2461 1919 2722 1987 στρατιὰν
2781 1926 3134 1994 συναγεῖραι,
3194 1929 3288 1978 καὶ
3338 1926 3415 1996 τῷ
3473 1928 3677 1998 πλήθει

2096 2010 2480 2078 περιγενέσθαι
2524 2011 2632 2064 τῶν
2657 2013 2961 2084 δυσμενῶν,
3003 2017 3103 2070 οὐκ
3150 2018 3368 2084 ἐδέξατο
3417 2020 3520 2090 τὴν
3567 2024 3683 2073 εἰσ-

2094 2099 2294 2168 ήγησιν
2319 2103 2348 2155 ὀ
2382 2105 2702 2168 πιστότατος
2735 2107 3006 2177 βασιλεύς.
3067 2112 3175 2164 «ού
3201 2113 3310 2182 γάρ
3342 2113 3443 2183 ἔφη
3477 2116 3682 2184 χρῆναι

2093 2193 2359 2262 τοσαύτην
2401 2195 2500 2265 μὲν
2527 2195 2813 2252 ἀσθένειαν
2840 2199 2934 2253 τοῦ
2989 2203 3257 2272 σωτηρίου
3294 2204 3680 2274 κατηγορῆσαι

2096 2283 2351 2353 σταυροῦ,
2387 2285 2655 2356 τοσαύτην
2697 2288 2751 2342 δὲ
2801 2293 3299 2362 προσμαρτυρῆσαι
3334 2293 3566 2363 δύναμιν
3611 2296 3679 2363 τῇ

2093 2372 2185 2425 τοῦ
2223 2372 2555 2446 Ἡρακλέους
2589 2380 2793 2432 εἰκόνι·
2834 2382 3038 2453 ταύτης
3085 2386 3184 2455 μὲν
3217 2386 3327 2456 γὰρ
3368 2388 3397 2440 ὀ
3442 2388 3681 2454 σταυρὸς

2094 2463 2311 2531 ἡγεῖται
2333 2466 2431 2534 τῆς
2464 2470 2744 2537 στρατιᾶς,
2765 2469 2866 2538 τῆς
2890 2471 2947 2524 δὲ
2965 2472 3073 2524 τῶν
3097 2475 3410 2528 ἀντιπάλων
3427 2476 3674 2544 ἐκείνη..

2094 2554 2313 2608 Τούτων
2351 2556 2524 2620 οὕτως
2568 2561 2774 2625 πιστῶς
2809 2563 3137 2634 εἰρημένων,
3186 2566 3279 2618 καὶ
3323 2565 3422 2635 τῆς
3455 2567 3677 2619 ὑπολει-

2097 2647 2321 2719 φθείσης
2375 2652 2635 2719 στρατιᾶς
2667 2653 2854 2724 ὀλίγης
2887 2671 2945 2706 τε
2988 2653 3186 2726 οὔσης,
3226 2658 3319 2709 καὶ
3370 2657 3492 2711 λίαν
3536 2658 3681 2711 άΘυ·

2098 2739 2327 2811 μούσης.
2366 2742 2542 2813 εὑρὼν
2571 2745 2813 2798 οίκίσκον
2858 2747 3146 2818 εύκτήριον
3183 2750 3240 2801 ἐν
3272 2751 3336 2818 τῇ
3374 2748 3466 2801 τοῦ
3511 2750 3682 2821 ὅρους

2095 2833 2432 2905 ἀκρωνυχίᾳ,
2475 2837 2534 2888 ἐν
2577 2829 2620 2903 ᾧ
2661 2836 2722 2890 τὸ
2753 2839 3116 2909 στρατόπεδον
3148 2835 3236 2911 ἦν,
3281 2840 3547 2910 πάννυχος
3599 2842 3685 2894 διο

2096 2925 2306 2977 ετέλεσε
2333 2927 2425 2978 τὸν
2459 2927 2568 2979 τῶν
2596 2929 2733 2981 ὅλων
2762 2931 3041 3000 Δεσπότην
3074 2931 3394 2985 ἀντιϐολῶν.
3449 2933 3591 3003 Περὶ
3621 2934 3683 2987 δὲ

2097 3015 2473 3086 ἀλεκτρυόνων
2498 3017 2661 3088 ᾠδὰς,
2681 3019 2900 3090 ἐνίκησε
2931 3021 3031 3091 μὲν
3052 3023 3080 3074 ὁ
3103 3020 3269 3084 ὕπνος
3294 3021 3393 3091 τὴν
3420 3022 3680 3093 γνώμηνο

2096 3108 2186 3158 ἐπὶ
2230 3108 2285 3159 δὲ
2315 3107 2409 3160 τοῦ
2441 3108 2673 3163 δαπέδου
2704 3111 2989 3183 κείμενος,
3022 3114 3156 3185 ὁρᾷν
3189 3114 3362 3166 ἐδόκει
3395 3113 3490 3167 δύο
3521 3119 3684 3180 τινάς

2092 3199 2575 3270 λευχειμονοῦντας
2610 3202 2809 3272 ἄνδρας
2860 3203 2946 3273 ἐφ’
2975 3204 3158 3257 ἵππων
3189 3204 3515 3274 ὀχουμένους
3547 3204 3680 3258 λευ-

2093 3291 2224 3354 κῶν,
2257 3292 2304 3344 οἳ
2341 3291 2564 3362 Θαρρεἶν
2612 3310 2670 3346 τε
2703 3293 2950 3347 ἐκέλευον
2983 3297 3080 3348 καὶ
3123 3295 3185 3347 τὸ
3230 3295 3349 3357 δέος
3393 3294 3679 3360 ἐξελάσαι,

2093 3383 2186 3436 καὶ
2219 3382 2323 3436 ύπδ
2351 3384 2450 3454 τὴν
2480 3385 2554 3438 ἕω
2594 3384 2920 3440 καθοπλίσαι
2963 3387 3056 3439 καὶ
3087 3385 3244 3450 τάξαι
3277 3385 3373 3455 τὴν
3408 3389 3681 3456 στρατιάν

2092 3477 2170 3539 εἰς
2209 3475 2546 3546 παράταξιν·
2597 3478 2879 3548 ἐπίκουροι
2930 3477 3040 3547 γὰρ
3092 3478 3277 3545 ἔλεγον
3331 3479 3684 3532 ἀπεστάλθαι

2095 3570 2186 3622 καὶ
2219 3568 2524 3639 πρόμαχοι·
2561 3569 2655 3622 καὶ
2685 3571 2712 3622 ὀ
2744 3571 2841 3640 μὲν
2884 3570 3137 3639 Ἰωάννην
3187 3571 3382 3623 ἐαυτὸν
3403 3573 3449 3603 ⁹⁹
3485 3572 3682 3639 ἐλεγεν

2095 3654 2232 3712 εἶναι
2254 3659 2346 3711 τὸν
2374 3659 2833 3728 εύαγγελιστὴν,ὀ
2857 3660 2914 3712 δέ
2937 3659 3202 3712 Φίλιππον
3224 3661 3316 3712 τὸν
3346 3661 3679 3716 ἀπόστολον.

2095 3749 2310 3821 Ταύτην
2373 3751 2494 3804 ἰδὼν
2543 3751 2642 3822 τὴν
2681 3752 2803 3822 ϐψιν
2846 3737 3200 3821 θβασιλεὺς,
3237 3753 3336 3806 οὐκ
3376 3753 3532 3822 ἔληξε
3578 3757 3682 3826 τῆς

2096 3840 2362 3904 ἱκετείαςο
2425 3841 2563 3894 ἀλλά
2618 3844 2753 3912 μετὰ
2802 3842 3046 3906 πλείονος
3098 3845 3304 3915 ταύτην
3358 3847 3680 3916 προθυμίας

2093 3933 2425 4003 προσέφερε.
2461 3932 2633 3987 Τοῦτο
2684 3937 2777 3988 καὶ
2827 3935 3164 4008 στρατιώτης
3209 3954 3292 4000 τις
3335 3937 3681 4010 Θεασάμενος

2091 4025 2362 4094 δεδήλωκε
2394 4025 2471 4095 τῷ
2497 4026 2748 4096 λοχαγῷι
2786 4028 2991 4090 ἐκεῖνος
3048 4028 3105 4081 δέ
3153 4028 3342 4081 τοῦτον
3391 4030 3529 4100 πρὸς
3567 4033 3674 4085 τὸν

2092 4119 2370 4188 χιλίαρχον
2428 4120 2662 4188 ἤγαγεν·
2718 4119 2746 4171 ὀ
2803 4119 2857 4171 δὲ
2910 4119 3188 4189 χιλίαρχος
3245 4121 3536 4191 ἁπήγαγε¹
3598 4125 3679 4194 τῷ

2095 4210 2405 4282 στρατηγῷ.
2445 4212 2503 4262 ’0
2532 4211 2586 4264 δὲ
2631 4212 2933 4282 στρατηγὸς
2967 4212 3153 4264 καινόν
3186 4229 3239 4263 τι
3275 4212 3498 4283 μηνύειν
3535 4215 3678 4268 ὑπο-

2091 4299 2293 4366 λαϐὼν,
2320 4302 2622 4372 ἀπήγγειλε
2666 4302 2839 4356 ταῦτα
2867 4303 2982 4374 τῷ¹
3017 4303 3245 4373 βασιλεῖ.
3281 4305 3340 4356 '0
3371 4303 3429 4356 δέ
3451 4320 3464 4334 ·
3497 4323 3516 4354 ι
3558 4306 3678 4359 οὐκ

415 4397 595 4451 visqu
636 4397 950 4448 communis
992 4393 1257 4449 Dominus
1293 4394 1589 4449 obtulerat.
1624 4393 1809 4460 Quare
1840 4394 1990 4448 omni

2097 4393 2231 4463 ἐμοῦ
2279 4394 2463 4458 ἕνεκα,
2498 4395 2621 4465 ἔφη,
2667 4396 2840 4448 ταῦτα
2891 4389 3046 4458 οὗτος
3087 4395 3370 4448 τεθέαταιο
3419 4395 3532 4464 ἐγὼ
3565 4398 3679 4466 γὰρ

417 4499 562 4542 metu
599 4486 818 4556 abjecto
849 4486 1244 4556 antesignanos
1291 4485 1530 4555 bellique
1579 4484 1749 4541 duces
1795 4501 1994 4555 sequa-

416 4589 596 4633 mur:
657 4593 837 4648 neque
895 4559 1186 4631 victoriam
1254 4577 1606 4632 multitudine
1673 4577 1995 4631 bellantium

416 4669 708 4738 quisquam
734 4665 994 4731 aestimet,
1022 4665 1117 4720 sed
1155 4667 1447 4720 ductorum
1482 4666 1784 4736 potentiam
1823 4681 1994 4720 unus-

417 4759 649 4830 quisque
693 4758 1031 4814 consideret.
1067 4776 1085 4810 ι
1133 4757 1227 4813 llis
1281 4758 1464 4813 verbis
1505 4759 1708 4813 milites
1761 4756 1994 4824 aﬂatus,

419 4855 775 4919 omniumque
812 4849 1011 4904 animis
1051 4848 1419 4912 confirmatis,
1446 4850 1512 4904 de
1545 4850 1747 4904 montis
1787 4850 1994 4904 vertice

419 4943 614 5014 c0pias
646 4939 893 4998 deduxit.
924 4939 1218 5011 Tyrannus
1263 4955 1486 5011 quoque
1545 4941 1749 4997 milites
1800 4941 1992 5011 procul

419 5037 613 5093 videns
643 5035 709 5090 ad
750 5034 957 5090 bellmn
994 5041 1242 5104 paratos,
1287 5049 1420 5088 suos
1451 5033 1705 5097 armavit,
1736 5042 1790 5088 et
1819 5033 1994 5087 aciem

421 5128 704 5185 instruxit.
737 5129 859 5198 Ipse
889 5125 944 5180 in
1001 5125 1145 5182 colle
1185 5125 1427 5196 quodam
1480 5140 1794 5187 remanens,
1856 5125 1995 5178 mori

421 5235 623 5291 cupere
679 5220 1111 5290 imperatorem,
1164 5226 1221 5271 et
1269 5216 1339 5272 de
1391 5217 1494 5272 hac
1542 5216 1653 5270 vita
1705 5215 1998 5286 pugnando

423 5314 576 5369 exire
627 5313 800 5383 dixit,
834 5311 1179 5381 ducibusque
1212 5309 1473 5381 praecepit
1530 5318 1590 5364 ut
1648 5325 1773 5364 eum
1822 5308 1888 5362 ad
1936 5322 1996 5362 se

2092 4489 2207 4549 τοῖς
2233 4485 2330 4555 τὴν
2356 4485 2512 4555 νίκην
2540 4484 2932 4555 ὑποσχομένοις
2949 4485 2970 4516 ³
2997 4486 3346 4538 πεπίστευκα
3365 4502 3376 4513 ·
3411 4486 3548 4538 ἀλλά
3581 4487 3674 4538 ἵνα

2097 4579 2172 4647 μή
2201 4594 2284 4640 τις
2321 4576 2566 4648 ὑπολάϐῃ
2593 4594 2658 4646 με
2685 4576 2761 4639 ὼς
2781 4577 2880 4647 τῆς
2910 4575 3269 4647 παρατάξεως
3298 4575 3676 4647 ὀριγνώμενον

2095 4669 2298 4723 πλάσαι
2327 4667 2426 4738 τὴν
2451 4668 2595 4736 ὄψιν,
2632 4667 2727 4719 καὶ
2758 4666 2934 4736 τούτῳ
2962 4665 3136 4719 ταῦτα
3174 4668 3489 4736 μεμήνυκεν
3516 4668 3546 4719 ό
3569 4669 3676 4736 τῆς

2095 4760 2237 4831 ἐμῆς
2289 4758 2564 4828 βασιλείας
2618 4758 2930 4829 ἐπίκουρος.
2984 4757 3071 4810 ἵνα
3119 4758 3329 4827 μάρτυς
3376 4755 3680 4828 ἀξιόχρεως

2091 4852 2316 4922 γένηται
2342 4850 2441 4920 τῆς
2471 4851 2608 4921 ἐμῆς
2656 4850 2992 4919 διηγήσεως·
3025 4848 3227 4919 πρώτῳ
3254 4849 3362 4918 γάρ
3390 4848 3513 4917 ἐμοὶ
3542 4849 3680 4902 ταύ-

2092 4963 2191 5015 την
2230 4948 2258 4999 ὀ
2303 4945 2477 5009 κοινὸς
2528 4945 2803 5015 Δεσπότης
2848 4944 2944 5015 τὴν
2989 4944 3112 5014 ὄψιν
3153 4943 3448 5008 ὑπέδειξεν.
3504 4945 3676 4997 Ἀπο-

2096 5039 2494 5108 σκευασάμενοι
2529 5036 2594 5106 δὴ
2640 5032 2732 5090 οὖν
2781 5037 2840 5089 τὸ
2881 5035 3020 5099 δέος,
3066 5039 3179 5100 τοῖς
3223 5039 3530 5106 προμάχοις
3581 5039 3679 5089 καὶ

2097 5127 2460 5198 πολεμάρχοις
2503 5125 2796 5194 ἐπώμεθα·
2833 5127 2924 5179 καὶ
2970 5126 3172 5197 μηδεὶς.
3204 5128 3282 5197 τῷ
3327 5127 3522 5196 πλήθει
3570 5130 3680 5184 τῶν

2099 5218 2480 5288 πολεμούντων
2513 5217 2846 5288 παομάσοω
2875 5218 2973 5288 τὴν
3003 5219 3180 5289 νίκην,
3211 5217 3346 5271 ἀλλά
3370 5218 3478 5269 τῶν
3510 5221 3682 5289 ήγουο

2107 5311 2283 5381 μένων
2313 5307 2642 5378 λογιζέσθωδ
2666 5310 2893 5374 ἕκαστος
2923 5311 3021 5382 τὴν
3045 5309 3292 5370 δύναμιν.
3325 5329 3343 5362 ι
3369 5309 3564 5364 Ταῦτα
3585 5313 3686 5367 καὶ

1701 5420 1937 5478 νΑῐὶΙιΕ
1979 5420 2390 5478 LECTIONES.

490 5582 538 5615 ”
562 5581 745 5661 αύτόνὅ
801 5581 966 5661 Basil.
1175 5582 1696 5661 '_dvﬂ'(a7__¢_._ld_ctn.
1741 5583 2096 5661 _’_Articnlns
2127 5584 2276 5661 abest
2299 5583 2368 5637 ab
2408 5583 2597 5661 eodem
2622 5593 2672 5642 et
2706 5583 2892 5655 Steph.
2962 5585 2983 5618 ⁸
3015 5582 3486 5655 ὑπισχνουμένοις.
3519 5585 3686 5646 Basil.

429 5650 521 5707 Gr.
563 5641 992 5721 ’Υπεδχημένοις
1021 5641 1359 5721 Νιςιοριιοτιὶὲ
1417 5641 1534 5720 'xn,
1575 5654 1664 5709 59.
1737 5659 1759 5688 ι
1789 5654 2118 5722 λογίζεσθαι.
2153 5657 2291 5709 me."
2322 5656 2514 5710 codex.
