3974 6212
283 293 420 358 1253

1231 293 1824 356 ΕΟΟιΕΞΙΑδΤῐϐᾸζ
1854 292 2238 356 HISTORUE
2276 301 2423 364 LIB.
2450 303 2516 364 V.

3393 289 3530 353 1254

275 410 388 470 τοῖς
433 403 798 478 στρατιώταις
835 403 1029 469 εἰπὼν,
1080 404 1176 457 καὶ
1209 404 1420 476 ταύτῃ⁵
1447 405 1688 465 ἅπαντας
1720 419 1855 475 προ-

1978 402 2140 457 rivum
2207 408 2573 478 vinctumque
2635 404 3022 476 perducerent.
3085 400 3187 457 Ubi
3237 399 3532 470 phalanges

275 496 477 567 θυμίας
495 495 515 526 ⁸
536 495 846 566 ἐμπλήσας,
874 493 1025 566 [255]
1043 495 1108 547 ἐκ
1131 494 1230 564 τῆς
1256 495 1350 548 τοῦ
1379 497 1540 565 ὅρους
1571 495 1853 566 κατήγαγε

277 588 542 660 κορυφῆς.
578 587 636 640 ’0
669 585 726 639 δέ
759 585 1043 656 τύραννος,
1068 585 1351 658 πόρρωθεν
1381 586 1506 639 ίδὼν
1531 585 1656 648 τοὺς
1692 600 1855 654 στραο

277 677 477 742 τιώτας
539 675 1013 747 πολεμήσοντας’,
1057 675 1372 730 καθώπλισε
1420 675 1520 746 τὴν
1571 675 1853 747 στρατιὰν,

283 770 378 824 καὶ
406 769 486 832 είς
514 767 826 838 παράταξιν
859 766 1068 833 ἔταξεν.
1123 767 1296 828 Αὐτὸς
1337 765 1393 818 δὲ
1423 767 1514 818 ἐπί
1540 782 1685 828 τινος
1715 781 1857 828 γεω-

282 859 445 928 λόφου
476 858 668 928 μείνας
688 896 702 918 ,
737 856 1006 926 θανατᾷν⁸
1036 871 1095 908 τε
1125 854 1231 924 ἐφη
1258 854 1349 907 τὸν
1381 853 1624 924 βασιλέα,
1646 853 1859 924 καὶτῆς

286 946 572 1019 παρούσης
621 944 1095 1011 ἀπαλλαξείονταο
1147 943 1330 1014 βιοτῆς
1390 940 1857 1011 παρατάττεσθαι,

285 1038 380 1091 καὶ
422 1038 535 1098 τοῖς
579 1036 903 1104 στρατηγοῖς
957 1031 1209 1086 ἐκέλευσε
1255 1030 1435 1095 ζῶντα
1454 1030 1496 1061 ¹⁰
1541 1027 1732 1081 τοῦτον
1770 1028 1863 1081 καὶ

286 1126 661 1198 πεπεδημένον
705 1127 1099 1198 προσαγαγεῖν.
1141 1125 1359 1194 Ἐπειδὴ
1397 1124 1453 1177 δέ
1497 1125 1551 1176 αί
1582 1121 1860 1192 φάλαγγες

289 1221 545 1290 ἔστησαν,
599 1217 1002 1272 πολλαπλάσιον
1060 1216 1158 1286 μὲν
1208 1212 1276 1287 ἦν
1321 1216 1430 1268 τῶν
1479 1213 1755 1284 πολεμίων
1803 1213 1864 1266 τὸ

289 1309 512 1380 πλῆθος,
571 1308 941 1379 εὐαρίθμητον
978 1305 1034 1358 δὲ
1071 1306 1267 1377 κομιδῇ
1298 1305 1359 1358 τὸ
1386 1305 1464 1377 τῷ
1498 1305 1710 1376 βασιλεῖ
1741 1321 1866 1358 συν-

289 1403 641 1475 τεταγμένον.
690 1401 1040 1472 ’Δρξαμένων
1096 1399 1151 1453 δέ
1197 1401 1291 1453 καὶ
1337 1399 1542 1453 τούτων
1595 1398 1865 1453 κάκείνων

289 1501 504 1570 ἀφιέναι
527 1499 598 1552 τὰ
636 1499 786 1568 βέλη.
823 1495 1034 1562 ἔδειξαν
1090 1495 1309 1568 ἀληθεῖς
1336 1497 1434 1559 τὰς
1464 1497 1785 1566 ὑποσχέσεις
1816 1497 1866 1549 οί

291 1594 588 1664 πρόμαχοι.
640 1589 869 1660 Πνεῦμα
912 1589 1020 1660 γὰρ
1063 1587 1240 1659 βίαιον
1293 1589 1707 1660 ἀντιπρόσωπον
1758 1586 1869 1642 τῶν

293 1684 566 1754 πολεμίων
613 1684 932 1754 φερόμενον,
965 1682 1092 1744 τοὺς
1129 1682 1228 1751 μὲν
1257 1681 1482 1736 ἐκείνων
1507 1681 1720 1746 ὀῖστοῦς
1757 1683 1866 1736 ἁπ-

292 1776 522 1847 έστρεφε
547 1777 640 1829 καὶ
657 1775 727 1829 τὰ
755 1773 952 1838 πελτὰ,
979 1774 1072 1826 καὶ
1101 1774 1168 1825 τὰ
1195 1773 1414 1842 δόρατα,
1450 1773 1546 1826 καὶ
1573 1774 1682 1826 πᾶν
1717 1773 1867 1843 βέλος

293 1872 477 1934 αὐτοῖς
507 1871 781 1943 ἄχρηστον
808 1868 896 1941 ἦν,
930 1871 1022 1923 καὶ
1054 1867 1177 1922 οὔτε
1203 1869 1448 1939 όπλίτης,
1478 1869 1599 1922 οὔτε
1622 1869 1867 1940 τοξότης,

295 1965 418 2020 οὔτε
461 1965 766 2036 πελταστὴς
802 1963 1099 2035 πημαίνειν
1147 1962 1245 2033 τὴν
1285 1962 1379 2015 τοῦ
1425 1961 1691 2032 βασιλέως
1744 1961 1870 2031 ἠδύ-

293 2077 422 2114 νατο
469 2059 748 2129 στρατιάν.
785 2059 894 2111 Καὶ
950 2059 1132 2128 μέντοι
1181 2056 1276 2109 καὶ
1315 2055 1460 2118 κόνις
1498 2055 1578 2108 ὅτι
1633 2056 1872 2126 μάλιστα

297 2155 527 2225 πλείστη
578 2154 718 2208 κατὰ
760 2152 869 2205 τῶν
913 2151 1224 2222 προσώπων
1278 2150 1575 2222 φερομένη,
1604 2150 1762 2220 μύειν
1804 2149 1871 2203 τὰ

300 2248 566 2319 βλέφαρα,
598 2248 694 2300 καὶ
724 2249 842 2310 ταῖς
869 2245 1062 2317 κόραις
1101 2245 1404 2316 ἐπαμύνειν
1435 2245 1872 2316 πολεμουμέναις

297 2338 636 2408 ἠνάγκαζεν..
674 2340 734 2391 Oi
783 2339 840 2392 δέ
881 2339 978 2391 τοῦ
1027 2338 1291 2408 βασιλέως
1337 2339 1666 2410 στρατιῶται
1691 2339 1874 2411 λώϐην

299 2433 417 2487 οὐδὲ
475 2435 604 2504 μίαν
651 2437 715 2488 ἐκ
784 2434 886 2505 τῆς
934 2435 1248 2503 καταιγῖδος
1297 2436 1513 2506 ἐκείνης
1564 2435 1872 2506 δεξάμενοι,

299 2529 614 2602 θαρραλέως
644 2532 770 2594 τοὺς
801 2531 1096 2601 πολεμίους
1128 2519 1496 2584 κατέκτεινον.
1528 2534 1588 2584 Οἱ
1615 2533 1671 2585 δὲ
1703 2532 1876 2586 ταῦτα

297 2624 552 2694 ὁρῶντες,
583 2626 678 2677 καὶ
721 2625 821 2697 τὴν
856 2625 1006 2678 θείαν
1055 2624 1369 2694 ἐπιγνόντες
1412 2626 1753 2697 ἐπικουρίαν,
1806 2627 1875 2681 τὰ

297 2720 437 2774 ὅπλα
465 2721 740 2792 ῥίψαντες,
774 2721 990 2789 φειδοῦς
1021 2722 1171 2793 παρὰ
1203 2722 1297 2775 τοῦ
1327 2722 1596 2792 βασιλέως
1623 2727 1804 2794 τυχεῖν
1831 2724 1873 2756 ¹¹

299 2808 685 2880 ἡντιϐόλησαν.
726 2810 785 2862 '0
819 2810 876 2863 δὲ
905 2811 997 2864 καὶ
1029 2805 1162 2876 εἶξε,
1195 2812 1289 2864 καὶ
1321 2810 1507 2865 οἴκτου
1546 2811 1873 2881 μετέδωκεν,

300 2904 528 2972 ἀγαγεῖν
557 2903 614 2956 δὲ
655 2904 852 2967 αὐτοὺς
881 2905 970 2957 τὸν
997 2903 1260 2976 τύραννον
1305 2905 1446 2958 κατὰ
1470 2904 1633 2975 τάχος
1661 2904 1877 2958 ἐκέλευ-

303 3012 414 3050 σεν.
448 2997 511 3048 Οἱ
541 2996 597 3048 δέ
627 2995 840 3058 θέοντες
883 2996 1156 3066 ἀνέϐησαν
1187 2998 1266 3060 εἰς
1295 2997 1385 3049 τὸν
1412 2997 1595 3065 λόφον,
1623 2997 1684 3051 οὗ
1740 2997 1877 3049 καθ·-

303 3091 502 3160 ήμενος
524 3091 730 3153 ἐκεῖνος
753 3091 938 3158 ἠγνόει
971 3091 1040 3144 τά
1070 3090 1345 3161 δρώμενα.
1382 3091 1440 3144 Ὀ
1471 3091 1528 3144 δὲ
1555 3091 1880 3144 πνευστιῶν-

303 3200 402 3247 τας
431 3182 576 3249 ίδὼν,
611 3184 707 3238 καὶ
739 3186 821 3256 τῷ
863 3183 1102 3255 ἄσθματι
1149 3184 1452 3256 μηνύοντας
1493 3185 1590 3256 τὴν
1619 3186 1876 3257 σπουδὴν,

303 3279 460 3349 νίκης
491 3279 758 3350 ἀγγέλους
787 3279 1048 3347 ὑπέλαϐε,
1085 3280 1178 3334 καὶ
1207 3281 1373 3352 ἤρετο
1401 3282 1449 3334 εί
1479 3282 1570 3334 καὶ
1601 3281 1880 3334 Θεοδόσιον

305 3374 702 3446 πεπεδημένον,
752 3375 828 3438 ὡς
872 3374 1345 3447 προσετάχθησαν,
1395 3375 1622 3445 ἤγαγον.
1672 3376 1734 3428 Οί
1781 3374 1876 3428 δέ·

308 3488 329 3520 ι
363 3469 479 3522 Ούκ
508 3473 734 3537 ἐκεῖνον,
753 3470 980 3541 ἔφησαν,
1003 3471 1085 3526 σοὶ
1107 3471 1481 3542 προσάγομεν,
1500 3472 1635 3526 ἀλλὰ
1661 3473 1721 3525 σέ
1744 3474 1882 3544 πρὸς

305 3565 512 3620 ἐκεῖνον
552 3566 859 3638 άπάγομεν.
906 3567 1077 3622 Τοῦτο
1122 3568 1231 3639 γὰρ
1269 3570 1296 3621 ὁ
1337 3569 1430 3622 τοῦ
1460 3569 1660 3634 παντὸς
1710 3587 1879 3642 προσο

305 3656 464 3724 έταξε
497 3659 789 3731 Πρύτανις.
831 3680 850 3713 ›
884 3661 1067 3714 Ταῦτα
1095 3661 1348 3729 λέγοντες
1375 3703 1390 3727 ,
1422 3663 1788 3734 ἐξανέστησάν
1822 3683 1881 3720 τε

306 3751 374 3807 ἐκ
401 3753 494 3808 τοῦ
531 3755 747 3827 δίφρου,
777 3755 872 3809 καὶ
891 3756 958 3809 τὰ
985 3755 1158 3826 δεσμὰ
1192 3755 1475 3820 ἐπιθέντες
1505 3759 1881 3831 πεπεδημένον

307 3843 613 3918 ἀπήγαγον,
674 3849 767 3902 καὶ
815 3849 1164 3920 προσήγαγον
1221 3847 1560 3919 δορυάλωτον
1611 3851 1704 3906 τὸν
1770 3854 1877 3924 πρὸ

1957 494 2281 560 constitere,
2311 499 2484 551 multo
2513 498 2751 567 amplior
2781 494 3025 549 hostlmn
3063 505 3324 545 numerus
3359 505 3531 560 appa-

1957 586 2069 640 ruit
2104 604 2117 641 :
2149 586 2307 657 pauci
2342 597 2537 643 contra
2561 627 2574 650 ,
2621 595 2677 642 et
2717 587 2810 656 qui
2865 582 3143 640 numerari
3195 583 3352 637 facile
3407 597 3536 651 pos-

1959 685 2103 743 sent,
2155 678 2259 734 snb
2317 678 2494 750 signis
2554 677 2923 749 imperatoris.
2992 673 3288 744 Postquam
3350 683 3532 728 autent

1959 771 2160 840 conjici
2204 772 2463 842 utrinque
2494 771 2596 825 tela
2628 777 2938 841 cmpernnt,
2976 766 3229 837 promissi
3263 766 3346 820 sui
3376 765 3534 820 tidem

1960 872 2403 932 propugnatores
2455 862 2530 916 illi
2588 869 2762 914 ratam
2821 861 3089 914 fecerunt.
3143 856 3278 910 Nam
3339 867 3538 910 ventus

1962 953 2255 1007 vehemens
2299 953 2352 1006 in
2399 953 2586 1007 hostes
2621 953 2841 1006 irruens
2880 965 2944 1005 ex
2997 947 3254 1012 adverso,
3311 947 3536 1000 illorum

1964 1045 2194 1112 sagittas
2229 1051 2284 1098 et
2347 1044 2539 1099 hastas
2583 1050 2638 1098 et
2678 1041 2861 1112 jacula
2929 1039 3304 1108 retorquebat,
3351 1039 3433 1092 sic
3481 1048 3541 1091 ut

1971 1136 2178 1189 aullum
2215 1137 2300 1191 eis
2333 1136 2421 1190 teli
2473 1149 2648 1204 genus
2702 1131 2824 1187 usui
2875 1138 3041 1192 esset,
3083 1129 3542 1198 imperatorisque

1965 1223 2269 1278 exercitum
2318 1239 2419 1278 nec
2461 1224 2642 1294 gravis
2681 1226 2699 1244 ‘
2741 1233 3036 1274 armatura:
3074 1218 3252 1278 miles,
3301 1233 3401 1271 nec
3451 1232 3544 1271 sa-

1967 1314 2244 1385 gittarius,
2284 1330 2385 1368 nec
2411 1315 2671 1385 peltastes
2709 1313 2902 1368 laedere
2931 1311 3158 1366 valeret.
3191 1309 3335 1375 Quin
3377 1310 3542 1363 etiam

1969 1414 2122 1460 tanta
2149 1407 2236 1461 vis
2270 1407 2483 1477 1066
2511 1405 2754 1474 pulveris
2780 1405 2833 1459 in
2879 1418 3071 1458 eorum
3125 1401 3294 1456 facies
3329 1400 3546 1455 fereba-

1970 1505 2084 1560 tur,
2122 1505 2183 1552 ut
2216 1499 2508 1567 palpebras
2538 1498 2816 1560 claudere,
2853 1503 2908 1551 ct
2963 1494 3407 1565 periclitantibus
3445 1509 3546 1562 pu-

1971 1590 2120 1661 pillis
2147 1591 2439 1646 subvenire
2475 1597 2827 1660 cogerentur.
2871 1586 3223 1656 Imperatoris
3257 1601 3390 1641 vero
3443 1584 3548 1638 ιιιί-

1975 1681 2119 1746 lites,
2179 1681 2317 1736 nihil
2372 1680 2702 1735 incommodi
2759 1695 2824 1734 ex
2878 1695 2942 1734 eo
2998 1679 3219 1732 turbine
3253 1678 3544 1748 patientes,

1975 1773 2207 1828 ﬁdenter
2240 1772 2428 1827 hostes
2469 1772 2831 1843 perimebant.
2867 1771 2998 1837 Quae
3053 1771 3130 1824 illi
3179 1781 3302 1824 cum
3351 1783 3546 1823 cerne-

1975 1874 2114 1929 rent,
2181 1873 2237 1920 et
2291 1880 2450 1935 opem
2501 1864 2743 1917 divinam
2817 1869 3215 1933 agnoscerent,
3282 1861 3548 1930 projectis

1973 1958 2141 2012 armis
2172 1957 2389 2011 veniam
2433 1956 2502 2010 ab
2531 1956 2867 2025 imperatore
2917 1953 3126 2024 precati
3171 1962 3319 2008 sunt.
3369 1952 3550 2007 Cessit

1976 2050 2296 2119 imperator,
2335 2059 2386 2102 et
2445 2048 2885 2102 misericordiam
2922 2046 3239 2115 indulgens,
3273 2045 3443 2114 jussit
3491 2050 3552 2097 ut

1974 2145 2266 2208 tyrannum
2291 2137 2356 2190 ad
2387 2151 2446 2191 se
2471 2137 2880 2206 quamprimum
2913 2134 3275 2189 adducerent.
3300 2133 3548 2188 Cui-runt

1974 2229 2072 2294 illi,
2113 2237 2166 2283 et
2193 2229 2386 2283 collem
2419 2228 2732 2283 ascendunt
2775 2228 2827 2280 in
2871 2241 2981 2296 quo
3013 2225 3266 2282 residens
3303 2227 3418 2294 ipse
3460 2239 3554 2279 res

1975 2327 2158 2390 gestas
2193 2319 2499 2388 ignorabat.
2553 2319 2740 2387 Itaque
2787 2317 3115 2372 anhelantes
3171 2316 3550 2385 conspiciens,

1976 2420 2029 2467 et
2063 2409 2472 2464 festinationem
2531 2410 2728 2463 crebro
2789 2408 3034 2462 anhelitu
3091 2409 3431 2470 indicantes,
3474 2407 3556 2460 vi-

1977 2503 2166 2557 ctoriae
2187 2501 2412 2555 nuntios
2438 2501 2666 2570 putavit,
2696 2500 3058 2568 quaesivitque
3080 2514 3148 2552 an
3172 2501 3338 2553 etiam
3377 2497 3556 2552 Theo-

1979 2591 2196 2646 dosium
2224 2631 2238 2656 ,
2281 2598 2342 2644 ut
2378 2589 2653 2658 jusserat,
2702 2589 2945 2643 vinctum
2997 2587 3348 2643 adduxerim.
3398 2605 3416 2638 ι
3444 2587 3556 2644 Nos

1979 2697 2130 2747 vero,
2169 2683 2445 2752 inquiunt,
2481 2696 2590 2734 non
2643 2680 2797 2734 illum
2834 2678 2901 2734 ad
2940 2691 2991 2734 te
3037 2678 3404 2742 adduximus,
3455 2678 3554 2735 sed
3625 2700 3635 2709 -

1981 2780 2033 2829 te
2063 2774 2128 2828 ad
2158 2775 2306 2828 illum
2335 2773 2707 2843 perducemus
2739 2795 2751 2826 :
2777 2772 2881 2826 hoc
2909 2772 3055 2828 enim
3087 2771 3330 2827 universi
3356 2770 3558 2827 Recto!

1981 2863 2332 2934 imperavit»
2372 2862 2436 2918 Et
2467 2865 2550 2920 his
2585 2864 2785 2931 dictis,
2827 2863 2893 2918 de
2923 2864 3063 2918 solio
3096 2863 3388 2933 abreptum
3439 2866 3558 2918 vin-

1982 2954 2372 3023 culisinjcrtis
2407 2953 2791 3018 abduxerunt,
2839 2955 3228 3024 captivumque
3281 2955 3559 3009 duxerunt

1906 3061 1948 3120 ο
1983 3056 2105 3094 eum
2137 3041 2229 3110 qui
2267 3042 2429 3111 paulo
2459 3051 2586 3096 ante
2631 3043 2931 3096 insolenter
2965 3043 3334 3113 gloriabatur.
3383 3042 3559 3114 Impe-

1985 3142 2138 3184 rator
2185 3146 2318 3185 vero
2368 3138 2422 3185 et
2457 3147 2518 3185 ea
2551 3147 2673 3202 qua:
2717 3133 2768 3185 in
2802 3130 3253 3186 Valentinianum
3309 3139 3560 3204 patrarat

1984 3224 2460 3288 commemoravit,
2499 3235 2550 3278 et
2594 3224 2839 3294 iniquam
2903 3226 3274 3296 tyrannidem,
3309 3234 3364 3280 et
3417 3226 3558 3280 bella

1985 3324 2174 3368 contra
2233 3313 2532 3383 legitimum
2585 3315 2879 3385 imperium
2936 3323 3198 3384 suscepta
3249 3332 3262 3368 :
3321 3315 3560 3370 irridens

1986 3403 2147 3457 simul
2175 3401 2428 3459 Herculis
2463 3404 2782 3474 imaginem,
2824 3413 2877 3459 et
2928 3406 3146 3460 inanem
3195 3421 3262 3460 ex
3313 3420 3376 3460 ea
3422 3421 3560 3459 con-

1990 3503 2204 3562 ceptam
2261 3495 2574 3548 audaciam.
2619 3493 2797 3565 Atque
2848 3496 2923 3549 ita
2983 3495 3187 3564 justam
3246 3505 3302 3550 et
3353 3495 3562 3566 legibus

1982 3595 2370 3657 congruentem
2435 3587 2489 3640 in
2549 3603 2672 3640 eum
2736 3589 2964 3657 protulit
3029 3588 3282 3643 vindictae
3341 3598 3565 3644 senten-

1987 3676 2141 3731 tiam.
2193 3675 2345 3730 Talis
2387 3676 2478 3732 ille
2509 3684 2561 3730 ct
2610 3677 2664 3730 in
2710 3692 2842 3747 pace
2879 3689 2930 3732 et
2991 3678 3044 3732 in
3113 3678 3259 3732 bello
3321 3679 3561 3746 exstitit,

1981 3769 2226 3823 divinum
2261 3783 2475 3838 semper
2525 3769 2790 3822 auxilium
2845 3769 3166 3840 implorans,
3213 3786 3430 3842 semper
3469 3771 3564 3828 illo

1987 3863 2225 3932 potiens.

309 3935 550 4010 βραχέως
593 3939 1124 4011 μεγαλαυχούμενον.
1167 3939 1224 3992 '0
1261 3939 1319 3994 δὲ
1355 3940 1609 4011 βασιλεὺς
1659 3946 1769 3999 τῶν
1808 3967 1867 4003 τε
1917 3953 1996 4016 είς
2060 3951 2466 4005 Βαλεντινιανὺν
2551 3953 3054 4025 πλημμεληθέντων
3107 3955 3402 4026 ἀνέμνησε,
3471 3957 3565 4010 καὶ

305 4027 407 4098 τῆς
440 4033 757 4102 παρανόμου
782 4031 1096 4103 τυραννίδος

1120 4070 1134 4095 9
1185 4033 1276 4085 καί
1304 4032 1414 4085 τῶν
1445 4035 1586 4088 κατά
1615 4037 1717 4106 τῆς
1772 4043 1999 4114 ἐννόμου
2075 4043 2353 4114 βασιλείας
2399 4045 2683 4114 πολέμωνο
2758 4047 3088 4117 ἐκωμῲδησέ
3117 4064 3176 4100 τε
3220 4049 3262 4078 ¹¹
3328 4048 3419 4100 καὶ
3465 4046 3565 4116 τὴν

319 4121 647 4192 Ἡρακλέους
690 4127 910 4193 εἰκόνα,
945 4128 1038 4181 καὶ
1068 4127 1130 4180 τὸ
1163 4127 1395 4197 μάταιον
1451 4127 1518 4180 δι’
1554 4131 1772 4204 ἐκείνην
1805 4138 2097 4206 γενόμενον
2153 4139 2372 4209 θάρσος.
2435 4140 2546 4191 Καὶ
2606 4141 2728 4192 τότε
2777 4141 2994 4192 δικαίαν
3058 4141 3150 4193 καὶ
3196 4140 3418 4210 ἔννομον
3475 4139 3566 4205 ἐξ-

309 4213 505 4284 ἠνεγκε
555 4214 705 4286 [ἳῦιῖ
748 4218 846 4286 τῆς
874 4220 995 4270 κατ’
1024 4220 1189 4272 αὑτοῦ
1245 4220 1518 4289 τιμωρίας
1550 4221 1648 4293 τὴν
1679 4225 1882 4296 ψῆφον.
1920 4231 2172 4294 Τοιοῦτος
2202 4227 2268 4300 ἦν
2301 4231 2508 4294 ἐκεῖνος
2537 4234 2630 4284 καὶ
2664 4233 2720 4284 ἐν
2770 4232 2994 4304 εἰρήνῃ,
3037 4231 3133 4284 καὶ
3204 4232 3262 4282 ἐν
3318 4230 3562 4304 πολέμῳ,

309 4304 397 4360 ἀεὶ
429 4304 529 4376 μὲν
557 4306 656 4377 τὴν
685 4306 835 4359 θείαν
881 4309 1206 4379 ἐπικουρίαν
1237 4312 1424 4377 αἰτῶν,
1453 4314 1540 4367 ἀεὶ
1582 4314 1638 4369 δέ
1681 4317 1888 4388 ταύτης
1914 4322 2199 4392 τυγχάνων
2219 4322 2283 4376 ³³.

888 4399 1136 4454 ΚΕΦᾹΛ.
1169 4402 1295 4458 ΚΕ’.

382 4487 520 4557 Περὶ
553 4487 664 4558 τῆς
691 4487 1014 4545 Θεοδοσίου
1043 4493 1151 4546 τοῦ
1172 4495 1480 4564 ,βασιλέως
1508 4500 1818 4570 τελευτῆς.

375 4581 533 4634 Μετὰ
569 4580 625 4634 δὲ
651 4581 809 4654 τήνδε
871 4583 970 4651 τὴν
1008 4584 1165 4656 νίκην
1208 4589 1590 4661 ἀρρωστήσας,
1620 4596 1731 4657 τοῖς
1758 4595 1892 4658 υίοῖς

309 4671 408 4744 τὴν
433 4672 707 4744 βασιλείαν
753 4673 1008 4745 διένειμε·
1041 4678 1134 4730 καὶ
1161 4678 1238 4750 τῷ
1273 4680 1374 4750 μὲν
1411 4684 1765 4756 πρεσϐυτέρῳ
1793 4686 1892 4757 τὴν

310 4770 518 4825 οίκείαν
550 4771 750 4825 ἔδωκεν
798 4773 1116 4843 ἡγεμονίαν,
1151 4776 1230 4847 τῷ
1274 4778 1522 4849 νεωτέρῳ
1566 4781 1622 4833 δέ
1666 4781 1764 4851 τῆς
1786 4781 1891 4834 Εὑ-

2175 4411 2385 4488 1067
2417 4413 2570 4470 CAP.
2597 4412 2762 4469 Χλν.
2803 4411 2884 4484 [Β.
2923 4412 3002 4468 St.
3041 4411 3103 4467 V.
3136 4412 3237 4470 Ch.
3272 4413 3390 4488 25.]

2314 4508 2392 4563 De
2421 4507 2697 4562 Theodosii
2734 4507 3065 4573 imperatoris
3098 4506 3263 4560 obitu.

2061 4599 2192 4656 Post
2227 4601 2370 4656 hanc
2418 4599 2703 4656 victoriam
2737 4601 2930 4655 morbo
2961 4612 3271 4672 correptus,
3305 4600 3434 4656 llliis
3463 4601 3566 4659 im-

1990 4693 2203 4763 perium
2260 4693 2468 4760 divisit,
2535 4701 2586 4748 et
2636 4693 2828 4764 majori
2888 4693 3107 4762 quidem
3165 4701 3296 4747 natu
3355 4704 3566 4764 partem

1991 4800 2156 4856 quam
2205 4787 2320 4856 ipse
2360 4795 2597 4851 rexerat,
2647 4785 2843 4840 minori
2896 4800 3026 4840 vero
3074 4784 3305 4856 Europae
3351 4796 3570 4856 sceptra

312 4860 504 4933 ρώπης
547 4863 618 4917 τὰ
658 4864 937 4935 σκῆπτρα.
984 4866 1095 4938 Τὴν
1139 4869 1417 4923 εὐσέϐειαν
1448 4870 1504 4924 δέ
1542 4871 1753 4927 τελείαν
1799 4874 1872 4928 καὶ

1989 4875 2266 4930 commisit
2298 4894 2311 4930 :
2345 4885 2644 4945 utrumque
2693 4883 2898 4939 autem,
2935 4882 2993 4929 ut
3024 4873 3324 4942 perfectam
3391 4878 3568 4944 pieta.

310 4952 498 5007 τοῦτον
540 4954 682 5026 ἔχειν
733 4957 983 5012 κάκεῖνον
1029 4959 1322 5030 παρῄνεσε.
1350 4977 1368 5012 ι
1396 4959 1494 5014 Διὰ
1527 4962 1727 5034 ταύτης
1755 4963 1888 5035 γὰρ,

312 5043 441 5116 ἐφη,
465 5045 558 5098 καὶ
601 5049 635 5117 ὴ
665 5049 710 5080 ¹⁸
737 5050 926 5122 εἰρήνη
959 5050 1306 5121 φυλάττεται,
1333 5055 1428 5108 καὶ
1461 5055 1694 5126 πόλεμος
1719 5073 1890 5112 κατα-

1996 4973 2105 5022 tem
2135 4967 2460 5034 retinerent,
2493 4968 2747 5023 hortatus
2781 4976 2889 5023 est.
2923 4985 2940 5016 ι
2985 4966 3086 5020 Per
3122 4965 3264 5019 hanc
3286 4967 3452 5027 enim,
3489 4965 3574 5020 in-

1995 5059 2137 5129 quit,
2166 5067 2222 5115 et
2254 5074 2359 5132 pax
2411 5068 2796 5126 conservatur,
2835 5066 2888 5114 et
2921 5057 3128 5111 bellum
3171 5055 3485 5122 conficitur,
3517 5066 3573 5113 et

1633 5229 1863 5287 VARIE
1896 5230 2299 5290 LECTIONES.

434 5315 707 5392 Maricae.
761 5317 1102 5392 Christpph.,
1175 5321 1400 5392 Sealig.,
1471 5320 1784 5392 Casaubon,

1923 5323 2264 5396 ξπροθυμίᾳ.
2316 5323 2485 5396 Basil.
2527 5322 2620 5396 Gr.

2730 5324 2749 5356 "
2793 5322 3305 5394 πολεμοσείοντας.-
3326 5319 3577 5394 Christo-

313 5387 898 5465 phprsonlt_s._ltectios
939 5387 1183 5465 Scaliger
1203 5399 1266 5465 _et
1297 5387 1432 5465 P'ini_
1457 5392 1744 5465 libencunp
1767 5387 2510 5465 Νίοερίι.πολεμησείοντας.
2587 5395 2610 5427 ⁸
2645 5391 2736 5465 Sic
2775 5401 2831 5447 et
2870 5387 3235 5465 Nicephorum
3407 5391 3576 5465 θανα-

313 5457 440 5533 5con
460 5457 662 5533 sePini
692 5459 836 5533 liber
870 5468 923 5514 et
958 5457 1160 5533 Scali'g.
1193 5460 1539 5533 θανατοῦντα
1594 5459 1760 5533 Basil.
1793 5457 1916 5533 (ξι-,⁷
1943 5472 1998 5533 et
2051 5457 2276 5533 Stephl;
2310 5457 2626 5518 Θανατῶντα
2655 5457 3029 5518 Camerarius.
3105 5463 3127 5496 '
3155 5463 3231 5516 Ita
3260 5462 3582 5533 Christoph.

315 5535 370 5602 et
385 5529 648 5602 Scaliger,
690 5529 930 5602 itemque
958 5529 1086 5602 Pini
1109 5529 1301 5602 codex,
1331 5532 1476 5601 quod
1525 5547 1632 5585 non
1665 5531 1922 5602 displicet
1951 5529 2192 5602 Valesio.
2238 5529 2408 5588 Basil.
2441 5534 2535 5588 Gr.
2590 5543 2644 5590 et
2678 5533 2899 5602 Steph,
2929 5533 3136 5587 habent
3168 5529 3577 5602 ἀπαλλάξαντα.

318 5597 508 5653 Savilii
542 5597 712 5654 codex
735 5597 933 5655 vitiose
962 5600 1310 5665 ἀπαλλάξειν.

1387 5602 1440 5673 ’,οῄ
1465 5602 1515 5654 οἱ
1545 5602 1692 5656 addit
1726 5600 1909 5673 Basil.
1945 5601 2154 5673 σιτ-η
2187 5605 2372 5673 τυχεῖν
2417 5605 2574 5659 ahcst
2605 5617 2634 5656 a
2673 5600 2838 5657 Basil.
2873 5601 3006 5673 Gr.‘
3045 5602 3367 5673 “cgabest
3385 5601 3466 5673 ab
3487 5613 3584 5673 e9-

316 5667 440 5723 dem
473 5678 526 5724 et
549 5668 736 5740 Steph.
809 5670 852 5702 ¹³
892 5671 1331 5742 μεταλαγχὰνων.
1370 5669 1556 5727 iidem.
1608 5671 2026 5744 Ἀποτυγχάνων
2057 5667 2288 5744 Νὶςιιριιῖ
2368 5673 2410 5706 ’δ
2437 5674 2723 5731 Articulus
2741 5674 2896 5731 abest
2923 5688 2952 5728 a
2983 5669 3242 5728 Basil.Gr
3295 5679 3352 5729 et
3382 5668 3588 5742 Steph.
