3974 6212
413 153 550 228 1257

1405 159 1993 232 ECCLESIASTICE
2032 167 2414 242 HISTORIA!
2454 184 2597 244 LIB.
2639 185 2703 246 V.

3528 202 3663 270 1258

410 270 696 346 παρρησίᾳ
743 271 1013 342 διήλεγχε,
1049 276 1142 327 καὶ
1189 274 1400 345 βασιλεῖ
1449 281 1544 334 καὶ
1577 281 1808 350 βασιλίδι
1841 301 1950 355 παρ

2091 285 2217 342 bere
2281 294 2571 364 arguebat,
2618 306 2674 352 et
2740 301 3058 368 imperatori
3111 313 3274 368 alque
3323 310 3659 380 imperatrit-i

405 362 522 435 ῄνει
557 362 626 416 τὰ
671 363 974 435 πρόσφορα,
1008 365 1102 418 καὶ
1127 366 1250 430 τοὺς
1303 368 1484 440 ἱερέας
1511 370 1659 441 ἠξίου
1684 374 1826 430 κατὰ
1856 376 1980 438 τοὺς

406 456 692 527 κειμένους
743 454 1119 510 πολιτεύεσθαι
1179 458 1396 528 νόμους’
1444 463 1574 524 τοὺς
1637 462 1694 516 δὲ
1759 465 1981 529 τούτους

403 545 762 617 παραδαίνειν
807 544 1122 615 τολμῶντας
1162 549 1462 603 ἐπιϐαίνειν
1504 551 1612 604 τῶν
1659 554 1977 624 ἀνακτόρων

400 636 658 698 ἐκώλυεν,
711 636 773 688 οὑ
825 638 1022 706 χρῆναι
1076 636 1270 705 λέγων,
1315 640 1417 709 τῆς
1469 641 1569 711 μὲν
1624 643 1732 696 τῶν
1784 645 1976 717 ἱερέων

397 725 689 778 ἀπολαύειν
717 725 764 754 ²⁰
802 727 990 795 τιμῆς,
1023 725 1124 796 τὴν
1161 727 1218 781 δὲ
1261 727 1372 782 τῶν
1406 730 1623 802 ἀληθῶν
1653 733 1842 804 ἱερέων
1899 735 1974 807 μὴ

397 814 594 885 ζηλοῦν
623 815 827 884 βιοτήν.
862 815 972 867 Καὶ
999 816 1203 887 ταύτην
1219 820 1455 872 ἐποιεῖτο
1483 821 1582 893 τὴν
1611 825 1970 894 προμήθειαν,

390 908 454 959 οὐ
497 907 656 975 μόνον
691 907 907 976 ἐκείνης
935 906 1032 976 τῆς
1066 907 1294 974 πόλεως,
1324 910 1464 965 ἀλλά
1494 914 1588 965 καὶ
1619 914 1717 985 τῆς
1749 917 1971 987 Θρᾴκης

394 997 636 1065 ἁπάσης,
689 997 768 1059 εἰς
817 995 875 1061 ἒξ
917 995 973 1048 δὲ
1019 995 1158 1068 αὕτη
1219 999 1516 1069 ἡγεμονίας
1553 1003 1828 1076 διῄρηται,
1878 1009 1970 1062 καὶ

393 1083 492 1153 τῆς
537 1086 724 1148 Ἀσίας
753 1085 900 1155 ὅλης,
929 1086 1034 1140 ὑπὸ
1068 1087 1260 1142 ἕνδεκα
1295 1089 1445 1163 [256]
1480 1093 1535 1146 δὲ
1569 1097 1664 1149 κα)⁸
1698 1097 1834 1169 αὕτη
1866 1101 1968 1170 ἀρ-

392 1176 595 1244 χόντων
633 1177 890 1230 ἰθύνεται.
922 1177 1033 1229 Καὶ
1071 1178 1256 1248 μέντοι
1286 1183 1380 1235 καὶ
1423 1185 1521 1256 τὴν
1549 1188 1817 1260 Ποντικήν
1839 1192 1966 1244 τού-

389 1281 501 1328 τοις
527 1268 858 1337 κατεκόσμει
892 1271 1005 1331 τοῖς
1034 1270 1242 1340 νόμοις,
1275 1274 1593 1346 ἰσαρίθμους
1625 1278 1682 1331 δὲ
1705 1281 1800 1334 καὶ
1826 1281 1964 1353 αὕτη

389 1355 501 1427 ἔχει
525 1360 624 1430 τῆς
667 1360 852 1423 Ἀσίας
880 1361 1006 1425 τοὺς
1038 1365 1396 1434 ἡγουμένους.

958 1453 1212 1511 ΚΕΦΑΛ,
1245 1457 1373 1511 KG’.

385 1540 525 1609 Περὶ
559 1541 677 1595 τῶν
711 1543 782 1596 ἐν
809 1546 1054 1612 Φοινίκῃ
1081 1546 1156 1600 δι’
1184 1549 1371 1602 αὐτοῦ
1407 1553 1864 1610 καταλυθέντων
1883 1560 1964 1612 εὶ-

907 1613 1180 1670 δωῙικῶν
1203 1617 1358 1672 νεῶν
1382 1621 1450 1674 ³⁸.

454 1701 658 1754 Μαθὼν
705 1705 762 1758 δὲ
781 1704 878 1776 τὴν
921 1706 1176 1777 Φοινίκην
1224 1708 1306 1761 ἔτι
1339 1713 1468 1782 περὶ
1519 1713 1620 1778 τὰς
1638 1714 1745 1770 τῶν
1771 1717 1964 1789 δαιμό-

381 1808 488 1845 νων
523 1793 748 1857 τελετὰς
785 1796 1111 1867 μεμηνέναι,
1166 1800 1414 1870 ἀσκητὰς
1471 1803 1573 1874 μὲν
1631 1805 1779 1880 ζήλῳ
1835 1810 1964 1882 θείῳ

381 1883 862 1955 πυρπολουμένους
889 1889 1164 1956 συνέλεξε,
1193 1891 1382 1961 νόμοις
1425 1894 1483 1947 δέ
1507 1897 1707 1962 αὐτοὺς
1732 1899 1962 1966 ὁπλίσας

380 1975 698 2046 βασιλικοῖς,
723 1978 863 2032 κατὰ
913 1980 1019 2033 τῶν
1058 1983 1349 2038 εἰδωλικῶν
1388 1985 1662 2058 ἐξέπεμψε
1692 1993 1955 2064 τεμενῶν.

377 2067 457 2119 Τὰ
508 2067 564 2120 δὲ
605 2071 714 2134 τοῖς
755 2070 1086 2126 καταλύουσι
1127 2077 1401 2147 τεχνίταις
1451 2080 1546 2133 καὶ
1595 2084 1709 2145 τοῖς
1750 2085 1959 2141 τούτων

377 2159 674 2244 ὑπουργοίς
699 2161 1078 2233 χορηγούμενα
1129 2168 1393 2238 χρήματα
1429 2171 1530 2224 οὐκ
1577 2173 1643 2226 ἐκ
1687 2178 1957 2244 ταμιείων

377 2239 671 2318 βασιλικῶν
713 2251 1005 2323 λαμόἀνων
1051 2256 1364 2328 ἀνήλισκεν,
1414 2261 1550 2315 ἀλλὰ
1585 2263 1686 2329 τὰς
1740 2266 1956 2340 πλούτῳ

371 2341 628 2409 κομώσας
653 2343 748 2396 καὶ
780 2345 960 2400 πίστει
991 2346 1456 2421 λαμπρυνομένας
1503 2357 1770 2422 γυναῖκας
1803 2358 1952 2427 φιλο-

367 2429 542 2498 τίμως
576 2432 747 2487 ταῦτα
791 2435 1054 2507 παρέχειν
1099 2439 1377 2508 ἀνέπειθε,
1423 2442 1532 2514 τὴν
1568 2448 1632 2500 ἐκ
1679 2448 1779 2517 τῆς
1822 2467 1950 2522 χορ-

367 2519 528 2589 ηγίας
563 2523 837 2596 φυομένην
881 2527 1132 2597 εὐλογίαν
1167 2531 1380 2597 δεικνύς
1411 2535 1477 2588 ’³.
1527 2537 1666 2601 Τοὺς
1715 2519 1950 2610 μένῖίοδν

366 2611 787 2680 ὑπολειτθέντας
842 2617 954 2670 τῶν
1011 2619 1282 2691 δαιμόνων
1349 2627 1553 2695 σηκοὺς
1597 2629 1787 2684 τοῦτον
1855 2633 1948 2689 τὸν

361 2701 561 2772 τρόπον
602 2705 666 2758 ἐκ
692 2705 907 2780 βάθρων
935 2711 1257 2768 ἀνέσπασεν.

826 2859 833 2867 ,
959 2801 1213 2858 trama.
1256 2805 1336 2856 A'.

591 2883 731 2953 Περὶ
777 2887 890 2953 τῆς
927 2889 1261 2960 ἐκκλησίας
1303 2895 1421 2950 τῶν
1456 2899 1716 2955 Γότθων.

2087 382 2457 439 conducibilia
2503 389 2851 458 suggerebat,
2897 402 2952 448 et
3001 397 3321 455 sacerdotes
3369 411 3427 456 ιιι
3459 419 3525 460 ex
3585 409 3662 462 le-

2085 489 2212 542 gum
2268 478 2591 548 praescripto
2645 482 2888 538 viverent
2937 485 3268 543 admonebat
3323 508 3336 545 :
3393 511 3488 550 eos
3530 514 3660 552 vero

2084 565 2177 626 qui
2211 564 2308 622 has
2345 567 2550 623 violare
2576 572 2694 626 ausi
2723 583 2930 637 essent,
2952 581 3254 635 sanctuarii
3282 582 3428 639 aditu
3472 591 3659 656 prohi-

2085 654 2268 720 bebat,
2327 672 2437 712 non
2490 669 2748 730 oportere
2787 663 2980 722 dicens
3042 671 3390 728 sacerdotum
3451 654 3660 735 honore

2083 741 2214 808 frui,
2261 755 2315 799 et
2345 762 2601 802 verorum
2637 751 2983 808 sacerdotum
3025 756 3190 810 vitam
3238 775 3344 816 non
3383 766 3653 822 aemulari.

2077 836 2267 908 Neque
2311 839 2452 895 hanc
2481 841 2573 897 ille
2603 843 3005 912 providentiam
3039 850 3261 916 gerebat
3291 853 3346 907 in
3393 855 3488 910 illa
3531 867 3657 912 tan-

2080 936 2191 981 tum
2226 929 2478 996 civitate,
2521 935 2614 988 sed
2649 933 2702 988 in
2738 933 2976 990 Thracia
3001 939 3165 992 etiam
3202 944 3461 1001 universa
3484 943 3655 1019 ,‘qua:

2078 1033 2172 1073 sex
2217 1019 2270 1074 in
2318 1023 2631 1090 provincias
2653 1025 2830 1082 divisa
2865 1035 2972 1096 est,
3002 1039 3056 1086 et
3092 1031 3144 1084 in
3177 1033 3306 1087 Asia
3349 1043 3485 1102 tota,
3531 1057 3654 1111 qua:

2077 1109 2146 1164 ab
2169 1113 2424 1167 undecim
2454 1117 2790 1184 praesidibus
2826 1121 3038 1191 regitur
3069 1141 3084 1179 :
3114 1125 3249 1194 quin
3279 1135 3335 1182 et
3364 1109 3650 1187 Ponticam

2074 1216 2294 1274 quoque
2336 1205 2527 1261 iisdem
2561 1209 2770 1276 legibus
2805 1213 3042 1278 ornavit,
3075 1231 3197 1285 quae
3226 1234 3384 1286 pares
3418 1238 3651 1279 numero

2073 1306 2197 1346 cum
2227 1295 2354 1349 Asia
2389 1307 2636 1354 rectores
2685 1301 2864 1356 habet.

2348 1490 2503 1545 CAP.
2539 1492 2730 1548 XXIX.
2781 1495 2864 1568 [Β.
2897 1497 2977 1552 St.
3013 1497 3197 1555 V.Ch.
3225 1501 3364 1576 29.]

2107 1575 2186 1632 De
2211 1578 2354 1648 fanis
2387 1582 2648 1638 idolorum
2681 1587 2745 1640 ab
2775 1587 2954 1643 cadent
2991 1591 3042 1644 iu
3067 1589 3339 1648 Phoenicia
3369 1595 3610 1665 defectis.

2135 1694 2310 1750 Porro
2374 1713 2498 1752 cum
2555 1701 2760 1756 certior
2843 1704 3020 1759 l'actus
3082 1714 3229 1760 esset
3301 1707 3640 1766 Phteniciatn

2066 1784 2245 1842 adhuc
2281 1788 2429 1844 circa
2481 1789 2754 1846 idolorum
2801 1794 3070 1850 sacriﬁcia
3121 1797 3386 1864 insanire,
3448 1817 3642 1860 mona-

2063 1877 2198 1932 chos
2225 1879 2343 1934 zelo
2370 1880 2556 1936 divino
2579 1883 2852 1941 ferventes
2872 1887 3116 1957 collegit,
3160 1889 3640 1964 imperatoriisqu

2062 1979 2304 2026 armatos
2343 1971 2539 2027 edictis
2573 1975 2841 2031 adversus
2878 1977 3148 2033 idolorum
3182 1982 3412 2037 delubra
3455 1985 3640 2040 immi-

2060 2059 2154 2113 sit.
2207 2059 2480 2116 Pecunias
2519 2075 2724 2130 autem,
2784 2083 2905 2137 qua:
2952 2070 3261 2128 artiﬁcibus
3287 2074 3632 2133 diruentibus

2057 2158 2112 2204 ct
2165 2165 2353 2206 eorum
2421 2155 2694 2213 ministris
2756 2159 3160 2228 prwbebantur,
3200 2180 3308 2218 non
3355 2182 3422 2221 ex
3464 2170 3630 2240 regiis

2057 2241 2330 2299 thesauris
2369 2245 2717 2318 depromptas
2760 2251 3088 2322 insumpsit,
3123 2256 3222 2326 sed
3262 2259 3631 2330 locupletibus

2055 2337 2110 2386 et
2143 2330 2248 2386 [ide
2278 2333 2447 2390 claris
2478 2335 2718 2400 feminis.
2748 2347 2808 2393 ιιι
2834 2340 3136 2399 liberaliter
3172 2345 3273 2403 has
3315 2351 3632 2420 suppedita-

2054 2431 2194 2487 rent,
2225 2427 2534 2495 persuasit,
2567 2429 3001 2488 benedictionem
3037 2451 3160 2505 qua:
3200 2452 3265 2492 ex
3309 2441 3629 2510 erogatione

2053 2525 2378 2573 nasceretur
2412 2521 2728 2576 catendcns.
2776 2523 3003 2594 Reliqua
3038 2542 3168 2598 ergo
3200 2528 3507 2586 daemonum
3533 2533 3622 2588 de-

2049 2605 2210 2664 lubra
2245 2609 2298 2665 in
2323 2611 2468 2667 hunc
2506 2614 2724 2668 ntodum
2758 2615 3006 2672 funditus
3039 2619 3387 2690 exstirpavit.

2351 2796 2504 2852 car.
2539 2797 2705 2852 xxx.
2734 2799 2821 2872 [Β.
2861 2798 2943 2855 St;
2978 2800 3042 2856 v.
3071 2803 3170 2858 cn.
3203 2804 3318 2878 50.]

2478 2889 2550 2946 De
2585 2891 2876 2946 Gal/torum
2913 2894 3160 2951 ecclesia.

443 2969 618 3040 Ὁρῶν
668 2973 723 3026 δέ
776 2976 871 3028 καὶ
900 2977 946 3008 ³⁸
978 2978 1070 3032 τὸν
1113 2981 1376 3036 Σκυθικὸν
1433 2984 1620 3054 ὅμιλον
1681 2987 1786 3041 ὑπὸ
1841 2991 1940 3062 τῆς

2114 2977 2429 3049 Scythicam
2485 2993 2747 3052 praeterea
2802 2997 3018 3054 gentem
3082 2988 3360 3045 Arianicis
3411 2991 3619 3048 retibus

375 3059 722 3130 ’Δρειανικῆς
778 3064 1116 3135 θηρευθέντα
1147 3072 1412 3143 σαγήνης,
1459 3059 1942 3149 ἀντεμηχανήσατο

359 3151 452 3202 καὶ
497 3151 679 3218 αὐτὸς,
715 3157 808 3209 καὶ
839 3158 1005 3230 πόρον
1048 3159 1225 3230 ἄγρας
1252 3162 1476 3235 ἐξεῦρεν
1519 3167 1585 3220 ’⁸.
1633 3168 1943 3240 Ὀμογλώτ-

355 3256 480 3306 τους
509 3247 619 3315 γὰρ
649 3249 878 3312 ἐκείνοις
931 3250 980 3282 ⁸⁸
1015 3253 1442 3326 πρεσϐυτέρους,
1489 3260 1584 3312 καὶ
1632 3261 1936 3327 διακόνους,

357 3334 452 3385 καὶ
493 3336 620 3400 τοὺς
656 3338 722 3391 τὰ
762 3340 878 3394 θεῖα
931 3343 1479 3415 ὐπαναγινώσκοντας
1516 3349 1673 3419 λόγια
1702 3353 1938 3424 προϐαλ-

355 3421 598 3492 λόμενος,
629 3428 758 3496 μίαν
777 3433 986 3498 τούτοις
1017 3435 1312 3508 ἀπένειμεν
1363 3439 1681 3512 ἐκκλησίαν,
1725 3421 1820 3498 καὶ
1844 3445 1931 3498 διὰ

352 3511 558 3568 τούτων
598 3517 826 3584 πολλοὺς
856 3523 963 3576 τῶν
997 3525 1367 3599 πλανωμένων
1393 3511 1708 3602 ἐθήρευσεν.
1762 3536 1933 3599 Αὐτός

351 3618 410 3654 τε
436 3604 544 3675 γὰρ
578 3606 646 3660 τὰ
677 3609 901 3666 πλεῖστα
951 3615 1132 3670 ἐκεῖσε
1163 3621 1364 3688 φοιτῶν
1399 3623 1688 3693 διελέγετο,
1755 3629 1933 3701 ἑρμη-

349 3699 509 3767 νευτῇ
563 3698 844 3770 χρώμενος
873 3704 950 3776 τῷ
1000 3707 1268 3780 ἑκατέραν
1295 3711 1544 3779 γλῶσσαν
1583 3698 1932 3791 ἐπισταμένιρ

346 3787 475 3850 τινὶ,
508 3789 743 3855 καὶτοὺς
768 3792 947 3862 λέγειν
977 3798 1379 3870 ἐπισταμένους
1408 3803 1564 3858 τοῦτο
1592 3810 1931 3880 παρεσκεύα-

346 3874 405 3937 ζε
435 3878 586 3950 δρᾷν.
623 3881 807 3938 Ταῦτα
858 3888 956 3954 μέν
999 3888 1092 3944 οὖν
1123 3892 1272 3947 ἔνδον
1315 3895 1374 3948 ἐν
1411 3899 1477 3966 τῇ
1511 3874 1927 3955 πόλεινδιετέλει

345 3969 537 4036 ποιῶν,
597 3976 690 4026 καὶ
751 3980 983 4043 πολλοὺς
1039 3983 1148 4035 τῶν
1195 3985 1627 4056 ἐξηπατημένων
1669 3990 1922 4063 ἐζώγρει,

341 4060 452 4113 τῶν
507 4063 878 4122 ἀποστολικῶν
910 4074 1283 4143 κηρυγμάτων
1313 4076 1625 4141 ἐπιδεικνὺς
1657 4079 1754 4150 τὴν
1792 4079 1924 4153 ἁλή-

336 4153 510 4208 θειαν.

921 4258 1173 4318 ΚΕΦΑΛ.
1207 4261 1330 4316 AA’.

2043 3080 2256 3139 captam
2295 3073 2508 3139 videns,
2550 3075 2761 3146 1070
2791 3086 2981 3132 contra
3025 3088 3078 3134 et
3121 3080 3238 3150 ipse
3271 3083 3618 3139 machinatus

2041 3173 2146 3226 est,
2195 3173 2248 3218 et
2278 3165 2531 3233 captandi
2569 3168 2710 3221 viam
2744 3170 2971 3224 invenit.
2999 3168 3132 3226 Nam
3184 3173 3428 3242 ejusdem
3467 3175 3617 3244 ipso-

2041 3267 2163 3306 rum
2195 3252 2396 3323 Iingua:
2432 3256 2804 3326 presbyteros,
2830 3270 2883 3312 et
2908 3259 3194 3328 diaconos,
3226 3271 3278 3316 ct
3305 3265 3614 3320 divinarum

2039 3342 2452 3414 Scripturarum
2507 3347 2740 3404 lectores
2789 3349 3081 3416 ordinans,
3118 3369 3284 3409 unam
3326 3357 3407 3412 eis
3437 3359 3617 3414 eccle-

2037 3434 2175 3490 siam
2198 3437 2523 3508 assignavit,
2566 3439 2874 3512 horumque
2901 3459 3065 3511 opera
3093 3446 3294 3500 multos
3319 3449 3389 3502 ab
3423 3464 3612 3506 errore.

2035 3527 2350 3582 vindicavit.
2383 3529 2596 3600 Saepius
2626 3532 2791 3586 etiam
2820 3533 2938 3603 ipse
2973 3535 3068 3589 illo
3099 3551 3159 3591 se
3187 3537 3479 3597 conferens
3501 3541 3612 3596 dis-

2033 3620 2274 3688 serebat,
2330 3621 2629 3692 interprete
2683 3640 2815 3679 usus
2845 3627 3029 3696 aliquo
3081 3630 3372 3700 utriusque
3406 3632 3610 3704 linguae

2032 3711 2228 3778 perito,
2261 3719 2315 3768 et
2349 3727 2476 3783 erga
2504 3729 2598 3770 eos
2631 3717 2724 3784 qui
2753 3717 3030 3774 disserere
3062 3728 3339 3789 poterant,
3378 3731 3437 3775 ιιι
3462 3723 3604 3778 idem

2031 3810 2352 3871 praestarent
2377 3807 2676 3876 satagebat.
2735 3811 2914 3878 Atque
2942 3809 3058 3865 haec
3085 3811 3176 3866 ille
3197 3813 3343 3868 intus
3377 3816 3432 3868 in
3469 3816 3606 3869 urbe

2029 3894 2251 3948 assidue
2289 3897 2531 3963 gerebat,
2568 3899 2883 3969 multosque
2911 3916 2977 3956 ex
3012 3902 3080 3958 iis
3115 3905 3210 3974 qui
3247 3904 3458 3976 decepti
3485 3907 3604 3962 fue-

2026 3993 2151 4038 rant
2181 3987 2510 4048 revocabat,
2545 3989 2830 4044 veritatem
2862 3991 2972 4046 illis
2996 3995 3298 4050 ostendens
3328 3997 3599 4066 praedica-

2025 4072 2192 4128 tionis
2226 4074 2558 4142 apostolicae.
3481 4083 3484 4086 ’

2287 4251 2438 4310 car.
2483 4253 2675 4310 XXXI.
2713 4253 2799 4327 [Β.
2843 4256 2925 4311 St.
2963 4255 3030 4312 v.
3071 4258 3172 4314 cn.
3220 4261 3334 4334 δι]

339 4335 619 4434 "fit?
650 4342 1026 4434 €.’£.’~‘_’i'?.,”“,¢-,
1049 4349 1151 4434 τίετ’
1181 4351 1368 4434 εὐαζτέ
1398 4352 1724 4434 γενομένης
1767 4365 1913 4434 περι
1949 4348 1950 4397 ί

2114 4342 2189 4398 De
2217 4345 2452 4415 ejusdem
2491 4363 2616 4434 ejrga
2639 4346 2866 4434 Scyllam
2903 4351 3253 4434 providentia,
3283 4352 3498 4426 zeloque

404 4407 598 4529 Ξοίας,
657 4410 756 4463 καὶ
797 4413 902 4468 τοῦ
953 4407 1103 4470 κατὰ
1138 4417 1259 4472 τῶν
1308 4407 1770 4491 Μαᾷνκιάνισὲῶν
1807 4407 1911 4494 (Ciﬁ-

448 4494 539 4529 ου.

448 4494 539 4531 ου.

408 4565 610 4622 Μαθὼν
642 4567 700 4622 δέ
727 4581 878 4635 τινας
909 4572 1020 4626 τῶν
1062 4577 1310 4647 νομάδων
1328 4581 1375 4611 ’⁸
1403 4581 1552 4652 παρὰ
1587 4582 1676 4636 τὸν
1703 4585 1914 4656 Ἴστρον

2460 4416 2708 4471 adversus
2739 4416 3139 4477 Marcioniuas.

2093 4573 2314 4629 Rursus
2369 4587 2494 4628 cum
2543 4574 2848 4644 accepisset
2898 4577 3162 4635 nomadas
3206 4582 3476 4652 quosdam
3511 4585 3588 4643 ιε-

334 4655 748 4730 ἐσκηνωμένους
775 4661 935 4736 διψῇν
971 4667 1069 4736 μὲν
1107 4669 1209 4740 τῆς
1258 4672 1554 4744 σωτηρίας,
1589 4655 1912 4748 ἐστερῆσθαι

2060 4683 2156 4723 ιιιηι
2183 4668 2495 4724 accolentes
2525 4668 2762 4722 salutem
2796 4670 3016 4740 quidem
3042 4671 3220 4737 sitire,
3257 4675 3350 4731 sed
3379 4677 3474 4747 qui
3504 4677 3586 4732 Ia-

328 4746 386 4801 δὺ
413 4748 508 4804 τοῦ
535 4749 597 4803 τὸ
628 4752 673 4784 ’ν
713 4752 860 4824 νάμα
885 4759 1306 4830 προσφέροντος,
1341 4764 1681 4837 ἐπεζήτησεν
1709 4746 1908 4839 ἄνδρας

2060 4775 2150 4816 ces
2195 4761 2461 4830 praberet
2505 4760 2708 4816 habere
2745 4761 3044 4828 neminem,
3086 4763 3238 4820 viros
3277 4746 3582 4838 apostolici

327 4835 428 4905 τὴν
445 4839 808 4912 ἁποστολικὴν
834 4845 1150 4914 φιλοπονίαν
1170 4849 1534 4922 ἐζηλωκότας,
1562 4835 1656 4909 καὶ
1684 4835 1907 4922 τούτους

2009 4852 2220 4908 laboris
2266 4851 2496 4906 aemulos
2517 4850 2876 4921 conquisivit,
2900 4866 3107 4922 eosque
3149 4854 3258 4911 illis
3315 4856 3579 4925 praefecit.

331 4924 482 4998 [257]
514 4929 746 4996 ἐκείνοις
778 4935 1100 5009 ἐπέστησεν.
1131 4937 1274 5010 Ἐγὼ
1309 4941 1365 4996 δέ
1413 4943 1459 4976 ⁸⁸
1490 4944 1585 4998 καὶ
1636 4946 1903 5017 γράμμα-

2060 4958 2124 5015 go
2153 4957 2282 4997 vero
2317 4943 2438 5012 ejus
2475 4956 2694 5014 quoque
2727 4943 2942 4998 litteras
2995 4944 3102 5015 legi
3159 4945 3226 5000 ad
3289 4924 3577 5002 Leontium

327 5031 412 5071 σιν
458 5019 790 5094 ἐντετύχηκα
820 5029 949 5100 παρ’
983 5030 1150 5085 αὐτοῦ
1193 5037 1448 5104 γραφεῖσι
1485 5035 1621 5106 πρὸς
1655 5037 1904 5091 Λεόντιον

2060 5035 2324 5104 ιίεοοριιιιι
2353 5035 2704 5104 Aneyranum
2746 5034 3005 5104 scriptas,
3029 5036 3236 5105 quibus
3258 5045 3313 5093 et
3345 5036 3578 5109 Scytha-

329 5107 421 5164 τὸν
468 5111 745 5187 Ἀγκῦρας
780 5117 1097 5186 ἐπίσκοπον,
1145 5122 1214 5176 δι’
1253 5118 1328 5178 ὧν
1374 5127 1466 5180 καὶ
1528 5126 1636 5181 τῶν
1678 5128 1903 5182 Σκυθῶν

2060 5141 2126 5181 nn
2161 5124 2581 5180 conversionem
2609 5124 2978 5196 signiﬁcabat,
3009 5136 3064 5183 et
3095 5136 3156 5183 ut
3186 5129 3334 5184 viros
3357 5129 3465 5184 illis
3491 5145 3578 5184 re-

1607 5261 1846 5318 ἾΔΒΙιΕ
1884 5260 2292 5322 LECTIONES.

401 5387 448 5460 '_'
469 5384 797 5460 (incitatosle
831 5385 998 5460 Idem.
1023 5457 1051 5460 _
1073 5391 1116 5422 "
1147 5393 1286 5447 ναῶν
1333 5405 1546 5451 caetera:
1599 5397 1756 5453 editt.
1842 5399 1888 5432 ²¹
1917 5397 2256 5460 ὕποδεικνύς.
2286 5395 2454 5451 Basil.
2487 5393 2582 5450 Gr.
2616 5401 2670 5448 et
2711 5395 2902 5460 Steph.
2976 5399 3025 5432 ⁸³
3053 5402 3147 5455 καὶ
3171 5402 3322 5458 abest
3344 5419 3373 5457 a
3408 5403 3573 5460 Basil.

315 5464 371 5527 et
406 5455 596 5527 Steph.
665 5455 712 5490 "
738 5455 989 5527 ἐξηύρεν.
1023 5457 1189 5515 Basil.
1229 5463 1324 5519 Gr.
1400 5467 1446 5498 "
1481 5467 1725 5524 ἐκείνων.
1760 5468 1924 5524 Idem.
2004 5469 2051 5500 ³⁸
2068 5455 2292 5522 Σκυθῶν
2339 5466 2548 5523 addunt
2577 5462 2746 5524 Basil.

315 5526 384 5580 ab
417 5526 631 5582 iisdem.
706 5527 755 5560 “
785 5526 1066 5584 cotiidetn
1100 5531 1326 5589 addunt.

714 5622 990 5684 ΡΑνι-ιιοῐ..
1046 5625 1160 5684 Gn.
1191 5628 1508 5692 LXXXII.

2831 5483 2875 5523 ι’.
2903 5477 2959 5526 et
2992 5469 3184 5542 Steph.
3261 5473 3382 5528 ’ττὸ
3419 5478 3575 5530 abest

3136 5637 3212 5698 ιο
