3974 6212
416 245 552 313 1259

1363 239 1854 301 THEODORETI
1885 235 2224 297 EPISCOPI
2254 240 2622 304 CYRENSIS

3543 249 3566 313 l
3579 251 3686 314 260

409 353 602 425 gendis
630 350 856 406 idoneos
891 347 1133 403 mitteret
1165 347 1514 405 obsecrabat.
1550 347 1656 404 Sed
1699 360 1754 404 et
1787 348 1844 403 in
1905 362 1975 402 re-

2090 345 2324 417 ἐδήλωσε
2367 349 2465 422 τὴν
2507 351 2830 423 μεταϐολὴν,
2883 353 2977 407 καὶ
3027 354 3340 426 πεμφθῆναι
3387 359 3434 390 ’⁸
3480 359 3691 431 ἄνδρας

406 447 568 518 gione
609 451 796 498 nostra
834 439 1128 495 Marcionis
1157 440 1350 496 haeresi
1409 440 1662 496 laborare
1717 440 1988 511 quosdam

407 541 560 596 vicos
615 535 951 604 intelligens,
984 533 1249 603 episcOpo
1309 534 1400 603 qui
1433 541 1564 588 tuuc
1601 540 1721 590 erat
1779 533 1990 587 litteras

404 629 650 699 scripsit,
691 626 919 680 hortans
954 631 1014 677 ut
1055 623 1310 678 morbum
1350 624 1688 694 prolligaret,
1709 624 1990 694 simulque

397 719 681 789 regiarum
733 715 915 787 legum
963 713 1285 770 subsidium
1341 713 1800 769 subministratis.
1837 713 1988 779 Quo-

404 811 566 866 modo
614 808 782 879 igitur
851 805 1228 863 Eeclesiarum
1305 806 1734 861 sollicitudinem
1801 806 1987 859 animo

397 901 556 971 juxta
599 899 926 972 Apostolum
985 896 1392 965 circumferret,
1425 898 1561 954 satis
1612 898 1816 954 docere
1877 897 1982 953 ista

403 999 660 1063 possunt.

477 1174 685 1244 1071
724 1171 810 1245 [ν.
845 1172 945 1227 Cb.
986 1171 1103 1244 32.]
1137 1171 1267 1243 Ejus
1301 1189 1431 1228 vero
1469 1173 1774 1229 libertatem
1819 1174 1984 1231 etiam

403 1268 626 1322 aliunde
663 1267 788 1320 licet
815 1280 1173 1335 cognoscere.

761 1363 776 1380 -
827 1356 980 1412 car.
1031 1355 1250 1411 xxxu.
1281 1356 1366 1430 [Β.
1397 1357 1478 1413 St.
1510 1357 1625 1428 δα]

369 1453 478 1520 _l)e
537 1451 724 1506 Gaina:
775 1449 1174 1518 postulatione,
1224 1459 1274 1531 et
1333 1448 1563 1504 Joannis
1618 1449 1984 1522 Clirysostomi

1015 1536 1377 1590 responsione.

469 1609 675 1665 Gaiuas
715 1610 966 1682 quidam,
1009 1607 1230 1662 natione
1263 1606 1486 1677 Scytha,
1522 1611 1613 1662 sed
1653 1617 1836 1666 mente
1859 1609 1985 1664 bar-

2093 439 2230 510 πρὸς
2249 441 2347 511 τὴν
2373 443 2578 496 τούτων
2636 444 2900 515 ποδηγίαν
2934 446 3272 516 ἐπιτηδείους
3304 448 3560 518 ἠξίωσεν.
3583 451 3683 504 Ἐν

2089 532 2156 599 τῇ
2205 528 2361 603 χώρᾳ
2406 533 2461 585 δὲ
2501 536 2566 605 τῇ
2609 535 2856 605 ἡμετέρᾳ
2886 533 2985 606 τὴν
3025 535 3352 607 Μαρκίωνος
3385 537 3540 592 νόσον
3569 539 3686 593 κὼ-

2093 637 2223 689 μαις
2248 622 2389 674 τισὶν
2412 623 2716 694 ἐπισκῆψαι
2737 624 2945 694 μαθὼν,
2965 625 3241 678 ἐπέστειλε
3267 626 3346 695 τάξ»
3374 628 3685 696 τηνικαῦτα

2090 711 2452 781 ποιμαίνοντι,
2486 714 2581 768 καὶ
2609 715 2934 786 προτρέπων
2967 714 3216 779 ἐξελάσαι
3248 717 3348 786 τὴν
3373 717 3550 780 νόσον,
3581 719 3686 772 καὶ

2088 803 2190 874 τὴν
2215 805 2322 860 ἀπὸ
2367 807 2476 860 τῶν
2534 807 2830 878 βασιλικῶν
2859 808 3040 878 νόμων
3087 810 3410 880 ἐπικουρίαν
3443 810 3680 880 ὀρέγων.

2092 896 2278 962 ’Ὅπως
2309 899 2406 970 μὲν
2441 897 2538 955 οὖν
2567 902 2670 973 τὴν
2699 901 2807 954 τῶν
2839 900 3178 972 Ἐκκλησιῶν
3208 901 3482 972 μέριμναν
3517 903 3574 955 ἐν
3609 905 3681 974 τῇ

2087 987 2233 1060 ψυχῇ
2263 991 2582 1064 περιέφερε,
2619 991 2763 1046 κατὰ
2797 992 2887 1047 τὸν
2939 991 3082 1045 Θεῖον
3125 991 3468 1058 Ἀπόστολον,
3513 993 3684 1046 litavi

2089 1085 2182 1136 καὶ
2202 1083 2374 1138 ταῦτα
2395 1084 2622 1152 διδάξαι.

2163 1175 2320 1229 Ἔστι
2367 1176 2424 1230 δὲ
2479 1178 2572 1231 καὶ
2600 1178 2863 1249 ἑτέρωθεν
2909 1177 3074 1232 αὑτοῦ
3105 1177 3202 1249 τὴν
3228 1178 3543 1251 παρρησίαν
3571 1197 3682 1251 μα-

2089 1266 2222 1321 θεῖν.

2669 1361 2919 1415 ΚῐεἈθΑΛ.
2956 1360 3078 1414 AB’.

2091 1450 2231 1520 Περὶ
2273 1451 2382 1521 τῆς
2409 1450 2603 1526 Γᾳϊνᾷ
2618 1452 2663 1484 ³ο
2685 1453 3000 1526 αἰτήσεως,
3021 1453 3118 1506 καί
3143 1451 3253 1521 τῆς
3266 1453 3674 1526 ἀντιρῤήσεως

2468 1523 2751 1578 Ἰωάννου
2780 1524 2888 1578 τοῦ
2929 1525 3293 1578 ἐπισκόπου.

2158 1614 2358 1678 Γαῖνᾶς
2387 1615 2427 1645 ³⁸
2471 1631 2574 1680 τις,
2615 1614 2830 1686 Σκύθης
2869 1615 2966 1685 μὲν
3006 1615 3068 1668 τὸ
3109 1616 3286 1685 γένος,
3323 1617 3674 1688 βαρϐαρικῶ-

397 1701 604 1766 barior,
637 1715 690 1758 et
726 1699 1022 1758 insolentia
1070 1699 1378 1771 tyrannica,
1439 1700 1697 1770 magister
1745 1701 1975 1755 militum

2086 1719 2244 1774 τερος
2279 1705 2336 1758 δὲ
2365 1705 2464 1777 τὴν
2495 1708 2743 1777 γνώμην,
2788 1709 3096 1777 φρονήματι
3135 1707 3192 1759 δὲ
3235 1710 3546 1780 τυραννικῷ
3578 1727 3676 1764 κε-

395 1806 514 1849 erat
549 1797 640 1852 illo
675 1804 918 1867 tempore
963 1796 1056 1865 qui
1096 1802 1150 1849 et
1179 1810 1210 1849 e
1242 1803 1401 1864 gente
1441 1811 1542 1849 sua
1585 1798 1688 1852 sub
1719 1811 1777 1851 se
1810 1796 1980 1851 liabe-

389 1885 489 1940 bat
541 1888 826 1957 plurimos,
863 1895 927 1941 ’et
984 1901 1109 1940 cum
1159 1885 1246 1939 bis
1289 1883 1662 1938 llomanorum
1731 1887 1980 1956 equitum

399 1979 751 2049 peditumque
797 1978 1032 2032 ducebat
1081 1977 1406 2030 exercitum.
1457 1975 1773 2032 Metuebant
1823 1979 1976 2034 illum

399 2085 565 2139 porro
593 2086 700 2122 non
739 2070 918 2123 solum
955 2067 1045 2122 alii
1087 2082 1300 2138 omnes,
1330 2068 1424 2122 sed
1472 2068 1586 2138 ipse
1615 2070 1779 2124 etiam
1808 2070 1981 2141 impe-

396 2173 566 2224 rator,
615 2160 872 2215 meditari
922 2175 1048 2214 eum
1096 2158 1442 2229 tyrannidem
1488 2160 1824 2231 intelligens.
1882 2161 1981 2218 llic

392 2255 596 2307 Ariana
637 2253 756 2306 labe
788 2252 1030 2306 inlectus
1059 2266 1185 2304 cum
1219 2261 1388 2317 esset,
1437 2268 1604 2306 unum
1647 2253 1749 2307 sibi
1782 2269 1811 2307 e
1837 2253 1980 2308 divi-

393 2347 478 2401 nis
509 2345 728 2414 templis
761 2343 880 2398 dari
915 2344 1085 2414 petiit.
1128 2342 1432 2414 Imperator
1466 2353 1889 2416 prospecturum
1921 2363 1981 2405 se

393 2450 824 2506 .uraturumque
854 2434 1148 2507 promisit:
1181 2445 1265 2502 et,
1304 2438 1480 2492 accito
1514 2437 1702 2494 divino
1742 2437 1976 2504 Joanne,

393 2531 711 2596 petitionem
762 2527 1042 2597 exposuit,
1091 2528 1393 2596 potentiam
1447 2528 1594 2585 illius
1640 2545 1979 2588 commemo-

391 2637 544 2686 rans,
576 2631 622 2677 et
652 2618 963 2691 tyrannidis
1003 2618 1352 2674 allectionem
1382 2619 1641 2687 innuens,
1673 2623 1980 2694 orabatque

391 2726 450 2769 ut
479 2713 700 2768 barbari
743 2711 988 2768 furorem
1044 2712 1405 2767 concessione
1441 2713 1549 2770 ista
1602 2715 1857 2771 frenaret.
1910 2718 1979 2772 At

389 2819 689 2876 generosus
717 2803 806 2858 ille
842 2802 968 2856 vir:
1013 2820 1031 2852 ι
1073 2801 1151 2857 Ne
1195 2804 1344 2869 talia,
1384 2805 1581 2876 inquit,
1630 2810 1976 2877 promiseris,

389 2896 716 2965 imperator,
761 2905 862 2946 nec
884 2901 1075 2946 sancta
1107 2892 1340 2946 canibus
1366 2894 1496 2949 dare
1537 2895 1792 2964 jusseris.
1826 2897 1977 2952 Nun-

387 3000 550 3054 quam
577 2984 726 3039 enim
761 2982 1130 3047 committam,
1165 2989 1226 3036 ut
1253 2998 1368 3045 eos,
1405 2985 1498 3054 qui
1531 2984 1700 3041 Deum
1735 2985 1970 3043 Verbum

389 3077 710 3148 praedicant,
741 3083 796 3130 et
825 3073 1081 3131 laudibus
1104 3075 1406 3142 celebrant,
1427 3077 1667 3146 ejiciam,
1695 3080 1970 3135 divinum-

387 3184 496 3239 que
528 3167 790 3237 templum
841 3165 911 3221 iis
963 3167 1200 3233 tradam,
1251 3169 1344 3238 qui
1407 3170 1662 3224 eumdem
1723 3172 1976 3244 blasphe-

387 3270 556 3315 mant.
593 3257 703 3314 Nec
739 3273 868 3314 vero
899 3257 1194 3313 barbarum
1258 3261 1411 3313 illum
1473 3259 1754 3328 formides,
1799 3266 1975 3335 impe-

386 3363 536 3406 rator
571 3369 585 3406 :
622 3351 718 3406 sed
755 3349 971 3412 ambos,
1002 3365 1088 3406 me
1138 3358 1192 3406 et
1233 3351 1383 3404 illum
1421 3353 1718 3420 advocans,
1753 3357 1974 3412 silentio

385 3461 506 3514 qua:
537 3443 792 3500 dicentur
827 3441 1050 3505 exaudi,
1093 3451 1146 3499 et
1177 3458 1278 3512 ego
1303 3444 1422 3513 ejus
1451 3445 1690 3516 linguam
1722 3446 1970 3514 frenabo,

383 3539 784 3608 adducamque,
833 3547 890 3590 ut
945 3536 1172 3592 minime
1217 3536 1267 3590 id
1307 3545 1477 3605 petat,
1511 3538 1654 3606 quod
1703 3538 1819 3593 dari
1862 3557 1970 3596 non

383 3629 622 3701 expedit.
667 3649 684 3680 ι
743 3627 838 3683 llis
885 3627 1088 3682 auditis
1124 3623 1374 3698 'gavisus
1431 3637 1514 3682 est
1567 3629 1886 3698 imperator,
1919 3640 1972 3687 et

387 3722 648 3792 postridie
688 3723 882 3774 ambos
919 3720 1131 3790 1072
1165 3720 1478 3774 advocavit.
1519 3719 1582 3774 Et
1614 3720 1820 3779 Gaiuas
1848 3726 1971 3794 qui-

383 3816 506 3866 dem
538 3812 872 3882 promissum
905 3812 1278 3880 exposeebat:
1312 3828 1544 3882 magnus
1573 3829 1700 3868 vero
1726 3813 1969 3874 Joannes

385 3900 721 3956 reclamabat
752 3900 968 3963 dicens,
1011 3911 1119 3954 non
1157 3901 1322 3956 licere
1352 3903 1690 3973 imperatori,
1719 3908 1813 3978 qui
1855 3909 1971 3978 pie-

382 4002 545 4046 tatem
599 3992 937 4061 proliteatur,
987 3991 1258 4048 adversus
1288 4009 1375 4049 res
1409 3995 1629 4051 divinas
1662 3999 1966 4072 quidquam

384 4086 582 4139 moliri.
613 4085 861 4153 Cumque
885 4083 1178 4139 allirmaret
1208 4085 1315 4149 ille,
1343 4087 1445 4142 sibi
1472 4090 1634 4143 etiam
1664 4095 1964 4148 oratoriam

382 4180 601 4231 domum
629 4177 867 4245 aliquam
901 4191 1023 4232 esse
1054 4189 1306 4247 oportere
1330 4197 1341 4232 :
1369 4196 1387 4230 ι
1413 4178 1540 4235 Tibi
1572 4199 1720 4247 vero,
1749 4187 1822 4240 ait
1849 4203 1964 4240 ma-

380 4286 521 4340 guns
542 4267 782 4322 Joannes
807 4309 818 4332 ,
845 4268 1045 4324 divina:
1067 4269 1212 4325 mdes
1239 4286 1432 4326 omnes
1470 4281 1655 4338 patent
1677 4315 1690 4338 ,
1716 4285 1769 4331 et
1806 4293 1966 4334 nemo

379 4369 524 4414 vetat
548 4375 705 4416 orare
731 4363 773 4416 si
803 4362 958 4417 velis.
1002 4391 1072 4401 —
1113 4363 1177 4416 At
1205 4379 1324 4432 ego,
1354 4365 1552 4434 inquit,
1579 4367 1804 4434 Gainas,
1831 4372 1964 4428 alte-
1997 4397 2040 4452 ι)

379 4455 490 4506 rius
513 4469 631 4506 sum
656 4463 837 4516 sectae,
861 4463 1059 4508 etcum
1087 4453 1221 4524 ipsis
1244 4456 1502 4524 templum
1529 4473 1696 4514 unum
1722 4461 1968 4521 divinum

381 4543 581 4596 habere
604 4543 843 4611 postulo,
870 4557 933 4596 ac
955 4542 1079 4610 jure
1101 4557 1233 4596 sane
1257 4543 1494 4612 postulo,
1522 4545 1614 4613 qui
1639 4554 1717 4600 tot
1744 4548 1968 4611 bellicos

385 4631 603 4686 labores
669 4647 769 4702 pro
819 4631 1084 4687 Romanis
1151 4633 1440 4702 perferam.
1482 4664 1556 4682 --.
1593 4635 1697 4692 Sed
1756 4647 1814 4694 tu
1860 4659 1970 4698 ma-

375 4724 530 4792 jora,
562 4723 775 4793 inquit,
808 4723 1093 4780 laboribus
1126 4724 1349 4794 praemia
1384 4729 1673 4798 percepisti
1701 4747 1714 4784 :
1753 4748 1878 4789 nam
1914 4751 1970 4795 et

379 4813 637 4884 magister
669 4829 730 4870 es
775 4815 1008 4870 militum
1029 4855 1045 4881 ,
1095 4823 1150 4870 et
1198 4822 1353 4872 veste
1383 4826 1614 4874 ornatus
1646 4826 1965 4894 consulari,

377 4908 540 4976 'teque
574 4907 924 4962 considerare
964 4923 1061 4977 par
1099 4916 1185 4962 est
1219 4908 1350 4977 quid
1399 4909 1531 4964 olim
1584 4909 1795 4978 fueris,
1832 4916 1962 4985 quid

379 4998 543 5054 modo
570 4999 586 5017 ⁹
621 4998 715 5063 sis,
745 5011 996 5069 quasnam
1033 4999 1186 5069 prior
1211 5011 1430 5069 egestas
1453 4999 1634 5068 fuerit,
1667 5020 1788 5074 quae
1820 5023 1965 5063 nunc

379 5105 623 5161 praseus
655 5106 840 5146 rerum
874 5090 1054 5160 copia,
1089 5092 1292 5160 quibus
1330 5094 1673 5148 vestimentis
1711 5112 1845 5153 usus
1888 5099 1966 5155 sis

379 5182 696 5253 priusquam
729 5182 932 5238 Istrum
983 5182 1292 5252 trajiceres,
1324 5192 1378 5238 et
1420 5184 1752 5254 quibusnam
1802 5190 1965 5246 modo

2085 1795 2380 1865 χρημένος.
2429 1796 2759 1867 ἐστρατήγει
2809 1794 2932 1850 κατ’
2981 1798 3188 1850 ἐκεῖνον
3237 1797 3329 1850 τὸν
3371 1799 3563 1868 χρόνον
3605 1801 3674 1850 ³¹ο

2083 1886 2312 1951 πολλοὺς
2365 1887 2464 1957 μὲν
2518 1888 2611 1940 καὶ
2663 1887 2772 1940 τῶν
2833 1888 3126 1958 ὁμοφύλων
3177 1890 3457 1960 ὑπηκόους
3508 1892 3674 1961 ἔχων,

2081 1976 2233 2046 ἄγων
2281 1978 2339 2032 δὲ
2397 1977 2538 2048 μετὰ
2586 1977 2791 2033 τούτων
2846 1980 2940 2032 καὶ
2992 1979 3101 2032 τῶν
3149 1980 3436 2050 Ῥωμαίων
3478 1984 3582 2052 τήν
3615 2001 3678 2036 τε

2084 2069 2313 2140 ἱππικὴν
2380 2071 2472 2123 καὶ
2520 2069 2751 2141 πεζικὴν
2796 2070 3075 2141 στρατιάν.
3119 2070 3517 2142 Ἐπεφρίκεσαν
3546 2075 3596 2105 ³⁸
3619 2075 3678 2128 δὲ

2081 2159 2244 2213 αὑτὸν
2279 2160 2340 2213 οὑ
2380 2160 2541 2230 μόνον
2580 2162 2629 2214 oi
2665 2159 2816 2214 ἄλλοι
2855 2160 3079 2223 πάντες,
3127 2160 3263 2214 ἀλλὰ
3293 2163 3387 2215 καὶ
3449 2163 3619 2227 αὐτὸς
3649 2167 3677 2217 6

2083 2251 2356 2323 βασιλεὺς,
2395 2252 2492 2324 τὴν
2525 2253 2910 2324 μελετωμένην
2955 2253 3310 2325 ὑφορώμενος
3353 2257 3672 2326 τυραννίδα.

2081 2339 2248 2408 Οὗτος
2278 2347 2375 2416 τῆς
2411 2344 2626 2416 Ἀρείου
2658 2344 2842 2416 λώδης
2867 2344 3213 2416 μεταλαχὼν,
3247 2346 3343 2400 ἕνα
3378 2348 3526 2418 αὑτῷ
3549 2350 3676 2403 δοῦ-

2081 2450 2167 2488 ναι
2197 2435 2243 2467 "
2289 2435 2398 2488 τῶν
2437 2435 2600 2490 Θείων
2643 2436 2828 2507 σηκῶν
2862 2437 3158 2508 ἐπήγγειλε
3207 2438 3252 2470 ³⁸
3291 2438 3383 2492 τὸν
3419 2438 3671 2509 βασιλέα.

2093 2525 2152 2579 '0
2183 2523 2239 2579 δὲ
2271 2528 2570 2599 σκοπήσειν
2621 2527 2748 2598 ἔφη,
2784 2528 2878 2583 καὶ
2925 2528 3285 2599 Θεραπεύσειν
3317 2530 3362 2562 ⁸⁸
3404 2533 3673 2603 ἐπηγγεέ-

2080 2619 2229 2683 λατο,
2285 2620 2378 2674 καὶ
2408 2619 2500 2674 τὸν
2533 2620 2676 2674 θεῖον
2728 2620 3226 2691 μεταπεμψάμενος
3262 2622 3537 2694 Ἰωάννην,
3577 2625 3678 2677 καὶ

2080 2709 2178 2782 τὴν
2207 2710 2422 2781 αἴτησιν
2449 2707 2592 2778 εἷπε,
2636 2712 2731 2766 καὶ
2759 2713 2858 2782 τῆς
2901 2713 3220 2775 δυναστείας
3251 2713 3547 2785 ἀνέμνησε,
3576 2719 3674 2768 καὶ

2079 2802 2178 2872 τὴν
2213 2802 2598 2874 μελετωμένην
2635 2804 2935 2876 ὑπῃνίξατο
2960 2805 3271 2874 τυραννίδα,
3297 2805 3388 2857 καὶ
3422 2808 3676 2875 παρεκά-

2080 2890 2162 2945 λει
2215 2895 2278 2964 τῇ
2310 2893 2454 2946 δόσει
2487 2893 2576 2947 τὸν
2610 2894 2704 2948 τοῦ
2751 2893 3030 2966 βαρϐάρου
3053 2894 3348 2965 χαλινῶσαι
3383 2896 3578 2966 θυμόν.
3613 2898 3674 2950 ’0

2083 2983 2140 3036 δὲ
2181 2988 2429 3051 γενναῖος
2451 2986 2658 3049 ἐκεῖνος
2693 2988 2856 3058 ἁνήρ·
2893 3005 2912 3038 ι
2942 2988 3032 3057 Μὴ
3063 2987 3307 3051 τοιαῦτα,
3341 2988 3464 3059 ἔφη,
3485 2983 3532 3041 ὧ
3567 2989 3676 3059 βα-

2081 3075 2251 3140 σιλεῦ,
2284 3075 2566 3145 ὑπισχνοῦ,
2601 3076 2734 3146 μηδὲ
2762 3076 2959 3130 διδόναι
3010 3077 3386 3147 παρακελεύου
3412 3079 3482 3131 τά
3533 3080 3673 3145 ἅγια

2075 3168 2187 3231 τοῖς
2246 3167 2422 3222 κυσίν.
2465 3168 2539 3221 Οὑ
2577 3171 2687 3240 γὰρ
2738 3169 3024 3239 ἀνέξομαι,
3081 3170 3210 3232 τοὺς
3259 3171 3357 3240 μὲν
3392 3171 3481 3223 τὸν
3527 3171 3666 3225 Θεὸν

2075 3255 2247 3325 Λόγον
2298 3255 2684 3324 Θεολογοῦντάς
2741 3273 2799 3310 τε
2858 3258 2952 3310 καὶ
3003 3256 3303 3326 ὑμνοῦντας
3350 3257 3666 3325 ἐξαγαγεῖν,

2074 3353 2188 3412 τοῖς
2234 3351 2291 3403 δὲ
2341 3350 2530 3404 τοῦτον
2579 3350 2988 3421 βλασφημοῦσιν
3018 3350 3262 3404 ἐκδοῦναι
3291 3351 3334 3382 ⁸⁷
3377 3351 3467 3402 τὸν
3517 3351 3668 3404 θεῖον

2074 3440 2231 3498 νεῶν.
2270 3442 2379 3495 Καὶ
2439 3440 2598 3510 μήτοι
2651 3442 2834 3512 δείσῃς
2875 3443 2966 3495 τὸν
3005 3441 3284 3512 βάρϐαρον
3334 3445 3566 3508 ἐκεῖνον,
3621 3437 3666 3494 ὦ

2075 3531 2318 3604 βασιλεῦ,
2351 3534 2488 3587 ἀλλὰ
2535 3535 2702 3602 ἄμφω
2735 3534 2995 3598 καλέσας,
3027 3535 3124 3605 ἐμέ
3154 3552 3212 3586 τε
3263 3536 3537 3596 κάκεῖνον,
3599 3541 3662 3589 σὺ

2077 3623 2176 3694 μὲν
2205 3624 2381 3693 ἡσυχῆ
2426 3623 2535 3674 τῶν
2562 3622 2874 3692 λεγομένων
2917 3623 3182 3687 ὑπάκουε,
3213 3623 3324 3690 ἐγὼ
3353 3623 3407 3676 δὲ
3446 3623 3662 3676 ἐκείνου

2071 3714 2358 3785 χαλινὼσω
2381 3715 2479 3785 τὴν
2506 3713 2785 3783 γλῶτταν,
2828 3715 2925 3767 καὶ
2961 3714 3134 3767 πείσω
3183 3716 3382 3784 ἥκιστα
3429 3716 3660 3785 αἰτῆσαι

2070 3809 2098 3860 ὃ
2134 3808 2208 3879 μὴ
2256 3807 2443 3860 δοῦναι
2483 3807 2772 3877 συμφέρει.
2811 3827 2828 3858 ι
2880 3807 3098 3860 Τούτων
3143 3805 3382 3870 ἀκούσας
3431 3808 3460 3858 ὁ
3501 3806 3658 3872 βασις

2071 3897 2220 3962 λεὺς,
2249 3898 2391 3969 ἧσοη
2423 3915 2481 3952 τε
2519 3902 2612 3953 καὶ
2641 3902 2706 3970 τῇ
2740 3897 3001 3968 ὑστεραίᾳ
3029 3898 3371 3969 ἀμφοτέρους
3403 3898 3652 3951 ἐκάλεσε.

2069 3993 2229 4046 Καὶὸ
2256 3992 2354 4064 μὲν
2384 3991 2482 4063 τὴν
2532 3991 2684 4064 [238]
2727 3989 3059 4058 ἐπαγγελίαν
3092 3988 3292 4060 ἐζήτει·
3325 3991 3353 4042 ὁ
3392 3988 3448 4041 δὲ
3478 3989 3657 4059 μέγας

2069 4082 2324 4154 Ἰωάννης
2353 4083 2607 4151 ἀντέλεγε
2645 4084 2888 4152 φάσκων,
2915 4081 3015 4134 οὐκ
3050 4081 3250 4144 ἐξεῖναι
3307 4081 3513 4151 βασιλεῖ
3545 4082 3654 4133 τῶν

2069 4175 2228 4228 Θείων
2258 4177 2602 4248 κατατολμᾷν
2634 4176 2876 4228 εὐσεϐεῖν
2909 4191 2968 4243 γε
3015 4175 3656 4246 προαιρουμένιίι.Ἐκείο

2067 4282 2156 4318 νου
2183 4266 2237 4319 δὲ
2266 4266 2516 4334 λέγοντος
2570 4266 2645 4329 ὡς
2675 4267 2780 4336 χρὴ
2827 4265 2923 4318 κα)⁸
2952 4266 3113 4318 αὑτὸν
3161 4265 3449 4335 εὑκτήριον
3505 4267 3653 4334 ἔχειν

2069 4355 2238 4410 οἷκον·
2291 4377 2309 4409 ι
2352 4359 2531 4422 ’Ἅπας
2573 4375 2676 4421 σοι,
2730 4359 2832 4428 ἔφη
2888 4358 2917 4410 ὁ
2972 4359 3143 4428 μέγας
3191 4358 3466 4426 Ἰωάννης,
3515 4361 3546 4412 ὁ
3601 4360 3650 4391 ⁸³

2069 4448 2210 4513 θεῖος
2244 4445 2392 4513 οἶκος
2420 4451 2712 4520 ηνέῳκται,
2765 4450 2860 4503 καὶ
2907 4449 3080 4512 οὐδεὶς
3129 4449 3304 4520 εἴργει
3350 4449 3653 4519 προσεύξα-

2070 4540 2214 4598 σθαι,
2260 4541 2730 4612 προθυμούμενον.
2787 4571 2858 4584 -
2917 4541 3078 4596 Ἀλλὰ
3126 4541 3256 4609 ἐγὼ,
3291 4541 3394 4610 ἔφη
3443 4543 3470 4593 δ
3517 4541 3650 4593 Γαῖ-

2066 4636 2164 4698 vi;
2195 4634 2259 4698 ”,
2291 4634 2484 4704 ἑτέρας
2527 4635 2755 4706 ὑπάρχω
2782 4633 3114 4705 συμμορίας,
3167 4634 3259 4688 καὶ
3291 4635 3387 4688 σὺν
3419 4634 3654 4695 ἐκείνοις

2065 4727 2164 4782 ἕνα
2219 4726 2362 4780 οεὶον
2415 4721 2562 4781 οἶκον
2603 4726 2749 4797 ἔχειν
2801 4726 2960 4792 αἰτῶ,
3007 4727 3102 4781 καὶ
3144 4726 3289 4796 μάλα
3334 4743 3398 4794 γε
3421 4726 3654 4788 δικαίως

2063 4816 2199 4872 αἰτῶ
2231 4817 2458 4880 πολλοὺς
2489 4817 2629 4889 ὑπὲρ
2660 4818 2951 4888 Ῥωμαίων
2989 4817 3320 4888 πολεμικοὺς
3359 4817 3654 4887 ὑπομένων

2063 4910 2300 4980 ἀγῶνας.
2353 4939 2422 4949 -
2469 4910 2608 4964 ’Δλλ’
2659 4909 2820 4981 ἔχεις,
2869 4911 2997 4980 ἔφη,
3034 4911 3255 4978 μείζους
3317 4909 3425 4964 τῶν
3463 4911 3652 4963 πόνων

2063 5001 2160 5064 τὰς
2205 5000 2523 5064 ἀντιδόσειςο
2580 5001 2881 5072 στρατηγός
2914 5018 2970 5053 τε
3000 5000 3108 5072 γὰρ
3142 4994 3210 5065 εί,
3237 5001 3332 5054 καὶ
3372 5001 3469 5070 τῆς
3504 5002 3650 5053 ὑπα-

2061 5099 2224 5168 τικῆς
2272 5097 2511 5170 reid.qu
2569 5098 2784 5168 στολῆς,
2839 5099 2932 5152 καὶ
2957 5093 3074 5170 ’χρή
3131 5115 3189 5153 σε
3246 5099 3544 5167 σκοπῆσαι,
3595 5100 3652 5154 τί

2067 5189 2165 5260 μὲν
2198 5185 2340 5258 ἦσθα
2369 5188 2559 5255 πάλαι,
2580 5189 2634 5242 τί
2663 5189 2718 5242 δὲ
2747 5189 3040 5258 γεγένησαι
3068 5189 3182 5242 νῦν’
3221 5189 3314 5242 καὶ
3342 5189 3426 5253 τίς
3482 5190 3584 5260 μὲν
3617 5193 3652 5262 η

1649 5359 1885 5417 νΑιιιᾹε
1929 5363 2338 5425 LECTIONES.

449 5517 494 5548 ’θ
522 5516 571 5568 oi
615 5514 764 5569 addit
832 5512 946 5570 Pini
984 5516 1142 5572 liber.
1241 5517 1285 5550 “
1319 5516 1536 5575 Γαινοῦ.
1594 5517 1758 5576 Basil.
1812 5520 1910 5577 Gr.

376 5587 422 5657 ξε
463 5587 858 5657 ἐπεφρίκησαν.
901 5585 1087 5657 Iidem.
1155 5587 1200 5619 “
1223 5586 1502 5642 δοῦναιοὶ.
1535 5586 1654 5644 Piui
1688 5592 1842 5646 liber.

376 5655 542 5711 Basil.
561 5655 657 5712 Gr.
724 5655 777 5687 ’⁸
799 5656 1077 5712 Articulus
1117 5657 1185 5711 ab
1213 5659 1402 5716 eodem
1433 5659 1608 5715 abest.

2011 5522 2053 5608 ’ξ
2101 5525 2140 5578 Γ
2143 5525 2320 5648 αῖνῆὶς.

1946 5593 1991 5627 ³³
2021 5596 2259 5648 απήγγει
2295 5612 2320 5648 ε

2021 5596 2259 5665 nam

1708 5662 1754 5694 ³ο
1796 5662 2016 5735 Γαϊνῆς.
2043 5662 2212 5723 Basil.
2263 5664 2357 5721 Gr.

2362 5523 2679 5599 Basil.Gr._
2759 5525 3048 5599 ﬂammeo.
3088 5525 3238 5599 Idem
3287 5541 3410 5599 cum
3453 5525 3658 5599 Steph.

2295 5612 2343 5650 ε.
2383 5594 2552 5652 Idem.
2635 5595 2681 5630 ⁸⁸
2711 5595 2874 5653 αὑτὸν
2907 5594 3057 5654 addit
3082 5598 3248 5654 idem.
3329 5597 3373 5629 "
3397 5594 3660 5658 ἐνδοῦναι
