  <div class='ocr_page' id='page_1' title='image "/cluster/home/n/w/nwhite01/storage/ocr_20150623/82/hvd.32044020703054/710.png"; bbox 0 0 3974 6212; ppageno 0'>
   <div class='ocr_carea' id='block_1_1' title="bbox 323 287 1906 378">
    <p class='ocr_par' dir='ltr' id='par_1_1' title="bbox 323 289 1906 378">
     <span class='ocr_line' id='line_1_1' title="bbox 323 289 1906 378; baseline -0.009 -1"><span class='ocrx_word' id='word_1_1' title='bbox 323 304 456 378; x_wconf 65' lang='lat'><strong>1%!</strong></span> <span class='ocrx_word' id='word_1_2' title='bbox 1243 289 1835 368; x_wconf 68' lang='lat' dir='ltr'><strong>Rectssmsrrw</strong></span> <span class='ocrx_word' id='word_1_3' title='bbox 1865 304 1906 365; x_wconf 65' lang='grc' dir='ltr'><strong>ιι</strong></span> 
     </span>
    </p>
   </div>
   <div class='ocr_carea' id='block_1_2' title="bbox 2020 287 3583 378">
    <p class='ocr_par' dir='ltr' id='par_1_2' title="bbox 2020 287 3583 365">
     <span class='ocr_line' id='line_1_2' title="bbox 2020 287 3583 365; baseline -0.003 -1"><span class='ocrx_word' id='word_1_4' title='bbox 2020 287 2248 365; x_wconf 61' lang='lat' dir='ltr'><strong>roma:</strong></span> <span class='ocrx_word' id='word_1_5' title='bbox 2277 287 2419 364; x_wconf 78' lang='lat' dir='ltr'><strong>LIB.</strong></span> <span class='ocrx_word' id='word_1_6' title='bbox 2453 288 2521 364; x_wconf 69' lang='grc' dir='ltr'><strong>ν.</strong></span> <span class='ocrx_word' id='word_1_7' title='bbox 3447 298 3583 360; x_wconf 70' lang='grc' dir='ltr'>ιειιει</span> 
     </span>
    </p>
   </div>
   <div class='ocr_carea' id='block_1_3' title="bbox 317 406 1906 499">
    <p class='ocr_par' dir='ltr' id='par_1_3' title="bbox 317 406 1904 499">
     <span class='ocr_line' id='line_1_3' title="bbox 317 406 1904 499; baseline -0.006 -20"><span class='ocrx_word' id='word_1_8' title='bbox 317 423 562 499; x_wconf 77' lang='grc' dir='ltr'>προτέρα</span> <span class='ocrx_word' id='word_1_9' title='bbox 618 421 796 488; x_wconf 75' lang='grc' dir='ltr'>πενία,</span> <span class='ocrx_word' id='word_1_10' title='bbox 842 421 925 486; x_wconf 80' lang='grc' dir='ltr'>τῖς</span> <span class='ocrx_word' id='word_1_11' title='bbox 977 406 1022 474; x_wconf 88' lang='grc' dir='ltr'>δ’</span> <span class='ocrx_word' id='word_1_12' title='bbox 1065 422 1100 493; x_wconf 76' lang='grc' dir='ltr'><strong>ἡ</strong></span> <span class='ocrx_word' id='word_1_13' title='bbox 1153 419 1410 493; x_wconf 81' lang='grc' dir='ltr'>παροῦσα</span> <span class='ocrx_word' id='word_1_14' title='bbox 1466 418 1773 490; x_wconf 84' lang='grc' dir='ltr'>περιουσία’</span> <span class='ocrx_word' id='word_1_15' title='bbox 1809 417 1904 471; x_wconf 70' lang='grc' dir='ltr'>καὶ</span> 
     </span>
    </p>
   </div>
   <div class='ocr_carea' id='block_1_4' title="bbox 2020 406 3584 499">
    <p class='ocr_par' dir='ltr' id='par_1_4' title="bbox 2020 415 3584 489">
     <span class='ocr_line' id='line_1_4' title="bbox 2020 415 3584 489; baseline -0.001 -17"><span class='ocrx_word' id='word_1_16' title='bbox 2020 417 2274 474; x_wconf 53' lang='grc' dir='ltr'>ηηιιυσνὶε.</span> <span class='ocrx_word' id='word_1_17' title='bbox 2304 417 2584 489; x_wconf 82' lang='lat' dir='ltr'><strong>Perpende</strong></span> <span class='ocrx_word' id='word_1_18' title='bbox 2617 417 2783 489; x_wconf 86' lang='lat' dir='ltr'><strong>igitur</strong></span> <span class='ocrx_word' id='word_1_19' title='bbox 2815 417 3042 489; x_wconf 76' lang='lat' dir='ltr'><strong>exiguos</strong></span> <span class='ocrx_word' id='word_1_20' title='bbox 3091 415 3217 471; x_wconf 86' lang='lat' dir='ltr'><strong>hinc</strong></span> <span class='ocrx_word' id='word_1_21' title='bbox 3262 415 3499 482; x_wconf 74' lang='lat' dir='ltr'><strong>labores,</strong></span> <span class='ocrx_word' id='word_1_22' title='bbox 3531 427 3584 470; x_wconf 89' lang='lat' dir='ltr'><strong>et</strong></span> 
     </span>
    </p>
   </div>
   <div class='ocr_carea' id='block_1_5' title="bbox 319 505 1906 585">
    <p class='ocr_par' dir='ltr' id='par_1_5' title="bbox 319 505 1904 585">
     <span class='ocr_line' id='line_1_5' title="bbox 319 505 1904 585; baseline -0.006 -15"><span class='ocrx_word' id='word_1_23' title='bbox 319 516 526 580; x_wconf 81' lang='grc' dir='ltr'><strong>ὁποίοις</strong></span> <span class='ocrx_word' id='word_1_24' title='bbox 557 515 655 585; x_wconf 73' lang='grc' dir='ltr'>μὲν</span> <span class='ocrx_word' id='word_1_25' title='bbox 702 514 1004 584; x_wconf 84' lang='grc' dir='ltr'>ἐσθήμασιν</span> <span class='ocrx_word' id='word_1_26' title='bbox 1039 511 1310 584; x_wconf 86' lang='grc' dir='ltr'>ἐκέχρησο</span> <span class='ocrx_word' id='word_1_27' title='bbox 1351 513 1481 583; x_wconf 68' lang='grc' dir='ltr'>πρὶν</span> <span class='ocrx_word' id='word_1_28' title='bbox 1507 509 1760 580; x_wconf 79' lang='grc' dir='ltr'>διαϐῆναι</span> <span class='ocrx_word' id='word_1_29' title='bbox 1811 505 1904 562; x_wconf 84' lang='grc' dir='ltr'><strong>τδν</strong></span> 
     </span>
    </p>
   </div>
   <div class='ocr_carea' id='block_1_6' title="bbox 2020 505 3586 585">
    <p class='ocr_par' dir='ltr' id='par_1_6' title="bbox 2020 509 3586 580">
     <span class='ocr_line' id='line_1_6' title="bbox 2020 509 3586 580; baseline 0.001 -18"><span class='ocrx_word' id='word_1_30' title='bbox 2020 510 2243 580; x_wconf 81' lang='lat' dir='ltr'><strong>naxima</strong></span> <span class='ocrx_word' id='word_1_31' title='bbox 2277 510 2406 564; x_wconf 85' lang='lat' dir='ltr'><strong>hinc</strong></span> <span class='ocrx_word' id='word_1_32' title='bbox 2440 511 2682 579; x_wconf 69' lang='lat' dir='ltr'><strong>praemia,</strong></span> <span class='ocrx_word' id='word_1_33' title='bbox 2717 518 2771 565; x_wconf 91' lang='lat' dir='ltr'><strong>et</strong></span> <span class='ocrx_word' id='word_1_34' title='bbox 2811 510 2920 566; x_wconf 89' lang='lat' dir='ltr'><strong>noli</strong></span> <span class='ocrx_word' id='word_1_35' title='bbox 2972 511 3219 580; x_wconf 86' lang='lat' dir='ltr'><strong>ingratus</strong></span> <span class='ocrx_word' id='word_1_36' title='bbox 3254 509 3308 562; x_wconf 91' lang='lat' dir='ltr'><strong>in</strong></span> <span class='ocrx_word' id='word_1_37' title='bbox 3331 524 3425 563; x_wconf 86' lang='lat' dir='ltr'><strong>eos</strong></span> <span class='ocrx_word' id='word_1_38' title='bbox 3464 525 3586 564; x_wconf 87' lang='lat' dir='ltr'><strong>esse</strong></span> 
     </span>
    </p>
   </div>
   <div class='ocr_carea' id='block_1_7' title="bbox 323 596 1906 676">
    <p class='ocr_par' dir='ltr' id='par_1_7' title="bbox 323 596 1904 676">
     <span class='ocr_line' id='line_1_7' title="bbox 323 596 1904 676; baseline -0.003 -17"><span class='ocrx_word' id='word_1_39' title='bbox 323 605 558 676; x_wconf 84' lang='grc' dir='ltr'>Ἴστρον,</span> <span class='ocrx_word' id='word_1_40' title='bbox 611 607 740 660; x_wconf 87' lang='grc' dir='ltr'>ποῖα</span> <span class='ocrx_word' id='word_1_41' title='bbox 807 596 852 637; x_wconf 60' lang='grc' dir='ltr'><strong>δί’</strong></span> <span class='ocrx_word' id='word_1_42' title='bbox 893 605 949 658; x_wconf 82' lang='grc' dir='ltr'>δὲ</span> <span class='ocrx_word' id='word_1_43' title='bbox 984 605 1080 658; x_wconf 81' lang='grc' dir='ltr'><strong>νῦν</strong></span> <span class='ocrx_word' id='word_1_44' title='bbox 1145 605 1564 674; x_wconf 87' lang='grc' dir='ltr'>περιϐέϐλησαι.</span> <span class='ocrx_word' id='word_1_45' title='bbox 1619 601 1904 673; x_wconf 88' lang='grc' dir='ltr'>Σκόπησον</span> 
     </span>
    </p>
   </div>
   <div class='ocr_carea' id='block_1_8' title="bbox 2020 596 3588 676">
    <p class='ocr_par' dir='ltr' id='par_1_8' title="bbox 2020 599 3588 668">
     <span class='ocr_line' id='line_1_8' title="bbox 2020 599 3588 668; baseline 0.001 -15"><span class='ocrx_word' id='word_1_46' title='bbox 2020 601 2100 668; x_wconf 69' lang='grc' dir='ltr'>ιυὶ</span> <span class='ocrx_word' id='word_1_47' title='bbox 2150 607 2204 655; x_wconf 92' lang='lat' dir='ltr'><strong>te</strong></span> <span class='ocrx_word' id='word_1_48' title='bbox 2252 599 2638 656; x_wconf 82' lang='lat' dir='ltr'><strong>honestat-unt.</strong></span> <span class='ocrx_word' id='word_1_49' title='bbox 2685 619 2703 653; x_wconf 70' lang='grc' dir='ltr'><strong>ι</strong></span> <span class='ocrx_word' id='word_1_50' title='bbox 2757 600 2871 656; x_wconf 81' lang='lat' dir='ltr'><strong>[Iac</strong></span> <span class='ocrx_word' id='word_1_51' title='bbox 2911 601 3160 656; x_wconf 90' lang='lat' dir='ltr'><strong>oratione</strong></span> <span class='ocrx_word' id='word_1_52' title='bbox 3205 600 3356 654; x_wconf 82' lang='lat' dir='ltr'><strong>orbis</strong></span> <span class='ocrx_word' id='word_1_53' title='bbox 3393 601 3588 655; x_wconf 89' lang='lat' dir='ltr'><strong>doctor</strong></span> 
     </span>
    </p>
   </div>
   <div class='ocr_carea' id='block_1_9' title="bbox 321 693 1903 768">
    <p class='ocr_par' dir='ltr' id='par_1_9' title="bbox 321 693 1903 768">
     <span class='ocr_line' id='line_1_9' title="bbox 321 693 1903 768; baseline -0.004 -16"><span class='ocrx_word' id='word_1_54' title='bbox 321 699 520 765; x_wconf 84' lang='grc' dir='ltr'>τοίνυν,</span> <span class='ocrx_word' id='word_1_55' title='bbox 550 699 626 763; x_wconf 84' lang='grc' dir='ltr'>ὡς</span> <span class='ocrx_word' id='word_1_56' title='bbox 671 697 843 768; x_wconf 89' lang='grc' dir='ltr'>όλίγοι</span> <span class='ocrx_word' id='word_1_57' title='bbox 895 699 942 752; x_wconf 83' lang='grc' dir='ltr'>οἱ</span> <span class='ocrx_word' id='word_1_58' title='bbox 993 698 1147 753; x_wconf 82' lang='grc' dir='ltr'>πόνοι</span> <span class='ocrx_word' id='word_1_59' title='bbox 1177 698 1249 760; x_wconf 71' lang='grc' dir='ltr'>δι,</span> <span class='ocrx_word' id='word_1_60' title='bbox 1305 697 1538 767; x_wconf 87' lang='grc' dir='ltr'>μέγιστα</span> <span class='ocrx_word' id='word_1_61' title='bbox 1579 695 1636 748; x_wconf 82' lang='grc' dir='ltr'>δὲ</span> <span class='ocrx_word' id='word_1_62' title='bbox 1657 693 1724 748; x_wconf 76' lang='grc' dir='ltr'>τὰ</span> <span class='ocrx_word' id='word_1_63' title='bbox 1745 693 1903 762; x_wconf 83' lang='grc' dir='ltr'>γέρα,</span> 
     </span>
    </p>
   </div>
   <div class='ocr_carea' id='block_1_10' title="bbox 321 784 1902 864">
    <p class='ocr_par' dir='ltr' id='par_1_10' title="bbox 321 784 1902 864">
     <span class='ocr_line' id='line_1_10' title="bbox 321 784 1902 864; baseline -0.008 -17"><span class='ocrx_word' id='word_1_64' title='bbox 321 793 416 847; x_wconf 73' lang='grc' dir='ltr'>καὶ</span> <span class='ocrx_word' id='word_1_65' title='bbox 477 791 553 864; x_wconf 87' lang='grc' dir='ltr'><strong>μὴ</strong></span> <span class='ocrx_word' id='word_1_66' title='bbox 603 792 754 862; x_wconf 81' lang='grc' dir='ltr'>γίνου</span> <span class='ocrx_word' id='word_1_67' title='bbox 802 792 933 856; x_wconf 65' lang='grc' dir='ltr'>περὶ</span> <span class='ocrx_word' id='word_1_68' title='bbox 981 789 1109 853; x_wconf 83' lang='grc' dir='ltr'>τοὺς</span> <span class='ocrx_word' id='word_1_69' title='bbox 1163 785 1530 856; x_wconf 74' lang='grc' dir='ltr'><strong>τετιμηκότας</strong></span> <span class='ocrx_word' id='word_1_70' title='bbox 1589 784 1902 856; x_wconf 77' lang='grc' dir='ltr'>ἀχάριστος.</span> 
     </span>
    </p>
   </div>
   <div class='ocr_carea' id='block_1_11' title="bbox 321 877 1908 956">
    <p class='ocr_par' dir='ltr' id='par_1_11' title="bbox 321 877 1908 956">
     <span class='ocr_line' id='line_1_11' title="bbox 321 877 1908 956; baseline -0.008 -17"><span class='ocrx_word' id='word_1_71' title='bbox 321 884 562 938; x_wconf 85' lang='grc' dir='ltr'>Τοιοῖσδε</span> <span class='ocrx_word' id='word_1_72' title='bbox 595 883 881 956; x_wconf 82' lang='grc' dir='ltr'>χρώμενος</span> <span class='ocrx_word' id='word_1_73' title='bbox 915 879 1097 951; x_wconf 79' lang='grc' dir='ltr'>λόγοις</span> <span class='ocrx_word' id='word_1_74' title='bbox 1123 883 1151 935; x_wconf 86' lang='grc' dir='ltr'><strong>ό</strong></span> <span class='ocrx_word' id='word_1_75' title='bbox 1177 880 1276 950; x_wconf 82' lang='grc' dir='ltr'>τῆς</span> <span class='ocrx_word' id='word_1_76' title='bbox 1300 878 1629 949; x_wconf 75' lang='grc' dir='ltr'><strong>οἰκουμένης</strong></span> <span class='ocrx_word' id='word_1_77' title='bbox 1658 877 1908 929; x_wconf 80' lang='grc' dir='ltr'>διδάσκα-</span> 
     </span>
    </p>
   </div>
   <div class='ocr_carea' id='block_1_12' title="bbox 320 966 1911 1048">
    <p class='ocr_par' dir='ltr' id='par_1_12' title="bbox 320 966 1911 1048">
     <span class='ocr_line' id='line_1_12' title="bbox 320 966 1911 1048; baseline -0.009 -16"><span class='ocrx_word' id='word_1_78' title='bbox 320 974 410 1040; x_wconf 78' lang='grc' dir='ltr'><strong>λος</strong></span> <span class='ocrx_word' id='word_1_79' title='bbox 438 977 767 1048; x_wconf 77' lang='grc' dir='ltr'><strong>ἐπεστόμισε</strong></span> <span class='ocrx_word' id='word_1_80' title='bbox 787 977 880 1028; x_wconf 75' lang='grc' dir='ltr'><strong>τὸν</strong></span> <span class='ocrx_word' id='word_1_81' title='bbox 904 971 1130 1036; x_wconf 83' lang='grc' dir='ltr'>Γαῖνᾶν,</span> <span class='ocrx_word' id='word_1_82' title='bbox 1157 971 1253 1026; x_wconf 77' lang='grc' dir='ltr'>καὶ</span> <span class='ocrx_word' id='word_1_83' title='bbox 1288 971 1445 1040; x_wconf 81' lang='grc' dir='ltr'>σιγὴν</span> <span class='ocrx_word' id='word_1_84' title='bbox 1479 971 1623 1039; x_wconf 75' lang='grc' dir='ltr'>ἐχειν</span> <span class='ocrx_word' id='word_1_85' title='bbox 1673 968 1716 1000; x_wconf 73' lang='grc'><strong>⁸⁸</strong></span> <span class='ocrx_word' id='word_1_86' title='bbox 1739 966 1911 1036; x_wconf 68' lang='grc' dir='ltr'>ὴνάγ-</span> 
     </span>
    </p>
   </div>
   <div class='ocr_carea' id='block_1_13' title="bbox 322 1057 1910 1141">
    <p class='ocr_par' dir='ltr' id='par_1_13' title="bbox 322 1057 1910 1141">
     <span class='ocr_line' id='line_1_13' title="bbox 322 1057 1910 1141; baseline -0.009 -18"><span class='ocrx_word' id='word_1_87' title='bbox 322 1085 480 1126; x_wconf 85' lang='grc' dir='ltr'>κασε.</span> <span class='ocrx_word' id='word_1_88' title='bbox 510 1069 720 1141; x_wconf 86' lang='grc' dir='ltr'>Χρόνου</span> <span class='ocrx_word' id='word_1_89' title='bbox 746 1065 804 1122; x_wconf 79' lang='grc' dir='ltr'>δὲ</span> <span class='ocrx_word' id='word_1_90' title='bbox 833 1063 1158 1131; x_wconf 81' lang='grc' dir='ltr'><strong>διελθόντος,</strong></span> <span class='ocrx_word' id='word_1_91' title='bbox 1191 1063 1288 1134; x_wconf 74' lang='grc' dir='ltr'>τὴν</span> <span class='ocrx_word' id='word_1_92' title='bbox 1317 1062 1486 1116; x_wconf 78' lang='grc' dir='ltr'>πάλαι</span> <span class='ocrx_word' id='word_1_93' title='bbox 1521 1057 1910 1132; x_wconf 79' lang='grc' dir='ltr'>μελετηθεῒσαν</span> 
     </span>
    </p>
   </div>
   <div class='ocr_carea' id='block_1_14' title="bbox 317 1148 1912 1232">
    <p class='ocr_par' dir='ltr' id='par_1_14' title="bbox 317 1148 1912 1232">
     <span class='ocr_line' id='line_1_14' title="bbox 317 1148 1912 1232; baseline -0.009 -18"><span class='ocrx_word' id='word_1_94' title='bbox 317 1163 524 1225; x_wconf 81' lang='grc' dir='ltr'>ἐκεῖνος</span> <span class='ocrx_word' id='word_1_95' title='bbox 567 1161 852 1232; x_wconf 83' lang='grc' dir='ltr'>ἐγύμνωσε</span> <span class='ocrx_word' id='word_1_96' title='bbox 902 1155 1216 1230; x_wconf 65' lang='grc' dir='ltr'>τοραννίδα,</span> <span class='ocrx_word' id='word_1_97' title='bbox 1269 1155 1362 1208; x_wconf 71' lang='grc' dir='ltr'>καὶ</span> <span class='ocrx_word' id='word_1_98' title='bbox 1405 1154 1505 1224; x_wconf 79' lang='grc' dir='ltr'>τὴν</span> <span class='ocrx_word' id='word_1_99' title='bbox 1546 1148 1808 1223; x_wconf 80' lang='grc' dir='ltr'>στρατιάν</span> <span class='ocrx_word' id='word_1_100' title='bbox 1855 1149 1912 1200; x_wconf 85' lang='grc' dir='ltr'><strong>ἐν</strong></span> 
     </span>
    </p>
   </div>
   <div class='ocr_carea' id='block_1_15' title="bbox 319 1241 1913 1326">
    <p class='ocr_par' dir='ltr' id='par_1_15' title="bbox 319 1241 1913 1326">
     <span class='ocr_line' id='line_1_15' title="bbox 319 1241 1913 1326; baseline -0.009 -20"><span class='ocrx_word' id='word_1_101' title='bbox 319 1255 386 1324; x_wconf 83' lang='grc' dir='ltr'>τῇ</span> <span class='ocrx_word' id='word_1_102' title='bbox 421 1253 612 1326; x_wconf 84' lang='grc' dir='ltr'>Θρᾴκῃ</span> <span class='ocrx_word' id='word_1_103' title='bbox 681 1250 1030 1320; x_wconf 81' lang='grc' dir='ltr'>συναγαγὼν,</span> <span class='ocrx_word' id='word_1_104' title='bbox 1085 1248 1330 1319; x_wconf 75' lang='grc' dir='ltr'>ἐληῖζετό</span> <span class='ocrx_word' id='word_1_105' title='bbox 1379 1261 1441 1299; x_wconf 88' lang='grc' dir='ltr'><strong>τε</strong></span> <span class='ocrx_word' id='word_1_106' title='bbox 1493 1250 1590 1298; x_wconf 70' lang='grc' dir='ltr'>καὶ</span> <span class='ocrx_word' id='word_1_107' title='bbox 1649 1241 1805 1312; x_wconf 67' lang='grc' dir='ltr'>ἐδῄου</span> <span class='ocrx_word' id='word_1_108' title='bbox 1845 1241 1913 1293; x_wconf 77' lang='grc' dir='ltr'><strong>τὰ</strong></span> 
     </span>
    </p>
   </div>
   <div class='ocr_carea' id='block_1_16' title="bbox 319 1333 1916 1413">
    <p class='ocr_par' dir='ltr' id='par_1_16' title="bbox 319 1333 1916 1413">
     <span class='ocr_line' id='line_1_16' title="bbox 319 1333 1916 1413; baseline -0.006 -18"><span class='ocrx_word' id='word_1_109' title='bbox 319 1344 568 1398; x_wconf 88' lang='grc' dir='ltr'>πλεῖστα.</span> <span class='ocrx_word' id='word_1_110' title='bbox 594 1345 780 1398; x_wconf 77' lang='grc' dir='ltr'>Ταῦτα</span> <span class='ocrx_word' id='word_1_111' title='bbox 834 1342 1222 1413; x_wconf 79' lang='grc' dir='ltr'><strong>μεμαθηκότες</strong></span> <span class='ocrx_word' id='word_1_112' title='bbox 1273 1336 1625 1407; x_wconf 76' lang='grc' dir='ltr'>κατέπτηξαν</span> <span class='ocrx_word' id='word_1_113' title='bbox 1661 1339 1709 1376; x_wconf 70' lang='grc'><strong>⁸³</strong></span> <span class='ocrx_word' id='word_1_114' title='bbox 1742 1333 1916 1388; x_wconf 80' lang='grc' dir='ltr'>ᾶπαν-</span> 
     </span>
    </p>
   </div>
   <div class='ocr_carea' id='block_1_17' title="bbox 2003 685 3585 760">
    <p class='ocr_par' dir='ltr' id='par_1_17' title="bbox 2003 685 3585 760">
     <span class='ocr_line' id='line_1_17' title="bbox 2003 685 3585 760; baseline 0 -16"><span class='ocrx_word' id='word_1_115' title='bbox 2003 687 2195 744; x_wconf 85' lang='lat' dir='ltr'><strong>Gainae</strong></span> <span class='ocrx_word' id='word_1_116' title='bbox 2244 703 2306 744; x_wconf 88' lang='lat' dir='ltr'><strong>os</strong></span> <span class='ocrx_word' id='word_1_117' title='bbox 2355 685 2652 754; x_wconf 84' lang='lat' dir='ltr'><strong>obturavit,</strong></span> <span class='ocrx_word' id='word_1_118' title='bbox 2686 699 2739 745; x_wconf 90' lang='lat' dir='ltr'><strong>et</strong></span> <span class='ocrx_word' id='word_1_119' title='bbox 2780 691 3161 747; x_wconf 84' lang='lat' dir='ltr'><strong>obmutescere</strong></span> <span class='ocrx_word' id='word_1_120' title='bbox 3199 689 3396 760; x_wconf 81' lang='lat' dir='ltr'><strong>coegit.</strong></span> <span class='ocrx_word' id='word_1_121' title='bbox 3419 687 3585 746; x_wconf 86' lang='lat' dir='ltr'><strong>Tem-</strong></span> 
     </span>
    </p>
   </div>
   <div class='ocr_carea' id='block_1_18' title="bbox 2007 779 3587 852">
    <p class='ocr_par' dir='ltr' id='par_1_18' title="bbox 2007 779 3587 852">
     <span class='ocr_line' id='line_1_18' title="bbox 2007 779 3587 852; baseline 0.001 -17"><span class='ocrx_word' id='word_1_122' title='bbox 2007 779 2161 850; x_wconf 85' lang='lat' dir='ltr'><strong>poris</strong></span> <span class='ocrx_word' id='word_1_123' title='bbox 2191 786 2372 834; x_wconf 89' lang='lat' dir='ltr'><strong>autem</strong></span> <span class='ocrx_word' id='word_1_124' title='bbox 2405 779 2714 847; x_wconf 82' lang='lat' dir='ltr'><strong>intervallo,</strong></span> <span class='ocrx_word' id='word_1_125' title='bbox 2759 781 2966 836; x_wconf 88' lang='lat' dir='ltr'><strong>dudum</strong></span> <span class='ocrx_word' id='word_1_126' title='bbox 2999 781 3314 837; x_wconf 76' lang='lat' dir='ltr'><strong>meditatam</strong></span> <span class='ocrx_word' id='word_1_127' title='bbox 3341 781 3587 852; x_wconf 84' lang='lat' dir='ltr'><strong>tyranni-</strong></span> 
     </span>
    </p>
   </div>
   <div class='ocr_carea' id='block_1_19' title="bbox 2009 866 3585 943">
    <p class='ocr_par' dir='ltr' id='par_1_19' title="bbox 2009 866 3585 943">
     <span class='ocr_line' id='line_1_19' title="bbox 2009 866 3585 943; baseline 0.001 -18"><span class='ocrx_word' id='word_1_128' title='bbox 2009 869 2132 926; x_wconf 88' lang='lat' dir='ltr'><strong>dem</strong></span> <span class='ocrx_word' id='word_1_129' title='bbox 2182 869 2466 941; x_wconf 76' lang='lat' dir='ltr'><strong>patefecit,</strong></span> <span class='ocrx_word' id='word_1_130' title='bbox 2515 871 2861 943; x_wconf 88' lang='lat' dir='ltr'><strong>collect0que</strong></span> <span class='ocrx_word' id='word_1_131' title='bbox 2916 872 2972 927; x_wconf 93' lang='lat' dir='ltr'><strong>in</strong></span> <span class='ocrx_word' id='word_1_132' title='bbox 3027 866 3261 927; x_wconf 84' lang='lat' dir='ltr'><strong>Thracia</strong></span> <span class='ocrx_word' id='word_1_133' title='bbox 3319 872 3585 936; x_wconf 77' lang='lat' dir='ltr'><strong>exercitu,</strong></span> 
     </span>
    </p>
   </div>
   <div class='ocr_carea' id='block_1_20' title="bbox 2010 961 3591 1034">
    <p class='ocr_par' dir='ltr' id='par_1_20' title="bbox 2010 961 3591 1034">
     <span class='ocr_line' id='line_1_20' title="bbox 2010 961 3591 1034; baseline 0.001 -18"><span class='ocrx_word' id='word_1_134' title='bbox 2010 961 2241 1034; x_wconf 71' lang='lat' dir='ltr'><strong>praedari</strong></span> <span class='ocrx_word' id='word_1_135' title='bbox 2278 972 2333 1020; x_wconf 91' lang='lat' dir='ltr'><strong>et</strong></span> <span class='ocrx_word' id='word_1_136' title='bbox 2366 971 2587 1020; x_wconf 85' lang='lat' dir='ltr'><strong>vastare</strong></span> <span class='ocrx_word' id='word_1_137' title='bbox 2632 965 2783 1018; x_wconf 80' lang='lat' dir='ltr'><strong>varia</strong></span> <span class='ocrx_word' id='word_1_138' title='bbox 2825 965 2945 1020; x_wconf 89' lang='lat' dir='ltr'><strong>loca</strong></span> <span class='ocrx_word' id='word_1_139' title='bbox 2990 965 3176 1032; x_wconf 75' lang='lat' dir='ltr'><strong>erepit.</strong></span> <span class='ocrx_word' id='word_1_140' title='bbox 3226 963 3345 1030; x_wconf 80' lang='lat' dir='ltr'><strong>Quo</strong></span> <span class='ocrx_word' id='word_1_141' title='bbox 3395 964 3591 1018; x_wconf 91' lang='lat' dir='ltr'><strong>nuntio</strong></span> 
     </span>
    </p>
   </div>
   <div class='ocr_carea' id='block_1_21' title="bbox 2010 1053 3629 1136">
    <p class='ocr_par' dir='ltr' id='par_1_21' title="bbox 2010 1053 3629 1136">
     <span class='ocr_line' id='line_1_21' title="bbox 2010 1053 3629 1136; baseline 0.001 -27"><span class='ocrx_word' id='word_1_142' title='bbox 2010 1053 2093 1109; x_wconf 87' lang='lat' dir='ltr'><strong>sic</strong></span> <span class='ocrx_word' id='word_1_143' title='bbox 2124 1057 2374 1110; x_wconf 82' lang='lat' dir='ltr'><strong>exterriti</strong></span> <span class='ocrx_word' id='word_1_144' title='bbox 2404 1065 2534 1111; x_wconf 92' lang='lat' dir='ltr'><strong>sunt</strong></span> <span class='ocrx_word' id='word_1_145' title='bbox 2557 1071 2772 1121; x_wconf 86' lang='lat' dir='ltr'><strong>omnes,</strong></span> <span class='ocrx_word' id='word_1_146' title='bbox 2803 1066 2858 1112; x_wconf 86' lang='lat' dir='ltr'><strong>et</strong></span> <span class='ocrx_word' id='word_1_147' title='bbox 2887 1057 3164 1128; x_wconf 83' lang='lat' dir='ltr'><strong>principes</strong></span> <span class='ocrx_word' id='word_1_148' title='bbox 3194 1063 3248 1110; x_wconf 87' lang='lat' dir='ltr'><strong>et</strong></span> <span class='ocrx_word' id='word_1_149' title='bbox 3276 1057 3506 1122; x_wconf 87' lang='lat' dir='ltr'><strong>subditi,</strong></span> <span class='ocrx_word' id='word_1_150' title='bbox 3528 1069 3592 1136; x_wconf 84' lang='lat' dir='ltr'><strong>ut</strong></span> <span class='ocrx_word' id='word_1_151' title='bbox 3619 1081 3629 1090; x_wconf 73' lang='grc' dir='ltr'><strong><em>ο</em></strong></span> 
     </span>
    </p>
   </div>
   <div class='ocr_carea' id='block_1_22' title="bbox 2011 1147 3589 1221">
    <p class='ocr_par' dir='ltr' id='par_1_22' title="bbox 2011 1147 3589 1221">
     <span class='ocr_line' id='line_1_22' title="bbox 2011 1147 3589 1221; baseline 0.002 -20"><span class='ocrx_word' id='word_1_152' title='bbox 2011 1162 2174 1202; x_wconf 82' lang='lat' dir='ltr'><strong>nemo</strong></span> <span class='ocrx_word' id='word_1_153' title='bbox 2209 1150 2332 1202; x_wconf 81' lang='lat' dir='ltr'><strong>cum</strong></span> <span class='ocrx_word' id='word_1_154' title='bbox 2370 1147 2464 1204; x_wconf 88' lang='lat' dir='ltr'><strong>illo</strong></span> <span class='ocrx_word' id='word_1_155' title='bbox 2495 1147 2788 1221; x_wconf 80' lang='lat' dir='ltr'><strong>conﬂigere</strong></span> <span class='ocrx_word' id='word_1_156' title='bbox 2826 1149 3010 1214; x_wconf 85' lang='lat' dir='ltr'><strong>vellet,</strong></span> <span class='ocrx_word' id='word_1_157' title='bbox 3056 1155 3218 1204; x_wconf 88' lang='lat' dir='ltr'><strong>nemo</strong></span> <span class='ocrx_word' id='word_1_158' title='bbox 3261 1148 3589 1220; x_wconf 81' lang='lat' dir='ltr'><strong>legationem</strong></span> 
     </span>
    </p>
   </div>
   <div class='ocr_carea' id='block_1_23' title="bbox 2012 1239 3594 1313">
    <p class='ocr_par' dir='ltr' id='par_1_23' title="bbox 2012 1239 3594 1313">
     <span class='ocr_line' id='line_1_23' title="bbox 2012 1239 3594 1313; baseline 0.003 -21"><span class='ocrx_word' id='word_1_159' title='bbox 2012 1239 2079 1295; x_wconf 90' lang='lat' dir='ltr'><strong>ad</strong></span> <span class='ocrx_word' id='word_1_160' title='bbox 2106 1241 2263 1294; x_wconf 88' lang='lat' dir='ltr'><strong>illum</strong></span> <span class='ocrx_word' id='word_1_161' title='bbox 2295 1242 2450 1296; x_wconf 81' lang='lat' dir='ltr'><strong>&#39;obire</strong></span> <span class='ocrx_word' id='word_1_162' title='bbox 2480 1253 2652 1297; x_wconf 91' lang='lat' dir='ltr'><strong>tntum</strong></span> <span class='ocrx_word' id='word_1_163' title='bbox 2692 1245 2944 1313; x_wconf 75' lang='lat' dir='ltr'><strong>putaret,</strong></span> <span class='ocrx_word' id='word_1_164' title='bbox 2972 1257 3098 1296; x_wconf 91' lang='lat' dir='ltr'><strong>cum</strong></span> <span class='ocrx_word' id='word_1_165' title='bbox 3128 1241 3424 1297; x_wconf 89' lang='lat' dir='ltr'><strong>barbarum</strong></span> <span class='ocrx_word' id='word_1_166' title='bbox 3473 1240 3594 1312; x_wconf 85' lang='lat' dir='ltr'><strong>ejus</strong></span> 
     </span>
    </p>
   </div>
   <div class='ocr_carea' id='block_1_24' title="bbox 2016 1332 3196 1403">
    <p class='ocr_par' dir='ltr' id='par_1_24' title="bbox 2016 1332 3196 1403">
     <span class='ocr_line' id='line_1_24' title="bbox 2016 1332 3196 1403; baseline 0.003 -19"><span class='ocrx_word' id='word_1_167' title='bbox 2016 1332 2296 1403; x_wconf 83' lang='lat' dir='ltr'><strong>in‘genium</strong></span> <span class='ocrx_word' id='word_1_168' title='bbox 2332 1342 2652 1403; x_wconf 89' lang='lat' dir='ltr'><strong>suspectum</strong></span> <span class='ocrx_word' id='word_1_169' title='bbox 2685 1349 2879 1390; x_wconf 88' lang='lat' dir='ltr'><strong>omnes</strong></span> <span class='ocrx_word' id='word_1_170' title='bbox 2911 1333 3196 1388; x_wconf 86' lang='lat' dir='ltr'><strong>haberent.</strong></span> 
     </span>
    </p>
   </div>
   <div class='ocr_carea' id='block_1_25' title="bbox 319 1421 3580 1510">
    <p class='ocr_par' dir='ltr' id='par_1_25' title="bbox 319 1421 3580 1510">
     <span class='ocr_line' id='line_1_25' title="bbox 319 1421 3580 1510; baseline -0.003 -20"><span class='ocrx_word' id='word_1_171' title='bbox 319 1455 429 1504; x_wconf 91' lang='grc' dir='ltr'>τες,</span> <span class='ocrx_word' id='word_1_172' title='bbox 463 1439 556 1492; x_wconf 83' lang='grc' dir='ltr'>καὶ</span> <span class='ocrx_word' id='word_1_173' title='bbox 609 1439 888 1510; x_wconf 85' lang='grc' dir='ltr'>ἄρχοντες,</span> <span class='ocrx_word' id='word_1_174' title='bbox 925 1438 1020 1490; x_wconf 63' lang='grc' dir='ltr'><strong>κοιλ⁵</strong></span> <span class='ocrx_word' id='word_1_175' title='bbox 1057 1437 1374 1506; x_wconf 82' lang='grc' dir='ltr'>ἀρχόμενοι,</span> <span class='ocrx_word' id='word_1_176' title='bbox 1407 1433 1502 1486; x_wconf 73' lang='grc' dir='ltr'>καὶ</span> <span class='ocrx_word' id='word_1_177' title='bbox 1573 1428 1700 1483; x_wconf 74' lang='grc' dir='ltr'>οὗτε</span> <span class='ocrx_word' id='word_1_178' title='bbox 1754 1421 2200 1498; x_wconf 85' lang='grc' dir='ltr'>παρατάττεσθαί</span> <span class='ocrx_word' id='word_1_179' title='bbox 2273 1445 2354 1492; x_wconf 88' lang='grc' dir='ltr'><strong>τις</strong></span> <span class='ocrx_word' id='word_1_180' title='bbox 2427 1429 2562 1500; x_wconf 86' lang='grc' dir='ltr'>πρὸς</span> <span class='ocrx_word' id='word_1_181' title='bbox 2621 1427 2827 1481; x_wconf 82' lang='grc' dir='ltr'>ἐκεῖνον</span> <span class='ocrx_word' id='word_1_182' title='bbox 2915 1427 3187 1491; x_wconf 82' lang='grc' dir='ltr'>ἐϐούλετο,</span> <span class='ocrx_word' id='word_1_183' title='bbox 3263 1423 3385 1480; x_wconf 69' lang='grc' dir='ltr'>οὔτε</span> <span class='ocrx_word' id='word_1_184' title='bbox 3457 1441 3580 1499; x_wconf 64' lang='grc' dir='ltr'>πρει</span> 
     </span>
    </p>
   </div>
   <div class='ocr_carea' id='block_1_26' title="bbox 321 1515 2793 1602">
    <p class='ocr_par' dir='ltr' id='par_1_26' title="bbox 321 1515 2793 1602">
     <span class='ocr_line' id='line_1_26' title="bbox 321 1515 2793 1602; baseline -0.004 -15"><span class='ocrx_word' id='word_1_185' title='bbox 321 1535 609 1590; x_wconf 85' lang='grc' dir='ltr'>σϐεύεσθαι</span> <span class='ocrx_word' id='word_1_186' title='bbox 659 1533 832 1597; x_wconf 84' lang='grc' dir='ltr'><strong>ἀδεῶς</strong></span> <span class='ocrx_word' id='word_1_187' title='bbox 879 1531 1252 1602; x_wconf 70' lang='grc' dir='ltr'>ὑπελάμϐανε·</span> <span class='ocrx_word' id='word_1_188' title='bbox 1294 1529 1356 1582; x_wconf 75' lang='grc' dir='ltr'><strong>τὸ</strong></span> <span class='ocrx_word' id='word_1_189' title='bbox 1400 1527 1509 1599; x_wconf 82' lang='grc' dir='ltr'>γὰρ</span> <span class='ocrx_word' id='word_1_190' title='bbox 1547 1525 1646 1595; x_wconf 83' lang='grc' dir='ltr'>τῆς</span> <span class='ocrx_word' id='word_1_191' title='bbox 1674 1519 1900 1592; x_wconf 76' lang='grc' dir='ltr'>γνώμης</span> <span class='ocrx_word' id='word_1_192' title='bbox 1937 1515 2214 1592; x_wconf 79' lang='grc' dir='ltr'>βάρϐαρον</span> <span class='ocrx_word' id='word_1_193' title='bbox 2257 1522 2487 1587; x_wconf 72' lang='grc' dir='ltr'>ἕκαστος</span> <span class='ocrx_word' id='word_1_194' title='bbox 2521 1524 2793 1602; x_wconf 67' lang='grc' dir='ltr'>ὑφωρᾶτο.</span> 
     </span>
    </p>
   </div>
   <div class='ocr_carea' id='block_1_27' title="bbox 915 1624 1306 1678">
    <p class='ocr_par' dir='ltr' id='par_1_27' title="bbox 915 1624 1306 1678">
     <span class='ocr_line' id='line_1_27' title="bbox 915 1624 1306 1678; baseline -0.003 0"><span class='ocrx_word' id='word_1_195' title='bbox 915 1625 1169 1678; x_wconf 78' lang='grc' dir='ltr'><strong>ΚΕΦΛΛ.</strong></span> <span class='ocrx_word' id='word_1_196' title='bbox 1187 1624 1306 1677; x_wconf 79' lang='lat' dir='ltr'><strong>Al&quot;.</strong></span> 
     </span>
    </p>
   </div>
   <div class='ocr_carea' id='block_1_28' title="bbox 389 1707 1833 1786">
    <p class='ocr_par' dir='ltr' id='par_1_28' title="bbox 389 1707 1833 1786">
     <span class='ocr_line' id='line_1_28' title="bbox 389 1707 1833 1786; baseline -0.009 -14"><span class='ocrx_word' id='word_1_197' title='bbox 389 1717 528 1786; x_wconf 78' lang='grc' dir='ltr'>Περὶ</span> <span class='ocrx_word' id='word_1_198' title='bbox 553 1714 660 1783; x_wconf 80' lang='grc' dir='ltr'>τῆς</span> <span class='ocrx_word' id='word_1_199' title='bbox 689 1714 875 1769; x_wconf 84' lang='grc' dir='ltr'>αὑτοῦ</span> <span class='ocrx_word' id='word_1_200' title='bbox 909 1713 954 1746; x_wconf 70' lang='grc'><strong>⁸³</strong></span> <span class='ocrx_word' id='word_1_201' title='bbox 989 1713 1140 1781; x_wconf 83' lang='grc' dir='ltr'>πρὸς</span> <span class='ocrx_word' id='word_1_202' title='bbox 1174 1710 1403 1765; x_wconf 78' lang='grc' dir='ltr'><strong>Γατνίῑν</strong></span> <span class='ocrx_word' id='word_1_203' title='bbox 1431 1709 1475 1741; x_wconf 72' lang='grc'>⁸⁸</span> <span class='ocrx_word' id='word_1_204' title='bbox 1493 1707 1833 1776; x_wconf 79' lang='grc' dir='ltr'>πρεσϐείας.</span> 
     </span>
    </p>
   </div>
   <div class='ocr_carea' id='block_1_29' title="bbox 391 1796 1904 1870">
    <p class='ocr_par' dir='ltr' id='par_1_29' title="bbox 391 1796 1904 1870">
     <span class='ocr_line' id='line_1_29' title="bbox 391 1796 1904 1870; baseline -0.008 -8"><span class='ocrx_word' id='word_1_205' title='bbox 391 1809 525 1862; x_wconf 87' lang='grc' dir='ltr'>Τότε</span> <span class='ocrx_word' id='word_1_206' title='bbox 581 1806 707 1870; x_wconf 76' lang='grc' dir='ltr'>τοὺς</span> <span class='ocrx_word' id='word_1_207' title='bbox 757 1805 948 1869; x_wconf 83' lang='grc' dir='ltr'>ἄλλους</span> <span class='ocrx_word' id='word_1_208' title='bbox 1004 1806 1255 1866; x_wconf 79' lang='grc' dir='ltr'>ἅπαντας</span> <span class='ocrx_word' id='word_1_209' title='bbox 1319 1802 1362 1834; x_wconf 61' lang='grc' dir='ltr'>δ’</span> <span class='ocrx_word' id='word_1_210' title='bbox 1405 1801 1644 1864; x_wconf 81' lang='grc' dir='ltr'>δεδιότας</span> <span class='ocrx_word' id='word_1_211' title='bbox 1679 1796 1904 1852; x_wconf 88' lang='grc' dir='ltr'>καταλι-</span> 
     </span>
    </p>
   </div>
   <div class='ocr_carea' id='block_1_30' title="bbox 319 1889 1902 1968">
    <p class='ocr_par' dir='ltr' id='par_1_30' title="bbox 319 1889 1902 1968">
     <span class='ocr_line' id='line_1_30' title="bbox 319 1889 1902 1968; baseline -0.009 -14"><span class='ocrx_word' id='word_1_212' title='bbox 319 1901 532 1966; x_wconf 84' lang='grc' dir='ltr'>πόντες,</span> <span class='ocrx_word' id='word_1_213' title='bbox 597 1898 686 1952; x_wconf 79' lang='grc' dir='ltr'><strong>τὸν</strong></span> <span class='ocrx_word' id='word_1_214' title='bbox 742 1898 912 1968; x_wconf 87' lang='grc' dir='ltr'>μέγαν</span> <span class='ocrx_word' id='word_1_215' title='bbox 969 1894 1158 1950; x_wconf 78' lang='grc' dir='ltr'>τοῦτον</span> <span class='ocrx_word' id='word_1_216' title='bbox 1212 1895 1438 1948; x_wconf 73' lang='grc' dir='ltr'>ἔπεισαν</span> <span class='ocrx_word' id='word_1_217' title='bbox 1499 1892 1739 1964; x_wconf 80' lang='grc' dir='ltr'>ἀριστέα</span> <span class='ocrx_word' id='word_1_218' title='bbox 1803 1889 1902 1958; x_wconf 80' lang='grc' dir='ltr'>τὴν</span> 
     </span>
    </p>
   </div>
   <div class='ocr_carea' id='block_1_31' title="bbox 319 1981 1904 2065">
    <p class='ocr_par' dir='ltr' id='par_1_31' title="bbox 319 1981 1904 2065">
     <span class='ocr_line' id='line_1_31' title="bbox 319 1981 1904 2065; baseline -0.008 -21"><span class='ocrx_word' id='word_1_219' title='bbox 319 1991 616 2065; x_wconf 86' lang='grc' dir='ltr'>πρεσϐείαν</span> <span class='ocrx_word' id='word_1_220' title='bbox 645 1989 992 2060; x_wconf 77' lang='grc' dir='ltr'>ποιήσασθαι.</span> <span class='ocrx_word' id='word_1_221' title='bbox 1023 1989 1083 2042; x_wconf 85' lang='grc' dir='ltr'>Ὀ</span> <span class='ocrx_word' id='word_1_222' title='bbox 1132 1987 1209 2053; x_wconf 82' lang='grc' dir='ltr'>δὲ,</span> <span class='ocrx_word' id='word_1_223' title='bbox 1252 1985 1377 2039; x_wconf 72' lang='grc' dir='ltr'>οὒτε</span> <span class='ocrx_word' id='word_1_224' title='bbox 1403 1986 1504 2054; x_wconf 78' lang='grc' dir='ltr'>τὴν</span> <span class='ocrx_word' id='word_1_225' title='bbox 1532 1981 1904 2053; x_wconf 76' lang='grc' dir='ltr'>γεγενημένην</span> 
     </span>
    </p>
   </div>
   <div class='ocr_carea' id='block_1_32' title="bbox 318 2069 1905 2152">
    <p class='ocr_par' dir='ltr' id='par_1_32' title="bbox 318 2069 1905 2152">
     <span class='ocr_line' id='line_1_32' title="bbox 318 2069 1905 2152; baseline -0.01 -14"><span class='ocrx_word' id='word_1_226' title='bbox 318 2084 631 2138; x_wconf 83' lang='grc' dir='ltr'>ἀντίστασιν</span> <span class='ocrx_word' id='word_1_227' title='bbox 677 2082 1053 2152; x_wconf 84' lang='grc' dir='ltr'><strong>λογισάμενος,</strong></span> <span class='ocrx_word' id='word_1_228' title='bbox 1104 2077 1228 2134; x_wconf 73' lang='grc' dir='ltr'>οὗτε</span> <span class='ocrx_word' id='word_1_229' title='bbox 1273 2079 1374 2148; x_wconf 84' lang='grc' dir='ltr'>τὴν</span> <span class='ocrx_word' id='word_1_230' title='bbox 1411 2075 1472 2140; x_wconf 81' lang='grc' dir='ltr'>ἐξ</span> <span class='ocrx_word' id='word_1_231' title='bbox 1511 2073 1726 2143; x_wconf 77' lang='grc' dir='ltr'>ἐκείνης</span> <span class='ocrx_word' id='word_1_232' title='bbox 1749 2069 1905 2141; x_wconf 76' lang='grc' dir='ltr'>φνεῖ-</span> 
     </span>
    </p>
   </div>
   <div class='ocr_carea' id='block_1_33' title="bbox 321 2162 1902 2244">
    <p class='ocr_par' dir='ltr' id='par_1_33' title="bbox 321 2162 1902 2244">
     <span class='ocr_line' id='line_1_33' title="bbox 321 2162 1902 2244; baseline -0.006 -18"><span class='ocrx_word' id='word_1_233' title='bbox 321 2192 420 2226; x_wconf 90' lang='grc' dir='ltr'><strong>σαν</strong></span> <span class='ocrx_word' id='word_1_234' title='bbox 456 2174 741 2244; x_wconf 77' lang='grc' dir='ltr'>διαφοράν,</span> <span class='ocrx_word' id='word_1_235' title='bbox 772 2172 1065 2244; x_wconf 77' lang='grc' dir='ltr'><strong>προθύμως</strong></span> <span class='ocrx_word' id='word_1_236' title='bbox 1100 2173 1181 2234; x_wconf 86' lang='grc' dir='ltr'>είς</span> <span class='ocrx_word' id='word_1_237' title='bbox 1218 2169 1322 2240; x_wconf 84' lang='grc' dir='ltr'>τὴν</span> <span class='ocrx_word' id='word_1_238' title='bbox 1345 2165 1568 2240; x_wconf 74' lang='grc' dir='ltr'>Θρᾴκην</span> <span class='ocrx_word' id='word_1_239' title='bbox 1594 2162 1902 2236; x_wconf 78' lang='grc' dir='ltr'>ἐξώρμησε.</span> 
     </span>
    </p>
   </div>
   <div class='ocr_carea' id='block_1_34' title="bbox 319 2253 1904 2335">
    <p class='ocr_par' dir='ltr' id='par_1_34' title="bbox 319 2253 1904 2335">
     <span class='ocr_line' id='line_1_34' title="bbox 319 2253 1904 2335; baseline -0.008 -17"><span class='ocrx_word' id='word_1_240' title='bbox 319 2262 486 2329; x_wconf 81' lang='grc' dir='ltr'>Γνοὺς</span> <span class='ocrx_word' id='word_1_241' title='bbox 528 2266 584 2319; x_wconf 82' lang='grc' dir='ltr'>δὲ</span> <span class='ocrx_word' id='word_1_242' title='bbox 632 2267 836 2330; x_wconf 84' lang='grc' dir='ltr'>ἐκεῖνος</span> <span class='ocrx_word' id='word_1_243' title='bbox 895 2263 987 2318; x_wconf 73' lang='grc' dir='ltr'><strong>τὸν</strong></span> <span class='ocrx_word' id='word_1_244' title='bbox 1035 2261 1414 2335; x_wconf 82' lang='grc' dir='ltr'>πρεσϐευτὴν.</span> <span class='ocrx_word' id='word_1_245' title='bbox 1472 2259 1566 2311; x_wconf 64' lang='grc' dir='ltr'>καὶ</span> <span class='ocrx_word' id='word_1_246' title='bbox 1613 2255 1712 2326; x_wconf 75' lang='grc' dir='ltr'><strong>τὴν</strong></span> <span class='ocrx_word' id='word_1_247' title='bbox 1765 2253 1904 2326; x_wconf 80' lang='grc' dir='ltr'>ὑπὲρ</span> 
     </span>
    </p>
   </div>
   <div class='ocr_carea' id='block_1_35' title="bbox 319 2345 1904 2427">
    <p class='ocr_par' dir='ltr' id='par_1_35' title="bbox 319 2345 1904 2427">
     <span class='ocr_line' id='line_1_35' title="bbox 319 2345 1904 2427; baseline -0.008 -17"><span class='ocrx_word' id='word_1_248' title='bbox 319 2357 422 2427; x_wconf 81' lang='grc' dir='ltr'>τῆς</span> <span class='ocrx_word' id='word_1_249' title='bbox 457 2354 736 2420; x_wconf 77' lang='grc' dir='ltr'>εὐσεϐείας</span> <span class='ocrx_word' id='word_1_250' title='bbox 781 2352 1156 2426; x_wconf 84' lang='grc' dir='ltr'>γεγενημένην</span> <span class='ocrx_word' id='word_1_251' title='bbox 1201 2349 1526 2421; x_wconf 72' lang='grc' dir='ltr'>ἐνθυμηθεὶς</span> <span class='ocrx_word' id='word_1_252' title='bbox 1571 2345 1904 2419; x_wconf 76' lang='grc' dir='ltr'>παρρησίαν,</span> 
     </span>
    </p>
   </div>
   <div class='ocr_carea' id='block_1_36' title="bbox 321 2435 1907 2520">
    <p class='ocr_par' dir='ltr' id='par_1_36' title="bbox 321 2435 1907 2520">
     <span class='ocr_line' id='line_1_36' title="bbox 321 2435 1907 2520; baseline -0.008 -18"><span class='ocrx_word' id='word_1_253' title='bbox 321 2447 601 2520; x_wconf 79' lang='grc' dir='ltr'>ὗπήντησέ</span> <span class='ocrx_word' id='word_1_254' title='bbox 631 2465 692 2501; x_wconf 90' lang='grc' dir='ltr'><strong>τε</strong></span> <span class='ocrx_word' id='word_1_255' title='bbox 728 2446 1025 2518; x_wconf 80' lang='grc' dir='ltr'>προθύμως</span> <span class='ocrx_word' id='word_1_256' title='bbox 1069 2446 1114 2477; x_wconf 68' lang='grc'><strong>⁸⁸</strong></span> <span class='ocrx_word' id='word_1_257' title='bbox 1170 2442 1471 2515; x_wconf 74' lang='grc' dir='ltr'>πόρρωθεν,</span> <span class='ocrx_word' id='word_1_258' title='bbox 1504 2440 1598 2493; x_wconf 77' lang='grc' dir='ltr'>καὶ</span> <span class='ocrx_word' id='word_1_259' title='bbox 1628 2440 1728 2508; x_wconf 79' lang='grc' dir='ltr'><strong>τὴν</strong></span> <span class='ocrx_word' id='word_1_260' title='bbox 1766 2435 1907 2490; x_wconf 87' lang='grc' dir='ltr'>ἐκεί-</span> 
     </span>
    </p>
   </div>
   <div class='ocr_carea' id='block_1_37' title="bbox 318 2529 1908 2608">
    <p class='ocr_par' dir='ltr' id='par_1_37' title="bbox 318 2529 1908 2608">
     <span class='ocr_line' id='line_1_37' title="bbox 318 2529 1908 2608; baseline -0.008 -15"><span class='ocrx_word' id='word_1_261' title='bbox 318 2557 410 2593; x_wconf 89' lang='grc' dir='ltr'><strong>νου</strong></span> <span class='ocrx_word' id='word_1_262' title='bbox 455 2537 634 2604; x_wconf 77' lang='grc' dir='ltr'>δεξιὰν</span> <span class='ocrx_word' id='word_1_263' title='bbox 694 2543 807 2603; x_wconf 87' lang='grc' dir='ltr'>τοῖς</span> <span class='ocrx_word' id='word_1_264' title='bbox 859 2539 1155 2608; x_wconf 73' lang='grc' dir='ltr'>ὀφθαλμοῖς</span> <span class='ocrx_word' id='word_1_265' title='bbox 1215 2533 1576 2606; x_wconf 81' lang='grc' dir='ltr'>περιτέθεικε,</span> <span class='ocrx_word' id='word_1_266' title='bbox 1635 2530 1730 2584; x_wconf 73' lang='grc' dir='ltr'>καὶ</span> <span class='ocrx_word' id='word_1_267' title='bbox 1786 2529 1908 2599; x_wconf 81' lang='grc' dir='ltr'>μέν·</span> 
     </span>
    </p>
   </div>
   <div class='ocr_carea' id='block_1_38' title="bbox 317 2621 1907 2698">
    <p class='ocr_par' dir='ltr' id='par_1_38' title="bbox 317 2621 1907 2698">
     <span class='ocr_line' id='line_1_38' title="bbox 317 2621 1907 2698; baseline -0.009 -14"><span class='ocrx_word' id='word_1_268' title='bbox 317 2647 400 2684; x_wconf 80' lang='grc' dir='ltr'><strong>τοι</strong></span> <span class='ocrx_word' id='word_1_269' title='bbox 439 2632 532 2684; x_wconf 79' lang='grc' dir='ltr'>καὶ</span> <span class='ocrx_word' id='word_1_270' title='bbox 561 2631 688 2693; x_wconf 75' lang='grc' dir='ltr'>τοὺς</span> <span class='ocrx_word' id='word_1_271' title='bbox 723 2631 921 2693; x_wconf 83' lang='grc' dir='ltr'>παῖδας</span> <span class='ocrx_word' id='word_1_272' title='bbox 950 2631 1062 2692; x_wconf 79' lang='grc' dir='ltr'>τοῖς</span> <span class='ocrx_word' id='word_1_273' title='bbox 1105 2630 1268 2698; x_wconf 83' lang='grc' dir='ltr'>ἱεροῖς</span> <span class='ocrx_word' id='word_1_274' title='bbox 1337 2624 1500 2678; x_wconf 74' lang='grc' dir='ltr'>αὑτοῦ</span> <span class='ocrx_word' id='word_1_275' title='bbox 1555 2621 1705 2693; x_wconf 67' lang='lat'><strong>[239]</strong></span> <span class='ocrx_word' id='word_1_276' title='bbox 1739 2633 1907 2692; x_wconf 85' lang='grc' dir='ltr'>προσ-</span> 
     </span>
    </p>
   </div>
   <div class='ocr_carea' id='block_1_39' title="bbox 319 2713 1906 2792">
    <p class='ocr_par' dir='ltr' id='par_1_39' title="bbox 319 2713 1906 2792">
     <span class='ocr_line' id='line_1_39' title="bbox 319 2713 1906 2792; baseline -0.006 -18"><span class='ocrx_word' id='word_1_277' title='bbox 319 2720 543 2792; x_wconf 86' lang='grc' dir='ltr'>εκόμισε</span> <span class='ocrx_word' id='word_1_278' title='bbox 569 2722 810 2790; x_wconf 82' lang='grc' dir='ltr'>γόνασιν.</span> <span class='ocrx_word' id='word_1_279' title='bbox 856 2718 1013 2773; x_wconf 76' lang='grc' dir='ltr'>Οὕτω</span> <span class='ocrx_word' id='word_1_280' title='bbox 1063 2719 1306 2788; x_wconf 79' lang='grc' dir='ltr'>πέφυκεν</span> <span class='ocrx_word' id='word_1_281' title='bbox 1337 2714 1504 2786; x_wconf 79' lang='grc' dir='ltr'>ἀρετὴ</span> <span class='ocrx_word' id='word_1_282' title='bbox 1538 2713 1813 2768; x_wconf 86' lang='grc' dir='ltr'>καταιδεῖν</span> <span class='ocrx_word' id='word_1_283' title='bbox 1845 2729 1906 2765; x_wconf 91' lang='grc' dir='ltr'>τε</span> 
     </span>
    </p>
   </div>
   <div class='ocr_carea' id='block_1_40' title="bbox 321 2807 1832 2886">
    <p class='ocr_par' dir='ltr' id='par_1_40' title="bbox 321 2807 1832 2886">
     <span class='ocr_line' id='line_1_40' title="bbox 321 2807 1832 2886; baseline -0.007 -19"><span class='ocrx_word' id='word_1_284' title='bbox 321 2816 415 2867; x_wconf 69' lang='grc' dir='ltr'>καὶ</span> <span class='ocrx_word' id='word_1_285' title='bbox 451 2814 852 2886; x_wconf 80' lang='grc' dir='ltr'>καταπλήττειν</span> <span class='ocrx_word' id='word_1_286' title='bbox 883 2813 978 2867; x_wconf 73' lang='grc' dir='ltr'>καὶ</span> <span class='ocrx_word' id='word_1_287' title='bbox 1014 2813 1140 2875; x_wconf 73' lang='grc' dir='ltr'>τοὺς</span> <span class='ocrx_word' id='word_1_288' title='bbox 1175 2812 1315 2879; x_wconf 74' lang='grc' dir='ltr'>ἄγαν</span> <span class='ocrx_word' id='word_1_289' title='bbox 1343 2807 1832 2877; x_wconf 75' lang='grc' dir='ltr'>δυσμενεστάτους.</span> 
     </span>
    </p>
   </div>
   <div class='ocr_carea' id='block_1_41' title="bbox 415 2897 1906 2976">
    <p class='ocr_par' dir='ltr' id='par_1_41' title="bbox 415 2897 1906 2976">
     <span class='ocr_line' id='line_1_41' title="bbox 415 2897 1906 2976; baseline -0.005 -19"><span class='ocrx_word' id='word_1_290' title='bbox 415 2905 556 2957; x_wconf 85' lang='grc' dir='ltr'>Ἀλλ’</span> <span class='ocrx_word' id='word_1_291' title='bbox 595 2905 694 2958; x_wconf 84' lang='grc' dir='ltr'><strong>ούκ</strong></span> <span class='ocrx_word' id='word_1_292' title='bbox 728 2906 960 2976; x_wconf 71' lang='grc' dir='ltr'>ἤνεγκεν</span> <span class='ocrx_word' id='word_1_293' title='bbox 1005 2905 1032 2956; x_wconf 89' lang='grc' dir='ltr'><strong>ό</strong></span> <span class='ocrx_word' id='word_1_294' title='bbox 1073 2903 1264 2971; x_wconf 75' lang='grc' dir='ltr'>φθόνος</span> <span class='ocrx_word' id='word_1_295' title='bbox 1309 2901 1408 2964; x_wconf 80' lang='grc' dir='ltr'><strong>τὰς</strong></span> <span class='ocrx_word' id='word_1_296' title='bbox 1442 2901 1540 2970; x_wconf 81' lang='grc' dir='ltr'>τῆς</span> <span class='ocrx_word' id='word_1_297' title='bbox 1565 2897 1772 2952; x_wconf 58' lang='grc' dir='ltr'>ἐκείνου</span> <span class='ocrx_word' id='word_1_298' title='bbox 1816 2913 1906 2966; x_wconf 78' lang='grc' dir='ltr'>ιρι-</span> 
     </span>
    </p>
   </div>
   <div class='ocr_carea' id='block_1_42' title="bbox 321 2973 1983 3067">
    <p class='ocr_par' dir='ltr' id='par_1_42' title="bbox 321 2973 1983 3067">
     <span class='ocr_line' id='line_1_42' title="bbox 321 2973 1983 3067; baseline -0.004 -19"><span class='ocrx_word' id='word_1_299' title='bbox 321 2996 577 3065; x_wconf 77' lang='grc' dir='ltr'>λοσοφίας</span> <span class='ocrx_word' id='word_1_300' title='bbox 632 2973 1000 3067; x_wconf 78' lang='grc' dir='ltr'>μαρμαρυγὰς</span> <span class='ocrx_word' id='word_1_301' title='bbox 1034 2983 1047 3024; x_wconf 56' lang='grc' dir='ltr'><em>λ</em></span> <span class='ocrx_word' id='word_1_302' title='bbox 1083 2993 1218 3046; x_wconf 77' lang='grc' dir='ltr'>ἀλλὰ</span> <span class='ocrx_word' id='word_1_303' title='bbox 1268 2994 1385 3053; x_wconf 76' lang='grc' dir='ltr'>ταῖς</span> <span class='ocrx_word' id='word_1_304' title='bbox 1423 2989 1650 3053; x_wconf 82' lang='grc' dir='ltr'>οἰκείαις</span> <span class='ocrx_word' id='word_1_305' title='bbox 1693 2987 1902 3060; x_wconf 83' lang='grc' dir='ltr'>χρησά-</span> <span class='ocrx_word' id='word_1_306' title='bbox 1939 2973 1983 3031; x_wconf 76' lang='lat' dir='ltr'><strong><em>C</em></strong></span> 
     </span>
    </p>
   </div>
   <div class='ocr_carea' id='block_1_43' title="bbox 328 3080 1906 3158">
    <p class='ocr_par' dir='ltr' id='par_1_43' title="bbox 328 3080 1906 3158">
     <span class='ocr_line' id='line_1_43' title="bbox 328 3080 1906 3158; baseline -0.005 -18"><span class='ocrx_word' id='word_1_307' title='bbox 328 3105 488 3158; x_wconf 83' lang='grc' dir='ltr'>μενος</span> <span class='ocrx_word' id='word_1_308' title='bbox 545 3089 838 3157; x_wconf 80' lang='grc' dir='ltr'>μηχαναῖς,</span> <span class='ocrx_word' id='word_1_309' title='bbox 884 3085 982 3156; x_wconf 80' lang='grc' dir='ltr'>τὴν</span> <span class='ocrx_word' id='word_1_310' title='bbox 1041 3081 1429 3154; x_wconf 81' lang='grc' dir='ltr'>βασιλεύουσαν</span> <span class='ocrx_word' id='word_1_311' title='bbox 1479 3080 1653 3146; x_wconf 86' lang='grc' dir='ltr'>πόλιν,</span> <span class='ocrx_word' id='word_1_312' title='bbox 1706 3080 1906 3150; x_wconf 80' lang='grc' dir='ltr'>μᾶλλον</span> 
     </span>
    </p>
   </div>
   <div class='ocr_carea' id='block_1_44' title="bbox 323 3169 1904 3250">
    <p class='ocr_par' dir='ltr' id='par_1_44' title="bbox 323 3169 1904 3250">
     <span class='ocr_line' id='line_1_44' title="bbox 323 3169 1904 3250; baseline -0.004 -19"><span class='ocrx_word' id='word_1_313' title='bbox 323 3179 382 3233; x_wconf 72' lang='grc' dir='ltr'>δὲ</span> <span class='ocrx_word' id='word_1_314' title='bbox 426 3180 524 3250; x_wconf 72' lang='grc' dir='ltr'>τὴν</span> <span class='ocrx_word' id='word_1_315' title='bbox 580 3177 904 3248; x_wconf 82' lang='grc' dir='ltr'>οἰκουμένην</span> <span class='ocrx_word' id='word_1_316' title='bbox 933 3175 1192 3240; x_wconf 80' lang='grc' dir='ltr'>-ἆπασαν,</span> <span class='ocrx_word' id='word_1_317' title='bbox 1236 3175 1332 3242; x_wconf 82' lang='grc' dir='ltr'>τῆς</span> <span class='ocrx_word' id='word_1_318' title='bbox 1389 3173 1597 3226; x_wconf 83' lang='grc' dir='ltr'>ἐκείνου</span> <span class='ocrx_word' id='word_1_319' title='bbox 1655 3169 1904 3244; x_wconf 81' lang='grc' dir='ltr'>γλώττης</span> 
     </span>
    </p>
   </div>
   <div class='ocr_carea' id='block_1_45' title="bbox 325 3267 979 3340">
    <p class='ocr_par' dir='ltr' id='par_1_45' title="bbox 325 3267 979 3340">
     <span class='ocr_line' id='line_1_45' title="bbox 325 3267 979 3340; baseline 0.005 -20"><span class='ocrx_word' id='word_1_320' title='bbox 325 3269 586 3340; x_wconf 80' lang='grc' dir='ltr'>ἐστέρησε</span> <span class='ocrx_word' id='word_1_321' title='bbox 635 3271 729 3321; x_wconf 79' lang='grc' dir='ltr'>καὶ</span> <span class='ocrx_word' id='word_1_322' title='bbox 765 3267 979 3339; x_wconf 82' lang='grc' dir='ltr'>φρενός.</span> 
     </span>
    </p>
   </div>
   <div class='ocr_carea' id='block_1_46' title="bbox 895 3359 1352 3412">
    <p class='ocr_par' dir='ltr' id='par_1_46' title="bbox 895 3359 1352 3412">
     <span class='ocr_line' id='line_1_46' title="bbox 895 3359 1352 3412; baseline -0.013 0"><span class='ocrx_word' id='word_1_323' title='bbox 895 3359 1144 3412; x_wconf 75' lang='grc' dir='ltr'>ΚΕΦΑΛ.</span> <span class='ocrx_word' id='word_1_324' title='bbox 1178 3359 1298 3411; x_wconf 87' lang='grc' dir='ltr'><strong>ΛΔ’.</strong></span> <span class='ocrx_word' id='word_1_325' title='bbox 1347 3403 1352 3406; x_wconf 86' lang='grc'><strong>.</strong></span> 
     </span>
    </p>
   </div>
   <div class='ocr_carea' id='block_1_47' title="bbox 327 3444 1902 3519">
    <p class='ocr_par' dir='ltr' id='par_1_47' title="bbox 327 3444 1902 3519">
     <span class='ocr_line' id='line_1_47' title="bbox 327 3444 1902 3519; baseline 0.001 -18"><span class='ocrx_word' id='word_1_326' title='bbox 327 3449 468 3516; x_wconf 79' lang='grc' dir='ltr'>Περὶ</span> <span class='ocrx_word' id='word_1_327' title='bbox 489 3449 610 3502; x_wconf 78' lang='grc' dir='ltr'><strong>τῶν</strong></span> <span class='ocrx_word' id='word_1_328' title='bbox 635 3449 732 3502; x_wconf 80' lang='grc' dir='ltr'>διὰ</span> <span class='ocrx_word' id='word_1_329' title='bbox 768 3449 870 3502; x_wconf 78' lang='grc' dir='ltr'><strong>τὸν</strong></span> <span class='ocrx_word' id='word_1_330' title='bbox 897 3449 942 3480; x_wconf 68' lang='grc'><strong>⁸⁵³</strong></span> <span class='ocrx_word' id='word_1_331' title='bbox 961 3451 1394 3519; x_wconf 73' lang='grc' dir='ltr'>Χρυσόστομον</span> <span class='ocrx_word' id='word_1_332' title='bbox 1418 3444 1902 3519; x_wconf 79' lang='grc' dir='ltr'>συμϐεϐηκότων.</span> 
     </span>
    </p>
   </div>
   <div class='ocr_carea' id='block_1_48' title="bbox 409 3539 1906 3615">
    <p class='ocr_par' dir='ltr' id='par_1_48' title="bbox 409 3539 1906 3615">
     <span class='ocr_line' id='line_1_48' title="bbox 409 3539 1906 3615; baseline 0.001 -21"><span class='ocrx_word' id='word_1_333' title='bbox 409 3539 552 3611; x_wconf 87' lang='grc' dir='ltr'><strong>Ἐγὼ</strong></span> <span class='ocrx_word' id='word_1_334' title='bbox 613 3541 670 3594; x_wconf 88' lang='grc' dir='ltr'><strong>δέ</strong></span> <span class='ocrx_word' id='word_1_335' title='bbox 726 3545 782 3594; x_wconf 87' lang='grc' dir='ltr'><strong>ἐν</strong></span> <span class='ocrx_word' id='word_1_336' title='bbox 830 3543 965 3613; x_wconf 78' lang='grc' dir='ltr'>τῷδε</span> <span class='ocrx_word' id='word_1_337' title='bbox 1016 3543 1094 3614; x_wconf 80' lang='grc' dir='ltr'>τῷ</span> <span class='ocrx_word' id='word_1_338' title='bbox 1145 3543 1300 3615; x_wconf 84' lang='grc' dir='ltr'>μέρει</span> <span class='ocrx_word' id='word_1_339' title='bbox 1331 3543 1427 3614; x_wconf 79' lang='grc' dir='ltr'>τῆς</span> <span class='ocrx_word' id='word_1_340' title='bbox 1479 3543 1721 3615; x_wconf 78' lang='grc' dir='ltr'>ἱστορίας</span> <span class='ocrx_word' id='word_1_341' title='bbox 1748 3543 1906 3612; x_wconf 85' lang='grc' dir='ltr'>γενό-</span> 
     </span>
    </p>
   </div>
   <div class='ocr_carea' id='block_1_49' title="bbox 329 3629 1906 3706">
    <p class='ocr_par' dir='ltr' id='par_1_49' title="bbox 329 3629 1906 3706">
     <span class='ocr_line' id='line_1_49' title="bbox 329 3629 1906 3706; baseline -0.001 -19"><span class='ocrx_word' id='word_1_342' title='bbox 329 3651 518 3706; x_wconf 88' lang='grc' dir='ltr'>μενος,</span> <span class='ocrx_word' id='word_1_343' title='bbox 561 3635 660 3686; x_wconf 87' lang='grc' dir='ltr'><strong>ούκ</strong></span> <span class='ocrx_word' id='word_1_344' title='bbox 716 3629 831 3687; x_wconf 76' lang='grc' dir='ltr'>οἶδα</span> <span class='ocrx_word' id='word_1_345' title='bbox 874 3634 902 3684; x_wconf 82' lang='grc' dir='ltr'>ὅ</span> <span class='ocrx_word' id='word_1_346' title='bbox 941 3653 994 3686; x_wconf 89' lang='grc' dir='ltr'><strong>τι</strong></span> <span class='ocrx_word' id='word_1_347' title='bbox 1041 3634 1216 3688; x_wconf 84' lang='grc' dir='ltr'>πάθω.</span> <span class='ocrx_word' id='word_1_348' title='bbox 1253 3635 1626 3706; x_wconf 63' lang='grc' dir='ltr'>Διηγήσκσθαι</span> <span class='ocrx_word' id='word_1_349' title='bbox 1665 3635 1776 3705; x_wconf 79' lang='grc' dir='ltr'><strong>γὰρ</strong></span> <span class='ocrx_word' id='word_1_350' title='bbox 1808 3634 1906 3706; x_wconf 81' lang='grc' dir='ltr'>τὴν</span> 
     </span>
    </p>
   </div>
   <div class='ocr_carea' id='block_1_50' title="bbox 328 3720 1907 3798">
    <p class='ocr_par' dir='ltr' id='par_1_50' title="bbox 328 3720 1907 3798">
     <span class='ocr_line' id='line_1_50' title="bbox 328 3720 1907 3798; baseline -0.001 -18"><span class='ocrx_word' id='word_1_351' title='bbox 328 3720 478 3781; x_wconf 74' lang='grc' dir='ltr'>κατὰ</span> <span class='ocrx_word' id='word_1_352' title='bbox 515 3726 708 3780; x_wconf 87' lang='grc' dir='ltr'>τούτου</span> <span class='ocrx_word' id='word_1_353' title='bbox 763 3726 1126 3798; x_wconf 84' lang='grc' dir='ltr'>τολμηθεῖσαν</span> <span class='ocrx_word' id='word_1_354' title='bbox 1179 3727 1393 3781; x_wconf 85' lang='grc' dir='ltr'>ἀδικίαν</span> <span class='ocrx_word' id='word_1_355' title='bbox 1428 3727 1770 3798; x_wconf 77' lang='grc' dir='ltr'>βουλόμενος,</span> <span class='ocrx_word' id='word_1_356' title='bbox 1807 3723 1907 3797; x_wconf 80' lang='grc' dir='ltr'>τὴν</span> 
     </span>
    </p>
   </div>
   <div class='ocr_carea' id='block_1_51' title="bbox 327 3807 1906 3890">
    <p class='ocr_par' dir='ltr' id='par_1_51' title="bbox 327 3807 1906 3890">
     <span class='ocr_line' id='line_1_51' title="bbox 327 3807 1906 3890; baseline -0.003 -16"><span class='ocrx_word' id='word_1_357' title='bbox 327 3820 493 3889; x_wconf 72' lang='grc' dir='ltr'>ἄλλην</span> <span class='ocrx_word' id='word_1_358' title='bbox 557 3819 757 3890; x_wconf 78' lang='grc' dir='ltr'>ἀρετὴν</span> <span class='ocrx_word' id='word_1_359' title='bbox 804 3818 913 3871; x_wconf 82' lang='grc' dir='ltr'><strong>τῶν</strong></span> <span class='ocrx_word' id='word_1_360' title='bbox 953 3818 1295 3888; x_wconf 72' lang='grc' dir='ltr'>ἠδικηκότων</span> <span class='ocrx_word' id='word_1_361' title='bbox 1331 3819 1679 3890; x_wconf 80' lang='grc' dir='ltr'>αἰσχύνομαι.</span> <span class='ocrx_word' id='word_1_362' title='bbox 1734 3807 1809 3870; x_wconf 73' lang='grc' dir='ltr'>υῦ</span> <span class='ocrx_word' id='word_1_363' title='bbox 1841 3818 1906 3889; x_wconf 84' lang='grc' dir='ltr'>δὴ</span> 
     </span>
    </p>
   </div>
   <div class='ocr_carea' id='block_1_52' title="bbox 325 3906 1907 3982">
    <p class='ocr_par' dir='ltr' id='par_1_52' title="bbox 325 3906 1907 3982">
     <span class='ocr_line' id='line_1_52' title="bbox 325 3906 1907 3982; baseline -0.004 -19"><span class='ocrx_word' id='word_1_364' title='bbox 325 3911 484 3982; x_wconf 78' lang='grc' dir='ltr'>χάριν</span> <span class='ocrx_word' id='word_1_365' title='bbox 515 3908 695 3963; x_wconf 82' lang='grc' dir='ltr'>αὐτῶν</span> <span class='ocrx_word' id='word_1_366' title='bbox 724 3908 820 3963; x_wconf 79' lang='grc' dir='ltr'>καὶ</span> <span class='ocrx_word' id='word_1_367' title='bbox 848 3908 946 3972; x_wconf 81' lang='grc' dir='ltr'>τὰς</span> <span class='ocrx_word' id='word_1_368' title='bbox 985 3908 1358 3979; x_wconf 85' lang='grc' dir='ltr'>προσηγορίας</span> <span class='ocrx_word' id='word_1_369' title='bbox 1413 3906 1758 3978; x_wconf 71' lang='grc' dir='ltr'>κατακρύψαι</span> <span class='ocrx_word' id='word_1_370' title='bbox 1782 3923 1907 3958; x_wconf 74' lang='grc' dir='ltr'>πει·</span> 
     </span>
    </p>
   </div>
   <div class='ocr_carea' id='block_1_53' title="bbox 327 3994 1906 4074">
    <p class='ocr_par' dir='ltr' id='par_1_53' title="bbox 327 3994 1906 4074">
     <span class='ocr_line' id='line_1_53' title="bbox 327 3994 1906 4074; baseline -0.003 -20"><span class='ocrx_word' id='word_1_371' title='bbox 327 4001 583 4070; x_wconf 81' lang='grc' dir='ltr'>ρὰσομαι.</span> <span class='ocrx_word' id='word_1_372' title='bbox 604 3994 763 4054; x_wconf 78' lang='grc' dir='ltr'>Οὗτοι</span> <span class='ocrx_word' id='word_1_373' title='bbox 789 4000 1075 4074; x_wconf 81' lang='grc' dir='ltr'>διαφόρους</span> <span class='ocrx_word' id='word_1_374' title='bbox 1096 3999 1418 4070; x_wconf 86' lang='grc' dir='ltr'>δυσμενείας</span> <span class='ocrx_word' id='word_1_375' title='bbox 1446 4001 1742 4070; x_wconf 76' lang='grc' dir='ltr'>ἐσχηκότες</span> <span class='ocrx_word' id='word_1_376' title='bbox 1769 4013 1906 4068; x_wconf 81' lang='grc' dir='ltr'>προ-</span> 
     </span>
    </p>
   </div>
   <div class='ocr_carea' id='block_1_54' title="bbox 325 4088 1908 4162">
    <p class='ocr_par' dir='ltr' id='par_1_54' title="bbox 325 4088 1908 4162">
     <span class='ocr_line' id='line_1_54' title="bbox 325 4088 1908 4162; baseline 0 -20"><span class='ocrx_word' id='word_1_377' title='bbox 325 4091 541 4156; x_wconf 86' lang='grc' dir='ltr'>φάσεις,</span> <span class='ocrx_word' id='word_1_378' title='bbox 582 4092 681 4160; x_wconf 75' lang='grc' dir='ltr'><strong>την</strong></span> <span class='ocrx_word' id='word_1_379' title='bbox 715 4091 812 4161; x_wconf 85' lang='grc' dir='ltr'>μὲν</span> <span class='ocrx_word' id='word_1_380' title='bbox 842 4091 1262 4162; x_wconf 86' lang='grc' dir='ltr'>ἀστράπτουσαν</span> <span class='ocrx_word' id='word_1_381' title='bbox 1292 4090 1385 4143; x_wconf 81' lang='grc' dir='ltr'>τοῦ</span> <span class='ocrx_word' id='word_1_382' title='bbox 1415 4091 1608 4160; x_wconf 71' lang='grc' dir='ltr'>ἀνδρὸς</span> <span class='ocrx_word' id='word_1_383' title='bbox 1655 4088 1782 4141; x_wconf 84' lang='grc' dir='ltr'>ίδεῖν</span> <span class='ocrx_word' id='word_1_384' title='bbox 1807 4089 1908 4142; x_wconf 80' lang='grc' dir='ltr'>οὐκ</span> 
     </span>
    </p>
   </div>
   <div class='ocr_carea' id='block_1_55' title="bbox 323 4181 1907 4253">
    <p class='ocr_par' dir='ltr' id='par_1_55' title="bbox 323 4181 1907 4253">
     <span class='ocr_line' id='line_1_55' title="bbox 323 4181 1907 4253; baseline -0.001 -19"><span class='ocrx_word' id='word_1_385' title='bbox 323 4181 597 4252; x_wconf 72' lang='grc' dir='ltr'>ἠθέλησαν</span> <span class='ocrx_word' id='word_1_386' title='bbox 628 4183 831 4253; x_wconf 77' lang='grc' dir='ltr'>ἀρετήν</span> <span class='ocrx_word' id='word_1_387' title='bbox 868 4199 882 4212; x_wconf 73' lang='grc' dir='ltr'><strong>ο</strong></span> <span class='ocrx_word' id='word_1_388' title='bbox 937 4182 1234 4253; x_wconf 80' lang='grc' dir='ltr'>δυστήνους</span> <span class='ocrx_word' id='word_1_389' title='bbox 1270 4182 1328 4235; x_wconf 90' lang='grc' dir='ltr'><strong>δέ</strong></span> <span class='ocrx_word' id='word_1_390' title='bbox 1362 4200 1514 4246; x_wconf 89' lang='grc' dir='ltr'>τινας</span> <span class='ocrx_word' id='word_1_391' title='bbox 1566 4181 1907 4252; x_wconf 85' lang='grc' dir='ltr'>κατηγόρους</span> 
     </span>
    </p>
   </div>
   <div class='ocr_carea' id='block_1_56' title="bbox 327 4268 1908 4342">
    <p class='ocr_par' dir='ltr' id='par_1_56' title="bbox 327 4268 1908 4342">
     <span class='ocr_line' id='line_1_56' title="bbox 327 4268 1908 4342; baseline -0.001 -19"><span class='ocrx_word' id='word_1_392' title='bbox 327 4271 598 4342; x_wconf 81' lang='grc' dir='ltr'>εὑρόντες,</span> <span class='ocrx_word' id='word_1_393' title='bbox 653 4271 751 4325; x_wconf 75' lang='grc' dir='ltr'>καὶ</span> <span class='ocrx_word' id='word_1_394' title='bbox 797 4272 896 4340; x_wconf 80' lang='grc' dir='ltr'>τῆς</span> <span class='ocrx_word' id='word_1_395' title='bbox 943 4273 1309 4337; x_wconf 66' lang='grc' dir='ltr'>συκοφαντίας</span> <span class='ocrx_word' id='word_1_396' title='bbox 1362 4271 1422 4324; x_wconf 82' lang='grc' dir='ltr'>τὸ</span> <span class='ocrx_word' id='word_1_397' title='bbox 1451 4273 1724 4342; x_wconf 76' lang='grc' dir='ltr'>προφανὲς</span> <span class='ocrx_word' id='word_1_398' title='bbox 1773 4268 1908 4324; x_wconf 83' lang='grc' dir='ltr'>θεώ-</span> 
     </span>
    </p>
   </div>
   <div class='ocr_carea' id='block_1_57' title="bbox 327 4328 1987 4435">
    <p class='ocr_par' dir='ltr' id='par_1_57' title="bbox 327 4328 1987 4435">
     <span class='ocr_line' id='line_1_57' title="bbox 327 4328 1987 4435; baseline 0.001 -19"><span class='ocrx_word' id='word_1_399' title='bbox 327 4328 504 4430; x_wconf 60' lang='grc' dir='ltr'>μενοι,</span> <span class='ocrx_word' id='word_1_400' title='bbox 543 4328 733 4433; x_wconf 71' lang='grc' dir='ltr'>πόρρω</span> <span class='ocrx_word' id='word_1_401' title='bbox 759 4328 1067 4424; x_wconf 51' lang='grc' dir='ltr'>τούάστεος</span> <span class='ocrx_word' id='word_1_402' title='bbox 1093 4328 1358 4416; x_wconf 73' lang='grc' dir='ltr'>ἐκάθισαν</span> <span class='ocrx_word' id='word_1_403' title='bbox 1386 4361 1448 4416; x_wconf 78' lang='grc' dir='ltr'>τὸ</span> <span class='ocrx_word' id='word_1_404' title='bbox 1488 4328 1783 4435; x_wconf 71' lang='grc' dir='ltr'>συνέδριον,</span> <span class='ocrx_word' id='word_1_405' title='bbox 1811 4365 1908 4418; x_wconf 74' lang='grc' dir='ltr'>καὶ</span> <span class='ocrx_word' id='word_1_406' title='bbox 1936 4328 1987 4389; x_wconf 75' lang='lat' dir='ltr'><strong>D</strong></span> 
     </span>
    </p>
   </div>
   <div class='ocr_carea' id='block_1_58' title="bbox 331 4453 1912 4526">
    <p class='ocr_par' dir='ltr' id='par_1_58' title="bbox 331 4453 1912 4526">
     <span class='ocr_line' id='line_1_58' title="bbox 331 4453 1912 4526; baseline 0.002 -19"><span class='ocrx_word' id='word_1_407' title='bbox 331 4455 428 4526; x_wconf 79' lang='grc' dir='ltr'><strong>τὴν</strong></span> <span class='ocrx_word' id='word_1_408' title='bbox 461 4454 639 4524; x_wconf 76' lang='grc' dir='ltr'>ψῆφον</span> <span class='ocrx_word' id='word_1_409' title='bbox 665 4455 990 4526; x_wconf 80' lang='grc' dir='ltr'>ἐξήνεγκαν.</span> <span class='ocrx_word' id='word_1_410' title='bbox 1041 4453 1098 4508; x_wconf 87' lang='grc' dir='ltr'><strong>Ὀ</strong></span> <span class='ocrx_word' id='word_1_411' title='bbox 1129 4453 1187 4507; x_wconf 84' lang='grc' dir='ltr'>δὲ</span> <span class='ocrx_word' id='word_1_412' title='bbox 1217 4453 1489 4524; x_wconf 68' lang='grc' dir='ltr'>βασιλεὺς,</span> <span class='ocrx_word' id='word_1_413' title='bbox 1529 4455 1601 4518; x_wconf 87' lang='grc' dir='ltr'><strong>ὡς</strong></span> <span class='ocrx_word' id='word_1_414' title='bbox 1630 4455 1834 4526; x_wconf 82' lang='grc' dir='ltr'>ἱερεῦσι</span> <span class='ocrx_word' id='word_1_415' title='bbox 1863 4455 1912 4489; x_wconf 83' lang='grc'><strong><em>⁸⁸</em></strong></span> 
     </span>
    </p>
   </div>
   <div class='ocr_carea' id='block_1_59' title="bbox 331 4545 1913 4618">
    <p class='ocr_par' dir='ltr' id='par_1_59' title="bbox 331 4545 1913 4618">
     <span class='ocr_line' id='line_1_59' title="bbox 331 4545 1913 4618; baseline 0 -18"><span class='ocrx_word' id='word_1_416' title='bbox 331 4547 650 4613; x_wconf 74' lang='grc' dir='ltr'>πιστεύσας,</span> <span class='ocrx_word' id='word_1_417' title='bbox 676 4547 868 4618; x_wconf 75' lang='grc' dir='ltr'>πόρρω</span> <span class='ocrx_word' id='word_1_418' title='bbox 905 4546 1066 4599; x_wconf 83' lang='grc' dir='ltr'>αὑτὸν</span> <span class='ocrx_word' id='word_1_419' title='bbox 1101 4545 1195 4600; x_wconf 81' lang='grc' dir='ltr'>τοῦ</span> <span class='ocrx_word' id='word_1_420' title='bbox 1226 4547 1416 4608; x_wconf 79' lang='grc' dir='ltr'>ἄστεος</span> <span class='ocrx_word' id='word_1_421' title='bbox 1458 4547 1710 4615; x_wconf 79' lang='grc' dir='ltr'>γενέσθαι</span> <span class='ocrx_word' id='word_1_422' title='bbox 1744 4564 1913 4618; x_wconf 85' lang='grc' dir='ltr'>προσ-</span> 
     </span>
    </p>
   </div>
   <div class='ocr_carea' id='block_1_60' title="bbox 331 4639 1915 4710">
    <p class='ocr_par' dir='ltr' id='par_1_60' title="bbox 331 4639 1915 4710">
     <span class='ocr_line' id='line_1_60' title="bbox 331 4639 1915 4710; baseline 0 -16"><span class='ocrx_word' id='word_1_423' title='bbox 331 4640 540 4706; x_wconf 78' lang='grc' dir='ltr'>έταξεν.</span> <span class='ocrx_word' id='word_1_424' title='bbox 603 4641 662 4694; x_wconf 86' lang='grc' dir='ltr'>Ὀ</span> <span class='ocrx_word' id='word_1_425' title='bbox 687 4639 766 4704; x_wconf 85' lang='grc' dir='ltr'><strong>δέ,</strong></span> <span class='ocrx_word' id='word_1_426' title='bbox 811 4639 948 4710; x_wconf 82' lang='grc' dir='ltr'>μήτε</span> <span class='ocrx_word' id='word_1_427' title='bbox 979 4639 1078 4710; x_wconf 85' lang='grc' dir='ltr'>τῆς</span> <span class='ocrx_word' id='word_1_428' title='bbox 1117 4639 1451 4710; x_wconf 83' lang='grc' dir='ltr'>κατηγορίας</span> <span class='ocrx_word' id='word_1_429' title='bbox 1486 4639 1745 4705; x_wconf 83' lang='grc' dir='ltr'>ἀκούσας,</span> <span class='ocrx_word' id='word_1_430' title='bbox 1777 4641 1915 4710; x_wconf 74' lang='grc' dir='ltr'>μήτε</span> 
     </span>
    </p>
   </div>
   <div class='ocr_carea' id='block_1_61' title="bbox 329 4729 1914 4804">
    <p class='ocr_par' dir='ltr' id='par_1_61' title="bbox 329 4729 1914 4804">
     <span class='ocr_line' id='line_1_61' title="bbox 329 4729 1914 4804; baseline 0.001 -20"><span class='ocrx_word' id='word_1_431' title='bbox 329 4733 430 4802; x_wconf 84' lang='grc' dir='ltr'>τὴν</span> <span class='ocrx_word' id='word_1_432' title='bbox 480 4731 775 4801; x_wconf 82' lang='grc' dir='ltr'>ἀπολογίαν</span> <span class='ocrx_word' id='word_1_433' title='bbox 835 4729 1240 4803; x_wconf 79' lang='grc' dir='ltr'>προσενεγκὼν,</span> <span class='ocrx_word' id='word_1_434' title='bbox 1294 4730 1370 4795; x_wconf 84' lang='grc' dir='ltr'><strong>ὡς</strong></span> <span class='ocrx_word' id='word_1_435' title='bbox 1413 4731 1776 4803; x_wconf 83' lang='grc' dir='ltr'>ὲληλεγμὲνος</span> <span class='ocrx_word' id='word_1_436' title='bbox 1827 4733 1914 4804; x_wconf 79' lang='grc' dir='ltr'>ἐφ’</span> 
     </span>
    </p>
   </div>
   <div class='ocr_carea' id='block_1_62' title="bbox 331 4815 1915 4896">
    <p class='ocr_par' dir='ltr' id='par_1_62' title="bbox 331 4815 1915 4896">
     <span class='ocr_line' id='line_1_62' title="bbox 331 4815 1915 4896; baseline 0.003 -20"><span class='ocrx_word' id='word_1_437' title='bbox 331 4815 412 4888; x_wconf 80' lang='grc' dir='ltr'><strong>οἷς</strong></span> <span class='ocrx_word' id='word_1_438' title='bbox 442 4818 659 4895; x_wconf 65' lang='grc' dir='ltr'>ᾐτιάθη,</span> <span class='ocrx_word' id='word_1_439' title='bbox 690 4824 788 4896; x_wconf 83' lang='grc' dir='ltr'>τὴν</span> <span class='ocrx_word' id='word_1_440' title='bbox 817 4823 970 4877; x_wconf 85' lang='grc' dir='ltr'>πόλιν</span> <span class='ocrx_word' id='word_1_441' title='bbox 1003 4823 1326 4884; x_wconf 78' lang='grc' dir='ltr'>καταλιπεῖν</span> <span class='ocrx_word' id='word_1_442' title='bbox 1353 4824 1697 4896; x_wconf 65' lang='grc' dir='ltr'><strong>⁴Ιιναγκάσίῡη,</strong></span> <span class='ocrx_word' id='word_1_443' title='bbox 1734 4825 1828 4882; x_wconf 74' lang='grc' dir='ltr'>καὶ</span> <span class='ocrx_word' id='word_1_444' title='bbox 1854 4827 1915 4880; x_wconf 79' lang='grc' dir='ltr'>τὸ</span> 
     </span>
    </p>
   </div>
   <div class='ocr_carea' id='block_1_63' title="bbox 330 4912 1914 4989">
    <p class='ocr_par' dir='ltr' id='par_1_63' title="bbox 330 4912 1914 4989">
     <span class='ocr_line' id='line_1_63' title="bbox 330 4912 1914 4989; baseline 0.004 -24"><span class='ocrx_word' id='word_1_445' title='bbox 330 4914 390 4966; x_wconf 85' lang='grc' dir='ltr'><strong>ἐν</strong></span> <span class='ocrx_word' id='word_1_446' title='bbox 448 4915 526 4986; x_wconf 84' lang='grc' dir='ltr'>τῷ</span> <span class='ocrx_word' id='word_1_447' title='bbox 585 4917 813 4987; x_wconf 85' lang='grc' dir='ltr'>στόματι</span> <span class='ocrx_word' id='word_1_448' title='bbox 870 4912 964 4970; x_wconf 83' lang='grc' dir='ltr'>τοῦ</span> <span class='ocrx_word' id='word_1_449' title='bbox 1032 4917 1237 4970; x_wconf 88' lang='grc' dir='ltr'>Πόντου</span> <span class='ocrx_word' id='word_1_450' title='bbox 1302 4918 1552 4989; x_wconf 86' lang='grc' dir='ltr'>κείμενον</span> <span class='ocrx_word' id='word_1_451' title='bbox 1616 4917 1914 4973; x_wconf 85' lang='grc' dir='ltr'>κατέλαϐεν</span> 
     </span>
    </p>
   </div>
   <div class='ocr_carea' id='block_1_64' title="bbox 342 4998 1914 5083">
    <p class='ocr_par' dir='ltr' id='par_1_64' title="bbox 342 4998 1914 5083">
     <span class='ocr_line' id='line_1_64' title="bbox 342 4998 1914 5083; baseline 0.005 -25"><span class='ocrx_word' id='word_1_452' title='bbox 342 4998 512 5077; x_wconf 75' lang='grc' dir='ltr'>’Ἱερόν</span> <span class='ocrx_word' id='word_1_453' title='bbox 541 5024 556 5039; x_wconf 67' lang='grc' dir='ltr'>υ</span> <span class='ocrx_word' id='word_1_454' title='bbox 586 5007 730 5062; x_wconf 81' lang='grc' dir='ltr'>οὕτω</span> <span class='ocrx_word' id='word_1_455' title='bbox 757 5007 867 5080; x_wconf 81' lang='grc' dir='ltr'><strong>γὰρ</strong></span> <span class='ocrx_word' id='word_1_456' title='bbox 905 5011 1082 5064; x_wconf 86' lang='grc' dir='ltr'>ἐκεῖνο</span> <span class='ocrx_word' id='word_1_457' title='bbox 1112 5009 1172 5063; x_wconf 83' lang='grc' dir='ltr'>τὸ</span> <span class='ocrx_word' id='word_1_458' title='bbox 1211 5009 1444 5066; x_wconf 82' lang='grc' dir='ltr'>ἐπίνειον</span> <span class='ocrx_word' id='word_1_459' title='bbox 1481 5001 1524 5042; x_wconf 75' lang='grc'><strong>⁸⁸</strong></span> <span class='ocrx_word' id='word_1_460' title='bbox 1565 5010 1914 5083; x_wconf 80' lang='grc' dir='ltr'>ὀνομάζουσι.</span> 
     </span>
    </p>
   </div>
   <div class='ocr_carea' id='block_1_65' title="bbox 333 5096 1916 5172">
    <p class='ocr_par' dir='ltr' id='par_1_65' title="bbox 333 5096 1916 5172">
     <span class='ocr_line' id='line_1_65' title="bbox 333 5096 1916 5172; baseline 0.005 -23"><span class='ocrx_word' id='word_1_461' title='bbox 333 5096 568 5168; x_wconf 81' lang='grc' dir='ltr'>Σεισμοῦ</span> <span class='ocrx_word' id='word_1_462' title='bbox 620 5098 675 5152; x_wconf 81' lang='grc' dir='ltr'>δὲ</span> <span class='ocrx_word' id='word_1_463' title='bbox 723 5100 980 5170; x_wconf 87' lang='grc' dir='ltr'>μεγίστου</span> <span class='ocrx_word' id='word_1_464' title='bbox 1031 5100 1248 5172; x_wconf 86' lang='grc' dir='ltr'>νύκτωρ</span> <span class='ocrx_word' id='word_1_465' title='bbox 1293 5102 1612 5170; x_wconf 81' lang='grc' dir='ltr'>γενομένου,</span> <span class='ocrx_word' id='word_1_466' title='bbox 1665 5103 1760 5158; x_wconf 79' lang='grc' dir='ltr'>καὶ</span> <span class='ocrx_word' id='word_1_467' title='bbox 1806 5103 1916 5158; x_wconf 88' lang='grc' dir='ltr'>δεί-</span> 
     </span>
    </p>
   </div>
   <div class='ocr_carea' id='block_1_66' title="bbox 2149 1596 3477 1692">
    <p class='ocr_par' dir='ltr' id='par_1_66' title="bbox 2149 1596 3477 1692">
     <span class='ocr_line' id='line_1_66' title="bbox 2149 1596 3477 1692; baseline -0.002 -15"><span class='ocrx_word' id='word_1_468' title='bbox 2149 1616 2360 1688; x_wconf 86' lang='lat'><strong>1073</strong></span> <span class='ocrx_word' id='word_1_469' title='bbox 2386 1617 2538 1674; x_wconf 84' lang='lat' dir='ltr'><strong>CAP.</strong></span> <span class='ocrx_word' id='word_1_470' title='bbox 2580 1596 2820 1674; x_wconf 77' lang='lat' dir='ltr'><strong>XXXIII.</strong></span> <span class='ocrx_word' id='word_1_471' title='bbox 2856 1616 2944 1692; x_wconf 78' lang='grc' dir='ltr'><strong>[Β.</strong></span> <span class='ocrx_word' id='word_1_472' title='bbox 2981 1615 3064 1673; x_wconf 88' lang='lat' dir='ltr'><strong>St.</strong></span> <span class='ocrx_word' id='word_1_473' title='bbox 3101 1628 3162 1673; x_wconf 72' lang='grc' dir='ltr'><strong>ν.</strong></span> <span class='ocrx_word' id='word_1_474' title='bbox 3201 1619 3302 1674; x_wconf 74' lang='lat' dir='ltr'><strong>cn.</strong></span> <span class='ocrx_word' id='word_1_475' title='bbox 3347 1614 3477 1688; x_wconf 77' lang='lat'><strong>55.]</strong></span> 
     </span>
    </p>
   </div>
   <div class='ocr_carea' id='block_1_67' title="bbox 2367 1700 3242 1783">
    <p class='ocr_par' dir='ltr' id='par_1_67' title="bbox 2367 1700 3242 1783">
     <span class='ocr_line' id='line_1_67' title="bbox 2367 1700 3242 1783; baseline 0.003 -21"><span class='ocrx_word' id='word_1_476' title='bbox 2367 1709 2446 1764; x_wconf 89' lang='lat' dir='ltr'><strong>De</strong></span> <span class='ocrx_word' id='word_1_477' title='bbox 2469 1710 2582 1780; x_wconf 73' lang='lat' dir='ltr'><strong>ejus</strong></span> <span class='ocrx_word' id='word_1_478' title='bbox 2615 1712 2685 1766; x_wconf 82' lang='lat' dir='ltr'><strong>ad</strong></span> <span class='ocrx_word' id='word_1_479' title='bbox 2709 1700 2938 1766; x_wconf 74' lang='lat' dir='ltr'><strong>Cainam</strong></span> <span class='ocrx_word' id='word_1_480' title='bbox 2967 1701 3242 1783; x_wconf 75' lang='lat' dir='ltr'><strong>legatione.</strong></span> 
     </span>
    </p>
   </div>
   <div class='ocr_carea' id='block_1_68' title="bbox 2085 1793 3589 1874">
    <p class='ocr_par' dir='ltr' id='par_1_68' title="bbox 2085 1793 3589 1874">
     <span class='ocr_line' id='line_1_68' title="bbox 2085 1793 3589 1874; baseline 0.001 -19"><span class='ocrx_word' id='word_1_481' title='bbox 2085 1799 2240 1856; x_wconf 89' lang='lat' dir='ltr'><strong>Tunc</strong></span> <span class='ocrx_word' id='word_1_482' title='bbox 2269 1800 2458 1874; x_wconf 90' lang='lat' dir='ltr'><strong>igitur,</strong></span> <span class='ocrx_word' id='word_1_483' title='bbox 2495 1798 2883 1874; x_wconf 66' lang='lat' dir='ltr'><strong>praetermissis</strong></span> <span class='ocrx_word' id='word_1_484' title='bbox 2911 1793 3034 1857; x_wconf 72' lang='lat' dir='ltr'><strong>aliis</strong></span> <span class='ocrx_word' id='word_1_485' title='bbox 3063 1803 3318 1858; x_wconf 86' lang='lat' dir='ltr'><strong>omnibus</strong></span> <span class='ocrx_word' id='word_1_486' title='bbox 3359 1811 3418 1856; x_wconf 94' lang='lat' dir='ltr'><strong>nt</strong></span> <span class='ocrx_word' id='word_1_487' title='bbox 3443 1811 3589 1859; x_wconf 86' lang='lat' dir='ltr'><strong>metu</strong></span> 
     </span>
    </p>
   </div>
   <div class='ocr_carea' id='block_1_69' title="bbox 2014 1891 3595 1965">
    <p class='ocr_par' dir='ltr' id='par_1_69' title="bbox 2014 1891 3595 1965">
     <span class='ocr_line' id='line_1_69' title="bbox 2014 1891 3595 1965; baseline 0 -18"><span class='ocrx_word' id='word_1_488' title='bbox 2014 1892 2314 1963; x_wconf 88' lang='lat' dir='ltr'><strong>perculsis,</strong></span> <span class='ocrx_word' id='word_1_489' title='bbox 2354 1891 2716 1950; x_wconf 81' lang='lat' dir='ltr'><strong>fortissimum</strong></span> <span class='ocrx_word' id='word_1_490' title='bbox 2741 1893 2890 1948; x_wconf 89' lang='lat' dir='ltr'><strong>hunc</strong></span> <span class='ocrx_word' id='word_1_491' title='bbox 2921 1895 3098 1946; x_wconf 82' lang='lat' dir='ltr'><strong>virum</strong></span> <span class='ocrx_word' id='word_1_492' title='bbox 3150 1893 3379 1957; x_wconf 87' lang='lat' dir='ltr'><strong>adeunt,</strong></span> <span class='ocrx_word' id='word_1_493' title='bbox 3433 1894 3595 1965; x_wconf 86' lang='lat' dir='ltr'><strong>eique</strong></span> 
     </span>
    </p>
   </div>
   <div class='ocr_carea' id='block_1_70' title="bbox 2015 1983 3594 2058">
    <p class='ocr_par' dir='ltr' id='par_1_70' title="bbox 2015 1983 3594 2058">
     <span class='ocr_line' id='line_1_70' title="bbox 2015 1983 3594 2058; baseline 0.001 -20"><span class='ocrx_word' id='word_1_494' title='bbox 2015 1985 2352 2054; x_wconf 84' lang='lat' dir='ltr'><strong>persuadent</strong></span> <span class='ocrx_word' id='word_1_495' title='bbox 2383 1996 2441 2040; x_wconf 88' lang='lat' dir='ltr'><strong>ut</strong></span> <span class='ocrx_word' id='word_1_496' title='bbox 2469 1985 2744 2058; x_wconf 79' lang='lat' dir='ltr'><strong>legatione</strong></span> <span class='ocrx_word' id='word_1_497' title='bbox 2779 1985 3059 2056; x_wconf 79' lang='lat' dir='ltr'><strong>fungatur.</strong></span> <span class='ocrx_word' id='word_1_498' title='bbox 3087 1983 3191 2050; x_wconf 85' lang='lat' dir='ltr'><strong>Qui</strong></span> <span class='ocrx_word' id='word_1_499' title='bbox 3226 2000 3324 2040; x_wconf 91' lang='lat' dir='ltr'><strong>nec</strong></span> <span class='ocrx_word' id='word_1_500' title='bbox 3356 1987 3594 2041; x_wconf 86' lang='lat' dir='ltr'><strong>alterca-</strong></span> 
     </span>
    </p>
   </div>
   <div class='ocr_carea' id='block_1_71' title="bbox 2017 2075 3595 2154">
    <p class='ocr_par' dir='ltr' id='par_1_71' title="bbox 2017 2075 3595 2154">
     <span class='ocr_line' id='line_1_71' title="bbox 2017 2075 3595 2154; baseline 0.003 -26"><span class='ocrx_word' id='word_1_501' title='bbox 2017 2075 2223 2130; x_wconf 87' lang='lat' dir='ltr'><strong>tionem</strong></span> <span class='ocrx_word' id='word_1_502' title='bbox 2259 2093 2368 2148; x_wconf 87' lang='lat' dir='ltr'><strong>qua</strong></span> <span class='ocrx_word' id='word_1_503' title='bbox 2403 2077 2480 2132; x_wconf 90' lang='lat' dir='ltr'><strong>illi</strong></span> <span class='ocrx_word' id='word_1_504' title='bbox 2517 2079 2817 2144; x_wconf 86' lang='lat' dir='ltr'><strong>restiterat,</strong></span> <span class='ocrx_word' id='word_1_505' title='bbox 2850 2093 2952 2132; x_wconf 92' lang='lat' dir='ltr'><strong>nec</strong></span> <span class='ocrx_word' id='word_1_506' title='bbox 2990 2092 3055 2133; x_wconf 82' lang='lat' dir='ltr'><strong>ex</strong></span> <span class='ocrx_word' id='word_1_507' title='bbox 3085 2092 3147 2132; x_wconf 85' lang='lat' dir='ltr'><strong>ea</strong></span> <span class='ocrx_word' id='word_1_508' title='bbox 3179 2085 3361 2154; x_wconf 80' lang='lat' dir='ltr'><strong>natam</strong></span> <span class='ocrx_word' id='word_1_509' title='bbox 3401 2080 3595 2133; x_wconf 87' lang='lat' dir='ltr'><strong>simul-</strong></span> 
     </span>
    </p>
   </div>
   <div class='ocr_carea' id='block_1_72' title="bbox 2013 2159 3586 2242">
    <p class='ocr_par' dir='ltr' id='par_1_72' title="bbox 2013 2159 3586 2242">
     <span class='ocr_line' id='line_1_72' title="bbox 2013 2159 3586 2242; baseline 0.002 -22"><span class='ocrx_word' id='word_1_510' title='bbox 2013 2175 2181 2222; x_wconf 88' lang='lat' dir='ltr'><strong>tatem</strong></span> <span class='ocrx_word' id='word_1_511' title='bbox 2213 2169 2607 2235; x_wconf 87' lang='lat' dir='ltr'><strong>considerans,</strong></span> <span class='ocrx_word' id='word_1_512' title='bbox 2655 2178 2911 2242; x_wconf 89' lang='lat' dir='ltr'><strong>prompto</strong></span> <span class='ocrx_word' id='word_1_513' title='bbox 2955 2159 3140 2224; x_wconf 81' lang='lat' dir='ltr'><strong>animo</strong></span> <span class='ocrx_word' id='word_1_514' title='bbox 3189 2171 3245 2226; x_wconf 91' lang='lat' dir='ltr'><strong>in</strong></span> <span class='ocrx_word' id='word_1_515' title='bbox 3295 2171 3586 2226; x_wconf 81' lang='lat' dir='ltr'><strong>Thraciam</strong></span> 
     </span>
    </p>
   </div>
   <div class='ocr_carea' id='block_1_73' title="bbox 2016 2257 3592 2334">
    <p class='ocr_par' dir='ltr' id='par_1_73' title="bbox 2016 2257 3592 2334">
     <span class='ocr_line' id='line_1_73' title="bbox 2016 2257 3592 2334; baseline 0.003 -25"><span class='ocrx_word' id='word_1_516' title='bbox 2016 2257 2295 2327; x_wconf 83' lang='lat' dir='ltr'><strong>profectus</strong></span> <span class='ocrx_word' id='word_1_517' title='bbox 2333 2267 2438 2315; x_wconf 90' lang='lat' dir='ltr'><strong>est.</strong></span> <span class='ocrx_word' id='word_1_518' title='bbox 2478 2259 2572 2316; x_wconf 89' lang='lat' dir='ltr'><strong>Ille</strong></span> <span class='ocrx_word' id='word_1_519' title='bbox 2612 2268 2818 2323; x_wconf 87' lang='lat' dir='ltr'><strong>autem,</strong></span> <span class='ocrx_word' id='word_1_520' title='bbox 2857 2260 3022 2332; x_wconf 84' lang='lat' dir='ltr'><strong>legati</strong></span> <span class='ocrx_word' id='word_1_521' title='bbox 3072 2261 3310 2317; x_wconf 86' lang='lat' dir='ltr'><strong>adventu</strong></span> <span class='ocrx_word' id='word_1_522' title='bbox 3347 2263 3592 2334; x_wconf 81' lang='lat' dir='ltr'><strong>cognito,</strong></span> 
     </span>
    </p>
   </div>
   <div class='ocr_carea' id='block_1_74' title="bbox 2015 2342 3596 2423">
    <p class='ocr_par' dir='ltr' id='par_1_74' title="bbox 2015 2342 3596 2423">
     <span class='ocr_line' id='line_1_74' title="bbox 2015 2342 3596 2423; baseline 0.003 -18"><span class='ocrx_word' id='word_1_523' title='bbox 2015 2357 2070 2405; x_wconf 86' lang='lat' dir='ltr'><strong>ct</strong></span> <span class='ocrx_word' id='word_1_524' title='bbox 2103 2349 2410 2407; x_wconf 87' lang='lat' dir='ltr'><strong>libertatem</strong></span> <span class='ocrx_word' id='word_1_525' title='bbox 2439 2368 2546 2422; x_wconf 90' lang='lat' dir='ltr'><strong>qua</strong></span> <span class='ocrx_word' id='word_1_526' title='bbox 2595 2353 2667 2408; x_wconf 91' lang='lat' dir='ltr'><strong>ob</strong></span> <span class='ocrx_word' id='word_1_527' title='bbox 2700 2355 2954 2423; x_wconf 79' lang='lat' dir='ltr'><strong>pietatem</strong></span> <span class='ocrx_word' id='word_1_528' title='bbox 3013 2370 3149 2410; x_wconf 89' lang='lat' dir='ltr'><strong>usus</strong></span> <span class='ocrx_word' id='word_1_529' title='bbox 3196 2342 3374 2410; x_wconf 75' lang='lat' dir='ltr'><strong>Inerat</strong></span> <span class='ocrx_word' id='word_1_530' title='bbox 3411 2357 3596 2410; x_wconf 88' lang='lat' dir='ltr'><strong>animo</strong></span> 
     </span>
    </p>
   </div>
   <div class='ocr_carea' id='block_1_75' title="bbox 2016 2442 3594 2515">
    <p class='ocr_par' dir='ltr' id='par_1_75' title="bbox 2016 2442 3594 2515">
     <span class='ocr_line' id='line_1_75' title="bbox 2016 2442 3594 2515; baseline 0.004 -19"><span class='ocrx_word' id='word_1_531' title='bbox 2016 2442 2326 2507; x_wconf 70' lang='lat' dir='ltr'><strong>revolvens,</strong></span> <span class='ocrx_word' id='word_1_532' title='bbox 2361 2455 2415 2500; x_wconf 85' lang='lat' dir='ltr'><strong>et</strong></span> <span class='ocrx_word' id='word_1_533' title='bbox 2445 2446 2635 2515; x_wconf 85' lang='lat' dir='ltr'><strong>procul</strong></span> <span class='ocrx_word' id='word_1_534' title='bbox 2667 2445 2881 2501; x_wconf 82' lang='lat' dir='ltr'><strong>obviam</strong></span> <span class='ocrx_word' id='word_1_535' title='bbox 2920 2445 3098 2501; x_wconf 87' lang='lat' dir='ltr'><strong>libens</strong></span> <span class='ocrx_word' id='word_1_536' title='bbox 3137 2449 3404 2509; x_wconf 85' lang='lat' dir='ltr'><strong>occurrit,</strong></span> <span class='ocrx_word' id='word_1_537' title='bbox 3438 2448 3594 2515; x_wconf 87' lang='lat' dir='ltr'><strong>ejus—</strong></span> 
     </span>
    </p>
   </div>
   <div class='ocr_carea' id='block_1_76' title="bbox 2014 2533 3595 2618">
    <p class='ocr_par' dir='ltr' id='par_1_76' title="bbox 2014 2533 3595 2618">
     <span class='ocr_line' id='line_1_76' title="bbox 2014 2533 3595 2618; baseline 0.004 -32"><span class='ocrx_word' id='word_1_538' title='bbox 2014 2547 2122 2603; x_wconf 89' lang='lat' dir='ltr'><strong>que</strong></span> <span class='ocrx_word' id='word_1_539' title='bbox 2180 2533 2462 2590; x_wconf 82' lang='lat' dir='ltr'><strong>dexteram</strong></span> <span class='ocrx_word' id='word_1_540' title='bbox 2523 2535 2699 2591; x_wconf 90' lang='lat' dir='ltr'><strong>oculis</strong></span> <span class='ocrx_word' id='word_1_541' title='bbox 2752 2538 2870 2618; x_wconf 84' lang='lat' dir='ltr'><strong>suis</strong></span> <span class='ocrx_word' id='word_1_542' title='bbox 2911 2536 3212 2606; x_wconf 88' lang='lat' dir='ltr'><strong>applicuit,</strong></span> <span class='ocrx_word' id='word_1_543' title='bbox 3259 2545 3315 2591; x_wconf 92' lang='lat' dir='ltr'><strong>et</strong></span> <span class='ocrx_word' id='word_1_544' title='bbox 3383 2537 3595 2593; x_wconf 85' lang='lat' dir='ltr'><strong>liberos</strong></span> 
     </span>
    </p>
   </div>
   <div class='ocr_carea' id='block_1_77' title="bbox 2015 2622 3596 2696">
    <p class='ocr_par' dir='ltr' id='par_1_77' title="bbox 2015 2622 3596 2696">
     <span class='ocr_line' id='line_1_77' title="bbox 2015 2622 3596 2696; baseline 0 -19"><span class='ocrx_word' id='word_1_545' title='bbox 2015 2636 2147 2677; x_wconf 89' lang='lat' dir='ltr'><strong>suos</strong></span> <span class='ocrx_word' id='word_1_546' title='bbox 2203 2623 2378 2678; x_wconf 88' lang='lat' dir='ltr'><strong>sacris</strong></span> <span class='ocrx_word' id='word_1_547' title='bbox 2422 2624 2595 2696; x_wconf 79' lang='lat' dir='ltr'><strong>ipsius</strong></span> <span class='ocrx_word' id='word_1_548' title='bbox 2645 2623 2877 2693; x_wconf 86' lang='lat' dir='ltr'><strong>genibus</strong></span> <span class='ocrx_word' id='word_1_549' title='bbox 2932 2623 3192 2678; x_wconf 83' lang='lat' dir='ltr'><strong>admovit.</strong></span> <span class='ocrx_word' id='word_1_550' title='bbox 3249 2622 3434 2693; x_wconf 87' lang='lat' dir='ltr'><strong>Usque</strong></span> <span class='ocrx_word' id='word_1_551' title='bbox 3461 2623 3596 2678; x_wconf 82' lang='lat' dir='ltr'><strong>adeo</strong></span> 
     </span>
    </p>
   </div>
   <div class='ocr_carea' id='block_1_78' title="bbox 2015 2705 3596 2785">
    <p class='ocr_par' dir='ltr' id='par_1_78' title="bbox 2015 2705 3596 2785">
     <span class='ocr_line' id='line_1_78' title="bbox 2015 2705 3596 2785; baseline 0 -17"><span class='ocrx_word' id='word_1_552' title='bbox 2015 2714 2178 2769; x_wconf 89' lang='lat' dir='ltr'><strong>etiam</strong></span> <span class='ocrx_word' id='word_1_553' title='bbox 2214 2715 2604 2772; x_wconf 80' lang='lat' dir='ltr'><strong>infestissimos</strong></span> <span class='ocrx_word' id='word_1_554' title='bbox 2643 2705 2942 2785; x_wconf 82' lang='lat' dir='ltr'><strong>percellere</strong></span> <span class='ocrx_word' id='word_1_555' title='bbox 2975 2730 3038 2769; x_wconf 88' lang='lat' dir='ltr'><strong>ac</strong></span> <span class='ocrx_word' id='word_1_556' title='bbox 3077 2714 3343 2784; x_wconf 75' lang='lat' dir='ltr'><strong>pudorem</strong></span> <span class='ocrx_word' id='word_1_557' title='bbox 3384 2713 3596 2768; x_wconf 74' lang='lat' dir='ltr'><strong>suffun-</strong></span> 
     </span>
    </p>
   </div>
   <div class='ocr_carea' id='block_1_79' title="bbox 2017 2805 2552 2866">
    <p class='ocr_par' dir='ltr' id='par_1_79' title="bbox 2017 2805 2552 2866">
     <span class='ocr_line' id='line_1_79' title="bbox 2017 2805 2552 2866; baseline 0.011 -6"><span class='ocrx_word' id='word_1_558' title='bbox 2017 2805 2147 2862; x_wconf 88' lang='lat' dir='ltr'><strong>dere</strong></span> <span class='ocrx_word' id='word_1_559' title='bbox 2178 2807 2356 2864; x_wconf 89' lang='lat' dir='ltr'><strong>virtus</strong></span> <span class='ocrx_word' id='word_1_560' title='bbox 2391 2809 2552 2866; x_wconf 88' lang='lat' dir='ltr'><strong>solet.</strong></span> 
     </span>
    </p>
   </div>
   <div class='ocr_carea' id='block_1_80' title="bbox 2102 2895 3593 2974">
    <p class='ocr_par' dir='ltr' id='par_1_80' title="bbox 2102 2895 3593 2974">
     <span class='ocr_line' id='line_1_80' title="bbox 2102 2895 3593 2974; baseline 0.004 -24"><span class='ocrx_word' id='word_1_561' title='bbox 2102 2895 2195 2970; x_wconf 86' lang='lat' dir='ltr'><strong>[V.</strong></span> <span class='ocrx_word' id='word_1_562' title='bbox 2235 2900 2336 2956; x_wconf 82' lang='lat' dir='ltr'><strong>Ch.</strong></span> <span class='ocrx_word' id='word_1_563' title='bbox 2372 2900 2488 2974; x_wconf 73' lang='lat'><strong>&#39;54.]</strong></span> <span class='ocrx_word' id='word_1_564' title='bbox 2524 2901 2725 2956; x_wconf 81' lang='lat' dir='ltr'><strong>Verum</strong></span> <span class='ocrx_word' id='word_1_565' title='bbox 2772 2899 3080 2956; x_wconf 83' lang='lat' dir='ltr'><strong>radiantem</strong></span> <span class='ocrx_word' id='word_1_566' title='bbox 3132 2899 3254 2970; x_wconf 84' lang='lat' dir='ltr'><strong>ejus</strong></span> <span class='ocrx_word' id='word_1_567' title='bbox 3309 2900 3593 2972; x_wconf 76' lang='lat' dir='ltr'><strong>sapientiae</strong></span> 
     </span>
    </p>
   </div>
   <div class='ocr_carea' id='block_1_81' title="bbox 2017 2984 3595 3070">
    <p class='ocr_par' dir='ltr' id='par_1_81' title="bbox 2017 2984 3595 3070">
     <span class='ocr_line' id='line_1_81' title="bbox 2017 2984 3595 3070; baseline -0.004 -16"><span class='ocrx_word' id='word_1_568' title='bbox 2017 2995 2369 3070; x_wconf 85' lang='lat' dir='ltr'><strong>splendorem</strong></span> <span class='ocrx_word' id='word_1_569' title='bbox 2411 2995 2614 3051; x_wconf 75' lang='lat' dir='ltr'><strong>invidia</strong></span> <span class='ocrx_word' id='word_1_570' title='bbox 2657 3003 2767 3050; x_wconf 81' lang='lat' dir='ltr'><strong>n‘on</strong></span> <span class='ocrx_word' id='word_1_571' title='bbox 2793 2991 2925 3050; x_wconf 84' lang='lat' dir='ltr'><strong>tulit</strong></span> <span class='ocrx_word' id='word_1_572' title='bbox 2961 3013 2976 3050; x_wconf 88' lang='lat'>:</span> <span class='ocrx_word' id='word_1_573' title='bbox 3009 2984 3104 3052; x_wconf 87' lang='lat' dir='ltr'><strong>sed</strong></span> <span class='ocrx_word' id='word_1_574' title='bbox 3131 2995 3414 3051; x_wconf 86' lang='lat' dir='ltr'><strong>consuetis</strong></span> <span class='ocrx_word' id='word_1_575' title='bbox 3457 2995 3595 3049; x_wconf 88' lang='lat' dir='ltr'><strong>arti-</strong></span> 
     </span>
    </p>
   </div>
   <div class='ocr_carea' id='block_1_82' title="bbox 2015 3087 3596 3162">
    <p class='ocr_par' dir='ltr' id='par_1_82' title="bbox 2015 3087 3596 3162">
     <span class='ocr_line' id='line_1_82' title="bbox 2015 3087 3596 3162; baseline -0.001 -18"><span class='ocrx_word' id='word_1_576' title='bbox 2015 3089 2120 3145; x_wconf 90' lang='lat' dir='ltr'><strong>bus</strong></span> <span class='ocrx_word' id='word_1_577' title='bbox 2168 3096 2346 3152; x_wconf 89' lang='lat' dir='ltr'><strong>uteus,</strong></span> <span class='ocrx_word' id='word_1_578' title='bbox 2417 3087 2607 3142; x_wconf 87' lang='lat' dir='ltr'><strong>urbem</strong></span> <span class='ocrx_word' id='word_1_579' title='bbox 2653 3087 2892 3162; x_wconf 68' lang='lat' dir='ltr'><strong>regiam,</strong></span> <span class='ocrx_word' id='word_1_580' title='bbox 2944 3087 3028 3141; x_wconf 82' lang='lat' dir='ltr'><strong>&#39;vel</strong></span> <span class='ocrx_word' id='word_1_581' title='bbox 3077 3087 3266 3143; x_wconf 88' lang='lat' dir='ltr'><strong>orbem</strong></span> <span class='ocrx_word' id='word_1_582' title='bbox 3328 3095 3596 3143; x_wconf 87' lang='lat' dir='ltr'><strong>terrarum</strong></span> 
     </span>
    </p>
   </div>
   <div class='ocr_carea' id='block_1_83' title="bbox 2015 3177 3594 3252">
    <p class='ocr_par' dir='ltr' id='par_1_83' title="bbox 2015 3177 3594 3252">
     <span class='ocr_line' id='line_1_83' title="bbox 2015 3177 3594 3252; baseline -0.003 -17"><span class='ocrx_word' id='word_1_583' title='bbox 2015 3180 2201 3252; x_wconf 86' lang='lat' dir='ltr'><strong>potius</strong></span> <span class='ocrx_word' id='word_1_584' title='bbox 2230 3179 2571 3244; x_wconf 82' lang='lat' dir='ltr'><strong>universum,</strong></span> <span class='ocrx_word' id='word_1_585' title='bbox 2607 3177 2754 3234; x_wconf 91' lang='lat' dir='ltr'><strong>illius</strong></span> <span class='ocrx_word' id='word_1_586' title='bbox 2781 3179 2966 3250; x_wconf 81' lang='lat' dir='ltr'><strong>lingua</strong></span> <span class='ocrx_word' id='word_1_587' title='bbox 3002 3186 3058 3233; x_wconf 88' lang='lat' dir='ltr'><strong>et</strong></span> <span class='ocrx_word' id='word_1_588' title='bbox 3087 3189 3266 3234; x_wconf 87' lang='lat' dir='ltr'><strong>mente</strong></span> <span class='ocrx_word' id='word_1_589' title='bbox 3315 3179 3594 3248; x_wconf 83' lang='lat' dir='ltr'><strong>spoliavit.</strong></span> 
     </span>
    </p>
   </div>
   <div class='ocr_carea' id='block_1_84' title="bbox 2401 3351 3203 3436">
    <p class='ocr_par' dir='ltr' id='par_1_84' title="bbox 2401 3351 3203 3436">
     <span class='ocr_line' id='line_1_84' title="bbox 2401 3351 3203 3436; baseline -0.001 -21"><span class='ocrx_word' id='word_1_590' title='bbox 2401 3355 2554 3415; x_wconf 80' lang='lat' dir='ltr'><strong>CAP.</strong></span> <span class='ocrx_word' id='word_1_591' title='bbox 2587 3353 2828 3414; x_wconf 74' lang='lat' dir='ltr'><strong>xxxw.</strong></span> <span class='ocrx_word' id='word_1_592' title='bbox 2863 3351 2944 3432; x_wconf 73' lang='grc' dir='ltr'><strong>[Β.</strong></span> <span class='ocrx_word' id='word_1_593' title='bbox 2973 3359 3052 3414; x_wconf 85' lang='lat' dir='ltr'><strong>St.</strong></span> <span class='ocrx_word' id='word_1_594' title='bbox 3090 3357 3203 3436; x_wconf 52' lang='grc' dir='ltr'>εει]</span> 
     </span>
    </p>
   </div>
   <div class='ocr_carea' id='block_1_85' title="bbox 2116 3449 3494 3525">
    <p class='ocr_par' dir='ltr' id='par_1_85' title="bbox 2116 3449 3494 3525">
     <span class='ocr_line' id='line_1_85' title="bbox 2116 3449 3494 3525; baseline -0.001 -18"><span class='ocrx_word' id='word_1_595' title='bbox 2116 3449 2193 3507; x_wconf 86' lang='lat' dir='ltr'><strong>De</strong></span> <span class='ocrx_word' id='word_1_596' title='bbox 2232 3451 2298 3505; x_wconf 70' lang='lat' dir='ltr'><strong>iis</strong></span> <span class='ocrx_word' id='word_1_597' title='bbox 2328 3467 2444 3522; x_wconf 79' lang='lat' dir='ltr'><strong>qua:</strong></span> <span class='ocrx_word' id='word_1_598' title='bbox 2471 3458 2682 3520; x_wconf 85' lang='lat' dir='ltr'><strong>propter</strong></span> <span class='ocrx_word' id='word_1_599' title='bbox 2722 3450 3159 3525; x_wconf 74' lang='lat' dir='ltr'><strong>Chrysostomum</strong></span> <span class='ocrx_word' id='word_1_600' title='bbox 3190 3461 3494 3505; x_wconf 83' lang='lat' dir='ltr'><strong>evenerunt.</strong></span> 
     </span>
    </p>
   </div>
   <div class='ocr_carea' id='block_1_86' title="bbox 2089 3539 3591 3614">
    <p class='ocr_par' dir='ltr' id='par_1_86' title="bbox 2089 3539 3591 3614">
     <span class='ocr_line' id='line_1_86' title="bbox 2089 3539 3591 3614; baseline 0.001 -18"><span class='ocrx_word' id='word_1_601' title='bbox 2089 3541 2206 3614; x_wconf 84' lang='lat' dir='ltr'><strong>Ego</strong></span> <span class='ocrx_word' id='word_1_602' title='bbox 2243 3557 2373 3598; x_wconf 88' lang='lat' dir='ltr'><strong>vero</strong></span> <span class='ocrx_word' id='word_1_603' title='bbox 2401 3543 2466 3598; x_wconf 91' lang='lat' dir='ltr'><strong>ad</strong></span> <span class='ocrx_word' id='word_1_604' title='bbox 2498 3539 2640 3596; x_wconf 89' lang='lat' dir='ltr'><strong>hanc</strong></span> <span class='ocrx_word' id='word_1_605' title='bbox 2665 3541 2907 3598; x_wconf 70' lang='lat' dir='ltr'><strong>historia:</strong></span> <span class='ocrx_word' id='word_1_606' title='bbox 2946 3550 3151 3613; x_wconf 80' lang='lat' dir='ltr'><strong>partem</strong></span> <span class='ocrx_word' id='word_1_607' title='bbox 3201 3543 3414 3598; x_wconf 82' lang='lat' dir='ltr'><strong>delatus</strong></span> <span class='ocrx_word' id='word_1_608' title='bbox 3463 3542 3591 3614; x_wconf 84' lang='lat' dir='ltr'><strong>quid</strong></span> 
     </span>
    </p>
   </div>
   <div class='ocr_carea' id='block_1_87' title="bbox 2022 3622 3593 3703">
    <p class='ocr_par' dir='ltr' id='par_1_87' title="bbox 2022 3622 3593 3703">
     <span class='ocr_line' id='line_1_87' title="bbox 2022 3622 3593 3703; baseline -0.001 -12"><span class='ocrx_word' id='word_1_609' title='bbox 2022 3637 2192 3691; x_wconf 90' lang='lat' dir='ltr'><strong>animi</strong></span> <span class='ocrx_word' id='word_1_610' title='bbox 2217 3635 2452 3690; x_wconf 89' lang='lat' dir='ltr'><strong>habeam</strong></span> <span class='ocrx_word' id='word_1_611' title='bbox 2478 3636 2687 3692; x_wconf 87' lang='lat' dir='ltr'><strong>nescio.</strong></span> <span class='ocrx_word' id='word_1_612' title='bbox 2722 3622 2859 3689; x_wconf 79' lang='lat' dir='ltr'><strong>Nam</strong></span> <span class='ocrx_word' id='word_1_613' title='bbox 2893 3625 3022 3690; x_wconf 89' lang='lat' dir='ltr'><strong>dum</strong></span> <span class='ocrx_word' id='word_1_614' title='bbox 3061 3635 3295 3703; x_wconf 86' lang='lat' dir='ltr'><strong>injurias</strong></span> <span class='ocrx_word' id='word_1_615' title='bbox 3329 3638 3376 3692; x_wconf 84' lang='lat' dir='ltr'><strong>ci</strong></span> <span class='ocrx_word' id='word_1_616' title='bbox 3415 3637 3593 3690; x_wconf 84' lang='lat' dir='ltr'><strong>illatas</strong></span> 
     </span>
    </p>
   </div>
   <div class='ocr_carea' id='block_1_88' title="bbox 2017 3728 3592 3798">
    <p class='ocr_par' dir='ltr' id='par_1_88' title="bbox 2017 3728 3592 3798">
     <span class='ocr_line' id='line_1_88' title="bbox 2017 3728 3592 3798; baseline 0.002 -17"><span class='ocrx_word' id='word_1_617' title='bbox 2017 3743 2246 3783; x_wconf 87' lang='lat' dir='ltr'><strong>narrare</strong></span> <span class='ocrx_word' id='word_1_618' title='bbox 2288 3728 2544 3794; x_wconf 85' lang='lat' dir='ltr'><strong>instituo,</strong></span> <span class='ocrx_word' id='word_1_619' title='bbox 2607 3742 2797 3783; x_wconf 89' lang='lat' dir='ltr'><strong>eorum</strong></span> <span class='ocrx_word' id='word_1_620' title='bbox 2836 3728 2930 3798; x_wconf 88' lang='lat' dir='ltr'><strong>qui</strong></span> <span class='ocrx_word' id='word_1_621' title='bbox 2978 3728 3323 3784; x_wconf 77' lang='lat' dir='ltr'><strong>intulerunt&#39;</strong></span> <span class='ocrx_word' id='word_1_622' title='bbox 3360 3730 3592 3784; x_wconf 83' lang='lat' dir='ltr'><strong>virtutes</strong></span> 
     </span>
    </p>
   </div>
   <div class='ocr_carea' id='block_1_89' title="bbox 2017 3807 3586 3892">
    <p class='ocr_par' dir='ltr' id='par_1_89' title="bbox 2017 3807 3586 3892">
     <span class='ocr_line' id='line_1_89' title="bbox 2017 3807 3586 3892; baseline 0.002 -19"><span class='ocrx_word' id='word_1_623' title='bbox 2017 3821 2154 3876; x_wconf 91' lang='lat' dir='ltr'><strong>alias</strong></span> <span class='ocrx_word' id='word_1_624' title='bbox 2193 3835 2469 3876; x_wconf 83' lang='lat' dir='ltr'><strong>revereor.</strong></span> <span class='ocrx_word' id='word_1_625' title='bbox 2510 3817 2626 3886; x_wconf 87' lang='lat' dir='ltr'><strong>Qua</strong></span> <span class='ocrx_word' id='word_1_626' title='bbox 2667 3835 2802 3876; x_wconf 87' lang='lat' dir='ltr'><strong>sane</strong></span> <span class='ocrx_word' id='word_1_627' title='bbox 2835 3807 2902 3876; x_wconf 86' lang='lat' dir='ltr'><strong>de</strong></span> <span class='ocrx_word' id='word_1_628' title='bbox 2939 3835 3104 3876; x_wconf 88' lang='lat' dir='ltr'><strong>causa</strong></span> <span class='ocrx_word' id='word_1_629' title='bbox 3147 3821 3390 3892; x_wconf 89' lang='lat' dir='ltr'><strong>ipsorum</strong></span> <span class='ocrx_word' id='word_1_630' title='bbox 3425 3821 3586 3877; x_wconf 88' lang='lat' dir='ltr'><strong>etiam</strong></span> 
     </span>
    </p>
   </div>
   <div class='ocr_carea' id='block_1_90' title="bbox 2018 3913 3595 3973">
    <p class='ocr_par' dir='ltr' id='par_1_90' title="bbox 2018 3913 3595 3973">
     <span class='ocr_line' id='line_1_90' title="bbox 2018 3913 3595 3973; baseline 0.004 -7"><span class='ocrx_word' id='word_1_631' title='bbox 2018 3913 2240 3967; x_wconf 90' lang='lat' dir='ltr'><strong>nomina</strong></span> <span class='ocrx_word' id='word_1_632' title='bbox 2291 3914 2576 3970; x_wconf 87' lang='lat' dir='ltr'><strong>occultare</strong></span> <span class='ocrx_word' id='word_1_633' title='bbox 2612 3915 2876 3970; x_wconf 90' lang='lat' dir='ltr'><strong>conabor.</strong></span> <span class='ocrx_word' id='word_1_634' title='bbox 2917 3913 2980 3970; x_wconf 83' lang='lat' dir='ltr'><strong>Ili</strong></span> <span class='ocrx_word' id='word_1_635' title='bbox 3035 3930 3158 3970; x_wconf 90' lang='lat' dir='ltr'><strong>cum</strong></span> <span class='ocrx_word' id='word_1_636' title='bbox 3206 3915 3460 3972; x_wconf 81' lang='lat' dir='ltr'><strong>diversas</strong></span> <span class='ocrx_word' id='word_1_637' title='bbox 3513 3916 3595 3973; x_wconf 79' lang='lat' dir='ltr'><strong>si-</strong></span> 
     </span>
    </p>
   </div>
   <div class='ocr_carea' id='block_1_91' title="bbox 2017 4002 3591 4082">
    <p class='ocr_par' dir='ltr' id='par_1_91' title="bbox 2017 4002 3591 4082">
     <span class='ocr_line' id='line_1_91' title="bbox 2017 4002 3591 4082; baseline 0.002 -26"><span class='ocrx_word' id='word_1_638' title='bbox 2017 4002 2266 4056; x_wconf 88' lang='lat' dir='ltr'><strong>multatis</strong></span> <span class='ocrx_word' id='word_1_639' title='bbox 2295 4017 2492 4060; x_wconf 77' lang='lat' dir='ltr'><strong>causas</strong></span> <span class='ocrx_word' id='word_1_640' title='bbox 2516 4003 3141 4082; x_wconf 84' lang='lat' dir='ltr'><strong>haberent,_l&#39;ulgcutent</strong></span> <span class='ocrx_word' id='word_1_641' title='bbox 3183 4006 3285 4060; x_wconf 92' lang='lat' dir='ltr'><strong>viri</strong></span> <span class='ocrx_word' id='word_1_642' title='bbox 3337 4006 3591 4062; x_wconf 83' lang='lat' dir='ltr'><strong>virtutem</strong></span> 
     </span>
    </p>
   </div>
   <div class='ocr_carea' id='block_1_92' title="bbox 2014 4080 3586 4166">
    <p class='ocr_par' dir='ltr' id='par_1_92' title="bbox 2014 4080 3586 4166">
     <span class='ocr_line' id='line_1_92' title="bbox 2014 4080 3586 4166; baseline 0.003 -18"><span class='ocrx_word' id='word_1_643' title='bbox 2014 4107 2242 4149; x_wconf 87' lang='lat' dir='ltr'><strong>cernere</strong></span> <span class='ocrx_word' id='word_1_644' title='bbox 2272 4095 2569 4150; x_wconf 88' lang='lat' dir='ltr'><strong>noluerunt</strong></span> <span class='ocrx_word' id='word_1_645' title='bbox 2601 4113 2614 4148; x_wconf 89' lang='lat'><strong>:</strong></span> <span class='ocrx_word' id='word_1_646' title='bbox 2652 4080 2866 4166; x_wconf 58' lang='grc'><strong>1074</strong></span> <span class='ocrx_word' id='word_1_647' title='bbox 2897 4096 2992 4150; x_wconf 84' lang='lat' dir='ltr'><strong>sed</strong></span> <span class='ocrx_word' id='word_1_648' title='bbox 3039 4096 3288 4151; x_wconf 79' lang='lat' dir='ltr'><strong>infelices</strong></span> <span class='ocrx_word' id='word_1_649' title='bbox 3321 4096 3586 4165; x_wconf 88' lang='lat' dir='ltr'><strong>quosdam</strong></span> 
     </span>
    </p>
   </div>
   <div class='ocr_carea' id='block_1_93' title="bbox 2015 4186 3586 4260">
    <p class='ocr_par' dir='ltr' id='par_1_93' title="bbox 2015 4186 3586 4260">
     <span class='ocr_line' id='line_1_93' title="bbox 2015 4186 3586 4260; baseline 0.004 -22"><span class='ocrx_word' id='word_1_650' title='bbox 2015 4192 2376 4240; x_wconf 85' lang='lat' dir='ltr'><strong>accusatores</strong></span> <span class='ocrx_word' id='word_1_651' title='bbox 2405 4187 2576 4249; x_wconf 83' lang='lat' dir='ltr'><strong>nacti,</strong></span> <span class='ocrx_word' id='word_1_652' title='bbox 2604 4194 2659 4240; x_wconf 87' lang='lat' dir='ltr'><strong>et</strong></span> <span class='ocrx_word' id='word_1_653' title='bbox 2691 4186 3039 4242; x_wconf 82' lang='lat' dir='ltr'><strong>manifestam</strong></span> <span class='ocrx_word' id='word_1_654' title='bbox 3078 4187 3412 4242; x_wconf 86' lang='lat' dir='ltr'><strong>calumniam</strong></span> <span class='ocrx_word' id='word_1_655' title='bbox 3463 4204 3586 4260; x_wconf 87' lang='lat' dir='ltr'><strong>per-</strong></span> 
     </span>
    </p>
   </div>
   <div class='ocr_carea' id='block_1_94' title="bbox 2015 4276 3582 4348">
    <p class='ocr_par' dir='ltr' id='par_1_94' title="bbox 2015 4276 3582 4348">
     <span class='ocr_line' id='line_1_94' title="bbox 2015 4276 3582 4348; baseline 0.003 -16"><span class='ocrx_word' id='word_1_656' title='bbox 2015 4277 2334 4347; x_wconf 87' lang='lat' dir='ltr'><strong>spicientes,</strong></span> <span class='ocrx_word' id='word_1_657' title='bbox 2361 4276 2554 4348; x_wconf 88' lang='lat' dir='ltr'><strong>procul</strong></span> <span class='ocrx_word' id='word_1_658' title='bbox 2603 4278 2673 4332; x_wconf 87' lang='lat' dir='ltr'><strong>ab</strong></span> <span class='ocrx_word' id='word_1_659' title='bbox 2700 4277 2840 4331; x_wconf 88' lang='lat' dir='ltr'><strong>urbe</strong></span> <span class='ocrx_word' id='word_1_660' title='bbox 2870 4287 3202 4332; x_wconf 87' lang='lat' dir='ltr'><strong>conventum</strong></span> <span class='ocrx_word' id='word_1_661' title='bbox 3249 4279 3582 4348; x_wconf 88' lang='lat' dir='ltr'><strong>habuerunt,</strong></span> 
     </span>
    </p>
   </div>
   <div class='ocr_carea' id='block_1_95' title="bbox 2012 4367 3585 4440">
    <p class='ocr_par' dir='ltr' id='par_1_95' title="bbox 2012 4367 3585 4440">
     <span class='ocr_line' id='line_1_95' title="bbox 2012 4367 3585 4440; baseline 0.006 -17"><span class='ocrx_word' id='word_1_662' title='bbox 2012 4369 2201 4439; x_wconf 86' lang='lat' dir='ltr'><strong>ibique</strong></span> <span class='ocrx_word' id='word_1_663' title='bbox 2235 4367 2568 4423; x_wconf 88' lang='lat' dir='ltr'><strong>sententiam</strong></span> <span class='ocrx_word' id='word_1_664' title='bbox 2621 4367 3072 4438; x_wconf 84' lang='lat' dir='ltr'><strong>pronuntiarunt.</strong></span> <span class='ocrx_word' id='word_1_665' title='bbox 3106 4369 3408 4440; x_wconf 89' lang='lat' dir='ltr'><strong>Imperator</strong></span> <span class='ocrx_word' id='word_1_666' title='bbox 3434 4388 3585 4436; x_wconf 84' lang='lat' dir='ltr'><strong>vero.</strong></span> 
     </span>
    </p>
   </div>
   <div class='ocr_carea' id='block_1_96' title="bbox 2012 4460 3589 4533">
    <p class='ocr_par' dir='ltr' id='par_1_96' title="bbox 2012 4460 3589 4533">
     <span class='ocr_line' id='line_1_96' title="bbox 2012 4460 3589 4533; baseline 0.004 -18"><span class='ocrx_word' id='word_1_667' title='bbox 2012 4469 2074 4516; x_wconf 91' lang='lat' dir='ltr'><strong>ut</strong></span> <span class='ocrx_word' id='word_1_668' title='bbox 2124 4461 2284 4515; x_wconf 76' lang='lat' dir='ltr'><strong>[idem</strong></span> <span class='ocrx_word' id='word_1_669' title='bbox 2354 4460 2565 4516; x_wconf 89' lang='lat' dir='ltr'><strong>habens</strong></span> <span class='ocrx_word' id='word_1_670' title='bbox 2618 4460 3028 4529; x_wconf 85' lang='lat' dir='ltr'><strong>sacerdotibus,</strong></span> <span class='ocrx_word' id='word_1_671' title='bbox 3091 4465 3284 4533; x_wconf 86' lang='lat' dir='ltr'><strong>procul</strong></span> <span class='ocrx_word' id='word_1_672' title='bbox 3335 4464 3490 4521; x_wconf 89' lang='lat' dir='ltr'><strong>illum</strong></span> <span class='ocrx_word' id='word_1_673' title='bbox 3516 4467 3589 4523; x_wconf 89' lang='lat' dir='ltr'><strong>ab</strong></span> 
     </span>
    </p>
   </div>
   <div class='ocr_carea' id='block_1_97' title="bbox 2013 4547 3590 4621">
    <p class='ocr_par' dir='ltr' id='par_1_97' title="bbox 2013 4547 3590 4621">
     <span class='ocr_line' id='line_1_97' title="bbox 2013 4547 3590 4621; baseline 0.004 -15"><span class='ocrx_word' id='word_1_674' title='bbox 2013 4551 2152 4606; x_wconf 87' lang='lat' dir='ltr'><strong>urbe</strong></span> <span class='ocrx_word' id='word_1_675' title='bbox 2185 4550 2414 4621; x_wconf 85' lang='lat' dir='ltr'><strong>relegari</strong></span> <span class='ocrx_word' id='word_1_676' title='bbox 2438 4550 2625 4620; x_wconf 88' lang='lat' dir='ltr'><strong>jussit.</strong></span> <span class='ocrx_word' id='word_1_677' title='bbox 2659 4547 2780 4620; x_wconf 90' lang='lat' dir='ltr'><strong>Ipse</strong></span> <span class='ocrx_word' id='word_1_678' title='bbox 2805 4565 2995 4621; x_wconf 85' lang='lat' dir='ltr'><strong>porro,</strong></span> <span class='ocrx_word' id='word_1_679' title='bbox 3016 4568 3116 4608; x_wconf 91' lang='lat' dir='ltr'><strong>nec</strong></span> <span class='ocrx_word' id='word_1_680' title='bbox 3145 4554 3331 4610; x_wconf 87' lang='lat' dir='ltr'><strong>audita</strong></span> <span class='ocrx_word' id='word_1_681' title='bbox 3358 4571 3590 4614; x_wconf 78' lang='lat' dir='ltr'><strong>accusa-</strong></span> 
     </span>
    </p>
   </div>
   <div class='ocr_carea' id='block_1_98' title="bbox 2015 4627 3586 4712">
    <p class='ocr_par' dir='ltr' id='par_1_98' title="bbox 2015 4627 3586 4712">
     <span class='ocr_line' id='line_1_98' title="bbox 2015 4627 3586 4712; baseline 0.005 -19"><span class='ocrx_word' id='word_1_682' title='bbox 2015 4640 2184 4703; x_wconf 88' lang='lat' dir='ltr'><strong>tione,</strong></span> <span class='ocrx_word' id='word_1_683' title='bbox 2208 4653 2308 4693; x_wconf 90' lang='lat' dir='ltr'><strong>nec</strong></span> <span class='ocrx_word' id='word_1_684' title='bbox 2333 4637 2498 4692; x_wconf 85' lang='lat' dir='ltr'><strong>allata</strong></span> <span class='ocrx_word' id='word_1_685' title='bbox 2529 4627 2882 4704; x_wconf 72' lang='lat' dir='ltr'><strong>defensione,</strong></span> <span class='ocrx_word' id='word_1_686' title='bbox 2913 4648 3174 4712; x_wconf 88' lang='lat' dir='ltr'><strong>tanquam</strong></span> <span class='ocrx_word' id='word_1_687' title='bbox 3204 4657 3398 4698; x_wconf 88' lang='lat' dir='ltr'><strong>eorum</strong></span> <span class='ocrx_word' id='word_1_688' title='bbox 3449 4659 3586 4701; x_wconf 84' lang='lat' dir='ltr'><strong>con-</strong></span> 
     </span>
    </p>
   </div>
   <div class='ocr_carea' id='block_1_99' title="bbox 2016 4727 3591 4799">
    <p class='ocr_par' dir='ltr' id='par_1_99' title="bbox 2016 4727 3591 4799">
     <span class='ocr_line' id='line_1_99' title="bbox 2016 4727 3591 4799; baseline 0.004 -15"><span class='ocrx_word' id='word_1_689' title='bbox 2016 4729 2199 4785; x_wconf 85' lang='lat' dir='ltr'><strong>victus</strong></span> <span class='ocrx_word' id='word_1_690' title='bbox 2249 4727 2318 4784; x_wconf 89' lang='lat' dir='ltr'><strong>de</strong></span> <span class='ocrx_word' id='word_1_691' title='bbox 2349 4729 2551 4799; x_wconf 88' lang='lat' dir='ltr'><strong>quibus</strong></span> <span class='ocrx_word' id='word_1_692' title='bbox 2584 4728 2766 4784; x_wconf 80' lang='lat' dir='ltr'><strong>fuerat</strong></span> <span class='ocrx_word' id='word_1_693' title='bbox 2821 4741 3141 4798; x_wconf 84' lang='lat' dir='ltr'><strong>accusatus,</strong></span> <span class='ocrx_word' id='word_1_694' title='bbox 3180 4734 3370 4789; x_wconf 87' lang='lat' dir='ltr'><strong>urbem</strong></span> <span class='ocrx_word' id='word_1_695' title='bbox 3425 4735 3591 4792; x_wconf 87' lang='lat' dir='ltr'><strong>relin-</strong></span> 
     </span>
    </p>
   </div>
   <div class='ocr_carea' id='block_1_100' title="bbox 2013 4821 3590 4892">
    <p class='ocr_par' dir='ltr' id='par_1_100' title="bbox 2013 4821 3590 4892">
     <span class='ocr_line' id='line_1_100' title="bbox 2013 4821 3590 4892; baseline 0.004 -14"><span class='ocrx_word' id='word_1_696' title='bbox 2013 4837 2184 4892; x_wconf 88' lang='lat' dir='ltr'><strong>quere</strong></span> <span class='ocrx_word' id='word_1_697' title='bbox 2228 4830 2454 4876; x_wconf 86' lang='lat' dir='ltr'><strong>coactus</strong></span> <span class='ocrx_word' id='word_1_698' title='bbox 2514 4832 2620 4890; x_wconf 88' lang='lat' dir='ltr'><strong>est,</strong></span> <span class='ocrx_word' id='word_1_699' title='bbox 2675 4829 2732 4879; x_wconf 83' lang='lat' dir='ltr'><strong>et</strong></span> <span class='ocrx_word' id='word_1_700' title='bbox 2787 4821 2853 4877; x_wconf 86' lang='lat' dir='ltr'><strong>ad</strong></span> <span class='ocrx_word' id='word_1_701' title='bbox 2907 4823 3132 4880; x_wconf 91' lang='lat' dir='ltr'><strong>Hierum</strong></span> <span class='ocrx_word' id='word_1_702' title='bbox 3169 4825 3224 4881; x_wconf 86' lang='lat' dir='ltr'><strong>in</strong></span> <span class='ocrx_word' id='word_1_703' title='bbox 3257 4827 3401 4882; x_wconf 88' lang='lat' dir='ltr'><strong>ostio</strong></span> <span class='ocrx_word' id='word_1_704' title='bbox 3425 4826 3590 4886; x_wconf 84' lang='lat' dir='ltr'><strong>Ponti</strong></span> 
     </span>
    </p>
   </div>
   <div class='ocr_carea' id='block_1_101' title="bbox 2015 4913 3586 4984">
    <p class='ocr_par' dir='ltr' id='par_1_101' title="bbox 2015 4913 3586 4984">
     <span class='ocr_line' id='line_1_101' title="bbox 2015 4913 3586 4984; baseline 0.006 -16"><span class='ocrx_word' id='word_1_705' title='bbox 2015 4913 2185 4968; x_wconf 88' lang='lat' dir='ltr'><strong>situm</strong></span> <span class='ocrx_word' id='word_1_706' title='bbox 2225 4915 2515 4984; x_wconf 85' lang='lat' dir='ltr'><strong>pervenit:</strong></span> <span class='ocrx_word' id='word_1_707' title='bbox 2542 4916 2628 4971; x_wconf 91' lang='lat' dir='ltr'><strong>sic</strong></span> <span class='ocrx_word' id='word_1_708' title='bbox 2676 4914 2820 4970; x_wconf 85' lang='lat' dir='ltr'><strong>enim</strong></span> <span class='ocrx_word' id='word_1_709' title='bbox 2862 4917 3054 4972; x_wconf 86' lang='lat' dir='ltr'><strong>navale</strong></span> <span class='ocrx_word' id='word_1_710' title='bbox 3097 4917 3232 4974; x_wconf 86' lang='lat' dir='ltr'><strong>illud</strong></span> <span class='ocrx_word' id='word_1_711' title='bbox 3281 4920 3586 4977; x_wconf 85' lang='lat' dir='ltr'><strong>nominant.</strong></span> 
     </span>
    </p>
   </div>
   <div class='ocr_carea' id='block_1_102' title="bbox 2016 4991 3590 5084">
    <p class='ocr_par' dir='ltr' id='par_1_102' title="bbox 2016 4991 3590 5084">
     <span class='ocr_line' id='line_1_102' title="bbox 2016 4991 3590 5084; baseline 0.005 -24"><span class='ocrx_word' id='word_1_712' title='bbox 2016 4991 2200 5060; x_wconf 66' lang='lat' dir='ltr'><strong>Terrae</strong></span> <span class='ocrx_word' id='word_1_713' title='bbox 2229 5013 2410 5061; x_wconf 89' lang='lat' dir='ltr'><strong>autem</strong></span> <span class='ocrx_word' id='word_1_714' title='bbox 2449 5014 2600 5062; x_wconf 82' lang='lat' dir='ltr'><strong>motu</strong></span> <span class='ocrx_word' id='word_1_715' title='bbox 2629 5008 2892 5062; x_wconf 74' lang='lat' dir='ltr'><strong>‘maximo</strong></span> <span class='ocrx_word' id='word_1_716' title='bbox 2921 5017 3086 5063; x_wconf 85' lang='lat' dir='ltr'><strong>noctu</strong></span> <span class='ocrx_word' id='word_1_717' title='bbox 3123 5009 3290 5076; x_wconf 77' lang='lat' dir='ltr'><strong>facto,</strong></span> <span class='ocrx_word' id='word_1_718' title='bbox 3323 5022 3380 5067; x_wconf 86' lang='lat' dir='ltr'><strong>et</strong></span> <span class='ocrx_word' id='word_1_719' title='bbox 3423 5013 3590 5084; x_wconf 88' lang='lat' dir='ltr'><strong>impe-</strong></span> 
     </span>
    </p>
   </div>
   <div class='ocr_carea' id='block_1_103' title="bbox 2018 5098 3588 5168">
    <p class='ocr_par' dir='ltr' id='par_1_103' title="bbox 2018 5098 3588 5168">
     <span class='ocr_line' id='line_1_103' title="bbox 2018 5098 3588 5168; baseline 0.006 -17"><span class='ocrx_word' id='word_1_720' title='bbox 2018 5098 2222 5152; x_wconf 88' lang='lat' dir='ltr'><strong>ratrice</strong></span> <span class='ocrx_word' id='word_1_721' title='bbox 2254 5105 2401 5154; x_wconf 90' lang='lat' dir='ltr'><strong>metu</strong></span> <span class='ocrx_word' id='word_1_722' title='bbox 2441 5098 2722 5168; x_wconf 87' lang='lat' dir='ltr'><strong>perculsa,</strong></span> <span class='ocrx_word' id='word_1_723' title='bbox 2760 5099 2921 5167; x_wconf 79' lang='lat' dir='ltr'><strong>legati</strong></span> <span class='ocrx_word' id='word_1_724' title='bbox 2955 5102 3058 5157; x_wconf 89' lang='lat' dir='ltr'><strong>sub</strong></span> <span class='ocrx_word' id='word_1_725' title='bbox 3105 5118 3364 5160; x_wconf 87' lang='lat' dir='ltr'><strong>auroram</strong></span> <span class='ocrx_word' id='word_1_726' title='bbox 3395 5104 3463 5160; x_wconf 86' lang='lat' dir='ltr'><strong>ad</strong></span> <span class='ocrx_word' id='word_1_727' title='bbox 3489 5120 3588 5161; x_wconf 81' lang='lat' dir='ltr'><strong>ex-</strong></span> 
     </span>
    </p>
   </div>
   <div class='ocr_carea' id='block_1_104' title="bbox 1613 5236 2287 5295">
    <p class='ocr_par' dir='ltr' id='par_1_104' title="bbox 1613 5236 2287 5295">
     <span class='ocr_line' id='line_1_104' title="bbox 1613 5236 2287 5295; baseline 0.003 -5"><span class='ocrx_word' id='word_1_728' title='bbox 1613 5236 1845 5293; x_wconf 64' lang='lat' dir='ltr'><strong>VARIE</strong></span> <span class='ocrx_word' id='word_1_729' title='bbox 1889 5237 2287 5295; x_wconf 78' lang='lat' dir='ltr'><strong>LEC&#39;I‘IONES.</strong></span> 
     </span>
    </p>
   </div>
   <div class='ocr_carea' id='block_1_105' title="bbox 403 5377 1299 5450">
    <p class='ocr_par' dir='ltr' id='par_1_105' title="bbox 403 5377 1299 5450">
     <span class='ocr_line' id='line_1_105' title="bbox 403 5377 1299 5450; baseline -0.002 -17"><span class='ocrx_word' id='word_1_730' title='bbox 403 5378 452 5414; x_wconf 72' lang='grc'><strong>⁸⁸</strong></span> <span class='ocrx_word' id='word_1_731' title='bbox 479 5381 662 5434; x_wconf 82' lang='grc' dir='ltr'>ὁποῖα.</span> <span class='ocrx_word' id='word_1_732' title='bbox 701 5377 872 5450; x_wconf 83' lang='lat' dir='ltr'><strong>Basil.</strong></span> <span class='ocrx_word' id='word_1_733' title='bbox 898 5378 992 5434; x_wconf 88' lang='lat' dir='ltr'><strong>Gr.</strong></span> <span class='ocrx_word' id='word_1_734' title='bbox 1024 5405 1080 5438; x_wconf 67' lang='grc' dir='ltr'><strong>υ.</strong></span> <span class='ocrx_word' id='word_1_735' title='bbox 1109 5378 1299 5450; x_wconf 88' lang='lat' dir='ltr'><strong>Steph.</strong></span> 
     </span>
    </p>
   </div>
   <div class='ocr_carea' id='block_1_106' title="bbox 1405 5378 1594 5416">
    <p class='ocr_par' dir='ltr' id='par_1_106' title="bbox 1405 5378 1594 5416">
     <span class='ocr_line' id='line_1_106' title="bbox 1405 5378 1594 5416; baseline 0 0"><span class='ocrx_word' id='word_1_736' title='bbox 1405 5378 1447 5409; x_wconf 70' lang='grc' dir='ltr'>δι</span> <span class='ocrx_word' id='word_1_737' title='bbox 1479 5378 1594 5416; x_wconf 55' lang='lat' dir='ltr'><strong>unﬁt</strong></span> 
     </span>
    </p>
   </div>
   <div class='ocr_carea' id='block_1_107' title="bbox 339 5376 2698 5529">
    <p class='ocr_par' dir='ltr' id='par_1_107' title="bbox 339 5376 2698 5529">
     <span class='ocr_line' id='line_1_107' title="bbox 403 5376 2686 5450; baseline -0.004 -17"><span class='ocrx_word' id='word_1_738' title='bbox 403 5378 452 5414; x_wconf 73' lang='grc'><strong>⁸⁸</strong></span> <span class='ocrx_word' id='word_1_739' title='bbox 479 5381 662 5434; x_wconf 82' lang='grc' dir='ltr'>ὁποῖα.</span> <span class='ocrx_word' id='word_1_740' title='bbox 701 5377 872 5435; x_wconf 86' lang='lat' dir='ltr'><strong>Basil.</strong></span> <span class='ocrx_word' id='word_1_741' title='bbox 898 5378 992 5434; x_wconf 88' lang='lat' dir='ltr'><strong>Gr.</strong></span> <span class='ocrx_word' id='word_1_742' title='bbox 1024 5405 1080 5438; x_wconf 65' lang='grc' dir='ltr'><strong>υς</strong></span> <span class='ocrx_word' id='word_1_743' title='bbox 1109 5378 1299 5450; x_wconf 88' lang='lat' dir='ltr'><strong>Steph.</strong></span> <span class='ocrx_word' id='word_1_744' title='bbox 1405 5378 1447 5409; x_wconf 81' lang='lat'>“</span> <span class='ocrx_word' id='word_1_745' title='bbox 1479 5377 1681 5448; x_wconf 86' lang='grc' dir='ltr'>χρόνοι.</span> <span class='ocrx_word' id='word_1_746' title='bbox 1717 5376 1906 5448; x_wconf 87' lang='lat' dir='ltr'><strong>Steph.</strong></span> <span class='ocrx_word' id='word_1_747' title='bbox 1939 5376 1995 5433; x_wconf 77' lang='lat'><strong>2.</strong></span> <span class='ocrx_word' id='word_1_748' title='bbox 2101 5377 2147 5410; x_wconf 77' lang='grc'><strong>⁴²</strong></span> <span class='ocrx_word' id='word_1_749' title='bbox 2185 5377 2341 5444; x_wconf 78' lang='grc' dir='ltr'>ἄγειν</span> <span class='ocrx_word' id='word_1_750' title='bbox 2373 5376 2490 5427; x_wconf 90' lang='lat' dir='ltr'><strong>Pini</strong></span> <span class='ocrx_word' id='word_1_751' title='bbox 2527 5376 2686 5427; x_wconf 90' lang='lat' dir='ltr'><strong>liber.</strong></span> 
     </span>
     <span class='ocr_line' id='line_1_108' title="bbox 339 5441 2698 5529; baseline -0.005 -23"><span class='ocrx_word' id='word_1_752' title='bbox 339 5465 532 5529; x_wconf 64' lang='grc' dir='ltr'>χησαν.</span> <span class='ocrx_word' id='word_1_753' title='bbox 577 5449 918 5529; x_wconf 79' lang='lat' dir='ltr'><strong>Christoplt_._.</strong></span> <span class='ocrx_word' id='word_1_754' title='bbox 971 5449 1196 5529; x_wconf 52' lang='grc' dir='ltr'>βοειιίεὲ</span> <span class='ocrx_word' id='word_1_755' title='bbox 1221 5447 1535 5529; x_wconf 70' lang='lat' dir='ltr'><strong>(lasaubon.</strong></span> <span class='ocrx_word' id='word_1_756' title='bbox 1563 5517 1578 5529; x_wconf 47' lang='lat'><em>.</em></span> <span class='ocrx_word' id='word_1_757' title='bbox 1622 5447 1668 5478; x_wconf 74' lang='lat'><strong>“</strong></span> <span class='ocrx_word' id='word_1_758' title='bbox 1690 5448 2130 5529; x_wconf 57' lang='grc' dir='ltr'>πρεσϐεύσασθαι</span> <span class='ocrx_word' id='word_1_759' title='bbox 2161 5446 2334 5529; x_wconf 65' lang='grc' dir='ltr'>ἀδεέῇ</span> <span class='ocrx_word' id='word_1_760' title='bbox 2354 5443 2475 5529; x_wconf 72' lang='lat' dir='ltr'><strong>Pini</strong></span> <span class='ocrx_word' id='word_1_761' title='bbox 2505 5441 2698 5529; x_wconf 52' lang='lat' dir='ltr'><strong>codex.</strong></span> 
     </span>
    </p>
   </div>
   <div class='ocr_carea' id='block_1_108' title="bbox 331 5513 2490 5582">
    <p class='ocr_par' dir='ltr' id='par_1_108' title="bbox 331 5513 2490 5582">
     <span class='ocr_line' id='line_1_109' title="bbox 331 5513 2490 5582; baseline -0.005 -7"><span class='ocrx_word' id='word_1_762' title='bbox 331 5513 536 5577; x_wconf 70' lang='lat' dir='ltr'><strong>habent</strong></span> <span class='ocrx_word' id='word_1_763' title='bbox 581 5513 818 5575; x_wconf 61' lang='lat' dir='ltr'><strong>caeteras:</strong></span> <span class='ocrx_word' id='word_1_764' title='bbox 864 5513 1391 5573; x_wconf 65' lang='lat' dir='ltr'><strong>“adrov.&#39;Ezedem.</strong></span> <span class='ocrx_word' id='word_1_765' title='bbox 1467 5517 1510 5549; x_wconf 74' lang='lat'><strong>&quot;</strong></span> <span class='ocrx_word' id='word_1_766' title='bbox 1548 5517 1624 5578; x_wconf 81' lang='grc' dir='ltr'>ὡς</span> <span class='ocrx_word' id='word_1_767' title='bbox 1663 5513 1813 5573; x_wconf 78' lang='lat' dir='ltr'><strong>addit</strong></span> <span class='ocrx_word' id='word_1_768' title='bbox 1855 5519 2019 5574; x_wconf 87' lang='lat' dir='ltr'><strong>Basil.</strong></span> <span class='ocrx_word' id='word_1_769' title='bbox 2069 5517 2163 5573; x_wconf 89' lang='lat' dir='ltr'><strong>Gr.</strong></span> <span class='ocrx_word' id='word_1_770' title='bbox 2213 5524 2269 5570; x_wconf 89' lang='lat' dir='ltr'><strong>et</strong></span> <span class='ocrx_word' id='word_1_771' title='bbox 2299 5513 2490 5582; x_wconf 90' lang='lat' dir='ltr'><strong>Steph.</strong></span> 
     </span>
    </p>
   </div>
   <div class='ocr_carea' id='block_1_109' title="bbox 2101 5371 3588 5474">
    <p class='ocr_par' dir='ltr' id='par_1_109' title="bbox 2101 5371 3588 5474">
     <span class='ocr_line' id='line_1_110' title="bbox 2101 5371 3588 5444; baseline 0.001 -13"><span class='ocrx_word' id='word_1_772' title='bbox 2101 5377 2147 5410; x_wconf 78' lang='grc'><strong>⁴²</strong></span> <span class='ocrx_word' id='word_1_773' title='bbox 2185 5377 2341 5444; x_wconf 78' lang='grc' dir='ltr'>ἄγειν</span> <span class='ocrx_word' id='word_1_774' title='bbox 2373 5373 2490 5427; x_wconf 88' lang='lat' dir='ltr'><strong>Pini</strong></span> <span class='ocrx_word' id='word_1_775' title='bbox 2527 5372 2686 5427; x_wconf 90' lang='lat' dir='ltr'><strong>liber.</strong></span> <span class='ocrx_word' id='word_1_776' title='bbox 2722 5372 2911 5425; x_wconf 86' lang='grc' dir='ltr'>ἀσκεῖν</span> <span class='ocrx_word' id='word_1_777' title='bbox 2936 5371 3164 5443; x_wconf 89' lang='lat' dir='ltr'><strong>Niceph.</strong></span> <span class='ocrx_word' id='word_1_778' title='bbox 3234 5374 3282 5407; x_wconf 76' lang='lat'>&quot;</span> <span class='ocrx_word' id='word_1_779' title='bbox 3312 5375 3588 5432; x_wconf 69' lang='grc' dir='ltr'><strong>κατεπλά·⁸</strong></span> 
     </span>
     <span class='ocr_line' id='line_1_111' title="bbox 2101 5441 3585 5474; baseline 0 0"><span class='ocrx_word' id='word_1_780' title='bbox 2101 5466 2125 5474; x_wconf 88' lang='grc'><strong>..</strong></span> <span class='ocrx_word' id='word_1_781' title='bbox 2164 5446 2315 5474; x_wconf 47' lang='lat' dir='ltr'><strong>Laut-</strong></span> <span class='ocrx_word' id='word_1_782' title='bbox 2354 5443 2474 5474; x_wconf 72' lang='grc' dir='ltr'><strong>1)ἶηῖ</strong></span> <span class='ocrx_word' id='word_1_783' title='bbox 2506 5441 2672 5474; x_wconf 65' lang='grc' dir='ltr'><strong>,πιλο-</strong></span> <span class='ocrx_word' id='word_1_784' title='bbox 2799 5442 2846 5474; x_wconf 70' lang='grc' dir='ltr'>ιι</span> <span class='ocrx_word' id='word_1_785' title='bbox 2875 5441 3023 5474; x_wconf 65' lang='grc' dir='ltr'><strong>..ι-’.λι</strong></span> <span class='ocrx_word' id='word_1_786' title='bbox 3065 5442 3157 5474; x_wconf 67' lang='grc' dir='ltr'>-..κ</span> <span class='ocrx_word' id='word_1_787' title='bbox 3198 5444 3585 5474; x_wconf 67' lang='grc' dir='ltr'><strong>γ-..--..ι..-..</strong></span> 
     </span>
    </p>
   </div>
   <div class='ocr_carea' id='block_1_110' title="bbox 2600 5441 3587 5586">
    <p class='ocr_par' dir='ltr' id='par_1_110' title="bbox 2600 5441 3587 5586">
     <span class='ocr_line' id='line_1_112' title="bbox 2600 5441 3587 5516; baseline 0.007 -21"><span class='ocrx_word' id='word_1_788' title='bbox 2600 5442 2698 5496; x_wconf 78' lang='lat' dir='ltr'><strong>lex.</strong></span> <span class='ocrx_word' id='word_1_789' title='bbox 2799 5442 2846 5474; x_wconf 81' lang='lat'>“</span> <span class='ocrx_word' id='word_1_790' title='bbox 2875 5441 3025 5514; x_wconf 84' lang='grc' dir='ltr'>παρὰ</span> <span class='ocrx_word' id='word_1_791' title='bbox 3065 5441 3158 5496; x_wconf 76' lang='grc' dir='ltr'>τοῦ</span> <span class='ocrx_word' id='word_1_792' title='bbox 3195 5444 3587 5516; x_wconf 83' lang='grc' dir='ltr'>Χρυσοστόμου</span> 
     </span>
     <span class='ocr_line' id='line_1_113' title="bbox 2600 5509 3585 5586; baseline 0.01 -23"><span class='ocrx_word' id='word_1_793' title='bbox 2600 5509 2980 5586; x_wconf 40' lang='grc' dir='ltr'>δ”-προθύμως</span> <span class='ocrx_word' id='word_1_794' title='bbox 3013 5511 3167 5568; x_wconf 86' lang='lat' dir='ltr'><strong>abest</strong></span> <span class='ocrx_word' id='word_1_795' title='bbox 3207 5528 3237 5567; x_wconf 87' lang='lat' dir='ltr'><strong>a</strong></span> <span class='ocrx_word' id='word_1_796' title='bbox 3265 5511 3436 5586; x_wconf 66' lang='lat' dir='ltr'><strong>Basil.</strong></span> <span class='ocrx_word' id='word_1_797' title='bbox 3461 5517 3585 5586; x_wconf 66' lang='lat' dir='ltr'><strong>Gn,</strong></span> 
     </span>
    </p>
   </div>
   <div class='ocr_carea' id='block_1_111' title="bbox 278 5581 3585 5658">
    <p class='ocr_par' dir='ltr' id='par_1_111' title="bbox 278 5581 3585 5658">
     <span class='ocr_line' id='line_1_114' title="bbox 278 5581 3585 5658; baseline -0.002 -10"><span class='ocrx_word' id='word_1_798' title='bbox 278 5628 290 5639; x_wconf 80' lang='grc' dir='ltr'><strong><em>ο</em></strong></span> <span class='ocrx_word' id='word_1_799' title='bbox 333 5588 456 5648; x_wconf 86' lang='lat' dir='ltr'><strong>Pini</strong></span> <span class='ocrx_word' id='word_1_800' title='bbox 497 5588 796 5657; x_wconf 85' lang='lat' dir='ltr'><strong>Saviliique</strong></span> <span class='ocrx_word' id='word_1_801' title='bbox 838 5589 1024 5652; x_wconf 82' lang='lat' dir='ltr'><strong>codd.,</strong></span> <span class='ocrx_word' id='word_1_802' title='bbox 1061 5589 1300 5656; x_wconf 87' lang='lat' dir='ltr'><strong>itemque</strong></span> <span class='ocrx_word' id='word_1_803' title='bbox 1345 5587 1568 5658; x_wconf 83' lang='lat' dir='ltr'><strong>Niceph.</strong></span> <span class='ocrx_word' id='word_1_804' title='bbox 1597 5586 1736 5654; x_wconf 87' lang='lat' dir='ltr'><strong>XIII,</strong></span> <span class='ocrx_word' id='word_1_805' title='bbox 1794 5587 1827 5641; x_wconf 88' lang='lat'><em>6</em></span> <span class='ocrx_word' id='word_1_806' title='bbox 1863 5597 1918 5644; x_wconf 91' lang='lat' dir='ltr'><strong>et</strong></span> <span class='ocrx_word' id='word_1_807' title='bbox 1965 5586 2308 5658; x_wconf 82' lang='lat' dir='ltr'><strong>Epiphanio,</strong></span> <span class='ocrx_word' id='word_1_808' title='bbox 2345 5581 2492 5658; x_wconf 71' lang='lat' dir='ltr'><strong>quod</strong></span> <span class='ocrx_word' id='word_1_809' title='bbox 2549 5589 2606 5638; x_wconf 93' lang='lat' dir='ltr'><strong>et</strong></span> <span class='ocrx_word' id='word_1_810' title='bbox 2639 5581 2910 5658; x_wconf 34' lang='lat' dir='ltr'><strong>Yal’esius.</strong></span> <span class='ocrx_word' id='word_1_811' title='bbox 2947 5589 3220 5658; x_wconf 75' lang='lat' dir='ltr'><strong>tanquam</strong></span> <span class='ocrx_word' id='word_1_812' title='bbox 3249 5581 3585 5658; x_wconf 63' lang='lat' dir='ltr'><strong>superﬂuum</strong></span> 
     </span>
    </p>
   </div>
   <div class='ocr_carea' id='block_1_112' title="bbox 332 5651 3588 5734">
    <p class='ocr_par' dir='ltr' id='par_1_112' title="bbox 332 5651 3588 5734">
     <span class='ocr_line' id='line_1_115' title="bbox 332 5651 3588 5734; baseline -0.001 -21"><span class='ocrx_word' id='word_1_813' title='bbox 332 5661 610 5734; x_wconf 49' lang='lat' dir='ltr'><strong>repudia}.</strong></span> <span class='ocrx_word' id='word_1_814' title='bbox 674 5651 720 5734; x_wconf 62' lang='lat' dir='ltr'><strong>f‘</strong></span> <span class='ocrx_word' id='word_1_815' title='bbox 748 5651 1029 5734; x_wconf 61' lang='lat' dir='ltr'><strong>6t:_a_t‘n_6v.</strong></span> <span class='ocrx_word' id='word_1_816' title='bbox 1071 5651 1292 5734; x_wconf 44' lang='lat' dir='ltr'><strong>Caele-ra;</strong></span> <span class='ocrx_word' id='word_1_817' title='bbox 1321 5651 1491 5734; x_wconf 53' lang='lat' dir='ltr'><strong>edittf</strong></span> <span class='ocrx_word' id='word_1_818' title='bbox 1535 5657 1600 5734; x_wconf 56' lang='grc' dir='ltr'><strong>’ξ</strong></span> <span class='ocrx_word' id='word_1_819' title='bbox 1622 5658 1704 5734; x_wconf 72' lang='lat' dir='ltr'><strong>Ita</strong></span> <span class='ocrx_word' id='word_1_820' title='bbox 1722 5651 1729 5654; x_wconf 58' lang='grc'>⁷</span> <span class='ocrx_word' id='word_1_821' title='bbox 1751 5667 1822 5734; x_wconf 41' lang='grc' dir='ltr'>ει,</span> <span class='ocrx_word' id='word_1_822' title='bbox 1844 5657 1962 5714; x_wconf 81' lang='lat' dir='ltr'><strong>Pini</strong></span> <span class='ocrx_word' id='word_1_823' title='bbox 1993 5651 2292 5727; x_wconf 64' lang='lat' dir='ltr'><strong>Sat-iliique</strong></span> <span class='ocrx_word' id='word_1_824' title='bbox 2342 5651 2582 5710; x_wconf 77' lang='lat' dir='ltr'><strong>codices.</strong></span> <span class='ocrx_word' id='word_1_825' title='bbox 2635 5651 2742 5709; x_wconf 83' lang='lat' dir='ltr'><strong>Sed</strong></span> <span class='ocrx_word' id='word_1_826' title='bbox 2772 5651 3041 5722; x_wconf 82' lang='lat' dir='ltr'><strong>particula</strong></span> <span class='ocrx_word' id='word_1_827' title='bbox 3065 5651 3146 5716; x_wconf 77' lang='grc' dir='ltr'><strong>ὡς</strong></span> <span class='ocrx_word' id='word_1_828' title='bbox 3172 5651 3332 5710; x_wconf 71' lang='lat' dir='ltr'><strong>abest</strong></span> <span class='ocrx_word' id='word_1_829' title='bbox 3361 5671 3392 5712; x_wconf 89' lang='lat' dir='ltr'><strong>a</strong></span> <span class='ocrx_word' id='word_1_830' title='bbox 3419 5654 3588 5711; x_wconf 80' lang='lat' dir='ltr'><strong>Basil.</strong></span> 
     </span>
    </p>
   </div>
   <div class='ocr_carea' id='block_1_113' title="bbox 333 5724 1745 5801">
    <p class='ocr_par' dir='ltr' id='par_1_113' title="bbox 333 5724 1745 5801">
     <span class='ocr_line' id='line_1_116' title="bbox 333 5724 1745 5801; baseline -0.003 -17"><span class='ocrx_word' id='word_1_831' title='bbox 333 5724 430 5785; x_wconf 75' lang='lat' dir='ltr'><strong>Gr.</strong></span> <span class='ocrx_word' id='word_1_832' title='bbox 461 5738 514 5787; x_wconf 88' lang='lat' dir='ltr'><strong>et</strong></span> <span class='ocrx_word' id='word_1_833' title='bbox 547 5729 735 5801; x_wconf 85' lang='lat' dir='ltr'><strong>Steph.</strong></span> <span class='ocrx_word' id='word_1_834' title='bbox 800 5731 843 5763; x_wconf 82' lang='lat'><strong>&quot;</strong></span> <span class='ocrx_word' id='word_1_835' title='bbox 871 5730 1108 5798; x_wconf 84' lang='grc' dir='ltr'>ἐπίνηον.</span> <span class='ocrx_word' id='word_1_836' title='bbox 1141 5728 1306 5784; x_wconf 87' lang='lat' dir='ltr'><strong>Basil.</strong></span> <span class='ocrx_word' id='word_1_837' title='bbox 1343 5726 1437 5782; x_wconf 91' lang='lat' dir='ltr'><strong>Gr.</strong></span> <span class='ocrx_word' id='word_1_838' title='bbox 1469 5736 1520 5782; x_wconf 90' lang='lat' dir='ltr'><strong>et</strong></span> <span class='ocrx_word' id='word_1_839' title='bbox 1555 5724 1745 5798; x_wconf 88' lang='lat' dir='ltr'><strong>Steph.</strong></span> 
     </span>
    </p>
   </div>
  </div>
