3974 6212
393 255 528 322 ἷὲϐἷῖ

1351 250 1834 312 THEODORETI
1872 247 2203 308 lEPISCOPI
2225 250 2590 314 CYREN'WS

3515 251 3654 315 1251

387 366 600 436 pulsum
633 361 790 417 missi
817 368 970 423 sunt,
1004 365 1261 428 rogantes
1301 365 1359 410 ut
1384 357 1654 413 citissime
1679 357 1734 412 in
1770 358 1960 410 urbem

2080 373 2234 421 tato;
2264 357 2363 429 τὴν
2385 356 2634 429 βασιλίδα
2661 357 3086 428 κατεσχηκότος,
3125 358 3386 428 πρέσϐεις
3419 360 3518 412 ὑπὸ
3549 361 3654 431 τήν

387 457 610 518 rediret,
671 453 936 523 urbisque
1006 451 1317 520 periculum
1379 450 1704 520 depelleret,
1763 449 1966 518 aliique

388 564 581 603 rursus
607 553 729 617 post
758 546 880 601 illos
910 543 1087 608 missi,
1123 554 1178 598 et
1211 545 1304 597 alii
1337 550 1463 613 post
1499 543 1661 605 istos,
1696 542 1966 597 refertus-

386 654 492 708 que
513 638 650 692 adeo
677 637 962 706 Bosporus
1008 644 1128 690 erat
1168 649 1364 705 magna
1414 633 1575 688 turba
1635 633 1964 704 legatorum.

387 729 542 798 Quod
577 729 666 783 ubi
700 743 729 782 a
772 727 1093 783 ﬁdelissimo
1135 727 1335 797 populo
1389 724 1648 782 rescitum
1699 735 1800 804 est,
1841 723 1969 776 Pro-

389 820 630 891 ponlidis
680 819 884 874 ostium
943 818 1176 888 navigiis
1232 818 1665 887 compleverunt.
1697 813 1960 868 Occurre-

389 918 517 964 runt
563 910 711 964 enim
760 911 937 966 cereis
995 909 1212 965 facibus
1275 909 1526 963 accensis
1588 907 1857 964 universi.
1893 907 1970 959 Ac

331 1071 334 1076 _
387 1013 502 1057 tum
561 1003 780 1072 quidem
837 1002 1106 1072 dissipata
1169 1011 1254 1057 est
1325 1009 1545 1058 caterva
1595 1001 1966 1054 inimicorum.

391 1093 588 1148 Paucis
644 1108 774 1150 vero
828 1101 954 1165 post
1005 1093 1286 1149 mensibus
1338 1093 1596 1148 coaluere
1651 1093 1868 1155 iterum,
1917 1098 1969 1143 ct

391 1200 583 1253 pinnas
607 1201 860 1256 exegere,
893 1201 1001 1240 non
1030 1185 1143 1255 jam
1197 1184 1458 1239 falsorum
1522 1186 1742 1238 illorum
1783 1181 1971 1236 crimi-

392 1292 549 1340 num,
583 1277 676 1332 sed
709 1277 841 1332 obiti
883 1286 1002 1348 post
1037 1277 1438 1348 depositionem
1498 1276 1818 1330 ministerii.
1877 1272 1970 1327 Ille

395 1383 521 1424 vero
550 1368 732 1424 aiebat
771 1383 830 1422 se
858 1368 1167 1438 judicatum
1224 1385 1333 1423 non
1389 1369 1579 1430 fuisse,
1609 1385 1710 1422 nec
1749 1368 1968 1436 objecta

391 1461 622 1516 crimina
682 1459 984 1524 audivisse,
1056 1476 1152 1516 nec
1201 1460 1268 1517 de
1330 1462 1396 1516 iis
1457 1463 1832 1530 respondisse,
1869 1475 1968 1514 nec

394 1560 717 1622 praesentem
759 1553 933 1609 fuisse
957 1552 1411 1616 condemnatum,
1454 1555 1549 1609 sed
1605 1555 1658 1608 iu
1711 1555 1967 1608 exsilium

393 1643 463 1698 ab
493 1643 826 1713 imperatore
863 1644 1125 1714 ejectum,
1161 1645 1228 1700 ab
1271 1645 1572 1715 eodemque
1599 1647 1778 1699 denuo
1813 1660 1967 1699 revo-

395 1745 601 1790 catum.
633 1735 702 1788 At
736 1735 969 1796 inimici,
1002 1736 1176 1790 altera
1211 1736 1418 1807 synodo
1447 1745 1799 1808 Congrcgata,
1831 1737 1970 1804 judi-

394 1826 537 1879 cium
560 1841 666 1879 non
687 1826 1055 1896 quaesierunt:
1074 1827 1166 1883 sed
1187 1844 1312 1882 cum
1337 1828 1648 1898 imperatori
1671 1829 1974 1898 persuasis-

394 1929 516 1972 sent
577 1917 790 1987 1075
833 1919 1133 1988 legitimam
1182 1928 1236 1972 et
1276 1919 1482 1990 justam
1540 1918 1715 1975 fuisse
1755 1931 1974 1976 senten-

396 2007 564 2072 tiam,
621 2022 729 2060 non
771 2008 950 2062 solum
1014 2023 1080 2062 ex
1139 2009 1272 2064 urbe
1336 2009 1486 2063 illum
1527 2010 1839 2078 ejecerunt,
1880 2011 1974 2066 sed

398 2101 452 2153 in
480 2114 706 2169 parvum
745 2099 1023 2170 quoddam
1060 2107 1114 2152 et
1159 2097 1438 2154 desertum
1483 2101 1738 2171 oppidum
1779 2103 1973 2156 Arme-

399 2192 503 2245 niae
553 2191 905 2264 relcgarunt,
956 2190 1043 2245 cui
1099 2206 1300 2245 nomen
1351 2199 1436 2247 est
1469 2191 1689 2246 Cucuso
1743 2211 1756 2248 :
1811 2203 1976 2262 atque

399 2282 528 2336 inde
578 2296 774 2338 rursus
827 2281 1158 2346 educentes,
1201 2282 1507 2353 Pityuntem
1544 2285 1971 2348 transtulerunt,

398 2371 491 2440 qui
526 2371 795 2426 terminus
833 2380 916 2427 est
954 2371 1110 2425 Ponti
1147 2370 1492 2440 Romanique
1531 2373 1744 2443 imperii
1786 2375 1974 2428 saevis-

407 2462 566 2517 simis
599 2462 852 2518 barbaris
901 2462 1190 2517 ﬁnitimus.
1251 2461 1356 2517 Sed
1393 2463 1662 2534 benignus
1707 2463 1975 2522 Dominus

403 2552 472 2607 ad
509 2554 745 2610 insulam
791 2554 946 2608 illum
987 2554 1213 2625 perduci
1241 2556 1518 2626 egregium
1563 2557 1821 2612 athletam
1865 2573 1975 2612 nou

399 2653 482 2702 est
527 2661 746 2717 passus.
794 2645 932 2700 Nam
981 2645 1224 2701 Comana
1257 2662 1383 2712 cum
1420 2649 1693 2715 venisset,
1736 2649 1803 2704 ad
1835 2650 1975 2706 senii

399 2736 723 2808 dolorisque
764 2747 1042 2806 expertem
1089 2738 1255 2792 vitam
1297 2739 1450 2792 illum
1488 2740 1806 2810 assumpsit.
1840 2741 1976 2795 Cor-

327 2899 344 2914 ‘
405 2844 506 2898 pus
571 2838 753 2883 autem
817 2829 1095 2899 praeclaris
1139 2833 1156 2852 ‘
1209 2828 1528 2885 defunctum
1586 2830 1977 2886 certaminibus

397 2921 558 2990 juxta
581 2935 804 2991 capsam
830 2921 1083 2977 Basilisci
1113 2923 1374 2995 martyris
1404 2924 1688 2978 conditum
1719 2932 1823 2988 est,
1850 2940 1974 2979 cum

2067 448 2142 502 ἒω
2193 449 2329 520 πρὸς
2383 449 2475 502 τὸν
2508 449 2920 519 ἀπεληλαμένον
2969 449 3015 480 ⁸³
3050 448 3457 520 ἀπεστάλησαν,
3495 451 3653 504 ἀντιο

2069 538 2358 604 δολοῦντες
2379 540 2452 604 ὠς
2482 540 2715 611 τάχιστα
2755 539 2814 592 τὸ
2842 540 2976 593 ἄστυ
3008 540 3354 602 καταλαϐεῖν,
3396 542 3492 594 καὶ
3519 543 3657 608 στῆς

2070 651 2161 686 σαι
2215 637 2280 704 τῇ
2335 634 2486 688 πόλει
2550 635 2641 694 τὸν
2706 633 2968 687 κίνδυνον.
3029 635 3141 686 Καὶ
3191 633 3368 701 ἕτεροι
3420 634 3474 686 δὲ
3534 633 3657 705 μετ’

2069 728 2308 791 ²κείνους
2358 728 2739 799 ἐπέμφθησαν,
2777 728 2870 780 καὶ
2909 727 3058 781 ἄλλοι
3096 724 3235 796 μετά
3277 725 3523 810 τούτους,
3557 725 3658 778 καὶ

2070 820 2326 889 πλήρηςὸ
2349 821 2622 891 Βόσπορος
2647 822 2755 873 τῶν
2790 820 3159 891 πεμπομένων
3190 818 3428 886 ἐγένετο.
3463 819 3658 871 Ἐπει-

2069 910 2130 979 oi;
2179 911 2232 964 δέ
2284 912 2441 965 τοῦτο
2491 916 2519 967 ὁ
2566 913 2888 976 πιστότατος
2942 911 3084 980 ἔγνω
3141 909 3311 974 λεὼς,
3367 909 3656 978 ἐκάλυψαν

2069 996 2179 1065 τοῖς
2215 1003 2533 1074 πορθμείοις
2570 1007 2670 1075 τῆς
2704 1003 3067 1074 Προποντίδος
3090 1002 3151 1055 τὸ
3174 1002 3660 1071 στόμα.”Απαντες

2071 1095 2179 1167 γὰρ
2234 1095 2572 1166 ὑπήντησαν,
2630 1099 2728 1160 τὰς
2784 1099 2846 1150 ἐκ
2903 1094 3075 1165 κηροῦ
3151 1094 3442 1164 λαμπάδας
3515 1111 3655 1163 πρε-

2078 1190 2360 1252 άπτοντες.
2393 1191 2435 1220 ⁵³
2462 1191 2592 1243 Τότε
2637 1191 2735 1260 μέν
2763 1185 2855 1242 οὖν
2889 1189 2947 1240 τὸ
2980 1187 3088 1240 τῶν
3127 1186 3407 1254 δυσμενῶν
3435 1183 3656 1254 διελύθη

2073 1279 2277 1348 στίφος.
2319 1280 2540 1348 Ὀλίγων
2586 1281 2640 1334 δέ
2673 1281 2986 1334 διελθόντων
3019 1281 3224 1352 μηνῶν,
3260 1279 3655 1350 συνηθροίσθη-

2075 1391 2173 1424 σαν
2215 1369 2395 1436 αὖθις,
2439 1373 2533 1426 καὶ
2565 1373 2720 1436 δίκας
2766 1374 3143 1444 εἰσέπραττον,
3191 1373 3252 1425 οὐ
3297 1372 3406 1425 τῶν
3442 1372 3658 1440 ψευδῶν

2072 1463 2294 1515 ἐκείνοιν
2341 1461 2591 1532 γραφῶν,
2647 1462 2781 1515 ἀλλά
2833 1463 2932 1532 τῆς
2990 1462 3126 1532 μετὰ
3183 1461 3281 1532 τὴν
3334 1460 3658 1530 καθαίρεσιν

2073 1553 2432 1624 λειτουργίας.
2480 1555 2539 1606 'U
2581 1554 2637 1606 δὲ
2691 1555 2865 1621 ἔλεγε.
2920 1555 3054 1623 μήτε
3105 1550 3454 1614 δικάσασθαι,
3518 1553 3656 1622 μήτε

2075 1646 2121 1676 ⁸⁷⁵
2157 1645 2262 1698 τῶν
2309 1646 2534 1716 γραιρών
2583 1645 2910 1709 ἐπακοῦσαι,
2967 1646 3104 1714 μήτε
3152 1644 3451 1711 ἀπολογίαν
3499 1645 3658 1712 ποιήο

2078 1737 2294 1792 σασθαι.
2356 1739 2492 1806 μήτε
2543 1738 2649 1809 μὴν
2698 1736 3097 1807 κατακριθῆναι
3137 1736 3351 1806 παρὼν,
3391 1735 3507 1788 ἀλλ’
3557 1735 3661 1790 ὑπὸ

2083 1826 2348 1895 βασιλέως
2376 1829 2419 1858 ⁵⁸
2447 1825 2764 1896 ἐξελαθῆναί
2788 1844 2844 1879 τε
2864 1827 2956 1879 καὶ
2983 1822 3050 1878 αὖ
3072 1826 3231 1879 πάλιν
3258 1825 3660 1895 ἀνακληθῆναι.

2077 1919 2187 1972 Καὶ
2216 1919 2430 1971 συνόδου
2455 1917 2918 1989 συγκροτηθείσης
2947 1916 3098 1990 [240]
3131 1919 3344 1989 ἐτέρας,
3371 1919 3471 1970 οὐκ
3501 1918 3663 1989 ἐδεή-

2077 2008 2249 2077 θησαν
2283 2008 2437 2079 δίκης
2470 2011 2517 2062 οί
2546 2009 2833 2080 δυσμενεῖς
2852 2026 2865 2038 ο
2894 2008 3030 2062 ἀλλὰ
3055 2008 3145 2062 τὸν
3181 2009 3404 2078 βασιλέα
3433 2009 3665 2062 πείσαν-

2075 2119 2167 2164 τες
2205 2101 2427 2171 ἔννομον
2473 2101 2565 2154 καὶ
2595 2101 2808 2155 δικαίαν
2842 2096 2981 2153 εἶναι
3026 2099 3124 2170 τὴν
3155 2099 3360 2170 ψῆφον,
3397 2101 3460 2153 οὗ
3493 2101 3662 2172 μόνον

2075 2193 2176 2261 τῆς
2226 2193 2431 2255 πόλεως
2479 2193 2694 2262 ἐκείνης
2742 2193 3031 2262 ἐξήλασαν,
3082 2190 3219 2245 ἀλλά
3269 2193 3363 2245 καί
3406 2191 3486 2254 εἷς
3541 2208 3665 2244 τινα

2083 2283 2405 2353 πολίχνηνδθ
2448 2285 2689 2356 σμικράν
2729 2301 2787 2337 τε
2837 2285 2928 2338 καὶ
2975 2283 3179 2355 ἔρημον
3231 2284 3328 2354 τῆς
3368 2283 3670 2354 Ἀρμενίας

2080 2375 2422 2445 ἐξέπεμψανο
2453 2375 2763 2438 Κουκουσὺς
2791 2375 2846 2428 δέ
2879 2376 3047 2446 ὄνομα
3075 2374 3246 2446 ταύτῃ
3272 2391 3285 2404 ·
3319 2375 3578 2428 κάκεῖθεν
3607 2375 3668 2428 δὲ

2078 2464 2456 2535 ἐξαγαγόντες,
2509 2468 2590 2530 εἰς
2639 2465 2944 2520 Πιτυοῦντα
2991 2465 3301 2537 μετῴκισαν
3328 2480 3341 2495 ⁸
3388 2465 3568 2536 τέρμα
3607 2465 3670 2518 δὲ

2077 2557 2236 2611 τοῦτο
2268 2559 2362 2611 καὶ
2390 2557 2483 2612 τοῦ
2516 2558 2720 2611 Πόντου
2753 2558 2968 2628 καὶτῆς
3011 2557 3298 2628 Ῥωμαίων
3338 2557 3664 2626 ἡγεμονίας,

2076 2652 2190 2713 τοῖς
2213 2649 2519 2719 ὼμοτάτοις
2543 2649 2905 2718 γειτονεῢονετ
2937 2649 3256 2721 βαρϐάροις.
3307 2647 3448 2702 Ἀλλ’
3478 2649 3510 2700 ὁ
3541 2647 3671 2716 ςιλ-

2080 2740 2364 2812 ἅνθρωπος
2401 2741 2499 2794 οὐκ
2537 2740 2688 2794 εῐασε
2735 2741 3010 2812 Δεσπότης
3053 2743 3132 2804 είς
3178 2741 3354 2794 ἐκεῖνο
3395 2739 3458 2792 τδ
3497 2738 3674 2808 νησύ-

2078 2833 2225 2904 δριον
2241 2832 2287 2863 ⁸³
2322 2831 2632 2904 ἀπαχθῆναι
2664 2832 2752 2886 τὸν
2795 2832 3097 2886 καλλίνικον
3129 2831 3386 2901 ἀθλητήν.
3427 2828 3527 2894 EI;
3559 2831 3672 2901 γὰρ

2079 2927 2306 2996 Κόμανα
2359 2926 2802 2998 παραγενόμενον
2848 2925 2927 2988 είς
2969 2925 3063 2977 τὸν
3109 2925 3302 2995 ἀγήρω
3331 2922 3428 2976 καὶ
3457 2922 3674 2976 ἄλυπον

327 3067 332 3074 ,
403 3011 509 3066 hoc
572 3021 788 3084 martyr
842 3013 960 3083 ipse
1008 3029 1108 3084 per
1173 3015 1448 3069 somnium
1526 3013 1643 3069 ﬁeri
1697 3015 1976 3083 iussisset.

2089 3019 2357 3090 μετέθηκε
2387 3017 2521 3089 βίον.
2567 3017 2640 3070 Τὸ
2673 3017 2730 3070 δέ
2759 3035 2822 3085 γε
2853 3015 3033 3078 καλῶς
3065 3015 3474 3084 ἀγωνισάμενον
3509 3015 3676 3084 σῶμα

404 3102 550 3170 Quot
585 3105 751 3176 igitur
776 3105 1022 3176 episcopi
1057 3106 1202 3160 illius
1236 3120 1403 3162 causa
1434 3107 1550 3162 suis
1584 3106 1807 3163 sedibus
1835 3107 1977 3178 pulsi

405 3195 630 3250 ultimas
687 3204 962 3252 terrarum
1024 3212 1152 3252 oras
1204 3197 1575 3264 ineolu’erint,
1643 3208 1777 3269 quot
1813 3201 1978 3254 etiam

405 3288 661 3344 monachi
705 3289 870 3344 simili
921 3289 1196 3360 supplicio
1249 3290 1466 3345 multati
1517 3289 1661 3354 sint,
1717 3275 1974 3361 Superva-

405 3396 636 3437 caneum
661 3389 794 3452 puto
813 3397 1088 3453 exponere
1105 3424 1120 3447 ,
1141 3391 1194 3439 et
1217 3384 1591 3438 narrationem
1621 3383 1978 3454 protrahere:

405 3473 709 3543 praesertim
753 3489 876 3529 cum
931 3490 996 3530 ea
1047 3491 1171 3546 qua:
1205 3477 1386 3532 tristia
1441 3485 1572 3533 sunt
1606 3476 1982 3531 contrahenda

405 3578 701 3629 censeam,
754 3572 808 3620 et
856 3563 1086 3635 tegenda
1135 3573 1321 3619 errata
1353 3579 1544 3620 eorum
1580 3566 1674 3634 qui
1728 3572 1984 3620 auctores

409 3651 628 3708 fuerunt
647 3693 662 3719 ,
690 3653 836 3724 quod
867 3653 1114 3724 ejusdem
1144 3653 1432 3708 nobiscum
1460 3653 1584 3708 fidei
1617 3653 1841 3708 fuerint.
1867 3654 1984 3710 Ραδο

408 3760 510 3799 nas
567 3756 717 3800 certe
772 3745 1019 3814 plerique
1060 3759 1250 3799 eorum
1301 3743 1538 3820 dedere,
1591 3744 1985 3817 suppliciisque

411 3835 530 3890 suis
570 3836 704 3888 utile
750 3835 874 3888 aliis
910 3833 1239 3889 documento
1285 3832 1458 3889 fuere.
1512 3833 1764 3903 Iniquum
1820 3851 1986 3904 porro

409 3923 627 3979 facinus
668 3939 833 3994 supra
861 3933 1090 3980 caeteros
1119 3922 1376 3979 detestati
1422 3931 1554 3978 sunt
1587 3923 1829 3994 episcOpi
1874 3924 1985 3978 Eu-

409 4031 598 4087 ropa,
645 4023 699 4072 et
737 4032 796 4072 se
843 4016 912 4071 ab
967 4025 1255 4071 auctorum
1292 4017 1680 4072 communione
1731 4018 1985 4087 sejunxe-

409 4117 595 4164 runt:
657 4107 724 4164 ad
785 4122 929 4178 quos
1013 4106 1217 4179 Illyrici
1269 4109 1434 4162 etiam
1491 4108 1735 4179 episcopi
1793 4124 1986 4165 omnes

411 4215 718 4257 accessere.
794 4199 1158 4255 Orientalium
1229 4213 1356 4255 vero
1418 4200 1702 4254 civitatum
1765 4200 1985 4270 plurimi

411 4290 676 4347 facinoris
731 4289 954 4360 quidem
991 4291 1439 4346 communionem
1481 4291 1764 4354 vitarunt,
1805 4292 1990 4347 Eccle-

2082 3109 2230 3182 παρά
2255 3109 2352 3181 τὴν
2381 3109 2556 3180 θήκην
2594 3108 2834 3180 ἀπετέθη
2865 3107 3187 3162 Βασιλίσκου
3227 3106 3321 3160 τοῦ
3359 3107 3671 3177 μάρτυρος.

2080 3201 2238 3256 τοῦτο
2280 3201 2348 3254 δι’
2394 3200 2671 3272 ὀνείρατος
2737 3199 3166 3269 προστεταχότος
3215 3197 3311 3252 τοῦ
3365 3199 3670 3268 μάρτυρος.

2093 3293 2310 3346 Ὁπόσοι
2341 3292 2440 3364 μὲν
2464 3287 2554 3346 οὖν
2583 3291 2690 3344 τῶν
2722 3291 3035 3344 ἐπισκόπων
3061 3291 3130 3344 δι’
3161 3291 3369 3344 ἐκεῖνον
3399 3289 3510 3342 τῶν
3545 3290 3676 3342 Ἐκ-

2083 3384 2322 3456 κλησιῶν
2372 3383 2732 3455 ἐξηλάθησαν,
2785 3384 2881 3436 καὶ
2932 3382 3104 3446 αὐτὰς
3152 3381 3374 3453 ᾤκησαν
3419 3381 3523 3445 τὰς
3572 3381 3675 3451 τῆς

2083 3474 2408 3545 οἰκουμένης
2435 3473 2714 3545 ἐσχατιὰς,
2743 3473 2928 3528 ὁπόσοι
2967 3472 3024 3526 δέ
3054 3473 3150 3526 καὶ
3175 3473 3280 3526 τῶν
3311 3473 3410 3544 τὴν
3437 3472 3674 3540 ἀσκητι-

2085 3565 2187 3636 κὴν
2232 3563 2551 3632 φιλοσοφίαν
2595 3564 2964 3634 ήγαπηκότων
3023 3566 3135 3627 τοῖς
3185 3564 3320 3627 ῐσοις
3377 3563 3676 3636 παθήμασι

2087 3655 2432 3728 περιέπεσον,
2466 3655 2717 3727 περιττὸν
2740 3650 2893 3725 οἶμαι
2927 3654 3254 3726 διηγεῖσθαι,
3279 3657 3370 3709 καὶ
3399 3657 3678 3726 μηκύνειν

2085 3749 2182 3822 τήν
2219 3749 2561 3819 συγγραφήν.
2601 3747 2810 3810 ’Λλλως
2850 3765 2909 3800 τε
2959 3749 3053 3801 καὶ
3097 3747 3296 3818 χρῆναι
3328 3747 3540 3818 νομίζω
3577 3765 3678 3801 συο

2090 3841 2327 3894 στέλλειν
2355 3839 2426 3892 τά
2458 3837 2778 3910 σκυθρωπὰ,
2822 3838 2918 3892 καὶ
2946 3838 3054 3892 τῶν
3089 3840 3434 3910 δεδρακότων
3471 3839 3674 3908 ὁμοπί-

2091 3945 2228 3981 στων
2249 3929 2416 3981 ὄντων
2439 3927 2838 3996 συγκαλύπτειν
2860 3928 2924 3980 τά
2953 3927 3415 3998 πλημμελήματα.
3437 3929 3678 3981 Ἐὣσαν

2093 4021 2272 4090 μέντοι
2317 4019 2471 4083 δίκας
2520 4018 2626 4072 τῶν
2667 4018 3008 4090 ἠδικηκότων
3035 4020 3083 4072 oi
3116 4018 3378 4086 πλεῖστοι,
3426 4019 3524 4073 καὶ
3557 4021 3676 4083 τοῖς

2089 4111 2268 4175 ἄλλοις
2313 4111 2379 4163 δι’
2427 4104 2500 4164 ὧν
2544 4109 2745 4164 ἔπαθον
2790 4111 2888 4179 τὴν
2946 4111 3211 4180 ὠφέλειαν
3260 4112 3674 4182 προσήνεγκαν.

2089 4202 2308 4273 Ταύτην
2333 4200 2684 4266 ἐδδελύξαντο
2709 4201 3074 4271 διαφερόντως
3114 4201 3214 4272 τὴν
3242 4201 3456 4255 ἀδικίαν
3487 4202 3539 4254 οί
3572 4201 3678 4270 τῆς

2091 4291 2361 4366 Εὐρώπης
2391 4293 2677 4348 ἐπίσκοποι
2701 4310 2717 4326 ο
2759 4294 2856 4364 τῆς
2885 4294 2992 4366 γάρ
3019 4295 3126 4348 τῶν
3155 4294 3495 4365 δεδρακότων
3530 4298 3677 4364 σφᾶς

411 4381 508 4439 size
555 4389 738 4436 tamen
787 4395 990 4452 corpus
1044 4395 1156 4434 non
1207 4379 1602 4436 distraxerunt.
1638 4379 1745 4436 Sed
1793 4389 1847 4436 et
1893 4381 1976 4438 de-

2089 4361 2282 4450 αὐτοὺς
2305 4361 2608 4456 ἀπέκριναν
2631 4361 2914 4450 κοινωνίας
2941 4361 2972 4418 ο-
2990 4387 3083 4440 καὶ
3118 4361 3363 4456 Ἰλλυριοὶ
3385 4387 3444 4440 δὲ
3468 4361 3684 4452 πάντες

417 4474 603 4529 functo
658 4473 808 4528 orbis
860 4479 1133 4528 terrarqu
1172 4470 1478 4541 magistro,
1533 4472 1781 4541 episcopi
1827 4469 1990 4528 Occi-

413 4564 659 4622 dentales
694 4578 804 4619 non
840 4564 996 4634 prius
1045 4561 1264 4632 1076
1310 4566 1692 4633 episcoporum
1728 4561 1952 4637 Egypti
1974 4605 1989 4628 ,

409 4655 794 4727 Orientisque,
823 4665 877 4711 et
906 4655 1141 4725 Bospori
1168 4670 1232 4710 ac
1261 4653 1512 4711 Thraciae
1541 4662 1988 4714 communionem

420 4747 694 4803 admisere
716 4787 732 4813 ,
769 4759 933 4817 quam
970 4744 1142 4799 divini
1175 4743 1276 4798 viri
1308 4758 1508 4798 nomen
1533 4745 1676 4800 inter
1698 4745 1990 4803 defunctos

413 4841 702 4914 episcopos
742 4839 1089 4894 retulissent.
1133 4835 1201 4891 Et
1253 4837 1546 4892 Arsacium
1587 4837 1842 4908 quidem,
1891 4841 1986 4911 qui

411 4932 461 4989 ei
493 4929 757 4988 suﬂ'ectus
787 4927 1004 4991 fuerat,
1056 4941 1159 4982 nec
1193 4926 1527 4982 salutatione
1569 4927 1776 4999 dignati
1813 4937 1980 4987 sum:

414 5022 652 5080 Atticum
697 5034 829 5085 vero
875 5017 1089 5074 Arsacil
1137 5031 1564 5087 successorem,
1607 5030 1732 5092 post
1784 5025 1986 5080 multas

2087 4478 2186 4548 τῆς
2236 4476 2451 4548 μερίδος
2498 4475 2713 4547 ἐκείνης
2760 4476 3024 4545 ἐγένοντο.
3083 4475 3203 4531 Τῶν
3250 4478 3305 4530 δὲ
3353 4479 3492 4549 πρὸς
3519 4479 3684 4550 ἣλιον

2089 4566 2378 4638 ἀνίσχοντα
2407 4567 2613 4621 πόλεων
2642 4569 2689 4621 oi
2725 4567 2987 4633 πλεῖστοι,
3022 4567 3221 4636 ἔφυγον
3272 4569 3370 4639 μὲν
3410 4569 3517 4638 τῆς
3548 4571 3684 4624 d8:-

2088 4659 2213 4724 κίας
2239 4661 2336 4731 τὴν
2369 4659 2674 4725 κοινωνίαν,
2720 4659 2782 4712 τδ
2809 4659 2865 4712 δὲ
2895 4661 2991 4731 τῆς
3026 4661 3353 4731 Ἐκκλησίας
3390 4662 3494 4712 οὐκ
3537 4661 3685 4730 ἐμέ-

2095 4771 2252 4826 ρισαν
2277 4752 2454 4825 σῶμα.
2507 4752 2618 4806 Καὶ
2658 4751 3080 4823 τελευτήσαντος
3111 4751 3167 4804 δὲ
3203 4750 3295 4804 τοῦ
3326 4752 3570 4822 μεγάλου
3603 4753 3688 4806 δι-

2091 4843 2358 4898 δασκάλου
2378 4841 2474 4914 τῆς
2504 4841 2846 4913 οἰκουμένης,
2877 4841 2938 4896 οὑ
2972 4841 3235 4913 πρότερον
3263 4842 3311 4894 οί
3342 4841 3441 4910 τῆς
3473 4841 3686 4895 Ἑσπέ-

2094 4955 2194 5010 ρας
2225 4936 2510 4990 ἐπίσκοποι
2537 4935 2646 4988 τῶν
2677 4935 2736 4987 ἐν
2766 4933 3043 5004 Αἰγύπτῳ,
3078 4933 3173 4986 καὶ
3198 4935 3261 5004 τῇ
3307 4931 3531 5002 Ἒῴᾳ⁵⁹,
3583 4934 3684 4985 καὶ

2091 5029 2201 5084 τῶν
2247 5031 2305 5082 ἐν
2349 5028 2426 5099 τῷ
2473 5026 2756 5100 Βοσπόρῳ,
2789 5028 2883 5081 καὶ
2926 5027 2992 5097 τῇ
3029 5025 3220 5098 Θρᾴκῃ
3257 5023 3356 5096 τὴν
3382 5025 3683 5079 κοινωνίαν

1685 5237 1928 5301 VARIE
1965 5243 2376 5303 LECTIONES.

499 5457 547 5492 "
573 5456 925 5530 ἐληλαμένον.
955 5453 1144 5530 Iidem.
1203 5456 1255 5488 "‘
1278 5453 1706 5530 πρρσάπτοντες.
1732 5452 1895 5530 Βαεὶ1
1928 5451 2053 5530 Gr_.,
2072 5452 2221 5530 Ρὶιιίὲ
2249 5449 2459 5530 Sayilij,
2491 5453 2636 5530 quod
2660 5462 2714 5510 et
2736 5452 2958 5530 Valesio
2990 5453 3163 5530 magis
3179 5451 3376 5530 placet.

458 5521 1465 5604 ﬁt:fatotﬁngﬁatlabsunta'Pip‘i
1494 5523 1702 5604 codice.
1747 5525 1823 5604 __"
1868 5522 2151 5604 βασιλέων.
2188 5525 2360 5604 Sayil.
2409 5525 2454 5557 “
2489 5521 2950 5604 uolixvtov._Pini.
3013 5525 3082 5604 :7

2237 5367 2284 5381 θ

3464 5451 3514 5480 ⁸⁸
3553 5451 3683 5507 “re

3115 5521 3459 5592 γειτονεύων.
3503 5522 3584 5574 l’a
3597 5523 3686 5575 sil.

464 5592 511 5656 ιτ.
549 5592 788 5652 vitiose.‘
813 5597 858 5629 ³⁸
888 5598 964 5666 Ita
989 5595 1307 5666 Christoph.
1331 5594 1713 5666 etAScaliger,
1747 5592 2137 5666 item‘quejl’inj
2173 5593 2367 5661 codex,
2403 5609 2528 5651 cum
2575 5592 2743 5650 B'asil.
2785 5595 2881 5650 Gr.
2919 5605 2970 5650 et
3013 5593 3203 5666 Steph.
3259 5592 3496 5648 habeant
3545 5605 3684 5648 συμ-

417 5671 611 5740 ιδριον.
666 5667 712 5700 ⁵⁸
753 5668 850 5718 καὶ
885 5665 987 5733 τῆς
1028 5661 1324 5732 Ἐᾠαςδκαὶ
1354 5661 1462 5718 τῶν
1487 5665 1546 5719 ἐν
1569 5661 1646 5734 τῇ
1681 5664 1852 5720 Βοσπ.
1889 5661 2056 5720 Basil.
2093 5661 2193 5719 Gr.
