3974 6212
416 337 552 404 1269

1409 345 2000 407 ECCLESIASTIC/E
2018 347 2403 408 HISTORI/E
2433 351 2560 410 LIB
2613 352 2682 411 V.

3522 343 3659 408 197i)

412 455 505 510 καὶ
532 453 845 526 πρηστῆρσι
876 454 1074 525 βαλὼν,
1111 457 1205 510 καὶ
1237 457 1397 512 αὑτὸν
1429 460 1745 528 κατέφλεξε,
1775 461 1868 514 καὶ
1891 459 1977 531 τὴν

2095 462 2350 532 quiddam
2385 464 2547 516 etiam
2576 463 2630 516 in
2655 461 2798 518 bello
2825 460 3046 516 Persico
3077 457 3348 528 praestitit.
3372 453 3507 511 Nam
3535 472 3670 518 cum,

413 547 674 618 στρατιὰν
700 547 1083 602 κατανάλωσεν
1109 549 1346 604 ἃπασαν.
1381 549 1630 605 Τοιοῦτον
1644 554 1689 589 ⁷⁵
1722 553 1778 606 δέ
1805 570 1858 605 τι
1887 553 1988 605 κάν

409 637 488 709 τῷ
514 638 766 708 Περσικῷ
789 639 1013 711 πολέμῳ
1040 642 1357 713 πεποίηκεν.
1398 644 1616 715 Ἐπειδὴ
1638 645 1748 716 γὰρ
1767 645 1986 706 ἐκεῖνοι,

409 729 509 800 τὴν
561 731 848 800 Ῥωμαίων
899 733 1158 802 ἀσχολίαν
1220 734 1638 806 μεμαθηκότες,
1686 735 1827 790 κατὰ
1879 735 1988 789 τῶν

410 822 806 888 ἀστυγειτόνων
834 823 1233 895 ἐστράτευσαν,
1262 825 1363 889 τὰς
1397 827 1547 898 παρὰ
1563 827 1607 860 ⁷⁸
1636 828 1737 891 τῆς
1766 829 1988 900 εἰρήνης

412 913 858 984 παραϐεϐηκότες
891 917 1146 980 σπονδὰς,
1181 917 1470 990 ἐπεκούρει
1502 919 1559 972 δὲ
1587 922 1697 982 τοῖς
1728 920 1988 990 ιολεμου-

413 1004 592 1071 μένοις
620 1007 792 1070 οὐδείς
812 1021 826 1034 ·
880 1009 946 1078 τῇ
978 1008 1086 1080 γάρ
1111 1010 1302 1082 εἰρήνῃ
1336 1011 1750 1083 τεθαρῤηκὼςτ⁹
1783 1015 1808 1066 ἑ
1841 1013 1991 1082 βασι-

410 1093 554 1160 λεὺς,
599 1100 679 1161 εἰς
712 1099 936 1169 ἐτέρους
969 1099 1259 1170 πολέμους,
1313 1104 1407 1156 καὶ
1449 1105 1574 1166 τοὺς
1624 1107 1984 1174 στρατηγοὺς,

410 1188 655 1251 καὶτοὺς
705 1191 1042 1260 στρατιώτας
1088 1192 1394 1263 ἐξέπεμψεν
1419 1211 1433 1226 ο
1497 1195 1639 1265 ύετῷ
1673 1195 1989 1266 λαυροτάτῳ

411 1279 506 1331 καὶ
533 1279 743 1352 χαλάζῃ
793 1283 1026 1356 μεγίστῃ
1064 1282 1261 1354 βαλὼν,
1297 1285 1396 1356 τὴν
1434 1287 1526 1339 ἐπὶ
1563 1287 1632 1340 τὰ
1665 1287 1851 1358 πρόσω
1892 1305 1988 1340 πο-

414 1370 537 1448 ρίαν
567 1371 826 1440 ἐκώλυσε,
880 1375 975 1428 καί⁵
1012 1376 1103 1429 τὸν
1133 1377 1240 1454 τῶν
1276 1377 1458 1430 ἵππων
1485 1379 1715 1450 ἐπέδησε
1741 1380 1942 1451 δρόμον
1970 1397 1984 1411 °

413 1463 506 1516 καί
536 1465 593 1518 ὲν
626 1465 798 1518 εἰκοσι
829 1466 1067 1536 ἡμέραις
1100 1468 1418 1538 ἰσαρίθμους
1455 1469 1706 1534 ἐξανύσαι
1740 1474 1989 1539 σταδίους

410 1555 788 1627 ούκίσχυσαν,
814 1559 920 1621 ἕως
945 1561 994 1611 oi
1027 1561 1325 1631 στρατηγοί
1355 1580 1412 1614 τε
1443 1563 1720 1631 ἀφίκοντο,
1746 1567 1988 1630 καὶτοὺς

412 1647 750 1718 στρατιώτας
807 1650 1186 1721 συνήθροισαν.
1241 1653 1352 1705 Καὶ
1406 1654 1464 1707 ὲν
1507 1656 1584 1726 τῷ
1635 1650 1886 1730 προτέρῳ
1931 1661 1988 1714 δὲ

410 1737 652 1809 πολέμῳ,
691 1740 912 1804 τούτους
946 1744 1142 1806 αὐτοὺς
1168 1743 1266 1814 τὴν
1295 1745 1580 1816 ἐπώνυμον
1603 1749 1696 1801 τοῦ
1725 1749 1988 1819 βασιλέως

408 1829 832 1901 πολιορκοῦντας
854 1833 1006 1887 πόλιν
1023 1836 1454 1902 καταγελάστους
1474 1840 1738 1909 ἀπέφηνε.
1759 1842 1986 1907 Πλείους

407 1919 572 1990 γὰρπ
597 1923 890 1995 τριάκοντα
924 1926 1137 1996 ἡμέρας
1181 1929 1440 1982 πασσυδεὴ⁹
1473 1929 1789 2002 Βαραράνου
1806 1935 1852 1969 ’⁸
1886 1937 1986 2006 τὴν

406 2015 815 2087 προειρημένην
859 2017 1245 2084 κυκλώσαντος
1292 2021 1466 2086 πόλιν,
1514 2024 1606 2076 καί
1637 2024 1837 2089 πολλὰς
1887 2028 1986 2097 μὲν

405 2103 676 2169 ἑλεπόλεις
717 2110 1196 2178 προσενεγκόντος,
1249 2117 1521 2184 μηχαναῖς
1549 2115 1605 2168 δὲ
1635 2119 1983 2188 χρησαμένου

406 2197 650 2267 μυρίαις,
666 2199 765 2288 καὶ
794 2199 1030 2271 πύργους
1061 2203 1256 2267 ἔξωθεν
1288 2205 1525 2277 ὑψηλοὺς
1548 2209 1981 2281 άντεγείραντος,

405 2288 563 2382 μόνος
585 2289 841 2382 άντέσχεν
869 2295 896 2345 ὁ
923 2291 1064 2357 θεῖος
1097 2297 1405 2367 ἀρχιερεὺς,
1439 2299 1703 2370 Εύνόμιος
1733 2300 1788 2354 δὲ
1809 2303 1983 2382 τούτῳ

399 2377 572 2450 ὄνομα
599 2376 688 2452 ἧν,
720 2383 810 2435 καὶ
841 2384 947 2437 τῶν
969 2389 1430 2459 προσφερομένων
1454 2394 1866 2464 μηχανημάτων

407 2470 587 2543 ῥύμην
616 2475 823 2528 διέλυσε
849 2493 861 2506 ·
903 2479 996 2530 καὶ
1044 2478 1154 2531 τῶν
1192 2482 1515 2552 στρατηγῶν
1557 2484 1667 2537 τῶν
1697 2488 1983 2559 ἡμετέρων

402 2561 670 2634 τὴνοπρὺς
719 2567 847 2630 τοὺς
894 2569 1186 2640 πολεμίους
1235 2573 1618 2646 ἀπειρηκότων
1649 2578 1852 2649 μάχην,
1888 2582 1984 2636 καὶ

399 2657 514 2717 τοῖς
541 2654 1018 2728 πολιορκουμένοις
1045 2663 1308 2733 ἐπαρκεῖν
1349 2666 1410 2718 οὐ
1454 2651 1797 2738 τολμώντων,
1830 2665 1982 2738 οὗτος

398 2745 1003 2822 ἁντιπαραταττόμενος
1036 2753 1188 2827 [2M]
1243 2757 1556 2829 ἀπόρθητον
1581 2761 1641 2792 ⁵⁸
1673 2763 1773 2834 τὴν
1828 2763 1982 2819 πόλιν

395 2837 680 2906 ἐφύλαξεν.
717 2843 866 2906 Ἐνδς
892 2845 950 2897 δὲ
978 2846 1084 2900 τῶν
1112 2848 1215 2901 ὑπὸ
1235 2849 1342 2901 τῶν
1365 2851 1657 2922 βαρϐάρων
1676 2855 1974 2920 τελούντων

397 2927 660 3020 βασιλέων
688 2933 784 3005 τὴν
821 2937 1027 3008 συνήθη
1057 2937 1403 3011 βλασφημίαν
1439 2925 1852 3020 τετολμηκότος,
1883 2951 1978 3004 καὶ

395 3019 464 3073 τὰ
515 3021 790 3092 Ῥαψάκου
853 3028 948 3080 καὶ
1008 3031 1374 3102 Σενναχηρεὶϐ
1437 3037 1832 3108 φθεγξαμένου,
1885 3042 1977 3094 καὶ

2019 1799 2063 1854 Β

2090 553 2193 618 illi,
2229 554 2376 622 quod
2406 553 2699 608 districtos
2735 553 2865 608 alibi
2922 551 3202 606 Romanos
3251 566 3376 604 esse
3434 549 3671 611 scirent,

2090 644 2146 699 in
2190 645 2401 700 vicinos
2435 646 2561 706 sibi,
2611 647 2786 715 ruptis
2829 643 3044 714 1080
3109 642 3431 708 ftederibus,
3466 657 3614 694 arma
3640 644 3658 662 ‘

2090 737 2410 802 movissent,
2441 753 2542 792 nec
2574 741 2870 808 quisquam
2903 745 3050 794 esset
3071 737 3162 807 qui
3197 737 3472 790 lacessitis
3503 748 3674 803 open».

2091 826 2432 897 ferret,quia
2469 843 2600 896 pace
2653 828 2829 885 fretus
2861 829 3165 898 imperator
3221 827 3394 884 duces
3447 840 3578 886 suos
3605 836 3670 879 et.

2089 919 2291 974 milites
2314 919 2383 974 ad
2409 920 2513 974 alia
2542 920 2685 974 bella
2712 920 3022 984 dimiserat,
3081 916 3257 971 imbre
3287 916 3657 971 vehementis—

2087 1009 2227 1062 simo
2251 1019 2306 1064 et
2333 990 2600 1080 grandine
2628 1009 2862 1063 maxima
2884 1008 3113 1062 afﬂictos
3139 1007 3368 1060 ulterius
3406 1005 3659 1075 progredi

2088 1101 2283 1166 vetuit,
2315 1115 2697 1170 equorumque
2726 1114 2951 1154 cursum
2983 1097 3246 1159 inhibuit,
3279 1097 3350 1148 ita
3383 1107 3439 1148 ut
3463 1097 3660 1150 diebus

2090 1192 2284 1261 viginti
2316 1191 2543 1246 totidem
2573 1191 2741 1245 millia
2761 1204 3018 1260 passuum
3039 1189 3310 1250 conficere
3336 1202 3447 1241 non
3469 1195 3659 1254 potue-

2089 1283 2224 1348 rint,
2265 1282 2445 1352 quoad
2484 1283 2655 1338 duces
2679 1282 3069 1344 adventarunt,
3095 1288 3148 1334 et
3180 1278 3404 1333 militem
3429 1279 3660 1348 college.-

2091 1383 2240 1429 runt.
2284 1374 2390 1429 Sed
2419 1385 2473 1430 et
2499 1374 2774 1430 anteriore
2802 1375 2945 1429 bello
2981 1374 3285 1442 hosipsos.
3319 1387 3446 1427 cum
3472 1370 3660 1425 urbem

2091 1465 2405 1534 imperatori
2435 1467 2821 1535 cognominem
2855 1464 3227 1530 obsedissent,
3266 1463 3504 1518 ludibrio
3563 1477 3662 1524 ex-

2091 1553 2289 1625 posuit.
2332 1555 2465 1609 Nam
2490 1571 2613 1610 cum
2638 1556 2863 1627 triginta
2887 1557 3205 1626 etamplius
3229 1556 3441 1609 dierum
3483 1554 3662 1623 spatio

2091 1647 2406 1718 pradictam
2436 1649 2626 1702 urbem
2661 1646 2971 1702 Vararanos
3019 1663 3142 1702 cum
3195 1647 3453 1701 omnibus
3483 1647 3666 1714 copiis

2090 1741 2372 1807 cinxisset,
2425 1739 2817 1808 helepolesque
2845 1740 3070 1803 multas,
3115 1747 3169 1793 ct
3194 1739 3436 1791 omnium
3494 1753 3660 1809 gene-

2093 1848 2210 1886 rum
2241 1831 2530 1886 machinas
2565 1831 2926 1892 admovissct,
2961 1839 3130 1901 atque
3162 1829 3448 1900 oppositas
3479 1837 3659 1884 turres

2089 1923 2381 1994 praecelsas
2416 1922 2763 1977 extrinsecus
2805 1923 3125 1989 excitasset,
3171 1921 3323 1976 solus
3353 1919 3549 1975 restitit
3577 1919 3661 1974 di-

2087 2014 2250 2069 vinus
2279 2014 2544 2083 pontifex,
2579 2013 2883 2070 Eunomius
2917 2015 3158 2078 nomine,
3196 2013 3657 2083 objectarumque

2086 2106 2464 2160 machinarum
2527 2105 2734 2162 retudit
2793 2107 3111 2176 impetum:
3156 2114 3206 2160 et
3265 2120 3389 2158 cum
3460 2103 3660 2156 milites

2086 2197 2260 2252 nostri
2300 2212 2542 2267 pugnare
2576 2212 2700 2251 cum
2736 2196 2895 2251 hoste
2939 2206 3254 2258 renuerent,
3306 2195 3668 2261 obsessisquo

2085 2301 2238 2356 opem
2265 2284 2409 2341 ferre
2440 2301 2548 2341 non
2580 2286 2867 2350 auderent,
2904 2285 2994 2340 hic
3021 2299 3144 2340 sese
3175 2285 3430 2339 hostibus
3478 2296 3669 2352 oppo-.

2085 2392 2222 2430 nens
2253 2377 2441 2430 urbem
2477 2376 2718 2430 servavit
2760 2376 3116 2431 incolumem.
3153 2375 3370 2430 Etcum
3419 2389 3564 2428 unus
3589 2371 3660 2427 de

2084 2468 2328 2538 regibus,
2364 2467 2456 2536 qui
2483 2467 2624 2521 inter
2653 2467 2918 2522 barbaros
2947 2475 3127 2529 erant,
3165 2473 3480 2521 consuetam
3511 2463 3656 2518 blas-

2083 2563 2356 2634 phemiam
2407 2561 2736 2616 insolentius
2788 2561 3033 2630 iactans,
3096 2568 3151 2615 et
3209 2559 3516 2629 Rhapsacis
3580 2572 3646 2611 ac

2085 2654 2480 2710 Sennacheriizi
2511 2654 2673 2709 verba
2704 2669 3000 2724 usurpans,
3028 2653 3274 2708 divinum
3301 2652 3563 2721 templum
3594 2665 3662 2705 se

2083 2747 2437 2803 incensurum
2493 2749 2682 2803 rabide
2722 2748 3045 2812 minaretur,
3103 2747 3309 2801 rabiem
3367 2744 3506 2798 hanc
3542 2757 3664 2797 non

2083 2838 2266 2895 ferens
2328 2839 2546 2895 divinus
2613 2839 2702 2894 ille
2751 2840 2854 2904 vir,
2902 2839 3180 2901 balistam,
3225 2837 3312 2891 cui
3354 2849 3384 2889 a
3443 2833 3654 2890 Thoma

2082 2930 2328 2999 apostolo
2385 2945 2578 2985 nomen
2610 2938 2752 2992 crat,
2801 2931 2855 2983 in
2889 2929 3032 2984 muri
3061 2929 3226 3000 pinna
3275 2928 3466 2992 statui,
3509 2925 3651 2996 lapi-

2081 3023 2315 3090 demque
2346 3022 2619 3090 ingentem
2681 3020 2916 3090 imponi,
2969 3028 3134 3090 atque
3189 3021 3242 3074 in
3281 3020 3400 3088 ejus
3430 3018 3652 3073 nomine

401 3115 646 3181 μανικῶς
671 3117 1066 3189 ἀπειλήσαντος
1104 3123 1196 3176 τὸν
1231 3125 1374 3178 θεῖον
1405 3130 1776 3200 πυρπολήσειν
1817 3133 1972 3200 νεὼν,

2082 3129 2241 3184 quem
2266 3113 2473 3182 1081
2503 3111 2908 3182 blasphemaral
2944 3112 3118 3165 emitti
3135 3109 3323 3179 jussit.
3353 3107 3456 3177 Qui
3492 3118 3645 3164 recta

395 3203 495 3296 οὐκ
537 3207 777 3276 ἐνεγκὼν
823 3211 921 3283 τὴν
967 3214 1165 3269 λύτταν
1207 3219 1235 3270 ὁ
1281 3218 1425 3286 θεῖος
1471 3221 1676 3286 ἐκεῖνος
1715 3225 1874 3296 ἀνὴρ,
1915 3227 1975 3280 τὸ

394 3292 664 3354 λιθοϐόλον
691 3301 941 3372 όργανον,
978 3308 1130 3380 παρὰ
1159 3311 1258 3380 τὴν
1292 3310 1516 3377 ἔπαλξιν
1541 3317 1762 3385 τεθῆναι
1790 3292 1978 3372 κελεύω

397 3401 512 3479 σας,
555 3391 582 3442 ὃ
628 3394 722 3446 τοῦ
776 3397 1079 3454 ἀποστόλου
1127 3403 1364 3472 Θωμᾶν
1413 3407 1701 3478 ἐπώνυμον
1745 3405 1834 3479 ἦν,
1883 3412 1976 3464 καὶ

392 3477 540 3574 λίθον
561 3485 748 3574 μέγαν
774 3491 1092 3562 ἐπιτεθῆναι
1123 3498 1537 3568 παρεγγυήσας,
1567 3477 1624 3553 ἐὺ
1652 3503 1728 3572 τῷ
1749 3477 1974 3574 ὁνάματι

390 3569 489 3624 τοῦ
550 3571 1037 3650 βλασφημηθέντος
1093 3589 1308 3656 ἀφεῖναι
1373 3569 1726 3664 προσέταξεν.
1918 3596 1974 3649 δὲ

391 3665 627 3721 κατευθὺ
647 3669 738 3722 τοῦ
761 3671 1055 3738 δυσσεϐοῦς
1076 3677 1339 3748 βασιλέως
1366 3665 1576 3737 ἐκείνου
1605 3688 1972 3758 κατενεχθεὶς,

389 3756 483 3810 καὶ
508 3757 598 3830 τῷ
626 3763 853 3833 στόματι
911 3770 1151 3834 πελάσας
1197 3773 1275 3848 τῷ
1309 3776 1555 3847 μυσαρῷ,
1587 3778 1646 3830 τό
1671 3756 1973 3850 τεδίγπρόσ-

385 3864 537 3904 ωπον
567 3852 860 3928 διέφθειρε,
880 3862 972 3914 καὶ
996 3861 1093 3940 τὴν
1112 3866 1355 3937 κεφαλὴν
1383 3869 1700 3940 συνέτριψεν
1732 3871 1967 3940 ἅπασαν,

387 3941 479 4034 καὶ
503 3944 593 3997 τὸν
625 3947 932 4019 ἐγκέφαλον
962 3955 1174 4030 διέρανε
1207 3962 1271 4030 τῇ
1307 3963 1400 4030 γῇ.
1436 3961 1606 4014 Τοῦτο
1635 3964 1969 4034 θεασάμενος

384 4028 429 4126 θ’
468 4036 567 4126 τὴν
615 4045 879 4110 στρατιὰν
922 4048 1172 4120 ἀγείρας,
1224 4053 1316 4104 καὶ
1364 4053 1461 4122 τὴν
1514 4054 1668 4109 πόλιν
1717 4057 1966 4126 αἱρήσειν

2074 3207 2130 3261 in
2166 3203 2588 3274 impium'illum
2651 3218 2832 3272 regem
2893 3204 3133 3268 delatus,
3167 3201 3309 3258 etin
3377 3202 3648 3257 nefarium

2073 3315 2138 3354 os
2169 3299 2462 3366 impactus,
2493 3302 2548 3350 et
2571 3294 2780 3349 vultum
2825 3294 2946 3363 ejus
2974 3293 3333 3358 deformavit,
3363 3305 3418 3350 ct
3472 3302 3646 3350 totum

2073 3399 2238 3461 caput
2291 3386 2639 3452 comminuit,
2689 3385 3090 3456 cerebrumque
3151 3388 3302 3442 humi
3365 3387 3646 3458 dispersit.

2075 3484 2229 3552 Quod
2260 3495 2494 3537 cernens
2525 3479 2618 3549 qui
2649 3479 2953 3533 exercitum
3009 3489 3286 3550 coegerat,
3341 3492 3397 3536 et
3447 3481 3656 3536 urbem.

2075 3593 2135 3634 se
2167 3587 2456 3646 capturum
2515 3582 2782 3643 sperarat,
2817 3587 2941 3626 mox
2989 3573 3270 3641 discessit,
3333 3591 3500 3645 reque
3529 3575 3654 3644 ipsa

2077 3687 2137 3726 se
2166 3670 2373 3724 vietum
2422 3665 2741 3728 confessus,
2775 3674 2923 3720 metu
2956 3668 3253 3734 perculsus
3283 3670 3436 3738 pacis
3465 3666 3648 3722 fmdus

2073 3761 2365 3832 percussit.
2394 3758 2474 3813 Ad
2526 3757 2672 3812 hunc
2707 3754 2929 3810 modum
2961 3756 3074 3812 Rex
3103 3760 3481 3815 universorum
3515 3758 3651 3814 lidea

2074 3853 2267 3908 lissimi
2296 3849 2640 3921 imperatoris
2694 3862 2881 3902 curam
2915 3849 3078 3918 gerit.
3110 3848 3245 3904 Nam
3281 3863 3333 3907 et
3364 3852 3479 3922 ipse
3507 3840 3646 3922 quo-

2067 3958 2173 4012 que
2206 3942 2353 3996 illius
2389 3954 2605 3996 servum
2632 3953 2691 3994 se
2714 3939 2982 4010 agnoscit,
3023 3949 3078 3995 et
3101 3941 3344 3998 debitum
3392 3944 3652 3998 Domino.

2066 4033 2283 4088 exhibet
2307 4032 2653 4102 obsequium.

383 4119 631 4225 ὲξπιεξςις,
663 4131 837 4202 ᾤχετο
859 4137 957 4206 τὴν
987 4129 1158 4208 ἧτταν
1185 4141 1275 4194 διὰ
1310 4119 1428 4196 τῶν*
1475 4119 2154 4218 πραγμάτων-ὁμολογῶν,
2199 4151 2292 4204 καὶ
2326 4151 2506 4215 δείσας
2549 4153 2648 4223 τὴν
2716 4155 2936 4225 εἰρήνην
2993 4155 3300 4208 ἐσπείσατο.
3357 4152 3540 4214 Οὕτως
3607 4154 3635 4206 ό

367 4214 490 4316 ¹τιὶῖίν
514 4217 1054 4316 ὃλωνᾼμπαμϐασιλεὺς
1079 4229 1172 4282 τοῦ
1202 4234 1524 4288 πιστοτάτου
1560 4214 1782 4305 κήδεται
1816 4214 2102 4310 βασιλέως.
2156 4242 2266 4295 Καὶ
2310 4243 2416 4316 γάρ
2451 4243 2514 4315 δὴ
2555 4214 2648 4296 καὶ
2702 4214 2857 4308 οὗτος
2891 4214 3011 4316 ’τὴν
3068 4245 3309 4298 δουλείαν
3368 4243 3637 4314 ὁμολογεῖ,

385 4310 476 4363 καὶ
503 4309 601 4382 τὴν
633 4313 1008 4384 ἁρμόττουσαν
1037 4318 1116 4387 τῷ
1164 4321 1407 4396 Δεσπότῃ
1454 4326 1749 4396 θεραπείαν
1780 4309 2096 4402 προσφέρει.

963 4409 1212 4466 ΚΕΦΛΛ.
1256 4414 1374 4466 AZ'.

522 4495 660 4563 Περὶ
706 4496 995 4554 Θεοδότου
1036 4502 1378 4560 ἐπισκόπου
1434 4509 1816 4585 Ἀντιοχείας.

445 4583 612 4651 Οὗτος
636 4589 732 4642 τοῦ
784 4591 1020 4660 μεγάλου
1085 4598 1370 4669 φωστῆρος
1410 4602 1508 4672 τῆς
1537 4583 1863 4676 οἰκουμένης
1891 4606 1958 4661 τὰ

270 4729 276 4736 ,
377 4674 604 4748 λείψανα
637 4682 704 4752 τῇ
742 4681 996 4756 ποθούσῃ¹
1020 4685 1328 4744 ἀποδέδωκε
1373 4691 1545 4746 πόλει.
1593 4695 1751 4750 Ἀλλά
1785 4674 1960 4752 ταῦτα

380 4767 478 4839 μὲν
502 4769 625 4824 ὕστε
635 4788 728 4840 ρον
752 4775 986 4841 ἐγένετο.

459 4859 801 4950 ξΙννοκέντιον
832 4864 889 4918 δὲ
953 4869 1179 4934 ἐκεῖνον,
1211 4869 1302 4924 τὸν
1335 4873 1558 4945 ἄριστον
1601 4877 1700 4948 τῆς
1735 4878 1954 4950 Ῥώμης

376 4948 694 5016 ιπίσκοπον,
738 4954 1051 5024 Βονιφάτιος
1101 4957 1400 5026 διεδέξατο·
1429 4965 1675 5038 Ζώσιμος
1696 4969 1776 5030 δὲ,
1803 4948 1953 5023 Bovi-

377 5040 567 5130 φάτιον
589 5058 603 5072 ’
630 5043 720 5095 τὸν
743 5044 799 5098 δὲ
829 5046 1098 5119 Ζώσιμον,
1142 5053 1480 5120 Κελεστῖνος.
1527 5058 1614 5112 Ἐν
1657 5058 1955 5130 Ἰεροσολύ-

378 5145 496 5198 μοις
523 5128 600 5189 δὲ.
629 5131 770 5199 μετὰ
809 5134 899 5187 τὸν
962 5137 1262 5210 θαυμάσιον
1311 5144 1584 5216 Ἰωάννην,
1611 5128 1882 5219 Πραύλιος
1906 5151 1953 5184 ⁸³

375 5219 469 5290 την
495 5220 596 5292 τῆς
619 5223 942 5296 Ἑκκλησίας
965 5231 1258 5306 ἐπιστεύθη
1283 5237 1630 5308 κηδεμονίαν,
1648 5241 1787 5314 ἀνὴρ
1807 5242 1884 5314 τῷ
1907 5243 1953 5277 ⁸⁸

2310 4422 2464 4481 CAP.
2488 4423 2750 4481 xxxv”.
2777 4423 2872 4497 [8.
2912 4424 2993 4480 St.
3030 4426 3117 4481 δε.
3147 4425 3249 4481 cu.
3281 4424 3398 4500 57.]

2339 4513 2416 4569 De
2437 4515 2701 4570 Theodoto
2735 4518 2977 4586 episcopo
3006 4517 3321 4571 Antiochia).

2127 4599 2228 4658 Hic
2257 4619 2388 4676 ergo
2425 4608 2607 4678 magni
2649 4609 2803 4663 orbis
2845 4609 3139 4664 luminaria
3191 4608 3454 4678 reliquias
3485 4609 3633 4665 desi-

2055 4694 2269 4749 deranti
2303 4712 2398 4753 eas
2430 4699 2642 4756 civitati
2690 4699 2946 4756 reddidit.
2987 4699 3092 4756 Sed
3142 4700 3250 4760 hoc,
3281 4711 3470 4771 postea
3518 4701 3631 4756 fac-

2056 4793 2170 4840 tum
2191 4789 2209 4809 ⁴
2239 4795 2344 4842 est.

2126 4867 2388 4952 [V,'38.]
2422 4879 2743 4938 Innocentio
2799 4890 2980 4938 autem
3016 4883 3477 4953 praestantissimo
3517 4883 3626 4936 Ito-

2051 4986 2224 5026 mana:
2246 4973 2398 5028 urbis
2417 4974 2678 5044 episc0po
2700 4975 2968 5030 successit
2986 4974 3323 5036 Bonifacius,
3350 4972 3630 5027 Bonifacio

2052 5061 2326 5132 Zosimus,
2377 5063 2599 5120 Zosimo
2633 5066 2989 5121 leestinus.
3047 5064 3446 5136 Hierosolymis
3500 5080 3632 5117 vero

2051 5162 2174 5224 post
2203 5154 2590 5211 admirandum
2630 5155 2897 5220 Joannem
2936 5157 3204 5213 Ecclesiae
3240 5171 3428 5210 curam
3461 5156 3628 5210 subiit

2050 5244 2325 5320 Praylius,
2361 5249 2444 5304 vir
2473 5249 2563 5306 sui
2617 5265 2743 5306 vere
2787 5249 3046 5305 nominis.
3095 5249 3450 5312 Antiochcnre
3499 5248 3624 5302 item

1656 5395 1889 5452 VARI/IS
1924 5398 2215 5458 LECTION
2223 5401 2322 5458 ES.

397 5537 484 5624 [ξ’
515 5535 938 5624 Τοιουτότροπόν
955 5563 1026 5600 τι.
1048 5545 1188 5624 Pini.
1245 5549 1292 5580 "
1313 5551 1460 5624 περί.
1487 5549 1654 5607 ldcm.
1716 5555 1758 5586 ⁷⁷
1789 5553 2101 5624 θαρῤηκώς.
2133 5555 2295 5613 Basil.
2333 5559 2426 5614 Gr.
2487 5561 2531 5590 ’⁸

369 5604 693 5696 recrepant).
742 5604 904 5696 idem
916 5653 964 5696 ,η
986 5617 1356 5696 coulirnuantc-
1385 5604 1652 5696 'Niccpli;
1673 5604 1923 5696 Πᾳνὰᾇὲἴ
1939 5604 2168 5696 ῗόῥέρῗ

366 5673 685 5762 ξίίτῇριοριι.
715 5673 1121 5762 _et..Sca.l.igcri._
1143 5673 1556 5762 _'Anépiipnsoirr.
1794 5673 1977 5750 amet

2561 5561 2592 5630 ἢ
2633 5561 2786 5616 addit
2813 5562 2954 5616 idem
2985 5578 3109 5616 cum
3135 5563 3324 5632 Steph.
3371 5565 3428 5618 ’⁸,
3455 5578 3623 5616 πασσ.

2405 5631 2680 5702 Γορὰννην
2735 5632 2930 5686 scribit
2985 5631 3345 5702 Nicephorus.
3445 5633 3490 5666 ⁸ο
3535 5632 3632 5702 Est

2321 5698 2514 5781 Cyprii.
2552 5698 2733 5781 Iidem
2755 5704 2914 5781 cgdd.
2943 5718 3066 5758 cum
3099 5698 3334 5773 Niceph.
3421 5703 3468 5733 ⁸¹
3495 5699 3640 5755 τότε.

367 5742 529 5800 Basil.
565 5742 653 5803 Cr.
714 5749 759 5781 ⁸³
791 5742 1053 5823 ιΙραύλῐς.
1097 5755 1216 5816 Pini
1244 5742 1443 5815 codex:
1792 5742 2881 5838 δοῖέῖῗὲἱνῖ
