3974 6212
287 384 420 446 1973

1262 372 1852 440 ECCLESIASTICE
1890 371 2276 436 HISTORIA]
2316 379 2460 439 LIB.
2495 380 2566 439 ν.

3407 373 3540 437 1974

278 496 448 566 mpii;
474 494 553 563 τῷ
581 492 793 563 σώματι
839 493 1346 563 προσαρμόσαντες,
1389 487 1508 545 εἶτα
1543 487 1718 558 δεσμά
1745 501 1860 538 στε-

1965 485 2214 552 _clusere,
2249 488 2583 558 pietatisque
2614 487 2850 542 athletas
2881 487 2989 542 illis
3015 483 3362 541 devorandos
3390 484 3543 554 obje-

279 585 418 647 γανὰ
445 583 555 638 ἀπὸ
575 583 675 653 τῆς
708 583 949 653 κεφαλῆς
983 583 1142 654 μέχρι
1168 581 1277 634 τῶν
1323 581 1498 634 ποδῶν
1520 579 1856 649 περιθέντες,

283 677 374 748 βία
400 677 632 729 ἕκαστον
669 675 776 728 τῶν
834 675 1098 746 καλαμῶν
1127 674 1387 740 ἐξεῖλκον,
1422 674 1505 726 ἴνα
1537 673 1596 726 τὸ
1627 672 1860 736 πελάζον

279 769 372 823 τοῦ
411 769 680 839 δέρματος
727 767 1137 840 παρασύροντες
1183 768 1413 841 πικρὰς
1449 767 1548 830 τάς
1567 767 1615 799 ⁸ο
1667 764 1860 828 ὀδύνας

282 858 619 928 ἐργάζωνται
645 860 712 914 ⁹¹.
749 861 860 914 Καὶ
881 861 1117 924 λάκκους
1151 861 1208 930 δὲ
1243 861 1554 932 ὀρύξαντες,
1586 860 1678 912 καὶ
1739 858 1862 912 τού-

281 968 406 1013 τους
431 950 675 1021 ἀκριϐῶς
699 952 1134 1021 καταχρίσαντες
1161 953 1228 1017 θ’,
1263 953 1416 1022 μυῶν
1449 951 1700 1022 μεγάλων
1727 951 1862 1018 ἀγέ-

283 1044 379 1104 λας
395 1044 452 1094 ὲν
476 1042 687 1106 τούτοις
716 1041 1033 1113 καθεῖρξαν,
1052 1047 1148 1098 καὶ
1176 1045 1383 1116 τροφὴν
1411 1042 1730 1106 αὐτοῖςτοὺς
1759 1041 1863 1111 τῆς

285 1133 562 1198 εὐσεϐείας
590 1133 928 1205 προσέφερον
980 1135 1240 1207 ἀθλητὰς,
1284 1136 1377 1189 καὶ
1411 1135 1510 1198 τὰς
1547 1137 1737 1206 χεῖρας
1766 1133 1862 1186 αύ-

283 1223 392 1274 τῶν
409 1222 455 1253 "
481 1221 576 1274 καὶ
615 1223 740 1286 τοὺς
783 1225 948 1288 πόδας
1009 1224 1352 1295 δεσμοῦντες,
1397 1224 1544 1288 ὅπως
1568 1225 1675 1277 ἀπὸ
1712 1222 1862 1291 σφῶν

283 1312 611 1371 ἀπελαύνειν
635 1313 703 1366 τά
753 1315 919 1386 θηρία
973 1315 1048 1386 μὴ
1093 1317 1378 1371 δύνωνται.
1419 1318 1478 1370 Οἱ
1505 1317 1558 1368 δὲ
1594 1316 1727 1386 μῦες
1757 1315 1862 1367 ὑπὸ

283 1402 378 1456 τοῦ
434 1403 594 1473 λιμοῦ
651 1404 984 1473 πιεζόμενοι,
1033 1407 1351 1478 καταϐραχὺ
1401 1408 1499 1471 τὰς
1533 1408 1639 1462 τῶν
1689 1407 1862 1474 ἁγίων

284 1495 679 1566 κατανήλισκον
737 1497 966 1568 σάρκας,
1020 1499 1238 1571 μακρὰν
1285 1502 1466 1561 αὐτοῖς
1493 1499 1588 1552 καὶ
1610 1497 1862 1568 ἀλγεινὴν

281 1588 380 1657 τὴν
436 1588 706 1659 τιμωρίαν
748 1590 1169 1660 προσφέροντες.
1229 1591 1340 1644 Καὶ
1382 1590 1546 1654 ἄλλας
1573 1591 1630 1642 δὲ
1659 1589 1862 1642 τούτων

282 1678 668 1751 χαλεπωτέρας
725 1682 1025 1751 ἐπενόησαν
1062 1683 1358 1753 τιμωρίας,
1391 1683 1483 1736 τὸν
1515 1682 1614 1749 τῆς
1649 1681 1859 1751 φύσεως

283 1768 575 1840 ἀλάστορα,
622 1773 716 1824 καὶ
773 1772 874 1841 τῆς
920 1773 1178 1842 ἀληθείας
1225 1773 1488 1843 πολέμιον
1549 1772 1862 1825 διδάσκαλον

282 1862 514 1930 ἔχοντες.
540 1862 679 1916 Ἀλλ’
709 1865 807 1916 οὐκ
833 1841 1064 1934 ἤλεγξαν
1082 1866 1190 1919 τῶν
1205 1841 1452 1935 ἀθλητῶν
1479 1866 1574 1936 τὴν
1595 1867 1864 1936 ἀνδρείαν.
1899 1841 1940 1897 Β

282 1953 588 2024 Αύτόματοι
643 1955 750 2026 γάρ
803 1956 1044 2028 ἔτρεχον,
1101 1959 1193 2011 τὸν
1234 1961 1332 2029 τῆς
1391 1959 1695 2028 ἀνωλέθρου
1719 1959 1866 2028 ζωῆς

282 2042 540 2112 πρόξενον
569 2043 753 2097 λαϐεῖν
790 2047 1129 2117 ίμειρόμενοι
1152 2047 1412 2102 θάνατον.
1445 2048 1549 2101 Δύο
1571 2048 1676 2117 res,
1704 2049 1868 2118 τριῶν

225 2153 236 2162 -
285 2134 690 2207 μνησθήσομαι,
720 2137 805 2190 ἴνα
827 2138 914 2191 διά
945 2137 1150 2192 τούτων
1201 2140 1458 2204 ἐπιδείξω
1495 2139 1590 2193 καὶ
1619 2138 1716 2210 τὴν
1761 2139 1868 2191 τῶν

282 2225 456 2278 ἄλλων
482 2226 751 2298 ἀνδρείαν.
799 2228 1096 2301 Ὀρμίσδης
1131 2247 1217 2293 τις
1245 2229 1352 2283 τῶν
1391 2232 1528 2300 ἄγαν
1552 2231 1868 2304 περιφανῶν

283 2316 434 2388 παρὰ
466 2319 702 2390 Πέρσαις
742 2319 1036 2392 ἐτύγχανεν
1067 2321 1163 2388 ὢν,
1192 2323 1546 2394 Ἀχεμενίδης
1575 2325 1734 2396 ἀνὴρ,
1768 2342 1868 2378 πα-

282 2411 418 2480 τέρα
444 2411 689 2484 ὖπαρχον
715 2414 986 2485 ἐσχηκώς.
1024 2415 1226 2470 Τοῦτον
1254 2418 1577 2486 Χριστιανὸν
1601 2413 1742 2471 εἶναι
1770 2435 1867 2486 με-

287 2505 546 2576 μαθηκὼς
568 2509 596 2559 ό
625 2506 878 2577 βασιλεὺς
908 2510 1083 2579 ἤγαγέ
1110 2527 1169 2563 τε
1197 2512 1290 2563 καὶ
1332 2510 1665 2582 προσέταξεν
1702 2513 1869 2582 ἀρνη-

284 2595 444 2664 θῆναι
476 2597 565 2650 τὸν
597 2599 876 2652 σεσωκότα
924 2601 1080 2655 Θεόν.
1128 2601 1188 2654 '0
1241 2601 1299 2654 δὲ
1328 2601 1458 2672 ἔφη,
1496 2605 1632 2674 μήτε
1663 2603 1864 2669 δίκαια,

286 2688 422 2757 μήτε
467 2689 815 2760 συμφέροντα
870 2709 1074 2763 προστε
1090 2693 1427 2765 ταχέναιτὸν
1461 2695 1686 2766 βασιλέα
1710 2715 1721 2726 ·
1750 2715 1768 2748 ι
1808 2697 1868 2748 'U

280 2780 390 2850 γάρ
429 2795 511 2833 τοι
561 2779 944 2850 παιδευόμενος
1000 2783 1195 2854 ῥᾳδίως
1259 2785 1354 2838 τοῦ
1401 2785 1538 2838 Θεοῦ
1584 2787 1693 2840 τῶν
1725 2786 1867 2840 ὅλων

283 2876 665 2943 καταφρονεῖν,
703 2875 797 2928 καὶ
835 2875 1021 2928 τοῦτον
1055 2876 1357 2944 ἀρνεῖσθαι,
1396 2879 1528 2948 ῥᾷον
1549 2879 1615 2932 ἂν
1642 2881 1736 2932 καὶ
1772 2879 1867 2949 βα-

284 2963 475 3027 σιλέως
507 2967 941 3036 καταφρονήσει⁸
978 2967 1263 3037 ἅνθρωπος
1304 2969 1412 3040 γάρ
1445 2969 1510 3040 δὴ
1539 2967 1712 3037 οὗτος,
1739 2973 1866 3044 θνη-

281 3058 381 3126 τὴν
421 3056 583 3126 φύσιν
625 3058 1062 3128 κεκληρωμένος.
1112 3062 1175 3113 Εἰ
1218 3062 1275 3114 δὲ
1321 3064 1594 3133 τιμωρίας
1628 3066 1865 3136 ἐσχάτης

1967 591 2124 638 cere,
2165 579 2422 634 manibus
2460 593 2650 634 eorum
2692 593 2756 632 ac
2795 578 3026 648 pedibus
3065 575 3427 640 constrictis,
3472 592 3543 632 ne

1969 668 2192 739 abigere
2237 686 2268 724 a
2319 685 2379 726 se
2425 671 2636 726 bestias
2689 680 2936 740 possent.
2992 667 3178 724 Mures
3221 683 3348 722 vero
3401 667 3541 722 fame

1970 762 2145 832 pressi
2201 778 2400 818 carnes
2453 771 2772 816 sanctorum
2821 763 3031 817 sensim
3080 760 3541 831 depascebantur,

1968 855 2194 922 longum
2233 855 2344 910 illis
2375 863 2428 908 et
2460 869 2589 907 acre
2637 855 2968 922 supplicium
3027 851 3345 906 inferentes.
3396 850 3540 916 Quin

1967 954 2020 1000 et
2055 945 2192 1000 alias
2223 961 2442 1016 quoque
2472 947 2557 1000 his
2581 949 2865 1017 graviores
2907 942 3120 1015 1084
3149 959 3342 1012 punias
3375 959 3542 998 exco-

1966 1060 2244 1126 gitarunt,
2299 1057 2486 1112 infesti
2547 1067 2758 1111 natura:
2820 1057 3124 1120 daemonis,
3182 1058 3543 1127 veritatisque

1969 1151 2147 1203 hostis
2182 1149 2498 1219 magisterio
2525 1148 2754 1202 eruditi.
2787 1147 3136 1202 Athletarum
3165 1153 3349 1202 tamen
3383 1147 3543 1202 forti-

1968 1241 2217 1295 tudinem
2251 1257 2360 1294 non
2406 1240 2636 1309 fregere.
2691 1239 2802 1294 Sua
2853 1240 3002 1294 enim
3053 1251 3246 1309 sponte
3292 1254 3546 1294 accurre-

1968 1333 2134 1400 baut,
2174 1341 2405 1387 mortem
2439 1347 2563 1403 quae
2599 1333 2964 1386 immortalem
3003 1331 3170 1385 vitam
3206 1332 3347 1401 parit
3379 1345 3548 1401 oppe—

1968 1431 2085 1479 tere
2130 1421 2441 1494 cupientes.
2493 1422 2639 1478 Duos
2667 1438 2798 1494 ergo
2834 1433 3014 1478 tresve
3063 1423 3542 1486 commemorabo,

1969 1524 2030 1569 ut
2057 1531 2123 1569 ex
2159 1515 2247 1570 his
2285 1514 2778 1583 aliorumrquoque
2816 1511 3130 1566 constantia
3177 1510 3540 1578 intelligatur.

1970 1605 2264 1660 llormisda
2319 1605 2549 1674 quidam
2597 1612 2756 1668 erat,
2813 1605 3100 1673 praecipuae
3153 1601 3296 1671 apud
3350 1601 3544 1658 Persas

1970 1696 2315 1756 nobilitatis,
2355 1694 2775 1749 Acha'meuides
2811 1709 3014 1764 genere
3036 1733 3050 1757 ,
3100 1691 3358 1762 praefecto
3393 1701 3544 1761 patre

1973 1795 2158 1841 natus.
2189 1785 2348 1840 llunc
2377 1801 2500 1840 esse
2525 1785 2904 1840 Christianum
2941 1799 3036 1838 rex
3065 1798 3191 1837 cum
3221 1783 3507 1840 didicisset
3528 1828 3543 1852 ,

1969 1878 2259 1942 evocavit,
2301 1877 2581 1947 Deumque
2621 1867 2967 1932 Servatorem
3008 1875 3226 1944 ejurare
3265 1875 3541 1945 praecepit.

1968 1966 2069 2021 Cui
2104 1968 2243 2022 ille:
2279 1985 2298 2018 ι
2333 1967 2446 2022 Nec
2493 1967 2680 2035 justa,
2731 1967 2946 2036 inquit,
3004 1981 3105 2020 nec
3152 1965 3346 2028 utilia,
3409 1981 3542 2030 rex,

1970 2058 2285 2126 imperasti.
2371 2057 2474 2122 Qui
2526 2058 2670 2112 enim
2724 2059 3107 2113 universorum
3156 2056 3326 2112 Deum
3381 2055 3546 2112 facile

1970 2149 2260 2218 aspernari
2320 2157 2375 2204 et
2428 2151 2702 2220 abnegare
2753 2149 3042 2209 didicerit,
3099 2150 3272 2202 multo
3327 2149 3546 2204 facilius

1968 2255 2150 2309 regem
2181 2247 2530 2305 contemnet,
2565 2255 2690 2293 cum
2727 2240 2773 2294 is
2804 2241 2967 2295 homo
3003 2240 3076 2295 sit
3119 2241 3403 2294 mortalem
3442 2253 3546 2292 na-

1971 2342 2148 2384 turam
2186 2331 2443 2386 sortitus.
2474 2331 2633 2396 Quod
2666 2331 2710 2385 si
2757 2346 2974 2385 summo
3025 2331 3296 2400 supplicio
3344 2330 3546 2400 dignus

1968 2433 2091 2483 est,
2125 2422 2218 2490 qui
2258 2412 2490 2490 sceptr’is
2525 2421 2636 2474 tuis
2659 2460 2672 2482 ,
2710 2435 2804 2473 rex
2827 2462 2842 2485 ,
2897 2420 3156 2485 obsistit,
3205 2419 3366 2489 longe
3414 2433 3544 2488 gra-

1968 2516 2156 2568 viores
2185 2528 2378 2584 pmnas
2406 2521 2670 2576 meretur,
2695 2511 2788 2580 qui
2821 2526 3004 2566 rermn
3035 2512 3280 2564 onmium
3313 2511 3546 2580 abnegat

1968 2606 2348 2660 Conditorem.
2374 2624 2392 2656 ι
2417 2602 2528 2658 Rex
2568 2619 2721 2666 vero,
2758 2619 2918 2674 quem
2961 2603 3250 2657 verborum
3294 2603 3414 2671 ejus
3445 2603 3546 2657 ad-

1950 2699 2161 2792 Jnirari
2217 2685 2545 2768 Sapientiam
2593 2713 2689 2767 par
2738 2707 2899 2763 erat,
2949 2705 3235 2751 strenuum
3281 2694 3543 2748 athletam

1970 2788 2323 2846 facultatibus
2376 2789 2793 2858 honoribusque
2821 2792 2839 2811 '
2873 2788 3170 2858 spoliavit,
3225 2788 3546 2856 nudumque

1967 2881 2315 2953 subligaculo
2329 2881 2762 2936 soloincinetum
2783 2881 3024 2935 camelos
3045 2880 3320 2935 exercitus
3343 2880 3547 2935 ducere

1966 2973 2250 3044 praecepit.
2277 2973 2552 3028 Plusculis
2576 2973 2773 3027 diebus
2805 2971 3115 3040 interjectis
3137 3012 3151 3036 ,
3181 2980 3544 3042 prospectans

1967 3051 2061 3120 rex
2093 3081 2123 3120 e
2155 3066 2445 3135 laqueato,
2481 3065 2761 3135 egregium
2803 3065 2988 3118 virum
3024 3063 3172 3118 videt
3207 3063 3378 3118 radiis
3413 3064 3544 3119 solls

282 3151 433 3216 ἄξιος
456 3152 484 3202 ό
515 3149 584 3202 τά
605 3149 692 3210 σά,
718 3144 762 3204 ὦ
787 3151 1028 3221 βασιλεῦ,
1060 3153 1390 3224 ἀρνούμενος
1424 3157 1697 3226 σκῆπτρα.
1727 3160 1855 3212 πολ-

1968 3157 2227 3213 adustum
2249 3200 2262 3222 .
2296 3167 2348 3212 et
2395 3158 2616 3227 pulvere
2647 3171 3009 3226 conspersum
3029 3195 3044 3217 ,
3073 3164 3126 3210 et
3160 3163 3403 3225 paterna:
3434 3171 3546 3210 me-

279 3242 592 3298 λαπλασίων
621 3245 895 3298 κολάσεων
923 3245 1213 3316 ἀξιώτερος
1253 3251 1280 3300 ὁ
1319 3248 1425 3300 τῶν
1462 3249 1505 3282 ³⁵
1531 3250 1624 3302 τοῦ
1661 3255 1862 3318 παντὸς

280 3334 611 3403 ἀρνούμενος
647 3337 906 3407 Ποιητήν.
944 3355 962 3388 ι
1013 3337 1069 3390 Ὀ
1100 3337 1157 3391 δὲ
1189 3338 1456 3407 βασιλεὺς.
1483 3341 1600 3394 δέον
1627 3343 1724 3412 τὴν
1753 3343 1860 3397 τῶν

280 3425 585 3493 εἰρημένων
621 3425 900 3497 Θαυμάσαι
951 3430 1162 3497 σοφίαν,
1205 3429 1488 3501 ἐγύμνωσε
1526 3433 1625 3502 μὲν
1653 3435 1859 3488 καὶτοῦ

281 3513 512 3566 πλούτου
541 3517 761 3568 καὶτῶν
785 3518 1112 3590 ἀξιωμάτων
1160 3522 1252 3574 τὸν
1290 3526 1536 3590 γενναῖον
1580 3525 1820 3597 ἀθλητήν
1842 3544 1856 3558 ο

280 3604 483 3674 γυμνὸν
503 3605 557 3658 δὲ
581 3606 760 3660 ἕλκειν
775 3609 872 3678 τῆς
900 3613 1157 3681 στρατιᾶς
1173 3613 1270 3674 τὰς
1296 3616 1574 3686 καμήλους
1606 3617 1860 3670 ἐκέλευσε

279 3693 585 3766 διαζώματι
619 3697 900 3768 χρώμενον
954 3702 1133 3770 μόνον.
1169 3704 1386 3758 Πολλῶν
1425 3705 1484 3758 δὲ
1540 3707 1861 3762 διελθουσῶν

281 3789 524 3858 ἡμερῶν,
559 3789 826 3860 διακύψας
846 3792 954 3845 ἀπὸ
969 3788 1064 3864 τῆς
1088 3794 1365 3866 καμάρας,
1388 3793 1495 3850 εἶδε
1517 3801 1609 3850 τὸν
1640 3798 1861 3868 ἄριστον

277 3877 442 3947 ἄνδρα
465 3879 670 3934 ἐκεῖνον
688 3882 792 3936 ὑπὸ
817 3883 917 3953 τῆς
938 3884 1151 3946 ἀκτῖνος
1174 3883 1525 3956 φλεγόμενον,
1545 3889 1636 3940 καὶ
1661 3887 1859 3951 κόνεως

278 3969 867 4042 ἀναπιπλάμενον·καὶ
904 3979 1002 4046 τῆς
1041 3975 1302 4046 πατρῴας
1335 3979 1690 4049 περιφανείας
1729 3981 1860 4032 ἀνα-

288 4063 548 4132 μνησθεὶς
577 4065 750 4135 ἦγαγέ
777 4085 834 4120 τε
864 4071 960 4120 καὶ
985 4069 1312 4122 ἐνδύσασθαι
1347 4071 1665 4139 χιτωνίσκον
1697 4073 1758 4122 ὲκ
1783 4071 1862 4123 λίο

282 4169 374 4204 νου
407 4159 775 4225 πεποιημένον
807 4160 1108 4212 ἐκέλευσεν.
1141 4158 1269 4213 Εἶτα
1300 4162 1525 4230 νομίσας
1553 4162 1658 4215 ὑπό
1683 4181 1739 4215 τε
1767 4163 1858 4215 τοῦ

281 4243 545 4314 προτέρου
572 4247 734 4299 πόνου
772 4251 986 4319 καὶτῆς
1027 4252 1399 4322 γεγενημένης
1453 4253 1862 4324 φιλανθρωπίας

281 4336 684 4408 μαλακισθῆναι
706 4339 766 4391 τὸ
790 4341 1062 4410 φρόνημαο
1095 4361 1110 4392 ι
1133 4343 1246 4394 Νῦν
1265 4344 1414 4410 γοῦν,
1435 4345 1558 4416 ἔφη,
1580 4347 1861 4418 τῆςὲριδος

276 4429 493 4498 ἐκείνης
510 4430 846 4500 ἀπαλλαγεὶς
869 4431 1136 4503 ἀρνὴθητι
1160 4433 1252 4486 τοῦ
1273 4432 1425 4507 [247]
1461 4438 1710 4502 τέκτονος
1769 4440 1861 4492 τὸν

1967 3265 2087 3302 mor
2118 3251 2423 3305 nobilitatis
2457 3265 2580 3304 eum
2611 3250 2899 3312 accersiit,
2927 3255 2980 3304 et
3010 3249 3153 3302 linea
3187 3249 3365 3303 tunica
3393 3248 3542 3302 indui

1960 3341 2127 3413 jussit
2153 3357 2166 3394 :
2197 3349 2310 3394 tum
2340 3355 2406 3393 ex
2437 3338 2710 3408 prwterita
2739 3353 2982 3392 :erumna
3013 3345 3067 3392 et
3096 3347 3366 3406 praesente
3393 3338 3544 3393 beni-

1962 3433 2174 3505 gnitate
2209 3432 2452 3486 animum
2491 3429 2612 3497 ejus
2651 3429 2954 3483 emollitqu
3001 3439 3173 3492 ratus,
3202 3449 3220 3480 ι
3249 3428 3402 3483 Nunc
3434 3429 3546 3482 sal-

1964 3533 2070 3579 tem
2094 3565 2110 3588 ,
2144 3522 2241 3585 ait,
2272 3519 2678 3575 contentionem
2711 3518 2860 3571 illam
2897 3531 3058 3586 pone,
3086 3516 3336 3585 fabr-ique
3373 3517 3541 3570 lilium

1968 3613 2182 3684 1085
2216 3612 2398 3681 ejura.
2435 3629 2452 3661 ι
2511 3609 2726 3670 Atille,
2788 3608 2976 3662 divino
3032 3607 3148 3660 zelo
3208 3623 3540 3669 succensus.

1965 3707 2213 3760 tunicam
2268 3703 2506 3772 disrupit
2564 3711 2618 3756 et
2663 3700 2865 3768 abjecit
2921 3719 2933 3753 :
2987 3698 3091 3752 «Si
3145 3698 3310 3765 hujus
3372 3714 3542 3753 causa

1963 3797 2224 3866 pietatem
2262 3811 2346 3849 me
2401 3795 2750 3850 deserturum
2781 3798 2980 3862 putas,
3027 3791 3166 3845 habe
3199 3791 3294 3843 tibi
3340 3791 3540 3844 donum

1963 3903 2088 3940 cum
2137 3887 2437 3956 impietate.
2466 3907 2484 3937 ι
2522 3883 2633 3939 llac
2679 3883 2798 3952 ejus
2831 3885 2947 3938 visa
2984 3884 3311 3938 fortitudine
3336 3925 3349 3947 ,
3387 3900 3476 3938 rex
3511 3901 3544 3939 e
3579 3905 3581 3907 ί

1964 3980 2110 4048 regia
2149 3979 2353 4032 nudum
2384 3979 2610 4048 expulit.
2646 3975 2882 4030 Sucnem
2924 3986 3207 4045 praeterea,
3235 3977 3383 4030 mille
3419 3993 3538 4031 ser-

1962 4087 2155 4124 vorum
2209 4071 2530 4130 dominum,
2573 4069 2919 4122 resistentem
2967 4068 3094 4129 sibi,
3145 4066 3543 4135 Factnremque

1965 4180 2126 4217 suum
2213 4177 2414 4229 negare
2475 4160 2831 4220 abnuentem,
2891 4167 3244 4225 percontatus
3315 4159 3540 4225 quinam

1965 4255 2209 4311 omnium
2247 4253 2422 4322 ipsius
2453 4266 2750 4305 servorum
2800 4261 2944 4302 esset
2982 4248 3374 4316 nequissimus.
3410 4249 3541 4303 huic

1962 4356 2285 4403 cancrorum
2323 4343 2662 4398 dominatum
2714 4339 2978 4400 tradidit,
3019 4350 3072 4394 et
3119 4339 3403 4394 dominum
3459 4342 3538 4396 illi

1962 4438 2181 4494 servire
2210 4436 2400 4506 jussit,
2427 4435 2710 4502 eidemque
2755 4431 3033 4486 dominam
3084 4431 3290 4485 domini
3345 4433 3542 4502 conju-

277 4521 414 4576 υἱόν.
441 4538 459 4571 ι
481 4521 539 4574 Ὀ
570 4523 624 4574 δὲ
647 4521 808 4592 ζήλου
842 4521 988 4575 θείου
1020 4523 1278 4596 πλησθεὶς
1303 4526 1555 4600 διέρρηξέ
1577 4547 1634 4582 τε
1660 4530 1750 4582 τὸν
1771 4549 1853 4600 χι-

1967 4547 2088 4602 gem
2154 4528 2455 4600 capulavit,
2513 4541 2745 4596 sperans
2795 4525 2898 4578 hoc
2962 4533 3134 4594 pacto
3177 4541 3236 4580 se
3292 4527 3542 4582 veritatis

272 4613 558 4677 τωνίσκον,
591 4616 684 4668 καὶ
716 4614 1082 4686 προσέρριψεν
1114 4618 1362 4672 ὑπειπών
1391 4636 1405 4650 ο
1439 4638 1455 4671 ι
1499 4621 1561 4673 Ei
1589 4621 1676 4675 διὰ
1698 4622 1856 4675 τοῦτό

277 4722 347 4773 με
387 4705 487 4760 οἴει
520 4708 618 4778 τῆς
669 4708 952 4773 εὐσεϐείας
1011 4711 1393 4780 ἐκστήσεσθαι,
1448 4713 1536 4783 ἔχε
1589 4714 1649 4767 τὸ
1681 4715 1853 4784 δῶρον

277 4797 416 4864 μετά
465 4800 565 4869 τῆς
596 4800 932 4866 δυσσεϐείας.
972 4823 994 4854 ιν
1023 4804 1238 4874 Ταύτην
1279 4804 1442 4858 αὑτοῦ
1471 4805 1570 4877 τὴν
1601 4807 1853 4878 ἀνδρείαν

270 4887 302 4936 ὁ
347 4887 595 4955 βασιλεὺς
623 4891 977 4964 θεασάμενος,
1014 4895 1218 4966 γυμνὸν
1258 4895 1402 4950 οὕτω
1433 4895 1530 4965 τῆς
1577 4897 1853 4968 βασιλείας

273 4979 524 5049 ἐξήλασε.
579 4986 688 5038 Καὶ
723 4988 964 5059 Σουήνην
993 4988 1049 5041 δὲ
1081 4988 1266 5058 χιλίων
1295 4991 1520 5044 οἰκετῶν
1561 4990 1848 5060 δεσπότην,

271 5069 598 5126 ἀντειπόντα
653 5075 822 5144 αύτῷ,
861 5079 954 5131 καὶ
988 5078 1288 5150 ἀρνηθῆναι
1333 5080 1423 5133 τὸν
1464 5082 1700 5152 Ποιητὴν
1752 5082 1853 5136 οὐκ

211 5189 218 5192 -
270 5161 663 5234 ἀνασχόμενον,
695 5167 952 5238 ἐρόμενος
995 5170 1140 5234 ὅστις
1175 5170 1262 5240 εἴη
1293 5171 1400 5224 τῶν
1431 5172 1656 5228 οἰκετῶν
1691 5175 1718 5228 ό
1755 5173 1854 5228 κά·

268 5270 476 5322 κιστος,
500 5257 694 5329 ὲκείνῳ
713 5257 820 5312 τῶν
854 5259 1027 5313 ἄλλων
1054 5261 1150 5332 τὴν
1182 5261 1500 5317 δεσποτείαν
1534 5264 1845 5337 παρέδωκε,

1968 4631 2444 4693 propugnatorem
2479 4619 2544 4674 dc
2569 4615 2836 4674 sententia
2871 4616 3238 4684 dejectururn.
3287 4615 3390 4670 Sed
3441 4633 3541 4686 spe

1961 4732 2061 4770 sua
2099 4715 2402 4769 frustratus
2455 4720 2589 4769 est:
2639 4712 2861 4765 domum
2921 4710 3125 4779 quippe
3179 4709 3421 4764 habebat
3478 4712 3535 4765 in

1958 4817 2112 4875 petra
2145 4803 2495 4858 aedificatam.
2542 4800 2922 4871 Benjaminqu
2961 4815 3182 4868 quoque
3235 4798 3533 4852 diaconum

1956 4898 2010 4952 in
2047 4897 2269 4951 vincula
2323 4896 2672 4964 conjecerat:
2708 4891 3040 4960 biennioque
3087 4891 3294 4959 elapso,
3335 4887 3535 4943 Bonna-

1959 5005 2158 5044 norum
2199 4988 2417 5058 legatus
2445 5027 2458 5050 ,
2495 4985 2586 5056 qui
2625 4984 2749 5039 aliis
2787 4984 2854 5039 de
2891 4983 3080 5038 causis
3117 4989 3363 5047 venerat,
3408 4998 3534 5036 cum

1954 5080 2022 5136 de
2052 5081 2288 5134 diacono
2326 5077 2701 5148 cognovisset,
2753 5075 3138 5130 liberationem
3180 5075 3302 5143 ejus
3344 5089 3372 5126 a
3409 5090 3536 5143 rege

1957 5173 2136 5244 petiit.
2170 5170 2284 5226 Rex
2323 5185 2353 5224 a
2395 5168 2722 5239 Benjatnino
2767 5165 3018 5238 promitti
3065 5165 3268 5236 jussit,
3305 5165 3437 5218 nulli
3473 5180 3534 5218 se

1958 5280 2242 5337 magorum
2273 5262 2582 5318 doctrinam
2616 5261 2986 5317 Christianam
3017 5260 3419 5329 expositurum.
3467 5256 3530 5310 Et
3593 5247 3612 5272 ’

1543 5438 1778 5495 VAle
1801 5398 2212 5497 Lacrimas.

360 5544 407 5622 εξη
437 5542 546 5622 τὰς.
565 5543 800 5622 addebat
832 5555 887 5602 et
925 5546 1046 5622 Pini
1081 5549 1236 5616 liber,
1263 5551 1360 5606 sed
1387 5551 1542 5608 abest
1575 5569 1604 5606 a
1633 5553 1796 5608 Basil.
1830 5552 1924 5607 Gr.
1947 5561 2006 5622 et
2047 5553 2237 5622 Steph.

500 5615 547 5692 οῗ
581 5613 672 5692 §ic
703 5616 1150 5692 benerescrjpsit
1174 5613 1518 5692 Christoph.,
1553 5622 1800 5692 Scaliger
1826 5633 1880 5678 et
1913 5613 2186 5686 Valesius,
2227 5631 2373 5692 "post

255 5613 407 5669 Piui.

2324 5553 2367 5584 ⁹¹
2401 5550 2744 5620 ἐργάσωνται
2771 5563 2786 5578 ⁶
2823 5547 3056 5612 λάκκους
3090 5548 3241 5620 όρύξ.
3268 5551 3413 5605 Idem
3439 5547 3530 5604 J0.

2462 5621 2612 5674 avilii
2646 5619 2911 5675 codicem.
2943 5620 3418 5690 lgaracppijqawe;
3447 5636 3532 5674 re-

257 5683 546 5738 srribehat
577 5685 950 5744 Camerarius.
1005 5683 1172 5746 Basil.
1215 5690 1311 5745 Gr.
1345 5683 1418 5746 et.
1456 5683 1548 5746 Ste
1591 5695 1647 5746 h.
1690 5683 1860 5763 καταχ

268 5754 327 5802 te
364 5753 535 5817 αὐτῆς
559 5754 721 5817 (forte
746 5758 977 5817 αὐτοῖς).
1009 5759 1174 5817 Basil.
1205 5762 1299 5817 Gr:
1336 5770 1390 5817 et
1415 5710 1610 5817 διαθῇ.
1643 5762 1690 5795 ’⁸
1719 5762 1833 5817 τόν.

1965 5683 2181 5755 παντες(
2225 5683 2456 5761 Niceph.
2502 5690 2939 5762 ἀποφράξαντες.
2972 5683 3168 5761 Ερίρίί.
3200 5683 3523 5747 obturantes

1965 5763 2036 5817 iil.
2064 5761 2186 5817 GL.
2216 5761 2449 5817 Nicenh.
2486 5763 2526 5817 l.
2565 5777 2615 5816 c.
2645 5776 2696 5816 c.
2725 5761 2820 5815 20.

268 5754 327 5802 te
364 5753 535 5829 αὐτῆς
559 5754 721 5828 (forte
746 5758 977 5822 αὐτοῖς).
1009 5759 1174 5818 Basil.
1205 5762 1299 5817 Gr:
1336 5770 1390 5818 et
1415 5761 1548 5833 Step

1643 5762 1690 5795 "
1719 5761 2036 5820 minam.
2064 5761 2186 5828 GL,
2216 5761 2449 5834 Niceph.
2486 5763 2526 5819 l.
2565 5777 2615 5816 c.
2645 5761 2696 5816 c.
2725 5761 2820 5815 ‘20.
