3974 6212
430 352 569 418 1275

431 564 632 632 recepit
670 583 683 618 :
727 575 778 618 at
815 563 1101 632 Beniamin
1155 569 1319 640 legati
1353 572 1714 627 suasionibus
1749 572 1995 627 auditis:

437 674 455 703 ι
485 653 644 719 Fieri,
685 655 881 726 inquit,
913 673 1022 712 non
1051 669 1254 730 potest,
1297 671 1358 715 ut
1401 664 1583 718 lumen
1639 665 1782 734 quod
1816 664 2001 734 accepi

433 761 541 798 non
575 748 908 815 impertiam.
938 748 1158 814 Quanto
1185 753 1331 805 enim
1367 755 1639 822 supplicio
1679 755 1904 826 dignum
1935 756 2005 810 sit

431 839 698 890 talentum
734 839 1106 902 abscondere,
1147 855 1432 896 sacrorum
1469 843 1889 914 Evangeliorum
1925 845 2008 898 bi-

433 929 604 982 Storia
631 929 810 983 docet.
839 950 857 982 ι
893 931 996 983 Sed
1053 931 1248 985 horum
1306 935 1550 987 omnium
1596 943 1727 990 tunc
1785 935 2007 1004 ignarus

434 1036 551 1082 rex,
610 1023 842 1077 vinculis
911 1024 1048 1077 solvi
1085 1025 1378 1078 diaconum
1432 1027 1687 1095 imperat.
1738 1026 1834 1081 llle
1878 1043 2010 1082 vero

433 1111 582 1180 quod
645 1121 803 1166 antea
866 1113 1083 1167 solebat
1134 1114 1316 1170 facere
1366 1117 1631 1186 perstitit,
1669 1117 1725 1170 in
1770 1119 2012 1172 tenebris

436 1201 764 1272 ignorantiae
788 1201 1039 1260 detentus
1089 1205 1354 1274 eripiens,
1406 1216 1462 1261 et
1511 1207 1578 1260 ad
1634 1207 2012 1276 intelligentia:

435 1293 612 1349 lucem
670 1295 970 1352 adducens.
1022 1297 1181 1352 Anno
1236 1306 1558 1364 transacto,
1608 1314 1730 1353 cum
1772 1299 2013 1354 indicata

436 1385 553 1455 regi
614 1384 853 1440 fuissent
914 1401 1037 1455 quae
1086 1389 1304 1458 agebat.
1359 1390 1483 1445 sisti
1523 1391 1686 1459 jusso
1737 1390 2016 1460 abnegare

437 1475 683 1546 praecipit
721 1477 935 1548 1086
963 1493 1124 1547 quem
1185 1481 1472 1535 adorabat.
1528 1481 1595 1534 Et
1658 1481 1772 1547 ille,
1832 1496 2017 1551 regem

439 1578 856 1638 percunctatus,
910 1585 1155 1638 quonam
1192 1572 1422 1642 dignum
1487 1573 1653 1627 ducat
1704 1589 1866 1635 eum,
1923 1574 2014 1641 qui

435 1661 658 1714 deserto
688 1658 864 1728 ipsius
913 1675 1082 1729 regno
1129 1661 1360 1715 alterum
1408 1670 1730 1730 anteponat,
1784 1678 1908 1716 cum
1971 1663 2016 1738 i's

439 1759 618 1804 morte
642 1749 1020 1819 respondisset
1050 1761 1415 1822 extremoque
1457 1754 1753 1823 supplicio,
1784 1761 1896 1805 tum
1936 1753 2019 1806 vir

1447 367 1936 428 THEODORETI
1965 367 2306 430 EPISCOPI
2345 369 2713 430 CYRENSIS

429 467 641 539 legatus
700 471 921 540 quidem
972 473 1150 539 jussis
1197 475 1588 532 obsecuturum
1640 479 2018 551 Benjaminum

2124 483 2218 536 καὶ
2253 482 2344 534 τὸν
2375 482 2639 552 δεσπότην
2666 479 2860 549 ἐκείνῳ
2884 476 3153 530 δουλεύειν
3183 476 3484 547 προσέταξε
3515 491 3529 505 ·

3554 362 3700 424 1276

3570 492 3703 527 συν-ν

2110 573 2295 638 έζευξε
2324 574 2379 627 δὲ
2415 573 2566 644 αὐτῷ
2589 572 2681 628 καὶ
2711 573 2809 645 τὴν
2837 571 3126 624 δέσποιναν
3168 569 3269 638 τὴν
3305 566 3402 620 τοῦ
3431 567 3700 620 δεσπότου

2106 662 2372 732 ὁμόζυγα,
2405 662 2578 733 ταύτῃ
2613 661 2964 734 μεταπείσειν
3021 659 3370 728 ὑποτοπήσας
3423 657 3524 726 τῆς
3559 657 3704 726 άλη-

2107 751 2255 816 θείας
2286 754 2378 808 τὸν
2405 755 2713 824 πρόμαχον-
2751 752 2864 806 ἀλλ’
2897 749 3133 821 ἐψεύσθη
3165 751 3264 820 τῆς
3298 749 3530 812 ἐλπίδος.
3571 748 3706 805 Ἐπὶ

2107 846 2218 916 γὰρ
2251 846 2349 915 τῆς
2379 847 2581 916 πέτρας
2633 843 3062 916 ᾠκοδομημένην
3096 837 3209 911 εἶχε
3233 841 3333 912 τὴν
3365 841 3562 894 οἰκίαν.
3603 841 3706 892 Βε-

2108 937 2308 1006 νιαμὴν
2334 936 2390 990 δέ
2419 954 2538 989 τινα
2583 936 2828 990 διάκονον
2864 934 3141 986 συλλαϐὼν
3172 933 3428 1002 καθεῖρξε
3453 949 3466 961 °
3510 934 3610 986 δύο
3644 935 3704 986 δὲ

2109 1025 2499 1094 διεληλυθότων
2535 1026 2694 1089 ἐτῶν,
2731 1024 3072 1098 πρεσϐευτὴς
3114 1025 3404 1093 Ῥωμαίων
3443 1025 3706 1092 ἀφίκετο,

2111 1120 2240 1190 περῖ
2277 1119 2480 1190 ἐτέρων
2507 1118 2827 1189 πρεσϐεύων
2855 1119 3196 1188 πραγμάτων
3216 1134 3229 1147 ·
3258 1112 3379 1169 εἷτα
3407 1117 3564 1170 τοῦτο
3595 1136 3708 1187 μα-

2111 1209 2239 1275 θὼν,
2263 1210 2432 1282 ⁴ᾔτησε
2461 1209 2552 1264 τὸν
2578 1209 2801 1280 βασιλέα
2831 1209 2925 1262 τοῦ
2960 1209 3208 1263 διακόνου
3237 1209 3337 1278 τὴν
3378 1209 3596 1278 ἄφεσιν.
3646 1211 3706 1262 '0

2110 1303 2166 1356 δὲ
2204 1303 2457 1372 βασιλεὺς
2484 1303 2819 1374 ὑποσχέσθαι
2843 1301 3147 1374 προσέταξε
3177 1302 3267 1355 τὸν
3305 1303 3601 1373 Βενιαμὴν,
3628 1304 3705 1368 ὡς

2113 1394 2289 1448 οὐδενὶ
2330 1394 2440 1448 τῶν
2491 1397 2680 1466 μάγων
2734 1397 2835 1466 τὴν
2892 1394 3286 1466 Χριστιανικὴν
3351 1394 3706 1449 διδασκαλίαν

2115 1485 2416 1557 προσοίσει.
2443 1487 2553 1539 Καὶ
2585 1489 2613 1559 6
2646 1487 2745 1557 μὲν
2777 1486 3120 1557 πρεσϐευτὴς
3140 1487 3401 1554 φυλάξειν
3430 1487 3498 1539 τὰ
3535 1503 3710 1557 προσ-

2114 1578 2380 1648 ταχθέντα
2409 1577 2498 1630 τδν
2533 1577 2805 1647 Βενιαμὴν
2836 1576 3223 1646 ἐπηγγείλατο·
3255 1578 3282 1629 6
3309 1576 3366 1628 δὲ
3403 1577 3708 1645 Βενιαμὴν,

2117 1669 2356 1730 ἀκούσας
2374 1668 2483 1721 τῶν
2513 1668 2606 1721 τοῦ
2637 1667 2972 1738 πρεσϐευτοῦ
3003 1669 3382 1740 παραινέσεων
3418 1685 3432 1700 ο
3479 1689 3497 1719 ι
3557 1668 3710 1722 Ἀδύο

2118 1778 2296 1822 νατονν
2325 1759 2450 1830 ἔφη,
2488 1761 2564 1831 μὴ
2597 1760 2919 1830 μεταδοῦναί
2953 1778 3019 1830 με
3049 1761 3142 1814 τού
3169 1763 3346 1830 φωτὸς
3381 1756 3442 1815 οὗ
3474 1761 3712 1830 μετέλα-

440 1843 926 1912 sapientissimus:
963 1847 1127 1908 «Qua
1191 1860 1321 1914 ergo
1381 1861 1565 1914 ptena,
1637 1846 1839 1914 inquit,
1906 1859 2013 1897 non

2123 1869 2232 1922 χον,
2272 1852 2512 1922 Ὀπόσης
2570 1852 2680 1922 γὰρ
2728 1853 2876 1918 ἄξιον
2921 1852 3192 1921 τιμωρίας
3237 1853 3596 1922 κατακρύψαι
3649 1854 3714 1905 τδ

441 1935 638 1988 merito
689 1935 958 2004 plectatur
993 1935 1061 1999 is,
1100 1937 1191 2005 qui
1250 1935 1534 1992 Factorem
1581 1945 1634 1991 et
1699 1938 2014 1990 Creatorem

437 2026 726 2088 deserens,
755 2034 919 2095 atque
945 2042 1111 2080 unum
1139 2044 1202 2081 ex
1238 2029 1517 2082 conservis
1547 2027 1714 2083 Deum
1743 2035 2016 2091 statuens,

439 2120 648 2174 cultum
679 2121 772 2190 qui
811 2120 886 2172 illi
916 2119 1149 2174 debetur
1175 2120 1303 2173 huic
1343 2119 1644 2174 exhibeat?
1671 2141 1687 2170 ι
1727 2118 1848 2172 Tali
1891 2135 2020 2173 ora-

439 2213 587 2267 tione
620 2229 714 2267 rex
753 2211 1037 2276 oli'ensus,
1095 2213 1288 2282 viginti
1341 2213 1647 2267 arundines
1713 2220 2018 2282 praeacutas

439 2319 702 2356 manuum
759 2303 880 2372 ejus
937 2303 1250 2373 pedumque
1295 2305 1570 2375 unguibus
1631 2304 1780 2374 inﬁgi
1823 2304 2016 2374 jussit.

439 2391 505 2446 Et
539 2393 667 2462 quia
703 2391 820 2463 pro
868 2395 994 2448 lullo
1045 2395 1351 2450 cruciatum
1408 2397 1554 2451 hunc
1608 2396 1811 2450 habere
1863 2397 2017 2450 illum

439 2486 678 2550 videbat,
720 2487 882 2541 aliam
917 2505 1111 2544 rursus
1145 2500 1362 2544 acutam
1404 2491 1727 2544 arundinem
1765 2490 2019 2545 verendis

440 2577 639 2640 infixit,
669 2594 790 2648 qua:
813 2580 1112 2635 identidem
1142 2589 1381 2634 retracta
1415 2583 1496 2636 vel
1539 2583 1777 2650 impulsa
1801 2583 2020 2637 dolores

440 2669 750 2726 ineliabilcs
784 2672 1107 2726 incutiebat.
1142 2672 1273 2728 Post
1302 2673 1403 2726 hoc
1436 2674 1786 2742 supplicium,
1821 2675 2020 2752 impiu‘s

439 2767 495 2814 et
525 2760 781 2816 immanis
804 2777 1055 2818 crassum
1103 2763 1342 2831 stipitem
1375 2778 1498 2817 cum
1555 2764 1893 2818 haerentibus
1931 2779 2020 2817 ra-

443 2852 546 2906 mis
577 2867 673 2921 per
701 2853 863 2907 imam
897 2851 1081 2920 sedem
1123 2853 1268 2922 adigi
1307 2854 1476 2923 jussit
1506 2875 1519 2909 :
1558 2865 1723 2924 atque
1753 2855 1825 2908 ita
1861 2871 2020 2925 gene-

443 2958 605 2999 rosus
633 2945 838 2998 athleta
872 2945 1131 3013 spiritum
1167 2945 1464 3000 exhalavit.
1502 2946 1720 3000 lnlinita
1756 2947 1808 3000 id
1845 2961 2019 3016 genus

441 3037 550 3090 alia
579 3037 648 3089 ab
671 3035 857 3105 impiis
892 3035 1000 3089 illis
1036 3046 1256 3106 patrata
1307 3044 1455 3092 sunt.
1495 3036 1605 3092 Nec
1639 3054 1768 3093 vero
1811 3039 2015 3092 miran-

441 3127 571 3183 dqu
593 3140 696 3192 est,
725 3127 852 3181 ferri
887 3129 956 3183 ab
983 3130 1226 3184 omnium
1252 3129 1596 3186 Moderatore
1630 3141 1842 3185 tantam
1884 3132 2020 3185 isto-

441 3234 564 3272 rum
617 3217 886 3272 ieritatem
941 3228 1108 3288 atque
1179 3222 1535 3291 impietatem.
1585 3221 1720 3276 Nam
1779 3232 1836 3276 ct
1895 3232 2022 3278 ante

441 3311 732 3381 imperium
778 3310 1131 3368 Constantini
1183 3313 1404 3384 Magni,
1467 3325 1736 3386 quotquot
1788 3315 2022 3370 Romani

442 3405 800 3474 imperatores
835 3404 1076 3471 luerunt,
1108 3414 1299 3462 contra
1319 3407 1557 3462 veritatis
1585 3407 2026 3461 amatoresinsa-

441 3497 682 3563 nierum,
714 3507 768 3553 et
801 3499 1166 3556 Diocletianus
1197 3500 1316 3570 ipso
1349 3501 1609 3555 salutaris
1637 3501 1910 3569 passioais
1939 3499 2026 3554 die

441 3592 612 3647 totius
676 3590 905 3648 Romani
945 3594 1156 3663 imperii
1205 3592 1470 3647 ecclesias
1504 3607 1696 3646 omnes
1726 3592 2020 3646 destruxit.

2117 1943 2394 2006 τάλαντον,
2451 1946 2484 2012 ή
2520 1942 2628 1995 τῶν
2679 1942 2840 2015 ἱερῶν
2895 1943 3242 2012 Εύαγγελίων
3283 1943 3492 2009 ἱστορία
3548 1943 3704 1996 διδ.ιὶ⁹

2121 2045 2258 2081 σκει.
2292 2046 2309 2079 ι
2357 2027 2516 2081 Ἀλλά
2557 2028 2762 2080 τούτων
2810 2027 2909 2098 μὲν
2956 2027 3107 2081 οὐδὲν
3137 2027 3438 2097 τηνικαῦτα
3485 2029 3662 2095 γνοὺς
3687 2032 3716 2081 6

2121 2121 2396 2190 βασιλεὺς,
2447 2119 2727 2173 ἐκέλευσεν
2773 2121 2937 2173 αὐτὸν
2988 2121 3096 2173 τῶν
3151 2120 3368 2190 δεσμῶν
3413 2120 3713 2188 ἀφεθῆναι.

2132 2213 2366 2274 Ἐκεῖνος
2393 2211 2449 2264 δὲ
2477 2211 2544 2263 τὰ
2571 2211 2774 2280 συνήθη
2803 2210 3050 2275 διετέλει,
3078 2211 3174 2263 καὶ
3210 2210 3444 2282 ζωγρῶν
3471 2213 3605 2272 τους
3631 2211 3716 2280 τῷ

2119 2304 2266 2374 ζόφῳ
2291 2305 2389 2373 τῆς
2416 2303 2635 2370 ἀγνοίας
2661 2302 3076 2372 κατεχομένους,
3100 2302 3198 2355 καλ.
3227 2301 3304 2372 τῷ
3334 2301 3508 2371 νοερῷ
3539 2318 3718 2371 προσ-

2121 2397 2268 2464 άγων
2316 2397 2474 2465 φωτί.
2520 2395 2798 2448 Ἐνιαυτοῦ
2843 2395 2900 2448 δὲ
2952 2393 3276 2458 διελθόντος,
3312 2393 3574 2473 ἐμηνύθη
3633 2393 3718 2462 τῷ

2122 2487 2332 2559 βασιλεί
2357 2488 2423 2539 τά
2473 2487 2601 2557 παρ’
2633 2487 2843 2539 ἐκείνου
2868 2486 3185 2555 γιγνόμενα·
3219 2485 3314 2538 καὶ
3353 2483 3584 2551 ἀγαγὼν
3609 2486 3716 2536 αύ-

2119 2584 2230 2643 τὸν,
2261 2579 2563 2649 ἀρνηθῆναι
2597 2577 2894 2649 προσέταξε
2935 2578 3026 2630 τὸν
3054 2578 3144 2629 ὑπ’
3175 2575 3339 2629 αὐτοῦ
3364 2575 3718 2644 προσκυνού-

2123 2687 2302 2740 μενον.
2351 2669 2412 2721 '0
2460 2667 2514 2720 δὲ
2546 2668 2709 2738 ἦρετο
2749 2667 2838 2720 τὸν
2888 2665 3133 2736 βασιλέα,
3164 2665 3308 2728 τίνος
3339 2666 3576 2734 τιμᾶται
3623 2667 3720 2716 τον

2119 2764 2219 2834 τὴν
2265 2761 2459 2815 ἑαυτοῦ
2510 2761 2609 2831 μὲν
2665 2761 3034 2814 καταλιπόντα
3088 2759 3388 2829 βασιλείαν,
3422 2759 3628 2826 ἑτέραν
3663 2759 3722 2811 δὲ

2123 2853 2582 2923 προαιρούμενονο
2615 2847 2824 2904 ἐκείνου
2853 2849 2907 2902 δὲ
2931 2849 3195 2912 εἰπόντος,
3231 2848 3462 2902 θανάτου
3499 2850 3607 2900 καὶ
3641 2866 3722 2900 tt-

2125 2943 2336 3013 μωρίας
2386 2943 2644 3013 ἐσχάτης,
2677 2937 2830 2994 εἶπεν
2853 2945 2880 2995 6
2905 2939 3214 3009 σοφώτατος
3243 2941 3416 3010 ἁνήρ·
3457 2960 3476 2991 ι
3517 2942 3586 2992 Τί
3625 2937 3720 2993 οὖν

2121 3035 2222 3087 οὐκ
2269 3036 2334 3089 ἂν
2369 3033 2530 3089 πάθοι
2557 3035 2783 3096 δικαίως
2837 3033 3144 3104 ἅνθρωπος,
3193 3033 3284 3085 τὸν
3324 3034 3423 3101 μὲν
3471 3033 3720 3103 Ποιητῆν

2124 3127 2218 3180 καὶ
2265 3125 2606 3196 Δημιουργδν
2663 3123 3110 3193 καταλιμπάνων,
3158 3123 3253 3176 ἐνα
3308 3123 3363 3174 δὲ
3417 3123 3534 3175 τῶν
3588 3127 3720 3191 δμο-

2127 3220 2330 3274 δούλων
2369 3219 2653 3281 θεοποιῶν,
2699 3219 2792 3269 καὶ⁸
2836 3217 2895 3268 τὸ
2924 3216 3272 3287 ὀφειλόμενον
3316 3215 3516 3286 ἐκείνῳ
3551 3217 3720 3278 σέϐας

2128 3313 2303 3383 τούτῳ
2351 3310 2717 3380 προσφέρωνς
2759 3327 2776 3360 ι
2825 3308 3150 3378 Χαλεπήνας
3177 3308 3240 3379 δὴ
3281 3304 3374 3360 οὖν
3417 3309 3561 3376 πρὸς
3591 3309 3721 3372 τοὺς

2129 3403 2403 3462 τοιούτους
2427 3400 2617 3467 λόγους
2643 3401 2669 3450 6
2689 3396 2960 3467 βασιλεὺς,
2990 3397 3162 3450 εἴκοσι
3189 3395 3468 3464 καλάμους
3496 3395 3720 3459 ὀξύ-δας,

2132 3498 2243 3556 τοῖς
2285 3493 2393 3545 τῶν
2443 3489 2642 3560 χειρῶν
2699 3491 2793 3542 καὶ
2847 3487 2956 3540 τῶν
2991 3487 3167 3540 ποδῶν
3219 3485 3373 3559 [248]
3425 3486 3722 3553 ἐνέπειρεν

2133 3587 2332 3650 ὄνυξιν.
2379 3581 2595 3652 Ἐπειδὴ
2620 3581 2678 3634 δὲ
2713 3581 2858 3651 ἐώρα
2889 3580 3140 3647 παίγνιον
3158 3579 3256 3649 τὴν
3285 3578 3563 3648 τιμωρίαν
3588 3579 3724 3630 ὑπο-

441 3683 820 3750 λαμϐάνοντα,
859 3685 1045 3755 ἕτερον
1113 3680 1179 3737 αὖ
1230 3683 1389 3736 πάλιν
1431 3683 1677 3753 κάλαμον
1724 3681 1941 3746 ὀξύνας,
2013 3679 2236 3734 ἐνέϐαλε
2278 3677 2358 3747 τῷ
2411 3674 2712 3744 παιδογόνῳ
2767 3672 2977 3744 μορίῳ,
3052 3672 3144 3724 καὶ
3192 3670 3380 3723 τοῦτον
3462 3669 3724 3738 συνεχῶς

443 3773 674 3844 ἐξαίρων
704 3776 798 3828 καὶ
824 3777 1067 3847 ἐνείρων,
1099 3777 1370 3848 ἀρρήτους
1398 3779 1547 3842 τινὰς
1576 3778 1872 3848 ἀλγηδόνας
1905 3779 2208 3849 εἰργάξετο.
2263 3772 2417 3828 Μετὰ
2444 3772 2602 3843 τήνδε
2667 3769 2768 3842 τὴν
2811 3767 3103 3839 τιμωρίαν,
3166 3768 3195 3820 6
3261 3765 3533 3834 δυσσεϐὴς

3629 3771 3730 3820 καὶ

444 3863 717 3933 θηριώδης
753 3865 947 3934 ῥάϐδον
990 3870 1238 3936 παχεῖαν,
1264 3869 1421 3931 ὄζους
1453 3869 1719 3922 πάντοθεν
1773 3869 2019 3939 ἔχουσαν,
2092 3868 2224 3920 εἴσω
2278 3866 2453 3918 θεῖναι
2479 3864 2527 3894 ⁹⁶
2583 3862 2675 3916 διὰ
2721 3861 2819 3931 τῆς
2863 3859 3026 3930 ἕδρας
3077 3858 3396 3912 ἐκέλευσεν·
3456 3858 3613 3911 οὕτω
3667 3859 3730 3911 τὸ

445 3957 662 4027 πνεῦμα
687 3958 1003 4029 παρέδωκεν
1033 3963 1060 4013 6
1089 3965 1336 4028 γενναῖος
1361 3963 1687 4037 ἀγωνιστής.
1740 3966 1849 4018 Καὶ
1889 3964 2025 4018 ἄλλα
2061 3963 2117 4016 δὲ
2155 3961 2323 4033 μυρία
2353 3958 2582 4012 τοιαῦτα
2615 3959 2744 4028 παρ’
2773 3955 2996 4008 ἐκείνων
3066 3953 3340 4025 ἐτολμήθη
3397 3953 3508 4006 τῶν
3587 3955 3730 4008 δυσ-

447 4047 639 4101 σεϐῶν,
676 4050 749 4101 06
782 4051 888 4121 χρὴ
923 4051 980 4104 δὲ
1005 4052 1304 4123 θαυμάζειν
1336 4055 1418 4108 ὃτι
1445 4055 1546 4126 τῆς
1577 4057 1800 4110 ἐκείνων
1828 4056 2119 4127 θηριωδίας
2153 4055 2248 4107 καὶ
2287 4051 2605 4114 δυσσεϐείας
2633 4051 2886 4120 ἀνέχεται
2951 4050 2979 4102 6
3037 4047 3145 4100 τῶν
3209 4045 3347 4099 ὅλων
3412 4045 3732 4116 Πρύτανις.

445 4139 555 4191 Καὶ
587 4140 696 4212 γὰρ
735 4143 843 4213 πρὸ
923 4147 1024 4214 τῆς
1075 4146 1488 4201 Κωνσταντίνου
1561 4150 1652 4202 τοῦ
1741 4150 1978 4220 μεγάλου
2049 4146 2368 4218 βασιλείας,
2421 4147 2533 4199 ὅσοι
2597 4143 2856 4215 Ῥωμαῖοι
2917 4140 3166 4209 ἐγένοντο
3221 4137 3458 4214 βασιλεῖς
3489 4179 3503 4201 ,
3574 4139 3736 4192 κατὰ

443 4233 551 4283 τῶν
611 4232 893 4288 θιασωτῶν
951 4239 1051 4307 τῆς
1089 4236 1350 4308 ἀληθείας
1409 4239 1729 4310 ἐλύττησαν.
1789 4239 2171 4310 Διοκλητιανὺς
2216 4238 2272 4291 δὲ
2314 4239 2372 4290 ἐν
2423 4239 2490 4309 τῇ
2551 4236 2644 4290 τοῦ
2697 4234 2968 4304 σωτηρίου
3075 4233 3281 4296 πάθους
3351 4234 3540 4303 ἡμέρᾳ
3629 4235 3738 4298 τὰς

445 4329 503 4380 ἐν
534 4329 718 4401 ἁπάσῃ
745 4333 810 4401 τῇ
858 4331 1143 4402 Ῥωμαίων
1173 4335 1440 4405 ἡγεμονία
1492 4337 1787 4390 κατέλυσεν
1817 4334 2132 4405 ἐκκλησίας,

519 4420 603 4492 [Β.
648 4421 726 4476 St.
753 4421 868 4494 40.]
904 4423 1008 4478 Sed
1039 4425 1201 4479 armis
1247 4441 1443 4480 novem
1479 4431 1710 4492 exactis,
1743 4429 1852 4483 illa:
1895 4445 2017 4482 rur-
2051 4430 2100 4487 D

449 4527 546 4567 sus
576 4511 903 4578 ﬂoruerunt,
964 4517 1247 4587 multoque
1309 4518 1574 4585 majorem
1611 4530 1664 4574 et
1703 4519 2021 4590 amplitudi-

448 4621 573 4661 nem
599 4616 652 4660 et
684 4615 940 4662 ornatum
968 4607 1180 4678 adeptae
1214 4619 1365 4674 sunt,
1389 4619 1444 4664 et
1487 4621 1753 4682 tyrannus
1776 4612 1865 4666 ille
1895 4627 2023 4666 cum

449 4699 731 4769 impietate
791 4715 890 4754 sua
935 4702 1119 4771 periit.
1179 4703 1324 4756 Bella
1372 4718 1540 4772 porro
1591 4703 1925 4773 hujusmodi,
1971 4710 2026 4758 et

447 4789 708 4857 Ecclesiae
755 4791 925 4845 robur
981 4791 1244 4846 invictum
1307 4793 1554 4860 praedixit
1606 4792 1891 4848 Dominus.
1948 4795 2027 4848 Ac

448 4896 534 4935 res
568 4882 700 4951 ipsa:
752 4897 854 4935 nos
903 4880 1122 4945 docent,
1168 4882 1380 4952 1087
1422 4883 1545 4953 plus
1587 4884 1864 4936 commodi
1909 4883 2026 4938 bel-

450 4973 552 5025 ltnr
616 4973 772 5028 nobis
811 4972 1036 5039 aﬂerre,
1095 4990 1258 5044 quam
1309 4991 1518 5045 pacem.
1573 4974 1699 5030 Haac
1749 4976 2021 5045 siquidem

451 5063 641 5117 molles
673 5078 775 5119 nos
816 5071 870 5118 et
907 5064 1168 5129 immites,
1200 5075 1255 5121 et
1291 5067 1513 5121 timidos
1561 5067 1780 5120 reddit:
1821 5067 2020 5120 bellum

449 5169 579 5208 vero
625 5155 840 5210 animos
895 5157 1062 5220 acuit,
1116 5169 1170 5210 et
1225 5160 1518 5228 praesentia
1573 5166 1833 5226 tanquam
1878 5157 2023 5212 ﬂuxa

450 5260 712 5315 spernere
749 5247 930 5302 docet.
971 5249 1168 5304 Verum
1225 5250 1339 5303 haec
1381 5264 1481 5304 nos
1519 5249 1574 5302 in
1610 5247 1737 5304 aliis
1767 5263 1910 5318 saape
1955 5249 2016 5303 li-

450 5337 565 5392 bris
590 5337 976 5395 disseruimus.

2211 4425 2352 4480 Ἀλλ’
2383 4422 2538 4477 ἐννέα
2587 4421 2976 4492 διεληλυθότων
3004 4421 3162 4484 ἐτῶν,
3197 4421 3360 4476 αὐταὶ
3413 4421 3511 4489 μὲν
3551 4422 3744 4492 ἤνθη-

2126 4534 2244 4582 σαν,
2273 4517 2366 4569 καὶ
2393 4514 2793 4568 πολλαπλάσιον
2829 4513 3076 4578 ἐδέξαντο
3111 4511 3344 4582 μέγεθός
3366 4527 3426 4562 τε
3461 4511 3567 4562 καὶ
3605 4515 3751 4565 κάλ-

2134 4612 2236 4672 \o;'
2278 4610 2486 4669 ἐκεῖνος
2520 4607 2576 4660 δὲ
2602 4607 2738 4676 μετὰ
2762 4606 2862 4676 τῆς
2890 4604 3208 4668 δυσσεϐείας
3238 4602 3588 4672 ἀπεσϐέσθη.
3621 4608 3753 4659 Καὶ

2128 4702 2253 4763 τοὺς
2292 4700 2561 4769 πολέμους
2597 4699 2651 4751 δὲ
2684 4699 2908 4762 τούτους
2955 4697 3286 4771 προείρηκεν
3328 4697 3357 4748 6
3409 4699 3756 4770 Δεσπότης,

2129 4791 2304 4845 καὶτὸ
2332 4792 2432 4861 τῆς
2472 4789 2798 4860 Ἐκκλησίας
2832 4791 3121 4861 ἀήττητον.
3153 4789 3260 4840 Καὶ
3299 4787 3437 4840 αὐτά
3467 4787 3529 4840 δὲ
3579 4792 3762 4860 ἡμᾶς

2128 4883 2370 4937 διδάσκει
2404 4883 2471 4936 τὰ
2497 4883 2816 4953 πράγματα,
2851 4883 2927 4945 ὼς
2959 4881 3181 4934 πλείονα
3210 4881 3341 4950 ἡμῖν
3359 4880 3457 4949 τῆς
3487 4883 3762 4954 εἰρήνης

2129 4978 2158 5029 6
2217 4975 2454 5044 πόλεμος
2517 4975 2730 5045 πορίζει
2797 4975 2897 5045 τὴν
2963 4973 3251 5043 ὠφέλειαν.
3315 4973 3376 5025 Ἦ
3437 4971 3552 5042 μὲν
3637 4979 3762 5047 γὰρ

2133 5068 2333 5135 ἁδροὺς
2359 5067 2403 5097 ⁹⁷
2435 5067 2606 5136 ἡμᾶς,
2631 5067 2725 5119 καὶ
2752 5067 3060 5138 ἀνημέρους
3087 5067 3155 5129 ³⁸,
3186 5066 3278 5118 καὶ
3309 5065 3526 5128 δειλοὺς
3561 5071 3764 5139 ἁπερ-

2130 5157 2381 5224 γάζεται·
2405 5159 2432 5210 ὁ
2462 5157 2516 5208 δὲ
2557 5158 2791 5228 πόλεμος
2823 5159 2891 5212 τά
2920 5175 2978 5209 τε
3009 5160 3336 5230 φρονήματα
3371 5159 3759 5230 παραθήγει,

2130 5251 2228 5301 καὶ
2264 5249 2374 5301 τῶν
2425 5251 2707 5321 παρόντων
2751 5250 2825 5314 ὡς
2849 5250 3080 5320 ῥεόντων
3109 5249 3532 5322 παρασκευάζει
3561 5271 3760 5306 κειτα-

2132 5342 2370 5412 φρονεῖν.
2419 5341 2574 5394 Ἀλλὰ
2624 5341 2796 5394 ταῦτα
2847 5342 2946 5412 μὲν
2993 5341 3086 5394 καὶ
3117 5344 3175 5394 ἐν
3201 5341 3420 5413 ἑτέραις
3451 5357 3756 5415 £92751:-

2135 5434 2306 5497 τείαις
2336 5433 2592 5498 πολλάκις
2624 5435 2946 5506 εἰρήκαμεν.

1752 5610 1982 5667 νΑιιιΑι
2015 5609 2410 5668 LECTIONES.

525 5696 570 5780 9"
597 5696 888 5780 εἰσωθῆναι
908 5700 1393 5780 praelatae-sigea},
1429 5703 1568 5780 bene.
1604 5718 1727 5780 cum
1747 5702 1933 5757 Savilii
1970 5704 2154 5780 codice
2177 5704 2426 5780 rescribit
2455 5703 2728 5780 Xalesius.
2765 5773 2777 5780 Α
2826 5703 3129 5780 ξῖ-άϐρούς.
3167 5704 3330 5780 Basil.
3377 5720 3458 5780 gr.
3531 5705 3750 5780 Steph.

456 5764 500 5796 "
527 5763 860 5831 ἀνειμένους.
908 5763 1074 5821 Savil.
1117 5768 1311 5837 Epiph.
1346 5763 1414 5835 Χ,
1449 5772 1518 5824 ’54
1547 5774 1814 5837 remissos,
1842 5773 1987 5843 quod
2024 5782 2169 5830 recte
2209 5774 2428 5844 praefert
2455 5772 2726 5831 Valesius.
2750 5773 2792 5829 A
2831 5763 3057 5844 Niceob.
3089 5763 3320 5831 etutiino
3376 5763 3577 5831 abest.
