3974 6212
447 245 587 311 1283

603 375 3610 418 _______________________________________________.___.

1428 236 1912 298 TIIEODORETI
1938 229 2277 294 EPISCOPI
2301 227 2662 290 CYRENSIS

754 552 1102 686 ΤΟΥ
1237 539 2117 679 ΜΑΚΑΡΙΟΥ
2229 527 3382 670 ΘΕΟΔΩΡΗΤΟΥ

1715 792 2116 849 ΕΠΙΣΚΟΠΟΥ
2193 789 2431 846 ΚΥΡοΥ
2726 820 2736 825 -

1209 967 2082 1102 ΦΙΛΟΘΕΟΣ
2251 959 2758 1093 ΙΣΤΟΡ

1477 1361 2052 1446 ΑΣΚΗΤΙΚΗ
2145 1357 2679 1445 ΠΟΛΙΤΕΙΑ

1315 1731 1487 1877 Β.
1599 1719 2846 1876 THEODORETI

1738 1990 2037 2044 EI‘L‘COI‘I
2074 1988 2422 2046 CYRENSIS

1080 2173 2060 2302 BELIGIOSA
2201 2132 3092 2298 HISTORIA

2037 2423 2132 2462 SEU

1280 2523 1839 2676 ASCETICA
1878 2578 2398 2672 VIVENDI
2501 2578 2907 2671 RATIO.

1065 2929 1450 2988 PREFATIO.

543 3025 940 3083 Excellentium
976 3025 1256 3088 virorum,
1305 3034 1360 3079 et
1399 3023 1620 3078 virtutis
1672 3022 1999 3078 athletarum
2025 3059 2042 3087 ,

471 3117 765 3188 pulchrum
806 3114 1025 3184 quidem
1065 3121 1151 3169 est
1182 3112 1369 3168 videre
1404 3111 1737 3176 certamina,
1774 3120 1829 3164 et
1869 3110 2045 3165 oculis

476 3209 700 3262 haurire
741 3207 1050 3260 utilitatem.
1080 3205 1212 3272 Quae
1239 3206 1383 3259 enim
1428 3203 1741 3266 laudantur,
1774 3202 1902 3255 dum
1925 3216 2046 3255 cer-

477 3309 707 3364 nuntur,
738 3307 792 3353 et
818 3298 979 3368 digna
1013 3297 1272 3353 videntur
1293 3311 1415 3366 qua:
1443 3293 1856 3365 possideantur,
1885 3301 1940 3348 et
1963 3291 2046 3346 sui

477 3405 720 3445 amorem
783 3390 1062 3452 excitant,
1119 3396 1567 3460 spectatoresque
1615 3384 1681 3438 ad
1729 3400 1792 3438 ea
1825 3399 2048 3452 compa-

477 3481 650 3537 rauda
683 3479 969 3534 inducunt.
1006 3478 1259 3532 Aﬂ'erunt
1293 3486 1474 3530 tamen
1507 3474 1801 3528 utilitatem
1832 3487 2052 3542 quoque

481 3590 587 3630 non
635 3573 966 3628 mediocrem
1017 3572 1406 3640 prmclarorum
1442 3568 1608 3636 huius
1650 3567 1796 3620 modi
1839 3564 2052 3620 facino-

479 3683 600 3720 rum
653 3665 993 3719 uarrationes
1018 3701 1032 3725 ,
1075 3677 1198 3730 qua:
1259 3660 1328 3712 ab
1381 3659 1462 3714 eis
1493 3660 1583 3728 qui
1623 3659 1836 3728 1100
1873 3657 2056 3713 sciunt

480 3771 670 3809 corum
726 3755 817 3824 qui
888 3753 1145 3807 nesciunt
1201 3751 1429 3804 auribus
1484 3748 1810 3804 oﬂ‘eruntur.
1865 3747 2054 3805 Visum

482 3849 627 3902 enim
654 3846 845 3899 auditu
883 3844 1055 3913 magis
1091 3842 1194 3897 ﬁde
1230 3843 1454 3911 «lignum
1478 3857 1600 3897 esse
1621 3843 1814 3897 dicunt
1847 3843 2013 3911 aliqui
2040 3860 2053 3894 :

482 3936 580 3990 sed
636 3935 844 3989 auditui
900 3935 960 3988 ﬁt
1016 3935 1177 3988 etiam
1239 3934 1410 3998 fides,
1445 3935 1574 3988 dum
1617 3951 1683 3990 ex
1736 3950 1923 3990 eorum
1963 3935 2056 4005 qui

481 4027 676 4083 dicunt
721 4027 952 4082 veritate
1007 4026 1348 4096 singulorum
1385 4027 1531 4082 dicta
1571 4027 1861 4097 dijudicat.
1905 4025 2060 4082 Sicut

485 4119 633 4174 enim
666 4118 872 4189 lingua:
927 4128 980 4172 et
1029 4117 1216 4188 palato
1252 4119 1432 4173 dulcis
1483 4127 1537 4172 et
1584 4124 1600 4141 '
1657 4119 1877 4188 amari,
1923 4119 2060 4173 alia-

485 4225 722 4281 rumque
776 4209 1094 4279 hujusmodi
1123 4209 1450 4279 qualitatum
1477 4211 1744 4266 creditum
1779 4218 1865 4266 cst
1903 4211 2057 4280 judi-

486 4303 635 4357 cium
663 4343 679 4368 ,
713 4301 889 4372 deque
935 4301 1003 4356 iis
1035 4299 1218 4356 ferunt
1252 4301 1343 4355 illa
1384 4303 1716 4357 sententiam
1755 4321 1767 4356 :
1805 4302 1880 4356 ita
1923 4317 2052 4356 ora-

489 4393 703 4448 tionum
765 4395 919 4446 notio
980 4391 1188 4446 auditui
1251 4398 1334 4446 est
1397 4391 1734 4456 commissa,
1799 4393 2061 4461 novitque

490 4498 521 4538 a
581 4484 764 4538 noxiis
818 4498 913 4538 eas
967 4498 1088 4552 qua:
1151 4483 1391 4552 aliquam
1462 4480 1699 4535 aderunt
1768 4483 2060 4538 utilitatem

492 4589 804 4629 secernere.
834 4572 992 4639 Quod
1025 4573 1070 4628 si
1105 4572 1319 4626 utilium
1348 4572 1729 4626 narrationum
1767 4573 1979 4644 integra
2007 4582 2064 4629 et

495 4667 814 4736 incorrupta
839 4672 1084 4721 maneret
1115 4665 1379 4720 memoria
1403 4705 1418 4730 ,
1449 4681 1551 4721 nec
1575 4665 1870 4722 oblivionis
1894 4665 2061 4721 veluti

494 4758 672 4828 caligo
689 4757 941 4828 quaedam
970 4771 1198 4828 aspersa
1231 4757 1381 4811 labes
1405 4771 1524 4811 eam
1553 4759 1758 4812 sensim
1794 4758 2062 4823 aboleret,

498 4850 566 4904 de
602 4850 668 4904 iis
699 4849 890 4919 utique
933 4849 1178 4904 scribere
1205 4863 1674 4918 supervacaneum
1703 4849 1882 4914 foret,
1918 4851 2066 4922 quod

497 4955 621 5011 qua:
669 4940 798 4995 hinc
842 4940 1148 5012 percipitur
1201 4941 1437 5005 utilitas,
1491 4941 1558 4996 ad
1599 4951 1850 5011 posteros
1905 4943 2066 4999 facile

513 5032 842 5102 perveniret.
901 5030 1010 5087 Sed
1037 5031 1167 5102 quia
1221 5039 1435 5101 tempus
1475 5033 1802 5101 corporibus
1846 5035 2066 5104 quidem

500 5124 762 5179 damnum
801 5124 979 5191 aﬂ‘ert,
1031 5131 1371 5180 senectutem
1412 5125 1681 5181 inducens
1711 5135 1764 5182 et
1793 5135 2021 5182 mortem
2049 5169 2064 5195 ,

2746 2926 3122 2990 ΠΡΟΛΟΓΟΣ.

2218 3018 2340 3071 Τῶν
2371 3017 2606 3090 ἀρίστων
2657 3017 2887 3087 ἀνδρῶν,
2917 3020 3012 3072 καὶ
3061 3021 3162 3090 τῆς
3210 3020 3412 3091 ἀρετῆς
3450 3019 3735 3091 ἀθλητῶν.

2148 3099 2312 3164 καλὸν
2341 3109 2440 3180 μὲν
2473 3110 2600 3163 ίδείν
2622 3112 2748 3174 τοὺς
2775 3111 3014 3180 ἀγῶνας,
3043 3112 3138 3165 καὶ
3162 3115 3274 3175 τοῖς
3296 3111 3607 3181 ὁιρθαλμοῖς
3639 3113 3738 3183 τὴν

2147 3199 2414 3268 ὠφέλειαν
2441 3199 2766 3269 ἀρύσασθαι.
2808 3199 3092 3270 Ὀρὼμενα
3131 3200 3238 3272 γὰρ
3267 3201 3334 3253 τὰ
3359 3202 3742 3271 ἐπαινούμενα

2149 3283 2448 3359 ἀξιόκτητα
2480 3307 2538 3342 τε
2581 3291 2852 3358 φαίνεται,
2896 3291 2992 3344 καὶ
3047 3290 3340 3362 ἀξιέραστα
3369 3293 3616 3360 γίνεται,
3653 3295 3740 3344 καὶ

2152 3380 2290 3452 πρὸς
2327 3383 2426 3451 τὴν
2459 3382 2652 3451 κτῆσιν
2680 3383 2892 3452 ἐπείγει
2919 3384 3047 3446 τοὺς
3075 3383 3290 3446 θεατάς.
3328 3383 3494 3452 Φέρει
3522 3384 3569 3434 δ’
3591 3385 3744 3453 ὅμως

2152 3475 2338 3547 ὄνησιν
2375 3477 2436 3528 οὐ
2465 3476 2692 3546 μετρίαν
2718 3475 2826 3528 τῶν
2870 3475 3126 3528 τοιούτων
3159 3473 3615 3546 κατορθωμάτων
3656 3477 3745 3528 καὶ

2155 3568 2224 3621 τὰ
2251 3567 2587 3638 διηγήματα,
2625 3567 2776 3638 παρὰ
2802 3569 2910 3622 τῶν
2966 3568 3184 3621 εἰδότων
3213 3571 3332 3630 ταῖς
3371 3568 3484 3621 τῶν
3515 3571 3628 3621 οὐκ
3674 3573 3750 3622 εἱ-

2154 3658 2319 3712 δὸτων
2341 3659 2531 3721 ἀκοαῖς
2562 3659 3001 3730 προσφερόμενα.
3024 3660 3247 3712 Πιστοτέ
3255 3677 3356 3729 ραν
3383 3659 3486 3729 μὲν
3509 3660 3630 3731 γὰρ
3655 3662 3754 3730 τῆς

2156 3751 2324 3820 ἀκοῆς
2364 3744 2503 3803 εἶναι
2549 3752 2648 3820 τὴν
2678 3749 2798 3819 ὄψιν
2851 3751 2983 3819 φασί
3019 3767 3160 3812 τινες
3190 3767 3204 3781 ·
3239 3749 3488 3804 πείθεται
3520 3753 3568 3804 δ’
3595 3754 3755 3821 ὅμως

2159 3843 2253 3895 καὶ
2284 3841 2442 3912 ἀκοὴ,
2495 3844 2561 3912 τῇ
2620 3841 2729 3894 τῶν
2768 3841 3036 3909 λεγόντων
3092 3842 3323 3914 ἀληθείᾳ
3381 3844 3665 3912 κρίνουσα
3691 3847 3760 3898 τὰ

2158 3933 2445 4004 λεγόμενα.
2499 3933 2764 4003 Καθάπερ
2807 3933 2915 4003 γὰρ
2945 3934 3265 4004 γλυκύτητι,
3297 3936 3392 3986 καὶ
3421 3936 3758 4005 πικρότητι,

2161 4025 2255 4080 καὶ
2291 4027 2410 4087 ταῖς
2442 4023 2629 4088 ἄλλαις
2671 4027 2791 4087 ταῖς
2841 4024 3118 4088 τοιαύταις
3150 4025 3400 4095 ποιότησι
3429 4023 3676 4092 γλῶσσά
3701 4044 3764 4079 τε

2161 4116 2253 4170 καὶ
2284 4115 2506 4188 ὑπερῷα
2534 4115 2774 4180 δικάζειν
2817 4118 3194 4179 πεπίστευται,
3219 4116 3313 4170 καὶ
3353 4115 3496 4168 κατὰ
3545 4119 3766 4171 ταυτὸν

2162 4207 2263 4277 τὴν
2295 4205 2474 4277 ψῆφον
2509 4206 2835 4275 ἐκφέρουσιν
2856 4222 2870 4236 ο
2899 4206 3071 4270 οὕτως
3103 4207 3241 4278 ἀκοὴ
3285 4207 3386 4277 τὴν
3425 4206 3534 4258 τῶν
3575 4207 3770 4278 λόγων

2169 4299 2505 4369 ἐνεχειρίσθη
2537 4298 2848 4367 διάγνωσιν,
2885 4299 2980 4352 καὶ
3011 4300 3136 4361 τοὺς
3155 4298 3341 4369 ὄνησίν
3386 4315 3506 4351 τινα
3551 4301 3772 4371 φέρον-

2166 4407 2266 4454 τας
2327 4391 2436 4444 τῶν
2487 4390 2764 4462 βλαϐερῶν
2817 4377 3133 4461 ἀποκρίνειν
3191 4391 3494 4445 ἐπίσταται,
3533 4393 3615 4446 El
3669 4394 3777 4463 μὲν

2166 4476 2262 4536 οὖν
2313 4481 2508 4546 ἄσυλος
2565 4481 2726 4552 ἔμενε
2775 4483 2882 4536 τῶν
2933 4482 3270 4554 ὀνησιφόρων
3321 4483 3708 4555 διηγημάτων
3743 4487 3780 4555 ἡ

2173 4577 2380 4647 μνήμη,
2407 4575 2502 4628 καὶ
2557 4573 2630 4646 μὴ
2666 4577 2764 4644 τῆς
2791 4573 2962 4644 λήθης
3026 4576 3059 4645 ἡ
3115 4573 3260 4646 λώϐη
3302 4569 3393 4627 οἷά
3437 4591 3518 4636 τις
3589 4577 3786 4646 ἀχλὺς

2171 4666 2576 4736 ἐπιπαττομένη
2598 4663 2840 4734 ἐξίτηλον
2864 4665 3034 4735 αὐτὴν
3075 4665 3460 4737 ἀπειργάζετο,
3489 4669 3788 4735 περιττδν

2171 4757 2238 4832 ἦν
2261 4759 2527 4831 δήπουθεν
2557 4759 2650 4814 καὶ
2692 4758 2962 4830 παρέλκον
2995 4759 3354 4830 λογογραφεῖν
3385 4757 3454 4811 τὰ
3498 4760 3788 4826 τοιαῦτα,

2172 4853 2272 4922 τῆς
2300 4849 2548 4904 ἐντεῦθεν
2577 4849 2843 4918 ὠφελείας
2883 4850 2976 4902 καὶ
3009 4851 3088 4913 είς
3131 4850 3258 4914 τοὺς
3290 4849 3514 4920 ὕστερον
3559 4852 3788 4923 ἐσομέ-

2175 4958 2298 5006 νους
2324 4939 2564 5002 εὐπετῶς
2600 4939 2745 5008 μάλα
2785 4939 3184 5012 διαϐαινούσης.
3223 4939 3438 5010 Ἐπειδὴ
3472 4938 3538 4992 δὲ
3577 4944 3616 4996 ὸ
3649 4945 3790 5014 χρό-

2175 5051 2264 5098 νος
2285 5033 2524 5087 λωϐᾶται
2549 5033 2645 5103 μέν
2683 5033 2895 5103 σώματι
2930 5033 3110 5104 γῆρας
3148 5034 3424 5103 ἐπιφέρων
3453 5034 3557 5085 καὶ
3607 5036 3790 5088 Θάνα-

2172 5143 2286 5190 τον,
2322 5125 2560 5179 λωϐᾶται
2601 5124 2657 5179 δέ
2707 5123 3096 5196 κατορθώμασι
3141 5122 3313 5195 λήθην
3357 5125 3654 5194 ἐμποιῶν,
3693 5124 3795 5180 καὶ

1778 5303 2011 5360 νΑιιιΑι
2049 5303 2454 5363 LECTIONES.

586 5417 891 5488 {meum};
929 5416 1334 5488 auditllerveto
1360 5456 1375 5480 ,
1403 5432 1565 5488 quam
1594 5416 2006 5487 inscriptionem
2042 5417 2207 5473 etiam
2255 5417 2475 5474 exhibet
2507 5417 2676 5472 codex
2730 5414 3169 5488 Yindobouensis
3190 5413 3336 5488 apud
3401 5411 3794 5488 Lambecius

506 5485 640 5558 Ylll,
685 5483 892 5557 p.15”.
925 5488 1031 5544 Sed
1050 5483 1572 5558 Theodoretuslipse
1608 5483 2130 5558 sempéryutlgatum
2169 5503 2366 5543 nomen
2399 5488 2598 5558 habet,
2639 5497 2701 5541 ut
2739 5485 2806 5540 Β.
2835 5486 2982 5558 Eccl.
3017 5501 3056 5549 ι,
3080 5484 3143 5550 6;
3177 5483 3240 5558 ιι,
3267 5483 3365 5551 26,
3404 5500 3486 5545 ιιι,
3529 5484 3618 5540 i9
3657 5504 3678 5555 ;
3723 5503 3795 5550 Iv,

508 5555 769 5628 22,__c}c.
826 5559 1065 5628 Itemque
1118 5557 1347 5628 Niceph.
1403 5555 1494 5628 ης
1529 5556 1591 5613 Ε.
1639 5555 1745 5622 xiv,
1785 5557 1894 5625 24;
1929 5555 2007 5623 ίι,
2034 5557 2127 5626 25,
2153 5558 2216 5614 41
2250 5566 2306 5614 et
2341 5557 2493 5624 alibi,
2527 5572 2650 5614 cum
2676 5559 2886 5614 Joanne
2920 5555 3170 5612 Damasc.
3199 5556 3266 5610 de
3303 5557 3500 5624 imagg.
3532 5567 3712 5613 orat.
3743 5557 3796 5622 ὃ.

510 5639 565 5693 p.
606 5622 713 5678 366
735 5633 792 5681 et
816 5628 921 5682 380
942 5622 1213 5696 vulgatam
1247 5622 1659 5697 inscriptionem
1692 5622 2002 5685 conﬁrmat;
