3974 6212
245 303 264 366 1
275 305 381 366 9.85

1458 293 1864 356 RELIGIOSA
1893 296 2279 364 HISTORIA.

3375 300 3512 364 1286

240 419 334 485 τὴν
370 411 591 483 μνήμην
625 407 940 480 ἀμϐλύνων,
971 407 1072 461 οὐκ
1107 407 1172 462 ἀν
1201 423 1284 470 τις
1317 405 1446 474 ἡμῖν
1489 403 1714 466 εἰκότως
1741 420 1822 456 νε-

1943 409 2098 464 rebus
2129 419 2313 466 autent
2346 422 2493 469 recte
2528 414 2698 484 gestis
2718 454 2732 478 ,
2762 412 3094 468 oblivionem
3135 412 3384 466 inferens
3411 452 3426 472 .
3455 423 3510 466 rt

245 503 502 575 μεσήσειε
526 500 634 554 τῶν
691 498 951 568 φιλοθέων
1001 497 1212 569 ἀνδρῶν
1246 495 1344 566 τήν
1373 494 1645 548 πολιτείαν
1694 511 1826 563 συγ-

244 592 480 664 γράφειν
519 586 911 659 ἐπιχειροῦσιν.
957 586 1170 656 Ὠσπερ
1224 584 1332 654 γάρ
1375 583 1423 635 oi
1475 581 1543 634 τά
1599 577 1828 649 σώματα

246 681 572 753 θεραπεύειν
590 676 1018 748 πεπιστευμένοι
1047 676 1316 746 φάρμακα
1335 670 1826 736 κατασκευάζουσι,

244 777 312 844 τῇ
347 773 488 842 νόσῳ
509 769 893 841 πολεμοῦντες,
929 768 1021 821 καὶ
1055 768 1164 829 τοῖς
1191 766 1491 834 κάμνουσιν
1519 761 1827 832 ἐπαμύνον-

245 882 336 927 τες
356 881 370 895 ·
411 864 582 926 οὕτως
604 862 698 916 καὶ
736 862 769 932 ή
802 860 903 930 τῆς
924 857 1134 912 τοιᾶσδε
1169 853 1829 926 συγγραφῆςιφιλοπονία,

247 951 356 1010 οἷόν
403 973 454 1008 τι
507 955 800 1024 φάρμακον
857 949 1179 1016 ἀλεξίκακον
1226 947 1470 1016 γίνεται,
1509 944 1679 1015 λήθης
1710 944 1824 996 ἐπί-

249 1049 460 1112 6ουλον,
494 1045 588 1100 καὶ
647 1043 866 1113 μνήμης
924 1039 1237 1109 ἐπίκουρον.
1289 1034 1410 1099 Πῶς
1460 1035 1566 1105 γὰρ
1618 1034 1683 1087 ἂν
1733 1031 1834 1086 οὐκ

250 1142 468 1199 ἄτοπον.
509 1133 740 1205 ποιητάς
775 1133 872 1203 μὲν
927 1131 1023 1184 καὶ
1076 1129 1425 1199 συγγραφέας
1457 1125 1554 1189 τὰς
1583 1127 1640 1178 ἐν
1678 1123 1834 1176 πολέ-

255 1243 373 1298 μοις
409 1222 775 1292 ἀνδραγαθίας
803 1219 1145 1290 συγγράψαι,
1175 1216 1613 1286 τραγῳδοποιοὺς
1652 1213 1708 1268 δὲ
1735 1213 1833 1276 τὰς

253 1319 432 1383 καλῶς
465 1315 856 1387 κεκρυμμένας
905 1311 1191 1383 συμφοράς
1231 1309 1521 1381 προφανῶς
1551 1305 1835 1378 τραγῳδῆ.

254 1412 472 1478 σαι,κα“ι
501 1407 827 1478 τούτωνςτὴν
860 1407 1078 1476 μνήμην
1115 1404 1460 1475 ἀνάγραπτον
1486 1399 1832 1455 καταλιπεῖνο

253 1505 444 1566 ἄλλους
495 1502 553 1555 δέ
611 1517 764 1564 τινας
812 1500 892 1562 εἰς
959 1496 1252 1568 κωμῳδίαν
1305 1497 1398 1562 καὶ
1441 1495 1653 1564 γέλωτα
1709 1509 1840 1546 κατ-

254 1595 526 1648 αναλῶσαι
549 1593 675 1655 τοὺς
698 1590 888 1658 λόγους
906 1605 919 1619 ·
950 1590 1098 1658 ἡμᾶς
1122 1587 1177 1641 δὲ
1201 1586 1460 1658 περιιδεῖν
1491 1585 1633 1659 λήθῃ
1664 1601 1840 1658 παραυ

256 1686 568 1756 διδομένους
598 1683 796 1752 ἄνδρας
843 1682 900 1735 ἐν
933 1681 1146 1749 σώματι
1177 1677 1356 1758 θνητῷ
1381 1695 1441 1731 τε
1484 1677 1580 1730 καὶ
1610 1673 1840 1745 παθητῷ

1930 497 2244 553 obscuratis
2268 501 2588 555 memoriam
2609 541 2623 564 ,
2660 515 2823 554 nemo
2844 499 2970 568 jure
3001 513 3100 555 nos
3138 501 3508 569 reprehende-

1930 585 2044 650 rit,
2093 586 2240 656 quod
2276 588 2489 656 piorum
2523 589 2766 642 virorum
2803 587 3006 657 Deique
3047 590 3347 642 amantium
3387 589 3511 642 vitae

1931 678 2180 732 instituta
2206 680 2447 734 scribere
2477 680 2848 750 aggredimur.
2869 679 3342 746 Quemadmodum
3362 681 3508 734 enim

1933 769 2006 831 ii,
2051 785 2286 840 quorum
2339 770 2462 826 fidei
2513 770 2722 826 credita
2772 786 3066 841 corporum
3123 779 3209 825 est
3258 773 3508 833 curatio,

1934 862 2329 916 medicamenta
2380 872 2738 932 comparant.
2775 878 2898 915 cum
2935 861 3127 916 morbo
3172 863 3374 917 bellum
3417 877 3511 933 ge-

1941 961 2163 1015 rentes,
2198 959 2252 1005 et
2285 953 2352 1005 iis
2391 953 2485 1020 qui
2518 952 2770 1004 laborant
2809 951 3045 1008 ferentes
3089 953 3350 1007 auxilium
3382 972 3394 1007 :
3434 954 3510 1007 ita

1934 1057 2056 1112 quae
2086 1042 2141 1096 in
2175 1043 2262 1098 his
2286 1042 2706 1098 conscribendis
2755 1043 2977 1112 ponitur
3011 1043 3284 1097 industria
3313 1083 3327 1107 ,
3364 1046 3513 1099 salu-

1937 1132 2074 1185 taris
2127 1132 2416 1200 cujusdam
2463 1132 2637 1185 instar
2680 1139 2766 1186 est
2815 1130 3244 1196 medicamenti,
3287 1133 3428 1201 quod
3460 1144 3515 1186 et

1941 1223 2206 1278 oblivioni
2236 1224 2550 1287 insidiatur,
2581 1231 2636 1278 et
2678 1239 2832 1293 opem
2885 1223 2991 1278 fert
3028 1225 3327 1278 memoriae.
3365 1225 3514 1290 Quo-

1938 1315 2103 1370 modo
2134 1315 2279 1370 enim
2315 1314 2613 1371 absurdum
2652 1330 2761 1369 non
2795 1315 2895 1380 sit,
2928 1322 2983 1367 ut
3011 1321 3183 1385 poeta:
3208 1313 3430 1384 quidem
3461 1325 3515 1368 et

1941 1407 2192 1461 historici
2226 1423 2290 1462 ea
2321 1407 2680 1462 eonscribant
2715 1422 2837 1476 quae
2867 1407 2920 1460 ir.
2944 1406 3087 1460 bello
3117 1405 3332 1460 fortiter
3361 1415 3516 1475 gesta

1941 1508 2071 1555 sunt
2100 1539 2115 1565 ,
2151 1507 2206 1553 et
2239 1500 2429 1570 tragici
2464 1511 2609 1556 recte
2633 1499 2843 1554 celatas
2872 1498 3214 1552 calamitates
3239 1499 3295 1552 in
3333 1499 3517 1567 publi-

1943 1604 2068 1643 cum
2113 1588 2432 1660 proferant,
2470 1603 2771 1659 earumque
2809 1587 3036 1658 scriptis
3083 1586 3395 1642 mandatam
3427 1603 3517 1641 re-

1944 1675 2200 1746 linquant
2230 1673 2554 1730 memoriam
2587 1691 2602 1740 ;
2648 1673 2896 1728 nonnulli
2927 1674 3092 1726 etiam
3127 1673 3180 1725 in
3227 1672 3518 1726 commiliis

256 1777 525 1831 ἀπάθειαν
554 1772 1044 1844 ἐπιδεδειγμένους,
1077 1773 1174 1824 καὶ
1219 1771 1316 1842 τὴν
1342 1770 1634 1840 ἀσώματον
1669 1768 1832 1837 φύσιν

1943 1769 2212 1839 rebusque
2235 1767 2497 1838 ridiculis
2528 1767 2810 1821 orationes
2851 1773 3182 1820 consumant
3211 1783 3224 1818 :
3257 1781 3357 1822 nos
3387 1781 3517 1821 vero

255 1866 637 1939 ὲζηλωκότας;
669 1864 836 1917 Ποίαν
881 1862 936 1916 δὲ
971 1860 1072 1915 οὐκ
1127 1860 1192 1915 ἃν
1223 1862 1446 1924 δικαίως
1483 1861 1732 1930 τίσαιμεν
1758 1858 1834 1911 δίο

256 1977 358 2030 κην
392 1958 502 2011 τῶν
560 1955 908 2024 ἀξιαγάστων
959 1953 1163 2007 τούτων
1194 1951 1421 2020 ἀγώνων
1471 1951 1832 2023 περιορῶντες

256 2047 686 2120 ἀμαυρουμένην
707 2047 806 2118 τὴν
838 2045 1100 2115 μνήμην;
1137 2046 1185 2098 εί
1210 2043 1318 2114 γὰρ
1347 2044 1499 2098 αὐτοὶ
1525 2043 1633 2096 τῶν
1669 2042 1835 2096 πάλαι

259 2139 644 2210 γεγενημένων
675 2137 847 2206 ἀγίων
874 2137 971 2207 τὴν
996 2137 1173 2206 ἄκραν
1207 2135 1526 2206 φιλοσοφίαν
1556 2133 1835 2206 ζηλώσαν-

255 2251 366 2297 τες,
399 2231 458 2284 ού
499 2229 685 2301 χαλκῷ
717 2230 812 2283 καὶ
847 2229 1138 2299 γράμμασι
1171 2227 1270 2300 τὴν
1315 2229 1538 2281 ἐκείνων
1589 2227 1839 2281 ἐνεκόλα-

160 2376 162 2378 τ
256 2326 362 2395 ψαν
426 2325 667 2394 μνήμην,
700 2320 837 2374 ἀλλά
889 2321 1068 2374 πᾶσαν
1099 2318 1279 2372 αὐτῶν
1309 2319 1406 2389 τὴν
1437 2319 1636 2389 ἀρετὴν
1675 2319 1840 2388 ἐκμα-

257 2414 498 2483 ξάμενοι,
531 2406 642 2464 οἷόν
675 2427 826 2473 τινας
847 2410 1060 2473 εἰκόνας
1088 2408 1265 2462 αὐτῶν
1287 2407 1561 2478 ἐμψύχους
1591 2408 1683 2461 καὶ
1706 2409 1836 2478 στή-

257 2505 353 2568 λας
381 2505 520 2572 σφᾶς
539 2505 736 2566 αὐτοὺς
766 2503 1118 2572 πεποιήκασι,
1133 2502 1294 2564 ποίας
1322 2502 1387 2554 ἂν
1406 2503 1566 2571 ἡμεῖς
1583 2501 1840 2571 τύχοιμεν

258 2596 483 2658 εἰκότως
537 2591 891 2664 συγγνώμης,
935 2593 1071 2662 μηδὲ
1124 2591 1414 2662 γράμμασι
1455 2590 1543 2643 τὸν
1597 2589 1840 2659 ἀοίδιμον

257 2688 458 2739 τούτων
483 2685 837 2756 γεραίροντες
901 2683 1049 2750 βίον;
1079 2683 1188 2735 Καὶ
1207 2682 1380 2735 ταῦτα
1401 2681 1508 2734 τῶν
1539 2683 1596 2734 ἐν
1639 2679 1839 2750 Ὀλυμ-

259 2776 444 2830 πίασιν
467 2773 884 2845 ἀγωνιζομένων
911 2772 1158 2842 ἀθλητῶν
1179 2789 1238 2825 τε
1265 2773 1358 2826 καί
1379 2771 1840 2843 παγκρατιαστῶν

261 2867 431 2921 εἰκόσι
460 2865 808 2936 τιμωμένων,
828 2867 922 2918 καὶ⁹
957 2865 1140 2935 μέντοι
1172 2865 1275 2917 κάν
1298 2866 1419 2928 ταῖς
1454 2863 1840 2934 ίπποδρομίαις

261 2958 367 3012 τῶν
395 2956 707 3027 νικηφόρων
751 2955 1199 3024 ἀναφαινομένων
1246 2955 1477 3025 ήνιόχων
1527 2955 1686 3008 τοῦτο
1711 2955 1841 3008 αὐτὸ

261 3047 564 3118 δεχομένων
591 3047 653 3098 τὸ
675 3045 866 3117 γέρας.
891 3047 964 3098 Οὐ
1004 3047 1162 3116 μόνον
1191 3045 1246 3099 δὲ
1283 3045 1536 3108 τούτουςο
1564 3045 1698 3098 ἀλλὰ
1746 3045 1838 3098 καὶ

265 3141 547 3209 συγγενεῖς
593 3137 814 3208 ἄνδρας,
866 3139 961 3192 καὶ
1020 3137 1330 3208 θηλυδρίας,
1366 3139 1460 3192 καὶ
1506 3138 1841 3208 ἀμφιϐόλους

263 3231 370 3286 εἴτε
401 3232 590 3304 ἀνδρες
619 3225 728 3284 εἷεν
772 3231 882 3283 εἴτε
944 3233 1224 3300 γυναῖκες,
1259 3231 1309 3283 oi
1346 3231 1447 3298 τῆς
1477 3230 1681 3283 τούτων
1703 3229 1840 3282 θεω-

269 3322 390 3392 ρίας
431 3322 818 3393 φιλοθεάμονες
866 3323 983 3385 ταῖς
1047 3320 1256 3374 σανίσιν
1313 3321 1716 3391 ἐγγράφουσιν,
1749 3321 1842 3374 ἐπί

268 3414 517 3467 πλεῖστον
549 3414 729 3468 αὐτῶν
756 3415 854 3483 τὴν
890 3413 1112 3484 μνήμην
1159 3412 1445 3483 διαρκέσαι
1477 3411 1842 3481 φιλονεικοῦν-

265 3522 376 3569 τες.
409 3505 599 3558 Καίτοι
623 3507 719 3574 τῆς
752 3506 972 3576 μνήμης
1001 3503 1182 3576 λώϐην
1207 3507 1328 3566 ταῖς
1360 3502 1558 3574 ψυχαῖς
1583 3505 1683 3559 οὐκ
1715 3504 1841 3575 όνη-

269 3614 352 3649 σιν
400 3596 733 3667 ἐμποιούσης
757 3613 770 3626 ·
803 3597 916 3650 ἀλλ’
948 3599 1096 3667 ὅμως
1126 3599 1174 3650 οἱ
1217 3597 1315 3666 μὲν
1363 3596 1566 3650 τούτων
1610 3596 1844 3666 ἐρῶντες

267 3688 509 3750 τούτους,
549 3689 597 3740 οἱ
628 3687 684 3740 δὲ
746 3687 968 3742 ἐκείνων
1013 3687 1274 3753 ἐκείνους,
1313 3689 1405 3742 καὶ
1455 3687 1625 3742 ταῦτα
1650 3687 1844 3759 λυμαί-

269 3794 478 3841 νοντας,
505 3779 568 3847 τῇ
593 3776 882 3848 ζωγραφίᾳ
913 3777 1252 3847 γεραίρουσι.
1294 3779 1401 3831 Καὶ
1435 3777 1618 3850 ἐπειδὴ
1646 3777 1845 3850 θνητὴν

267 3865 428 3923 οὖσαν
454 3870 482 3920 ό
502 3868 728 3932 θάνατος
755 3870 853 3941 τὴν
881 3869 1042 3939 φύσιν
1070 3867 1336 3940 ληῒζεται,
1357 3867 1624 3942 χρώματα
1653 3887 1847 3940 κεραν-

268 3959 472 4023 νύντες,
516 3961 607 4014 καὶ
651 3959 721 4014 τά
753 3961 977 4015 ἐκείνων
1025 3963 1141 4025 ταῖς
1195 3961 1402 4016 σανίσιν
1435 3962 1733 4026 ἐντιθέντες
1772 3964 1848 4023 φίν-

267 4049 536 4119 δάλματα,
567 4051 747 4122 πολλῷ
781 4053 878 4123 τῆς
911 4053 1056 4121 ζωῆς
1089 4051 1436 4124 μακροτέραν
1465 4052 1716 4121 γενέσθαι
1738 4052 1846 4123 ’τὴν

273 4143 494 4211 μνήμην
529 4141 854 4210 σοφίζονται.
889 4145 1081 4213 Ἡμεῖς
1107 4145 1162 4196 δὲ
1185 4145 1298 4214 βίον
1324 4145 1424 4212 μὲν
1459 4145 1846 4217 συγ-γράφομεν

271 4231 588 4299 φιλοσοφίας
638 4231 976 4296 διδάσκαλον,
1019 4235 1114 4286 καὶ
1153 4235 1250 4303 τὴν
1299 4237 1355 4287 ἐν
1406 4235 1654 4304 οὐρανοῖς
1699 4235 1850 4290 πολι-

270 4320 418 4374 τείαν
455 4321 770 4389 ἐζηλωκότα
790 4338 802 4352 ·
838 4323 1237 4395 ζωγραφοῦμεν
1267 4325 1322 4378 δὲ
1345 4325 1406 4378 οὐ
1443 4325 1550 4378 τῶν
1579 4329 1846 4396 σωμάτων

1933 1861 2193 1916 oblivioni
2221 1860 2362 1914 tradi
2389 1863 2634 1915 sinamus
2664 1859 2811 1912 viros
2831 1901 2848 1918 .
2877 1859 2972 1927 qni
3006 1857 3060 1911 in
3105 1873 3334 1928 corpore
3368 1873 3518 1913 mor-

1939 1954 2033 2008 tali
2072 1962 2126 2008 et
2154 1953 2361 2022 1101
2395 1951 2608 2022 patibili
2640 1951 3106 2020 impatibilitatem
3131 1950 3512 2012 ostenderunt,

1937 2057 1991 2101 et
2022 2046 2408 2115 incorpoream
2463 2042 2708 2098 asmulati
2775 2050 2906 2098 sunt
2957 2042 3250 2097 naturam?
3303 2042 3519 2113 Ecquas

1940 2155 2070 2194 vero
2107 2154 2299 2210 pinnas
2356 2153 2465 2193 non
2515 2137 2710 2192 merito
2746 2137 3096 2203 dederimus,
3136 2137 3182 2192 si
3217 2137 3514 2192 admirabi-

1937 2234 2070 2287 lium
2119 2232 2348 2287 istorum
2382 2232 2747 2286 certaminum
2796 2230 2951 2284 nihili
3009 2229 3280 2284 faciamus
3317 2231 3518 2286 obscu-

1937 2323 2048 2378 rari
2086 2323 2444 2377 memoriam?
2493 2321 2630 2376 Nam
2687 2336 2812 2375 cum
2867 2321 2968 2390 ipsi
3012 2322 3320 2391 priscorum
3375 2338 3508 2376 san-

1937 2423 2158 2472 ctorum
2201 2429 2471 2468 summam
2509 2414 2753 2469 aemulati
2783 2413 3188 2483 philosophiam
3215 2453 3230 2476 ,
3267 2430 3374 2468 non
3413 2429 3522 2469 aere

1939 2521 2004 2560 ac
2047 2507 2247 2559 litteris
2301 2503 2519 2558 illorum
2577 2502 2974 2571 insculpserint
3009 2503 3367 2569 memoriam,
3423 2505 3518 2558 sed

1938 2612 2154 2654 omnem
2200 2597 2419 2650 illorum
2480 2595 2858 2665 exprimentes
2896 2593 3157 2647 virtutem
3185 2633 3198 2655 ,
3247 2593 3520 2648 animatas

1939 2686 2204 2758 quasdam
2235 2701 2426 2740 eorum
2471 2684 2741 2756 imagines
2779 2691 2836 2739 et
2874 2689 3089 2738 statuas
3137 2683 3350 2753 seipsos
3390 2683 3522 2738 effe-

1939 2776 2162 2830 cerint:
2203 2788 2452 2844 quaenam
2507 2774 2670 2827 nobis
2710 2772 2837 2842 jure
2871 2771 3092 2827 dabitur
3120 2771 3317 2836 venia,
3363 2773 3408 2827 si
3455 2787 3522 2827 ne

1942 2867 2140 2921 litteris
2181 2867 2402 2936 quidem
2457 2865 2724 2936 insignem
2763 2879 2953 2919 eorum
3003 2865 3174 2919 vitam
3218 2880 3523 2935 prosequa-

1943 2957 2103 3012 mur?
2148 2957 2316 3026 quue
2361 2971 2487 3010 cum
2525 2955 2743 3010 athleta:
2769 2967 2821 3010 et
2852 2957 3272 3024 pancratiastae,
3324 2956 3421 3026 qui
3465 2956 3521 3009 in

1943 3048 2250 3120 Olympicis
2295 3047 2622 3110 decertant,
2673 3047 3015 3102 honorentur
3067 3049 3302 3112 statuis,
3360 3055 3415 3102 et
3465 3049 3522 3102 in

1944 3156 2208 3206 equorum
2239 3139 2564 3204 curriculis,
2597 3142 2615 3160 ‘
2645 3140 2738 3209 qui
2781 3141 3020 3195 victores
3060 3138 3266 3196 fuerint
3319 3141 3524 3212 aurigae

1943 3232 2082 3287 idem
2147 3231 2428 3302 praemium
2500 3229 2793 3298 accipiant.
2881 3229 3067 3300 Neque
3143 3232 3244 3286 hos
3304 3233 3520 3292 solum,

1943 3325 2035 3380 sed
2075 3325 2369 3378 muliebres
2415 3322 2580 3376 etiam
2618 3323 2768 3378 viros
2813 3330 2868 3377 et
2917 3323 3298 3389 effeminatos,
3354 3333 3408 3380 et
3458 3325 3526 3379 de

1941 3417 2142 3487 quibus
2202 3416 2375 3471 virine
2441 3415 2552 3471 sint
2617 3429 2684 3468 an
2743 3415 3000 3470 mulieres
3058 3416 3371 3483 incertum,
3431 3417 3523 3484 qui

1944 3508 2135 3564 horum
2192 3507 2522 3576 spectaculis
2596 3505 2969 3572 delectantur,
3049 3507 3103 3560 in
3164 3508 3364 3562 tabulis
3431 3508 3527 3562 dc-

1943 3598 2207 3668 pingnnt,
2271 3596 2600 3666 illorumque
2659 3596 2976 3650 memoriam
3030 3595 3352 3666 longissimo
3392 3605 3529 3651 tem-

1944 3704 2076 3760 pore
2139 3701 2471 3743 conservare
2525 3687 2763 3741 student.
2799 3685 2862 3738 Et
2899 3686 3026 3740 licet
3087 3688 3351 3740 menzoria
3410 3689 3522 3742 haec

1944 3783 2143 3836 animis
2215 3779 2480 3834 damnum
2552 3777 2778 3841 afferat,
2858 3793 2964 3833 non
3030 3779 3522 3834 emolumentum:

1945 3883 2185 3929 attamen
2230 3873 2332 3930 hos
2383 3871 2602 3942 quidem
2655 3871 2748 3942 qui
2798 3871 2899 3927 hos
2953 3879 3179 3938 amant,
3225 3871 3348 3926 illos
3397 3888 3526 3927 vero

1944 3965 2037 4034 qui
2098 3964 2254 4028 illos,
2337 3962 2590 4033 quamvis
2651 3962 2909 4014 damnum
2959 3960 3280 4022 afferentes,
3352 3962 3528 4030 pictu-

1947 4057 2024 4110 ris
2087 4057 2362 4109 honorant
2422 4071 2436 4106 :
2493 4061 2548 4106 et
2605 4054 2862 4120 quoniam
2925 4053 3212 4104 mortalem
3276 4059 3526 4104 naturam

1947 4160 2098 4198 mors
2149 4141 2522 4212 depraedatur,
2565 4139 2779 4193 colores
2837 4145 3242 4207 temperantes,
3291 4139 3524 4207 efligiesv

1945 4251 2051 4306 que
2077 4234 2298 4287 illorum
2332 4231 2536 4284 tabulis
2569 4230 2914 4297 imponentes
2939 4269 2956 4293 ,
2995 4229 3266 4281 rationem
3305 4230 3528 4298 excogi-

1946 4333 2063 4381 tant
2093 4339 2202 4395 qua
2261 4323 2353 4377 fiat
2410 4335 2604 4375 eorum
2663 4318 2925 4373 memoria
2981 4318 3142 4388 longe
3195 4332 3360 4388 quam
3418 4321 3530 4373 vita

269 4413 394 4473 coiit;
416 4410 792 4482 χαρακτῆρας,
821 4411 940 4464 οὐδὲ
979 4413 1048 4488 τά
1096 4412 1302 4468 τούτων
1340 4415 1710 4486 ἐκτυπώματα
1734 4419 1840 4480 τοῖς

1949 4414 2288 4472 diuturnior.
2343 4410 2458 4467 Nos
2486 4419 2672 4465 autem
2726 4410 2894 4464 vitam
2947 4410 3244 4465 scribimus
3285 4411 3531 4482 philoso-

271 4502 555 4570 ἀγνοοῦσιν
605 4503 1010 4574 ἐπιδείκνυμεν·
1041 4504 1178 4558 ά).λά
1212 4505 1320 4558 τῶν
1367 4507 1614 4578 ἀοράτων
1660 4509 1846 4579 ψυχῶν

271 4593 368 4653 τάς
405 4591 546 4653 ἰδέας
598 4593 1078 4664 σκιαγραφοῦμεν,
1116 4593 1210 4647 καὶ
1261 4597 1527 4667 πολέμους
1587 4596 1848 4662 ἀθεάτους

275 4683 366 4736 καὶ
406 4701 468 4736 συ
477 4683 726 4754 μπλοκάς
755 4685 982 4754 ἀφανεῖς
1007 4683 1409 4756 ἐπιδείκνυμεν.
1447 4687 1716 4758 Τοιαύτην
1741 4689 1849 4760 γὰρ

272 4778 455 4841 αὐτοῖς
489 4779 582 4832 καὶ
633 4781 732 4850 τὴν
784 4780 1114 4849 παντευχίαν
1158 4780 1186 4832 ό
1215 4779 1315 4849 τῆς
1345 4779 1624 4848 φάλαγγος
1670 4780 1849 4834 αὐτῶν

278 4869 580 4938 στρατηγὸς
653 4870 748 4923 καὶ
816 4868 1109 4942 πρόμαχος
1177 4869 1519 4940 περιτέθεικε
1603 4871 1846 4936 Παῦλος·

281 4976 300 5008 ι
359 4958 680 5013 ’Λναλάὸετε
710 4960 817 5032 γὰρ
842 5001 858 5026 ,
891 4961 1048 5032 φησὶ,
1093 4960 1191 5031 τὴν
1243 4958 1544 5015 πανοπλίαν
1572 4959 1664 5014 τοῦ
1691 4961 1849 5027 Θεοῦ,

277 5049 366 5103 ἵνα
402 5049 667 5120 δυνηθῆτε
722 5052 1040 5122 ἀντιστῆναι
1095 5035 1152 5104 ὲν
1206 5055 1272 5120 τῇ
1301 5053 1486 5125 ἡμέρᾳ
1524 5055 1591 5124 τῇ
1617 5054 1848 5123 πονηρᾷ,

277 5141 372 5193 καὶ
421 5140 635 5194 ἅπαντα
678 5143 1154 5212 κατεργασάμενοι
1207 5142 1420 5209 στῆναι.
1459 5162 1476 5193 ι
1511 5145 1618 5196 Καὶ
1649 5145 1810 5198 πάλιν
1835 5161 1847 5175 ·

285 5251 303 5283 ι
344 5231 510 5302 Στῆτε
539 5228 631 5286 οὖν
659 5233 1098 5305 περιζωσάμενοι
1117 5234 1217 5303 τὴν
1241 5233 1420 5300 ,ὀσφὺν
1447 5235 1601 5304 ὑμῶν
1639 5236 1696 5288 ἐν
1717 5235 1851 5305 άλη-

281 5323 422 5394 θεία,
457 5325 552 5377 κα)⁵
589 5324 938 5394 ἐνδυσάμενοι
971 5325 1060 5378 τὸν
1098 5323 1323 5394 θώρακα
1359 5325 1455 5394 τῆς
1486 5325 1850 5397 δικαιοσύνης,

281 5417 374 5468 καὶ
395 5416 792 5487 ὑποδησάμενοι
841 5419 966 5481 τοὺς
997 5417 1161 5480 πόδας
1200 5419 1258 5470 ἐν
1292 5418 1581 5490 ἑτοιμασίᾳ
1623 5418 1717 5471 τοῦ
1750 5420 1822 5470 Εὐ

279 5507 533 5574 αγγελίου
564 5509 660 5578 τῆς
693 5511 948 5581 εἰρήνης,
992 5511 1085 5563 ἐπὶ
1131 5515 1296 5566 πᾶσιν
1351 5513 1711 5578 ἀναλαϐόντες
1765 5513 1856 5565 τὸν

281 5599 472 5668 θυρεδν
503 5601 603 5672 τῆς
643 5602 974 5664 πίστεως,ἐν
1097 5603 1390 5674 δυνήσεσθε
1425 5608 1602 5660 πάντα
1633 5608 1698 5658 τά
1726 5605 1854 5678 βέλη

279 5687 374 5745 τοῦ
408 5691 645 5763 πονηροῦ
676 5691 743 5746 τὰ
779 5694 1152 5764 πεπυρωμένα
1196 5696 1406 5761 σϐέσαι,
1443 5698 1536 5752 καὶ
1566 5697 1664 5766 τὴν
1703 5713 1857 5768 περι-

1951 4508 2089 4579 phize
2134 4505 2446 4576 magistram
2476 4545 2489 4569 ,
2543 4510 2598 4556 et
2628 4516 2750 4571 quae
2785 4501 2930 4554 illam
2970 4501 3096 4555 vita:
3128 4501 3531 4556 institutionem

1949 4600 2160 4655 imitata
2217 4605 2302 4651 est
2361 4610 2485 4664 qua:
2553 4593 2738 4663 agitur
2786 4591 2840 4645 in
2891 4590 3094 4646 cmlis:
3159 4591 3532 4649 describimus

1950 4697 2132 4746 autem
2159 4701 2266 4742 non
2300 4686 2507 4757 figuras
2541 4698 2838 4754 corporum
2868 4723 2882 4748 ,
2913 4698 3096 4754 neque
3126 4682 3240 4738 haec
3267 4699 3530 4753 expressa

1951 4782 2022 4838 iis
2052 4779 2396 4836 ostendimus
2428 4779 2523 4848 qui
2580 4776 2836 4831 nesciunt
2869 4795 2883 4831 :
2938 4775 3035 4832 sed
3070 4775 3277 4831 formas
3331 4776 3528 4830 invisi-

1951 4873 2142 4929 bilium
2175 4873 2488 4928 animarum
2525 4871 2948 4936 adumbramus,
2981 4879 3034 4925 et
3066 4869 3206 4924 bella
3233 4883 3354 4938 qua:
3378 4867 3530 4922 cerni

1952 4980 2061 5020 non
2101 4972 2370 5034 possunt,
2409 4965 2620 5034 1102
2651 4961 3051 5032 conflictusque
3081 4963 3174 5032 qui
3207 4976 3315 5015 non
3365 4974 3531 5029 appa-

1954 5066 2104 5122 rent,
2144 5057 2509 5111 ostendimus.
2540 5055 2655 5109 Tali
2692 5054 2837 5110 enim
2865 5070 2960 5110 eos
2993 5064 3273 5108 armatura
3311 5053 3529 5108 illorum

1953 5149 2240 5218 phalangis
2278 5148 2388 5202 dux
2428 5157 2482 5202 et
2518 5149 2776 5218 princeps
2811 5146 3017 5200 Paulus
3066 5145 3245 5200 induit
3287 5146 3529 5202 dicens:

1960 5259 1978 5292 ι
2019 5241 2265 5310 Accipite
2297 5249 2634 5294 armaturam
2673 5241 2766 5294 Dei
2797 5281 2815 5306 ,
2852 5247 2908 5292 ιιι
2934 5240 3162 5309 possitis
3189 5240 3446 5295 resistere
3474 5240 3531 5295 in

1955 5331 2042 5386 die
2069 5334 2213 5386 malo
2233 5374 2248 5400 ,
2279 5339 2333 5387 et
2368 5331 2625 5386 omnibus
2649 5331 2920 5386 confectis
2946 5339 3116 5385 stare.
3164 5349 3182 5381 ι
3213 5331 3271 5384 Et
3300 5347 3528 5386 rursus:

1963 5441 1980 5473 ι
2022 5421 2178 5477 State
2235 5423 2504 5476 succincti
2539 5423 2758 5477 lumbos
2793 5431 3008 5476 vestros
3049 5423 3314 5487 veritate,
3351 5432 3405 5476 et
3445 5424 3531 5478 in-

1957 5513 2072 5568 duti
2102 5515 2326 5569 loricam
2361 5515 2593 5584 justitiaa
2619 5556 2633 5579 ,
2667 5519 2721 5569 et
2766 5513 2998 5568 calceati
3041 5514 3206 5584 pedes
3233 5515 3286 5568 in
3324 5530 3535 5586 praepa-

1959 5605 2176 5660 ratione
2233 5603 2517 5675 Evangelii
2577 5605 2762 5676 pacis,
2826 5605 2878 5659 in
2937 5605 3198 5660 omnibus
3250 5614 3538 5680 sumentes

1960 5697 2188 5752 seutum'
2215 5694 2376 5766 fidei,
2411 5699 2465 5754 in
2514 5713 2624 5768 quo
2658 5698 2914 5770 poteritis
2939 5697 3124 5754 omnia
3158 5697 3266 5752 tela
3303 5695 3560 5768 maiig‘u’:
