3974 6212
512 275 643 340 1287

512 387 682 457 ignita
727 385 1082 454 exstinguere

509 491 565 537 et
594 478 834 549 gladium
870 476 1133 546 spiritus,
1170 475 1317 546 quod
1353 480 1438 528 cst
1465 473 1692 528 verbum
1727 471 1819 526 Dei
1849 485 1898 526 ι.
1925 489 1943 521 ι
1981 469 2094 525 Hac

511 573 636 627 illos
675 578 956 623 armatura
1001 584 1126 621 cum
1160 566 1469 629 induisset,
1516 566 1776 636 produxit
1807 564 1872 618 ad
1913 578 2094 616 certa-

513 662 684 714 mina.
722 659 874 712 Talis
901 658 1046 712 enim
1082 665 1166 712 est
1209 657 1448 710 hostium
1485 671 1712 726 quoque
1751 662 1944 708 natura
1967 693 1981 717 ,
2012 654 2066 706 in

513 765 773 822 corporea
795 791 810 816 ,
843 749 1138 804 invisibilis
1159 790 1175 814 ,
1221 750 1462 803 obscure
1512 747 1782 802 invadens
1809 788 1822 812 ,
1864 748 2091 799 clancu-

513 845 624 900 lum
659 843 934 898 insidians
961 883 975 906 ,
1021 848 1249 911 repente
1283 855 1346 894 ac
1380 849 1580 910 praeter
1621 838 2092 908 exspectationem

513 936 752 989 irruens.
791 932 945 998 Quod
973 931 1154 1001 ipsum
1198 931 1360 985 etiam
1403 931 1512 984 dux
1541 930 1681 983 idem
1713 929 1919 983 docens
1946 928 2095 981 dice-

514 1026 609 1080 bat
647 1043 658 1078 :
703 1043 722 1075 ι
766 1022 883 1076 Νοη
913 1031 996 1076 est
1029 1021 1186 1076 nobis
1226 1021 1543 1074 colluctatio
1581 1020 1845 1073 adversus
1871 1033 2092 1073 carnem

513 1127 568 1172 et
602 1117 924 1186 sanguinem
947 1155 961 1177 ,
1010 1113 1105 1168 sed
1145 1114 1414 1167 adversus
1460 1110 1744 1182 principes
1775 1152 1790 1174 ,
1828 1110 2095 1165 adversus

515 1215 848 1276 potestates,
886 1206 1155 1260 adversus
1209 1204 1400 1257 mumli
1447 1211 1696 1258 rectores
1742 1204 2094 1258 tenebrarum

516 1298 681 1365 hujus
756 1297 982 1358 saeculi,
1059 1295 1329 1350 adversus
1390 1295 1662 1364 spiritalia
1725 1295 1986 1365 nequitia:
2040 1295 2094 1348 in

516 1390 832 1444 caelestibus
863 1388 914 1442 ι).
948 1408 965 1441 ι
1367 1440 1381 1450 ,

585 1478 872 1532 'Attanicn
898 1493 1022 1532 cum
1049 1479 1186 1532 tales
1209 1477 1399 1532 hostes
1429 1477 1658 1531 haberet
1702 1476 1932 1531 istorum
1964 1491 2096 1532 cou-

515 1568 792 1638 gregatio,
827 1577 922 1621 aut
955 1569 1338 1636 unusquisque
1393 1567 1578 1636 potius
1623 1583 1812 1622 eorum
1860 1583 1889 1622 a
1932 1576 2013 1621 tot
2042 1575 2096 1620 et

516 1659 685 1713 tantis
746 1657 996 1712 hostibus
1046 1658 1362 1727 cingeretur
1409 1675 1421 1711 :
1482 1672 1662 1728 neque
1706 1661 1850 1713 enim
1903 1674 2096 1714 omnes

1500 259 1990 326 THEODORETI
2013 261 2353 324 EPIbCOPI
2392 265 2757 328 CYRENSIS

1137 401 1152 438 :
1195 389 1248 436 et
1289 381 1500 452 galeam
1552 380 1750 436 salutis
1783 379 2086 438 assumite.

2207 380 2498 448 ιεφαλαίαν
2525 382 2618 436 τοῦ
2651 383 2921 455 σωτηρίου
2953 382 3230 449 δέξασθαι,
3260 383 3356 437 καὶ
3384 382 3482 454 τὴν
3508 397 3798 453 μάχαιραν

3650 267 3792 331 12ἳῇ

2201 472 2296 525 τοῦ
2331 478 2663 544 πνεύματος,
2695 476 2723 528 ὃ
2746 477 2870 529 ’ἐστι
2924 477 3073 547 ῥῆμα
3103 475 3261 531 Θεοῦ.
3297 495 3314 530 ι
3343 476 3563 546 Ταίτην
3584 478 3798 538 αὐτοὺς

2199 565 2299 635 τὴν
2322 567 2627 620 πανοπλίαν
2661 568 2888 632 ἐνδύσας
2924 571 3004 632 εἰς
3053 569 3180 632 τοὺς
3229 569 3446 638 ἀγῶνας
3491 571 3796 639 εἰσήγαγε.

2201 655 2437 726 Τοιαύτη
2465 656 2575 728 γὰρ
2605 659 2699 711 καὶ
2728 658 2839 711 τῶν
2888 658 3162 728 πολεμίων
3193 660 3226 728 ἡ
3255 659 3434 729 φύσις,
3460 660 3799 728 ἀσώματος,

2201 745 2457 816 ἀόρατος,
2491 748 2712 818 ἀφανῶς
2766 749 3016 818 ἐπιοῦσα,
3057 749 3298 820 κρύϐδην
3328 750 3804 813 ἐπιϐουλεύουσα,

2201 837 2414 907 λοχῶσα
2465 841 2560 892 καὶ
2609 841 2941 907 ἐξαπιναίως
2989 841 3423 914 προσϐάλλουσα.
3459 843 3574 896 Καὶ
3628 843 3808 895 τοῦτο

2201 928 2470 983 διδάσκων
2525 932 2687 996 αὐτὸς
2728 929 2885 996 οὗτος
2932 935 2960 985 ὁ
3001 935 3305 1005 στρατηγὸς
3348 935 3531 1003 ἔλεγεν
3559 950 3574 963 ·
3617 955 3636 985 ι
3677 935 3812 986 Οὐκ

2204 1021 2354 1076 ἔστιν
2375 1025 2512 1093 ἡμῖν
2533 1027 2566 1094 ἡ
2591 1025 2735 1096 πάλη
2771 1026 2910 1096 πρὸς
2945 1022 3084 1096 αἷμα
3119 1027 3214 1080 καὶ
3246 1027 3445 1098 σάρκα,
3479 1027 3620 1081 ἀλλά
3649 1026 3810 1097 πρὸς

2203 1115 2301 1178 τὰς
2335 1116 2529 1187 ἀρχάς,
2549 1117 2686 1190 πρὸς
2717 1119 2816 1180 τὰς
2840 1119 3108 1184 ἐξουσίας,
3148 1121 3284 1192 πρὸς
3315 1123 3438 1185 τοὺς
3470 1124 3812 1193 κοσμοκρά-

2202 1224 2367 1277 τορας
2418 1207 2511 1261 τοῦ
2563 1209 2790 1272 σκότους
2847 1209 2940 1263 τοῦ
3005 1211 3197 1274 αἰῶνος
3264 1211 3496 1273 τούτου,
3529 1214 3674 1283 πρὸς
3738 1214 3806 1265 τὰ

2204 1297 2552 1365 πνευματικά
2583 1298 2680 1368 τῆς
2705 1301 2968 1372 πονηρίας
2997 1301 3055 1353 ἐν
3083 1304 3194 1366 τοῖς
3223 1303 3590 1372 ἐπουρανίοις.
3620 1325 3638 1356 ι

2287 1477 2430 1530 Ἀλλ’
2459 1478 2608 1547 ὅμως
2650 1469 2744 1530 καὶ
2769 1478 3042 1542 τοιούτους
3071 1479 3269 1548 ἔχουσα
3299 1480 3427 1542 τοὺς
3457 1480 3805 1541 ἀντιπάλους

2204 1567 2379 1635 ἡτῶν
2409 1569 2582 1635 ἁγίων
2627 1568 2833 1620 τούτων
2883 1569 3182 1639 συμμορία,
3217 1569 3418 1638 μᾶλλον
3470 1570 3525 1622 δέ
3581 1570 3806 1622 τούτων

2204 1659 2434 1721 ἕκαστος
2477 1659 2582 1712 ὑπὸ
2623 1660 2894 1712 τοσούτων
2931 1661 3026 1714 καὶ
3068 1661 3325 1714 τοιούτων
3365 1663 3650 1731 πολεμίων
3705 1681 3804 1716 κύ.

515 1749 679 1803 simul
740 1748 1094 1812 invaserunt,
1160 1749 1254 1804 sed
1329 1750 1493 1803 modo
1554 1750 1691 1815 hos,
1754 1749 1917 1804 modo
1973 1752 2096 1806 illos

2207 1748 2528 1819 κλούμενος·
2559 1748 2684 1803 οὔτε
2714 1749 2821 1820 γὰρ
2855 1754 3006 1821 κοινῇ
3045 1754 3210 1804 πᾶσιν
3241 1752 3498 1822 ἐπῄεσαν,
3535 1753 3686 1806 ἀλλὰ
3710 1753 3809 1806 νῦν

514 1839 950 1895 adoriebantur:
983 1849 1093 1893 tam
1131 1840 1451 1911 praeclaram
1497 1842 1735 1896 retulere
1775 1843 2096 1908 victoriam,

515 1941 576 1986 ut
609 1931 853 2001 fugerint
901 1931 1246 1995 adversarii,
1284 1940 1337 1986 ct
1385 1933 1469 1986 his
1505 1931 1708 2001 fugatis
1758 1933 1977 1988 nemine
2007 1934 2102 1988 ob-

516 2031 696 2075 stante
744 2031 1015 2091 tropmum
1047 2025 1344 2076 erexerint.
1388 2023 1689 2077 ViCtoriam
1740 2035 1920 2079 autem
1968 2025 2103 2096 ipsis

516 2113 783 2180 prmbuit,
835 2129 942 2167 non
997 2121 1226 2176 natura,
1284 2129 1406 2183 qua:
1461 2124 1517 2168 et
1571 2116 1824 2171 mortalis
1870 2126 1987 2178 est,
2049 2125 2103 2171 et

520 2203 736 2273 1103
807 2202 1113 2259 innumeris
1175 2205 1332 2274 plcua
1401 2205 1943 2276 perturbationibus,
2005 2207 2100 2261 Sed

517 2311 677 2350 meus
707 2295 951 2349 divinam
985 2296 1223 2366 gratiam
1253 2297 1562 2352 attrallens.
1594 2297 1726 2351 Nam
1755 2315 1879 2352 cum
1907 2300 2104 2353 divinare

515 2388 948 2458 pulchritudinis
982 2388 1244 2442 ardentes
1267 2397 1457 2444 essent
1479 2399 1792 2456 amatores,
1823 2398 1877 2443 et
1910 2407 2007 2460 pro
2037 2407 2103 2445 eo

515 2494 678 2548 quem
711 2480 971 2534 amabant
994 2482 1180 2533 omnia
1217 2480 1470 2536 lubenter
1493 2489 1547 2536 et
1574 2496 1734 2552 agere
1765 2490 1819 2536 et
1845 2483 1959 2552 pati
1989 2491 2105 2537 sta-

517 2569 794 2635 tuissent,
832 2570 1316 2640 perturbationum
1357 2572 1596 2643 impetus
1653 2576 1875 2630 fortiter
1927 2577 2104 2631 susti-

517 2667 794 2726 nuerunt,
861 2663 1182 2734 diabolique
1251 2663 1484 2718 telorum
1550 2667 1818 2735 procellas
1878 2677 2103 2722 strenue

515 2755 864 2826 repulerunt,
895 2763 949 2811 et
983 2770 1232 2826 corpore,
1275 2767 1332 2811 ut
1363 2757 1661 2827 apostolice
1707 2759 1885 2814 dicam
1926 2771 1973 2826 ε,
2011 2775 2103 2815 ca-

517 2847 754 2917 stigato,
795 2856 960 2918 atque
993 2849 1046 2902 in
1082 2849 1484 2904 servitudinem
1521 2849 1766 2915 redacto,
1815 2852 1908 2906 ira:
1942 2853 2104 2906 ardo-

518 2953 636 2994 rem
674 2940 1034 3006 sedaverunt,
1071 2941 1556 3012 cupiditatumque
1590 2943 1796 2996 rabiem
1817 2945 2104 3010 quiescere

517 3041 820 3100 coegerunt
867 3048 881 3086 :
929 3031 1238 3102 jejunaudo
1293 3042 1477 3087 autem
1537 3040 1592 3088 et
1640 3035 1790 3088 humi
1847 3036 2101 3089 cubando

519 3123 716 3192 sopitis
772 3123 939 3177 animi
1006 3125 1286 3188 motibus,
1351 3125 1732 3195 repressisque
1767 3143 1955 3181 eorum
2028 3128 2103 3180 in-

519 3215 777 3278 sultibus,
821 3231 1024 3287 corpus
1072 3217 1372 3287 adegerunt
1427 3225 1487 3270 ut
1536 3218 1715 3274 fmdus
1760 3220 1924 3273 iniret
1979 3235 2103 3273 cum

520 3307 740 3371 anima,
819 3316 875 3362 et
940 3308 1166 3363 insitum
1235 3310 1336 3364 hoc
1408 3310 1612 3365 bellum
1681 3314 2030 3367 sustulerunt
2089 3333 2102 3369 :

523 3413 655 3468 pace
721 3409 903 3455 autem
965 3401 1111 3455 inter
1176 3401 1267 3456 illa
1325 3403 1406 3457 sic
1463 3405 1808 3472 composita,
1885 3420 2102 3460 onmem

522 3490 966 3548 adversariorum
1008 3503 1282 3547 catervam
1355 3494 1737 3564 profligarunt.
1787 3495 1924 3549 Cum
1959 3498 2104 3551 enim

520 3585 602 3640 eis
645 3585 901 3640 deessent
957 3585 1358 3654 cogitationes,
1439 3599 1560 3654 qua:
1622 3585 1835 3640 interna
1909 3593 2106 3658 prode-

521 3683 674 3738 rent,
718 3684 773 3729 et
829 3675 1198 3729 humanorum
1264 3675 1634 3730 membrorum
1694 3679 1897 3733 auxilio
1953 3697 2107 3736 care-

523 3775 677 3829 rent.
729 3766 935 3824 bellare
973 3782 1082 3820 non
1140 3774 1415 3836 poterant.
1452 3766 1599 3824 Tclis
1631 3785 1869 3842 namque
1916 3773 1971 3826 in
2004 3790 2106 3829 nos

523 3857 779 3910 diabolus
810 3858 1072 3911 membris
1113 3860 1326 3914 nostris
1363 3860 1556 3915 utitur.
1591 3861 1725 3918 Cum
1761 3880 1892 3936 ergo
1931 3881 2108 3936 neque

523 3949 910 4003 iuescareutur
967 3949 1138 4016 oculi,
1190 3968 1368 4022 neque
1419 3969 1581 4010 aures
1631 3955 2105 4024 demulcerentur,

528 4056 709 4111 neque
765 4050 949 4096 tactus
1004 4043 1354 4108 titillaretur,
1413 4063 1591 4117 neque
1646 4065 1802 4104 meus
1859 4051 2106 4120 improba

520 4129 839 4186 admitteret
893 4132 1164 4198 consilia,
1226 4134 1431 4191 frustra
1492 4137 1813 4193 laborabant
1868 4140 1962 4209 qui
2013 4156 2106 4209 pa-

522 4223 720 4278 rabant
763 4223 1015 4280 insidias.
1072 4224 1542 4291 Quemadmodum
1601 4230 1748 4284 enim
1803 4232 1992 4285 urbem
2050 4231 2106 4284 in

525 4316 638 4370 alto
669 4314 970 4380 conditam,
1003 4325 1057 4370 et
1086 4317 1285 4372 validis
1324 4321 1760 4390 propugnaculis
1795 4321 2104 4386 munitam,

2207 1840 2304 1910 μέν
2335 1840 2530 1910 τούτῳ,
2553 1839 2648 1892 νῦν
2679 1839 2725 1892 δ’
2770 1841 2965 1912 ἐκείνῳ
3018 1841 3385 1912 προσέϐαλλον
3411 1859 3428 1873 ·
3463 1841 3612 1896 οὕτω
3658 1843 3812 1911 11;;-

2204 1934 2347 2004 πράν
2389 1934 2718 2003 ἀνεδήσαντο
2772 1935 2968 2005 νίκην,
3000 1934 3075 1997 ὡς
3123 1935 3250 1996 τοὺς
3302 1934 3401 2004 μὲν
3456 1935 3808 2002 ἀντιπάλους

2202 2024 2569 2096 δραπετεῦσαι
2595 2065 2610 2088 ,
2639 2025 2830 2080 τούτου
2869 2026 2926 2079 δὲ
2983 2025 3124 2078 κατά
3179 2026 3381 2094 κράτος
3436 2025 3627 2090 διῶξαι
3659 2070 3674 2088 ,
3714 2032 3810 2080 καὶ

2203 2119 2466 2188 τρόπαιον
2513 2121 2722 2189 ἐγεῖραι
2755 2118 2981 2190 μηδενὸς
3011 2118 3262 2187 ἐμποδὼν
3294 2120 3610 2190 γενομένου.
3657 2123 3808 2191 U1;-

2204 2214 2314 2280 εἶχε
2345 2211 2402 2264 δὲ
2453 2212 2634 2274 αὐτοῖς
2675 2211 2774 2282 τὴν
2809 2211 2966 2282 νίκην
3022 2211 3120 2280 ούχ
3151 2213 3184 2282 ἠ
3239 2211 3401 2279 φύσις
3427 2250 3442 2272 ,
3471 2211 3652 2282 θνητὴ
3696 2215 3808 2281 γὰρ

2203 2299 2366 2371 αὕτη,
2401 2303 2494 2354 καὶ
2536 2302 2746 2372 μυρίων
2787 2301 2975 2354 παθῶν
3006 2301 3291 2364 ἀνάπλεως
3317 2317 3329 2329 ·
3370 2302 3486 2354 ἀλλ’
3521 2304 3554 2372 ἡ
3591 2302 3800 2371 γνώμη

2202 2390 2298 2462 τὴν
2336 2391 2485 2444 θείαν
2533 2393 2693 2462 χάριν
2739 2392 3097 2463 ἐφελκομένη.
3149 2392 3406 2463 Ἔρασταὶ
3431 2393 3542 2462 γάρ
3592 2393 3798 2464 θερμοὶ

2201 2482 2295 2536 τοῦ
2325 2481 2470 2534 θείου
2506 2481 2736 2545 κάλλους
2771 2482 3076 2551 γενόμενοι,
3105 2481 3200 2534 καὶ
3236 2481 3526 2543 ἀσπασίως
3571 2479 3798 2534 ἅπαντα

2202 2576 2397 2645 δράσαι
2448 2574 2542 2627 καὶ
2599 2573 2793 2628 παθεῖν
2848 2574 2987 2644 ὑπὲρ
3034 2574 3129 2626 τοῦ
3187 2573 3464 2646 ἐρωμένου
3515 2573 3792 2643 ἐλόμενος,

2203 2666 2443 2736 ἦνεγκαν
2473 2665 2572 2736 μὲν
2605 2664 2868 2733 γενναίως
2897 2664 2993 2734 τὴν
3025 2662 3134 2716 τῶν
3173 2662 3363 2716 παθῶν
3393 2665 3790 2728 ἐπανάστασιν,

2204 2757 2614 2829 ἀπεκρούσαντο
2648 2757 2704 2810 δὲ
2735 2753 3020 2826 καρτερῶς
3049 2753 3158 2807 τῶν
3185 2753 3277 2807 τοῦ
3319 2753 3568 2807 διαϐόλου
3622 2754 3790 2822 βελῶν

2202 2848 2301 2912 τάς
2329 2847 2577 2916 νιφάδας,
2609 2847 2702 2901 καὶ
2732 2845 3106 2907 ἀποστολικῶς
3134 2845 3332 2909 εἰπεῖν,
3358 2843 3420 2896 τὸ
3447 2843 3610 2915 σῶμα
3643 2845 3790 2896 ὑπω-

2212 2941 2506 3002 πιάσαντες
2559 2939 2654 2992 καὶ
2697 2937 3236 3008 δουλαγωγὴσαντες,
3273 2936 3373 2998 τάς
3423 2936 3523 3005 μὲν
3567 2935 3670 2987 τοῦ
3711 2936 3790 2988 0‘?-

2209 3032 2310 3100 μοῦ
2347 3030 2654 3100 φλεγμονὰς
2707 3028 3111 3100 κατεπρὰῦναν,
3155 3025 3262 3078 τῶν
3313 3023 3602 3094 ἐπιθυμῶν
3635 3023 3695 3077 δὲ
3733 3023 3788 3074 τὸ

2206 3121 2475 3184 λυσσῶδες
2512 3121 2740 3192 ἡσυχίαν
2787 3122 2941 3189 άγειν
2979 3119 3334 3189 ἠνάγκασαν·
3371 3115 3563 3188 ἀσιτίᾳ
3607 3117 3670 3170 δὲ
3701 3117 3784 3168 καὶ

2207 3213 2476 3286 χαμευνίᾳ
2513 3211 2654 3265 οὕτω
2688 3212 2758 3264 τὰ
2805 3213 2950 3283 πάθη
2992 3211 3342 3281 κοιμίσαντες
3368 3209 3458 3262 καὶ
3487 3209 3561 3261 τά
3586 3210 3780 3262 τούτων

2209 3309 2560 3378 σκιρτήματα
2612 3306 3089 3369 καταπαύσαντες,
3139 3303 3463 3356 σπείσασθαι
3518 3304 3578 3355 τὸ
3631 3302 3777 3368 σῶμα

2209 3397 2343 3466 πρὸς
2375 3397 2470 3466 τὴν
2505 3397 2682 3468 ψυχὴν
2720 3395 3147 3466 κατηνάγκασαν
3172 3411 3187 3426 ο
3217 3394 3311 3448 καὶ
3357 3394 3446 3446 τὸν
3482 3393 3583 3470 μὲν
3621 3392 3774 3462 ἐμτυ-

2206 3504 2297 3541 τον
2325 3487 2512 3541 τοῦτον
2546 3489 2844 3541 κατέλυσαν
2882 3487 3120 3557 πόλεμον
3147 3503 3158 3514 ·
3192 3485 3336 3538 οὓτω
3359 3485 3415 3538 δὲ
3444 3484 3668 3546 τούτοις
3697 3485 3780 3548 τὴν

2207 3583 2430 3653 είρήνην
2461 3581 2880 3654 βραϐεύσαντες,
2908 3580 3054 3634 ἅπαν
3084 3579 3192 3632 τῶν
3222 3580 3480 3631 ἐναντίων
3511 3577 3571 3629 τὸ
3609 3578 3781 3644 stic-3:

2210 3676 2498 3745 ἐξήλασαν.
2522 3674 2660 3736 Τοὺς
2695 3673 2802 3744 γὰρ
2824 3673 2892 3724 τά
2918 3671 3064 3726 ἔνδον
3098 3671 3456 3742 προϊεμένους
3494 3669 3782 3738 λογισμοὺς

2207 3769 2306 3820 οὐκ
2353 3765 2588 3835 ἔχοντες,
2641 3764 2863 3833 καὶτῆς
2903 3763 3010 3816 τῶν
3058 3760 3416 3831 ἀνθρωπίνων
3452 3760 3638 3828 μελῶν
3669 3777 3784 3810 συν-

2208 3857 2398 3928 εργίας
2436 3856 2811 3930 ἐστερημένοι,
2845 3855 3102 3924 πολεμεῖν
3134 3853 3236 3906 οὐκ
3278 3852 3560 3922 ἠδύναντο.
3603 3852 3781 3903 Βέλεςι

2208 3948 2322 4018 γὰρ
2375 3947 2496 4000 καθ’
2525 3946 2686 4018 ἡμῶν
2733 3948 2760 3999 ὁ
2794 3945 3038 4009 διάϐολος
3094 3947 3208 4008 τοῖς
3259 3944 3552 4014 ἡμετέροις
3603 3943 3784 4013 μέλεσι

2208 4041 2492 4112 κέχρηται.
2537 4038 2859 4109 Ὁφθαλμῶν
2885 4039 2994 4110 γὰρ
3047 4037 3122 4108 μὴ
3170 4036 3570 4105 δελεαζομένων
3598 4075 3613 4096 ,
3657 4033 3784 4104 μηδὲ

2209 4131 2388 4190 ἀκοῶν
2425 4129 2926 4198 καταθελγομένων,
2959 4128 3089 4198 μηδέ
3119 4125 3596 4197 γαργαλιζομὲνης
3625 4126 3784 4192 ἁφῆς.

2211 4221 2342 4292 μηδέ
2374 4219 2468 4272 τοῦ
2505 4218 2592 4272 νοῦ
2627 4219 2697 4271 τὰ
2726 4219 2937 4289 πονηρὲ
2970 4217 3259 4288 δεχομένου
3296 4213 3664 4285 βουλεύματα,
3688 4215 3788 4283 μά-

2208 4329 2358 4376 ταιος
2383 4314 2495 4375 τοῖς
2529 4311 2972 4364 ἐπιϐουλεύουσιν
3000 4305 3068 4380 ἧν
3099 4311 3131 4380 ἡ
3180 4307 3402 4377 σπουδή.
3433 4307 3655 4374 Ὥσπερ
3687 4305 3790 4371 γὰρ

523 4406 929 4478 profundisque
961 4405 1126 4463 fossis
1157 4409 1404 4478 undique
1431 4411 1867 4476 circumdatam,
1920 4412 2102 4467 nullus

2210 4407 2363 4460 πόλιν
2393 4406 2478 4475 ἐφ’
2515 4406 2680 4476 ὕψους
2709 4404 2956 4476 ᾠκοδομη
2967 4401 3154 4473 μένην,
3183 4402 3275 4454 καὶ
3303 4399 3616 4471 περιϐόλοις
3645 4401 3791 4468 ισχυ-

523 4501 701 4556 hostis
729 4501 973 4570 ceperit,
1003 4502 1049 4554 si
1076 4517 1142 4556 ex
1172 4503 1240 4556 iis
1267 4503 1360 4572 qui
1419 4503 1569 4557 intus
1624 4512 1754 4559 sunt
1791 4520 1952 4558 nemo
1980 4519 2107 4576 pro-

525 4591 619 4645 dat
643 4632 657 4655 ,
692 4599 747 4645 et
801 4599 993 4658 portas
1029 4591 1245 4661 aliquas
1285 4592 1537 4661 aperiat,
1582 4592 1657 4645 ita
1691 4593 1809 4647 fieri
1842 4608 1953 4648 non
2012 4610 2109 4662 po-

522 4688 632 4738 test
680 4689 740 4736 ut
777 4682 1054 4736 daemones
1076 4723 1091 4749 ,
1127 4683 1220 4752 qui
1256 4682 1456 4736 bellum
1490 4683 1840 4739 extrinsecus
1870 4695 2107 4755 gerunt,

524 4773 762 4828 animam
817 4780 1078 4842 superent
1131 4787 1160 4826 a
1212 4773 1403 4827 divina
1446 4775 1624 4842 gratia
1665 4775 2106 4842 circumdatam,

527 4864 637 4920 nisi
689 4863 1039 4934 c0gitationis
1095 4862 1330 4930 alicujus
1388 4863 1641 4918 socordia
1697 4879 1960 4919 sensuum
2015 4880 2108 4918 no-

523 4963 769 5011 strorum
804 4953 1042 5022 aliquam
1078 4951 1376 5008 fenestram
1416 4947 1734 5024 aperuerit,
1773 4963 1826 5010 et
1861 4971 1955 5025 per
1982 4971 2103 5010 eam

527 5046 816 5102 inimicum
847 5049 862 5064 ‘
898 5047 1042 5099 intro
1075 5044 1384 5098 admiserit.
1437 5044 1562 5100 llazc
1592 5061 1621 5100 a
1660 5046 1875 5118 1105
1921 5047 2106 5101 divina

527 5139 815 5210 Scriptura
839 5153 962 5192 cum
996 5147 1185 5206 aperte
1216 5135 1550 5190 didicissent
1580 5137 1616 5190 ii
1641 5152 1877 5206 quorum
1915 5137 2108 5192 laudes

525 5233 908 5296 celebramus,
964 5227 1248 5299 Deumque
1299 5244 1397 5300 per
1449 5229 1772 5300 prepbetam
1833 5228 2105 5283 dicentem

527 5321 891 5386 audivissent,
927 5338 946 5371 ι
988 5318 1251 5374 Ascendit
1279 5333 1428 5373 ors
1459 5333 1555 5389 per
1589 5317 1861 5373 fenestras
1881 5323 1932 5379 ά,
1957 5337 1978 5370 ι
2017 5318 2105 5373 di-

527 5411 677 5468 vinis
725 5413 971 5483 legibus,
1034 5419 1294 5481 tanquam
1349 5409 1628 5480 repagulis
1673 5409 2000 5478 quibusdam
2049 5416 2107 5464 ct

529 5503 815 5571 vectibus,
842 5519 1044 5562 sensus
1075 5503 1426 5559 occludentes
1446 5542 1462 5568 ,
1499 5501 1666 5558 menti
1689 5501 1875 5557 claves
1901 5513 2099 5557 eorum
2142 5485 2158 5500 ’

2215 4501 2327 4570 ροίς
2361 4496 2916 4570 περιτετειχισμένην,
2948 4496 3041 4549 καὶ
3087 4493 3326 4566 φάραγξι
3361 4491 3615 4563 βαθείαις
3661 4493 3792 4543 πάν-

2206 4591 2360 4645 τοθεν
2384 4588 2780 4660 κυκλουμένην,
2807 4589 2907 4642 οὐκ
2940 4588 3005 4641 ἄν
3037 4603 3116 4648 τις
3152 4586 3250 4657 ἐλῃ
3294 4583 3576 4652 πολέμιος,
3609 4585 3686 4652 μή
3723 4599 3794 4633 τις

2207 4700 2297 4746 νος
2325 4681 2434 4734 τῶν
2480 4681 2626 4734 ἔνδον
2676 4679 3033 4752 προϊεμένου,
3064 4678 3160 4731 καὶ
3221 4675 3448 4738 πυλίδας
3500 4675 3666 4736 τινὰς
3702 4675 3797 4724 ὐπ-

2210 4773 2550 4841 ανοίγοντος·
2580 4769 2756 4833 οὕτως
2800 4769 3058 4823 ἀδύνατον
3100 4770 3216 4830 τοῖς
3243 4764 3442 4832 ἔξωθεν
3489 4761 3794 4833 πολεμοῦσι

2207 4866 2423 4937 δαίμοσι
2450 4865 2546 4934 τὴς
2572 4863 2676 4916 ὑπὸ
2703 4862 2804 4932 τῆς
2824 4861 2974 4924 Θείας
2995 4859 3218 4931 χάριτος
3242 4855 3628 4926 κυκλουμένης
3648 4872 3793 4924 περι-

2209 4958 2464 5026 γενέσθαι
2492 4957 2690 5026 ψυχῆς,
2725 4957 2773 5008 εἰ
2809 4956 2884 5026 μή
2926 4971 3071 5016 τινος
3096 4949 3360 5020 λογισμοῦ
3385 4947 3651 5020 ῥᾳστώνη
3701 4966 3790 5000 πυ-

2205 5049 2328 5104 λίδα
2344 5049 2466 5102 τινα
2489 5048 2596 5102 τῶν
2618 5050 2674 5101 ἐν
2699 5050 2829 5119 ἡμῖν
2857 5043 3227 5115 αίσθητηρίων
3251 5042 3500 5106 ἀνοίξειε,
3538 5042 3644 5094 καὶ
3675 5041 3790 5091 ταύ-

2209 5161 2306 5212 της
2331 5143 2461 5196 εἴσω
2501 5141 2590 5196 τὸν
2644 5140 2903 5211 πολέμιον
2935 5138 3167 5204 δέξαιτο.
3211 5135 3396 5190 Ταῦτα
3449 5134 3650 5200 σαφῶς
3698 5133 3786 5184 ι)πὶ

2210 5235 2309 5304 τῆς
2357 5233 2507 5296 θείας
2541 5231 2962 5300 πεπαιδευμένοι
2993 5229 3217 5300 Γραφῆς
3245 5227 3293 5280 οἱ
3337 5227 3466 5297 παρ’
3499 5227 3672 5297 ἡμῶν
3713 5225 3788 5276 εὖ.

2215 5322 2580 5393 φημούμενοι,
2615 5321 2712 5375 καλ⁵
2754 5319 3088 5382 ἀκούσαντες
3114 5317 3208 5370 τοῦ
3249 5315 3382 5368 Θεοῦ
3411 5314 3500 5367 διὰ
3527 5316 3632 5368 τοῦ
3666 5328 3785 5382 προ-

2213 5414 2386 5484 φήτου
2418 5413 2686 5481 λέγοντος,
2722 5411 2799 5475 ὼς
2828 5430 2846 5463 ι
2895 5409 3088 5479 Ἀνέϐη
3124 5408 3351 5469 θάνατος
3385 5407 3476 5460 διὰ
3507 5408 3628 5460 τῶν
3657 5403 3780 5474 θυρί-

2210 5501 2336 5567 δων,
2376 5521 2394 5552 ι
2429 5495 2541 5555 οἷόν
2591 5519 2702 5555 τισι
2758 5499 2971 5572 μοχλοῖς
3002 5499 3096 5572 καὶ
3135 5496 3435 5568 κλείθροις,
3464 5498 3587 5560 τοῖς
3639 5496 3782 5552 θείοις

612 5683 853 5771 ὀΕριιεε,
884 5703 1172 5768 mis-l7.
1250 5703 1560 5758 habitus.
1639 5700 2070 5770 ειοοτιι,ὀ7.
2149 5702 2610 5763 dJerem.u.si.

3927 4115 3937 4350 ἓ

3929 4357 3935 4553 ι
