3974 6212
306 226 442 291 1289

1510 216 1913 284 REUGIOSA
1979 213 2360 285 ῘΙΪΞΤΟΙὶῘᾸ.

0 0 1866 65 —==—ﬁ———————

1971 0 2671 15 w
2704 0 2713 1 ί

3411 212 3546 283 ιεθο

302 344 486 415 νόμοις
510 340 576 394 τι
618 339 945 410 αἰσθητήρια
971 338 1303 402 κλείσαντες,
1327 336 1403 408 τῷ
1445 338 1521 407 νῷ
1543 339 1641 401 τὰς
1671 337 1866 391 τούτων

1978 336 2327 392 tradiderunt
2360 355 2373 389 :
2413 342 2467 388 et
2505 348 2679 403 neque
2713 333 2897 402 lingua
2937 345 3111 400 neque
3146 329 3288 385 labia
3332 333 3545 401 aperie-

302 433 639 504 ἐνεχείρισαν
704 429 851 494 κλεῖς
874 447 887 459 ·
943 432 1038 483 καὶ
1090 428 1213 483 οὕτε
1268 428 1487 498 γλῶσσα
1542 427 1665 482 οὕτε
1716 429 1869 499 χείλη

300 526 608 595 ἀνεῴγνυτο
656 522 749 577 τοῦ
799 521 891 575 νοῦ
944 522 1019 594 μὴ
1069 521 1415 584 κελεύοντος,
1448 520 1572 574 οὕτε
1622 520 1757 592 κόρη
1796 521 1871 590 μὴ

302 614 704 686 ἐπιτρεπομένη
761 612 1095 685 προκύπτειν
1121 612 1229 666 τῶν
1265 611 1549 682 βλεφάρων
1589 610 1832 681 ἠνείχετο
1853 624 1867 638 ’

300 708 438 778 ἀκοὴ
473 707 530 760 δὲ
564 706 850 777 βλεφάροις
882 704 914 775 ἢ
950 704 1183 776 χείλεσιν
1224 704 1569 773 ἀποτειχίσαι
1605 702 1680 772 μὴ
1714 701 1873 754 δυνα-

305 798 438 870 μένη
464 799 562 869 τὴν
585 798 809 861 εἴσοδον,
840 798 966 860 τοὺς
996 798 1255 868 ἀνοήτους
1298 795 1599 850 ἀπεωθεῖτο
1632 794 1740 847 τῶν
1784 793 1873 847 λό-

301 908 433 959 γων,
458 889 742 954 κάκείνους
792 889 1007 959 ἐδέχετο
1063 890 1276 960 μόνους,
1313 884 1394 951 οἷς
1422 890 1450 941 ό
1492 887 1613 949 νοῦς
1642 886 1871 956 ἐπετέρ-

303 1000 452 1037 πετο.
482 982 637 1036 οὕτω
691 981 790 1051 τὴν
837 982 1104 1052 ὄσφρησιν
1135 981 1462 1034 ἐπαίδευσαν
1504 980 1577 1049 μὴ
1604 978 1670 1032 τὰ
1695 977 1870 1049 εὐώδη

303 1074 506 1143 ποθεῖν,
531 1074 629 1128 ἆτε
660 1073 725 1144 δὴ
746 1072 988 1143 ’χαυνοῦν
1019 1074 1112 1125 καὶ
1164 1072 1331 1142 χαλᾷν
1375 1072 1675 1139 πεφυκότα.
1715 1070 1872 1123 Οὕτω

300 1166 397 1235 τῆς
429 1167 663 1235 γαστρὸς
695 1165 788 1217 τὸν
818 1164 978 1235 κόρον
1022 1163 1316 1231 ἐξήλασαν,
1341 1163 1433 1216 καὶ
1477 1162 1699 1215 τοιαῦτα
1729 1162 1869 1231 λαμ-

300 1256 486 1309 6ἀνειν
538 1255 805 1321 ἐδίδαξαν,
835 1251 921 1311 οἶα
950 1255 1047 1324 οὐχ
1087 1254 1302 1325 ἡδονὴν,
1326 1253 1464 1306 ἀλλὰ
1488 1253 1676 1324 χρείαν
1709 1252 1872 1323 ἐπλή-

303 1365 417 1420 ρε),
451 1349 547 1402 καὶ
587 1348 759 1401 ταῦτα
802 1346 1060 1412 τοσαῦτα,
1083 1347 1182 1401 ὅσα
1231 1344 1322 1399 τὸν
1357 1347 1422 1399 ἐκ
1449 1344 1607 1416 λιμοῦ
1641 1343 1871 1398 κωλύειν

301 1439 529 1508 ἠδύνατο
560 1439 807 1494 θάνατον.
841 1437 997 1491 Οὕτω
1043 1437 1142 1508 τὴν
1173 1438 1431 1505 γλυκεῖαν
1459 1437 1555 1490 τοῦ
1582 1436 1752 1491 ὕπνου
1778 1452 1872 1489 τυ-

302 1531 520 1601 ραννίδα
542 1529 863 1594 κατέλυσαν,
896 1530 990 1583 καὶ
1024 1528 1091 1582 τὰ
1125 1529 1371 1600 βλέφαρα
1415 1529 1511 1599 τῆς
1536 1528 1725 1582 τούτου
1751 1528 1870 1581 δου-

300 1622 446 1686 λείας
500 1620 984 1692 ἐλευθερώσαντες,
1018 1623 1241 1691 κρατεῖν
1288 1620 1409 1673 ἀντὶ
1445 1619 1542 1672 τοῦ
1598 1617 1869 1672 δουλεύειν

300 1712 645 1774 ἐπαίδευσαν,
697 1710 792 1764 καὶ
849 1709 1102 1780 δέχεσθαι
1156 1708 1257 1780 τὴν
1287 1710 1418 1780 παρ’
1453 1710 1618 1763 αὐτοῦ
1658 1710 1864 1780 χρείαν,

296 1802 395 1871 οὐχ
443 1803 571 1855 ὅταν
620 1798 781 1862 αὐτὸς
813 1798 974 1864 ἐπίοι,
1001 1799 1118 1853 ἀλλ’
1147 1800 1275 1854 ὅταν
1313 1800 1469 1853 αὐτοὶ
1501 1799 1740 1854 καλῶσιν
1787 1801 1868 1863 είς

298 1893 554 1963 βραχεῖαν
598 1889 915 1961 ἐπικουρίαν
958 1891 1057 1961 τῆς
1102 1891 1336 1960 φύσεως.
1381 1889 1537 1946 Οὕτω
1580 1891 1868 1959 τοιγαροῦν

296 1982 394 2052 τῆς
425 1981 532 2035 τῶν
561 1981 752 2052 τειχῶν
779 1980 871 2034 καὶ
897 1979 1003 2032 τῶν
1038 1980 1221 2034 πυλῶν
1275 1981 1658 2052 φροντίσαντες
1700 1980 1870 2049 φυλα-

297 2075 419 2145 κῆς,
449 2074 544 2127 καὶ
593 2075 703 2136 τοῖς
753 2072 898 2126 ἔνδον
945 2072 1224 2144 λογισμοῖς
1252 2075 1349 2144 τὴν
1379 2076 1630 2145 ὁμόνοιαν
1661 2090 1869 2145 πρυτα-

295 2167 602 2232 νεύσαντες,
632 2169 755 2231 τοὺς
786 2167 983 2232 ἔξωθεν
1009 2168 1258 2231 ἐπιόντας
1288 2166 1613 2230 ἀντιπάλους
1639 2165 1864 2234 ἐγέλων,

295 2257 591 2311 ἐπεισιέναι
619 2258 716 2327 μὲν
745 2257 835 2329 βία
856 2259 943 2312 διὰ
960 2258 1056 2329 τὴν
1072 2260 1169 2330 τῆς
1200 2259 1350 2323 θείας
1368 2258 1590 2329 χάριτος
1621 2259 1682 2312 οὐ
1703 2258 1866 2312 δυνα-

297 2349 492 2419 μένους
550 2350 872 2419 ἀσφάλειαν,
916 2352 1108 2405 οὐδένα
1135 2351 1193 2405 δὲ
1225 2350 1491 2423 προδότην
1520 2351 1868 2422 εὑρίσκοντες

293 2440 631 2510 εἰσδέχεσθαι
679 2442 805 2504 τοὺς
837 2442 1118 2513 δυσμενεῖς
1152 2440 1579 2512 προαιρούμενον
1600 2456 1614 2468 ·
1649 2441 1741 2494 καὶ
1768 2440 1866 2512 τὴν

293 2530 455 2598 φύσιν
482 2531 716 2603 ἀόρατον
744 2532 960 2602 ἔχοντες
984 2534 1034 2586 oi
1062 2530 1329 2601 πολέμιοι,
1366 2528 1618 2599 σώματος
1657 2531 1868 2602 ὁρωμέ-

291 2639 402 2684 νου,
434 2623 524 2675 καὶ
571 2626 694 2687 ταῖς
740 2620 847 2694 ’τῆς
901 2624 1116 2693 φύσεως
1167 2623 1431 2691 ἀνάγκαις
1478 2623 1864 2693 ὑποκειμένου,

291 2717 512 2784 κρατεῖν
552 2712 654 2769 οὐκ
689 2714 971 2785 ἠδύναντο.
1016 2715 1073 2769 Ὀ
1126 2716 1236 2786 γὰρ
1273 2718 1485 2787 ἡνίοχος
1513 2715 1726 2779 τούτου,
1770 2715 1866 2769 καὶ

293 2805 570 2874 μουσικὸς,
601 2806 695 2859 καὶ
725 2806 1088 2877 κυϐερνήτης,
1118 2807 1317 2878 ἄριστα
1366 2807 1464 2877 μὲν
1489 2807 1740 2878 κατέχων
1765 2807 1867 2870 τὰς

291 2892 446 2962 ἡνίας
470 2935 485 2958 ,
517 2895 576 2948 ἐν
630 2894 780 2960 τάξει
833 2895 1097 2967 φέρεσθαι
1140 2899 1271 2960 τοὺς,
1310 2897 1513 2959 ἵππους
1566 2898 1860 2951 ἀνέπεισε·

293 2982 483 3053 ῥυθμῷ
513 2985 571 3038 δὲ
602 2985 702 3048 τὰς
736 2986 845 3040 τῶν
870 2986 1179 3057 αἰσθήσεων
1211 2987 1411 3059 χορδὰς
1455 2988 1554 3058 τὴν
1584 2987 1867 3059 παναρμό⁴

290 3089 402 3126 νιον
429 3075 568 3145 ἠχὴν
603 3075 884 3130 ἀποτελεῖν
928 3077 1337 3146 παρεσκεύασεν
1358 3091 1372 3105 ’
1405 3078 1781 3147 ἐπιστημόνως
1809 3077 1866 3130 δὲ

291 3167 458 3220 κινῶν
477 3167 544 3220 τὰ
576 3167 832 3237 πηδάλια,
862 3165 957 3221 καὶ
986 3168 1094 3222 τῶν
1122 3169 1383 3239 κυμάτων
1409 3170 1509 3238 τὴν
1535 3168 1863 3241 προσϐολὴν,

291 3258 385 3313 καὶ
410 3258 509 3330 τὴν
536 3258 644 3313 τῶν
671 3259 996 3330 πνευμάτων
1019 3260 1260 3314 διέλυσεν
1290 3259 1548 3331 ἐμϐολήν.

360 3350 592 3414 Τούτους
635 3350 815 3405 τοίνυν
836 3352 963 3414 τοὺς
1006 3350 1094 3405 διὰ
1143 3352 1320 3406 πόνων
1372 3352 1582 3423 μυρίων
1632 3352 1722 3406 τὸν
1757 3351 1868 3423 βίον

288 3439 630 3504 όδεύσαντας,
684 3440 872 3513 ἱδρῶσι
911 3441 969 3495 δὲ
1016 3443 1110 3495 καὶ
1152 3441 1550 3512 ταλαιπωρίαις
1590 3444 1652 3495 τὸ
1706 3442 1868 3512 σῶμα

288 3530 658 3602 δαμάσαντας,
687 3532 780 3585 καὶ
811 3533 1048 3600 γέλωτος
1077 3532 1176 3604 μὲν
1196 3532 1256 3586 τὸ
1285 3532 1457 3597 πάθος
1474 3534 1864 3603 ἀγνοήσαντας,

290 3622 349 3675 ἐν
373 3621 707 3691 κλαυθμῷδὲ
738 3623 834 3675 καὶ⁸
867 3623 1129 3695 δάκρυσιν
1170 3624 1390 3679 ἅπαντα
1424 3624 1515 3677 τὸν
1555 3623 1669 3693 βίον
1692 3624 1866 3679 δαπα-

291 3712 576 3782 νήσαντας⁸
638 3713 731 3766 καὶ
774 3713 984 3785 τρυφὴν
1032 3714 1130 3785 μὲν
1178 3716 1543 3787 Συϐαριτικὴν
1590 3717 1693 3786 τὴν
1738 3717 1859 3769 ἀσι-

289 3802 409 3857 τίαν
459 3803 805 3876 νομίσαντας,
866 3803 1032 3860 ὕπνον
1077 3806 1135 3859 se
1185 3806 1401 3876 ἥδιστον
1459 3807 1559 3878 τὴν
1614 3806 1866 3859 ἐπίπονον

287 3898 613 3967 ἀγρυπνίαν,
649 3898 939 3970 στρωμνὴν
978 3898 1035 3953 δὲ
1083 3897 1331 3970 μαλακὴν
1371 3898 1468 3971 τὴν
1512 3897 1606 3952 τοῦ
1639 3898 1867 3967 ἐδάφους

286 3990 625 4056 ἀντιτυπίαν,
671 3992 865 4062 ἡδονὴν
894 3991 1133 4064 ἄμετρόν
1166 4009 1227 4046 τε
1272 3992 1368 4046 καὶ
1402 3992 1720 4057 ἄπλειστον,
1744 3994 1753 4008 ”
1774 3990 1867 4061 τὴν

287 4077 346 4131 ἐν
368 4084 490 4142 ταῖς
521 4086 856 4152 προσευχαῖς
891 4084 986 4137 καὶ
1020 4083 1365 4152 ψαλμῳδίαις
1391 4082 1700 4151 διατριϐήν
1741 4081 1866 4134 τού-

286 4183 413 4232 τους
452 4170 578 4232 τους
623 4172 729 4225 πᾶν
781 4167 920 4235 εἶδος
969 4174 1172 4242 ἀρετῆς
1218 4172 1599 4239 συνειληχότας
1649 4172 1731 4233 τίς
1767 4170 1867 4223 οὐκ

289 4258 357 4312 ἂν
412 4261 639 4323 εἰκότως
704 4262 1043 4330 θαυμάσειε;
1103 4262 1303 4331 μᾶλλον
1355 4262 1412 4315 δὲ
1464 4261 1548 4324 τίς
1603 4264 1672 4317 ἂν
1730 4262 1865 4333 πρὸς

1976 429 2194 491 bantur,
2246 430 2351 484 nisi
2403 444 2556 484 mens
2602 427 2964 495 imperasset,
3008 440 3109 480 nec
3151 424 3371 495 pupilla:
3414 439 3543 494 per-

1973 520 2291 573 mittebatur
2323 526 2382 574 ut
2417 534 2478 573 se
2502 527 2655 573 extra
2679 517 2969 587 palpebras
3000 514 3307 585 porrigeret
3340 531 3355 568 :
3385 513 3545 568 audi-

1975 620 2062 665 tus
2112 618 2329 674 autem,
2373 609 2649 679 palpebris
2695 616 2752 663 et
2790 607 2953 662 labiis
2988 606 3199 660 aditum
3241 606 3539 661 obstruere

1973 720 2082 758 non
2142 705 2359 767 valens,
2422 704 2620 759 stultas
2670 703 2965 773 repellebat
3020 701 3333 765 orationes,
3389 700 3542 755 illas:-

1972 808 2080 863 que
2112 793 2259 848 solas
2297 792 2639 855 admittebat,
2691 793 2890 861 quibus
2937 806 3092 847 mens
3141 791 3539 847 delectabatur.

1974 885 2065 941 Sic
2116 885 2405 942 odoratum
2461 886 2768 941 docuerunt
2822 898 2990 940 suave
3047 885 3252 939 olentia
3294 899 3409 939 non
3440 885 3542 938 dc-

1972 977 2259 1043 siderare,
2323 986 2382 1032 ut
2437 990 2559 1048 qua:
2610 985 2806 1031 natura
2861 990 2961 1031 sua
3021 976 3274 1031 molliant
3345 985 3401 1031 et
3455 990 3543 1029 re-

1972 1070 2178 1125 laxent.
2237 1067 2329 1125 Sic
2375 1071 2589 1125 ventris
2643 1070 2953 1137 rejecerunt
3000 1068 3348 1133 satietatem,
3392 1077 3448 1121 et
3477 1080 3569 1122 ea-

1972 1175 2189 1216 sumcre
2222 1161 2567 1227 docuerunt,
2603 1176 2715 1215 non
2761 1175 2885 1230 qua:
2935 1159 3241 1228 voluptati,
3280 1159 3374 1212 sed
3420 1174 3543 1229 quae

1972 1252 2095 1307 usui
2126 1251 2342 1318 forent,
2400 1268 2579 1322 eaque
2629 1267 2889 1307 mensura
2945 1265 3068 1321 qua:
3103 1250 3243 1305 satis
3288 1259 3436 1304 esset
3474 1264 3544 1304 ne

1973 1343 2116 1398 fame
2170 1355 2525 1400 necarentur.
2562 1342 2654 1400 Sic
2703 1344 2882 1400 somni
2919 1343 3139 1398 dulcem
3192 1342 3539 1413 tyrannidem

1970 1444 2322 1501 everterunt,
2374 1438 2776 1507 palpebrasque
2813 1436 2884 1491 ab
2924 1435 3047 1505 ejus
3091 1436 3357 1490 servitute
3406 1435 3543 1489 libe-

1970 1536 2159 1584 rantes
2179 1571 2195 1596 ,
2225 1544 2333 1583 non
2364 1529 2475 1597 jam
2501 1529 2709 1585 servire
2734 1569 2749 1594 ,
2788 1527 2881 1584 sed
2911 1527 3183 1583 dominari
3210 1527 3538 1593 docuerunt,

1971 1630 2032 1677 ut
2060 1623 2180 1692 ejus
2217 1636 2377 1676 usum
2428 1621 2814 1685 admitterent,
2866 1634 2976 1675 non
3032 1632 3156 1675 cum
3212 1619 3538 1685 invaderet,

1969 1712 2062 1767 sed
2104 1727 2229 1769 cum
2280 1713 2432 1767 illum
2493 1713 2595 1783 ipsi
2660 1712 2731 1767 ad
2778 1712 2946 1767 breve
2998 1719 3212 1766 natura:
3272 1712 3540 1767 auxilium

1969 1811 2338 1858 accerserent.
2397 1801 2585 1872 Itaque
2618 1818 2742 1856 cum
2796 1816 3082 1857 murorum
3143 1807 3541 1872 portarumque

1969 1894 2234 1950 custodia:
2267 1910 2388 1950 eam
2423 1910 2611 1950 curam
2645 1902 2938 1967 gererent,
2972 1903 3028 1950 et
3057 1896 3303 1952 internas
3330 1895 3540 1966 cogita-

1969 1986 2151 2041 tiones
2183 1986 2491 2042 concordes
2531 1985 2827 2052 fecissent,
2877 1986 3226 2043 adversarios
3265 1987 3540 2043 extrinse-

1968 2090 2069 2131 cus
2102 2076 2426 2133 invadentes
2457 2077 2766 2133 irridebant
2789 2116 2804 2142 ,
2842 2078 2935 2147 qui
2963 2079 3015 2133 vi
3064 2079 3287 2149 quidem
3332 2079 3540 2132 intrare

1967 2173 2192 2236 propter
2235 2165 2435 2221 divinae
2485 2168 2679 2237 gratia:
2728 2166 3048 2237 praesidium
3096 2184 3206 2225 non
3248 2179 3537 2240 poterant;

1968 2257 2180 2312 nullum
2223 2265 2411 2312 autem
2457 2259 2813 2314 inveniebant
2862 2259 3240 2329 proditorem,
3291 2262 3386 2331 qui
3433 2260 3540 2313 ini-

1966 2350 2141 2405 micos
2172 2350 2333 2404 vellet
2367 2350 2658 2406 admittere
2688 2370 2702 2405 :
2738 2358 2794 2406 et
2830 2365 2955 2406 cum
2987 2353 3174 2408 hostes
3220 2359 3408 2408 essent
3439 2367 3541 2405 na-

1968 2448 2091 2496 tura
2127 2440 2435 2497 invisibiles
2455 2481 2468 2505 ,
2499 2456 2705 2510 corpus
2735 2450 2950 2507 tamen,
2979 2442 3126 2512 quod
3159 2443 3337 2497 oculis
3359 2444 3539 2496 cernia

1968 2540 2060 2586 tur
2113 2539 2173 2584 et.
2202 2540 2421 2586 natura:
2459 2532 2890 2587 necessitatibus
2929 2533 3228 2588 obnoxium
3268 2541 3351 2588 est
3376 2574 3391 2598 ,
3419 2532 3539 2587 vin-

1967 2636 2229 2679 cere'non
2264 2630 2584 2693 potuerunt.
2620 2622 2797 2693 Hujus
2827 2624 3032 2695 quippe
3070 2625 3298 2695 auriga,
3331 2630 3385 2679 et
3420 2639 3538 2678 mus

1967 2715 2119 2772 sicus
2144 2755 2159 2779 ,
2202 2722 2259 2771 et
2296 2715 2655 2785 gubernator,
2694 2724 2749 2771 et
2778 2715 2984 2786 optime
3027 2716 3271 2771 habenas
3306 2722 3535 2778 tenens.

1971 2804 2183 2876 1105
2209 2805 2368 2875 equis
2415 2805 2695 2876 persuasit
2743 2813 2804 2859 ut
2856 2812 3007 2861 recte
3036 2803 3399 2875 procederent
3432 2822 3447 2859 :
3482 2814 3539 2857 rt

1966 2910 2261 2952 numerose
2310 2898 2547 2953 chordas
2597 2897 2825 2967 putsans
2884 2911 3182 2960 sensuum,
3224 2894 3427 2977 ‘eﬂ'ecit
3477 2904 3539 2950 ut

1969 3000 2167 3041 sonum
2214 2987 2365 3041 omni
2413 3002 2480 3042 ex
2534 2993 2695 3057 parte
2727 2986 3060 3042 concinnum
3094 2984 3389 3042 redderent
3435 2996 3540 3042 :et

1970 3078 2212 3134 scienter
2258 3078 2479 3132 clavum
2531 3091 2787 3145 movens,
2841 3078 3108 3133 ﬂuctuum
3161 3077 3432 3149 procellas
3484 3087 3541 3134 et

1968 3176 2260 3224 ventorum
2288 3169 2528 3239 impetus
2559 3168 2745 3242 fregit.

2041 3347 2152 3405 llos
2185 3350 2372 3419 igitur,
2397 3349 2491 3420 qui
2516 3364 2612 3418 per
2643 3351 2964 3406 innumeros
2994 3351 3213 3408 labores
3253 3352 3376 3408 vita:
3416 3352 3538 3408 iter

1970 3440 2204 3511 ingressi
2241 3449 2392 3505 sunt,
2447 3441 2859 3512 sudoribusque
2888 3450 2943 3496 et
2988 3442 3376 3500 amictionilms
3414 3459 3539 3499 cori

1972 3546 2076 3600 pus
2124 3529 2514 3596 edomuerunt,
2567 3546 2631 3585 ac
2680 3532 2827 3586 risus
2881 3532 3103 3601 quidem
3142 3531 3489 3589 an‘ectionem
3518 3544 3539 3565 '

1970 3623 2319 3692 ignorarunt.
2368 3623 2421 3676 in
2463 3623 2613 3677 luctu
2661 3631 2847 3678 autem
2900 3630 2954 3677 et
3014 3624 3272 3695 lacrymis
3320 3638 3536 3680 omnem

1967 3714 2137 3767 vitam
2188 3727 2693 3783 consumpserunt;
2756 3715 2848 3785 qui
2919 3714 3147 3771 delicias
3197 3714 3538 3786 Sybariticas

1963 3803 2236 3875 jejunium
2270 3805 2684 3868 existimarunt,
2719 3817 2972 3860 somnum
3028 3813 3211 3860 autem
3268 3805 3540 3863 suavissi~

1970 3914 2117 3953 mum
2138 3898 2446 3953 laboriosas
2475 3897 2712 3969 vigilias,
2743 3894 2907 3954 molle
2935 3897 3241 3969 stragulum
3279 3898 3539 3955 duritiem

1969 3990 2111 4053 soli,
2167 3990 2492 4044 immensam
2537 3998 2591 4043 et
2636 3988 3076 4058 inexplicabilem
3108 3991 3445 4061 voluptatem
3480 3991 3540 4044 in

1970 4076 2317 4133 orationibus
2344 4079 2804 4149 Psalmorumque
2848 4081 3106 4135 cantibus
3131 4082 3341 4136 versari
3366 4098 3380 4134 :
3402 4080 3551 4142 hos,

1970 4172 2217 4240 inquam,
2248 4170 2340 4239 qui
2377 4184 2540 4224 omne
2583 4185 2755 4238 genus
2806 4169 3025 4224 virtutis
3079 4168 3350 4238 complexi
3386 4178 3538 4236 sunt,

1972 4263 2099 4333 quis
2129 4276 2234 4317 non
2272 4261 2399 4329 jure
2426 4260 2748 4325 admiretur,
2776 4262 2861 4312 vel
2897 4260 3080 4328 potius
3128 4260 3254 4328 quis
3302 4272 3402 4331 pro
3456 4262 3541 4317 di-

287 4350 445 4417 ἀξίαν
508 4353 909 4423 εὐφημήσειενς
965 4348 1098 4405 Οἶδα
1144 4354 1242 4422 μὲν
1290 4349 1383 4407 οὖν
1435 4353 1589 4421 κάγὼ
1644 4354 1864 4423 σαφῶς,

1971 4353 2180 4424 gnitate
2210 4348 2529 4405 cnllaudet?
2555 4347 2705 4404 Satis
2733 4344 2989 4417 equidem
3022 4344 3293 4418 intelligo,
3328 4348 3537 4404 nullam

289 4443 366 4506 ὼς
393 4443 495 4511 τῆς
542 4445 746 4497 τούτων
779 4444 979 4516 ἀρετῆς
1035 4442 1207 4508 οὐδεὶς
1263 4446 1330 4499 ἂν
1390 4447 1631 4513 ἐφίκοιτο
1688 4445 1864 4515 λόγος·

290 4535 638 4605 ἐγχειρητέον
662 4534 705 4588 δ’
735 4535 903 4604 ὅμως.
948 4537 1024 4590 Οὐ
1054 4535 1162 4607 γὰρ
1199 4538 1266 4591 ἂν
1307 4537 1486 4601 καλῶς
1527 4537 1662 4609 ἔχοι,
1694 4542 1741 4592 εί
1786 4539 1867 4592 ὅτι

289 4625 483 4688 τελέως
512 4625 703 4697 ἄνδρες
729 4626 978 4695 ἐγένοντο
1003 4627 1325 4699 φιλοσοφίας
1344 4630 1445 4699 τῆς
1473 4629 1706 4701 ἀληθοῦς
1733 4633 1863 4700 ἐρα-

290 4718 435 4780 σταὶ,
460 4717 550 4771 διὰ
577 4718 753 4776 τοῦτο,
775 4718 910 4787 μηδὲ
945 4718 1173 4788 μειόνων
1204 4719 1416 4791 τύχοιεν
1444 4719 1696 4775 ἐπαίνων.
1722 4718 1865 4791 Γρά-

285 4804 459 4873 ψομεν
487 4805 544 4859 δέ
571 4806 669 4878 τὴν
687 4807 964 4877 εὐφημίαν
983 4808 1044 4861 οὕ
1078 4811 1232 4880 κοινῇ
1266 4810 1399 4862 πᾶσι
1439 4810 1587 4880 μίαν·
1631 4811 1862 4878 διάφορα

287 4894 397 4964 γὰρ
435 4897 618 4960 αὐτοῖς
665 4897 850 4951 θεόθεν
888 4898 1043 4970 ἐδόθη
1092 4901 1428 4971 χαρίσματα,
1462 4901 1557 4955 καὶ
1589 4902 1747 4956 τοῦτο
1778 4904 1861 4957 δι-

289 4983 504 5040 δάσκων
542 4988 571 5040 ὁ
602 4990 871 5061 μακάριος
899 4990 1051 5058 ἔλεγε
1086 4991 1317 5055 Παῦλος·
1353 5010 1374 5043 ι
1401 4986 1471 5063 ᾯ
1517 4993 1616 5063 μὲν
1649 4993 1737 5048 διὰ
1766 4995 1860 5048 τοῦ

289 5076 427 5129 Πνεύ
434 5094 602 5146 ματος
622 5078 828 5134 δέδοται
865 5081 1021 5149 λόγος
1048 5083 1259 5152 σοφίαςο
1298 5082 1443 5153 ἄλλῳ
1462 5084 1520 5137 δὲ
1542 5083 1697 5153 λόγος
1718 5084 1862 5154 γνὼ-

289 5178 425 5228 σεως
474 5167 614 5220 κατὰ
635 5167 695 5220 τὸ
712 5169 845 5223 αὐτὸ
874 5171 1117 5241 Πνεῦμω
1151 5172 1297 5242 ἄλλῳ
1331 5172 1389 5226 δὲ
1419 5175 1731 5246 χαρίσματα
1779 5177 1862 5229 ία-

293 5255 477 5324 μάτων
505 5257 567 5308 ἐν
594 5257 676 5326 τῷ
710 5259 858 5329 αὐτῷ
896 5260 1199 5333 Πνεύματι’
1244 5264 1388 5336 ἄλλῳ
1426 5265 1483 5319 δὲ
1514 5268 1863 5339 ἐνεργήματα

289 5346 591 5418 δυνάμεων
622 5349 766 5421 ἄλλῳ
817 5351 874 5405 δὲ
896 5354 1221 5424 προφητεία*
1262 5356 1408 5428 ἄλλῳ
1439 5357 1499 5411 δὲ
1527 5358 1659 5429 γένη
1683 5359 1864 5424 γλωσ-

289 5437 420 5503 σῶν,
478 5438 623 5510 ἄλλῳ
648 5440 705 5494 δὲ
733 5441 998 5512 ἑρμηνεία
1017 5445 1295 5512 γλωσσῶν.
1342 5466 1361 5499 ι
1398 5450 1508 5503 Καὶ
1530 5449 1742 5515 δεικνὺς
1764 5449 1867 5522 την

288 5602 297 5610 ’
374 5626 397 5648 ⁸
434 5613 452 5669 l
484 5614 610 5670 Cor.
660 5632 760 5681 xu,
796 5616 949 5673 8-10.

600 5710 865 5773 ΡΑτιιοι..
904 5710 1022 5772 Gn.
1062 5709 1342 5772 LXXXII.

1970 4457 2134 4512 posse
2185 4441 2493 4495 orationem
2538 4439 2757 4493 illorum
2806 4437 3063 4493 virtutem
3114 4439 3378 4510 assequi:
3441 4438 3537 4495 sed

1971 4534 2401 4605 aggrediendum
2430 4539 2514 4587 est
2547 4538 2754 4586 tamen.
2789 4524 2901 4585 Nec
2925 4530 3072 4586 enim
3100 4544 3322 4602 aequum
3350 4530 3536 4595 fuerit,

1970 4626 2016 4681 si
2064 4624 2327 4695 quoniam
2368 4636 2557 4677 veram
2590 4619 2994 4690 philosophiam
3029 4606 3271 4692 perfecte
3310 4621 3538 4676 adama-

1966 4726 2122 4781 runt,
2151 4715 2276 4772 ideo
2308 4728 2412 4771 nec
2438 4716 2688 4770 minores
2718 4710 2909 4768 laudes
2939 4720 3374 4782 consequantur.
3399 4710 3542 4767 Scri-

1970 4810 2096 4864 bam
2122 4824 2256 4863 vero
2279 4808 2492 4862 laudem
2515 4821 2624 4862 non
2647 4816 2811 4860 unam
2842 4806 3209 4861 communiter
3236 4803 3493 4859 omnibus
3522 4822 3537 4857 :

1971 4901 2188 4955 diversa
2219 4901 2366 4955 enim
2401 4896 2546 4953 dona
2570 4898 2834 4953 divinitus
2869 4897 2950 4952 eis
2996 4895 3123 4951 data
3155 4905 3304 4963 sunt,
3346 4909 3540 4965 quem-

1970 4990 2270 5047 admodum
2300 4992 2506 5047 docens
2539 4989 2760 5046 dicebat
2804 4988 3000 5044 beatus
3052 4987 3303 5043 Paulus:
3362 5006 3381 5038 ι
3432 4985 3539 5039 Alii

1969 5085 2115 5140 enim
2158 5100 2254 5155 per
2314 5083 2580 5154 Spiritum
2629 5083 2795 5137 datur
2847 5096 3030 5137 sermo
3066 5080 3387 5151 sapientize:
3444 5079 3541 5134 alii

1972 5184 2155 5229 autem
2205 5187 2391 5227 sermo
2439 5171 3030 5228 scientiasecundum
3078 5169 3332 5225 eumdem
3364 5166 3542 5239 Spiri-

1970 5272 2086 5319 tum
2111 5283 2123 5319 :
2151 5266 2242 5319 alii
2271 5265 2418 5319 dona
2440 5265 2812 5329 curationum,
2832 5276 2932 5333 per
2953 5261 3204 5317 eumdem
3236 5260 3540 5332 Spiritum:

1972 5358 2067 5411 alii
2105 5356 2457 5428 operationcs
2486 5356 2793 5411 virtutum:
2829 5353 2922 5408 alii
2960 5353 3292 5424 prophetia:
3328 5352 3422 5407 alii
3452 5367 3544 5422 ges

1977 5463 2107 5504 nera
2162 5449 2497 5519 linguarum,
2534 5448 2628 5502 alii
2684 5445 3064 5515 interpretatio
3098 5445 3408 5515 linguarum
3442 5456 3486 5497 ε.
3522 5460 3540 5493 ι

3152 5580 3181 5595 κ

3109 5683 3171 5737 ιι
