3974 6212
460 189 592 253 1291

1436 183 1924 243 THEODORET-I
1976 182 2316 243 EPISCOPI
2385 185 2746 247 CYRENSIS

3565 183 3699 249 1292

463 308 666 356 Ilurum
695 310 870 352 autem
891 298 1138 354 omnium
1161 295 1461 352 ostendens
1489 294 1719 361 fontem,
1744 295 1980 362 subjecit
2009 312 2022 346 :

2142 297 2329 351 τούτων
2361 300 2613 352 ἁπάντων
2647 299 2828 368 πηγὴν
2855 299 3118 370 ἐπήγαγε·
3150 317 3167 350 ι
3212 300 3395 353 Ταῦτα
3432 299 3489 353 δὲ
3519 300 3699 354 πάντα

465 414 482 445 ι
523 394 717 447 Omnia
741 403 920 447 autem
953 392 1067 445 haec
1102 399 1366 461 operatur
1398 405 1545 442 unus
1579 399 1632 443 et
1665 389 1809 442 idem
1851 387 2028 455 Spiri-

462 499 570 551 tus,
589 485 839 540 dividens
852 484 1105 553 privatim
1127 483 1365 550 singulis
1394 490 1551 548 prout
1575 479 1789 548 1106
1811 479 1925 530 vult
1945 476 1986 531 ί.
2004 497 2022 530 ι

463 579 730 644 Quoniam
763 592 893 645 ergo
931 576 1146 629 diversa
1182 582 1310 627 sunt
1355 575 1500 627 dona
1556 571 1862 634 consecuti,
1915 584 2022 624 me-

463 673 571 727 rito
603 677 912 740 separatam
963 666 1304 733 singulorum
1345 663 1725 718 narrationem
1771 661 2030 715 institue-

465 777 622 814 mus:
681 773 787 812 non
834 770 1175 826 quaecunque
1223 754 1291 807 ab
1342 755 1422 806 eis
1465 761 1615 822 gesta
1667 758 1795 805 sunt
1845 764 2030 819 perse-

460 857 691 921 quentes
745 848 834 917 (ad
871 849 986 901 haec
1032 847 1177 900 enim
1223 843 1514 898 scribenda
1545 856 1614 895 ne
1642 850 1754 895 tota
1809 839 2028 908 quidem

461 943 574 996 vita
605 939 925 1009 suiﬁceret),
961 937 1058 993 sed
1109 937 1200 991 ubi
1255 949 1428 1005 pauca
1477 934 1545 988 de
1591 931 2030 999 uniuscujusque

460 1036 572 1089 vita
629 1034 904 1101 rebusque
950 1031 1121 1099 gestis
1167 1026 1601 1098 narraverimus,
1639 1035 1689 1076 et
1727 1039 1792 1076 ex
1841 1022 2030 1091 paucis

461 1125 632 1180 totius
672 1123 798 1177 vita:
835 1123 1064 1174 fortnam
1108 1118 1555 1179 iiulicaverimus,
1605 1114 1670 1167 ad
1706 1114 1870 1166 alium
1904 1127 2031 1182 pro-

463 1215 796 1283 grediemur.
859 1211 1046 1279 Neque
1082 1226 1211 1263 vero
1268 1216 1584 1261 sanctorum
1635 1205 1902 1266 omnium,
1937 1203 2030 1272 qui

462 1307 664 1376 ubique
722 1304 964 1374 gentium
995 1302 1338 1365 claruerunt,
1369 1300 1495 1352 vita:
1550 1297 1836 1352 historiam
1893 1295 2031 1350 scri-

461 1399 592 1454 bere
620 1397 982 1451 conabimur:
1014 1409 1113 1447 uec
1149 1393 1293 1445 enim
1323 1406 1514 1445 omnes
1548 1391 1641 1458 qui
1674 1389 1874 1457 ubique
1895 1386 2029 1441 clari

462 1491 615 1544 fuere
643 1489 920 1552 novimus,
954 1500 1056 1540 nec
1098 1483 1212 1539 ﬁeri
1254 1491 1436 1554 potest
1483 1489 1542 1536 ut
1569 1483 1636 1536 ab
1669 1497 1777 1534 uno
1837 1494 2030 1534 omnes

460 1581 866 1636 describantur.
925 1577 1123 1632 Eorum
1161 1591 1292 1644 ergo
1339 1574 1517 1628 solum
1575 1574 1741 1625 vitam
1787 1570 2033 1625 conscri-

464 1675 609 1738 bam,
648 1672 739 1739 qui
785 1670 1053 1724 luminum
1089 1668 1262 1721 instar
1294 1666 1347 1719 in
1387 1665 1605 1718 Oriente
1655 1663 1941 1725 fulserunt,
1977 1670 2031 1715 et

462 1765 604 1819 ﬁnes
664 1763 814 1817 orbis
849 1771 1118 1816 terrarum
1169 1757 1343 1812 radiis
1370 1757 1488 1811 suis
1534 1755 1840 1823 complcxi'
1881 1761 2027 1807 sunt.

462 1852 748 1908 Narrando
779 1860 959 1906 autem
991 1850 1247 1920 procedet
1282 1847 1483 1908 oratio,
1518 1861 1626 1899 non
1655 1845 2032 1898 cncomiorum

464 1946 674 2015 legibus
707 1951 890 2007 utens,
932 1942 1026 1996 sed
1063 1954 1234 2010 pauca
1269 1946 1479 1992 tantum
1531 1937 1777 2006 quaedam
1823 1933 2034 2003 simpli-

463 2038 605 2090 citer
632 2049 932 2104 exponens.
967 2031 1118 2102 Rogo
1150 2041 1330 2084 autem
1367 2044 1462 2084 eos
1511 2029 1602 2097 qui
1630 2031 1683 2080 in
1720 2027 1864 2079 hanc
1904 2025 2031 2078 reli-

464 2128 674 2197 giosam
701 2125 1015 2186 Historiam,
1045 2139 1138 2178 seu
1167 2121 1460 2176 asceticam
1492 2117 1710 2172 vivendi
1767 2117 2033 2170 rationein

464 2217 762 2272 inciderint
791 2214 1048 2285 (appellet
1078 2213 1222 2266 enim
1255 2214 1492 2281 quisque
1525 2210 1628 2263 hoc
1666 2223 1806 2277 opus
1837 2217 1893 2260 ut
1941 2221 2037 2260 vo-

465 2309 582 2376 let),
613 2320 680 2359 ne
718 2305 789 2358 iis
819 2319 938 2373 qua:
970 2302 1234 2356 dicuntur
1284 2303 1464 2356 minus
1525 2303 1773 2362 credant,
1805 2301 1848 2354 si
1905 2298 2035 2368 quid

464 2400 692 2454 audiant
722 2397 869 2466 quod
914 2397 1158 2464 ipsorum
1196 2394 1347 2449 vires
1387 2393 1655 2447 excedat:
1706 2406 1883 2460 neque
1915 2391 2037 2444 illo-

463 2504 584 2542 rum
617 2488 874 2541 virtutem
899 2500 963 2539 ex
994 2484 1196 2553 seipsis
1223 2485 1542 2549 metiantur,
1575 2482 1669 2536 sed
1693 2484 2034 2549 exploratum

465 2574 703 2628 habeant
749 2573 925 2627 solere
972 2571 1140 2626 Deum
1186 2571 1406 2626 coalitus
1457 2588 1521 2626 cx
1567 2573 1782 2640 piorum
1841 2573 2038 2626 animis

467 2665 648 2720 sancti
681 2663 922 2734 Spiritus
947 2662 1091 2716 dona
1133 2662 1338 2726 metiri,
1369 2670 1423 2716 et
1455 2661 1663 2731 majora
1703 2662 1885 2732 largiri
1916 2677 2039 2732 per-

465 2755 807 2810 fectioribus.
844 2752 968 2808 Haec
991 2761 1173 2806 autem
1203 2752 1312 2806 illis
1344 2767 1374 2805 a
1407 2767 1491 2806 me
1513 2753 1658 2806 dicta
1691 2751 1826 2814 sint,
1857 2753 1950 2822 qui
1985 2752 2038 2805 in

466 2862 652 2902 rerum
677 2846 990 2900 divinarum
1024 2844 1302 2914 mysteriis
1330 2859 1436 2897 non
1461 2844 1599 2898 satis
1624 2852 1883 2898 accurate
1909 2851 2040 2897 sunt

2129 390 2342 459 ἐνεργεῖ
2363 391 2422 442 τὸ
2452 391 2508 443 ἓν
2537 391 2632 444 καὶ
2651 392 2710 444 τὸ
2736 392 2865 444 αὐτὸ
2892 391 3133 460 Πνεῦμα,
3163 390 3406 461 διαιροῦν
3438 391 3544 463 ἰδίᾳ
3569 393 3699 444 έκά-

2130 497 2238 550 στῳ
2259 480 2441 543 καθὼς
2475 480 2741 550 βούλεται.
2786 499 2803 532 ι
2842 480 3058 550 Ἐπειδὴ
3097 482 3276 532 τοίνυν
3314 481 3702 552 διαφόρων-τε-

2129 571 2398 640 τυχήκασι
2424 572 2662 641 δωρεῶν,
2697 572 2919 634 εἰκότως
2954 573 3060 642 ἰδίᾳ
3094 573 3325 626 ἑκάστου
3362 571 3704 641 ποιησόμεθα

2129 661 2189 713 τὸ
2215 661 2475 734 διήγημα·
2498 665 2596 732 οὐχ
2622 664 2837 717 ἅπαντα
2856 663 3137 728 διεξιόντες
3153 665 3220 717 τά
3245 664 3700 733 πεπολιτευμένα·

2129 758 2211 818 είς
2246 756 2356 827 γάρ
2385 757 2482 826 τὴν
2527 756 2781 826 τοιαύτην
2830 758 3146 828 συγγραφὴν
3198 756 3320 810 οὐδὲ
3371 756 3516 821 am;
3558 759 3628 810 ἂν
3676 759 3708 810 ὁ

2132 847 2246 918 βίος
2285 847 2587 918 ἀρκέσειεν·
2617 847 2732 900 ἀλλ’
2766 847 2920 914 ὀλίγα
2953 847 3060 899 τῶν
3099 846 3316 914 ἑκάστῳ
3356 844 3708 914 βεϐιωμένων

2129 938 2595 1010 ἢπεπραγμένων
2626 939 3035 1007 διηγησάμενοι,
3073 937 3168 990 καὶ
3211 937 3299 989 διά
3347 937 3452 988 τῶν
3507 937 3712 1003 ὀλίγων

2130 1031 2223 1084 τοῦ
2256 1031 2456 1092 παντὸς
2493 1029 2607 1098 βίου
2634 1029 2725 1080 τὸν
2757 1028 3078 1097 χαρακτῆρα
3124 1025 3564 1096 παραδείξαντες,
3619 1027 3711 1093 ἐφ’

2130 1121 2314 1190 ἓτερον
2347 1118 2696 1189 βαδιούμεθα.
2733 1119 2806 1169 Οὐ
2859 1117 3075 1169 πάντων
3123 1116 3180 1168 δὲ
3232 1116 3339 1168 τῶν
3391 1114 3711 1183 ἁπανταχοῦ

2130 1211 2540 1283 διαπρεψάντων
2564 1210 2733 1278 ἁγίων
2769 1208 2866 1280 τὴν
2897 1209 3166 1262 πολιτείαν
3198 1207 3405 1280 ἱστορίᾳ
3435 1206 3716 1276 παραδοῦ-

2131 1321 2218 1358 ναι
2257 1299 2654 1373 πειρασόμεθα·
2703 1298 2828 1352 οὐτε
2878 1297 2988 1369 γάρ
3038 1298 3198 1366 ἴσμεν
3247 1299 3372 1358 τοὺς
3427 1313 3713 1365 πανταχου

2131 1395 2561 1464 διαλάμψαντας,
2597 1390 2718 1444 οὐτε
2746 1390 2972 1443 δυνατὸν
3015 1391 3260 1451 ἅπαντας
3293 1389 3384 1457 ὑφ’
3423 1388 3541 1450 ένδς
3573 1405 3714 1454 συγ-

2132 1487 2430 1558 γραφῆναι.
2459 1485 2650 1538 Μόνων
2669 1483 2853 1536 -τοίνυν
2880 1482 2988 1534 τῶν
3017 1482 3158 1534 κατά
3183 1482 3280 1552 τὴν
3301 1481 3374 1533 ἓω
3404 1482 3590 1548 ᾳωστή
3601 1497 3718 1550 ρων

2133 1579 2287 1646 δίκην
2315 1575 2719 1644 ἁναφανέντων,
2764 1572 2860 1626 καὶ
2899 1577 3016 1635 ταῖς
3050 1573 3231 1625 ἀκτῖσι
3274 1572 3343 1624 τὰ
3387 1572 3486 1641 τῆς
3522 1573 3719 1623 οἰκου-

2138 1672 2305 1741 μένης
2351 1670 2600 1739 τέρματα
2628 1667 3052 1736 κατειληφότων,
3093 1665 3393 1734 ἀναγράψω
3436 1665 3526 1717 τὸν
3573 1663 3716 1734 βίον.

2145 1759 2607 1832 ’Λιρηγηματικῶς
2649 1759 2704 1811 δὲ
2743 1759 2771 1810 ὁ
2801 1757 2957 1826 λόγος
3008 1756 3362 1827 προϐήσεται,
3415 1757 3474 1808 οὐ
3521 1756 3724 1823 νόμοις

2134 1851 2423 1921 ἐγκωμίων
2478 1848 2780 1920 χρώμενος,
2824 1849 2939 1901 ἀλλ’
2998 1847 3192 1916 ὀλίγων
3236 1847 3401 1899 τινῶν
3464 1847 3726 1916 ἀτεχνῶς

2133 1942 2452 2012 ποιούμενος
2484 1943 2583 2011 τὴν
2619 1942 2892 2011 διήγησιν.
2945 1939 3104 2004 Ἀξιῶ
3130 1940 3186 1992 δὲ
3235 1941 3360 2001 τοὺς
3391 1939 3732 2007 έντευξομέο

2135 2051 2258 2096 νους
2281 2033 2407 2104 τῇδε
2438 2034 2504 2102 τῇ
2539 2030 2770 2101 φιλοθέῳ
2798 2031 3033 2100 ἱστορία,
3075 2029 3108 2098 ἦ
3143 2031 3411 2099 ἀσκητικῇ
3440 2029 3724 2098 πολιτεία·

2133 2125 2208 2188 ὡς
2235 2124 2341 2192 γὰρ
2392 2123 2640 2192 βούλεταί
2691 2139 2776 2183 τις
2824 2120 3055 2174 καλείτω
3095 2120 3157 2173 τὸ
3213 2119 3569 2190 σύγγραμμα·
3643 2121 3729 2188 μὴ

2136 2218 2386 2270 ἀπιστεῖν
2445 2217 2558 2277 τοῖς
2607 2214 2938 2283 λεγομένοις,
2984 2212 3037 2264 εί
3078 2229 3132 2265 τι
3175 2213 3316 2282 ὑπὲρ
3357 2212 3455 2282 τὴν
3501 2213 3731 2265 ἑαυτῶν

2135 2309 2385 2362 ἀκούοιεν
2413 2307 2663 2377 δύναμιν,
2721 2307 2852 2377 μηδὲ
2911 2304 3092 2374 σφίσιν
3122 2307 3304 2369 αὐτοῖς
3350 2307 3447 2374 τὴν
3488 2305 3730 2358 ἐκείνων

2141 2402 2356 2472 μετρεῖν
2397 2401 2616 2471 ἀρετήν·
2667 2397 2780 2450 ἀλλ’
2822 2397 3018 2450 εἰδέναι
3067 2396 3273 2465 σαφῶς,
3323 2397 3398 2461 ὡς
3435 2400 3557 2458 ταῖς
3609 2398 3730 2449 τῶν

2139 2490 2378 2543 εὐσεϐῶν
2411 2489 2656 2559 γνώμαις
2683 2489 2902 2557 μετρεῖν
2939 2485 3130 2540 εἴωθεν
3170 2489 3198 2540 ὁ
3229 2486 3360 2548 Θεὸς
3419 2485 3518 2538 τοῦ
3559 2485 3726 2552 ἁγίου

2140 2581 2453 2650 Πνεύματος
2482 2579 2550 2631 τὰ
2570 2578 2904 2649 χαρίσματα,
2940 2578 3034 2630 καὶ
3071 2563 3599 2645 ταῖς’τελειοτέραις
3655 2579 3731 2629 τὰ

2143 2664 2368 2735 μείζονα
2415 2665 2618 2718 δίδωσι.
2673 2663 2856 2716 Ταῦτα
2885 2663 2942 2716 δέ
2978 2681 3067 2734 μοι
3117 2664 3253 2730 πρὸς
3307 2665 3433 2726 τούς
3480 2665 3543 2716 οὐ
3598 2663 3730 2716 λίαν

2140 2740 2382 2830 ἀκριϐῶς
2409 2757 2478 2810 τὰ
2513 2756 2634 2808 θεῖα
2669 2755 3054 2826 μεμυημένους
3083 2754 3340 2825 εἰρήσθω.
3369 2756 3431 2806 υἱ
3470 2755 3583 2826 γὰρ
3623 2755 3730 2823 p.5-

2144 2868 2264 2903 σται
2291 2850 2398 2902 τῶν
2441 2847 2649 2902 ἀδύτων
2678 2847 2770 2901 τοῦ
2812 2847 3127 2916 Πνεύματος
3189 2847 3333 2900 ῖσασι
3378 2847 3478 2908 τὰς
3513 2847 3728 2915 φιλοτι-

465 2941 690 2994 initiati.
724 2938 910 3008 Mysta:
937 2936 1083 2991 enim
1110 2935 1378 2990 aditorum
1406 2936 1646 3005 Spiritus
1678 2935 2037 3005 magniﬁcen-

2145 2943 2271 3012 μίας
2298 2943 2394 2995 τοῦ
2444 2941 2780 3012 ΙΙνεύματος,
2823 2942 2919 2994 καὶ
2966 2935 3054 2993 οἶα
3093 2939 3162 2992 δι’
3192 2939 3494 3009 ἀνθρώπων
3532 2941 3594 2992 ἐν
3629 2941 3729 2991 ἀν-

467 3031 602 3083 tiam
633 3029 755 3096 ejus
785 3034 1014 3091 norunt,
1045 3033 1099 3080 et
1129 3032 1334 3094 quanta
1359 3040 1454 3092 per
1486 3025 1738 3078 homines
1767 3025 1821 3078 in
1856 3024 2037 3079 homi-

468 3121 634 3176 nibus
667 3117 938 3172 miracula
973 3115 1161 3180 faciat,
1192 3125 1251 3169 ut
1283 3115 1602 3170 incredulos
1629 3115 1696 3169 ad
1726 3116 1822 3172 Dei
1847 3116 2038 3186 cogni-

468 3212 675 3265 tionem
707 3207 965 3260 adducat.
1008 3205 1111 3270 Qui
1151 3213 1331 3259 autem
1369 3205 1438 3260 iis
1467 3221 1587 3275 qua:
1620 3221 1648 3258 a
1683 3221 1768 3260 me
1805 3206 2037 3261 dicenda

470 3307 601 3355 sunt
632 3297 943 3352 crediturus
984 3311 1090 3350 non
1139 3306 1243 3359 est,
1285 3296 1454 3366 liquet
1493 3311 1615 3351 eum
1663 3312 1729 3350 ne
1763 3297 1855 3348 illa
1910 3295 2036 3364 qui-

469 3393 592 3447 dem
626 3404 750 3444 vera
781 3389 1141 3457 crediturum,
1169 3404 1291 3457 qua:
1330 3403 1425 3457 per
1468 3387 1696 3452 Mosem,
1733 3396 1786 3442 et
1824 3385 2034 3451 Jesum,

469 3491 522 3537 et
559 3481 748 3544 tiliam,
790 3487 843 3534 et
879 3479 1130 3533 Elismum
1161 3489 1312 3549 gesta
1370 3479 1580 3548 1107
1637 3489 1788 3544 sunt,
1848 3488 1904 3533 et
1936 3493 2036 3548 pro

472 3574 673 3626 fabulis
713 3571 915 3624 habere
956 3569 1244 3634 miracula,
1282 3585 1403 3638 qua:
1439 3584 1468 3621 a
1522 3570 1731 3623 sanctis
1773 3569 2039 3638 apostolis

473 3673 682 3733 patrata
712 3669 861 3715 sunt.
898 3658 1054 3725 Quod
1096 3660 1141 3713 si
1175 3674 1305 3713 vera
1333 3659 1426 3712 illa
1466 3675 1591 3713 esse
1628 3667 1884 3724 testatur,
1925 3661 2040 3716 haec

473 3767 692 3821 quoque
725 3767 753 3802 a
797 3750 934 3802 falso
992 3750 1172 3802 aliena
1218 3765 1341 3804 esse
1372 3749 1582 3804 credat.
1622 3749 1754 3816 Qua:
1782 3751 1930 3806 enim
1984 3752 2041 3806 in

477 3846 586 3896 illis
617 3850 841 3911 Operata
872 3849 957 3896 est
1000 3843 1198 3910 gratia,
1233 3840 1423 3896 eadem
1457 3858 1552 3912 per
1601 3842 1702 3896 bos
1728 3858 1948 3913 quoque
1983 3851 2043 3897 ut

477 3939 670 3988 tierent
710 3931 914 3986 cll‘ecit.
949 3931 1217 3986 Pcrennis
1253 3940 1434 3986 autem
1470 3934 1667 4002 gratia,
1697 3949 1791 3988 eos
1822 3934 1915 4004 qui
1954 3933 2042 3988 di-

474 4027 565 4095 gni
599 4033 728 4078 sunt
755 4025 985 4094 eligens,
1013 4040 1107 4095 per
1139 4025 1240 4079 lios
1265 4025 1438 4079 veluti
1470 4042 1564 4095 per
1589 4027 1847 4082 salientes
1875 4042 2045 4096 quos-

476 4123 598 4172 dam
629 4118 860 4172 elfundit
887 4119 1092 4171 llucnta
1125 4119 1464 4188 Operationis
1499 4136 1631 4174 suae.
1669 4119 1745 4173 Ex
1783 4121 1850 4174 iis
1883 4136 2044 4190 porro

475 4225 594 4278 quae
629 4208 862 4262 dicenda
901 4217 1053 4274 sunt,
1105 4209 1286 4278 aliqua
1319 4210 1433 4278 ipse
1493 4211 1644 4265 vidi:
1691 4227 1811 4280 qua:
1861 4221 2041 4266 autem

2143 3032 2378 3099 θρώποις
2412 3031 2834 3103 θαυματουργεῖ,
2858 3033 2922 3100 τῇ
2950 3030 3058 3082 τῶν
3081 3030 3317 3100 τεράτων
3348 3029 3732 3099 μεγαλουργίᾳ

2141 3124 2269 3186 τοὺς
2298 3123 2559 3185 ἀπίστους
2613 3123 2691 3185 είς
2747 3121 3076 3189 θεογνωσίαν
3133 3119 3514 3190 ἐφελκόμενον.
3560 3121 3625 3173 '0
3675 3123 3728 3172 δὲ

2143 3217 2253 3277 τοῖς
2273 3214 2401 3283 παρ’
2433 3212 2588 3282 ἡμῶν
2617 3210 3002 3281 ῥηθησομένων
3031 3211 3365 3277 ἀπιστήσων,
3387 3208 3620 3277 εὖδηλον
3649 3211 3726 3271 ὡς

2144 3299 2263 3352 οὐδὲ
2294 3300 2408 3360 τοῖς
2437 3297 2524 3350 διὰ
2556 3297 2820 3362 Μωσέως,
2853 3297 2949 3349 καὶ
2994 3294 3193 3366 Ἰησοῦ,
3243 3297 3339 3348 καὶ
3383 3296 3556 3358 Ἠλία,
3631 3298 3732 3348 καὶ

2157 3388 2460 3443 Ἐλισσαίου
2489 3387 2874 3458 γεγενημένοις
2902 3387 2976 3450 ὡς
2997 3385 3220 3457 ἀληθέσι
3253 3385 3588 3448 πιστεύσειε,
3630 3387 3730 3457 μῦ·

2147 3479 2236 3534 θον
2289 3479 2346 3532 δὲ
2379 3480 2594 3550 ἡγεῖται
2647 3479 2741 3530 καὶ
2787 3478 2885 3540 τὰς
2915 3476 3005 3530 διὰ
3051 3477 3161 3529 τῶν
3208 3476 3366 3547 ἱερῶν
3406 3478 3728 3531 ἀποστόλων

2145 3569 2512 3640 γεγενημένας
2535 3569 2992 3638 θαυματουργίας.
3020 3569 3083 3621 Et
3115 3568 3173 3622 δὲ
3207 3569 3434 3629 ἐκείνοις
3463 3569 3732 3640 ἀλήθειαν

2150 3664 2432 3734 μαρτυρεῖ,
2481 3660 2708 3731 ψεύδους
2768 3661 3028 3732 ἐλεύθερα
3081 3659 3222 3714 εἶναι
3266 3662 3578 3715 πιστευέτω
3633 3661 3732 3715 καὶ

2146 3753 2340 3807 ταῦτα.
2385 3753 2450 3805 Ἡ
2482 3752 2591 3824 γὰρ
2615 3753 2672 3805 ὲν
2701 3751 2929 3814 ἐκείνοις
2957 3752 3300 3822 ένεργήσασα
3337 3751 3524 3820 χάρις,
3587 3752 3730 3820 αὐτη

2148 3843 2242 3896 καὶ
2263 3843 2350 3896 διὰ
2378 3843 2583 3898 τούτων
2619 3843 2974 3914 ὲνεργηκέναι
3010 3843 3326 3912 πεποίηκεν.
3385 3841 3650 3906 Ἀένναος
3675 3845 3733 3894 (τε

2149 3937 2183 4007 ἡ
2213 3935 2391 4006 χάρις,
2420 3935 2516 3989 καὶ
2554 3935 2680 3997 τοὺς
2700 3934 2884 3998 ἀξίους
2917 3933 3272 4003 ὲκλεγομένη,
3310 3928 3422 3986 οἷον
3448 3933 3540 3986 διά
3568 3952 3735 3987 τινων

2151 4026 2392 4098 κρουνῶν
2423 4026 2718 4090 ἀναϐλύζει
2759 4025 2847 4080 διὰ
2905 4025 3107 4078 τούτων
3139 4025 3236 4093 τῆς
3279 4025 3608 4094 εὐεργεσίας
3663 4026 3736 4076 τὰ

2151 4120 2387 4190 νάματα.
2423 4120 2543 4172 Τῶν
2570 4120 2628 4173 δὲ
2665 4119 3081 4190 λεχθησομένων
3120 4117 3276 4169 ἐνίων
3311 4117 3408 4186 μὲν
3448 4117 3740 4184 αὐτόπτης

2153 4213 2413 4281 ἐγενόμην
2438 4209 2567 4277 ἐγώ·
2599 4210 2698 4262 ὅσα
2731 4209 2787 4262 δὲ
2825 4209 2898 4278 μὴ
2944 4207 3232 4276 τεθέαμαι,
3266 4207 3418 4277 παρά
3443 4208 3558 4258 τῶν
3589 4207 3742 4259 ἐκεί-

476 4316 586 4353 uun
622 4298 754 4361 vidi,
786 4299 855 4353 ab
893 4299 960 4353 iis
989 4297 1178 4352 audivi
1211 4301 1304 4369 qui
1339 4301 1610 4362 viderant.
1646 4303 1785 4356 viris
1823 4303 2037 4358 virtutis

2149 4321 2272 4365 νους
2305 4301 2644 4370 τεθεαμένων
2692 4301 2928 4368 ἀκήκοα,
2958 4299 3166 4369 ἀνδρῶν
3203 4299 3400 4366 ἀρετῆς
3453 4300 3746 4367 ἐραστῶν,

475 4388 808 4452 amantibus,
848 4386 1140 4458 dignisque
1183 4389 1392 4444 habitis
1423 4390 1517 4459 qui
1557 4391 1682 4445 illos
1716 4390 1964 4446 viderent
1992 4404 2046 4448 et

473 4491 666 4531 eorum
696 4477 945 4529 doctrina
977 4475 1316 4534 fruerentur.
1337 4477 1468 4532 Fide
1494 4489 1679 4535 autem
1708 4481 1856 4548 digni
1889 4497 2048 4536 cvan-

473 4567 662 4637 gelicze
699 4567 964 4621 doctrina:
1015 4569 1316 4638 scriptores
1357 4579 1508 4636 sunt,
1551 4587 1658 4625 non
1710 4573 1888 4625 solum
1921 4571 2050 4626 Mat-

479 4658 653 4711 thazus
673 4667 726 4711 et
751 4657 1012 4720 Joannes,
1041 4659 1202 4727 primi
1253 4668 1307 4714 et
1339 4662 1518 4730 magni
1548 4663 1915 4732 evangelista),
1950 4663 2046 4732 qui

480 4748 696 4802 Domini
731 4747 917 4803 videre
949 4749 1214 4803 miracula
1241 4768 1254 4802 :
1291 4749 1385 4805 sed
1417 4752 1581 4805 etiam
1612 4751 1790 4809 Lucas
1819 4763 1872 4810 et
1904 4754 2046 4808 Mar-

477 4853 597 4904 cus,
625 4853 769 4906 quos
810 4837 847 4891 ii
873 4839 968 4907 qui
998 4840 1066 4893 ab
1102 4839 1258 4894 initio
1307 4841 1583 4906 viderant,
1610 4851 1664 4897 et
1701 4845 1853 4898 verbi
1885 4845 2048 4898 titini-

477 4929 578 4983 stri
607 4929 846 4994 fuerant,
879 4945 990 4983 non
1023 4944 1085 4983 ea
1119 4931 1278 4986 modo
1301 4949 1422 5004 qua:
1449 4949 1644 5003 passus
1675 4942 1780 4998 est,
1829 4945 1881 4992 et
1925 4953 2048 5006 quae

479 5023 609 5077 fecit
646 5021 931 5086 Dominus,
967 5022 1060 5078 sed
1112 5037 1176 5078 ea
1209 5024 1374 5078 etiam
1426 5040 1548 5094 quae
1575 5025 1796 5081 assidue
1836 5027 2046 5095 docuit,

476 5119 732 5167 accurate
766 5111 1090 5168 docuerunt.
1148 5113 1282 5169 Nam
1333 5124 1390 5170 et
1441 5117 1638 5173 beatus
1681 5118 1798 5187 ipse
1849 5119 2047 5189 Lucas,

475 5206 569 5274 qui
607 5213 887 5274 spectator
919 5221 1028 5264 non
1091 5205 1288 5273 fuerat,
1325 5207 1380 5262 in
1433 5209 1706 5278 principio
1741 5213 1926 5279 operis
1960 5214 2049 5268 sui

477 5291 612 5344 dicit
650 5308 709 5348 se
735 5309 798 5348 ea
820 5308 1065 5355 narrare.
1097 5294 1166 5350 de
1188 5296 1392 5367 quibus
1424 5299 1440 5316 ‘
1473 5298 1678 5352 certior
1709 5298 1892 5355 factus
1936 5303 2045 5356 sit:

477 5389 530 5433 et
560 5396 683 5447 nos,
726 5382 858 5438 licet
902 5385 1191 5441 audiamus
1221 5402 1347 5443 eum
1381 5387 1471 5441 illa
1536 5405 1645 5445 nou
1691 5390 1897 5446 vidisse
1927 5407 2048 5463 quae

481 5480 688 5535 narrat,
721 5473 816 5528 sed
845 5473 984 5531 hanc
1013 5478 1318 5534 doctrinam
1350 5480 1418 5534 ab
1452 5480 1574 5538 aliis
1603 5485 1901 5553 accepisse,
1934 5499 2045 5541 non

560 5585 575 5628 τ
611 5588 625 5638 1
659 5589 783 5642 Cor.
820 5608 914 5659 xu,
947 5593 1037 5650 ‘l,

2148 4394 2242 4447 καὶ
2271 4393 2370 4463 τῆς
2420 4390 2642 4444 ἐκείνων
2695 4390 2821 4452 θέας
2863 4391 2956 4442 καὶ
2999 4388 3344 4450 διδασκαλίας
3377 4386 3747 4458 ἠξιωμένων·

2148 4485 2443 4553 ἀξιόχρεως
2468 4482 2524 4535 δὲ
2554 4482 2649 4536 καὶ
2698 4481 2794 4552 τὴν
2824 4481 3186 4550 εὐαγγελικὴν
3222 4481 3556 4548 συγγράςων
3585 4481 3756 4532 δέξας

2150 4575 2375 4629 σκαλίαν
2407 4574 2468 4626 οὐ
2512 4574 2668 4644 μόνον
2702 4572 2978 4635 Ματθαῖος
3012 4573 3104 4626 καὶ
3137 4572 3412 4640 Ἰωάννης,
3437 4573 3488 4622 οἱ
3521 4572 3760 4640 πρῶτοι

2149 4663 2244 4716 καὶ
2277 4661 2499 4732 μεγάλοι
2555 4662 2662 4715 τῶν
2696 4660 3117 4730 εὐαγγελιστῶν,
3161 4662 3208 4712 οἱ
3238 4661 3343 4712 τῶν
3375 4663 3766 4714 Δεσποτικῦλν

2155 4753 2444 4822 θαυμάτων
2469 4753 2750 4806 αὐτόπται·
2793 4752 2925 4804 ἀλλά
2955 4753 3050 4805 καὶ
3082 4753 3317 4815 Λουκᾶς,
3353 4753 3447 4803 καὶ
3475 4753 3770 4821 Μάρκος,

2156 4843 2250 4906 οὓς
2277 4845 2325 4897 οἱ
2351 4844 2410 4907 ἐξ
2442 4843 2616 4914 ἀρχῆς
2643 4844 2928 4906 αὐτόπται,
2968 4842 3061 4894 καὶ
3106 4842 3375 4912 ὑπηρέται
3396 4840 3494 4893 τοῦ
3551 4842 3772 4909 λόγου,

2154 4936 2214 4988 οὐ
2241 4935 2398 5004 μόνον
2431 4935 2468 4988 ἀ
2516 4934 2749 4987 πέπονθέ
2802 4951 2862 4987 τε
2911 4933 3005 4986 καὶ
3051 4933 3305 5004 δέδρακεν
3347 4934 3376 4985 ὁ
3425 4934 3772 5002 Δεσπότης,

2156 5027 2290 5081 ἀλλά
2322 5027 2414 5080 καὶ
2435 5025 2470 5079 ἃ.
2498 5025 2762 5080 διδάσκων
2794 5025 3112 5090 διετέλεσεν,
3141 5023 3381 5095 ἀκριϐῶς
3411 5023 3598 5088 ἐξεπα
3613 5026 3776 5078 ἐδευ-

2157 5135 2274 5172 σαν.
2304 5118 2414 5171 Καὶ
2454 5117 2529 5187 μὴ
2555 5117 2917 5187 γεγενημένος
2947 5115 3054 5184 γὰρ
3081 5115 3352 5182 αὐτόπτης
3379 5113 3408 5164 ό
3463 5116 3778 5185 μακάριος

2156 5211 2390 5274 Λουκᾶς,
2419 5210 2517 5280 τῆς
2558 5209 2879 5280 συγγραφῆς
2929 5205 3235 5279 ἀρξάμενος
3286 5206 3414 5275 περὶ
3455 5208 3780 5278 πεπληρο-

2158 5305 2480 5376 φορημένων
2515 5307 2856 5375 πραγμάτων
2875 5305 3143 5358 ποιεῖσθαί
3173 5320 3302 5374 φησι
3327 5304 3424 5371 τὴν
3454 5302 3778 5376 διήγησιν-

2157 5397 2252 5452 καὶ
2300 5399 2460 5467 ⁴ἡμεῖς
2489 5398 2565 5462 δὲ,
2597 5398 2882 5462 ἀκούοντες
2938 5400 3019 5452 ὅτι
3055 5399 3155 5450 οὐκ
3212 5395 3496 5465 αὐτόπτης
3525 5397 3786 5466 ἐγένετο

2157 5490 2362 5546 τούτων
2384 5491 2562 5545 αὐτῶν
2590 5491 2962 5562 διηγημάτων,
2998 5489 3128 5544 ἀλλὰ
3157 5489 3282 5558 παρ’
3312 5486 3496 5541 ἄλλων
3533 5492 3786 5564 ταύτῃ
