3974 6212
332 219 467 294 1293

1545 207 1946 282 RELIGIOSA
1983 200 2366 272 ΗΙεΤοιιιΑ.

7 0 3794 36 W

3438 204 3574 278 1°29}

329 347 427 417 τὴν
454 342 800 398 διδασκαλίαν
843 339 1170 411 παρέλαϐεν,
1216 339 1366 392 οὐδὲν
1415 333 1578 412 ἧττον
1633 338 1779 408 αὑτῷ
1811 329 1901 390 καὶ

2007 305 2186 380 minus
2216 323 2311 380 “illi
2344 337 2396 382 et
2441 325 2620 380 Marco
2679 326 2976 392 credimus,
3018 341 3180 398 quam
3231 327 3484 383 Mattbteo
3517 338 3572 384 et

328 439 544 508 Μάρκῳ
569 435 926 506 προσέχομεν,
964 433 996 503 ἢ
1022 431 1283 504 Ματθαίῳ
1309 433 1404 485 καὶ
1446 432 1685 502 Ἰωάννη.
1734 432 1903 498 Ἀξιό-

330 546 507 600 χρεως
559 528 666 595 γάρ
694 527 951 594 ἑκάτερος
983 523 1358 595 διηγούμενος,
1393 524 1488 578 ac;
1526 525 1588 593 δὴ
1622 524 1772 594 παρᾶ
1795 523 1902 576 τῶν

330 619 678 688 τεθεαμένων
731 616 1134 686 δεδιδαγμένος.
1189 616 1480 686 Τοιγάρτοι
1529 615 1622 668 καὶ
1652 617 1812 684 ἡμεῖς
1833 614 1904 668 τὰ

336 711 434 782 μὲν
465 710 696 780 ἐροῦμεν
722 709 797 772 ὼς
827 709 1112 772 αύτόπται,
1159 707 1228 761 τὰ
1253 708 1310 761 δὲ
1338 710 1449 769 τοῖς
1491 707 1785 770 αὑτόπταις
1821 706 1902 758 δι-

331 802 700 870 ηγησαμένοις
753 800 1201 862 πεπιστευκότες,
1267 798 1490 867 ἀνδράσι
1535 797 1627 850 τὸν
1681 796 1902 850 ἐκείνων

335 891 447 960 βίον
477 890 794 959 ἐζηλωκόσι.
829 888 1080 950 Πλείονας
1110 889 1165 940 δέ
1195 889 1322 958 περὶ
1342 887 1532 940 τούτου
1556 887 1902 956 δεδαπάνηκα

331 981 542 1049 λόγους,
569 984 752 1034 πεῖσαι
776 979 1094 1049 βουλόμενος
1119 980 1194 1042 ὡς
1222 979 1395 1049 ἀληθῆ
1416 980 1837 1049 διηγήσομαι.”Α
1847 987 1904 1049 ρ-

335 1071 495 1142 ξομαι
525 1072 580 1124 δέ
612 1071 711 1141 τῆς
759 1071 1063 1142 διηγήσεως
1093 1070 1244 1122 ἔνθεν
1273 1069 1429 1124 ἐλῶν.

848 1161 927 1210 A'.
961 1188 1030 1198 —-
1060 1157 1374 1210 ΙΑΚΩΒΟΣ.

304 1223 316 1261 ξ
402 1248 642 1319 Μωῢσῆς
669 1252 696 1303 ὁ
738 1237 878 1312 θεῖος
909 1251 936 1302 ὀ
979 1249 1293 1318 νομοθέτης,
1325 1251 1354 1302 ό
1379 1249 1478 1318 τῆς
1515 1247 1783 1319 θαλάττης
1811 1243 1902 1302 τὸν

333 1340 580 1410 πυθμένα
627 1337 940 1408 γυμνώσας,
994 1337 1090 1389 καὶ
1117 1337 1214 1405 τὴν
1249 1336 1474 1406 ἄνυδρον
1509 1335 1712 1406 ἔρημον
1749 1335 1900 1388 ὕδασι

333 1431 695 1492 κατακλύσας,
741 1430 831 1481 καὶ
875 1429 941 1480 τὰ
974 1426 1110 1480 ἄλλα
1161 1428 1336 1481 πάντα
1390 1427 1900 1498 θαυματουργήσας,

330 1526 438 1577 τῶν
470 1523 636 1576 πάλαι
688 1520 1065 1589 γεγενημένων
1102 1519 1270 1586 ἁγίων
1319 1518 1415 1589 τὴν
1464 1519 1737 1572 πολιτείαν
1780 1537 1904 1572 συν-

336 1615 589 1685 ἐγραίζλεν,
615 1614 676 1666 οὐ
700 1616 764 1682 τῇ
807 1611 966 1681 σοφίᾳ
993 1611 1352 1680 χρησάμενος,
1389 1611 1453 1679 ἦν
1484 1609 1634 1680 παρὰ
1665 1609 1770 1664 τῶν
1804 1611 1900 1662 Αί-

333 1673 952 1777 γυπτίωνμεμάθηκεννί
1150 1673 1246 1772 τῆς
1289 1673 1491 1756 ἄνωθεν
1537 1673 1757 1772 χάριτος
1808 1701 1904 1772 τὴν
1938 1673 1981 1728 Β

334 1801 522 1868 αἴγλην
553 1799 860 1867 δεξάμενος.
902 1795 1068 1848 Πόθεν
1107 1796 1212 1866 γὰρ
1240 1796 1304 1847 ἂν
1331 1794 1530 1864 ἔμαθεν
1568 1795 1786 1849 ἄλλοθεν
1813 1793 1906 1847 τοῦ

339 1892 502 1945 Ἅϐελ
539 1892 638 1960 τὴν
660 1889 878 1961 ἀρετὴν,
919 1888 1011 1941 καὶ
1031 1883 1123 1940 τοῦ
1163 1886 1333 1957 Ἑνὼχ
1371 1887 1432 1938 τὸ
1486 1885 1751 1954 φιλόθεον,
1815 1887 1909 1938 καὶ

334 1981 426 2036 τοῦ
485 1980 609 2033 Νῶε
658 1981 720 2032 τὸ
751 1979 977 2042 δίκαιον,
1023 1979 1117 2030 καὶ
1171 1978 1270 2048 τὴν
1309 1978 1504 2047 εὐσεϐῆ
1560 1977 1652 2029 τοῦ
1700 1977 1906 2046 Μελχι-

339 2074 492 2127 σεδὲκ
525 2074 838 2143 ἱερωσύνην,
879 2069 1092 2125 καὶτοῦ
1120 2069 1372 2140 Ἀϐραὰμ
1415 2067 1511 2140 τὴν
1556 2067 1764 2137 κλῆσιν,
1811 2067 1906 2140 τὴν

338 2164 542 2225 πίστιν,
575 2163 672 2232 τὴν
703 2162 1014 2232 καρτερίαν,
1051 2162 1148 2230 τὴν
1190 2159 1418 2230 ἐπιμελῆ
1455 2158 1778 2226 φιλοξενίαν,
1809 2157 1906 2226 τὴν

341 2255 886 2326 πολυθρύλλητοντοῦ
927 2253 1113 2315 παιδὸς
1162 2251 1611 2323 ἱερουργίαν,καλ⁸
1656 2251 1745 2304 τὸν
1799 2251 1906 2302 τῶν

337 2347 511 2399 ἄλλων
552 2344 986 2416 κατορθωμάτων
1033 2343 1351 2411 κατάλογον,
1386 2345 1479 2396 καί⁸
1510 2344 1787 2412 συντόμως
1825 2345 1904 2395 εί-

338 2438 478 2501 ῖιτείν,
501 2436 607 2487 τῶν
653 2435 951 2488 θεσπεσίων
989 2434 1210 2488 ἐκείνων
1244 2433 1449 2504 ἀνδρῶν
1490 2435 1615 2496 τοὺς
1667 2434 1901 2501 ἀγῶνας,

335 2525 428 2578 καὶ
457 2525 633 2588 νίκας,
680 2526 774 2587 τὰς
815 2524 1164 2596 ἀναρρήσεις,
1208 2526 1257 2576 εί
1316 2523 1390 2592 μὴ
1439 2521 1532 2576 τοῦ
1580 2522 1766 2594 νοεροῦ
1811 2525 1906 2575 καὶ

337 2615 482 2668 θείου
529 2615 843 2686 Πνεύματος
873 2616 970 2678 τὰς
1007 2617 1230 2675 ἀκτῖνας
1275 2615 1518 2681 essem;
1551 2613 1767 2683 Ταύτης
1813 2615 1905 2667 ἐπὶ

333 2703 426 2759 τοῦ
456 2707 717 2776 παρόντος
745 2706 910 2773 κάμοὶ
963 2704 1042 2756 δεῖ
1091 2705 1188 2772 τῆς
1233 2702 1542 2772 συνεργίας,
1588 2703 1698 2754 τῶν
1728 2701 1906 2769 ὀλίγον

333 2796 439 2864 πρὸ
464 2795 619 2866 ἡμῶν
652 2797 748 2848 καὶ
792 2793 877 2862 ἐφ’
925 2793 1079 2862 ἡμῶν
1113 2792 1169 2844 δέ
1215 2791 1546 2862 λαμψάντων
1599 2791 1769 2858 ἁγίων
1814 2789 1904 2842 τὸν

337 2882 448 2952 βίον
487 2883 813 2954 πειρωμένῳ
846 2881 1178 2951 συγγράψαι,
1225 2881 1320 2932 καὶ
1358 2875 1467 2932 οἷόν
1523 2896 1643 2932 τινα
1676 2878 1902 2947 νομοθεο

2003 415 2219 471 Joanni.
2242 416 2428 472 Fidem
2460 419 2627 481 enim,
2651 417 2779 471 dum
2813 425 3059 482 narrant,
3079 429 3362 473 merentur
3389 421 3571 483 ambo,

2006 516 2064 561 ut
2099 509 2166 560 ab
2203 509 2270 562 iis
2319 508 2502 562 edocti
2555 509 2646 577 qui
2677 509 2950 562 viderant.
2990 509 3171 574 Quare
3221 525 3322 566 nos
3353 526 3575 581 quoque

2007 599 2356 653 narrabimus
2379 613 2440 653 ea
2473 613 2594 667 quae
2621 599 2817 668 partim
2857 601 2961 669 ipsi
2994 601 3251 666 vidimus,
3273 602 3470 672 partim
3504 603 3574 658 iis

2003 690 2097 758 qui
2145 689 2414 752 viderant,
2468 706 2768 760 eorumque
2824 692 2992 745 vitam
3032 693 3409 758 imitabantur,
3445 709 3574 750 nar-

2006 783 2259 836 rantibus
2285 783 2644 836 credidimus.
2681 783 2754 838 De
2801 784 2886 837 his
2917 793 3099 839 autem
3158 786 3282 840 ideo
3319 787 3569 856 pluribus

2006 875 2186 928 verbis
2210 874 2466 935 disserui,
2503 881 2556 926 ut
2588 890 2676 928 me
2709 890 2834 928 vera
2881 885 3230 930 narraturum
3271 881 3568 947 persuade-

2004 982 2140 1022 rem.
2173 966 2311 1022 illnc
2353 981 2482 1021 vero
2513 966 2771 1036 deinceps
2801 956 3028 1022 narrare
3061 969 3341 1040 incipiam.

2431 1145 2652 1216 uos
2682 1147 2804 1200 i.——
2831 1145 3158 1202 JACOBUS.

2077 1236 2258 1292 Moses
2287 1238 2506 1292 divinus
2538 1240 2840 1306 legislator,
2863 1242 2956 1310 qui
2983 1243 3150 1296 maris
3182 1241 3412 1298 fundum
3446 1253 3576 1317 ape-

2007 1331 2136 1392 ruit,
2181 1339 2233 1384 et
2271 1331 2429 1400 aquis
2454 1332 2636 1386 obruit
2667 1333 2876 1386 aridam
2928 1334 3307 1399 solitudinem,
3365 1347 3419 1390 ct
3471 1341 3576 1394 alia

2009 1423 2192 1476 omnia
2222 1423 2350 1477 fecit
2383 1424 2674 1488 miracula,
2705 1435 2949 1480 veterum
2984 1436 3301 1482 sanctorum
3348 1445 3434 1485 res
3480 1439 3577 1502 ige-

2009 1524 2126 1569 Stas
2156 1516 2516 1584 conscripsit,
2543 1533 2652 1571 non
2688 1533 2749 1571 ea
2790 1527 2947 1573 utens
2979 1521 3268 1590 sapientia,
3315 1535 3476 1592 quam
3509 1527 3579 1580 ab

2011 1606 2286 1678 Egyptiis
2320 1609 2610 1676 didicerat,
2645 1610 2739 1664 sed
2790 1611 3079 1680 splendore
3129 1614 3317 1681 gratia:
3360 1617 3575 1672 ccelitus

2011 1710 2255 1769 accepto.
2305 1701 2593 1756 U‘ndenam
2643 1703 2787 1756 enim
2845 1704 3046 1773 alioqui
3082 1705 3267 1760 Abelis
3316 1707 3574 1764 virtutem

2009 1793 2380 1860 cognovisset,
2407 1802 2502 1846 aut
2544 1795 2751 1847 Enochi
2781 1808 3024 1850 amorem
3056 1796 3322 1862 divinum,
3354 1806 3408 1855 et
3433 1801 3577 1854 Noa-

2010 1883 2098 1936 chi
2129 1884 2422 1951 justitiam,
2456 1894 2512 1940 et
2563 1886 2947 1942 Melchisedeci
2981 1888 3127 1956 pium
3179 1893 3573 1954 sacerdbtium.

2007 1978 2060 2025 et
2089 1971 2319 2028 Abraha:
2345 1975 2708 2037 vocationem,
2738 1975 2922 2039 ﬁdem,
2983 1977 3359 2034 fortitudinem
3395 1990 3450 2036 et
3476 1997 3576 2035 ex-

2010 2064 2268 2132 quisitam
2321 2065 2772 2134 hospitalitatem,
2821 2067 3170 2122 decantatum
3225 2060 3322 2124 ﬁlii
3357 2072 3575 2126 sacriﬁ-

2009 2155 2173 2220 cium,
2209 2164 2262 2211 et
2289 2157 2518 2211 aliorum
2543 2156 2661 2225 ejus
2687 2159 3016 2214 eximiorum
3041 2159 3348 2216 facinorum
3367 2163 3577 2218 catalo-

2009 2261 2158 2316 gum,
2193 2255 2378 2316 atque,
2417 2257 2478 2302 ut
2509 2249 2562 2302 in
2593 2264 2806 2304 summa
2835 2249 3036 2314 dicam,
3073 2250 3386 2308 divinorum
3429 2255 3578 2308 viro-

2007 2351 2128 2392 rum
2176 2339 2396 2393 illorum
2453 2342 2777 2404 certamina,
2827 2343 3111 2406 victorias,
3137 2347 3434 2413 praeconia,
3470 2347 3577 2402 nisi

2009 2429 2370 2498 intelligentis
2397 2431 2678 2501 divinique
2710 2433 2948 2502 Spiritus
3004 2436 3191 2491 radios
3232 2441 3577 2510 accepisset?

2010 2519 2126 2575 lloc
2155 2521 2284 2574 mihi
2312 2536 2528 2592 quoque
2555 2523 2608 2576 in
2632 2526 2924 2591 praesentia
2957 2541 3096 2596 Opus
3119 2533 3204 2583 est
3228 2531 3454 2594 auxilio,
3479 2533 3572 2601 qui

2008 2625 2174 2666 coner
2206 2612 2368 2666 vitam
2393 2613 2744 2668 conscribere
2775 2625 3112 2680 sanctorum,
3141 2619 3234 2688 qui
3266 2620 3424 2689 paulo
3448 2629 3574 2676 ante

2006 2709 2130 2767 nos,
2163 2712 2216 2757 et
2249 2704 2454 2758 nostris
2501 2705 2840 2774 temporibus
2889 2707 3154 2772 claruere,
3211 2715 3265 2763 et
3309 2710 3574 2779 quasdam

2006 2796 2176 2850 veluti
2202 2796 2348 2864 leges
2398 2797 2564 2852 velim
2609 2798 2813 2852 imitari
2845 2814 2941 2854 eos
2967 2800 3322 2870 cupientibus
3369 2816 3570 2871 propo-

2008 2904 2159 2944 nere.
2195 2889 2416 2943 Illorum
2451 2901 2584 2961 ergo
2613 2891 2928 2947 invocanda
2957 2899 3088 2948 sunt
3112 2907 3323 2963 preces,
3364 2905 3418 2947 et
3441 2893 3573 2948 inci-

337 2973 456 3024 σίαν
493 2977 600 3029 τοῖς
651 2972 845 3041 ζηλοῦν
868 2965 1106 3022 ἐθέλουσι
1138 2970 1441 3039 βουλομένῳ
1467 2973 1767 3038 προτεῖναι.
1790 2969 1901 3031 Τὰς

2011 2977 2204 3048 pienda
2239 2979 2502 3034 narratio.

331 3063 535 3117 τούτων
556 3062 731 3116 τοίνυν
753 3061 1056 3134 προσευχὰς
1082 3060 1422 3130 ἐπικλητέον,
1454 3061 1547 3114 καὶ
1586 3061 1684 3130 τῆς
1711 3060 1901 3132 διηγή-

337 3172 473 3217 σεως
507 3155 756 3224 ἀρκτέον.

403 3246 616 3308 Νίσιῦίς
661 3247 778 3298 ἐστι
813 3245 966 3309 πόλις
990 3244 1046 3297 έν
1075 3243 1311 3315 μεθορίῳ
1355 3245 1452 3314 τῆς
1499 3242 1783 3315 Ῥωμαίων
1809 3245 1904 3298 καὶ

335 3336 556 3407 Περσῶν
588 3335 887 3405 βασιλείας.
928 3335 961 3406 ἥ
997 3337 1160 3389 πάλαι
1198 3337 1294 3405 μέν
1340 3326 1630 3404 Ῥωμαίοις
1669 3337 1900 3406 ἐδασμο-

333 3429 506 3497 φόρει,
553 3431 646 3480 καὶ
681 3427 784 3480 ὑπὸ
833 3427 930 3497 τὴν
979 3428 1183 3480 τούτων
1246 3427 1538 3498 ἠγεμονίαν
1577 3427 1768 3480 ἐτέλει.
1808 3429 1901 3480 Ἐκ

331 3517 530 3586 ταύτης
553 3517 867 3588 ὁρμώμενος
909 3521 937 3570 ὀ
991 3519 1160 3586 μέγας
1196 3517 1470 3580 Ἰάκωϐος,
1500 3516 1592 3569 τὸν
1638 3518 1901 3589 ἐρημικὺν

321 3609 424 3670 καὶ
454 3607 672 3677 ἡσύχιον
721 3608 1002 3675 ἠσπάσατο
1047 3607 1179 3678 βίον,
1222 3610 1313 3661 κα)⁸
1357 3607 1452 3670 τὰς
1484 3607 1591 3660 τῶν
1633 3609 1901 3680 ὑψηλοτά-

329 3707 434 3752 των
465 3697 606 3766 ὀρῶν
643 3695 958 3750 καταλαϐὼν
1007 3700 1267 3768 κορυφὰς,
1310 3701 1368 3752 ἐν
1413 3700 1650 3762 ἐκείναις
1693 3701 1896 3771 διῆγεν’

329 3791 385 3842 ἐν
413 3789 534 3860 ἔαρι
572 3790 692 3858 μέν,
723 3791 816 3842 κα)⁸
849 3788 1015 3860 θέρει,
1057 3791 1150 3842 καὶ
1186 3789 1486 3862 μετοπώρῳ
1518 3794 1637 3854 ταῖς
1674 3791 1899 3862 λόχμαις

328 3881 624 3951 χρώμενος,
661 3883 755 3934 καὶ
785 3881 973 3953 ὄροφον
1009 3881 1256 3952 ἔχων-ἑὸν
1305 3883 1557 3952 οὐρανόνδ
1601 3883 1692 3937 τὸν
1713 3884 1768 3938 δέ
1805 3884 1898 3937 τοῦ

325 3972 588 4041 χειμῶνος
623 3975 813 4044 καιρὸν
866 3975 1060 4044 ἄντρον
1094 3972 1254 4026 αὑτὸν
1290 3973 1605 4045 ὑπεδέχετο,
1641 3975 1899 4045 βραχεῖαν

328 4064 536 4133 σκέπην
559 4068 816 4134 παρέχον.
847 4065 1062 4134 Τροφὴν
1084 4066 1138 4117 δέ
1158 4059 1323 4133 εἶχεν,
1343 4065 1404 4116 ού
1443 4066 1541 4134 τὴν
1569 4065 1704 4134 μετὰ
1736 4065 1898 4117 πόνου

328 4155 688 4224 σπειρομένην
706 4157 798 4206 καὶ
827 4157 1124 4224 φυομένην,
1154 4151 1288 4206 ἀλλὰ
1313 4154 1409 4222 τὴν
1431 4154 1748 4224 αὐτομάτως
1775 4155 1900 4222 βλα-

328 4245 648 4295 στάνουσαν.
689 4243 810 4295 Τῶν
837 4243 945 4312 γὰρ
974 4244 1180 4314 ἀγρίων
1198 4243 1430 4312 δένδρων
1461 4247 1585 4306 τοὺς
1610 4244 1896 4313 αὐτοφυεῖς

2076 3250 2280 3309 Nisibis
2320 3252 2451 3308 urbs
2495 3263 2582 3309 est
2613 3251 2668 3308 in
2705 3253 2946 3309 cannnio
2984 3255 3138 3324 regni
3189 3255 3570 3312 Romanorum

2003 3355 2057 3400 ct
2083 3345 2373 3400 Persarum
2404 3347 2599 3416 posita,
2631 3355 2750 3416 quae
2803 3348 3065 3402 Romanis
3101 3349 3230 3402 olim
3284 3349 3574 3418 vectigalis

2004 3442 2144 3500 erat,
2187 3447 2488 3507 eorumque
2535 3439 2762 3508 parebat
2823 3438 3078 3506 imperio.
3131 3437 3208 3492 Ex
3256 3438 3358 3492 hac
3414 3449 3571 3492 ortus

2003 3547 2236 3602 magnus
2261 3531 2523 3596 lacubus,
2572 3531 2873 3587 solitariam
2906 3539 2962 3585 et
3012 3531 3254 3600 quietam
3285 3532 3450 3584 vitam
3483 3542 3571 3586 est

2005 3624 2325 3692 amplexus:
2387 3621 2893 3690 altissimorumque
2959 3620 3225 3674 montium
3283 3619 3570 3688 occupatis

2003 3711 2327 3777 verticibus,
2353 3709 2406 3763 in
2442 3710 2529 3765 bis
2555 3710 2721 3763 vitam
2749 3711 2882 3777 egit,
2901 3724 3028 3762 vere
3059 3709 3281 3777 quidem
3306 3716 3360 3762 et
3383 3716 3571 3760 aestate

2003 3812 2166 3874 atque
2199 3809 2466 3856 autumno
2497 3803 2664 3857 silvas
2688 3811 2902 3871 petens,
2933 3811 2985 3856 et
3011 3815 3110 3870 pro
3134 3802 3152 3821 ‘
3189 3809 3334 3854 tecto
3357 3800 3568 3854 habens

2002 3894 2221 3958 malum,
2254 3893 2449 3946 hiemis
2493 3907 2622 3946 vero
2675 3900 2920 3962 tempore
2971 3890 3026 3944 in
3055 3898 3274 3944 antrum
3337 3906 3396 3946 se
3422 3891 3566 3946 reci-

2001 3986 2177 4052 piens,
2209 3984 2354 4052 quod
2380 3999 2607 4052 parvum
2649 3984 2697 4037 ei
2733 3984 3011 4053 praebebat
3055 3991 3448 4054 tegumentum.
3477 3982 3568 4036 Ci-

2000 4072 2103 4127 bus
2131 4067 2344 4142 1109
2370 4073 2446 4126 illi
2488 4080 2627 4134 erat,
2677 4088 2785 4126 non
2815 4075 2908 4141 qui
2944 4088 3068 4126 cum
3101 4073 3288 4126 labore
3321 4071 3568 4125 nascitur

2000 4171 2053 4218 et
2081 4164 2307 4223 seritur,
2340 4163 2434 4216 sed
2459 4163 2552 4231 qui
2586 4177 2686 4216 sua
2733 4170 2932 4230 sponte
2959 4161 3302 4229 producitur.
3365 4159 3440 4213 Ex
3466 4161 3568 4214 sil-

1999 4251 2272 4304 vestribus
2302 4250 2446 4302 enim
2487 4249 2778 4302 arboribus
2830 4247 3044 4315 sponte’
3081 4256 3243 4302 natos
3300 4247 3566 4316 colligens

328 4333 599 4405 συλλέγων
634 4335 900 4402 καρποὺς,
926 4334 1021 4385 καὶ
1070 4333 1179 4385 τῶν
1208 4333 1447 4402 βοτανῶν
1475 4334 1574 4396 τὰς
1605 4335 1896 4406 ἐδωδίμους

2007 4339 2234 4402 fructus,
2257 4346 2312 4392 et
2335 4353 2402 4392 ex
2427 4338 2612 4393 herbis
2632 4337 2968 4399 esculentas,
2997 4343 3050 4390 et
3076 4351 3198 4405 quae
3236 4337 3411 4391 instar
3437 4349 3570 4391 sunt

325 4431 417 4484 καὶ
440 4429 784 4499 λαχανώδεις,
829 4431 891 4481 ἐκ
939 4429 1143 4483 τούτων
1181 4431 1349 4483 ἐδίδου
1368 4430 1444 4501 τῷ
1472 4430 1683 4500 σώματι
1708 4432 1776 4486 τὰ
1816 4434 1896 4495 είς

322 4521 382 4577 τὸ
412 4524 509 4594 ζῇν
563 4521 909 4592 ἀποχρῶντα.
957 4521 1052 4592 τὴν
1097 4527 1191 4576 τοῦ
1248 4523 1418 4595 πυρὸς
1467 4524 1895 4601 παραιτούμενος

323 4615 530 4686 χρείαν.
566 4615 798 4684 Περιττὴ
844 4613 900 4666 δὲ
931 4607 999 4684 ἦν
1038 4614 1186 4686 αὐτῷ
1217 4616 1310 4668 καὶ
1349 4615 1458 4667 τῶν
1491 4600 1652 4686 ἐρίων
1687 4619 1718 4686 η
1761 4619 1895 4687 χρῆ-

324 4715 426 4770 et;
454 4709 509 4759 αἱ
536 4711 643 4777 γὰρ
670 4706 998 4778 τραχύτατοι
1026 4706 1133 4760 τῶν
1173 4708 1342 4777 αἰγῶν
1365 4707 1546 4779 τρίχες
1576 4709 1644 4762 τὰ
1667 4709 1893 4762 ἐκείνων

320 4797 610 4869 ἐπλήρουν.
657 4796 752 4852 Ἐκ
774 4795 973 4852 τούτων
1005 4797 1154 4870 αύτῷ
1193 4800 1284 4852 καὶ
1322 4801 1484 4868 χιτὼν
1517 4801 1752 4869 ἐγένετο,
1804 4803 1896 4856 καὶ

320 4889 380 4942 ἰδ
399 4890 601 4942 ἁπλοῦν
648 4891 1008 4962 περιϐόλαιον.
1041 4889 1194 4943 Οὕτω
1227 4893 1286 4943 τό
1321 4891 1480 4960 σῶμα
1517 4891 1891 4962 κατατρύχων,

321 4983 414 5034 καὶ
435 4982 533 5054 τὴν
562 4983 936 5055 πνευματικὴν
952 4985 1155 5054 τροφὴν
1175 4983 1436 5052 διηνεκῶς
1469 4985 1774 5056 προσέφερε
1824 4989 1890 5058 τῇ

319 5069 486 5142 ιζιυχῇ,
529 5075 624 5124 καὶ
646 5074 707 5126 τὺ
765 5071 854 5140 τῆς
875 5073 1114 5137 διανοίας
1161 5075 1381 5128 ὀπτικὸν
1403 5076 1768 5147 ἐκκαθαίρων,
1796 5081 1890 5131 καὶ

321 5161 625 5231 κάτοπτρον
654 5159 907 5230 διαφανὲς
947 5163 1040 5218 τοῦ
1072 5165 1216 5218 θείου
1263 5166 1685 5231 κατασκευάζων
1720 5169 1889 5221 Πνεύ-

323 5258 511 5319 ματος,
542 5251 1043 5324 ἀνακεκαλυμμένῳ
1089 5253 1386 5326 προσώπῳ,
1428 5256 1567 5310 κατὰ
1616 5256 1708 5309 τὸν
1749 5255 1891 5311 θεῖον

334 5341 672 5407 ’Λπόστολον,
705 5361 724 5393 ι
763 5343 872 5415 Τὴν
911 5345 1066 5410 δόξαν
1119 5339 1324 5419 Κυρίου
1375 5348 1886 5420 κατοπτριζόμενοςι

319 5431 418 5502 τὴν
451 5433 618 5504 αὐτὴν
645 5433 828 5488 είκόνα
861 5438 1260 5508 μετεμορφοῠτο
1287 5439 1393 5493 ἀπὸ
1420 5439 1577 5512 δόξης
1604 5443 1683 5504 είς
1709 5442 1886 5510 δόξαν,

396 5607 420 5646 ⁸
468 5605 506 5658 11
539 5605 662 5659 Cor.
703 5620 782 5671 ιιι,
813 5604 898 5661 18.

2001 4433 2234 4494 olerum,
2272 4447 2338 4484 ex
2370 4430 2454 4484 bis
2495 4429 2716 4498 corpori
2757 4427 2921 4482 dabat
2951 4444 3074 4498 quae
3113 4429 3180 4483 ad
3214 4429 3376 4483 vitam
3407 4437 3568 4482 tuen.

1999 4525 2124 4579 dam
2173 4524 2309 4578 satis
2365 4532 2539 4586 erant,
2593 4521 2734 4591 ignis
2791 4531 2951 4575 usum
3008 4521 3228 4591 penitus
3279 4537 3566 4577 recusans.

2003 4615 2170 4671 Usum
2207 4630 2428 4684 quoque
2489 4613 2735 4665 lanarum
2793 4617 3257 4680 sbpervacaneum
3310 4611 3564 4670 ducebat,

1997 4721 2301 4774 earumque
2330 4705 2507 4757 vicem
2551 4701 2840 4772 asperrimi
2905 4716 3198 4772 caprarum
3233 4703 3346 4757 villi
3376 4705 3566 4774 exple-

2005 4797 2160 4859 bant,
2207 4811 2271 4850 ex
2311 4796 2510 4864 quibus
2542 4802 2596 4848 et
2653 4793 2839 4846 tunica
2896 4793 2970 4847 illi
3009 4793 3194 4858 ﬁebat,
3237 4803 3292 4848 et
3331 4795 3566 4864 simplex

2004 4887 2324 4940 amiculum.
2349 4885 2430 4938 ita
2454 4899 2654 4953 corpus
2678 4883 2943 4953 atiligens,
2975 4885 3222 4953 spiritale
3245 4885 3563 4940 alimentum

2002 4977 2224 5032 assidue
2256 4975 2643 5045 suppeditabat
2678 4974 2895 5038 animm,
2929 4976 3240 5044 mentisque
3269 4975 3440 5030 aciem
3471 4991 3567 5029 ex-

2000 5085 2264 5140 purgatis,
2316 5077 2370 5121 et
2419 5067 2592 5120 divini
2626 5066 2868 5137 Spiritus
2923 5067 3272 5136 perspicuum
3326 5065 3565 5122 emciens

1999 5160 2306 5230 speculum,
2353 5158 2591 5212 revelata
2642 5158 2812 5221 facie,
2847 5158 3002 5227 juxta
3045 5158 3291 5212 divinum
3337 5159 3565 5228 Aposto-

1999 5255 2108 5308 lum
2137 5257 2183 5318 Β,
2222 5271 2242 5305 ι
2302 5250 2541 5306 Gloriam
2591 5250 2802 5305 Domini
2843 5251 3156 5320 speculans,
3211 5251 3265 5304 in
3318 5249 3562 5304 eamdem

1999 5343 2499 5400 transformabatur
2546 5341 2839 5410 imaginem
2899 5357 2927 5393 a
2995 5341 3164 5410 gloria
3221 5341 3277 5395 in
3328 5341 3557 5410 gloriam

1997 5449 2258 5507 tanquam
2287 5451 2316 5488 a
2371 5433 2579 5504 Spiritu
2619 5430 2854 5488 Domini.
2884 5452 2900 5483 ι
2952 5432 3090 5489 Hinc
3124 5433 3247 5503 ejus
3278 5434 3335 5490 in
3389 5433 3560 5490 Deum
