3974 6212
460 223 599 285 1295

1446 214 1936 278 THEODORETI
1968 219 2305 281 EPISCOPI
2345 221 2710 283 CYRENSIS

3574 228 3713 295 1296

454 337 581 391 frdui
602 336 652 389 ia
687 334 989 403 augebatur
1020 333 1077 387 in
1106 332 1247 394 dies,
1275 338 1329 385 et
1369 346 1398 383 a
1428 329 1536 383 Deo
1564 340 1754 400 petens
1790 349 1910 403 quae
1941 350 2014 405 per

2131 336 2379 408 καθάπερ
2405 338 2512 391 ἀπὸ
2542 337 2743 407 Κυρίου
2769 338 3100 411 Πνεῦματοε.
3145 359 3165 393 ι
3211 342 3546 418 Ἐντεῦθενή
3574 350 3711 420 πρὸς

451 435 565 483 tere
589 424 912 495 oportebat,
947 437 1010 477 ea
1057 421 1244 476 statim
1282 421 1587 476 obtinebat.
1650 421 1790 479 lliuc
1840 425 2021 479 futura

451 530 672 588 quoque
713 514 1100 584 prophetarum
1162 527 1315 567 more
1391 512 1745 582 prmvidehat,
1819 525 1873 569 et
1959 516 2024 568 ad

452 606 705 662 facienda
736 605 1003 659 miracula
1039 604 1295 659 virtutem
1342 618 1372 657 a
1404 604 1739 659 sanctissimi
1790 605 2027 676 Spiritus

452 698 628 767 gratia
657 696 1020 767 percipiebat.
1046 693 1125 748 Ex
1162 695 1248 749 his
1280 709 1454 764 pauca
1482 696 1948 759 commemorabo,
1973 703 2028 750 et

453 788 749 860 apostolici
781 787 905 857 ejus
948 785 1260 857 splendoris
1295 786 1506 841 radium
1542 785 1610 839 iis
1643 785 1735 854 qui
1771 789 2027 843 nesciunt

452 879 716 951 aperiam.

525 1062 753 1134 Vigebat
782 1063 874 1115 illo
908 1070 1154 1131 tempore
1187 1062 1468 1116 hominum
1521 1060 1738 1115 insania
1786 1077 1915 1131 erga
1950 1060 2026 1115 si-

450 1155 728 1219 mulacra,
758 1162 812 1210 et
848 1155 1103 1209 inanimae
1135 1153 1358 1224 quidem
1388 1162 1588 1208 statuae
1627 1152 1872 1207 divinum
1917 1152 2023 1207 sibi

449 1247 658 1302 cultum
712 1246 1105 1307 vindicabant,
1150 1243 1244 1299 Dei
1283 1252 1467 1298 autem
1503 1244 1688 1298 cultus
1727 1244 1891 1312 vulgo
1926 1258 2026 1296 nc-

448 1338 757 1410 gligebatur
790 1352 819 1390 a
854 1336 1108 1407 plurimis
1141 1355 1154 1391 :
1193 1336 1648 1407 contemptuique
1680 1335 2024 1389 habebantur

447 1429 542 1499 qui
602 1427 884 1483 ebrietatis
936 1442 1127 1482 eorum
1182 1427 1450 1482 nolebant
1502 1441 1628 1481 esse
1685 1425 2019 1494 participes,

445 1518 653 1588 quique
683 1516 927 1587 perfecta
968 1516 1173 1571 virtute
1212 1515 1426 1586 υττεόίιί
1462 1530 1552 1571 res
1593 1513 2019 1576 discernebant,

443 1618 500 1666 et
531 1609 955 1665 simulacrorum
1000 1607 1243 1663 ridentes
1285 1606 1770 1672 imbecillitatem,
1798 1605 2022 1659 univer-

2129 426 2218 479 τὸν
2248 426 2380 480 Θεὸν
2410 428 2559 498 αὐτῴ
2608 431 2889 501 παρρησία
2941 431 3063 485 καθ’
3100 431 3338 503 ἑκάστην
3366 432 3564 504 ηὔξετο
3612 441 3714 509 τὴν

2129 519 2370 589 ἡμέραν,
2408 522 2502 573 καὶ
2534 521 2698 574 αἰτῶν
2741 521 2776 575 ἀ
2803 523 2893 575 τὸν
2925 522 3058 575 Θεὸν
3099 526 3272 577 αίτεῖν
3292 523 3419 588 ἔδει,
3446 530 3715 599 παραυτί-

2131 628 2201 663 κα
2230 610 2555 681 ἐλάμϐανεν.
2582 612 2863 665 Ἐντεῦθεν
2901 614 2996 667 καὶ
3044 613 3113 666 τὰ
3165 615 3399 685 ἐσόμενα
3443 635 3715 688 προφητιο

2131 703 2241 765 κῶς
2290 701 2567 774 προεώρα,
2616 705 2712 757 καὶ
2768 703 2997 775 δύναμιν
3035 708 3116 768 είς
3159 706 3605 780 θαυματουργίαν
3646 713 3715 764 ἐκ

2129 792 2227 862 τῆς
2258 791 2353 845 τοῦ
2385 793 2544 862 ἁγίου
2574 794 2890 865 Πνεύματος
2938 795 3155 861 ἐδέξατο
3203 798 3443 868 χάριτος.
3492 802 3719 855 Τούτων

2129 884 2285 953 ὀλίγα
2321 886 2675 959 διηγήσομαι,
2723 890 2817 942 καὶ
2844 890 2942 959 τῆς
2985 889 3346 959 ἁποστολικῆς
3373 892 3536 946 αὑτοῦ
3571 894 3717 966 λαμ-

2130 976 2357 1043 πηδόνος
2380 980 2489 1040 τοῖς
2512 975 2770 1046 ἀγνοοῦσι
2809 977 2904 1047 τὴν
2933 978 3123 1030 ἀκτῖνα
3155 977 3402 1047 δηλώσω.

2204 1066 2457 1134 Ἤκμαζε
2483 1068 2600 1119 κατ’
2628 1069 2833 1121 ἐκεῖνον
2864 1067 2954 1121 τὸν
2985 1068 3176 1138 καιρὸν
3206 1070 3238 1139 ὴ
3266 1070 3391 1138 περὶ
3425 1070 3493 1123 τὰ
3512 1071 3719 1124 εἴδωλα

2127 1156 2235 1209 τῶν
2264 1157 2568 1225 ἀνθρώπων
2626 1160 2815 1228 μανία,
2865 1159 2960 1212 καὶ
3001 1160 3071 1212 τὰ
3105 1159 3203 1229 μὲν
3233 1161 3414 1231 ἄψυχα
3447 1162 3609 1226 ξόανα
3652 1164 3721 1217 τδ

2129 1244 2272 1299 θεῖον
2305 1248 2467 1310 σέϐας
2511 1250 2971 1322 ὲσφετερίζετο,ή
3015 1252 3072 1305 δὲ
3118 1253 3212 1306 τοῦ
3261 1252 3395 1306 Θεοῦ
3439 1255 3719 1324 θεραπεία

2129 1337 2234 1390 ὑπὸ
2266 1338 2376 1393 τῶν
2416 1339 2684 1393 πλείστων
2715 1342 3095 1412 κατημελεῖτοο
3128 1345 3595 1415 εὐκαταφρόνητοι
3656 1348 3718 1400 δὲ

2125 1423 2266 1500 ἦσαν
2293 1431 2341 1482 οί
2371 1433 2650 1484 κοινωνεῖν
2683 1432 2781 1501 μὲν
2805 1433 2906 1485 οὐκ
2934 1433 3208 1498 ἐθέλοντες
3238 1435 3467 1500 ἐκείνοις
3487 1436 3589 1505 τῆς
3613 1437 3720 1508 μὲ-

2128 1517 2246 1587 θης,
2279 1518 2479 1588 ἀκριϐῆ
2510 1519 2589 1583 δὲ,
2614 1519 2708 1573 ἆτε
2736 1519 2800 1589 δὴ
2828 1520 3365 1594 καθεστηκότες,τὴν
3388 1524 3499 1577 τῶν
3530 1525 3719 1578 ὄντων

2125 1607 2392 1680 διάκρισιν
2447 1608 2684 1680 ἔχοντες,
2715 1612 2808 1664 καὶ
2833 1611 2931 1683 τὴν
2962 1614 3063 1683 μὲν
3094 1614 3200 1668 τῶν
3237 1614 3470 1670 εἰδώλων
3499 1618 3721 1685 γελῶν-

454 1715 643 1756 sorum
677 1699 944 1770 Opiﬁcem
978 1699 1304 1755 adorabunt.
1339 1697 1768 1753 Veneratantcm
1810 1697 2014 1766 1110

2127 1716 2217 1762 τες
2244 1699 2553 1767 ἀσθένειαν,
2584 1700 2675 1755 τὸν
2702 1703 2831 1756 τῶν’
2850 1702 2987 1756 ὅλων
3023 1703 3081 1758 δὲ
3111 1706 3547 1775 προσκυνοῦντες
3598 1712 3721 1779 Δη-

457 1790 550 1846 ille
592 1805 691 1860 per
731 1789 782 1843 id
823 1797 1037 1859 tempus
1076 1789 1130 1842 in
1171 1786 1494 1849 Persidem,
1541 1787 1760 1840 visurus
1810 1786 2029 1854 plantas

447 1896 591 1938 verae
626 1880 952 1951 religionis,
989 1888 1045 1934 et
1074 1888 1471 1950 congruentem
1513 1878 1595 1933 eis
1636 1891 1824 1930 curam
1866 1875 2024 1930 exhi-

444 1974 665 2030 biturus
691 1993 704 2027 :
734 1988 974 2043 cumque
1005 1971 1211 2028 fontem
1238 1971 1531 2043 quemdam
1562 1969 1704 2025 forte
1735 1969 2019 2025 transmit-

446 2075 620 2133 teret,
650 2066 846 2137 puella:
876 2079 998 2135 quas
1032 2066 1091 2119 in
1125 2080 1191 2119 eo
1233 2079 1447 2134 pannos
1488 2063 1784 2125 lambunt.
1823 2071 1878 2117 et
1919 2078 2025 2117 vc-

444 2166 559 2215 stes
610 2157 841 2227 pedibus
888 2157 1310 2221 emundahant,
1366 2172 1568 2211 novum
1624 2171 1690 2210 ac
1736 2154 2023 2209 decentem

441 2249 568 2321 ejus
622 2249 872 2305 habitum
924 2248 1068 2304 nihil
1116 2249 1406 2313 reverita},
1455 2254 1623 2301 exuto
1668 2246 1913 2316 pudore,
1969 2253 2025 2300 ct

444 2337 710 2409 perfricta
742 2338 960 2406 fronte,
996 2338 1521 2409 impudentibusque
1556 2336 1737 2391 oculis
1772 2337 2021 2391 divinum

443 2429 720 2485 hominem
771 2430 1232 2500 conspiciebant,
1289 2446 1391 2486 nec
1433 2430 1615 2498 capita
1663 2430 2018 2500 operientes,

441 2538 542 2579 nec
571 2531 757 2579 vestes
807 2537 947 2593 quas
999 2522 1398 2578 succinxerant
1443 2521 1817 2576 demittentcs.
1862 2519 2020 2587 Quod

439 2629 584 2684 aagre
613 2613 797 2670 ferens
832 2615 997 2669 homo
1054 2612 1146 2669 Dei
1171 2651 1186 2677 ,
1239 2623 1617 2683 opportunum
1669 2623 1822 2667 ratus
1863 2614 1881 2634 '
1916 2610 2017 2666 Dei

440 2707 700 2762 virtutem
750 2706 1085 2771 ostendere,
1138 2713 1195 2758 ut
1243 2704 1447 2760 illustri
1496 2702 1764 2758 miraculo
1806 2703 1876 2757 ab
1917 2703 2020 2757 im-

436 2796 644 2866 pietate
676 2796 970 2861 liberaret,
1010 2795 1213 2850 foutem
1250 2804 1331 2850 cst
1361 2803 1688 2851 exsecratus
1709 2835 1723 2859 ,
1754 2806 1808 2850 et
1841 2793 2017 2849 ﬂucn~

439 2896 555 2942 tum
582 2887 875 2942 confestim
906 2887 1131 2942 evanuit
1156 2904 1169 2941 :
1200 2888 1412 2957 puellas
1440 2902 1663 2956 quoque
1691 2895 2016 2943 exsecratus

436 2985 559 3047 est,
603 2988 659 3034 et
708 2978 1080 3050 impudentem
1140 2993 1329 3033 earum
1380 2977 1666 3048 juventam
1718 2978 2013 3033 immatura
2041 3017 2084 3075 ε

436 3070 639 3126 canitie
667 3070 991 3141 castigavit,
1027 3084 1092 3124 ac
1137 3069 1305 3125 verba
1341 3068 1631 3124 confestim
1667 3068 1872 3124 factum
1926 3077 2010 3124 est

434 3172 794 3218 consecutum
816 3202 831 3226 ,
860 3168 1216 3232 mutatusque
1244 3169 1330 3217 est
1364 3160 1521 3231 niger
1549 3161 1703 3215 color
1733 3162 1969 3231 pilorum
1990 3198 2006 3226 ,

436 3262 494 3309 et
531 3253 742 3310 similes
775 3260 1071 3308 evaserunt
1113 3252 1348 3308 novellis
1376 3252 1677 3308 arboribus
1713 3268 1835 3322 quae
1880 3266 2010 3306 vere

435 3351 639 3417 opertae
670 3351 804 3399 sunt
833 3343 984 3400 foliis
1025 3344 1464 3401 autumnalibus.
1507 3342 1586 3398 Ita
1634 3360 1803 3399 sensu
1851 3351 2010 3398 tacta:

435 3435 689 3506 supplicii
726 3434 891 3506 (nam
925 3442 981 3489 et
1012 3434 1180 3490 fontis
1214 3432 1415 3489 fluenta
1450 3431 1784 3504 effugerant,
1817 3440 1872 3487 et
1908 3447 2009 3488 sua

432 3525 671 3582 invicem
708 3525 890 3596 capita
920 3526 1234 3591 intuentes,
1270 3524 1614 3594 repentinam
1643 3523 1795 3577 illam
1826 3531 2008 3576 muta-

434 3615 638 3671 tionem
664 3615 983 3686 videbant),
1010 3616 1217 3671 cursim
1247 3614 1317 3669 ad
1348 3614 1543 3669 urbem
1571 3612 2005 3679 contenderunt,

434 3708 829 3762 renuntiatum
853 3707 998 3777 quod
1023 3706 1324 3761 acciderat.
1350 3705 1454 3772 Qui
1478 3721 1600 3761 mox
1626 3714 2007 3769 accurrentes,

433 3803 493 3849 ut
521 3796 589 3851 ad
623 3811 879 3866 magnum
918 3793 1186 3852 Jacobum
1232 3804 1533 3861 venerunt,
1579 3806 1920 3867 rogaverunt
1950 3807 2010 3853 ut

430 3888 570 3943 iram
605 3897 1018 3958 compesceret,
1049 3895 1103 3943 et
1136 3904 1358 3959 pmnam
1395 3891 1726 3945 remitteret.
1752 3888 1849 3946 Ille
1877 3905 2008 3946 vero

434 3976 574 4031 nihil
607 3986 925 4042 cunctatus,
964 3977 1202 4035 Domino
1236 3995 1433 4050 preces
1461 3980 1685 4048 ohtulit,
1719 3990 1774 4036 et
1803 3979 2006 4036 ﬂuenta

428 4082 625 4123 rursus
655 4077 872 4125 scatere
895 4069 1064 4138 jussit
1091 4088 1105 4125 :
1137 4081 1252 4125 tum
1287 4071 1381 4126 illa
1409 4070 1593 4127 denuo
1625 4088 1656 4128 e
1684 4072 1804 4129 suis
1836 4088 2006 4143 pene-

428 4159 663 4215 tralibus
689 4160 823 4229 justi
852 4162 1083 4237 nutibus
1110 4161 1363 4217 derivata
1396 4174 1720 4234 eruperunt.
1752 4162 1868 4220 Hoc
1903 4164 2006 4220 im-

427 4259 670 4319 petrato,
697 4251 959 4322 petebant
985 4263 1043 4308 ut
1076 4255 1243 4310 etiam
1272 4256 1511 4311 filiarum
1536 4256 1789 4312 crinibus
1817 4256 2007 4327 pristi-

426 4360 535 4400 nus
559 4345 709 4401 color
734 4346 1078 4403 redderetur.
1105 4346 1312 4404 Ferunt
1339 4359 1520 4404 autem
1552 4350 1705 4405 illum
1740 4350 1844 4404 hoc
1867 4364 2004 4418 quo-
2036 4370 2082 4426 ι)

422 4448 532 4502 que
562 4434 943 4499 concessisse,
975 4448 1029 4490 et
1057 4436 1268 4505 puellas
1297 4436 1644 4506 requisiisse,
1682 4451 1805 4505 quae
1835 4436 2007 4505 plexrc

426 4523 529 4576 hac
561 4537 719 4592 parua
757 4523 1013 4580 fuerant:
1047 4527 1257 4595 1111
1295 4533 1351 4582 et
1385 4529 1648 4596 quoniam
1689 4541 1800 4581 non
1841 4540 2004 4581 vene-

425 4620 588 4679 runt,
637 4613 970 4684 supplicium
1024 4614 1357 4685 reliquisse,
1414 4616 1562 4686 quod
1613 4616 2003 4671 documentum

422 4701 565 4758 foret
595 4706 1011 4774 temperantiae,
1045 4716 1099 4760 et
1127 4718 1513 4777 argumentum
1546 4707 1848 4762 honestatis
1868 4749 1883 4774 ,
1915 4706 2003 4761 di-

422 4792 670 4864 vinaeque
705 4796 928 4852 virtutis
966 4806 1291 4866 perpetuum
1331 4806 1387 4853 et
1424 4797 1654 4853 evidens
1692 4799 2002 4853 monimen-

423 4893 561 4941 tum.
595 4885 729 4943 Tale
760 4886 864 4943 fuit
892 4889 1020 4943 novi
1055 4889 1224 4959 hujus
1260 4889 1429 4947 Mosis
1458 4891 1824 4958 miraculum,
1854 4890 2002 4963 quod

420 4976 641 5045 quidem
684 4992 795 5033 non
830 4978 1002 5049 virgae
1037 4979 1430 5049 percussione,
1465 4981 1563 5036 sed
1614 4981 1776 5050 signo
1819 4981 2002 5036 crucis

420 5065 727 5137 perfectum
757 5077 865 5127 est.
905 5068 1037 5125 Mihi
1064 5084 1197 5125 vero
1229 5082 1432 5140 praeter
1461 5070 1792 5126 miraculum
1829 5072 2003 5126 admi-

423 5155 531 5210 rari
563 5157 714 5213 subit
741 5158 1253 5215 mansuetudinem.
1288 5158 1475 5228 Neque
1502 5162 1647 5214 enim
1682 5169 1740 5214 ut
1770 5176 2002 5232 magnus

420 5246 646 5306 Eliszcus
681 5249 1030 5321 impudentes
1060 5251 1184 5306 illas
1219 5250 1431 5320 puellas
1462 5250 1608 5306 ursis
1642 5250 1867 5306 tradidit
1898 5256 2002 5309 imo

421 5339 715 5398 manibus:
746 5343 841 5399 sed
868 5385 883 5410 ,
920 5342 1148 5411 innoxia
1187 5343 1425 5413 quadam
1466 5342 1765 5414 disciplina
1798 5351 1853 5398 et
1881 5358 2002 5414 qua

418 5426 708 5487 dedecoris
744 5448 943 5503 parum
983 5432 1257 5498 habebat,
1288 5433 1549 5502 pietatem
1588 5434 1754 5487 simul
1793 5443 1846 5487 et
1880 5448 2002 5488 mo-

419 5518 757 5577 derationem
785 5523 1029 5581 edocuit.
1062 5522 1200 5589 Qua:
1230 5523 1453 5594 quidem
1496 5538 1605 5577 non
1649 5539 1716 5579 eo
1752 5524 1863 5580 disi
1885 5563 1900 5586 ,
1941 5532 1999 5578 ut

421 5610 739 5677 prophetam
780 5615 1004 5675 smvitia:
1043 5630 1300 5671 accusem
1349 5618 1536 5687 (absit
1574 5625 1631 5671 ut
1672 5616 1809 5671 adeo
1849 5616 2001 5671 iusa-

2136 1792 2416 1861 μιουργόν.
2480 1794 2620 1846 Κατ’
2665 1794 2877 1848 ἐκεῖνον
2924 1794 3016 1849 τὸν
3080 1796 3269 1868 καιρὸν
3327 1797 3423 1869 τῂν
3462 1801 3723 1871 Περσίδα

2131 1880 2423 1946 κατέλαϐε,
2453 1882 2522 1937 τὰ
2554 1882 2696 1952 φυτά
2723 1885 2822 1954 τῆς
2849 1885 3131 1948 εὐσεϐείας
3163 1887 3446 1957 ὀψόμενος,
3481 1888 3578 1940 καὶ
3612 1889 3725 1959 τὴν

2129 1971 2514 2042 προσήκουσαν
2561 1972 2747 2037 αὐτοῖς
2796 1973 3090 2043 θεραπείαν
3147 1977 3469 2049 προσοίσων’
3519 1976 3727 2049 πηγὴν

2125 2062 2181 2117 δὲ
2206 2063 2372 2117 αὐτοῦ
2412 2081 2534 2118 τινα
2561 2065 2807 2132 διιόντος,
2835 2066 2993 2138 κόραι
3027 2069 3170 2132 τινὲς
3223 2067 3440 2133 πλυνοῖς
3460 2068 3727 2138 ἐφεστῶ-

2127 2170 2240 2218 σαι,
2283 2155 2378 2208 καὶ
2409 2155 2601 2224 ἱμάτια
2628 2159 2741 2220 τοῖς
2762 2158 2921 2213 ποσὶν
2960 2159 3430 2230 ἀπορῤύπτρυσαι,
3461 2159 3591 2213 οὐδὲ
3618 2160 3720 2213 τοῦ

2126 2245 2404 2314 σχήματος
2443 2244 2503 2298 τὺ
2556 2244 2925 2317 καινοπρεπὲς
2960 2247 3390 2320 κατῃδέσθησαν,
3438 2248 3583 2303 ἀλλά
3614 2250 3725 2318 τὴν

2122 2333 2255 2386 αἱδὼ
2293 2333 2689 2406 ἀποῤῥίψασαι,
2738 2335 3241 2409 ἀπηρυθριασμὲνῳ
3279 2340 3584 2409 προσώπῳ,
3620 2341 3722 2393 καὶ

2121 2425 2394 2480 ἀναιδέσιν
2421 2425 2720 2497 ὀφθαλμοῖς
2766 2427 2853 2480 τὸν
2903 2426 3044 2481 θεῖον
3077 2428 3362 2499 ἄνθρωπον
3398 2429 3715 2502 ἐθεώρουν,

2120 2513 2245 2569 οὔτε
2274 2517 2371 2579 τὰς
2421 2518 2664 2587 κεφαλὰς
2699 2518 3201 2588 συγκαλύπτουσαι,
3229 2520 3347 2574 οὐδὲ
3389 2521 3460 2574 τὰ
3501 2523 3719 2588 ἀνεζω-

2123 2607 2296 2675 σμένα
2318 2607 2562 2678 χαλῶσαι
2590 2609 2801 2679 ἱμάτια.
2835 2610 3005 2664 Τοῦτο
3034 2611 3365 2683 δυσχεράνας
3392 2614 3419 2665 ὁ
3441 2612 3540 2666 τοῦ
3568 2612 3716 2668 Θεοῦ

2119 2694 2426 2767 ἄνθρωπος,
2466 2698 2559 2751 καὶ
2586 2697 2757 2763 δεῖξαι
2787 2698 2879 2752 τοῦ
2913 2698 3046 2752 Θεοῦ
3074 2700 3173 2771 τὴν
3203 2700 3427 2772 δύναμιν
3458 2704 3541 2765 εἰς
3585 2721 3717 2757 και-

2119 2787 2213 2856 ρὸν
2266 2787 2551 2859 ἐθελήσας,
2608 2789 2696 2844 ἵνα
2729 2794 2796 2861 τῇ
2843 2791 3263 2864 θαυματουργία
3292 2793 3389 2863 τῆς
3444 2794 3717 2859 ἀσεϐείας

2117 2876 2483 2950 ἐλευθερώσῃ,
2514 2879 2832 2950 ἐπηράσατο
2881 2882 2980 2952 μὲν
3008 2885 3076 2953 τῇ
3110 2886 3282 2954 πηγῇ,
3336 2885 3429 2936 καὶ
3470 2885 3713 2955 φροῦδον

2117 2969 2433 3041 παραυτίκα
2463 2969 2524 3024 τὸ
2579 2969 2792 3043 ῥεῖθρον
2838 2970 3076 3041 ἐγένετο·
3110 2975 3426 3045 ἐπηράσατο
3465 2976 3526 3029 δὲ
3582 2978 3715 3039 ταῖς

2120 3058 2358 3131 μείραξι,
2386 3060 2480 3113 καὶ
2511 3063 2608 3132 τὴν
2632 3060 2986 3131 ἀναίσχυντον
3007 3063 3187 3117 αὐτῶν
3210 3064 3438 3135 νεότητα
3467 3067 3715 3138 προώρῳ

2116 3150 2339 3204 ἐκόλασε
2375 3150 2557 3223 πολιᾷ,
2607 3152 2703 3205 καὶ
2734 3153 2918 3205 εἵπετο
2968 3151 3047 3222 τῷ
3083 3152 3226 3224 λόγῳ
3276 3154 3335 3207 τὸ
3365 3154 3563 3226 ἔργονο
3612 3158 3711 3211 καὶ

2115 3242 2177 3295 τὸ
2246 3243 2413 3314 μέλαν
2452 3242 2560 3296 τῶν
2614 3243 2818 3314 τριχῶν
2862 3243 3235 3315 ἐνηλλὰττετο,
3297 3246 3391 3298 καὶ
3427 3245 3715 3301 είὼκεσαν

2116 3333 2395 3402 νεοφύτοις
2429 3333 2670 3405 δένδροις
2705 3333 2764 3385 ὲν
2793 3332 2915 3404 ἔαρι
2949 3337 3294 3405 μετοπωρινὰ
3331 3334 3503 3404 φύλλα
3541 3354 3721 3409 περο-

2117 3424 2413 3495 κειμένοις.
2438 3425 2625 3489 Οὕτως
2660 3425 2980 3497 αἰσθόμεναι
3007 3427 3103 3498 τῆς
3134 3425 3425 3497 τιμωρίας
3474 3427 3587 3498 τῆς
3652 3448 3717 3484 τε

2116 3515 2225 3587 γὰρ
2271 3518 2453 3588 πηγῆς
2484 3519 2695 3591 ἀπέδρα
2752 3520 2820 3574 τὰ
2874 3520 3112 3590 νάματα,
3166 3520 3260 3572 καὶ
3304 3519 3399 3583 τὰς
3448 3519 3719 3591 ἀλλήλων

2117 3608 2385 3678 θεώμεναι
2456 3612 2739 3680 κεφαλὰς,
2810 3612 2997 3685 ἐώρων
3055 3612 3155 3682 τὴν
3221 3610 3423 3684 ἀθρόαν
3480 3611 3718 3681 ἐκείνην

2118 3701 2423 3774 μεταϐολήν
2458 3719 2471 3731 '
2536 3703 2771 3776 ἔδραμον
2828 3707 2908 3770 είς
2956 3705 3054 3777 τὴν
3130 3704 3282 3759 πόλιν
3345 3704 3406 3758 τὸ
3474 3706 3719 3775 συμϐὰν

2113 3794 2573 3863 ἀπαγγέλλουσαι.
2638 3796 2700 3850 Οἱ
2757 3796 2814 3849 δὲ
2857 3795 3177 3868 δραμόντες,
3234 3794 3327 3847 καὶ
3365 3794 3462 3848 τὸν
3526 3798 3719 3865 μέγαν

2114 3885 2806 3953 καταλαϐόντεςἹάκωϐον,
2836 3886 3081 3940 ἱκέτευον
3110 3885 3347 3956 χαλᾶσαι
3370 3887 3474 3956 τὴν
3502 3888 3719 3956 ὀργὴν,

2112 3974 2210 4028 καὶ
2250 3974 2407 4028 λῦσαι
2458 3974 2558 4044 τὴν
2608 3978 2902 4047 τιμωρίαν.
2936 3977 2995 4030 ⁸0
3031 3976 3089 4030 δὲ
3119 3977 3256 4048 μηδὲ
3288 3976 3463 4047 βραχὺ
3496 3976 3721 4045 peni;-

2114 4083 2235 4130 σας,
2267 4068 2569 4139 προσέφερε
2618 4068 2715 4139 μὲν
2753 4068 2830 4139 τῷ
2865 4068 3109 4140 Δεσπότη
3160 4069 3261 4138 τὴν
3298 4067 3535 4132 ἱκεσίαν,
3579 4068 3725 4121 ἐκέ-

2111 4154 2235 4209 λευε
2280 4155 2337 4209 δὲ
2368 4157 2526 4211 πάλιν
2571 4155 2872 4211 ἀναϐλῦσαι
2910 4157 2978 4211 τά
3006 4159 3241 4227 νάματα·
3277 4157 3344 4210 τά
3381 4157 3441 4210 δὲ
3476 4175 3723 4229 παραυ-

2110 4247 2239 4301 τίκα
2282 4247 2444 4301 πάλιν
2500 4249 2565 4302 ἐκ
2613 4247 2722 4303 τῶν
2765 4248 2981 4303 οἰκείων
3038 4248 3360 4318 ἀνεφαίνετο
3394 4250 3727 4318 ταμιείων,

2109 4341 2223 4403 τοῖς
2257 4338 2350 4393 τοῦ
2376 4338 2581 4393 δικαίου
2615 4339 3074 4411 μετοχετευόμενα
3098 4339 3377 4410 νεύμασιν.
3403 4338 3465 4392 Ui
3495 4338 3558 4391 δὲ
3586 4339 3735 4393 ’τού-

2110 4447 2217 4484 των
2250 4430 2630 4501 τετυχηκότες,
2657 4433 2751 4485 καὶ
2778 4434 2890 4495 τοῖς
2909 4433 3214 4503 πλοκάμοις
3242 4430 3351 4483 τῶν
3373 4430 3740 4503 θυγατέρων

2105 4519 2206 4590 τὴν
2240 4521 2513 4592 προτέραν
2540 4523 2856 4593 ἠντιϐόλουν
2898 4525 3065 4595 χρόαν
3105 4522 3448 4593 ἀποδοθῆναι.
3492 4523 3623 4576 Τὸν
3670 4525 3741 4577 δὲ

2106 4607 2246 4674 εἶξαι
2281 4612 2378 4681 μὲν
2406 4612 2497 4666 καὶ
2529 4613 2687 4666 τοῦτό
2715 4630 2899 4681 φασιν,
2928 4613 3253 4684 ἐπιζητῆσαι
3285 4612 3342 4665 δὲ
3371 4613 3471 4675 τὰς
3506 4614 3744 4686 κόρας,

2105 4698 2205 4760 τὰς
2225 4697 2322 4769 τὴν
2352 4699 2602 4753 παιδείαν
2629 4702 2845 4774 ἐκείνην
2892 4701 3210 4773 δεξαμένας·
3243 4701 3339 4756 καὶ
3362 4702 3575 4772 ἐπειδὴ
3622 4706 3749 4758 οὐκ

2106 4787 2381 4857 ἀφίκοντο,
2410 4791 2570 4845 ἐᾶσαι
2605 4791 2703 4862 τὴν
2735 4794 3025 4865 τιμωρίαν,
3052 4792 3287 4863 δίδαγμα
3310 4796 3750 4869 σωφροσύνης,

2107 4880 2201 4933 καὶ
2239 4880 2538 4952 εὐκοσμίας
2584 4883 2862 4949 ὑπόθεσιν,
2900 4885 2992 4937 καὶ
3036 4887 3136 4956 τῆς
3190 4883 3343 4946 θείας
3402 4886 3755 4958 δυνάμεως

2107 4971 2403 5043 ὑπόμνημα
2455 4971 2698 5043 διηνεκές
2737 4991 2795 5028 τε
2856 4975 2948 5028 καὶ
3004 4974 3251 5046 ἐναργές.
3296 4973 3583 5031 Τοιοῦτον
3640 4980 3753 5035 τοῦ

2106 5062 2226 5115 νέου
2259 5060 2452 5115 τούτου
2491 5062 2775 5128 Μωῦσέως
2821 5064 2883 5117 τὸ
2913 5063 3121 5135 θαῦμα,
3166 5065 3228 5117 οὐ
3268 5063 3451 5135 πληγῇ
3500 5070 3756 5137 ρἀδσυ

2105 5155 2413 5225 γενόμενον,
2446 5153 2581 5208 ἀλλά
2631 5154 2708 5225 τῷ
2744 5156 2838 5208 τοῦ
2880 5157 3117 5228 σταυροῦ
3160 5156 3372 5228 σημείῳ
3394 5157 3757 5229 δεξάμενον

2104 5245 2201 5317 τὴν
2249 5247 2548 5318 ἐνέργειαν.
2604 5247 2742 5316 Ἐγὼ
2780 5246 2836 5302 δὲ
2873 5250 3008 5319 πρὸς
3048 5251 3113 5320 τῇ
3152 5248 3621 5325 θαυματουργία.
3653 5275 3763 5311 κο-

2109 5338 2235 5408 μιδῇ
2268 5337 2531 5408 θαυμάζω
2574 5339 2666 5391 καὶ
2725 5338 2822 5411 τὴν
2854 5339 3157 5412 πραότητα.
3210 5340 3345 5393 Οὐδὲ
3380 5340 3511 5413 γὰρ
3572 5347 3676 5413 ὡς
3732 5352 3767 5404 ὁ

2108 5429 2283 5499 μέγας
2347 5429 2645 5494 Ἐλισσαῖος
2698 5428 2888 5502 ἄρχοις
2935 5431 3249 5503 αἱμοϐὀροις
3295 5430 3395 5494 τὰς
3436 5434 3765 5505 -ἀναιδεξ

2105 5522 2319 5586 ἐκείνας
2371 5522 2654 5594 παρέδωκε
2705 5524 2896 5595 κόρας
2952 5524 3069 5579 ἀλλ’
3115 5524 3340 5587 ἀϐλαϐεῖ
3394 5541 3537 5582 τινε
3584 5550 3768 5599 λεαι-

2103 5613 2247 5684 δεία,
2267 5614 2360 5668 καί
2395 5615 2633 5684 σμικρὰν
2658 5615 2857 5687 ἐχούσῃ
2881 5615 2979 5687 τὴν
3009 5617 3281 5688 ἀκοσμίαν
3314 5622 3767 5695 χρησάμενος,
