3974 6212
300 324 434 390 1937

1527 323 1935 384 RELIGIOSA
1990 321 2374 382 HISTORIA.

3428 317 3564 383 1298

298 437 579 493 εὐσέϐειαν
607 433 742 504 ὁμοῦ
789 432 882 486 καλ⁵
923 431 1221 503 εὐκοσμίαν
1267 427 1493 495 ἐδίδαξε.
1544 431 1654 483 Καὶ
1703 428 1875 483 ταῦτα

1996 429 2121 482 riam
2149 430 2209 498 ι),
2241 427 2336 482 sed
2379 432 2439 481 ut
2476 425 2765 482 ostendam
2810 426 2986 490 illum,
3011 440 3147 481 eum-
3179 425 3441 482 eamdem'
3464 427 3565 482 ha-

298 529 456 597 ἔφην,
493 526 592 578 οὐκ
629 524 902 593 ἀπήνειαν
935 520 1030 575 τοῦ
1068 523 1353 593 προφήτου
1408 519 1754 589 κατηγορῶν,
1800 519 1878 588 μὴ

298 616 441 669 οὕτω
483 614 730 684 μανείην·
779 609 917 665 ἀλλὰ
959 610 1170 674 δεικνὺς
1204 610 1279 674 ώς
1329 608 1544 679 ἐκείνην
1593 608 1732 679 ἔχων
1778 608 1879 679 τὴν

298 706 547 775 δύναμιν,
588 707 652 775 τῇ
700 702 793 757 τοῦ
834 701 1072 772 Χριστοῦ
1125 701 1414 773 πραότητι,
1463 702 1558 755 καὶ
1600 703 1665 771 τῇ
1698 702 1876 772 Καινῇ

300 797 546 867 Διαθήκῃ
597 795 845 848 ἐπετέλει
872 793 941 847 τὰ
984 793 1288 864 πρόσφορα.
1322 786 1490 856 Οὗτος
1530 792 1721 846 ἄλλοτέ
1749 808 1879 846 ποτε

300 889 562 957 δικαστὴν
596 887 815 958 Πέρσην
835 886 1005 954 ἀδίκῳ
1038 885 1205 956 ψήφῳ
1228 885 1574 956 χρησάμενον
1605 884 1879 953 θεασάμε-

299 991 409 1039 νος,
445 973 579 1042 λίθῳ
601 978 707 1027 τινὶ
740 973 984 1043 μεγίστῳ
1014 972 1408 1043 παρακειμένῳ
1435 974 1877 1042 ἐπαρασάμενος,

303 1064 654 1135 συντριϐῆναι
693 1066 785 1117 καὶ
832 1063 1220 1134 σκεδασθῆναι,
1271 1065 1368 1118 καὶ
1408 1064 1581 1135 τούτῳ
1610 1063 1880 1132 διελέγξαι

298 1155 400 1224 τὴν
431 1154 613 1208 ἄδικον
665 1155 877 1208 ἐκείνου
907 1153 1272 1226 παρηγγύησε
1314 1154 1518 1225 ψῆφον.
1560 1155 1882 1224 Παραυτίκα

297 1245 356 1297 δὲ
401 1244 497 1298 τοῦ
547 1245 696 1298 λίθου
742 1247 822 1307 είς
875 1244 1042 1316 μυρία
1096 1245 1261 1315 μόρια
1290 1244 1658 1317 μερισθέντος,
1686 1242 1882 1309 ἐξεδει-

304 1333 635 1406 ματώθησαν
665 1336 715 1388 οί
751 1334 1040 1404 παρόντες·
1080 1333 1282 1405 φρίκης
1324 1334 1381 1387 δέ
1411 1334 1692 1398 ἀνάπλεως
1726 1336 1754 1387 ὁ
1799 1334 1882 1388 δι-

303 1427 511 1497 καστὴς
543 1425 853 1495 γενόμενος,
911 1425 1278 1478 ἀνεκαλέσατο
1313 1424 1412 1494 μὲν
1453 1425 1553 1494 τὴν
1589 1425 1883 1494 προτέραν,

302 1519 494 1588 ἑτέραν
549 1518 607 1571 δέ
657 1516 874 1570 δικαίαν
907 1517 1183 1585 ἐπήνεγκε
1223 1516 1424 1585 ψῆφον·
1465 1515 1747 1569 κάνταῦθα
1794 1516 1884 1568 τὸν

301 1612 500 1662 οἰκεῖον
528 1609 805 1677 Δεσπότην
870 1607 1160 1677 ἐζήλωσεν·
1192 1606 1251 1670 ὃς
1283 1605 1453 1669 δεῖξαι
1484 1604 1763 1674 βουληθεὶς
1809 1604 1884 1667 ὡς

302 1699 444 1754 ἑκὼν
491 1701 750 1770 ὑπομένει
805 1698 867 1751 τὸ
899 1698 1089 1762 πάθος,
1139 1699 1233 1751 καὶ
1267 1697 1467 1768 ῥαδίως
1518 1697 1583 1750 ἂν
1623 1696 1883 1765 ἐθελήσας

1991 521 2145 576 beret
2177 521 2434 574 virtutem
2458 559 2473 580 ,
2504 533 2570 573 ea
2602 518 2786 588 potius
2818 519 2998 584 egisse
3022 533 3145 587 qua:
3174 517 3379 573 Christi
3409 534 3566 574 man-

1987 611 2268 667 suetudini
2304 618 2359 666 et
2406 609 2558 665 Novo
2603 608 2955 666 Testamento
2983 618 3371 680 congruerent.
3419 609 3565 666 idem

1987 719 2114 759 cum
2170 703 2397 757 vidisset
2447 703 2743 771 aliquando
2796 704 3042 773 iniquam
3091 718 3121 755 a
3161 701 3349 771 judice
3395 700 3564 759 Persa

1986 795 2256 864 prolatam
2302 792 2475 849 fuisse
2522 793 2893 857 sententiam,
2940 793 3238 846 maximum
3268 794 3562 862 quemdam

1988 885 2263 954 lapidem,
2304 886 2396 954 qui
2441 884 2725 954 proximus
2765 891 2920 945 erat,
2954 893 3307 943 exsecratus.
3355 885 3567 938 conteri

1987 991 2051 1029 ac
2086 974 2347 1044 dissipari
2381 976 2588 1044 jussit,
2622 974 2884 1042 illiusque
2936 972 3181 1041 iniquam
3231 975 3565 1030 sententiam

1988 1081 2258 1136 arguere:
2293 1067 2473 1137 lapide
2505 1073 2689 1119 autem
2723 1063 2776 1117 in
2806 1062 3108 1134 particulas
3139 1063 3567 1121 innumerabiles

1988 1157 2177 1211 statim
2215 1154 2589 1217 comminuto,
2626 1153 2915 1209 conterriti
2951 1156 2965 1173 ‘
2998 1162 3126 1207 sunt
3165 1152 3261 1222 qui
3298 1150 3566 1217 aderant,

1988 1258 2043 1303 et
2077 1251 2308 1303 horrore
2339 1248 2537 1317 plenus
2561 1246 2732 1317 judex
2766 1245 3002 1316 priorem
3030 1244 3348 1310 revocavit,
3394 1251 3449 1299 et
3491 1244 3571 1298 al-

1991 1351 2164 1394 teram
2194 1340 2424 1410 protulit
2452 1338 2805 1394 sententiam.
2836 1338 3010 1408 Atque
3040 1337 3129 1390 hic
3156 1351 3379 1407 quoque
3407 1352 3567 1393 suum

1992 1432 2241 1487 imitatus
2272 1441 2356 1486 est
2390 1430 2682 1486 Dominum
2707 1470 2721 1494 ,
2752 1430 2847 1499 qui
2881 1438 2937 1483 ut
2975 1428 3293 1483 ostenderet
3325 1443 3384 1484 se
3420 1428 3570 1484 ultro

1928 1566 1935 1572 .
1990 1533 2043 1577 et
2071 1538 2171 1577 sua
2198 1529 2394 1593 sponte
2413 1522 2726 1592 passionem
2759 1520 2967 1581 subire,
2987 1517 3280 1588 facileque,
3308 1518 3355 1573 si
3385 1517 3572 1583 vellet,

1992 1615 2191 1683 punire
2227 1614 2530 1669 sceleratos
2557 1611 2805 1684 potuisse
2825 1650 2841 1674 ,
2878 1608 3207 1679 supplicium
3235 1607 3316 1663 eis
3345 1622 3455 1663 non
3488 1607 3571 1662 in-

1995 1706 2155 1771 tulit,
2188 1705 2285 1760 sed
2325 1703 2487 1759 ticum
2524 1702 2824 1757 inanimam
2854 1700 3023 1756 verbo
3053 1698 3396 1764 arefaciens,
3436 1697 3569 1770 quid

301 1794 427 1856 τοὺς
450 1792 758 1864 ἀλιτηρίους
781 1792 1058 1853 ἐκόλασεν,
1090 1790 1191 1843 οὐκ
1212 1790 1396 1854 αὐτοῖς
1425 1790 1694 1860 ἐπήνεγκε
1721 1806 1771 1840 τι
1780 1806 1883 1857 μω-

1996 1804 2176 1866 posset
2203 1793 2625 1850 demonstravit.
2651 1791 2826 1859 Quam
2853 1800 2909 1845 et
2934 1790 3052 1859 ipse
3082 1788 3302 1844 imitans
3329 1789 3568 1844 elemen-

308 1890 448 1959 ρίαν,
486 1887 624 1941 ἀλλά
659 1886 759 1958 τὴν
797 1885 1006 1956 ἄψυχον
1061 1883 1235 1953 συκῆν
1282 1882 1426 1951 λόγῳ
1475 1880 1737 1952 ξηράνας,
1786 1878 1885 1948 τὴν

302 1981 509 2033 οἰκείαν
534 1979 702 2045 ἔδειξε
722 1978 972 2048 δύναμιν.
1005 1974 1224 2043 Ταύτην
1266 1973 1363 2028 καὶ¹
1415 1972 1579 2037 αὐτὸς
1629 1971 1729 2041 τὴν
1763 1971 1886 2038 φιλ-

1995 1887 2160 1949 tiam,
2195 1885 2463 1955 injustum
2492 1884 2736 1955 judicem
2768 1898 2875 1938 non
2906 1881 3085 1952 puniit
3112 1919 3128 1945 ,
3163 1878 3259 1936 sed
3290 1880 3403 1936 ictu
3428 1879 3568 1948 lapi-

1995 1976 2081 2032 dis
2108 1977 2383 2047 justitiam
2419 1978 2576 2031 illum
2611 1974 2918 2047 perdocuit.

303 2074 621 2146 ανθρωπίαν
683 2071 1040 2144 μιμούμενος,
1065 2069 1126 2123 ού
1180 2068 1271 2122 τὸν
1327 2066 1513 2121 ἄδικον
1571 2067 1799 2122 ἐκόλασε
1837 2069 2118 2141 δικαστὴν,
2157 2071 2294 2125 ἀλλὰ
2341 2074 2409 2142 τῇ
2446 2069 2541 2124 τοῦ
2597 2069 2747 2124 λίθου
2795 2068 2976 2139 πληγῇ
3012 2067 3359 2137 δικαιοσύνην
3407 2065 3570 2120 αὑτὸν

305 2164 562 2230 ἐδίδαξεν.

386 2256 476 2308 Ἐν
510 2253 723 2317 τούτοις
753 2251 1074 2322 διαπρέπων
1112 2249 1207 2304 καὶ
1242 2251 1408 2304 πᾶσιν
1452 2250 1760 2321 ἐπέραστος
1792 2249 1891 2313 ὢν,

305 2347 402 2401 καὶ
431 2347 488 2398 ἐν
530 2348 651 2407 ταῖς
685 2344 943 2398 ἁπάντων
991 2339 1424 2411 περιφερόμενος
1475 2339 1771 2408 γλώσσαις,
1814 2342 1894 2403 εἰς

305 2438 405 2507 τὴν
431 2436 527 2506 τῆς
563 2431 978 2506 ἀρχιερωσύνης
1006 2431 1226 2502 ἔρχεται
1266 2430 1632 2502 λειτουργίαν,
1664 2431 1757 2483 καὶ
1793 2430 1894 2501 τῆς

307 2530 571 2602 πατρίδος
613 2529 875 2598 λαγχάνει
914 2528 1015 2597 τὴν
1066 2527 1424 2597 προστασίαν.
1475 2525 1803 2591 Ἐναλλάξας
1835 2526 1892 2578 δὲ

304 2624 405 2694 τὴν
442 2623 621 2694 ὄρειον
646 2621 864 2690 ἐκείνην
896 2619 1201 2690 διατριϐὴν,
1240 2620 1335 2672 καὶ
1361 2619 1463 2689 τὴν
1503 2619 1562 2672 ὲν
1593 2620 1746 2673 ἄστει
1779 2619 1892 2672 διαο

305 2713 494 2783 ⁴γωγὴν
523 2713 585 2765 ού
615 2711 756 2765 κατὰ
790 2711 1014 2782 γνώμην
1058 2710 1331 2781 ἐλόμενος,
1363 2709 1487 2763 οὔτε
1524 2711 1622 2780 τὴν
1662 2709 1886 2781 τροφὴν,

307 2802 436 2858 οὔτε
461 2804 560 2873 τὴν
592 2802 909 2871 ἀμπεχόνην
946 2799 1237 2872 ἐνήλλαξεν
1257 2816 1272 2831 ’
1303 2800 1441 2853 ἀλλὰ
1475 2799 1545 2853 τὰ
1588 2800 1685 2870 μὲν
1715 2798 1891 2870 χωρία

308 2889 597 2960 ἠμείϐετο,
633 2891 667 2960 ἡ
700 2889 757 2941 δὲ
790 2889 1037 2941 πολιτεία
1074 2888 1379 2960 μεταϐολὴν
1417 2891 1519 2942 οὐκ
1556 2889 1791 2959 ἐδέχετο.
1826 2889 1891 2941 Oi

307 2980 369 3032 δέ
409 2979 561 3033 πόνοι
596 2977 920 3049 προσθήκην
980 2977 1308 3048 ἐλάμϐανον,
1351 2979 1447 3031 καὶ
1500 2977 1890 3031 πολλαπλάσιοι

308 3070 419 3123 τῶν
449 3070 730 3140 προτέρων
760 3068 1029 3136 ἐγένοντο.
1071 3067 1149 3139 Τῇ
1180 3067 1290 3138 γὰρ
1308 3067 1534 3138 νηστείᾳ
1561 3066 1655 3120 καὶ
1686 3084 1892 3137 χαμευ-

309 3162 419 3232 νίᾳ,
452 3162 548 3214 καὶ
579 3164 645 3232 τῇ
682 3159 777 3214 τοῦ
822 3160 1029 3214 σάκκου
1054 3158 1338 3232 περιϐολῇ,
1380 3161 1706 3232 ἐπεισῄεσαν
1730 3161 1784 3212 αί
1820 3158 1889 3213 δι’

310 3252 433 3305 ὅλου
465 3252 574 3305 τῶν
631 3251 901 3322 δεομένων
954 3251 1496 3324 φροντίδες’χηρῶν,
1558 3251 1721 3323 φημὶ,
1772 3254 1891 3305 ἐπι-

315 3343 545 3410 μέλειαι,
578 3344 671 3397 καὶ
697 3343 947 3413 ὀρφανῶν
982 3343 1328 3415 κηδεμονίαι,
1373 3344 1467 3397 καὶ
1499 3343 1609 3397 τῶν
1649 3344 1894 3397 ἀδικούν-

311 3452 423 3488 των
450 3436 499 3488 οί
528 3434 760 3504 ἔλεγχοι,
783 3436 964 3489 τῶνδέ
989 3435 1365 3505 ἀδικουμένων
1387 3437 1420 3506 ἡ
1449 3434 1636 3489 δικαία
1666 3438 1890 3488 ἐπικου-

316 3522 428 3594 ρία.
461 3523 573 3577 Καὶ
617 3523 670 3577 τί
702 3524 782 3577 δεῖ
815 3525 951 3593 πρὸς
990 3526 1198 3589 είδότας
1224 3526 1437 3582 ἅπαντα
1469 3527 1888 3597 καταλέγεσθαι,

311 3615 350 3669 ἃ
395 3616 523 3679 τοὺς
573 3615 779 3687 ταύτην
829 3617 1289 3687 ἀναδεδεγμένους
1357 3617 1746 3690 περιστοιχίζει
1793 3619 1892 3687 τὴν

313 3706 600 3778 πρόνοιαν;
648 3708 1027 3780 Διαιρερόντως
1064 3708 1122 3761 δὲ
1174 3709 1385 3773 ἐκεῖνος
1430 3711 1559 3775 τοὺς
1617 3710 1891 3776 τοιούτους

314 3799 511 3864 πόνους
576 3800 876 3870 ἠσπάζετο,
926 3801 1021 3854 ἅτε
1054 3799 1119 3871 δὴ
1149 3798 1512 3872 διαφερόντως
1561 3802 1655 3856 καὶ
1708 3801 1892 3856 ποθῶν

314 3892 407 3944 καὶ
458 3891 644 3957 δεδιὼς
696 3894 788 3946 τὸν
851 3892 958 3948 τῶν
1013 3892 1306 3964 προϐάτων
1359 3893 1586 3962 Κύριον.
1629 3893 1782 3964 Ὄσῳ
1836 3893 1894 3946 δέ

316 3981 539 4035 πλείονα
566 3985 663 4052 τῆς
690 3984 896 4055 ἀρετῆς
929 3984 1021 4038 τὸν
1060 3983 1294 4038 πλοῦτον
1327 3984 1608 4052 συνέλεγε,
1649 3983 1893 4054 τοσούτῳ

320 4070 581 4139 μειζόνως
615 4073 831 4141 καὶτῆς
860 4073 955 4126 τοῦ
982 4074 1251 4141 παναγίου
1282 4072 1422 4126 ιινεύ
1432 4091 1603 4143 ματος
1641 4075 1893 4143 ἀπήλαυε

319 4160 560 4230 χάριτος.
590 4161 701 4213 Καὶ
727 4161 791 4229 δή
828 4178 958 4214 ποτε
994 4161 1075 4224 είς
1102 4179 1225 4215 τινα
1259 4161 1455 4233 κώμην
1487 4163 1635 4233 αὖτῷ
1678 4165 1711 4234 ἢ
1744 4165 1896 4218 πόλιν

317 4253 637 4323 ἁπαίροντι·
662 4254 724 4305 ού
757 4254 868 4321 γάρ
897 4252 1006 4322 ἔχω
1043 4252 1224 4322 λέγειν
1270 4254 1520 4326 ἀκριϐῶς
1559 4257 1622 4309 τὸ
1656 4258 1858 4329 χωρίον
1879 4274 1892 4288 ·

319 4346 577 4419 προσίασί
607 4363 753 4409 τινες
793 4345 1043 4416 πένητες,
1093 4344 1189 4400 ἕνα
1216 4345 1339 4400 τινά
1373 4346 1482 4399 τῶν
1529 4349 1798 4403 συνόντων
1822 4348 1897 4412 ὡς

2064 2254 2391 2323 liujusmodi
2446 2269 2579 2324 ergo
2639 2257 2807 2309 rebus
2863 2252 3140 2324 insignis,
3200 2251 3569 2322 omnibusque

1993 2346 2251 2399 amabilis
2299 2361 2425 2398 cum
2464 2352 2648 2409 esset,
2688 2353 2855 2414 atque
2903 2344 2959 2398 in
3009 2358 3108 2398 ore
3159 2343 3408 2399 omnium
3447 2343 3572 2412 ejus

1994 2437 2135 2491 fama
2171 2445 2508 2500 versaretur,
2549 2435 2789 2489 trahitur
2828 2435 2896 2487 ad
2935 2449 3136 2488 munus
3177 2432 3567 2503 pontificatus,

1997 2528 2211 2597 1112
2246 2535 2298 2581 et
2330 2530 2518 2596 patria:
2548 2542 2661 2581 sua:
2692 2525 3011 2595 praeﬁcitur.
3041 2525 3353 2579 Montanam
3388 2533 3568 2577 autem

2000 2619 2148 2672 illam
2180 2618 2572 2672 habitationem
2594 2632 2718 2671 cum
2747 2624 3036 2682 mutasset,
3056 2615 3434 2683 urbanamque
3460 2627 3570 2667 non

1997 2723 2063 2763 ex
2109 2706 2278 2761 animi
2329 2706 2604 2762 sententia
2653 2707 3026 2776 suscepisset,
3066 2719 3166 2759 nec
3216 2704 3397 2758 cibum
3445 2717 3569 2757 mu-

1999 2799 2172 2861 tavit,
2208 2813 2311 2852 nec
2346 2798 2605 2854 vestitum
2627 2837 2642 2863 ,
2679 2797 2775 2854 sed
2812 2797 3039 2851 mutatis
3075 2795 3213 2851 locis
3246 2795 3374 2849 vitae
3407 2794 3570 2850 insti-

2000 2890 2146 2945 tutio
2181 2891 2390 2944 nullam
2414 2864 2597 2961 ‘cepit
2654 2891 3036 2945 mulationem.
3071 2886 3408 2943 Crescebaut
3442 2900 3573 2942 vero

1998 2981 2250 3046 labores,
2285 2993 2342 3037 ut
2367 2983 2540 3039 multo
2570 2983 2755 3053 plures
2789 2991 2949 3036 erant
2983 2978 3283 3051 prioribus.
3318 2977 3402 3033 Ad
3428 2975 3575 3049 jeju-

1999 3076 2151 3129 nium
2182 3076 2327 3128 enim
2354 3115 2370 3141 ,
2406 3083 2461 3128 et
2487 3072 2641 3128 bunii
2673 3074 3022 3129 cubationem
3045 3112 3061 3138 ,
3106 3081 3161 3127 et
3192 3086 3420 3128 saccum
3465 3086 3574 3141 quo

1995 3166 2352 3231 induebatur,
2398 3172 2753 3221 accesserant
2802 3166 2965 3220 etiam
3014 3179 3159 3218 curae
3206 3163 3573 3233 indigentium

1993 3259 2240 3315 omnium
2262 3297 2278 3323 ,
2314 3265 2372 3311 ut
2397 3269 2453 3314 et
2482 3257 2551 3313 de
2579 3257 2760 3312 viduis
2792 3266 2939 3311 esset
2969 3255 3267 3318 sollicitus,
3296 3262 3350 3310 et
3375 3253 3577 3323 orpha-

1993 3350 2083 3407 nis
2114 3350 2468 3422 provideret,
2509 3357 2563 3405 et
2596 3349 2857 3419 injuriam
2894 3348 3165 3403 facientes
3201 3352 3487 3417 argueret.
3521 3352 3576 3399 et

1993 3442 2201 3513 injuria
2231 3443 2517 3513 oppressis
2540 3441 2754 3511 justum
2787 3440 3005 3496 afferret
3031 3439 3321 3492 auxilium.
3348 3436 3414 3489 Et
3441 3433 3573 3505 quid

1995 3545 2138 3602 opus
2193 3538 2277 3586 est
2330 3529 2517 3585 omnia
2558 3544 2853 3585 recensere
2892 3527 3037 3600 apud
3084 3543 3181 3584 eos
3220 3526 3314 3598 qui
3368 3532 3576 3580 norunt

1993 3638 2247 3695 quanam
2280 3621 2394 3678 illis
2421 3628 2772 3693 competant,
2799 3621 2893 3691 qui
2919 3621 3059 3675 hanc
3086 3619 3425 3691 provinciam
3451 3632 3576 3674 sus-

1994 3716 2234 3788 cepere?
2278 3714 2575 3787 lnsigniter
2624 3724 2807 3771 autem
2857 3714 2952 3769 ille
2998 3712 3100 3768 bos
3131 3710 3571 3782 amplectebatur

1995 3806 2213 3864 labores
2233 3847 2246 3872 ,
2280 3813 2340 3860 ut
2371 3805 2466 3876 qui
2495 3806 2682 3861 ovium
2712 3804 3003 3860 Dominum
3035 3802 3326 3873 insigniter
3349 3808 3402 3856 et
3430 3814 3580 3854 ama-

1996 3908 2078 3955 ret
2108 3906 2162 3954 et
2199 3899 2440 3954 timeret.
2477 3898 2598 3965 Quo
2629 3907 2813 3953 autem
2850 3896 3071 3951 virtutis
3105 3909 3237 3966 opes
3282 3891 3579 3961 colligebat

1997 3989 2255 4059 majores,
2273 4004 2340 4043 eo
2363 3990 2572 4059 majore
2596 3988 2932 4044 sanctissimi
2958 3985 3200 4056 Spiritus
3219 3984 3394 4055 gratia
3426 3981 3578 4035 fruc-

1997 4080 2181 4135 batur.
2214 4077 2350 4132 Nam
2381 4096 2506 4133 cum
2540 4081 2621 4133 illi
2652 4078 2947 4149 aliquando
2976 4079 3033 4132 in
3068 4080 3249 4130 vicum
3280 4069 3576 4143 quemdam

1998 4169 2084 4224 vel
2110 4168 2374 4238 oppidum
2409 4167 2514 4222 iter
2552 4175 2701 4223 esset
2750 4167 2969 4237 (locum
3015 4166 3159 4219 enim
3202 4171 3353 4218 certo
3395 4159 3579 4216 dicere

2000 4277 2110 4317 non
2142 4259 2390 4331 habeo),
2430 4267 2793 4313 accesserunt
2833 4255 2903 4310 ad
2953 4270 3078 4309 eum
3130 4267 3398 4324 pauperes
3450 4250 3576 4321 qui-

1999 4355 2160 4420 dam,
2214 4366 2387 4407 unum
2447 4351 2760 4422 quempiam
2817 4364 2882 4404 ex
2935 4346 3217 4402 sodalibus
3265 4344 3382 4423 suis
3431 4342 3579 4397 velut

317 4439 588 4492 τεθνεῶτα
637 4437 1072 4508 προτεθεικότες,
1110 4439 1203 4493 καί
1228 4456 1350 4493 τινα
1382 4440 1519 4511 πρὸς
1547 4440 1644 4513 τὴν
1680 4441 1891 4495 ἐκείνου

1999 4458 2275 4501 mortuum
2309 4452 2679 4514 proponcntes
2701 4481 2716 4507 ,
2740 4450 2794 4496 et
2821 4439 3070 4510 qumdam
3097 4439 3165 4493 ad
3220 4439 3379 4493 illum
3421 4448 3577 4502 sepe-

317 4529 493 4600 ταφὴν
552 4530 835 4599 ἐπιτήδεια
891 4528 1074 4582 λαϐεῖν
1125 4529 1482 4595 ἱκετεύοντες.
1536 4533 1596 4585 '0
1647 4532 1704 4585 δέ
1754 4528 1898 4597 εἶξεν

318 4619 655 4672 ἀντιϐολούσι
690 4636 704 4649 ο
746 4618 823 4689 τῷ
887 4617 1006 4689 Θεῷ
1048 4619 1105 4672 δὲ
1160 4620 1236 4682 ὠς
1284 4620 1426 4688 ὑπὲρ
1475 4620 1769 4684 τεθνεῶτος
1800 4621 1900 4692 τὴν

321 4712 532 4766 ἱκεσίαν
583 4711 943 4783 προσέφερεν,
1001 4712 1220 4780 ἀφεῖναι
1278 4711 1614 4782 παρακαλῶν
1656 4713 1725 4765 τά
1757 4714 1898 4767 κατὰ

320 4805 411 4856 τὸν
435 4804 548 4873 βίον
571 4803 1052 4874 πλημμεληθέντα,
1084 4805 1179 4857 καὶ
1209 4801 1306 4856 τοῦ
1338 4803 1445 4855 τῶν
1474 4802 1700 4857 δικαίων
1729 4804 1892 4870 ἀξιῶ-

324 4912 414 4947 σαι
446 4895 626 4966 χοροῦ.
660 4895 879 4949 Τούτων
919 4895 1250 4964 λεγομένων.
1304 4894 1578 4963 ἀφίπτατο
1623 4894 1718 4947 τοῦ
1762 4895 1901 4960 τέως

324 4986 706 5058 σκηπτομένου
742 4986 836 5042 τον
858 4988 1089 5042 θάνατον
1120 4988 1153 5056 ἡ
1181 4986 1350 5057 ψυχὴ,
1390 4989 1711 5058 ἐχορηγεῖτο
1735 4989 1791 5041 δέ
1822 4988 1900 5058 τῷ

325 5078 539 5147 σώματι
576 5078 644 5131 τὰ
695 5078 1030 5149 καλύμματα
1057 5095 1071 5110 ο
1102 5078 1177 5141 ὡς
1219 5078 1276 5130 δέ
1327 5079 1523 5149 μικρὸν
1576 5079 1846 5149 προῆλθεν
1874 5082 1903 5133 ό

326 5171 612 5236 θεσπέσιος
666 5170 972 5245 ἄνθρωπος,
1024 5171 1322 5241 ἀναστῆναι
1359 5171 1449 5224 τὸν
1494 5174 1746 5243 κείμενον
1781 5172 1900 5226 ἐκέ-

324 5265 480 5318 λευον
520 5265 570 5318 οἱ
612 5264 673 5317 τὸ
694 5263 882 5336 δρᾶμα
916 5263 1074 5321 τοῦτο
1119 5263 1525 5327 συντεθεικότες
1549 5282 1562 5296 ο
1592 5264 1668 5328 ὠς
1691 5264 1748 5317 δέ
1800 5265 1903 5316 ἐώ-

331 5374 438 5428 ρων
459 5358 560 5411 ούκ
588 5357 870 5420 ἐπαΐοντα,
888 5355 946 5410 ἀ)
957 5356 1004 5409 λ’
1025 5357 1284 5428 ἀλήθειαν
1303 5357 1362 5410 τὸ
1385 5357 1571 5427 σχῆμα
1600 5374 1799 5427 γεγενη
1809 5358 1904 5426 μέ-

327 5463 438 5509 νον,
473 5447 567 5499 καλ.
610 5449 693 5511 είς
725 5448 1018 5519 πρόσωπον
1044 5446 1105 5500 τὸ
1146 5450 1492 5519 προσωπεῖον
1545 5447 1903 5520 μεταϐληθέν,

328 5537 813 5610 καταλαμϐάνουσι
848 5538 947 5609 μὲν
985 5538 1075 5591 τὸν
1131 5539 1305 5609 μέγαν
1346 5539 1627 5607 Ἰάκωϐον,
1676 5539 1906 5594 ποτνιώ-

333 5646 483 5699 μενοι
513 5630 567 5684 δέ
602 5630 697 5684 καὶ
746 5628 854 5683 τῶν
904 5628 1082 5683 ποδῶν
1132 5632 1630 5703 προκαλινδόμενοι,
1684 5632 1905 5686 καὶτοῦ

332 5721 696 5794 τολμηθέντος
761 5721 1039 5796 δράματος
1091 5724 1271 5779 αἰτίαν
1332 5719 1472 5779 εἶναι
1529 5723 1780 5795 λέγοντες
1807 5724 1906 5796 τὴν

2003 4535 2249 4591 liendum
2282 4534 2595 4590 necessaria
2630 4533 2997 4603 postulantes.
3044 4530 3139 4584 llle
3166 4539 3351 4583 autem
3382 4525 3578 4580 annuit

2002 4627 2367 4699 rogantibus,
2404 4625 2625 4695 Βοοιιιιο
2653 4640 2847 4695 preces
2882 4623 3125 4678 offerens
3169 4631 3431 4690 tanquam
3478 4632 3578 4688 pro

2002 4730 2221 4774 mortuo
2242 4762 2257 4786 ,
2296 4718 2511 4787 rogavit
2545 4726 2604 4772 ut
2638 4718 2687 4772 ei
2720 4716 3025 4771 remitteret
3057 4730 3180 4783 qua:
3224 4712 3278 4767 in
3311 4713 3421 4765 vita
3454 4724 3581 4780 pec-

2002 4823 2191 4878 earat,
2250 4826 2489 4882 eumque
2544 4811 2599 4865 in
2645 4810 2924 4879 justorum
2988 4815 3191 4861 cretum
3246 4804 3577 4859 admitteret.

2004 4903 2134 4970 Quae
2165 4903 2233 4957 ab
2268 4917 2334 4958 eo
2363 4916 2487 4955 cum
2524 4900 2864 4964 dicerentur,
2899 4896 3138 4953 evolavit
3172 4895 3321 4949 illius
3355 4893 3535 4947 anima
3561 4932 3576 4957 ,

2005 4995 2097 5066 qui
2153 5002 2385 5049 mortem
2439 4991 2771 5054 simulabat,
2817 4996 2872 5044 et
2904 4988 3251 5058 suppeditata
3297 4993 3427 5040 sunt
3456 4997 3582 5038 cor-

2004 5086 2124 5157 pori
2157 5092 2493 5156 tegumenta.
2542 5082 2833 5136 Paululum
2880 5079 3080 5135 deinde
3125 5092 3419 5151 progresso
3460 5075 3581 5131 viro

2007 5186 2235 5240 sancto,
2269 5177 2421 5230 illum
2471 5174 2569 5243 qui
2613 5172 2836 5244 jacebat
2887 5185 3114 5241 surgere
3142 5170 3158 5190 ‘
3186 5170 3442 5239 jubentes
3485 5167 3578 5237 qui

2006 5268 2246 5321 fabulam
2277 5274 2727 5334 composuerant,
2775 5272 2835 5317 ut
2874 5276 2997 5317 eum
3031 5261 3284 5316 viderunt
3335 5274 3444 5313 non
3486 5273 3581 5311 ex-

2006 5360 2215 5420 audire.
2276 5365 2331 5411 et
2392 5356 2575 5426 reipsa
2634 5354 2886 5410 evenisse
2943 5353 3089 5424 quod
3171 5350 3579 5411 simulabatur,

2012 5451 2102 5518 1]
2122 5448 2224 5518 13
2254 5461 2548 5516 veramque
2575 5461 2632 5500 in
2665 5444 2861 5500 faciem
2890 5451 3157 5497 mutatam
3184 5457 3306 5496 esse
3340 5441 3545 5495 larvam
3566 5478 3581 5500 .

2008 5542 2077 5597 ad
2108 5555 2369 5611 magnum
2410 5538 2753 5594 contendunt
2784 5534 3049 5591 Iacobum
3071 5576 3087 5601 ,
3119 5534 3494 5597 obtestantes,
3528 5536 3589 5586 et

2008 5630 2075 5685 ad
2105 5630 2227 5702 ejus
2258 5625 2432 5701 pedes
2470 5630 2783 5700 provoluti,
2820 5627 3156 5696 audacisque
3194 5624 3322 5701 [acti
3357 5636 3589 5681 causam

2009 5722 2257 5779 dicentes
2284 5721 2455 5780 fuisse
2482 5728 2896 5793 paupertatem,
2926 5719 3197 5790 rogabant
3229 5727 3289 5771 ut
3320 5717 3599 5772 delictum
