3974 6212
439 463 576 530 1299

1361 467 1847 529 THEODORETI
1905 466 2244 528 EPISCOPI
2299 455 2666 532 CYRENSIS

3550 459 3691 525 1300

434 583 571 654 ipsis
606 583 981 646 condonaret,
1015 584 1365 654 ablatamque
1396 592 1619 666 mortuo
1649 583 1885 635 animam
1921 595 2000 634 re-

2112 581 2302 634 πενίαν
2355 582 2600 636 ἱκέτευον
2650 581 2808 634 λῦσαι
2867 580 3047 650 σφίσιν
3078 578 3260 640 αὐτοῖς
3293 577 3396 648 τὴν
3427 576 3692 646 πλημμέ-

435 677 706 730 stitueret.
741 675 961 731 Domini
989 693 1119 747 ergo
1153 677 1405 732 imitatus
1434 676 1784 730 clementiam
1816 688 2005 743 preces

433 761 692 830 admisit,
743 775 798 821 et
840 768 1164 820 miraculum
1199 767 1479 831 exhibuit,
1529 767 1698 820 vitam
1748 765 2006 834 precibus

436 859 673 911 ablatam
711 859 966 928 precibus
997 861 1319 914 restituens.
1359 856 1489 910 Mihi
1524 872 1654 910 vero
1691 856 1870 924 magni
1902 854 2006 908 Pe-

435 950 506 1003 trl
543 951 848 1015 miraculo,
916 965 1025 1019 quo
1057 951 1333 1004 Ananiam
1385 956 1438 1002 et
1490 947 1818 1021 Sapphiram
1874 945 2005 998 furti

435 1038 827 1108 mendacisque
853 1055 976 1094 reos
1005 1040 1166 1093 morti
1201 1038 1459 1101 tradidit,
1503 1038 1686 1090 simile
1725 1037 1828 1089 hoc
1855 1035 2008 1089 vide-

435 1140 545 1183 tur.
581 1129 717 1183 Nam
755 1130 844 1184 hic
873 1145 1091 1199 quoque
1127 1130 1380 1184 similiter
1429 1144 1552 1181 eum
1589 1128 1680 1196 qui
1718 1127 2005 1181 veritatem

435 1223 827 1292 subripuerat,
859 1225 1317 1292 mendaciumque
1351 1223 1692 1292 protulerat,
1741 1223 1850 1274 vita
1901 1220 2010 1290 pri-

432 1315 600 1367 vavit.
631 1314 736 1368 Sed
773 1315 864 1370 ille
921 1315 1143 1384 quidem
1179 1315 1324 1368 furto
1357 1317 1580 1385 cognito
1630 1314 2008 1385 (revelaverat

431 1404 578 1457 cnim
609 1405 782 1474 gratia
815 1403 1089 1474 Spiritus)
1130 1405 1321 1459 intulit
1351 1404 1683 1474 supplicium
1711 1424 1724 1458 :
1756 1404 1844 1456 hic
1876 1419 2008 1458 vero

430 1509 546 1548 rem
576 1497 828 1550 nesciens
847 1537 860 1560 ,
887 1495 1013 1550 vita:
1043 1511 1265 1550 cursum
1289 1495 1334 1550 ei
1360 1498 1452 1563 qui
1481 1495 1838 1548 simulaverat
1867 1493 2006 1548 fusis

431 1586 690 1654 precibus
713 1587 950 1657 abrupit.
976 1588 1042 1640 Et
1068 1587 1287 1642 divinus
1311 1587 1529 1656 quidem
1555 1589 1842 1655 apostolus
1868 1599 2008 1638 mor-

431 1687 559 1731 tuos
585 1693 614 1730 a
637 1678 948 1732 calamitate
976 1692 1082 1732 non
1109 1679 1342 1748 eripuit,
1369 1681 1495 1748 quia
1523 1679 1781 1732 salutaris
1805 1677 2004 1746 przcdi-

430 1769 669 1824 cationis
698 1770 855 1823 initia
891 1772 1088 1824 limore
1131 1786 1269 1838 opus
1300 1771 1583 1826 habebant
1614 1792 1626 1824 :
1663 1771 1752 1824 hic
1785 1780 1966 1825 autem
1988 1811 2002 1836 ,

429 1859 736 1928 apostolica
767 1859 1004 1915 refertus
1053 1863 1260 1930 gratia,
1305 1872 1357 1916 et
1406 1863 1587 1931 puniit
1634 1862 1700 1915 ad
1751 1871 2000 1930 tempus,

2107 674 2280 736 λειαν,
2311 674 2405 725 καὶ
2430 672 2723 726 ἀποδοῦναι
2749 672 2827 742 τῷ
2858 673 3098 742 κειμένῳ
3137 670 3236 741 τὴν
3292 667 3690 739 ἀφαιρεθεῖσαν

2104 766 2304 834 ψυχήν.
2333 767 2444 824 Τὴν
2467 763 2803 834 Δεσποτικὴν
2834 764 3016 816 τοίνυν
3048 760 3460 832 φιλανθρωπίαν
3487 757 3692 827 μιμοῦ..

2110 873 2289 926 μενος,
2329 857 2422 909 καὶ
2459 857 2556 926 τὴν
2604 857 2840 910 ἱκετείαν
2876 856 3113 920 ἐδέξατο,
3157 855 3249 905 καὶ
3291 852 3388 922 τὴν
3439 851 3694 918 Θαυματ-

2103 950 2330 1019 ουργίαν
2370 950 2700 1014 ἐπεδείξατο,
2733 951 2829 1018 τὴν
2875 949 2980 1000 ὐπὸ
3025 947 3125 1016 τῆς
3153 946 3319 1015 εὐχῆς
3368 941 3696 1012 ἀφαιρεθεῖ-

2109 1058 2210 1094 σαν
2237 1041 2381 1113 ζωὴν
2416 1041 2504 1093 διὰ
2537 1043 2636 1112 τῆς
2656 1042 2820 1111 εὐχῆς
2853 1041 3083 1101 ἀποδοὺς
3107 1037 3182 1106 τῷ
3217 1037 3476 1106 κειμένῳ.
3512 1035 3698 1086 Τοῦτο

2106 1133 2164 1184 δὲ
2208 1133 2394 1202 ἔμοιγε
2437 1133 2585 1186 δοκεῖ
2635 1136 2701 1203 τῇ
2751 1132 2846 1185 τοῦ
2893 1133 3130 1202 μεγάλου
3184 1133 3390 1194 Πέτρου
3442 1128 3694 1179 ἐοικέναι

2107 1219 2527 1292 Θαυματουργίᾳ
2552 1240 2566 1254 ο
2607 1222 2665 1284 ὃς
2689 1223 2780 1274 τὸν
2832 1223 3079 1275 Ἀνανίαν
3109 1221 3203 1274 καὶ
3227 1221 3328 1290 τὴν
3364 1221 3694 1286 Σάπφειραν

2107 1313 2443 1381 κεκλοφότας
2502 1313 2596 1366 καὶ
2657 1313 3035 1384 ψευσαμένους
3071 1313 3284 1380 θανάτῳ
3327 1307 3688 1380 παρέπεμψε.

2107 1403 2219 1454 Καὶ
2261 1403 2370 1472 γὰρ
2400 1403 2664 1466 ὡσαύτως
2688 1405 2787 1472 τὴν
2817 1404 3076 1474 ἀλήθειαν
3109 1403 3429 1469 κεκλοφότα,
3482 1401 3578 1453 καὶ
3606 1399 3693 1469 τῷ

2105 1491 2290 1561 ψεύδει
2319 1494 2660 1563 χρησάμενον
2711 1494 2964 1561 ἀφείλετο
3007 1493 3106 1562 τὴν
3150 1493 3316 1562 ζωήν.
3352 1489 3492 1542 Ἀλλ’
3520 1490 3550 1540 6
3583 1490 3693 1558 μὲν

2060 1619 2066 1625 -
2107 1587 2269 1652 γνούς
2301 1584 2397 1655 τὴν
2418 1585 2646 1654 κλοπὴν,
2675 1585 2992 1654 ἀπεκάλυψε
3022 1585 3132 1653 γὰρ
3163 1587 3196 1654 ἡ
3229 1584 3321 1636 τοῦ
3358 1582 3688 1651 Πνεύματος

2108 1676 2302 1746 χάρις,
2354 1675 2452 1745 τὴν
2509 1675 2664 1746 δίκην
2718 1677 3001 1746 ἐπήγαγεν
3031 1691 3044 1704 ·
3081 1678 3108 1728 6
3145 1676 3200 1729 δὲ
3245 1674 3340 1727 τοῦ
3404 1675 3694 1744 δράματος

2108 1767 2320 1835 ἀγνοῶν
2357 1769 2455 1836 τὴν
2499 1769 2776 1834 ὑπόθεσιν,
2818 1770 3162 1838 προσήνεγκε
3206 1768 3304 1838 μὲν
3347 1768 3442 1837 τὴν
3485 1765 3694 1834 εὐχὴν,

2109 1859 2298 1929 ἔστησε
2335 1859 2392 1911 δὲ
2428 1858 2505 1926 τῷ
2529 1859 2898 1930 πεπλασμένῳ
2925 1859 3019 1912 τοῦ
3050 1859 3166 1928 βίου
3199 1860 3289 1912 τὸν
3319 1858 3518 1928 δῴμον
3545 1873 3555 1884 ·
3586 1859 3697 1908 καὶ

427 1959 483 2002 et
515 1966 729 2018 pceuam
761 1967 885 2004 mox
921 1953 1166 2014 remisit,
1212 1955 1339 2021 quia
1386 1954 1468 2006 sic
1488 1961 1716 2006 noverat
1747 1969 1804 2006 se
1836 1954 2000 2006 lucri-

2107 1954 2134 2005 6
2169 1953 2264 2021 μέν
2293 1951 2433 2013 θεῖος
2475 1929 2794 2014 Ἀπόστολος
2822 1952 2920 2003 οὐκ
2949 1951 3105 2003 ἔλυσε
3134 1953 3245 2012 τοῖς
3268 1949 3554 2018 τεθνηκόσι
3582 1949 3700 2018 τὴν

427 2041 705 2099 facturum
737 2058 834 2097 eos
864 2043 956 2112 qui
990 2051 1304 2113 peccarant.
1346 2043 1544 2098 Verum
1602 2046 1666 2098 ad
1722 2047 1826 2098 alia
1875 2061 2002 2114 per-

428 2131 668 2203 gendum
699 2142 816 2198 est,
865 2144 1030 2204 atque
1062 2135 1150 2188 illa
1189 2136 1353 2189 etiam
1387 2137 1625 2191 breviter
1655 2137 1998 2205 exponenda.

425 2222 711 2286 ἀνάπλεως
757 2225 1001 2296 χάριτος,
1060 2226 1155 2278 καὶ
1213 2226 1473 2280 ἐκόλασεν
1520 2229 1600 2290 εἰς
1655 2228 1868 2296 καιρὸν,
1898 2227 1994 2280 καὶ
2025 2227 2178 2279 ἕλυσε
2200 2225 2410 2295 ταχέως
2441 2225 2542 2294 τὴν
2606 2223 2825 2276 κόλασιν
2860 2239 2873 2252 ⁸

2111 2045 2398 2115 συμφοράν
2478 2043 2648 2113 (δέους
2683 2042 2792 2112 γὰρ
2837 2042 3032 2114 ἔχρῃζε
3059 2041 3153 2093 τοῦ
3190 2041 3458 2110 σωτηρίου
3507 2039 3696 2108 κηρύ-

2113 2153 2316 2208 γματος
2344 2134 2413 2188 τὰ
2441 2135 2750 2205 προοίμια)·
2782 2135 2810 2184 6
2833 2135 2888 2185 δὲ
2909 2136 3006 2203 τῆς
3027 2132 3391 2200 ἀποστολικῆς
3420 2131 3699 2200 ὑπάρχων

2915 2221 3090 2290 τούτῳ
3152 2221 3261 2290 γὰρ
3316 2219 3431 2290 ᾔδει
3485 2219 3696 2289 κερδας

427 2321 538 2373 νεῖν
583 2322 709 2384 τούς
766 2321 1123 2382 πταίσαντας.
1173 2321 1332 2375 Ἀλλ-ά
1363 2323 1472 2393 γὰρ
1505 2323 1601 2375 καὶ
1639 2322 1735 2374 ἐπὶ
1766 2322 1835 2374 τὰ
1865 2323 2001 2376 ἄλλα
2044 2323 2203 2385 ἰτέον,
2240 2321 2332 2373 καὶ
2373 2319 2649 2388 συντόμως
2683 2319 2912 2370 κάκεῖνα
2939 2315 3254 2386 ἐξηγητέον.

498 2416 712 2470 Etenim
761 2433 886 2469 cum
921 2416 1109 2484 Arius,
1152 2417 1508 2487 blasphemia:
1543 2418 1595 2471 in
1639 2418 2000 2488 Unigenitum

424 2517 480 2560 et
521 2505 787 2576 Spiritum
826 2519 1082 2563 sanctum
1134 2518 1289 2582 pater
1316 2519 1368 2565 et
1398 2511 1604 2581 opifex,
1651 2512 1704 2564 iu
1741 2527 1865 2565 cum
1905 2511 2001 2579 qui

426 2601 605 2676 ipsum
635 2609 852 2654 crearat
881 2601 1122 2670 linguam
1177 2617 1426 2666 movens,
1481 2604 1722 2656 tumultu
1773 2610 1826 2656 et
1876 2618 2002 2671 per-

425 2690 742 2745 turbatione
783 2692 1122 2764 implevisset
1148 2694 1468 2765 ngyptum,
1504 2705 1559 2750 et
1602 2695 2000 2749 Constantinus

427 2784 703 2840 maximus
753 2784 1082 2857 imperator.
1138 2787 1324 2856 gregis
1401 2789 1577 2842 nostri
1656 2785 1998 2851 Zurubabel,

425 2873 671 2942 (quippe
698 2875 791 2944 qul
825 2883 992 2929 totam
1035 2878 1270 2948 piorum,
1301 2878 1447 2932 sicut
1473 2878 1584 2942 ille,
1623 2877 1999 2947 captivitatem

424 2961 646 3016 reduxit
676 2963 744 3016 ab
795 2963 1009 3040 1114
1045 2967 1259 3020 exsilio.
1296 2974 1350 3020 et
1399 2965 1584 3019 divina
1629 2967 1829 3036 templa
1881 2969 2000 3022 solo

423 3062 636 3122 aequata
672 3055 727 3108 in
755 3055 922 3108 altum
947 3056 1170 3126 erexit).
1200 3057 1571 3112 Ecclesiarum
1597 3058 1860 3126 praesides
1884 3073 1999 3111 om-

425 3160 527 3199 nes
559 3143 796 3199 Nicaeam
829 3154 1215 3209 convocasset,
1249 3148 1400 3202 venit
1431 3163 1558 3202 cum
1603 3147 1726 3202 aliis
1767 3162 2000 3217 magnus

2174 2415 2395 2485 Ἐπειδὴ
2421 2414 2531 2484 γὰρ
2567 2415 2808 2482 Ἄρειος,
2836 2412 2864 2462 6
2905 2411 3004 2480 τῆς
3034 2409 3175 2462 κατὰ
3203 2406 3296 2460 τοῦ
3342 2404 3698 2472 Μονοτειοῦς

2101 2508 2197 2561 καὶ
2222 2507 2314 2559 τοῦ
2341 2508 2608 2574 παναγίου
2639 2503 2957 2573 Πνεύματος
2993 2499 3343 2571 βλασφημίας
3379 2498 3528 2566 πατὴ
3535 2515 3566 2566 ρ
3589 2498 3694 2548 καὶ

2099 2600 2448 2671 δημιουργὸς.
2500 2597 2640 2649 κατὰ
2695 2596 2790 2648 τοῦ
2852 2592 3215 2660 πεποιηκότος
3285 2590 3382 2660 τὴν
3430 2591 3694 2657 γλῶτταν

2101 2691 2425 2761 κεκινηκὼς,
2460 2689 2720 2758 ἐνέπλησε
2757 2689 2860 2758 τὴν
2887 2686 3162 2752 Αἴγυπτον
3187 2683 3416 2754 Θορύεῖου
3451 2682 3548 2734 καὶ
3581 2699 3688 2733 τα-

2107 2767 2300 2855 ραχῆς,
2358 2783 2767 2843 Κωνσταντῖνος
2794 2780 2851 2831 δὲ
2879 2781 2906 2831 ὁ
2931 2777 3185 2848 μέγιστος
3235 2775 3509 2846 βασιλεὺς,
3528 2775 3555 2824 ό
3585 2777 3694 2842 τῆς

2103 2877 2377 2947 ἡμετέρας
2392 2875 2594 2944 ἀγέλης
2614 2872 2933 2943 Ζοροὸἁὸελ·
2960 2873 3080 2923 κατ’
3102 2871 3308 2921 ἐκεῖνον
3325 2866 3432 2935 γὰρ
3455 2867 3555 2932 τὴν
3570 2866 3692 2915 τῶν

2101 2968 2340 3021 εὐσεϐῶν
2380 2966 2756 3037 αἰχμαλωσίαν
2783 2967 2846 3017 ἐκ
2885 2965 2982 3033 τῆς
3014 2961 3308 3031 ὑπερορίας
3337 2960 3551 3012 ἃπασαν
3582 2960 3690 3008 ἐπ-

2100 3062 2366 3130 ανήγαγε,
2390 3060 2627 3121 καὶτοὺς
2650 3058 2826 3120 θείους
2851 3056 2987 3118 νεὼς
3005 3057 3080 3118 είς
3102 3054 3292 3121 ἔδαφος
3317 3049 3692 3121 ἐρριμμένους

2101 3155 2180 3216 είς
2205 3153 2334 3220 ὕψος
2355 3153 2666 3222 ἀνήγειρεν.
2697 3148 2914 3218 Ἐπειδὴ
2934 3148 3110 3199 τοίνυν
3129 3141 3281 3206 οὗτος
3308 3143 3520 3204 πάντας
3552 3141 3690 3200 τούς

425 3251 647 3307 quoque
671 3236 934 3304 Jacobus,
968 3253 1068 3308 pro
1094 3239 1239 3293 veris
1275 3239 1650 3310 dogmatibus,
1705 3246 1766 3292 ut
1807 3239 1998 3293 fortis-

2104 3245 2210 3298 τῶν
2227 3244 2560 3313 Ἐκκλησιῶν
2580 3243 2873 3312 προέδρους
2891 3241 3225 3294 κατ’ἐκεῖνον
3240 3237 3330 3289 τὸν
3343 3236 3531 3304 καιρὸν
3555 3250 3690 3285 συν-

425 3330 602 3382 simus
641 3328 873 3383 bellator
905 3337 961 3384 et
1002 3329 1174 3386 totius
1205 3332 1440 3401 agminis
1472 3332 1754 3401 princeps,
1804 3333 2000 3385 decer-

423 3428 668 3474 taturus.
705 3421 762 3473 ln
793 3419 1166 3477 Romanorum
1195 3424 1340 3478 enim
1377 3425 1590 3479 ditione
1633 3423 1844 3478 Nisibis
1870 3433 2001 3476 tunc

423 3521 566 3566 erat.
613 3509 694 3583 [lu
729 3513 830 3568 hac
857 3530 989 3584 ergo
1020 3529 1218 3583 magna
1260 3515 1501 3586 synodo,
1544 3530 1669 3569 cum
1709 3515 1880 3568 multa
1903 3515 1999 3568 be-

425 3618 496 3664 ne
526 3612 816 3673 recteque,
853 3606 1028 3658 multa
1081 3607 1248 3659 etiam
1299 3621 1463 3660 secus
1523 3605 1673 3659 dicta
1717 3606 1996 3668 fuissent,

426 3694 445 3764 (
473 3705 632 3756 erant
669 3696 812 3752 enim
851 3697 1010 3764 pauci
1048 3696 1304 3766 quidam,
1337 3697 1429 3766 qui
1459 3699 1741 3751 contraria
1775 3697 1997 3767 quidem

426 3785 760 3849 sentiebant,
797 3786 892 3839 sed
923 3787 1258 3856 impietatem
1289 3803 1443 3841 suam
1478 3787 1713 3857 prodere
1751 3803 1857 3841 non
1903 3803 2000 3842 au-

427 3872 654 3936 debant,
706 3888 940 3942 entuque
988 3875 1260 3944 decipulis
1311 3875 1640 3945 quibusdam
1706 3877 1995 3946 tegebant,

363 3977 374 3986 '
423 3979 536 4016 non
576 3963 834 4018 omnibus
871 3965 1033 4041 vulgo
1090 3967 1274 4030 notis,
1330 3967 1425 4021 sed
1458 3967 1523 4021 iis
1555 3968 1648 4036 qui
1694 3969 1944 4023 veritatis
1978 3972 1996 3992 ‘

426 4069 629 4114 arcana
674 4063 1025 4124 penetrarent
1086 4058 1296 4128 liquido
1351 4061 1722 4131 perspectis),
1765 4062 1998 4115 recitata

424 4153 508 4200 est
537 4160 659 4214 qua:
695 4154 808 4200 toto
857 4153 1130 4200 terrarum
1173 4149 1305 4202 orbe
1360 4165 1508 4203 nunc
1543 4152 1749 4205 obtinet
1797 4153 1997 4220 praedi-

423 4245 696 4306 caturque
725 4238 850 4293 ﬁdei
880 4239 1163 4295 confessio
1183 4281 1196 4304 ,
1242 4241 1622 4311 subscripsere
1654 4255 1833 4298 autem
1871 4246 1996 4298 unl-

423 4329 590 4389 versi,
643 4343 919 4399 manuque
949 4339 1004 4385 et
1038 4331 1251 4385 calamo
1279 4333 1352 4385 ita
1381 4348 1440 4386 se
1477 4335 1705 4388 credere
1754 4350 1815 4388 ac
1872 4352 1995 4389 seu-

425 4420 528 4472 tire
560 4419 795 4488 professi
835 4431 985 4475 sunt.
1029 4422 1230 4477 Verum
1258 4439 1447 4478 eorum
1482 4441 1608 4494 pars
1656 4427 1894 4480 maxima
1933 4428 1999 4480 li-

2103 3341 2321 3407 ήγειρεν
2344 3337 2422 3399 είς
2439 3337 2533 3405 τὴν
2550 3335 2802 3395 Νίκαιαν,
2819 3331 3045 3399 ἀφίκετο
3064 3325 3320 3400 μετὰτῶν
3339 3325 3506 3377 ἄλλων
3528 3324 3633 3374 καὶ
3661 3325 3693 3376 6

2106 3428 2277 3496 μέγας
2301 3424 2577 3486 Ἰάκωϐος,
2599 3423 2707 3474 τῶν
2745 3420 2919 3492 ὀρθῶν
2943 3418 3348 3488 ὐπερμαχήσων
3367 3412 3686 3482 δογμάτων,

2102 3514 2190 3572 οἷά
2210 3535 2292 3579 τις
2315 3517 2568 3586 ἀριστεὺς
2595 3515 2686 3566 καὶ
2716 3514 2998 3583 πρόμαχος
3024 3511 3241 3579 ἀπάσης
3262 3511 3358 3577 τῆς
3378 3506 3686 3573 φάλαγγος.

2103 3611 2216 3680 Τῆς
2257 3608 2544 3678 Ῥωμαίων
2581 3606 2686 3676 γὰρ
2719 3604 3019 3676 ἡγεμονίας
3039 3600 3336 3671 τηνικαῦτα
3363 3597 3622 3666 ὑπῆρχεν
3652 3596 3686 3664 ἡ

2102 3700 2336 3762 Νίσιϐις.
2393 3697 2484 3749 Ἐν
2515 3696 2727 3748 τοίνυνι
2751 3697 2814 3763 τῇ
2855 3692 3060 3763 μεγάλῃ
3093 3690 3313 3758 συνόδῳ,
3337 3685 3554 3738 πολλῶν
3584 3685 3686 3754 μὲν

2103 3787 2161 3844 εὖ
2185 3791 2278 3843 καλ.
2307 3788 2506 3851 καλῶς,
2540 3785 2749 3839 πολλῶν
2771 3785 2838 3837 δὲ-
2857 3786 2946 3837 καί
2973 3783 3147 3844 ἄλλως
3171 3779 3476 3849 εἰρημένων
3495 3791 3510 3804 θ
3536 3772 3684 3844 ἦσαν

2101 3883 2210 3952 γάρ
2241 3881 2410 3947 ὀλίγοι
2439 3879 2606 3943 τινὲς,
2631 3878 2678 3929 οἳ
2704 3875 2966 3928 τάναντία
2996 3875 3094 3944 μὲν
3123 3872 3404 3940 ἐφρόνουν,
3433 3866 3683 3936 γυμνοῦν

2101 3977 2284 4046 δὲτὴν
2319 3973 2466 4042 σφῶν
2515 3974 2616 4025 οὐκ
2650 3971 2914 4042 ἐθάρρουν
2972 3968 3246 4028 ἀσέϐειαν,
3303 3964 3440 4018 ἀλλὰ
3489 3962 3680 4016 δελεά-

2103 4066 2274 4136 σμασί
2311 4082 2420 4117 τισι
2483 4063 2908 4124 συνεκάλυπτον,
2941 4060 3002 4112 οὐ
3036 4060 3172 4110 πᾶσι
3206 4056 3302 4125 μὲν
3355 4053 3678 4123 γνωρίμοις,

2099 4162 2211 4222 τοῖς
2231 4158 2287 4210 δὲ
2336 4155 2588 4226 ἀκριϐέσι
2626 4154 2726 4222 τῆς
2786 4150 3044 4220 ἀληθείας
3105 4148 3338 4218 μύσταις
3380 4145 3478 4197 καὶ
3533 4143 3680 4213 μάλα

2099 4249 2277 4318 δήλοις
2302 4264 2315 4277 ·
2341 4244 2738 4315 ὐπαγορεύεται
2769 4243 2867 4311 μὲν
2897 4243 2930 4310 ἡ
2960 4240 3104 4292 κατὰ
3138 4239 3319 4290 πᾶσαν
3345 4235 3443 4304 τὴν
3490 4235 3680 4284 οἱκουο

2104 4341 2270 4412 μένην
2315 4339 2409 4389 ἐπὶ
2443 4336 2535 4389 τοῦ
2585 4334 2852 4405 παρόντος
2881 4329 3160 4403 κρατοῦσά
3194 4346 3252 4380 τε
3283 4327 3377 4379 καὶ
3411 4340 3685 4393 κηρυττοο

2105 4433 2237 4502 μένη
2300 4431 2402 4500 τῆς
2485 4429 2720 4490 πίστεως
2777 4425 3068 4494 ὁμολογίαν
3139 4419 3567 4490 ὐπεσημήναντο
3624 4415 3686 4468 δὲ

424 4511 617 4564 benter
652 4512 755 4564 hoc
786 4513 982 4582 agebat
1011 4532 1023 4566 ι
1054 4522 1262 4582 septem
1288 4514 1557 4568 duntaxat
1591 4515 1704 4569 Arii
1739 4517 1996 4586 blasphe-

2104 4525 2362 4594 απαντες,
2393 4521 2488 4573 καὶ
2515 4523 2579 4588 τῇ
2600 4520 2742 4590 χειρί⁵
2766 4519 2859 4570 καὶ
2887 4516 2964 4586 τῷ
2987 4515 3216 4582 καλάμῳ
3235 4512 3376 4564 οὓτω
3399 4508 3690 4560 πιστεύειν

427 4602 550 4654 mia:
583 4601 926 4666 defensores,
969 4604 1155 4673 lingua
1215 4606 1435 4674 quidem
1490 4614 1543 4660 ct
1575 4623 1737 4661 manu
1783 4610 1996 4664 assensi

424 4699 578 4755 sunt,
621 4693 819 4760 lingua:
851 4707 981 4746 vero
1026 4705 1423 4763 repugnantem
1479 4698 1810 4751 sententiam
1863 4700 1994 4753 reti-

423 4782 650 4847 nebaut,
683 4783 842 4850 juxta
902 4785 1291 4853 prophetiam:
1336 4803 1353 4836 ι
1402 4785 1645 4856 Populus
1693 4789 1782 4844 hic
1829 4791 1995 4846 labiis

421 4891 510 4928 me
547 4875 800 4936 honorat.
855 4877 1023 4930 corde
1055 4886 1232 4930 autem
1276 4877 1434 4948 longe
1478 4890 1559 4934 est
1591 4897 1618 4933 ιι
1672 4898 1758 4936 me
1787 4883 1815 4922 ιι
1844 4902 1856 4937 :
1883 4903 1901 4935 ι
1943 4892 1998 4938 et

417 4968 575 5044 juxta
615 4967 878 5020 disertam
910 4966 1161 5022 ,Ιοι-ριιιὶίο
1191 4985 1378 5023 vocem
1410 4989 1423 5024 :
1458 4990 1476 5022 ‹
1521 4971 1693 5042 Prope
1727 4990 1785 5028 es
1823 4985 1878 5028 tu
1909 4977 1994 5030 ori

420 5075 637 5124 eorum,
679 5058 890 5129 1115
947 5067 1000 5113 et
1048 5061 1237 5132 procul
1299 5076 1329 5114 a
1381 5062 1606 5117 renibus
1658 5079 1846 5119 eorum
1878 5080 1923 5120 ι.
1968 5086 1986 5116 ι

422 5149 488 5204 Et
524 5151 609 5206 his
648 5167 896 5206 consona
935 5151 1001 5206 de
1055 5152 1248 5206 iisdem
1301 5153 1494 5208 beatus
1548 5173 1769 5227 quoque
1823 5158 1993 5212 David

489 5288 518 5328 1³
550 5288 656 5346 lsa.
681 5291 944 5356 xxrx,15.
993 5291 1234 5348 iJerem.
1260 5307 1411 5358 xxix,
1435 5293 1524 5350 Ξῖ).

2102 4615 2196 4667 καὶ
2229 4614 2445 4682 φρονεῖν
2485 4611 2843 4680 ὡμολόγησαν
2867 4624 2881 4637 ⁵
2916 4607 3028 4660 ἀλλ’
3051 4608 3099 4658 οἱ
3133 4605 3349 4664 πλείους
3374 4603 3472 4670 μὲν
3497 4601 3690 4668 ἄσμε-

2101 4723 2179 4760 νοι
2205 4704 2360 4758 τοῦτο
2384 4703 2597 4756 ἐποίουν
2618 4720 2631 4733 ·
2666 4703 2803 4754 ἐπτὰ
2822 4700 2876 4752 δέ
2902 4717 3046 4762 τινες
3078 4699 3179 4767 τῆς
3203 4696 3411 4766 Ἀρείου
3437 4694 3700 4764 βλασφη-

2105 4798 2234 4868 μίας
2283 4798 2590 4866 συνήγοροι,
2622 4798 2689 4864 τῇ
2730 4794 2825 4860 μὲν
2873 4791 3090 4860 γλώττῃ
3137 4791 3230 4842 καὶ
3264 4792 3329 4858 τῇ
3363 4788 3505 4856 χειρὶ
3555 4803 3702 4837 συν-

2101 4886 2479 4956 ωμολόγησαν,
2543 4882 3046 4951 ἀντιφθεγγομένην
3081 4880 3135 4932 δέ
3190 4882 3255 4948 τῇ
3308 4877 3525 4946 γλώττῃ
3583 4877 3701 4945 τὴν

2101 4977 2325 5046 γνώμην
2351 4977 2660 5044 ἐκέκτηντο,
2697 4973 2837 5026 κατὰ
2863 4972 2962 5042 τὴν
2990 4970 3326 5041 προφητείαν
3353 4968 3450 5036 τὴν
3487 4967 3706 5032 λέγοιμ

2057 5071 2062 5074 ’
2103 5085 2233 5119 σαν·
2281 5085 2296 5116 α
2323 5060 2490 5127 Οὗτος
2555 5067 2582 5117 6
2617 5063 2742 5125 λαὸς
2789 5066 2900 5125 τοῖς
2937 5061 3140 5131 χείλεσί
3196 5078 3261 5130 με
3303 5060 3464 5128 τιμᾷ,
3507 5063 3582 5128 τῇ
3631 5060 3708 5112 δὲ

2102 5157 2303 5230 καρδίᾳ
2351 5157 2543 5228 πόρρω
2595 5154 2790 5225 ἀπέχει
2827 5154 2922 5212 ἀπ’
2966 5153 3131 5224 ἐμοῦ·
3170 5171 3189 5204 ι
3235 5152 3328 5204 καὶ
3382 5150 3528 5202 κατὰ
3586 5153 3704 5222 τὴ.

1691 5436 1826 5492 ιτΑιι
1839 5439 1924 5492 LE
1968 5437 2372 5494 LECTIONES.

496 5527 512 5557 ⁸
560 5529 688 5593 Quae
728 5529 946 5586 uncinis
981 5529 1175 5603 inclusi
1205 5531 1273 5584 ab
1313 5532 1397 5585 his
1436 5533 1617 5586 verbis
1653 5551 1665 5586 :
1696 5533 1788 5586 Ἑν
1821 5532 1998 5583 τοίνυν
2036 5535 2100 5603 τῇ
2143 5533 2351 5603 μεγάλῃ
2377 5532 2577 5603 συνόδῳ
2601 5532 2666 5584 ad
2698 5532 2862 5603 verba
2892 5549 2944 5602 p.
2989 5532 3150 5591 illi},
3190 5533 3338 5603 ὅπλῳ
3359 5531 3423 5596 τῇ
3456 5528 3714 5603 γλώττῃ

421 5590 789 5677 χρησάμενος,
821 5601 1152 5677 non_dubito
1177 5604 1366 5677 spuria
1394 5619 1535 5677 esse.
1558 5604 1708 5677 etab
1735 5603 1840 5656 alia
1868 5618 2028 5654 manu
2050 5590 2293 5677 _:_i'dj'ecia.
2324 5590 2424 5654 "Ab
2467 5590 2680 5677 Herveti
2737 5590 2958 5677 quidem
2995 5590 3440 5677 interpretatione
3470 5590 3718 5677 pinati;

428 5665 514 5716 lue
547 5668 706 5740 lucus
740 5670 910 5740 abest.
937 5669 1044 5740 Nec
1066 5665 1324 5723 crrdihile
1351 5682 1434 5723 est
1456 5671 1853 5726 Theudoretum
1877 5683 1982 5724 tam
2013 5665 2186 5726 alii-lia
2218 5676 2445 5726 misce.th
2481 5665 2880 5740 potuiSse.qu;c
2909 5673 2964 5726 in
3019 5665 3262 5727 [list-cria
3311 5668 3718 5724 ecclesiastica

429 5733 848 5812 rectius‘tradit,
876 5745 964 5812 ἰιι
999 5739 1567 5812 iii_coiii'iliu_lSic:ciigi
1595 5743 1734 5794 facta
1764 5751 2011 5795 narraret
2035 5759 2154 5812 qua:
2189 5756 2370 5810 postea
2391 5733 2864 5812 Constantinopoli
2923 5744 3293 5811 contigerunt,
3326 5749 3379 5792 et
3436 5740 3718 5812 Alean-

425 5802 581 5884 ξ²ν¹¹¹¹¹
609 5801 1269 5884 Οοιιειεξηιῑιιρνυιὶεεειιιι-ιιι
1309 5809 1647 5884 Alexandriae
1675 5814 1989 5879 episcopum
2032 5801 2349 5880 appellaret.
2381 5801 3412 5884 Praeterea”ex'Athanasiu"Macarium
3448 5808 3717 5884 pic-shy-

427 5879 624 5936 terum,
653 5885 758 5925 non
789 5870 1050 5926 Jacobum
1091 5872 1408 5930 Nisibcuum
1441 5870 1986 5950 adjuvisse'prccihus
2021 5870 2385 5938 Alcxaiulrum
2428 5882 2588 5936 tradit
2625 5881 2762 5936 Hist.
2800 5884 2925 5935 σείει.
2973 5899 3007 5948 ι,
3035 5884 3113 5937 l5.
