3974 6212
348 374 479 443 13M

1574 369 1980 433 RELIGIOSA
2012 372 2392 434 HISTORIA.

3463 365 3599 432 1302

353 485 624 558 Ἱερεμίου
679 479 864 551 φωνὴν
901 478 1001 550 τὴν
1043 478 1340 550 διαρρήδην
1385 473 1630 546 βοῶσαν·
1672 495 1690 527 ι
1723 475 1920 544 Ἐγγὺς

2029 477 2159 531 dixit
2191 497 2202 531 :
2240 495 2259 527 ι
2298 473 2407 530 Ore
2431 488 2534 529 suo
2564 471 2985 537 benedicebant,
3010 477 3064 526 et
3094 470 3260 527 corde
3284 485 3385 528 suo
3423 475 3597 530 male—

343 573 397 630 εῑ
427 578 492 629 σὺ
520 573 613 628 τοῦ
642 573 910 642 στόματος
936 569 1139 635 αὐτῶν,
1166 569 1262 622 καὶ
1309 568 1499 638 πόρρω
1536 566 1644 620 ἀπὸ
1697 566 1807 619 τῶν
1836 583 1923 620 νε-

342 665 495 736 φρῶν
525 664 724 718 αὐτῶν.
746 681 764 714 ι
802 661 1079 730 Σύμφωνα
1111 661 1168 713 δὲ
1196 658 1406 720 τούτοις
1434 675 1500 711 πε
1512 659 1565 730 ρὶ
1594 657 1799 710 τούτων
1823 657 1919 720 καὶ

343 761 371 812 6
403 757 672 826 μακάριος
723 754 828 824 ἔφη
865 752 1057 806 Δαϐίδ·
1094 770 1111 804 ι
1133 751 1222 822 Τῷ
1255 750 1486 821 στόματι
1547 750 1726 802 αὐτῶν
1764 749 1924 820 ηὐλό-

344 867 494 918 γουν,
545 851 638 902 καὶ⁹
669 850 736 919 τῇ
771 847 966 917 καρδίᾳ
1001 843 1180 898 αὐτῶν
1229 842 1572 914 κατηρῶντο.
1609 860 1628 892 ι
1672 842 1784 894 Καὶ
1813 841 1922 894 πά-

345 943 458 994 λιν·
503 959 522 991 «
568 933 991 1006 Ἦπαλύνθησαν
1017 937 1067 988 οί
1101 935 1249 1002 λόγοι
1309 933 1490 987 αὐτῶν
1527 931 1667 1002 ὑπὲρ
1718 930 1920 997 ἔλαιον,

351 1034 444 1086 καὶ
472 1031 625 1085 αὐτοί
655 1034 760 1084 είσι
785 1030 1007 1101 βολίδες.
1045 1048 1064 1080 ι
1095 1022 1252 1081 Οὗτοι
1273 1026 1364 1080 τὸν
1393 1027 1490 1095 τῆς
1528 1023 1924 1092 Ἀλεξανδρέων

347 1123 640 1176 ἐπίσκοπον
683 1121 773 1174 τὸν
815 1120 987 1190 μέγαν
1038 1115 1389 1186 Ἀλέξανδρον
1450 1112 1817 1180 παρεκάλουν,
1843 1111 1924 1163 οἱ-

348 1217 558 1284 κτεῖραι
603 1212 698 1265 τὸν
751 1212 970 1281 Ἀρειον
1006 1207 1110 1260 ὑπὸ
1144 1207 1325 1276 πάσης
1381 1205 1597 1274 ἐκείνης
1651 1203 1928 1271 ἀποκηρυ-

347 1305 544 1374 χθέντα
571 1304 674 1373 τῆς
703 1303 976 1372 φάλαγγος
997 1318 1010 1332 ·
1039 1297 1133 1352 τοῦ
1165 1299 1221 1352 δὲ
1249 1297 1344 1351 καὶ
1367 1297 1428 1349 τὸ
1454 1295 1659 1348 τούτων
1691 1293 1925 1347 ὓπουλον

347 1396 567 1461 εἰδότος,
594 1395 688 1446 καὶ
714 1394 813 1463 τὴν
863 1392 1072 1444 ἐκείνου
1109 1389 1371 1460 πονηρίαν
1430 1385 1804 1458 ὑφορωμένου,
1832 1385 1926 1438 καὶ

345 1486 536 1539 τούτου
571 1485 729 1554 χάριν
750 1484 810 1536 ού
843 1481 1134 1552 δεχομένου
1160 1479 1259 1548 τὴν
1295 1479 1510 1547 αἴτησιν
1542 1495 1554 1508 ’
1583 1475 1731 1528 ἄλλοι
1779 1474 1923 1536 τινὲς

345 1575 451 1628 τῶν
468 1573 730 1643 ἁπλότητι
752 1569 1146 1641 συνεζηκότων,
1163 1567 1363 1630 πολλὰς
1393 1565 1493 1635 τῆς
1517 1562 1926 1634 φιλανθρωπίας

346 1669 631 1739 διεξῄεσαν
661 1665 955 1736 εὐφημίας,
998 1662 1170 1733 ταύτῃ
1198 1660 1407 1733 χαίρειν
1430 1658 1679 1725 λέγοντες
1714 1656 1806 1708 καὶ
1834 1655 1925 1709 τὸν

344 1761 451 1814 τῶν
473 1761 608 1812 ὅλων
639 1758 792 1812 Θεόν.
845 1756 1060 1824 Ἐπειδὴ
1081 1755 1138 1808 δὲ
1171 1757 1198 1807 ὁ
1229 1754 1402 1823 μέγας
1445 1749 1791 1819 Ἀλέξανδρος
1824 1747 1924 1818 τὴν

2023 568 2281 623 dicebam
2318 565 2374 633 i;
2408 586 2426 618 ι
2471 575 2525 621 et
2563 566 2800 620 iterum:
2842 583 2860 616 ι
2902 563 3092 617 Molliti
3146 571 3276 618 sunt
3313 579 3598 619 sermones

2021 677 2214 717 eorum
2263 676 2430 731 super
2497 662 2702 723 oleum,
2737 667 2791 714 et
2847 660 2952 730 ipsi
2991 668 3120 714 sunt
3145 657 3330 728 jacula
3372 655 3420 715 ι.
3453 679 3470 710 ι
3506 661 3596 714 Isti

2022 753 2394 808 Alexandrum
2427 766 2640 821 magnae
2687 751 3035 806 Alexandriae
3083 752 3401 821 cpiscOpum
3441 767 3597 821 roga-

2020 845 2176 910 bant,
2219 853 2279 898 ut
2313 845 2431 898 Arii
2474 845 2854 904 misereretur,
2909 844 2977 897 ab
3030 843 3290 898 universa
3329 844 3419 896 illa
3462 845 3597 913 plta-

2024 935 2184 1005 lange
2219 935 2594 990 exauctorati.
2630 933 2731 988 Hic
2778 949 2910 988 vero
2943 949 3066 987 cum
3107 944 3162 988 et
3201 933 3486 988 subdolam
3521 935 3600 988 is-

2024 1034 2206 1079 torum
2236 1033 2472 1080 mentem
2515 1033 2727 1090 nosset,
2769 1035 2825 1080 et
2871 1033 3184 1094 suspectam
3218 1025 3364 1079 illius
3409 1026 3600 1094 nequi-

2023 1117 2155 1170 tiam
2189 1117 2440 1180 haberet,
2477 1133 2542 1172 ae
2572 1125 2862 1188 propterea
2904 1117 3125 1171 illorum
3156 1116 3450 1186 postulatis
3492 1132 3600 1171 non

2026 1216 2320 1272 annueret,
2355 1209 2447 1263 alii
2496 1209 2722 1280 quidam
2760 1209 3121 1280 simplicioris
3169 1208 3374 1278 ingenii
3428 1209 3600 1262 multa

2025 1299 2091 1354 de
2125 1299 2434 1354 clementiae
2456 1299 2713 1355 laudibus
2737 1301 3104 1364 disserentes,
3126 1300 3231 1355 hac
3263 1301 3429 1355 etiam
3464 1316 3604 1370 prae-

2026 1392 2184 1461 cipue
2199 1393 2462 1447 delectari
2493 1393 2879 1448 universorum
2909 1392 3078 1448 Deum
3105 1393 3512 1470 suggerebant:
3549 1401 3604 1447 et

2026 1499 2150 1538 cum
2171 1483 2398 1554 Magnus
2416 1484 2726 1540 Alexander
2743 1485 3005 1553 injustam
3024 1500 3152 1552 erga
3178 1500 3346 1538 unum
3368 1485 3604 1539 clemen-

2028 1574 2158 1628 tiam
2177 1575 2580 1630 inclementiam
2595 1576 3043 1645 appellaret,qua:
3060 1575 3404 1629 multisesset
3423 1575 3606 1644 perni-

2027 1667 2177 1722 ciosa
2206 1667 2503 1738 damnique
2531 1669 2876 1722 occasionem
2905 1670 3120 1723 cunctis
3149 1669 3408 1738 gregibus
3452 1667 3607 1721 futu-

2027 1773 2144 1812 ram
2168 1758 2464 1813 aliirmaret
2485 1799 2498 1822 ,
2530 1761 2781 1814 hortatur
2804 1776 2996 1815 omnes
3015 1761 3236 1814 divinus
3257 1761 3518 1822 Jacobus,
3548 1770 3602 1812 ut

343 1853 525 1908 ἄδικον
547 1869 612 1904 πε
622 1853 672 1920 pi
687 1851 781 1903 ἕνα
808 1846 1212 1920 φιλανθρωπίαν
1235 1844 1632 1915 ἀπανθρωπίαν
1649 1837 1920 1910 ὠνόμαζε,

2029 1848 2222 1918 jejunii
2256 1851 2619 1904 macerationi
2649 1866 2708 1906 se
2740 1852 2963 1917 dedant,
3023 1862 3342 1922 septemque
3381 1869 3506 1907 cum
3541 1869 3606 1905 eo

347 1947 556 2002 πολλῶν
623 1941 792 1999 οὖσαν
837 1939 1215 2014 λυμαντικὴν,
1270 1939 1364 1993 καὶ
1423 1937 1614 2007 λώϐης
1654 1935 1926 2007 πρόφασιν

345 2038 563 2092 ἔσεσθαι
595 2039 706 2098 τοῖς
727 2033 998 2104 ποιμνίοις
1027 2032 1230 2086 ἅπασιν
1269 2030 1422 2098 ἔλεγε
1448 2047 1462 2060 ο
1494 2027 1730 2099 παρῄνει
1760 2027 1928 2078 πᾶσιν

342 2133 372 2185 6
403 2129 546 2193 θεῖος
586 2128 861 2191 ’1ἀκω6ος,
901 2127 968 2196 τῇ
1023 2125 1120 2194 μὲν
1149 2123 1253 2192 τῆς
1308 2121 1567 2192 νηστείας
1619 2117 1928 2190 χρήσασθαι
1970 2139 1974 2142 ~

343 2220 631 2291 κακουχίᾳ,
693 2218 835 2272 ἑπτὰ
871 2217 929 2270 δὲ
978 2216 1121 2270 κατά
1154 2213 1352 2268 ταύτὸν
1409 2212 1624 2283 ἡμέρας
1662 2211 1752 2264 τον
1795 2209 1926 2262 Θεὸν

345 2316 617 2370 ἱκετεῦσαι
641 2313 700 2366 τὸ
723 2315 843 2375 ταῖς
867 2309 1219 2380 Ἐκκλησίαις
1255 2309 1500 2359 συνοῖσον
1533 2302 1924 2376 πρυτανεῦσαι.

341 2405 657 2476 Δεξαμένων
675 2405 734 2457 δὲ
763 2403 1018 2456 ἁπάντων
1041 2399 1135 2452 τοῦ
1173 2399 1317 2452 θείου
1345 2397 1537 2468 ἀνδρὸς
1565 2395 1664 2467 τὴν
1694 2395 1925 2466 εἰσήγη-

342 2515 465 2552 σιν·
521 2497 742 2568 ῇδεισαν
797 2495 912 2564 γάρ
963 2491 1124 2545 αὑτὸν
1189 2490 1572 2552 ἀποστολικοῖς
1622 2488 1926 2560 χαρίσμασι

337 2591 622 2661 λάμποντα
641 2605 656 2620 ο
699 2587 1031 2656 ἐκεράννυτο
1061 2584 1159 2652 μὲν
1188 2583 1221 2653 ή
1247 2583 1472 2652 νηστεία
1497 2583 1564 2651 τῇ
1601 2583 1876 2651 προσευχῇ
1908 2597 1923 2612 ο

339 2683 634 2754 ἐψηφίζετο
665 2681 722 2733 δὲ
744 2682 863 2742 ταῖς
905 2675 1260 2744 Ἐκκλησίαις
1287 2677 1316 2728 6
1337 2673 1546 2726 τούτων
1579 2673 1926 2744 κυϐερνήτης

338 2777 400 2829 τὸ
448 2775 743 2845 συμφέρον.
797 2772 907 2824 Καὶ
958 2769 1148 2838 ἐπειδὴ
1198 2767 1509 2837 ἀπήντησεν
1556 2767 1592 2836 ἡ
1644 2764 1923 2835 Κυριακὴ,

341 2866 461 2920 καθ’
493 2867 560 2937 ἦν
589 2865 814 2936 ἤλπιζον
842 2863 893 2914 οί
931 2860 1148 2922 πλείους
1189 2859 1276 2911 τὸν
1329 2858 1610 2930 ἀλιτήριον
1649 2855 1927 2926 είσδεχθή-

345 2958 556 3022 σεσθαι,
590 2957 685 3010 καὶ
712 2957 810 3024 τῆς
833 2953 986 3016 θείας
1014 2950 1362 3021 λειτουργίας
1395 2949 1632 3019 ἔφθασεν
1651 2949 1678 3000 ὁ
1709 2948 1920 3020 καιρὸς,

339 3051 437 3105 καὶ
467 3049 801 3121 προσέμενον
865 3044 1106 3106 ἅπαντες
1133 3043 1264 3096 ίδεῖν
1305 3041 1397 3095 τὸν
1447 3041 1694 3095 ἀντίθεον
1744 3038 1925 3092 ὲλεούρ

347 3160 528 3214 μενον,
554 3137 855 3211 τηνικαῦτα
887 3135 1097 3204 γίνεται
1123 3133 1267 3186 θεῖον
1298 3133 1469 3196 ὅντως
1498 3134 1591 3186 καὶ
1619 3131 1922 3210 παράδοξον
1950 3165 1996 3228 c

344 3235 550 3305 θαῦμα.
587 3231 676 3285 Ἐν
725 3229 1032 3300 βδελυκτοϊς
1060 3227 1168 3297 γὰρ
1202 3224 1295 3279 καὶ
1337 3225 1600 3278 δυσώδεσι
1645 3224 1863 3295 χωρίοις
1892 3222 1921 3274 ὁ

344 3327 597 3394 ἀλάστωρ
628 3325 834 3386 ἐκεῖνος
874 3319 975 3390 τῆς
1005 3318 1286 3389 ἀπλήστου
1331 3316 1539 3388 τροφῆς
1567 3315 1838 3386 ὲκκρίνων
1857 3315 1926 3368 τά

343 3415 753 3487 περιττώματα,
787 3413 884 3466 καὶ
909 3412 979 3464 τὰ
1003 3409 1208 3464 τούτων
1247 3409 1387 3479 μετά
1416 3411 1624 3462 τούτων
1679 3408 1924 3479 ἐξέκρινε

342 3511 542 3579 δοχεῖα.
603 3507 756 3561 Οὕτω
784 3505 840 3558 δὲ
870 3505 977 3558 τῶν
1010 3505 1302 3573 σπλάγχων
1329 3503 1494 3557 αύτοῦ
1527 3501 1916 3566 διαλυθέντων,

343 3604 437 3656 καὶ
467 3603 563 3655 σὺν
592 3603 658 3671 τῇ
690 3598 883 3668 κόπρῳ
912 3597 1330 3668 κεχωρηκότων,
1353 3595 1609 3660 ἐξέπεσεν
1637 3596 1666 3647 6
1692 3594 1925 3658 δείλαιος

343 3699 712 3767 παραχρῆμα,
773 3691 1000 3745 καὶτὸν
1053 3691 1331 3760 αἴσχιστον
1398 3691 1604 3743 ἐκεῖνον
1666 3689 1926 3758 ὑπέμεινε

342 3790 589 3850 θάνατον,
617 3787 711 3857 τῆς
734 3783 1003 3846 δυσώδους
1028 3780 1192 3836 αὑτοῦ
1213 3781 1564 3852 βλασφημίας
1588 3781 1644 3832 ὲν
1665 3779 1925 3835 δυσώδεσι

343 3882 561 3952 χωρίοις
601 3877 955 3948 εἰσπραχθεὶς
994 3877 1092 3938 τὰς
1142 3873 1393 3938 εὐθύνας,
1437 3873 1532 3926 καὶ
1565 3872 1653 3924 διά
1685 3873 1785 3940 τῆς
1827 3871 1926 3922 Ἰα-

342 3972 520 4024 κώϐου
541 3970 634 4022 τοῦ
668 3971 902 4040 μεγάλου
931 3967 1179 4035 γλώττης
1215 3963 1511 4031 δεξάμενος
1552 3961 1652 4028 τὴν
1686 3959 1922 4028 σφαγήν.

343 4059 622 4128 Θαυμάζει
671 4060 768 4126 μὲν
809 4053 956 4126 οὖνὴ
988 4057 1107 4108 θεία
1146 4052 1339 4123 Γραφὴ
1371 4051 1554 4112 Φινεὲς
1595 4050 1685 4103 τὸν
1731 4049 1924 4120 ἱερέα,

343 4151 438 4203 καὶ
460 4151 683 4212 εἰκότως
737 4146 1026 4216 θαυμάζει,
1057 4146 1138 4196 ὅτι
1167 4144 1256 4195 τὸν
1289 4141 1509 4211 ὀλέθρου
1563 4140 1676 4210 λαῷ
1707 4141 1927 4210 γινόμε-

343 4257 433 4292 νον
477 4238 732 4308 πρόξενον
772 4233 1105 4303 κατέσφαξε,
1129 4233 1218 4284 τὸν
1244 4231 1473 4303 Ζαμϐρή
1497 4249 1510 4261 ·
1546 4232 1627 4284 διὸ
1656 4233 1748 4284 καὶ
1792 4232 1928 4301 ψάλ-

343 4307 452 4384 λων
481 4307 808 4400 ὁίμακάριος
859 4326 1012 4394 ἔλεγε
1071 4323 1235 4376 Δαϐίδ
1271 4338 1285 4352 ⁸
1339 4325 1556 4392 ι”Εστη
1600 4325 1783 4387 Φινεὲς
1835 4324 1928 4376 καὶ

343 4422 646 4488 ἐξιλάσατο,
703 4419 796 4472 κα)⁸
843 4417 1175 4486 ὲκόπασενή
1216 4415 1479 4485 θραῦσιςο
1516 4416 1612 4467 καὶ
1661 4414 1919 4484 ἐλογίσθη

2028 1943 2241 1997 dierum
2277 1943 2458 2012 spatio
2498 1943 2669 1998 Deum
2717 1953 2898 2009 orent,
2936 1952 2995 1998 ut
3036 1943 3408 1999 Ecclesiarum
3457 1943 3606 1996 utili-

2031 2035 2126 2087 tati
2165 2036 2484 2089 consultum
2522 2037 2672 2090 velit.
2702 2033 2942 2091 Probato
2987 2037 3056 2091 ab
3113 2038 3377 2091 omnibus
3426 2035 3605 2090 sancti

2027 2126 2132 2180 viri
2164 2127 2397 2181 consilio
2430 2126 2716 2198 (sciebant
2747 2129 2915 2196 enim]
2944 2129 3098 2181 illum
3143 2129 3445 2198 apostolica
3477 2144 3608 2198 gra-

2029 2215 2106 2269 tia
2140 2214 2430 2284 praeditum
2458 2221 2500 2284 ),
2530 2215 2745 2284 jejunio
2771 2215 2973 2283 juncta:
3006 2223 3136 2270 sunt
3166 2233 3382 2286 preces,
3413 2228 3468 2272 et
3503 2219 3606 2271 Ec-

2029 2305 2321 2360 clesiarmn
2376 2304 2599 2358 utilitati
2650 2306 2934 2374 prospexit
2988 2305 3181 2358 harmn
3245 2308 3605 2376 gubernator.

2028 2396 2277 2465 Cumque
2305 2395 2617 2450 advenisset
2641 2395 2764 2451 dies
2793 2394 3143 2455 Dominicus,
3179 2413 3287 2466 quo
3313 2397 3402 2452 die
3435 2397 3605 2465 pleri-

2028 2502 2137 2558 que
2178 2497 2459 2556 receptum
2501 2487 2728 2555 impium
2766 2485 2836 2542 iri
2872 2487 3192 2558 sperabant,
3225 2497 3278 2543 et
3313 2489 3513 2543 divina;
3538 2488 3606 2543 li-

2032 2580 2226 2650 tui-giae
2249 2587 2469 2650 tempus
2507 2579 2752 2646 adesset,
2785 2588 3286 2650 exspectarentque
3326 2595 3517 2634 omnes
3548 2587 3606 2634 ut

2029 2672 2316 2727 inimicum
2353 2671 2446 2728 Dei
2493 2674 2654 2728 venia
2709 2674 2972 2728 donatum
3023 2672 3604 2738 viderent,_divinum

2029 2779 2262 2835 prorsus
2301 2779 2366 2818 ac
2420 2764 2760 2835 stupendum
2815 2765 3021 2820 accidit
3070 2764 3418 2818 miraculum.
3469 2762 3604 2818 Nam

2029 2871 2154 2910 cum
2216 2857 2272 2910 in
2332 2857 2550 2926 spurcis
2607 2854 3019 2925 fetentibusque
3067 2855 3460 2924 locisimpius
3520 2855 3608 2909 ille

2029 2948 2377 3018 inexplebilis
2405 2948 2546 3018 gulae
2570 2955 2922 3003 excrementa
2951 2953 3220 3016 egereret,
3251 2959 3375 3000 cum
3401 2943 3490 2999 his
3524 2945 3605 2997 in-

2029 3041 2232 3096 testina
2267 3040 2432 3095 etiam
2473 3038 2676 3110 quibus
2717 3038 3152 3094 continebantur
3203 3038 3420 3108 1116
3446 3051 3605 3108 eges—

2031 3134 2124 3200 sit,
2161 3133 2473 3203 solutisque
2506 3134 2611 3187 hoc
2643 3133 2811 3186 modo
2846 3132 3184 3196 visceribus,
3209 3141 3411 3186 etcum
3461 3141 3606 3187 ster-

2032 3241 2160 3281 core
2194 3224 2408 3288 ell‘usis,
2447 3226 2465 3246 ‘
2495 3224 2739 3279 concidit
2786 3231 3007 3293 repente
3043 3222 3260 3286 infelix,
3299 3231 3353 3278 et
3399 3224 3608 3292 turpis-

2029 3316 2226 3370 simam
2260 3315 2412 3368 illam
2453 3321 2684 3368 mortem
2717 3313 2879 3378 obiit,
2918 3314 3296 3384 graveolentis
3344 3312 3606 3383 blasphe-

2030 3409 2155 3463 miae
2188 3423 2302 3463 sua:
2338 3408 2394 3461 in
2425 3405 2870 3477 graveolentibus
2910 3406 3047 3461 locis
3087 3420 3281 3475 poenas
3321 3407 3503 3469 luens,
3555 3416 3610 3459 et

2033 3516 2130 3572 per
2168 3499 2350 3570 magni
2380 3495 2567 3553 Jacobi
2593 3498 2834 3569 linguam
2862 3498 3076 3553 letalem
3100 3498 3270 3551 ictum
3301 3499 3606 3568 excipiens.

2032 3592 2357 3646 Adtniratur
2389 3606 2525 3647 sane
2571 3589 2758 3645 divina
2797 3588 3088 3659 Scriptura
3138 3589 3376 3645 Phinees
3428 3606 3610 3645 sacer-

2033 3685 2240 3750 dotem,
2274 3692 2327 3739 et
2363 3684 2489 3752 jure
2520 3683 2849 3746 admiratur,
2891 3681 3039 3750 quod
3071 3682 3291 3736 Zambri
3324 3682 3610 3753 popularis

2034 3775 2185 3829 exitii
2219 3781 2500 3827 auctorem
2538 3772 2880 3827 interfecerit
2911 3789 2925 3826 :
2961 3772 3104 3828 unde
3125 3782 3178 3828 et
3200 3772 3441 3842 psallens
3479 3773 3608 3827 bea-

2035 3875 2124 3922 tus
2161 3865 2333 3920 David
2368 3864 2548 3918 aiebat
2575 3882 2588 3917 :
2624 3883 2642 3916 t
2670 3864 2833 3920 Stetit
2856 3864 3115 3928 Pltinees,
3147 3873 3201 3920 et
3227 3866 3476 3934 placatus
3501 3874 3606 3923 est.

2033 3966 2088 4011 et
2127 3956 2364 4012 cessavit
2402 3956 2729 4026 quassatio,
2764 3966 2817 4012 et
2853 3965 3283 4028 reputatunqcst
3316 3959 3392 4011 illi
3424 3959 3489 4011 ad
3519 3959 3611 4026 ju-

2033 4047 2275 4111 stitiam,
2313 4047 2365 4099 in
2417 4047 2826 4116 generationem
2867 4055 2921 4101 ct
2960 4049 3395 4117 generationem,
3438 4063 3611 4118 usque

2034 4137 2088 4190 in
2112 4138 2371 4192 sa’culu-m
2401 4135 2444 4189 ι.
2478 4155 2496 4186 ›
2527 4135 2728 4191 Verum
2763 4138 2851 4192 ille
2883 4139 3078 4192 bellico
3109 4155 3242 4206 usus
3266 4141 3374 4192 telo
3401 4140 3607 4207 justam

2031 4237 2087 4284 et
2125 4229 2404 4282 celebrem
2444 4228 2589 4281 illam
2631 4229 2834 4284 caulem
2874 4231 3113 4299 patravit
3143 4247 3158 4284 :
3194 4231 3324 4286 huic
3357 4248 3486 4287 vero
3513 4251 3610 4303 pro

2033 4322 2188 4376 hasta
2219 4330 2271 4374 et
2306 4319 2489 4390 gladio
2519 4321 2704 4390 lingua
2738 4323 2873 4376 satis
2901 4320 3024 4385 fuit,
3065 4338 3186 4391 quae
3223 4323 3448 4392 impium
3488 4341 3610 4393 per-

2035 4415 2190 4481 emit,
2228 4430 2294 4468 ne
2331 4413 2538 4469 videret
2572 4414 2800 4482 gloriam
2838 4415 3072 4468 Domini.
3097 4416 3275 4485 Atque
3305 4418 3407 4472 hoc
3437 4434 3605 4471 unum

343 4514 491 4586 αύτῴ
519 4515 598 4578 είς
625 4509 995 4580 δικαιοσύνην,
1028 4511 1108 4572 εἰς
1136 4508 1329 4576 γενεὰν
1353 4507 1447 4560 καὶ
1475 4506 1670 4574 γενεὰν
1701 4506 1806 4569 ἕως
1825 4505 1921 4560 τοῦ

2031 4502 2278 4574 profecto
2311 4503 2600 4560 sull’ecerit
2639 4504 2705 4558 ad
2737 4505 2958 4558 Arianae
2990 4505 3292 4575 impietatis
3323 4509 3608 4564 revincen-

341 4608 554 4670 αἰῶνος.
582 4625 600 4658 ι
649 4605 786 4658 Ἀλλ’
814 4605 963 4673 ὅμως
985 4605 1193 4664 ἐκεῖνος
1227 4600 1376 4670 ὅπλῳ
1411 4599 1691 4668 πολεμικῷ
1721 4599 1928 4670 χρησά-

346 4715 504 4766 μενος
547 4738 561 4762 ,
627 4697 726 4764 τὴν
790 4693 1005 4747 δικαίαν
1065 4693 1159 4746 καὶ
1229 4689 1666 4761 πολυθρύλλητον
1707 4691 1924 4760 ἐκείνην

343 4790 633 4860 είργάσατο
659 4787 874 4858 σφαγήν
897 4801 910 4816 ·
950 4785 1125 4854 τούτῳ
1159 4783 1214 4835 δὲ
1264 4783 1498 4852 ἤρκεσεν
1529 4783 1650 4835 ἀντὶ
1701 4782 1926 4852 δόρατος

344 4880 439 4932 καὶ
467 4880 651 4947 ξίφους
685 4881 718 4948 ή
749 4876 984 4946 γλῶττα,
1029 4876 1125 4928 καὶ
1151 4873 1328 4928 ἀνεῖλε
1359 4874 1450 4925 τὸν
1482 4873 1677 4944 ἀσεϐῆ,
1725 4874 1813 4927 ἵνα
1845 4875 1919 4946 μὴ

347 4969 429 5038 ἴδῃ
469 4968 566 5038 τὴν
600 4965 759 5030 δόξαν
791 4965 1024 5034 Κυρίου.
1064 4962 1304 5033 Ἀπόχρη
1338 4961 1395 5014 δὲ
1445 4961 1606 5016 τοῦτο
1631 4963 1792 5032 μόνον
1818 4964 1926 5017 τῶν

342 5059 442 5126 τῆς
483 5056 692 5127 ’Δρείου
727 5055 1054 5116 δυσσεϐείας
1115 5053 1468 5124 κληρονόμων
1506 5053 1776 5121 διελέγξαι
1825 5055 1926 5126 τὴν

343 5150 546 5204 ἄνοιαν.
605 5148 663 5200 Ὀ
709 5149 814 5218 γὰρ
851 5147 1106 5209 τοσοῦτος
1153 5146 1314 5216 ἀνὴρ,
1357 5144 1463 5199 τῶν
1499 5144 1598 5215 μὲν
1644 5147 1736 5216 ὑφ’
1771 5148 1926 5217 ἡμῶν

346 5239 789 5312 πρεσϐευομένων
822 5239 1112 5310 δογμάτων
1145 5236 1320 5308 κῆρυξ
1356 5232 1424 5307 ἦν
1451 5239 1545 5290 καὶ
1585 5240 1884 5310 συνήγορος
1910 5256 1924 5271 ο

341 5330 486 5384 οὕτω
511 5330 565 5382 δὲ
598 5328 792 5399 κομιδῇ
844 5329 942 5397 τὴν
995 5325 1200 5380 τεύτων
1251 5323 1506 5379 ἀσέϐειαν
1557 5326 1925 5394 ἐϐδελύττετο,

341 5423 423 5476 ὅτι
461 5422 556 5475 καὶ
589 5422 680 5474 τὸν
728 5421 900 5490 αὐτῆς
959 5418 1164 5489 πατέρα
1202 5417 1616 5488 κατηκόντισεν,
1657 5421 1806 5492 ὅπλῳ
1853 5425 1920 5493 τῇ

342 5517 395 5585 γὶ
412 5515 559 5586 ώττῃ
580 5509 972 5585 χρησάμενος.]
1002 5508 1222 5580 Ἐπειδὴ
1247 5508 1303 5560 δὲ
1331 5512 1352 5541 ¹
1384 5512 1412 5562 ὀ
1437 5510 1696 5580 σύλλογος
1715 5514 1742 5566 6
1775 5513 1917 5584 ἱερὸς

900 5656 922 5697 ι
951 5656 1094 5711 Psal.
1143 5671 1292 5718 thv,
1323 5655 1424 5710 '22.

411 5661 733 5721 il’sal.t.xt,
756 5657 821 5713 V.
900 5657 922 5697 ιι
951 5657 1094 5711 Psal.
1143 5671 1292 5718 thv,
1323 5657 1424 5710 9.2.
1510 5657 1525 5695 ι
1565 5657 1710 5713 Psal.
1739 5676 1827 5728 εν,
1863 5663 1950 5717 50.

2031 4596 2156 4651 dam
2200 4595 2493 4660 insaniam,
2523 4595 2667 4666 quod
2698 4597 2786 4650 hic
2817 4605 3007 4653 tantus
3031 4598 3117 4652 vir
3147 4599 3462 4670 dogmatnm
3487 4619 3609 4671 qua:

2031 4703 2061 4742 a
2095 4688 2258 4743 nobis
2295 4690 2654 4744 celebrantur
2687 4705 2869 4759 ιιι-ωεο
2903 4690 3071 4745 fuerit
3103 4699 3158 4746 et
3197 4693 3477 4756 defensor,
3529 4694 3609 4748 is-

2031 4786 2214 4834 torum
2245 4790 2430 4835 autem
2464 4781 2804 4851 impietatem
2835 4783 2916 4838 sic
2949 4781 3262 4839 detestatus
3292 4786 3388 4848 sit,
3415 4795 3470 4838 ut
3490 4786 3611 4854 ejus

2031 4881 2316 4942 parentem
2355 4874 2554 4944 linguae
2593 4890 2709 4930 sua:
2741 4891 3009 4930 mucrone
3036 4876 3368 4932 confoderit.
3396 4877 3414 4950 ]
3448 4876 3612 4932 Post-

2037 4980 2200 5034 quam
2225 4973 2407 5020 autem
2439 4967 2704 5022 dimissus
2734 4966 2837 5020 fuit
2866 4983 3024 5022 sacer
3059 4969 3155 5023 ille
3193 4979 3525 5032 conventus,
3558 4979 3613 5026 et

2039 5059 2424 5129 unusquisque
2453 5059 2506 5113 itt
2547 5060 2768 5113 domum
2800 5076 2956 5114 suam
2990 5069 3075 5114 est
3123 5077 3401 5126 reversus,
3450 5063 3613 5116 rediit

2039 5149 2127 5202 hic
2181 5164 2424 5219 quoque,
2485 5149 2636 5203 velut
2685 5157 2949 5204 strenuus
3003 5151 3185 5205 victor
3219 5153 3508 5207 exsultans
3540 5151 3614 5208 ob

2034 5253 2241 5310 tropaea
2282 5239 2524 5310 pietatis.
2551 5240 2895 5295 Procedente
2922 5256 3052 5295 vero
3083 5249 3350 5312 tempore,
3379 5259 3612 5314 magnus

2036 5335 2129 5389 ille
2169 5333 2639 5402 admirandnsque
2665 5333 2964 5402 imperator
3006 5348 3130 5388 cum
3173 5337 3400 5391 coronis
3439 5339 3612 5406 pieta-

2036 5427 2106 5480 tis
2135 5430 2380 5482 excessit
2417 5442 2447 5482 e
2474 5428 2606 5492 vita,
2631 5427 2896 5496 orbisque
2937 5434 3206 5482 terrarum
3239 5430 3468 5499 imperio
3492 5432 3612 5499 ejus

2035 5519 2133 5572 lilii
2168 5534 2508 5576 successere.
2563 5518 2719 5576 Tune
2761 5535 2854 5575 rex
2907 5518 3224 5584 Persarum,
3271 5523 3367 5576 cui
3416 5539 3613 5579 nomen

2978 5690 3014 5722 ο

1698 5774 1930 5832 mune:
1971 5774 2380 5847 LECTIONES.

420 5871 442 5903 ³
485 5871 680 5927 Eadem
709 5881 897 5926 narrat
927 5869 1121 5927 Noster
1145 5871 1287 5925 Hist.
1329 5870 1454 5923 εστι.
1493 5886 1550 5937 ιι,
1585 5871 1673 5925 “26.
