3974 6212
400 422 539 495 1203

1380 427 1867 490 THEODORETI
1905 426 2244 489 EPISCOPI
2284 429 2648 491 CYRENSIS

3507 429 3655 495 1304

399 544 658 617 Sapores,
698 541 913 613 111⁸1
967 538 1071 595 hos
1122 548 1181 594 ut
1236 541 1411 611 patris
1469 541 1683 597 viribus
1730 543 1953 612 impares

2073 541 2311 615 διελύθη,
2345 544 2441 599 καὶ
2469 546 2567 613 τὴν
2590 541 2798 596 οἰκείαν
2835 539 3014 594 οἰκίαν
3042 539 3345 594 κατέλαϐεν
3388 541 3649 611 ικαστος,

398 646 781 697 contemnens,
819 633 1087 688 adversus
1117 630 1349 687 Nisibim
1382 649 1509 689 cum
1559 633 1774 700 magnis
1821 633 1973 703 equi-

397 738 514 784 tum
542 736 599 783 et
624 725 868 797 peditum
912 724 1090 795 copiis
1122 724 1325 778 bellum
1359 724 1529 778 movit
1557 742 1570 777 :
1601 724 1761 777 duxit
1783 731 1969 778 autem

395 816 721 889 elephantos
761 828 985 886 quoque
1027 812 1491 883 quamplurimos.
1543 812 1845 881 Divisoque
1898 809 1968 865 ad

395 909 746 964 obsidionem
778 906 1050 967 exercitu,
1091 904 1280 959 urbem
1309 905 1719 971 circumcinxit,
1766 914 1821 958 et
1852 916 1968 958 rna-

394 1000 588 1053 i-hinas
616 994 911 1060 exstruxit,
953 1000 1008 1048 et
1035 994 1448 1064 propugnacula
1481 992 1792 1059 aediﬁcavit,
1846 992 1960 1046 val-

395 1092 587 1160 iosque
618 1086 825 1158 ﬁgens,
850 1092 907 1140 et
955 1083 1279 1139 intermedia
1328 1084 1497 1138 ramis
1530 1084 1767 1137 cratium
1811 1097 1967 1137 more

394 1189 715 1243 contexens,
766 1176 974 1240 milites
1024 1184 1226 1230 terram
1276 1189 1540 1246 aggerere
1578 1175 1859 1244 praecepit,
1911 1181 1967 1229 et

394 1282 581 1326 turres
628 1276 823 1325 contra
865 1277 1045 1322 turres
1087 1265 1350 1322 excitare.
1395 1264 1603 1321 Deinde
1651 1265 1705 1320 in
1747 1267 1829 1321 eis
1869 1281 1963 1322 sa-

393 1361 644 1432 gittarios
701 1359 1015 1424 collocans,
1059 1367 1114 1412 et
1155 1356 1263 1412 tela
1312 1356 1366 1411 in
1407 1371 1505 1411 eos
1551 1357 1644 1425 qui
1693 1357 1748 1412 in
1788 1358 1964 1413 muris

393 1457 555 1504 erant
582 1448 800 1503 mittere
820 1447 1040 1515 iubens,
1064 1446 1204 1501 alios
1232 1444 1468 1501 inferius
1504 1446 1712 1510 fodere,
1740 1462 1961 1503 muros-

392 1556 501 1612 quo
551 1540 816 1596 subruere
853 1539 1165 1609 imperavit.
1197 1536 1298 1592 Ubi
1353 1553 1488 1592 vero
1538 1539 1693 1592 irrita
1735 1553 1964 1593 evasere

390 1632 610 1695 omnia,
655 1630 835 1686 sancti
883 1630 987 1684 viri
1027 1629 1286 1701 precibus
1337 1628 1645 1683 disturbata
1673 1669 1689 1692 ,
1740 1628 1961 1683 tandem

393 1723 836 1796 praeterlabentis
882 1720 1033 1777 ﬂuvii
1064 1736 1312 1787 cursum,
1342 1721 1643 1775 multorum
1673 1720 1963 1775 hominum

391 1833 560 1889 opera
591 1817 874 1880 inhibens,
904 1830 1028 1870 cum
1068 1828 1336 1884 repressa:
1362 1812 1637 1884 Oppositis
1668 1813 1960 1882 aggeribus

2077 637 2321 706 ἐπανῆκε
2353 637 2449 689 καὶ
2484 631 2637 698 οὗτος
2686 627 2777 686 οἷά
2802 649 2884 696 τις
2922 632 3180 704 ἀριστεὺς
3207 632 3302 685 καὶ
3352 635 3655 707 νικηφόρος

2076 731 2187 793 τοίς
2212 729 2313 796 τῆς
2334 726 2617 789 εὐσεϐείας
2642 725 2924 797 τροπαίοις
2947 718 3417 793 ἐπαγαλλόμενος.
3434 725 3649 797 Χρόνου

2072 822 2131 875 δὲ
2179 820 2481 883 διελθόντος
2507 820 2536 872 ὁ
2565 818 2665 888 μὲν
2723 817 2899 888 μέγας
2937 818 3145 878 ἐκεῖνος
3190 816 3285 868 καὶ
3340 813 3648 884 θαυμάσιος

2075 912 2329 983 βασιλεὺς
2363 912 2502 983 μετὰ
2564 910 2672 962 τῶν
2725 909 2825 979 τῆς
2872 906 3149 970 εὐσεϐείας
3210 906 3489 976 στεφάνων
3533 908 3648 961 ὑπ-

2075 1005 2226 1076 εξῄει
2256 1003 2347 1055 τὸν
2394 1001 2508 1071 βίον
2528 1017 2544 1032 ·
2577 1002 2626 1054 οἱ
2655 1000 2712 1053 δὲ
2753 998 2963 1052 ἐκείνου
2994 997 3178 1060 παῖδες
3202 1000 3302 1067 τῆς
3321 997 3649 1070 οἰκουμένης

2071 1097 2170 1167 τὴν
2199 1093 2497 1166 ἡγεμονίαν
2532 1090 2958 1162 ἐκληρονόμουν.
2993 1089 3126 1142 Τότε
3153 1090 3183 1142 ὁ
3218 1088 3445 1159 Περσῶν
3491 1088 3649 1158 βασι-

2070 1190 2218 1252 λεὺς,
2246 1186 2516 1257 Σαπώρης
2540 1184 2711 1255 ὄνομα
2745 1181 2922 1251 τούτῳ
2949 1176 3038 1251 ἦν,
3081 1180 3503 1250 καταφρονήσας
3533 1179 3649 1233 τῶν

2070 1279 2298 1343 παίδων,
2349 1278 2423 1341 ὡς
2459 1277 2522 1330 οὑ
2566 1276 2635 1329 τὰ
2669 1272 2812 1329 αὐτὰ
2836 1271 2917 1342 τῷ
2962 1271 3131 1342 πατρὶ
3166 1270 3504 1340 δυναμένων,
3547 1273 3651 1324 έπ-

2070 1369 2400 1440 εστράτευσε
2420 1368 2485 1437 τῇ
2517 1363 2755 1424 Νισίϐει,
2789 1360 3118 1428 παμπόλλην
3153 1359 3253 1428 μὲν
3282 1359 3431 1427 ἄγων
3452 1359 3643 1420 ἵππον,

2071 1456 2393 1528 παμπόλλην
2425 1455 2483 1508 δὲ
2508 1451 2680 1522 πεζὴν
2703 1450 2965 1520 στρατιάν
2990 1466 3004 1480 ο
3034 1443 3149 1519 εἶχε
3179 1447 3236 1502 δὲ
3273 1448 3370 1501 καὶ
3409 1447 3643 1517 ἐλέφαν-

2066 1568 2167 1613 τας
2190 1550 2271 1602 ὅτι
2293 1546 2596 1607 πλείστους.
2628 1543 2735 1596 Καὶ
2758 1541 2946 1595 διελὼν
2971 1540 3139 1604 ὼςεῐς
3174 1538 3487 1610 πολιορκίαν
3540 1538 3646 1607 τὴν

2071 1640 2351 1711 στρατιὰν,
2372 1654 2438 1690 πε
2448 1636 2725 1708 ριεκὰθισε
2751 1633 2957 1703 κύκλῳ,
2983 1632 3077 1685 καί
3097 1632 3314 1702 μηχανή
3324 1646 3469 1701 ματα
3492 1629 3647 1699 ῐστη,

2069 1731 2165 1786 καὶ
2201 1729 2422 1801 τύρσεις
2464 1726 2817 1798 ἀνῳκοδόμει,
2852 1725 2948 1777 καὶ
2992 1721 3361 1794 σταυρώματα
3390 1736 3652 1790 καταπη-

2068 1824 2220 1893 γνὺς,
2243 1822 2336 1876 καὶ
2361 1819 2430 1874 τὰ
2452 1819 2591 1890 μέσα
2606 1817 2813 1872 τούτων
2833 1815 3107 1888 φορμηδδν
3130 1814 3513 1886 περιφράττων
3530 1815 3651 1875 τοῖς

390 1926 549 1981 aquae
570 1909 677 1964 vim
713 1907 1005 1962 maximam
1034 1905 1368 1976 collegisset,
1396 1913 1625 1975 repente
1654 1906 1708 1958 in
1739 1921 1953 1961 murum

2067 1912 2303 1978 κλάδοις,
2358 1910 2577 1964 ἐκέλευε
2628 1906 2900 1981 προσχοῦν
2949 1908 3064 1968 τοῖς
3123 1903 3504 1975 στρατιώταις,
3548 1904 3653 1955 καὶ³

390 2008 413 2031 π
438 2017 540 2058 ceu
581 1998 1122 2056 vehementissimam
1162 1997 1456 2067 quamdam
1503 1996 1813 2051 machinam
1859 1999 1963 2051 im-

388 2094 583 2151 misit:
615 2092 711 2163 qui
738 2092 848 2147 vim
876 2105 1034 2161 aqua:
1066 2088 1214 2144 ferre
1258 2105 1366 2145 non
1406 2089 1627 2156 valens,
1675 2089 1797 2159 ejus
1858 2090 1962 2142 im-

388 2196 520 2257 petu
549 2198 858 2242 concussus
882 2183 972 2237 illa
1006 2183 1062 2238 in
1092 2189 1246 2251 parte
1268 2181 1519 2238 funditus
1551 2183 1788 2237 corruit.
1819 2180 1961 2236 Tum

388 2276 468 2332 illi
500 2289 758 2346 magnum
816 2273 1112 2328 clamorem
1180 2271 1551 2337 sustulerunt,
1604 2273 1765 2342 quasi
1828 2272 1962 2328 urbs

387 2373 553 2437 captu
593 2364 770 2421 facilis
811 2366 925 2435 jam
976 2374 1124 2422 esset
1154 2368 1443 2438 (magnum
1496 2368 1701 2438 quippe
1753 2369 1959 2424 civium

386 2469 604 2509 murum
638 2454 1011 2526 ignorabant);
1061 2456 1330 2513 distulere
1353 2464 1537 2511 tamen
1571 2458 1958 2528 irruptionem,

387 2544 539 2613 quod
566 2544 821 2600 viderent
846 2544 1039 2601 urbem
1074 2556 1204 2601 tunc
1231 2547 1372 2602 adiri
1399 2552 1624 2616 propter
1647 2562 1821 2617 aquas
1849 2563 1957 2602 non

388 2649 571 2705 posse.
609 2633 799 2706 Itaque
830 2634 1054 2706 longius
1080 2635 1440 2700 recedentes,
1490 2635 1651 2706 quasi
1690 2650 1719 2689 a
1770 2636 1960 2690 labore

386 2726 747 2798 respirarent,
782 2733 840 2782 et
873 2726 1233 2798 quiescebant
1284 2725 1415 2796 ipsi.
1467 2736 1522 2781 et
1565 2742 1739 2797 equos
1790 2741 1958 2781 cura-

387 2814 540 2869 bant.
574 2815 773 2870 incola:
806 2823 990 2869 autem
1018 2813 1368 2871 ardentiores
1397 2814 1451 2869 in
1483 2830 1675 2886 preces
1698 2817 1955 2872 Conversi

388 2912 543 2971 sunt,
580 2920 841 2976 magnum
872 2902 1138 2960 Iacobum
1183 2906 1611 2962 intercessorem
1662 2906 1953 2963 habentes.

384 3002 459 3053 At
491 2998 587 3069 qui
617 3006 776 3053 aetate
812 2995 994 3053 adhuc
1025 2997 1303 3070 vigebant,
1331 3011 1497 3068 quam
1529 2999 1767 3053 maxima
1799 3006 1955 3068 pote-

381 3097 510 3143 rant
534 3086 895 3143 contentione
916 3102 1106 3143 muros
1132 3089 1541 3153 instaurarunt,
1568 3104 1671 3145 nec
1701 3089 1953 3160 pulchri-

383 3181 617 3243 tudinis.
655 3195 756 3236 nec
784 3181 1178 3238 concinnitatis
1203 3182 1476 3237 rationem
1514 3183 1805 3248 habentes,
1854 3184 1948 3240 sed

381 3274 565 3327 omnia
600 3280 806 3328 temere
836 3282 1254 3343 componentes,
1282 3285 1336 3329 et
1364 3276 1599 3346 lapides,
1641 3286 1695 3333 et
1722 3279 1946 3343 lateres,

381 3376 440 3419 ct
466 3363 733 3434 quidquid
766 3366 1148 3435 unusquisque
1178 3366 1468 3422 attulerat:
1509 3369 1727 3439 1118
1773 3384 1953 3439 eoque

383 3466 545 3512 nocte
582 3470 690 3510 una
719 3470 864 3526 opus
897 3457 1195 3526 processit,
1229 3467 1284 3514 et
1316 3460 1370 3514 in
1418 3468 1627 3515 tantam
1659 3462 1833 3516 erevit
1873 3463 1953 3516 al-

384 3549 696 3613 titudinem,
729 3555 787 3602 ut
817 3556 871 3604 et
902 3562 1077 3618 equos
1113 3548 1266 3603 aditu
1301 3550 1637 3619 prohiberet,
1689 3560 1745 3607 et
1778 3551 1952 3607 homi-

383 3654 480 3695 nes
513 3639 815 3695 ascendere
862 3639 1073 3709 absque
1118 3640 1287 3695 scalis
1334 3655 1444 3695 non
1492 3650 1742 3711 possent.
1795 3642 1951 3699 Tunc

382 3730 660 3785 hominem
690 3729 785 3784 Dei
820 3741 979 3784 orant
1007 3746 1223 3795 omnes,
1263 3739 1322 3785 ut
1363 3732 1417 3786 in
1450 3736 1626 3788 muris
1656 3751 1716 3791 se
1760 3745 1951 3791 osten-

379 3819 493 3883 dat,
524 3827 584 3874 et
633 3819 1078 3874 exsecrationum
1116 3821 1240 3877 telis
1272 3822 1462 3878 hostes
1502 3823 1682 3880 feriat.
1734 3825 1785 3880 is
1818 3841 1949 3881 vero

377 3918 643 3964 exoratus
674 3908 946 3973 ascendit,
984 3918 1039 3964 et
1082 3910 1280 3966 horum
1320 3912 1590 3968 infinitam
1636 3915 1948 3971 multitudi-

382 4014 505 4059 nem
554 3998 983 4069 contemplatus,
1032 4015 1060 4054 a
1095 4001 1207 4056 Deo
1236 4003 1416 4072 petiit,
1451 4013 1513 4058 ut
1544 4005 1858 4074 scinipbum
1893 4014 1948 4062 et

376 4091 619 4144 culicum
651 4088 855 4144 nubem
883 4089 938 4145 in
979 4105 1078 4146 eos
1111 4091 1452 4150 immitteret.
1494 4094 1653 4162 Quod
1688 4096 1818 4152 dum
1849 4113 1947 4167 pe-

374 4188 542 4243 teret,
578 4178 724 4236 Deus
753 4179 830 4234 illi
855 4180 1195 4251 obsequens,
1228 4190 1288 4236 ut
1316 4182 1512 4255 Moysi,
1545 4187 1814 4273 continuo
1843 4188 1948 4242 im-

376 4270 552 4325 misit.
588 4268 655 4324 Et
688 4270 795 4325 viri
821 4270 1045 4340 quidem
1082 4273 1288 4329 divinis
1322 4275 1447 4329 telis
1481 4268 1943 4342 vulnerabantur,

373 4361 503 4431 equi
529 4368 711 4417 autem
745 4376 811 4416 ac
839 4361 1142 4433 elephanti,
1167 4365 1351 4434 ruptis
1378 4368 1639 4430 vinculis,
1664 4384 1791 4423 cum
1814 4383 1947 4423 acu-

373 4454 495 4509 leos
521 4453 646 4508 illos
682 4452 825 4508 ferre
857 4468 967 4508 non
1006 4464 1253 4523 possent,
1293 4455 1403 4511 huc
1440 4467 1496 4512 et
1537 4458 1668 4515 illuc
1705 4460 1942 4529 dispersi

376 4545 721 4600 ferebantur.
762 4543 970 4601 Videus
1002 4547 1189 4616 itaque
1222 4563 1316 4603 rex
1353 4550 1580 4620 impius,
1613 4561 1666 4607 et
1716 4553 1941 4611 inutiles
1972 4590 2025 4649 Β

376 4637 483 4691 sibi
519 4636 805 4691 machinas
835 4651 1029 4692 omnes
1064 4636 1259 4701 fuisse,
1297 4648 1350 4693 et
1379 4654 1535 4709 aqua:
1581 4641 1943 4712 irruptionem

375 4723 592 4778 irritam
626 4724 893 4791 evasisse,
918 4740 1077 4780 muro
1107 4742 1171 4781 ea
1202 4736 1356 4798 parte
1384 4745 1491 4799 qua
1514 4741 1807 4787 corruerat
1846 4733 1950 4789 itc-

374 4832 497 4870 rum
528 4815 797 4873 aediﬁcato
831 4835 846 4873 :
878 4828 1041 4889 atque
1072 4835 1290 4876 omnem
1324 4834 1583 4891 praeterea
1619 4828 1943 4895 exercitum,

371 4920 429 4966 et
461 4909 744 4966 laboribus
792 4910 1144 4976 exhaustum,
1197 4920 1251 4968 et
1300 4913 1668 4971 incommodis
1701 4918 1805 4972 sub
1856 4918 1947 4972 dio

334 5002 805 5069 .conﬂictantem,
845 5011 900 5059 et
929 5002 1197 5061 divinitus
1233 5007 1477 5063 immissa
1519 5009 1676 5080 plaga
1720 5027 1945 5080 percus-

372 5110 518 5161 sum,
553 5108 679 5150 cum
707 5092 957 5148 divinum
984 5108 1204 5164 quoque
1229 5095 1506 5151 hominem
1535 5113 1700 5168 super
1756 5113 1945 5152 muros

374 5186 747 5241 ambulantem
776 5186 1140 5257 conspicatus
1160 5229 1174 5253 ,
1210 5188 1593 5259 imperatorem
1627 5193 1777 5261 operi
1807 5192 1946 5247 insi-

374 5285 612 5333 stentem
652 5277 831 5349 ipsum
858 5292 984 5335 esse
1014 5280 1381 5350 coniecisset,
1416 5284 1561 5353 quod
1598 5299 1842 5354 purpura
1892 5293 1948 5340 et

370 5370 682 5427 diademate
711 5372 931 5428 cinctus
961 5381 1278 5444 appareret,
1312 5374 1631 5446 indignatus
1651 5383 1738 5431 est
1764 5376 1817 5431 in
1843 5393 1943 5433 eos

370 5462 465 5529 qui
500 5476 625 5517 eum
659 5462 1015 5534 deceperant,
1062 5466 1584 5537 expeditionemque
1626 5479 1940 5533 suaserant,

371 5558 427 5602 et
456 5551 843 5620 imperatorem
869 5553 1126 5610 dixerant
1151 5572 1259 5611 non
1288 5556 1503 5614 adesse.
1526 5558 1713 5625 Quare
1738 5561 1940 5632 capitis

373 5641 501 5695 illos
544 5642 812 5699 damnans
838 5685 852 5708 ,
909 5645 1121 5700 dimisit
1174 5649 1518 5715 exercitum,
1566 5660 1619 5704 et
1652 5653 1703 5706 in
1738 5654 1941 5724 regiam

376 5744 533 5782 suam
584 5746 748 5799 quam
823 5733 1091 5788 citissime
1138 5750 1423 5805 regressus
1465 5751 1571 5794 est.
1622 5741 1775 5797 Talia
1835 5743 1938 5797 sub

377 5817 481 5879 κιο
516 5824 535 5839 ’
570 5818 732 5872 etiam
760 5816 991 5872 Ezechia
1024 5821 1350 5879 mirabiliter
1381 5830 1485 5897 egit
1519 5831 1678 5895 licus,
1713 5850 1807 5887 unc
1833 5837 1938 5889 illis

2067 2005 2310 2075 πύργους
2352 2001 2687 2074 ἀντεγείρειν
2712 2003 2824 2064 τοῖς
2862 1999 3117 2069 πύργοις.
3164 1994 3299 2050 Εἶτα
3353 1996 3469 2050 ἐκεῖ
3512 1996 3649 2059 τοὺς

2063 2096 2284 2160 τοξότας
2309 2092 2676 2157 ἀναϐιϐάζων,
2723 2091 2819 2145 καὶ
2841 2089 3061 2159 ἀφιέναι
3096 2086 3239 2143 κατὰ
3262 2087 3372 2141 τῶν
3411 2086 3501 2140 ἐπὶ
3544 2085 3651 2139 τοῦ

2062 2187 2274 2259 τείχους
2301 2184 2610 2257 ἑστηκότων
2635 2183 2703 2237 τὰ
2730 2181 2857 2255 βέλη
2884 2178 3145 2244 κελεύων,
3178 2179 3363 2242 ἄλλοις
3390 2177 3645 2232 κάτωθεν

2064 2281 2386 2352 ὑπορύττειν
2447 2279 2509 2332 τὸ
2559 2279 2735 2346 τεῖχος
2804 2275 3076 2329 ἐκέλευεν.
3136 2274 3227 2337 Ὠς
3272 2272 3331 2327 δὲ
3382 2272 3653 2342 ἄπρακτα

2063 2370 2241 2424 πάντα
2260 2370 2484 2438 ἐγίνετο,
2507 2372 2573 2439 τῇ
2610 2369 2704 2421 τοῦ
2735 2367 3026 2421 θεσπεσίου
3066 2365 3259 2437 ἀνδρὸς
3310 2362 3653 2433 διαλυόμενα

2063 2464 2339 2532 προσευχῇ
2372 2500 2386 2523 ,
2449 2460 2602 2522 τέλος
2657 2458 2751 2512 τοῦ
2814 2456 3224 2528 παραρρέοντος
3286 2452 3530 2524 ποταμοῦ
3574 2453 3649 2506 τὸ

2064 2554 2242 2625 ῥεῦμα
2272 2555 2337 2623 τῇ
2368 2551 2686 2621 πολυχειρίᾳ
2736 2549 3007 2613 κωλύσας,
3063 2548 3158 2601 καὶ
3200 2549 3268 2617 τῇ
3300 2544 3649 2613 ἀποτειχίσαι

2061 2644 2439 2714 κεκωλυμένον
2460 2644 2554 2696 τοῦ
2578 2641 2825 2712 ποταμοῦ
2858 2643 2943 2695 ὅτι
2970 2640 3222 2694 πλεῖστον
3254 2637 3645 2706 συναθροίσας,

2059 2733 2344 2803 ἐπαφῆκεν
2365 2731 2560 2804 ἁθρόον
2586 2730 2728 2787 κατὰ
2760 2727 2855 2783 τοῦ
2883 2729 3119 2798 τείχους,
3148 2723 3262 2780 οἷόν
3294 2744 3400 2780 τινι
3457 2741 3649 2795 μηχα-

2058 2826 2263 2896 νήματι
2302 2823 2478 2895 τούτῳ
2546 2821 2891 2893 σφοδροτάτῳ
2955 2820 3319 2891 χρησάμενος.
3352 2817 3427 2869 Τὸ
3452 2816 3512 2868 δὲ
3535 2816 3647 2867 οὑκ

2058 2921 2255 2991 ἤνεγκε
2282 2917 2381 2987 τὴν
2406 2916 2502 2970 τοῦ
2531 2916 2719 2978 ὓδατος
2752 2913 2987 2985 ἐμϐολήν
3007 2929 3021 2945 ο
3044 2912 3179 2966 ἀλλὰ
3203 2913 3270 2982 τῇ
3296 2910 3446 2983 ῥύμῃ
3468 2925 3645 2961 κατα-

2059 3008 2313 3073 σεισθεὶς,
2344 3008 2513 3079 ἄρδην
2550 3007 2701 3061 ἅπαν
2735 3005 2796 3059 τὸ
2841 3004 2962 3059 κατ’
3002 3005 3178 3057 έκεῖνο
3203 3002 3367 3073 μέρος
3400 2999 3646 3053 κατέπε-

2058 3119 2172 3157 σεν.
2208 3101 2271 3154 Οἰ
2290 3100 2347 3153 δὲ
2401 3098 2543 3169 μέγα
2571 3095 2761 3159 ἐϐόων,
2793 3095 2870 3159 ὼς
2891 3094 3165 3149 εὑαλὼτου
3214 3091 3507 3162 γενομένου
3534 3088 3641 3144 τοῦ

2057 3197 2271 3258 ἄστεος.
2308 3192 2382 3246 Τὸ
2420 3191 2529 3261 γὰρ
2563 3189 2706 3260 μέγα
2728 3191 2903 3259 τεῖχος
2932 3188 3041 3240 τῶν
3070 3184 3419 3239 ἐνοικούντων
3465 3182 3643 3252 ὴγνόο

2057 3301 2185 3341 ουν⁸
2234 3282 2586 3337 ἀνεϐάλλοντο
2621 3279 2677 3332 δὲ
2721 3280 2871 3348 ὅμως
2917 3277 3016 3349 τὴν
3059 3276 3386 3348 προσϐολὴν,
3423 3274 3640 3329 ἄϐατον

2056 3376 2291 3447 ὁρῶντες
2344 3372 2449 3426 ὑπὸ
2504 3371 2613 3425 τῶν
2670 3371 2876 3424 ὑδάτων
2943 3369 3244 3441 γενομένην
3292 3368 3389 3438 τὴν
3444 3365 3638 3421 πόλιν.

2054 3467 2251 3538 ﬁdem
2275 3465 2450 3518 τοίνυν
2506 3462 2980 3534 ὑποχωρήσαντες,
3008 3461 3083 3524 ὡς
3113 3459 3207 3514 τοῦ
3241 3460 3407 3513 πόνου
3470 3458 3637 3528 σφίσι

2055 3555 2426 3624 λωφήσαντος,
2457 3551 2609 3605 αὑτοί
2633 3568 2694 3604 τε
2724 3549 3128 3615 διανεπαύοντο,
3158 3550 3252 3603 καὶ
3278 3549 3403 3612 τοὺς
3423 3548 3642 3612 ἵππους

2054 3641 2405 3710 ἐθεράπευον.
2440 3640 2505 3691 (ὶί
2538 3639 2594 3691 δὲ
2624 3639 2723 3709 τὴν
2777 3638 2932 3692 πόλιν
2974 3639 3253 3702 οἰκοῦντες
3291 3639 3370 3701 εἰς
3395 3637 3643 3701 ἱκετείας

2056 3731 2418 3801 σφοδροτέρας
2448 3730 2760 3801 ἐτρέποντο,
2795 3729 3136 3800 πρεσϐευτὴν
3173 3730 3384 3799 ἔχοντες
3412 3729 3506 3782 τὸν
3538 3731 3649 3800 μέ-

2053 3839 2156 3891 γαν
2198 3822 2452 3876 ’ἰάκωϐον
2484 3838 2499 3853 ·
2533 3822 2583 3875 οἱ
2608 3821 2664 3873 δὲ
2690 3823 2748 3874 ὲν
2782 3820 2971 3892 ἡλικίᾳ
3019 3821 3221 3884 πάντες
3254 3820 3643 3890 ἀνῳκοδόμουν

2057 3911 2282 3982 σπουδῇ,
2318 3910 2440 3964 οῦτε
2472 3910 2706 3974 κάλλους
2726 3909 2849 3964 οὔτε
2872 3910 3140 3981 ἁρμονίας
3171 3909 3597 3979 ἐπιμελούμενοι
3622 3927 3640 3940 ο

2054 4004 2191 4058 ἀλλὰ
2218 4004 2355 4074 πρὸς
2386 4003 2448 4056 τὸ
2474 4004 2636 4074 τυχὸν
2661 4003 2875 4057 ἅπαντα
2901 4004 3259 4070 συντιθέντες,
3292 4004 3386 4058 καὶ
3420 4003 3641 4067 λίθους,

2053 4094 2148 4148 καὶ
2173 4093 2444 4158 πλίνθους,
2490 4095 2587 4148 καὶ
2615 4095 2643 4148 ὅ
2670 4111 2720 4148 τι
2749 4097 2813 4149 ἄν
2863 4111 2947 4159 τις
2984 4094 3241 4165 ἐκόμιζεο
3283 4095 3378 4148 καὶ
3430 4096 3486 4148 ὲν
3536 4097 3651 4167 μιᾷ

2052 4187 2209 4239 νυκτὶ
2257 4184 2471 4257 προύϐη
2502 4186 2767 4256 τὸέργον,
2797 4186 2893 4240 καὶ
2932 4186 3188 4239 τοσοῦτον
3230 4185 3420 4238 ἔλαϐεν
3472 4184 3645 4255 ἱιξνκ,

2050 4278 2175 4331 ὅσον
2200 4278 2416 4348 ἀπόχρη
2443 4277 2774 4331 διακωλῦσαι
2806 4279 2900 4332 καὶ
2926 4278 3036 4331 τῶν
3069 4278 3254 4334 ἵππων
3274 4277 3365 4330 τὸν
3406 4276 3650 4347 δρόμον,

2050 4370 2147 4423 καὶ
2184 4370 2291 4422 τῶν
2313 4370 2523 4441 ἀνδρῶν
2553 4370 2651 4441 τὴν
2692 4371 2820 4425 ἄνευ
2860 4369 3146 4441 κλιμάκων
3191 4368 3467 4424 ἐπίϐασιν.
3495 4371 3649 4423 Τότε

2051 4463 2251 4526 πάντες
2286 4462 2587 4516 ἱκετεύουσι
2619 4461 2708 4515 τὸν
2735 4463 2831 4514 τοῦ
2872 4461 3008 4515 Θεοῦ
3056 4462 3340 4533 ἄνθρωπον
3395 4463 3653 4533 φανῆναι

2052 4554 2144 4609 ἐπὶ
2165 4553 2260 4607 τοῦ
2293 4554 2524 4623 τείχοδς,
2556 4553 2650 4606 καὶ
2685 4555 2845 4623 ἀραῖς
2875 4551 3269 4617 κατατοξεῦσαι
3295 4552 3423 4616 τοὺς
3464 4553 3653 4604 πολε-

2056 4646 2232 4717 μίους.
2282 4646 2339 4699 '0
2364 4645 2419 4698 δὲ
2443 4644 2687 4708 πεισθεὶς
2739 4646 2914 4716 ἀνῄει,
2965 4646 3058 4698 καὶ
3089 4644 3187 4708 τὰς
3215 4643 3415 4706 πολλὰς
3446 4644 3655 4697 αὑτῶν

2052 4736 2386 4807 θεασάμενος
2418 4737 2703 4806 μυριάδας,
2744 4736 2985 4805 σκνιςῶν
3010 4737 3192 4797 αὑτοῖς
3232 4739 3326 4790 καὶ
3349 4735 3661 4789 κωνώπων

2050 4828 2359 4899 ἐπιπέμψαι
2375 4831 2535 4896 νέφος
2557 4830 2800 4882 ἱκέτευσε
2823 4829 2910 4881 τὸν
2934 4828 3085 4882 Θεόν.
3110 4829 3218 4883 Καὶ
3241 4830 3266 4882 ὅ
3294 4828 3393 4899 μὲν
3416 4828 3659 4897 ἔλεγεν,

2048 4924 2078 4976 ὁ
2105 4922 2162 4975 δὲ
2195 4921 2429 4990 ἔπεμπε,
2460 4923 2666 4990 Μωὺσῇ
2704 4921 3097 4992 παραπλησίως
3151 4920 3469 4987 πειθόμενος
3500 4938 3515 4953 ·
3542 4924 3661 4976 καὶ

2048 5013 2103 5067 οῖ
2138 5030 2198 5066 τε
2229 5013 2421 5081 ἄνδρες
2463 5015 2576 5076 τοῖς
2628 5012 2792 5076 θείοις
2838 5014 3335 5082 κατετιτρὼσκοντο
3374 5012 3617 5080 βέλεσιν
3642 5032 3657 5044 ⁵

2047 5105 2101 5159 οἶ
2130 5123 2189 5158 τε
2217 5106 2372 5161 ἵπποι
2411 5106 2504 5159 καὶ
2531 5105 2580 5159 οἱ
2606 5105 2896 5175 ἐλέφαντες
2917 5107 2984 5159 τὰ
3016 5106 3191 5174 δεσμὰ
3234 5106 3667 5177 διαρρήξαντες

2049 5196 2409 5268 ὲόραπέτευον
2437 5196 2562 5267 τῇδε
2592 5198 2815 5251 κάκεῖσε
2845 5195 3287 5267 σκεδαννύμενοι.
3312 5196 3406 5250 καὶ
3432 5197 3505 5263 φὲ
3521 5216 3597 5268 ρε
3608 5218 3665 5253 ιν

2049 5288 2261 5352 ὲκείνας
2280 5290 2341 5342 οὑ
2370 5289 2656 5358 δυνάμενοι
2678 5287 2775 5351 τὰς
2805 5286 3016 5350 ἀκίδας.
3060 5287 3408 5355 Θεασάμενος
3441 5289 3667 5343 τοίνυν

2046 5381 2076 5433 ὁ
2112 5379 2375 5451 δυσσεϐὴς
2421 5379 2671 5450 βασιλεὺς
2703 5378 2773 5431 τέι
2810 5379 3180 5449 μηχανήματα
3214 5378 3395 5430 πάντα
3435 5379 3670 5449 ϐνησιν

2045 5469 2298 5539 οὐδεμίαν
2332 5468 2737 5539 παρεσχηκότα,
2774 5467 2987 5522 καὶτοῦ
3037 5466 3281 5532 ποταμοῦ
3314 5464 3414 5535 τὴν
3449 5484 3669 5538 προς-

2046 5562 2209 5633 ϐολῇν
2261 5562 2519 5627 ἀνόνητον
2570 5562 2946 5632 γεγενημένην
2992 5576 3007 5591 ο
3058 5559 3119 5613 το
3143 5559 3250 5631 γὰρ
3309 5564 3667 5619 καταπεσον

2045 5653 2424 5725 ἀνῳκοδόμητο
2452 5657 2628 5723 τεῖχος
2648 5667 2663 5683 ⁸
2695 5654 2789 5706 καὶ
2822 5652 2921 5725 τὴν
2952 5653 3210 5722 στρατιὰν
3264 5654 3462 5716 πᾶσαν,
3547 5662 3669 5712 καὶ

2043 5749 2155 5809 τοῖς
2192 5747 2374 5810 πόνοις
2417 5744 2961 5817 ταλαιπωρουμένην,
2986 5745 3079 5796 καὶ
3127 5744 3413 5814 ὑπαίθριον
3448 5760 3669 5804 κακο-

2047 5840 2461 5907 necem-1,22%.
2494 5839 2598 5894 ὑπὸ
2633 5839 2729 5907 τῆς
2765 5835 3025 5906 θεηλάτου
3061 5834 3425 5909 ἐλαυνομένην
3488 5840 3665 5911 πλη-
