3974 6212
260 397 399 464 1305
1297 434 1331 465 ο

1489 396 1903 460 RELIGIOSA
1921 398 2301 461 HISTORIA.

3387 396 3543 463 1305

255 514 361 584 γῆς
380 530 395 545 ο
425 509 550 566 ἰδὼν
573 511 628 566 δὲ
661 508 867 564 καὶτὸν
891 507 1037 563 θεῖον
1066 508 1354 579 ἄνθρωπον
1378 509 1472 563 ἰπὶ
1499 511 1596 564 τοῦ
1630 510 1835 581 τείχους

1948 511 2184 575 minora,
2202 509 2297 566 sed
2324 507 2537 577 majora
2558 522 2680 563 meo
2701 507 2921 578 quidem
2943 507 3175 577 judicio.
3197 507 3353 575 Quod
3375 514 3520 567 enim

260 602 568 674 βαδίζοντα,
620 601 714 654 καὶ
734 599 980 662 τοπάσας
1036 599 1199 653 αὐτὸν
1258 599 1554 669 ἐφεστάναι
1585 600 1665 671 τῷ
1697 600 1846 671 ἔργῳ

258 696 350 749 τὸν
390 693 637 764 βασιλέα,
667 691 962 763 ἁλουργίδα
993 691 1104 763 γὰρ
1140 692 1236 745 καὶ
1263 690 1500 763 διάδημα
1527 692 1846 764 περικείμε-

256 804 348 850 νος
369 787 600 858 ἑωρᾶτο,
629 785 929 856 ἠγανάκτει
959 784 1058 854 μὲν
1076 784 1217 838 κατὰ
1237 784 1347 838 τῶν
1373 784 1842 855 ἐξαπατησάντων

262 880 357 934 καὶ
383 878 716 948 στρατεῦσαι
742 877 1071 941 πεισάντων,
1099 877 1195 931 καὶ⁵
1217 877 1310 930 τὸν
1334 876 1556 948 βασιλέα
1594 877 1669 947 μὴ
1705 894 1847 950 παρ-

260 972 405 1024 εἶναι
435 970 744 1040 φησάντων.
784 969 1029 1025 Θανάτου
1063 968 1122 1021 δὲ
1145 968 1326 1038 ψῆφον
1355 969 1494 1023 κατὰ
1518 969 1722 1023 τούτων
1755 970 1845 1036 ἑξ-

263 1060 526 1129 ενεγκὼν,
550 1061 710 1114 ἔλυσε
737 1060 798 1114 τὸ
828 1061 1171 1132 στράτευμα,
1196 1061 1375 1115 καὶτὰ
1395 1062 1575 1115 οἰκεῖα
1600 1060 1848 1132 βασίλεια

263 1153 567 1210 κατέλαϐεν
604 1154 685 1207 δτι
721 1153 974 1224 τάχιστα.
1037 1152 1276 1206 Τοιαῦτα
1322 1154 1418 1207 καὶ
1447 1153 1541 1208 ἐπὶ
1571 1153 1723 1207 τοῦδε
1752 1152 1845 1206 τοῦ

276 1244 519 1309 Ἐζεκίου
543 1230 1102 1315 τεθαυματούργηκεν
1120 1246 1150 1297 ό
1169 1244 1324 1306 Θεὸς,
1358 1245 1420 1298 οὐ
1457 1245 1648 1314 μείονα
1700 1245 1847 1297 ὲκεί-

259 1355 392 1404 νων,
420 1337 557 1391 ἀλλὰ
583 1338 678 1392 καὶ
711 1336 952 1408 μείζονα,
993 1337 1069 1400 ὠς
1103 1336 1290 1406 ἔμοιγε
1312 1336 1478 1390 δοκεῖ.
1503 1337 1577 1390 Τὸ
1604 1338 1712 1407 γὰρ
1753 1338 1846 1391 καὶ

260 1431 358 1486 τοῦ
409 1431 622 1501 τείχους
669 1428 1070 1492 καταπεσόντος
1132 1431 1207 1500 μὴ
1258 1428 1459 1483 ἁλῶναι
1508 1429 1607 1497 τὴν
1668 1429 1845 1495 πόλιν,

262 1522 424 1574 ποίαν
445 1520 720 1592 θαύματος
750 1519 1058 1590 ὑπερϐολὴν
1083 1520 1429 1587 καταλείπει;
1467 1519 1605 1588 Ἐγὼ
1631 1519 1688 1573 δὲ
1710 1517 1847 1590 πρὸς

260 1610 437 1680 τούτῳ
460 1612 695 1680 ⁸κάκεῖνο
746 1611 887 1680 άγαν
917 1610 1204 1683 θαυμάζω,
1243 1613 1327 1666 ὃτι
1364 1613 1458 1666 καὶ
1497 1613 1659 1682 ἀραῖς
1714 1629 1848 1683 χρη-

264 1702 519 1770 σάμενος,
547 1701 608 1753 οὐ
639 1702 916 1770 exn-moi);
942 1701 1144 1771 ⁴ᾔτησεν
1168 1700 1478 1771 ἐνεχθῆναι,
1508 1700 1604 1753 καὶ
1642 1716 1847 1770 κεραυ-

262 1793 409 1859 νοῦς,
445 1792 583 1863 ὅπερ
629 1793 816 1855 Ἠλίας
843 1794 873 1846 ὁ
904 1792 1078 1862 μέγας
1138 1794 1344 1856 ἐκεῖνος
1373 1792 1651 1861 ἐποίησεν,
1685 1791 1847 1861 ἡνίκα

263 1883 399 1952 πρδς
409 1884 569 1936 αὐτὸν
585 1883 1052 1955 πεντηκόνταρχος
1074 1884 1339 1955 ἑκάτερος
1359 1884 1499 1953 μετὰ
1519 1883 1618 1952 τῆς
1641 1899 1839 1951 πεντηο

261 1972 488 2035 κοστύος
547 1971 794 2041 ἀφίκετο.
832 1974 1070 2026 Ἤκουσε
1132 1971 1240 2042 γάρ
1305 1971 1400 2025 τοῦ
1454 1972 1659 2043 Κυρίου
1706 1971 1843 2041 πρὸς

274 2063 527 2118 Ἰάκωϐον
556 2064 652 2117 καὶ⁵
682 2062 934 2135 Ἰωάννην
955 2065 1084 2128 τούς
1114 2064 1258 2116 τοῦτ’
1296 2063 1430 2116 αὐτὸ
1477 2063 1843 2134 πειραθέντας

260 2155 484 2225 ποιῆσαι
527 2153 826 2227 διαρρήδην
888 2155 1136 2219 εἰπόντος
1168 2171 1184 2186 ο
1244 2174 1263 2208 ι
1297 2157 1412 2210 Οὐκ
1456 2155 1631 2209 οἴδατε
1684 2154 1841 2207 ποίου

262 2246 572 2316 πνεύματός
615 2248 740 2301 ὲστε
774 2265 789 2313 ;
828 2266 847 2298 ι
896 2246 994 2300 Διὰ
1027 2245 1187 2299 τοῦτο
1217 2247 1279 2299 οὐ
1315 2247 1476 2316 χᾶναι
1530 2245 1714 2307 αὐτοῖς
1743 2243 1843 2314 τὴν

259 2337 362 2407 γῆν
392 2337 615 2408 ᾔτησεν,
678 2338 798 2391 οὐδὲ
846 2337 980 2408 πυρὶ
1026 2336 1397 2407 παραδοθῆναι
1446 2334 1543 2407 τὴν
1586 2335 1841 2404 φάλαγγα

258 2427 654 2496 παρεκάλεσεν,
686 2428 822 2483 ἀλλὰ
852 2431 965 2492 τοῖς
993 2427 1255 2498 ζωῦφίοις
1284 2427 1516 2490 ἐκείνοις
1552 2444 1843 2497 κατατρωο

258 2513 438 2586 θῆναι,
462 2518 556 2571 καὶ
587 2517 682 2570 τοῦ
699 2517 835 2571 Θεοῦ
863 2519 1184 2588 διαγνόντας
1208 2518 1308 2589 τὴν
1336 2517 1565 2588 δύναμιν
1586 2517 1686 2586 ὀψέ
1710 2533 1838 2570 ποτε

257 2605 597 2675 μεταμαθεῖν
640 2607 740 2678 τὴν
792 2607 1098 2662 εὐσέϐειαν.
1151 2607 1436 2676 Τοσαύτην
1468 2603 1658 2677 εἷχενό
1695 2606 1839 2672 θεῖος

253 2688 410 2761 οὗτος
438 2697 725 2769 ἄνθρωπος
746 2700 883 2771 πρὸς
918 2699 1007 2753 τὸν
1032 2700 1164 2754 Θεὸν
1192 2701 1505 2773 παρρησίαν
1526 2717 1539 2729 ·
1563 2699 1839 2769 τοσαύτης

249 2783 461 2841 ἄνωθεν
486 2788 736 2860 ἁπήλαυε
768 2778 1014 2861 χάριτος.
1052 2788 1142 2843 Ἐν
1167 2789 1379 2855 τούτοις
1415 2789 1698 2853 διατελῶν,
1743 2791 1841 2843 καὶ

252 2876 378 2931 καθ’
426 2878 661 2950 ἑκάστην
704 2882 763 2935 ιν
813 2884 928 2946 τοῖς
989 2882 1156 2947 θείοις
1196 2881 1560 2953 αὐξανόμενος
1604 2881 1841 2952 ἡμέραν.

257 2969 398 3037 μετά
428 2974 531 3041 τῆς
563 2975 828 3046 μεγίστης
855 2976 1107 3040 εὐκλείας
1133 2976 1281 3030 τόνδε
1316 2976 1408 3030 τὸν
1439 2976 1552 3046 βίον
1578 2975 1834 3041 ἀπέθετο,

1948 604 2198 672 collapso
2231 615 2395 656 muro
2421 601 2555 656 urbs
2581 609 2741 671 capta
2766 616 2877 656 non
2906 599 3095 667 fuerit,
3116 602 3394 672 quodnam
3428 618 3527 672 po-

1948 700 2053 752 tuit
2085 697 2264 767 majus
2291 711 2417 752 esse
2445 694 2818 749 miraculum?
2841 694 2952 764 Ego
2978 710 3106 750 vero
3135 704 3399 764 praeterea
3421 696 3527 751 hoc

1948 790 2193 845 admiror
2227 787 2444 858 1119
2489 801 2860 857 summopere,
2894 787 3063 856 quod.
3098 802 3221 842 cum
3270 803 3536 843 exsecra‘

1948 880 2195 935 tionibus
2224 887 2495 943 uteretur,
2523 893 2638 933 non
2662 877 2819 947 petiit
2857 887 2921 931 ut
2950 876 3172 945 fulgura
3199 886 3253 931 et
3284 878 3522 932 fulmina

1948 972 2002 1026 in
2041 986 2139 1025 eos
2163 985 2194 1025 e
2217 970 2357 1023 caalo
2387 969 2763 1032 mitterentur,
2804 966 2952 1036 quod
2998 981 3229 1034 magnus
3265 966 3413 1020 Elias
3454 967 3531 1021 fe-

1949 1062 2043 1128 cit,
2094 1061 2317 1132 quando
2366 1060 2433 1115 ad
2492 1060 2675 1130 ipsum
2725 1066 2962 1127 uterque
3011 1058 3537 1127 quinquagenarius

1948 1169 2073 1209 eum
2119 1154 2385 1209 militibus
2417 1153 2535 1207 suis
2583 1151 2753 1206 venit.
2802 1149 3102 1205 Audiverat
3151 1148 3299 1202 enim
3340 1146 3528 1203 Domi-

1948 1260 2081 1300 num
2110 1243 2317 1299 Jacobo
2345 1251 2402 1299 et
2424 1241 2648 1305 Joanni,
2695 1257 2820 1297 cum
2870 1242 3011 1295 idem
3061 1247 3327 1311 praestare
3365 1254 3528 1294 cona-

1947 1338 2164 1396 rentur,
2207 1340 2396 1401 aperte
2429 1330 2676 1386 dixisse:
2713 1347 2733 1381 ι
2786 1328 3028 1383 Nescitis
3080 1328 3245 1397 cujus
3293 1328 3531 1397 spiritus

1949 1425 2071 1481 sitis
2097 1425 2174 1478 -?
2211 1443 2230 1477 ι
2265 1423 2333 1477 Ει
2363 1421 2489 1480 ideo
2525 1439 2634 1478 non
2662 1423 2820 1494 petiit
2850 1429 2911 1477 ut
2942 1430 3092 1476 terra
3145 1422 3228 1476 eis
3272 1419 3528 1477 dehisce-

1950 1524 2056 1581 ret,
2100 1531 2199 1571 nec
2240 1516 2451 1582 rogavit
2488 1523 2548 1569 ut
2590 1514 2829 1585 phalanx
2882 1512 3007 1583 igne
3051 1518 3526 1578 consumeretur,

1949 1609 2044 1664 sed
2081 1619 2140 1665 ut
2167 1610 2237 1664 ab
2264 1608 2618 1663 animalculis
2650 1607 2762 1662 illis
2792 1605 3162 1665 saueiaretur,
3208 1603 3356 1657 unde
3386 1603 3526 1657 divi-

1948 1716 2076 1755 nam
2110 1701 2411 1770 potentiam
2441 1707 2809 1769 agnoscentes
2834 1696 3054 1752 tandem
3086 1695 3387 1766 aliquando
3414 1696 3528 1764 pie-

1952 1800 2118 1847 tatem
2168 1792 2576 1847 condiscerent.
2633 1789 2811 1844 Tanta
2857 1786 2963 1843 fuit
3014 1788 3119 1841 viri
3171 1786 3337 1856 hujus
3379 1786 3525 1856 apud

1878 1870 1919 1923 Β
1950 1883 2123 1939 Deum
2158 1883 2377 1949 ﬁducia,
2415 1891 2627 1936 tantam
2656 1881 2883 1936 coalitus
2925 1886 3263 1935 consecutus
3297 1888 3383 1934 est
3402 1892 3528 1948 gra-

1950 1978 2105 2030 tiam.
2142 1976 2313 2053 ln_his
2361 1990 2751 2045 perseverans,
2802 1986 2970 2043 atque
3024 1973 3080 2027 in
3118 1971 3323 2027 divinis
3362 1971 3528 2027 rebus

1953 2069 2296 2123 incrementa
2339 2070 2567 2137 capiens
2623 2066 2678 2120 in
2716 2065 2858 2128 dies,
2910 2079 3125 2121 sunnna
3173 2079 3298 2119 cum
3355 2062 3527 2134 gloria

1948 2161 2117 2214 vitam
2145 2160 2370 2221 clausit,
2408 2168 2462 2213 et
2501 2174 2569 2213 ex
2608 2158 2697 2212 his
2728 2157 2867 2211 locis
2900 2154 3248 2226 demigravit.
3291 2151 3528 2222 Tempo-

1949 2250 2028 2304 ris
2057 2257 2241 2303 autcm
2273 2263 2570 2312 successu,
2603 2262 2728 2301 cum
2771 2246 2828 2300 in
2870 2243 3149 2301 Persicam
3197 2242 3530 2298 dominatio-

1947 2356 2072 2395 nem
2103 2340 2170 2393 ab
2193 2355 2259 2393 eo
2281 2341 2375 2409 qui
2409 2348 2544 2393 tunc
2568 2339 2874 2408 imperabat
2905 2336 3106 2391 tradita
3140 2336 3273 2392 urbs
3302 2335 3524 2398 fuisset,

1947 2438 2311 2485 excesserunt
2373 2429 2569 2482 incon
2627 2428 2898 2490 universi,
2948 2435 3003 2481 et
3072 2425 3385 2482 defensoris
3437 2425 3527 2481 sui

1946 2519 2519 2586 corpuscxtnlerunt,
2556 2517 2939 2585 migrationem
2988 2516 3213 2587 quidem
3263 2529 3409 2586 aegre
3454 2513 3531 2575 fe-

1946 2616 2132 2663 rentes
2167 2617 2222 2662 et
2251 2608 2521 2671 dolentes,
2556 2609 2651 2663 sed
2688 2605 2973 2661 fortissimi
3008 2603 3237 2659 victoris
3268 2604 3526 2658 virtutem

1945 2699 2215 2755 laudibus
2253 2700 2620 2755 celebrantes.
2659 2696 2770 2751 Nec
2804 2698 2952 2753 enim
2986 2697 3080 2751 illo
3126 2695 3430 2766 superstite
3466 2694 3527 2749 in

1947 2791 2307 2846 barbarorum
2367 2797 2691 2860 potestatem
2725 2789 3031 2843 venissent.
3064 2785 3163 2842 liis
3191 2787 3258 2842 de
3286 2786 3408 2842 viro
3435 2784 3525 2839 di-

1950 2883 2079 2937 vino
2108 2883 2401 2953 expositis,
2449 2883 2570 2951 ejus
2622 2880 3064 2936 benedictionem
3121 2878 3427 2950 implorans
3455 2876 3526 2932 ad

1945 2974 2107 3028 aliam
2141 2973 2517 3027 narrationem
2551 2973 2895 3044 progrediar.

255 3065 349 3119 καὶ
375 3065 474 3137 τὴν
523 3067 774 3123 ἐντεῦθεν
823 3069 1134 3141 ἀποδημίαν
1201 3069 1498 3124 ἐστείλατο.
1538 3070 1749 3141 Χρόνου
1790 3069 1847 3122 δὲ
1876 3067 2199 3131 διελθόντος,
2230 3068 2323 3121 καὶ
2353 3067 2507 3121 τοῦδε
2529 3065 2622 3121 τοῦ
2647 3066 2841 3129 ἄστεος
2907 3063 3011 3118 ύπδ
3059 3061 3156 3117 τοῦ
3222 3057 3531 3134 τηνικαῦτα

254 3156 589 3228 κρατοῦντος
639 3161 706 3231 τῇ
764 3160 1010 3231 Περσικῇ
1076 3160 1327 3231 βασιλείᾳ
1397 3159 1800 3228 παραδοθέντος
1825 3198 1839 3222 ,
1912 3157 2141 3227 ἐξῄεσαν
2172 3157 2270 3227 μὲν
2297 3158 2534 3220 ἅπαντες
2563 3157 2614 3209 oi
2641 3154 2740 3226 τὴν
2799 3153 2955 3208 πόλιν
2981 3153 3281 3219 οἰκοῦντες,
3323 3151 3527 3225 ῐφερον

252 3248 308 3301 δὲ
355 3246 452 3302 τοῦ
503 3250 788 3322 προμάχου
832 3251 894 3305 τὸ
938 3250 1120 3322 σῶμα,
1176 3250 1537 3322 ἀσχάλλοντες
1583 3251 1682 3321 μὲν
1738 3250 1834 3304 καὶ
1867 3248 2256 3320 ὀλοφυρόμενοι
2286 3248 2383 3319 τὴν
2421 3247 2725 3318 μετοικίαν,
2756 3247 2974 3319 ᾅδοντες
3029 3246 3089 3299 δὲ
3141 3244 3237 3299 τοῦ
3297 3245 3528 3319 νικηφό-

256 3358 353 3407 ρου
378 3341 645 3410 ἀριστέως
669 3344 769 3414 τὴν
802 3343 1054 3413 δύναμιν.
1086 3344 1161 3397 Οὐ
1187 3344 1297 3416 γὰρ
1317 3343 1384 3397 ἂν
1417 3345 1630 3397 ἐκείνου
1678 3343 1961 3415 περιόντος
1992 3341 2096 3395 ὐπὺ
2128 3341 2427 3414 βαρϐάροις
2457 3341 2726 3408 ἐγένοντο.
2791 3340 2977 3393 Ταῦτα
3028 3340 3159 3410 περὶ
3222 3336 3376 3393 τοῦδε
3428 3336 3524 3392 τοῦ

254 3428 400 3483 θείου
437 3428 742 3496 διεξελθὼν,
773 3434 855 3496 εἰς
881 3432 1077 3503 ἑτέραν
1120 3431 1372 3504 διήγησιν
1424 3432 1831 3504 μεταϐήσομαι,
1867 3433 1966 3502 τῆς
1993 3429 2186 3485 τούτου
2226 3430 2551 3502 μεταλαχεῑν
2580 3428 2834 3497 εὐλογίας
2869 3427 3188 3483 ἀντιϐολῶν.

744 3565 820 3619 Β’.
834 3596 904 3606 —
940 3568 1333 3624 ΙΟΥΛΙΑΝΟΣ.

332 3679 640 3744 Ἰουλιανὸς,
684 3680 743 3733 ὃν
777 3679 996 3735 Σάϐϐαν
1031 3683 1052 3715 ³
1080 3682 1312 3753 ἐπίκλην
1348 3684 1398 3736 οἱ
1434 3682 1719 3753 ἐπιχώριοι
1750 3699 1835 3736 τι·-

254 3770 460 3841 μῶντες
482 3770 785 3842 ὠνόμαζον,
817 3773 910 3826 τὸν
933 3772 991 3825 δὲ
1014 3773 1327 3845 πρεσϐύτην
1352 3775 1420 3846 τῇ
1445 3773 1657 3828 Ἐλλάδι
1679 3777 1830 3844 φωνῇ

250 3862 508 3932 σημαίνει
551 3862 614 3915 τὸ
658 3862 851 3934 ὄνομα,
888 3865 946 3917 ὲν
980 3866 1046 3936 τῇ
1084 3864 1250 3919 πάλαι
1282 3864 1380 3936 μὲν
1416 3863 1745 3936 Παρθυαίων
1786 3863 1829 3926 ⁸,

246 3951 341 4003 νῦν
370 3952 426 4005 δὲ
452 3954 756 4025 Ὀσροηνῶν
784 3956 1186 4029 ὀνομαζομένη,
1214 3958 1312 4026 τὴν
1335 3955 1642 4026 ἁσκητικὴν
1665 3954 1831 4008 καλύ·

247 4040 349 4107 ϐην
383 4043 644 4109 ἐπήξατο.
692 4047 960 4099 Διατείνει
1011 4047 1069 4099 δὲ
1116 4046 1254 4115 α’ύτη
1292 4046 1426 4111 πρὸς
1458 4046 1554 4115 μὲν
1590 4044 1832 4114 ἑσπέραν

250 4129 445 4199 μέχρις
492 4132 652 4184 αὐτοῦ
696 4134 790 4187 τοῦ
833 4135 1082 4205 ποταμοῦ
1125 4135 1224 4204 τῆς
1269 4134 1436 4203 ὄχθης
1467 4152 1480 4165 ·
1535 4135 1831 4204 Εὐφράτης

247 4217 304 4270 δὲ
343 4216 515 4285 ὄνομα
540 4219 714 4289 τούτῳ
740 4237 754 4252 ο
775 4221 912 4292 πρὸς
940 4222 1092 4291 ἣλιον
1122 4221 1178 4273 δὲ
1217 4222 1528 4290 ἀνίσχοντα,
1563 4224 1623 4276 τὸ
1650 4224 1828 4294 τέρμα

244 4307 358 4377 ἔχει
418 4308 520 4378 τῆς
584 4308 876 4379 Ῥωμαίων
933 4313 1230 4382 ἡγεμονίας
1262 4313 1342 4383 ’ἡ
1408 4313 1519 4385 γάρ
1566 4313 1827 4385 Ἀσσυρία

243 4399 568 4471 διαδέχεται,
607 4402 783 4473 πέρας
827 4400 959 4457 οὖσα
993 4405 1248 4477 ἑσπέριον
1287 4406 1383 4476 τῆς
1414 4407 1690 4478 Περσικῆς
1726 4406 1824 4477 βα-

244 4490 472 4555 σιλείας,
504 4494 570 4564 ἢν
598 4492 920 4565 Ἀδιαϐηνὴν
953 4497 1003 4548 οί
1037 4495 1176 4565 μετὰ
1201 4494 1371 4549 ταῦτα
1391 4496 1698 4567 ὠνόμασαν.
1738 4497 1826 4550 Ἐν

240 4579 418 4651 τούτῳ
454 4580 532 4652 τῷ
576 4580 718 4636 ἔθνει
765 4583 957 4639 πολλαὶ
987 4586 1086 4656 μὲν
1125 4586 1303 4651 πόλεις
1334 4587 1567 4658 μεγάλαι
1595 4588 1689 4641 καὶ
1725 4604 1824 4640 πο-

241 4670 605 4743 λυάνθρωποι,
670 4674 824 4746 χώρα
880 4675 937 4729 δὲ
993 4678 1289 4748 παμπόλλη
1355 4679 1452 4749 μὲν
1502 4680 1820 4750 οίκουμένη,

240 4766 535 4839 παμπόλλη
560 4768 616 4821 δὲ
641 4769 898 4841 ἀοίκητός
928 4788 986 4824 τε
1017 4772 1111 4825 καὶ
1143 4772 1369 4844 ἔρημος.
1401 4771 1616 4844 Ταύτης
1655 4774 1821 4843 ἐσχα-

2451 3567 2514 3622 ιι.
2545 3596 2616 3607 --
2642 3562 3003 3622 JULIANUS.

2011 3680 2285 3745 Julianus,
2324 3696 2486 3751 quem
2521 3679 2791 3751 indigena:
2833 3678 3097 3741 Sabbam,
3136 3675 3280 3748 quod
3314 3689 3518 3732 nomen

1941 3793 2114 3831 senem
2147 3774 2333 3831 Graeca
2385 3775 2571 3845 lingua
2608 3773 2903 3845 significat,
2939 3770 3169 3827 honoris
3207 3785 3379 3825 causa
3427 3784 3525 3825 co-

1939 3869 2356 3938 gnominabant,
2385 3866 2438 3921 in
2482 3867 2729 3936 regione,
2766 3879 2889 3935 quae
2915 3848 3049 3919 olim
3068 3861 3479 3935 Parthyzeorum
3504 3901 3522 3926 ,

1943 3958 2159 4027 1120
2180 3974 2325 4012 nunc
2362 3959 2736 4012 ()sroenorum
2771 3956 3000 4019 dicitur,
3029 3956 3401 4009 monasticum
3433 3961 3523 4005 tu-

1939 4049 2158 4123 gurium
2191 4048 2404 4102 defixit.
2440 4046 2711 4115 Pertingit
2754 4053 2938 4099 autem
2973 4044 3126 4115 regio
3164 4044 3280 4108 illa,
3326 4056 3524 4096 versus

1937 4154 2196 4193 occasum
2262 4138 2508 4206 quidem,
2560 4137 2627 4189 ad
2662 4136 2838 4204 ripam
2891 4148 3070 4203 usque
3109 4131 3379 4197 ﬂuininis,
3433 4131 3521 4185 cui

1938 4245 2140 4284 nomen
2178 4220 2488 4298 Eripiirmcs
2520 4244 2533 4280 :
2567 4226 2633 4279 ad
2691 4226 2965 4279 orientem
2997 4237 3127 4275 vero
3157 4221 3352 4287 solem,
3373 4220 3523 4274 limi-

1938 4328 2045 4374 tem
2094 4318 2258 4372 habet
2306 4315 2546 4371 Romani
2614 4314 2865 4384 imperii;
2926 4311 3130 4381 exeipit
3170 4310 3320 4366 enim
3370 4310 3522 4364 illam

1934 4410 2182 4482 Assyria,
2233 4425 2354 4480 quae
2383 4408 2590 4462 Persici
2631 4407 2785 4476 regni
2820 4405 3188 4460 occidentalis
3219 4410 3303 4459 cst
3330 4402 3523 4458 termi-

1933 4520 2061 4565 nus,
2091 4519 2254 4573 quam
2282 4499 2492 4572 posteri
2538 4499 2876 4556 Adiabenam
2913 4497 3289 4569 appellarunt.
3329 4493 3386 4550 In
3422 4495 3524 4550 hac

1933 4602 2093 4665 gente
2120 4595 2304 4648 multa:
2333 4596 2348 4613 ‘
2371 4591 2594 4663 quidem
2628 4601 2754 4646 sunt
2793 4589 2961 4646 urbes
3020 4604 3231 4660 magna:
3262 4596 3317 4643 et
3351 4602 3524 4659 pOpu-

1932 4688 2063 4742 losa:
2100 4687 2390 4757 :regionis
2432 4693 2617 4739 autem
2661 4692 2847 4755 partes
2879 4682 3132 4753 plurimae
3172 4681 3372 4735 incolis
3414 4679 3524 4734 fre-

1930 4782 2182 4844 quentes,
2241 4774 2488 4844 plurimae
2530 4773 2762 4828 desertae
2788 4782 2839 4828 et
2863 4771 3104 4826 incultae.
3156 4769 3238 4824 Ad
3277 4778 3521 4825 extrema

239 4856 359 4908 τιαν
409 4857 509 4926 τῆς
563 4860 771 4930 ἐρήμου
824 4860 1149 4915 καταλαϐὼν
1194 4863 1222 4915 ό
1260 4863 1401 4926 θεῖος
1452 4856 1605 4926 οὗτος
1658 4864 1818 4936 ἀνὴρ,

1943 4865 2095 4935 1iujus
2127 4865 2443 4920 solitudinis
2473 4866 2556 4919 vir
2586 4864 2675 4919 hic
2707 4864 2930 4919 divinus
2966 4879 3091 4918 cum
3148 4861 3517 4934 pervenisset,

241 4947 336 4999 καὶ
376 4946 572 5020 ἄντρον
608 4951 784 5022 εὑρὼν
812 4952 872 5005 ού
912 4954 1315 5025 χειροποίητον,
1347 4955 1466 5008 οὐδὲ
1496 4952 1554 5008 εὖ
1592 4956 1687 5009 καὶ
1714 4975 1819 5009 κα-

237 5034 345 5100 λῶς
375 5038 760 5111 ὀρωρυγμένον
791 5059 805 5073 ⁸
835 5045 969 5098 ἀλλὰ
1000 5045 1259 5117 βραχεῖάν
1292 5064 1412 5100 τινα
1435 5048 1644 5118 σκέπην
1679 5065 1823 5119 παρ·

240 5129 384 5197 ἐχειν
426 5130 732 5204 δυναμένην
783 5139 894 5200 τοῖς
925 5138 1293 5207 καταφεύγειν
1317 5138 1614 5203 ἐθέλουσιν,
1644 5141 1822 5193 ἀσπα-

242 5222 371 5285 σίως
417 5222 600 5294 ᾤκησε
628 5225 688 5278 τὸ
716 5228 937 5297 χωρίον,
967 5229 1077 5283 τῶν
1104 5231 1313 5301 χρυσίῳ
1340 5231 1433 5284 καὶ
1464 5229 1696 5302 ἀργύρῳ
1721 5248 1824 5284 κα-

237 5313 677 5385 ταλαμπομένων
732 5317 1018 5389 βασιλείων
1061 5322 1297 5392 νομίζων
1345 5321 1816 5394 πολυτελέστερον.

252 5400 342 5459 Ἑν
387 5406 563 5479 τούτῳ
595 5408 803 5480 διῆγεν,
836 5411 985 5477 ἅπαξ
1017 5413 1118 5483 τῆς
1162 5413 1452 5482 ἑϐδομάδος
1497 5413 1680 5475 σιτίων
1717 5432 1815 5485 με·

238 5496 622 5567 ταλαμϐάνων.
656 5502 832 5557 Σιτίον
864 5504 919 5558 δὲ
947 5500 1015 5575 ἦν
1045 5504 1195 5575 αὐτῷ
1236 5506 1397 5575 ἄρτος
1424 5507 1452 5559 ό
1480 5505 1812 5577 κεγχριδίαςν

313 5641 355 5671 αι
383 5632 519 5691 Luc.
546 5653 621 5705 ιι,

1928 4970 2149 5013 antrum
2188 4966 2387 5011 nactus
2434 4972 2541 5010 non
2584 4972 2750 5011 manu
2792 4956 3027 5022 factum,
3079 4971 3257 5025 neque
3284 4954 3423 5009 bene
3454 4967 3519 5007 ac

1931 5050 2163 5121 pulchre
2202 5057 2556 5115 excavatum,
2596 5049 2692 5105 sed
2732 5048 2881 5119 quod
2915 5047 3347 5103 adventantibus
3397 5045 3516 5100 cxi-

1922 5158 2088 5214 guum
2117 5148 2493 5212 tegumentum
2523 5141 2767 5211 praebere
2802 5150 3009 5210 posset,
3066 5140 3250 5194 locum
3281 5138 3519 5193 libenter

1925 5234 2282 5299 inhabitavit,
2321 5248 2458 5288 auro
2504 5243 2561 5289 et
2607 5242 2846 5304 argento
2890 5231 3238 5302 fulgentibus
3292 5229 3515 5301 palatiis

1928 5326 2464 5395 magniﬁcentiorem
2496 5325 2845 5381 existimans.
2881 5325 2942 5380 In
2962 5325 3067 5379 hoc
3095 5323 3321 5396 degens,
3347 5322 3516 5377 semel

1926 5416 1979 5472 in
2007 5418 2345 5475 hebdomada
2371 5418 2553 5473 cibum
2572 5417 2857 5488 capiebat:
2882 5418 3043 5473 cibus
3067 5426 3247 5472 autem
3271 5425 3389 5473 erat
3414 5431 3512 5486 pa—

1923 5510 2013 5564 nis
2035 5511 2340 5580 tuiliaceus,
2365 5512 2524 5582 isque
2546 5509 2923 5577 furfuraceus,
2943 5520 2998 5566 et
3017 5510 3309 5567 obsonium
3341 5510 3515 5571 sales.

1520 5737 1752 5794 VAHIIE
1786 5740 2191 5799 LECTIONES.

314 5818 335 5855 ³
358 5820 557 5879 Σάϐαν.
592 5824 861 5881 llervetus
889 5833 1037 5883 recte
1064 5845 1077 5895 ;
1104 5843 1377 5903 quaquam
1403 5838 1454 5886 et
1486 5830 1698 5898 Σάϐϐας
1732 5832 2079 5892 scribebatur
2114 5833 2257 5890 Hist.
2282 5837 2411 5891 eccl.
2436 5853 2520 5908 ιιι,
2564 5839 2650 5893 19.

2774 5838 2794 5869 κ
2828 5837 3079 5907 Πάρθων.
3117 5833 3346 5893 liervct.
