3974 6212
433 419 567 487 1307

1384 423 1875 487 THEODOBETI
1918 423 2260 488 EPISCOPI
2297 425 2683 490 CYRENSIS-

3552 424 3693 495 1303

427 533 603 590 Polus
654 549 782 589 vero
822 535 1219 603 suavissimus,
1240 539 1488 595 nativum
1520 554 1677 610 aquae
1697 538 1965 597 ﬂuentum
1991 557 2007 595 :

2137 542 2206 596 :ai.
2249 541 2414 606 αὐτὸς
2447 541 2704 615 πιτυρίας
2733 557 2747 573 ⁸
2777 539 2909 612 δψον
2934 540 2990 596 δὲ
3017 542 3067 596 οί
3100 541 3230 607 ἃλις
3254 557 3270 574 ο
3294 541 3449 613 πόμα
3479 542 3538 597 δὲ
3565 543 3697 612 ἥδι-

428 640 530 683 nec
561 634 750 697 potum
810 627 960 684 hunc
991 629 1246 686 satietate
1279 631 1633 697 metiebatur,
1672 631 1769 689 sed
1799 632 2008 701 sumpti

427 726 557 774 ante
593 718 700 773 cibi
744 721 1078 776 necessitate
1108 719 1423 777 definiebat.
1464 721 1684 778 Deliciae
1716 739 1883 794 porro
1909 725 2009 788 illi,

428 817 487 864 ct
519 811 685 865 lauta:
717 819 884 881 atque
913 813 1156 882 opioarte
1204 813 1374 885 dapes
1400 823 1578 881 erant,
1621 815 2010 871 Davidicnrnm

431 901 769 972 hymnorum
813 902 1157 969 decantatio,
1191 916 1246 960 et
1275 905 1499 961 assidua
1530 921 1656 960 cum
1694 905 1801 961 Deo
1835 908 2011 963 collo-

429 994 585 1063 quia.
612 994 709 1050 llis
745 994 1158 1064 inexplebiliter
1192 1014 1318 1052 cum
1368 997 1668 1064 frueretur,
1702 1000 2010 1056 satietatem

431 1098 630 1154 capere
654 1085 897 1149 nolebat,
929 1087 1025 1141 sed
1046 1103 1172 1142 cum
1204 1103 1420 1158 semper
1459 1087 1780 1159 impleretur
1800 1104 2016 1159 semper

432 1174 753 1231 clamabat:
799 1177 1014 1243 (Quam
1062 1177 1247 1233 dulcia
1304 1178 1556 1235 faucibus
1603 1180 1742 1236 meis
1794 1181 2015 1251 eloquia

432 1277 526 1321 tua
562 1270 576 1322 l
613 1284 780 1339 super
813 1270 919 1324 mel
961 1279 1015 1325 et
1038 1270 1221 1325 favum
1244 1271 1327 1325 ori
1355 1286 1480 1326 meo
1497 1281 1549 1325 υ.
1579 1290 1598 1324 ι
1628 1270 1854 1327 Beatum
1878 1288 2017 1344 quo-

432 1376 541 1429 que
570 1360 735 1414 David
761 1360 975 1415 audivit
1000 1360 1275 1417 dicentem
1305 1380 1319 1417 :
1360 1361 1617 1417 «Iudicia
1653 1363 1867 1418 Domini
1888 1379 2017 1420 vera

429 1451 732 1520 jnstilicata
762 1452 817 1507 in
871 1454 1141 1522 idipsum,
1185 1454 1578 1510 desiderabilia
1615 1470 1786 1525 super
1815 1471 2011 1510 aurqu

431 1557 488 1603 et
545 1546 786 1617 lapidem
824 1550 1128 1618 pretiosum
1179 1549 1438 1615 multum,
1474 1554 1527 1603 et
1567 1547 1821 1604 dulciora
1855 1562 2022 1619 super

434 1639 539 1695 mel
569 1648 623 1695 et
657 1637 841 1693 favum
872 1650 913 1694 °.
941 1658 960 1692 ι
999 1640 1223 1695 Audivit
1250 1641 1407 1696 illum
1444 1655 1640 1696 rursus
1697 1640 1971 1695 dicentem
2002 1658 2017 1695 :

443 1748 463 1780 ε
492 1729 777 1786 Delectare
811 1731 1020 1801 1121
1076 1731 1131 1787 in
1172 1730 1430 1798 Domino,
1469 1738 1526 1786 et
1574 1731 1730 1786 dabit
1755 1731 1855 1787 tibi
1883 1731 2023 1803 peti-

434 1822 615 1878 tiones
646 1821 834 1877 cord-is
864 1823 943 1877 tui
968 1834 1057 1891 νς»
1082 1830 1138 1879 et
1170 1823 1372 1879 iterum
1400 1840 1414 1875 :
1450 1843 1469 1876 ε
1492 1822 1732 1879 Laetetur
1753 1838 1849 1877 cor
1871 1838 2022 1893 qua:-

437 1915 678 1970 rentium
710 1912 1047 1969 Dominum!
1069 1931 1117 1980 ;»
1155 1922 1246 1970 et:
1284 1912 1565 1969 «Laetifica
1609 1928 1707 1969 cor
1737 1929 1939 1980 meum,
1965 1924 2024 1969 ut
2057 1893 2099 1948 Β

2113 650 2236 687 στον
2264 632 2326 687 τὸ
2350 632 2616 704 αὐτοφυὲς
2646 632 2757 687 τῶν
2804 632 3011 688 ὑδάτων
3036 635 3207 705 νᾶμα,
3234 634 3332 688 καὶ
3353 631 3513 687 τοῦτο
3538 633 3599 687 δι
3623 636 3694 688 οὗ

2108 724 2187 796 τῷ
2242 725 2390 798 κόρῳ
2429 725 2817 799 μετρούμενον,
2867 726 3002 780 ἀλλὰ
3040 729 3105 798 τῇ
3137 726 3301 798 χρεία
3334 727 3433 797 τῆς
3476 743 3699 798 προκαο

2110 817 2473 888 ταϐληθείσης
2501 819 2707 890 τροφῆς
2733 817 3065 890 ὁριζόμενον.
3110 817 3303 889 Τρυφὴ
3335 817 3393 871 δὲ
3418 813 3487 888 ἦν
3515 816 3695 887 αὐτῷ,

2112 907 2209 961 καὶ
2256 907 2429 979 χλιδὴ,
2475 910 2571 961 καὶ
2604 907 2897 963 πανδαισία
2942 909 3279 979 παντοδαπὴ,
3313 909 3348 978 ἡ
3387 908 3484 960 τοῦ
3521 908 3707 962 Δαϐιό

2115 999 2378 1071 ὑμνῳδία,
2418 1002 2510 1055 καὶ
2539 1003 2571 1072 ἡ
2609 1000 2864 1072 διηνεκὴς
2889 1001 3026 1072 πρὸς
3066 999 3200 1054 Θεὸν
3227 999 3435 1069 ὁμιλία.
3470 998 3713 1053 Τούτων

2114 1091 2405 1162 ἀπλήστως
2449 1090 2758 1153 ἀπολαύων,
2811 1092 2972 1161 κόρον
3010 1090 3198 1143 λαϐεῖν
3235 1088 3657 1142 ούκ·ὲϐούλετο
3688 1105 3704 1118 ·

2116 1180 2232 1234 ἀλλ’
2264 1180 2351 1234 ἀεὶ
2382 1179 2482 1249 μὲν
2511 1180 2903 1251 ἐνεπίμπλατο,
2926 1179 3013 1233 ἀεὶ
3040 1180 3099 1233 δί
3122 1180 3275 1245 ἐϐόα,
3308 1198 3327 1231 ε
3370 1179 3457 1242 Ὠς
3487 1178 3711 1248 γλυκέα

2114 1270 2193 1342 τῷ
2245 1270 2481 1342 λάρυγγί
2517 1286 2619 1340 μου
2664 1271 2734 1324 τὰ
2760 1271 2916 1339 λόγιά
2948 1287 3041 1325 σου
3066 1272 3081 1325 ί
3110 1270 3252 1341 ὑπὲρ
3289 1269 3414 1340 μέλι
3444 1270 3543 1324 καί
3580 1287 3705 1341 κη-

2120 1361 2234 1434 ρίον
2274 1359 2356 1430 τῷ
2406 1360 2634 1431 στόματί
2664 1379 2786 1432 μου.
2816 1362 3055 1416 Ἤκουσε
3101 1362 3161 1416 δὲ
3193 1362 3357 1416 πάλιν
3386 1361 3483 1415 τοῦ
3521 1378 3716 1432 μακα-

2121 1452 2237 1524 ρίου
2269 1452 2433 1505 Δαϐὶδ
2459 1452 2707 1522 λεγοντος
2726 1468 2740 1482 ·
2773 1471 2795 1505 ι
2826 1452 2908 1506 Τὰ
2932 1453 3175 1524 κρίματα
3202 1452 3408 1522 Κυρίου
3446 1450 3715 1522 ἀληθινὰ,

2119 1544 2512 1615 δεδικαιωμὲνα
2557 1545 2651 1599 ἐπὶ
2678 1544 2738 1598 τὸ
2782 1545 2934 1611 αὐτὸ,
2966 1543 3280 1617 ἐπιθυμητὰ
3314 1544 3457 1615 ὑπὲρ
3478 1543 3719 1614 χρυσίον

2121 1636 2217 1691 καὶ
2262 1634 2409 1689 λίθον
2452 1635 2632 1706 τίμιον
2675 1635 2865 1702 πολὺν,
2912 1636 3007 1689 καὶ
3047 1634 3361 1706 γλυκύτερα
3396 1635 3544 1703 ὑπερ
3581 1632 3723 1703 μέλι

2122 1727 2220 1782 καὶ
2244 1726 2469 1799 κηρίον,
2508 1746 2526 1780 ι
2556 1728 2829 1783 Ἤκουσεν
2845 1727 3010 1782 αὑτοῦ
3028 1727 3192 1782 πάλιν
3216 1727 3462 1797 λέγοντος
3492 1744 3507 1757 ·
3543 1745 3563 1779 ε
3592 1727 3723 1780 Κα-

2122 1818 2469 1890 τατρύφησον
2507 1817 2604 1873 τοῦ
2632 1816 2860 1891 Κυρίου,
2903 1820 2996 1873 καὶ
3045 1818 3162 1890 δῴη
3193 1834 3274 1873 σοι
3313 1818 3384 1871 τὰ
3422 1820 3725 1888 αίτήματα

2129 1910 2231 1979 τῆς
2295 1909 2525 1982 καρδίας
2581 1926 2710 1965 σου·
2751 1929 2770 1963 ο
2818 1912 2915 1965 καὶ
2963 1907 3165 1975 αὖθις,
3202 1929 3223 1963 ι
3270 1909 3656 1982 Εὐφρανθητω
3684 1910 3725 1980 ἠ

435 2008 847 2062 timeatnomen
868 2014 1020 2060 tuum
1040 2016 1125 2072 ';i
1153 2016 1207 2061 et
1231 2022 1244 2059 :
1282 2026 1301 2058 ε
1324 2006 1550 2062 Gustate
1569 2014 1624 2061 et
1640 2006 1841 2073 videte,
1857 2022 2022 2076 quam

2137 2002 2334 2075 καρδία
2380 2001 2689 2073 ζητούντων
2734 2003 2827 2056 τὸν
2860 2002 3099 2075 Κύριον·
3134 2022 3154 2055 ι
3198 2007 3291 2060 καὶ
3314 2043 3329 2066 ,
3361 2021 3382 2055 ε
3422 2001 3727 2072 Εῧφρανον

436 2098 709 2167 benignus
748 2098 822 2154 sit
862 2097 1166 2154 Dominus!
1192 2114 1241 2167 ς»
1275 2107 1364 2153 et:
1399 2115 1418 2150 ι
1451 2096 1641 2153 Sitivit
1693 2098 1876 2151 anima
1904 2113 2025 2154 mea

2137 2095 2231 2164 τὴν
2285 2093 2517 2164 καρδίαν
2569 2112 2692 2166 μου,
2722 2095 2818 2148 τοῦ
2872 2095 3163 2164 φοϐεῖσθαι
3204 2095 3265 2148 τὸ
3306 2093 3480 2164 δνομὰ
3527 2109 3654 2148 σου.
3696 2112 3720 2147 ε

436 2188 507 2244 ad
560 2188 727 2245 Deum
764 2189 963 2246 fortem
986 2198 1041 2246 et
1058 2190 1240 2245 vivum
1266 2193 1285 2228 ι
1307 2207 1354 2258 ςι
1389 2197 1443 2245 et
1476 2208 1490 2246 :
1539 2189 1823 2245 «Adhaesit
1844 2190 2024 2245 anima

439 2295 561 2337 mea
590 2292 714 2353 post
744 2289 798 2336 te
819 2294 868 2338 υ.
896 2300 916 2334 ι
957 2282 1136 2353 Atque
1162 2282 1315 2337 illius
1334 2281 1427 2354 qui
1466 2281 1582 2337 haec
1611 2279 1752 2335 dixit
1779 2295 2022 2336 amorem

441 2371 496 2426 in
526 2386 586 2427 se
626 2371 935 2428 transtulit.
976 2371 1102 2427 Ideo
1148 2372 1297 2427 enim
1338 2387 1574 2443 magnus
1625 2370 1795 2427 David
1823 2386 2030 2426 canens

441 2461 700 2529 docebat,
720 2468 780 2516 ut
805 2463 1013 2517 amoris
1032 2462 1205 2518 divini
1232 2462 1532 2533 participes
1555 2462 1861 2532 sociosque
1885 2463 2029 2517 mul-

443 2564 533 2610 tos
546 2554 801 2610 efficeret.
822 2552 1011 2626 Neque
1027 2571 1157 2611 vero
1171 2569 1268 2625 spe
1289 2554 1462 2609 falsus
1482 2553 1691 2618 est,sed
1709 2562 1765 2609 et
1780 2554 2029 2608 divinum

442 2646 592 2701 hunc
621 2646 825 2712 virum,
859 2656 915 2702 et
961 2648 1100 2702 alios
1152 2645 1592 2700 innumerabiles
1624 2645 1814 2700 divino
1845 2660 2034 2701 amore

443 2738 739 2794 sauciarit.
773 2736 875 2793 Hic
901 2739 1048 2793 enim
1102 2744 1257 2791 tanto
1290 2737 1502 2790 amoris
1541 2736 1666 2806 igne
1700 2735 1809 2790 fuit
1842 2736 2035 2791 incen-

443 2842 565 2891 sus,
598 2837 658 2883 ut
683 2826 960 2885 desiderio
986 2826 1381 2891 inebriaretur,
1396 2834 1451 2881 et
1474 2834 1819 2881 terrenarum
1848 2840 2034 2880 rerum

445 2922 585 2977 nihil
615 2922 848 2987 videret,
883 2920 1065 2975 solum
1098 2918 1365 2975 dilectum
1419 2929 1475 2976 et
1506 2927 1675 2976 noctu
1724 2918 2029 2977 somnians.

445 3024 502 3071 et
536 3013 811 3068 meditans
843 3011 1103 3067 interdiu.

2132 2187 2245 2242 Καί
2277 2203 2290 2216 ·
2326 2206 2346 2239 ι
2383 2186 2657 2242 Γεύσασθε
2690 2190 2786 2243 καὶ
2830 2189 2968 2243 ίδετε
2996 2190 3079 2243 ὄτι
3113 2189 3349 2261 χρηστὸς
3380 2190 3409 2242 ὁ
3436 2187 3721 2256 Κύριος.»

2131 2277 2240 2331 Καί
2264 2291 2279 2306 ⁶
2317 2297 2337 2331 ι
2379 2278 2667 2351 Ἐδίψησεν
2701 2281 2734 2351 ἡ
2766 2279 2913 2351 ψυχή
2949 2298 3051 2352 μου
3072 2281 3209 2353 πρὸς
3231 2280 3384 2346 Θεὸν,
3416 2282 3512 2333 τδν
3553 2283 3721 2351 laxu-

2138 2367 2229 2438 ρδν
2285 2367 2379 2421 καὶ
2427 2367 2624 2434 ζῶντα.
2668 2388 2687 2422 ι
2732 2370 2843 2425 Καί
2874 2386 2889 2402 -
2925 2388 2945 2423 ι
2995 2371 3294 2443 Ἐκολλήθη
3334 2374 3369 2442 ή
3422 2371 3573 2442 ψυχή
3616 2388 3725 2442 μου

2137 2458 2314 2513 ὀπίσω
2355 2475 2469 2515 σου.
2507 2478 2524 2512 ι
2561 2461 2672 2515 Καὶ
2716 2461 3020 2534 μετέθηκεν
3050 2463 3133 2527 είς
3169 2463 3361 2519 ἑαυτὸν
3395 2462 3491 2516 τοῦ
3536 2461 3725 2517 ταῦτα

2138 2554 2422 2625 εἰρηκότος
2466 2555 2560 2609 τὸν
2604 2556 2803 2628 ἔρωτα.
2835 2556 3039 2610 Τούτου
3066 2556 3176 2631 γὰρ
3215 2558 3377 2630 χάριν
3428 2557 3573 2612 αὐτὰ
3626 2558 3726 2610 καὶ

2136 2644 2304 2699 Δαϐὶδ
2335 2647 2365 2700 ό
2414 2645 2590 2717 μέγας
2624 2647 2765 2720 ᾄδων
2798 2647 3098 2715 ἐδίδασκεν,
3129 2648 3204 2714 ὡς
3247 2648 3314 2703 ἂν
3339 2648 3571 2712 πολλοὺς
3604 2666 3727 2701 xos-

2139 2736 2341 2799 νωνοὺς
2388 2738 2484 2791 καὶ
2528 2739 2866 2809 συνεραστὰς
2895 2739 2992 2793 τοῦ
3026 2739 3163 2794 Θεοῦ
3190 2741 3577 2811 καταστήσειε.
3611 2741 3727 2794 Καὶ

2137 2827 2199 2881 οὐ
2231 2827 2498 2901 διήμαρτε
2546 2831 2646 2903 τῆς
2678 2832 2893 2897 ἐλπίδος
2922 2850 2935 2863 °
2965 2832 3102 2888 ἀλλὰ
3146 2834 3242 2888 καὶ
3285 2834 3479 2889 τοῦτον
3513 2835 3610 2887 τὸν
3640 2833 3726 2886 θεο

2140 2921 2362 2976 σπέσιον
2417 2922 2607 2995 ἄνδρα,
2643 2925 2738 2979 καὶ
2783 2926 3013 2999 μυρίους
3042 2926 3263 2998 ἑτέρους
3293 2926 3371 2997 τῷ
3410 2925 3543 2996 θείῳ
3590 2940 3729 2978 κατ-

2140 3006 2382 3082 ἐτρωσεν
2412 3011 2598 3082 ἔρωτι.
2630 3016 2896 3071 Τοσοῦτον
2917 3017 3027 3088 γὰρ
3053 3009 3209 3081 οὗτος
3248 3015 3466 3082 ἐδέξατο
3496 3017 3733 3086 φίλτρου

445 3108 672 3181 πυρσὸν,
714 3107 790 3168 ὡς
830 3106 1050 3179 μεθύειν
1081 3107 1161 3179 τῷ
1212 3106 1383 3179 πόθῳ,
1418 3108 1514 3162 καὶ
1555 3106 1722 3179 μηδεν
1770 3106 1905 3179 όρᾷν
1932 3104 2044 3160 τῶν
2081 3106 2309 3179 γηΐνων,
2372 3108 2534 3179 μόνον
2577 3111 2634 3165 δὲ
2680 3111 2771 3166 τὸν
2844 3111 3121 3185 ἑρώμενον
3162 3114 3257 3168 καὶ
3299 3113 3514 3185 νύκτωρ
3585 3112 3732 3166 ὀνει-

450 3200 721 3273 ροπολεῖν,
763 3199 857 3254 καὶ
888 3199 1007 3271 μεθ’
1043 3200 1260 3275 ἡμέραν
1293 3200 1692 3272 φαντάζεσθαι.

524 3296 679 3353 Hanc
720 3313 992 3354 summam
1024 3297 1147 3367 ejus
1195 3298 1600 3369 philosophiam
1640 3296 1824 3363 multi,
1865 3304 1978 3351 tum
2007 3309 2032 3350 e

2216 3292 2433 3364 Ταύτην
2472 3292 2638 3347 αύτοῦ
2702 3292 2801 3363 τὴν
2832 3292 3010 3365 ἄκραν
3040 3293 3360 3364 φιλοσοφίαν
3405 3294 3598 3348 πολλοὶ
3635 3312 3735 3368 με.

448 3390 670 3457 vicinis,
729 3398 844 3444 tum
878 3405 909 3445 e
960 3390 1179 3461 longius
1238 3390 1474 3456 dissitis,
1524 3404 1650 3444 cum
1685 3388 2031 3444 audivissent

452 3488 471 3555 (
506 3483 650 3538 alata
671 3482 817 3538 enim
850 3480 993 3536 fama
1020 3496 1149 3537 oras
1177 3496 1371 3537 omnes
1401 3489 1716 3551 pervaserat
1747 3480 1765 3550 )
1791 3521 1805 3543 ,
1843 3495 2041 3533 accur-

452 3578 670 3641 rcbant,
706 3582 930 3629 orantes
954 3582 1013 3629 ut
1038 3574 1309 3644 palaestra:
1342 3572 1639 3642 participes
1686 3571 1900 3637 fierent,
1936 3570 2042 3625 sub

452 3682 628 3738 eoque
658 3670 961 3735 ‘tanquam
1008 3665 1279 3736 gymnasii
1318 3664 1585 3731 magistro
1639 3670 1694 3717 et
1740 3661 2042 3732 paedotriba

456 3758 511 3811 iu
554 3764 837 3827 posterum
869 3755 1136 3811 viverent.
1194 3752 1314 3807 Non
1351 3754 1496 3808 enim
1555 3768 1685 3809 aves
1741 3754 1873 3808 sola:
1911 3769 2044 3808 can-

459 3845 627 3899 tando
653 3859 782 3900 aves
817 3852 1109 3905 venantur,
1138 3851 1401 3914 cognatas
1442 3843 1508 3899 ad
1538 3859 1598 3900 se
1625 3842 1939 3911 evocantes,
1991 3852 2046 3900 et

459 3935 726 4005 subjectis
758 3936 969 4006 laqueis
996 3935 1346 4006 implicantes
1384 3954 1397 3990 :
1443 3935 1541 3991 sed
1591 3935 1840 3991 homines
1879 3936 2043 3991 etiam

458 4037 672 4085 natura:
710 4044 824 4083 sua:
844 4029 1025 4083 socios
1051 4036 1296 4099 captant,
1320 4028 1411 4082 alii
1435 4028 1656 4098 quidem
1687 4030 1754 4082 ad
1789 4029 2043 4094 exitium,

458 4117 553 4172 alii
596 4132 723 4173 vero
742 4116 808 4170 ad
870 4118 1127 4173 salutent.
1197 4116 1312 4173 [loc
1348 4118 1511 4173 modo
1547 4119 1865 4189 congregati
1896 4119 2045 4174 brevi

459 4210 648 4265 decem
682 4207 854 4273 fuere,
887 4209 1089 4265 dehinc
1112 4209 1281 4281 duplo
1306 4208 1546 4279 ettriplo
1578 4210 1787 4280 plures,
1822 4209 1950 4264 inde
1973 4208 2046 4264 ad

459 4300 821 4358 centesimum
860 4308 1053 4371 postea
1100 4316 1390 4356 numerant
1439 4316 1758 4371 pervenere,
1805 4308 1882 4365 et,
1936 4310 2046 4354 tam

466 4392 625 4447 multi
666 4407 791 4448 cum
815 4401 1024 4459 essent,
1047 4399 1206 4447 antro
1240 4392 1333 4447 illo
1360 4392 1804 4447 continebantur.
1845 4394 1886 4445 Α
1918 4407 2050 4448 sene

462 4484 665 4555 quippe
698 4483 1004 4538 didicerant
1035 4498 1225 4538 curam
1245 4484 1496 4554 corporis
1520 4483 1734 4554 1122
1752 4482 2043 4552 negligere.

466 4573 842 4631 Vescebantur
893 4585 1075 4629 autem
1123 4574 1228 4646 ipsi
1266 4590 1509 4645 quoque,
1570 4578 1716 4630 sicut
1769 4575 2046 4645 magister,

464 4667 771 4722 hordeaceo
794 4682 933 4737 pane
964 4668 1078 4723 sale
1103 4667 1345 4722 condito.
1377 4666 1647 4723 Successu
1678 4682 1808 4722 vero
1837 4675 2048 4739 tempo-
2075 4642 2125 4702 θ

464 4756 545 4813 ris
571 4757 722 4811 olera
745 4766 939 4827 sponte
964 4757 1249 4811 nascentia
1270 4757 1594 4828 colligentes
1614 4766 1668 4813 et
1700 4756 1889 4811 fictilia
1915 4773 2047 4812 vasa

468 4850 792 4920 implentes,
827 4848 1018 4904 muriae
1064 4858 1331 4920 quantum
1374 4850 1511 4905 satis
1544 4858 1663 4905 erat
1721 4849 2048 4918 miscebant,

469 4940 760 4997 obsonium
795 4941 863 4996 iis
891 4939 1134 4995 futurum
1155 4941 1249 5012 qui
1281 4957 1421 5012 opus
1451 4942 1715 4997 haberent
1738 4942 2046 4999 curatione.

471 5031 611 5089 lluic
640 5042 822 5089 autem
851 5034 1062 5088 olerum
1096 5034 1281 5104 generi
1332 5035 1555 5089 humida
1607 5034 1921 5091 habitacula
1960 5035 2049 5090 in-

474 5128 613 5181 festa
654 5136 817 5183 sunt:
847 5129 1015 5182 situm
1047 5126 1193 5181 enim
1236 5126 1312 5180 illi
1335 5136 1387 5181 et
1420 5125 1759 5196 putredinem
1788 5126 2051 5183 inducere

473 5221 674 5277 solent.
697 5219 828 5287 Quae
871 5221 1024 5276 labes
1054 5219 1184 5275 huic
1213 5219 1445 5274 obsonio
1475 5234 1603 5273 cum
1637 5218 1933 5273 accidisset
1955 5219 1972 5287 (
1995 5219 2049 5272 in

473 5317 693 5365 antrum
736 5311 882 5365 enim
920 5310 1125 5366 multus
1179 5308 1425 5378 undique
1458 5308 1654 5362 humor
1682 5305 1994 5376 influebat)
2031 5347 2047 5371 ,

476 5408 743 5471 rogarunt
782 5416 967 5456 senem
1007 5400 1282 5472 discipuli.
1320 5407 1380 5454 ut
1413 5398 1519 5455 sibi
1552 5412 1771 5469 parvam
1811 5396 2049 5467 aliquam

475 5490 726 5544 cellulam
750 5502 1036 5549 exstruere
1064 5494 1271 5555 liceret,
1291 5500 1494 5563 quanta
1518 5490 1802 5563 capiendis
1833 5488 2048 5545 obsonii

479 5580 643 5651 hujus
673 5585 819 5640 vasis
850 5585 984 5642 satis
1003 5590 1175 5643 esset.
1226 5582 1321 5640 Ille
1369 5592 1550 5640 autem
1601 5586 1777 5656 primo
1830 5583 2050 5656 quidem

555 5772 580 5834 ρ
612 5761 754 5834 Psal.
781 5776 967 5834 cxvnt,
1000 5762 1134 5834 105.
1199 5770 1223 5802 ο
1254 5764 1399 5820 Psal.
1424 5781 1577 5829 xvm,
1607 5767 1659 5820 9.
1694 5766 1774 5820 lt).
1854 5775 1881 5815 ρ
1905 5764 2026 5818 Psal

2137 5786 2273 5834 mv,
2310 5768 2355 5824 ί.

486 5834 506 5862 ⁸
541 5829 688 5883 l'sal.
717 5844 909 5895 sunt,
932 5830 986 5884 θ.
1064 5834 1085 5869 ⁸
1119 5832 1265 5889 i’sal.
1289 5849 1394 5897 ιιι,
1421 5834 1474 5888 5.
1552 5848 1577 5875 ιι
1598 5834 1743 5889 Psal.
1776 5835 1978 5900 Lm,9.

2144 3383 2471 3456 μαθηκότες,
2524 3385 2573 3438 οἱ
2643 3383 2743 3454 μὲν
2788 3385 2854 3437 ἐκ
2902 3384 3159 3451 γειτόνων
3206 3384 3523 3450 οἰκοῦντες,
3570 3389 3629 3440 οἱ
3680 3389 3733 3442 δὲ

2141 3476 2423 3548 πόρρωθεν
2452 3493 2466 3508 ’
2503 3477 2809 3547 ὑπόπτερος
2836 3476 2945 3548 γὰρ
2983 3480 3016 3548 ἡ
3049 3479 3203 3549 φήμη
3232 3477 3405 3531 διέθεε
3444 3478 3693 3532 πάντοσε
3718 3495 3735 3506 ⁸

2142 3567 2376 3638 ἔδραμον
2439 3567 2774 3631 ἱκετεύοντες
2827 3567 2926 3639 τῆς
2981 3568 3320 3639 παλαίστρας
3370 3569 3735 3639 μεταλαχεῖν,

2143 3660 2236 3714 καὶ
2292 3659 2383 3713 ὑπ’
2419 3659 2567 3730 αύτῷ
2609 3654 2721 3712 οἷόν
2766 3676 2872 3712 τινι
2914 3662 3203 3731 γυμναστῇ
3247 3662 3341 3715 καὶ
3400 3661 3735 3737 παιδοτρίϐῃ

2143 3750 2203 3802 τὸ
2230 3748 2416 3802 λοιπὸν
2464 3748 2744 3818 βιοτεύειν.
2769 3748 3073 3822 Θηρεύουσι
3098 3748 3208 3821 γὰρ
3234 3749 3297 3803 ού
3326 3752 3489 3821 μόνον
3516 3750 3734 3822 ϐρνιθις

2145 3840 2360 3913 ὄρνιθας
2386 3839 2623 3912 ᾅδοντες,
2655 3840 2900 3912 καὶπρὸς
2918 3842 3143 3904 ἑαυτοὺς
3174 3842 3301 3904 τοὺς
3325 3844 3613 3911 ὁμογενεῖς
3640 3845 3733 3895 ἐκ·

2146 3931 2485 4002 καλούμενοι,
2504 3933 2596 3986 καὶ
2616 3934 2735 3996 ταῖς
2760 3948 2826 3985 πε
2833 3931 3171 4004 ρικειμέναις
3192 3932 3614 4005 περιπείροντες
3635 3934 3735 3989 πά-

2146 4041 2269 4092 γαις
2297 4040 2311 4055 ⁸
2348 4024 2483 4078 ἀλλὰ
2509 4030 2603 4078 καὶ
2626 4024 2901 4096 ἅνθρωποι
2952 4028 3082 4091 τοὺς
3112 4028 3393 4098 ὁμοφυεῖς,
3428 4029 3481 4081 oi
3520 4028 3627 4096 μὲν
3654 4029 3737 4091 είς

2146 4115 2347 4188 λώϐην,
2365 4117 2415 4169 oi
2440 4116 2497 4170 δὲ
2524 4118 2604 4181 είς
2637 4118 2913 4189 σωτηρίαν
2940 4120 3287 4191 ἀγρεύουσιν.
3304 4118 3461 4173 Οὕτω
3480 4136 3735 4189 συναγει-

2152 4206 2368 4276 ρόμενοι
2398 4206 2528 4260 δέκα
2553 4207 2655 4277 μὲν
2680 4209 2891 4279 ταχέως
2916 4210 3184 4279 ὲγὲνοντο,
3206 4206 3326 4264 εἶτα
3341 4209 3621 4264 διπλάσιοι
3642 4211 3739 4264 καὶ

2146 4297 2453 4372 τριπλάσιοι
2478 4294 2599 4352 εἶτα
2626 4298 2717 4353 τὸν
2748 4300 2941 4354 ἑκατὸν
2979 4300 3305 4372 ἐπλήρωσαν
3333 4300 3595 4373 ἀριθμόν.
3624 4302 3738 4356 Καὶ

2146 4388 2434 4452 τοσούτους
2453 4389 2511 4442 δὲ
2544 4390 2871 4462 γενομένους
2915 4393 3091 4445 ἐκεῖνο
3136 4393 3197 4446 τὸ
3232 4392 3429 4465 ἄντρον
3480 4392 3735 4464 ἐδέχετοο

2149 4479 2349 4551 ἔμαθον
2390 4480 2498 4553 γὰρ
2540 4481 2693 4552 παρὰ
2726 4482 2822 4536 τοῦ
2858 4481 3165 4552 πρεσϐύτου
3200 4483 3301 4554 τῆς
3330 4483 3426 4538 τοῦ
3477 4484 3743 4553 σώματος

2151 4576 2473 4648 κατηγορεῖν
2499 4573 2818 4647 θεραπείας.
2854 4576 3161 4630 Ἐσιτοῦντο
3213 4576 3271 4629 δὲ
3317 4577 3412 4630 καὶ
3460 4577 3624 4630 αὐτοὶ
3664 4576 3747 4647 τῷ

2152 4665 2472 4737 παιδοτρίϐῃ
2504 4666 2904 4737 παραπλησίως
2933 4667 3023 4720 τὸν
3072 4667 3401 4738 κεγχρυδίαν
3432 4668 3602 4737 ἄρτον
3628 4671 3753 4731 τοῖς

2153 4755 2342 4809 ἆλασιν
2377 4756 2723 4827 ἡδυνόμενον.
2762 4757 2956 4828 Χρόνῳ
2996 4744 3053 4811 δὲ
3096 4756 3321 4830 ὕστερον
3357 4758 3452 4811 καὶ
3496 4757 3619 4811 τῶν
3644 4760 3751 4812 αὑ-

2150 4845 2365 4916 τοφυῶν
2413 4846 2662 4919 λαχάνων
2704 4849 3077 4919 συλλέγοντες,
3118 4846 3239 4904 εἶτα
3285 4850 3571 4921 κεράμους
3646 4853 3755 4922 ἑμ-

2154 4936 2465 5008 φοροῦντες,
2490 4940 2586 4992 καὶ
2634 4939 2733 5009 τῆς
2777 4940 2959 5013 ἅλμης
3008 4942 3132 4996 ὅσον
3170 4942 3388 5012 ἀπόχρη
3421 4942 3757 5011 μιγνύντες,

2154 5021 2299 5097 εἶχον
2334 5026 2463 5097 ὄψον
2498 5029 2548 5082 οἱ
2595 5028 2893 5102 θεραπείας
2920 5032 3187 5103 δεόμενοι.
3225 5032 3413 5103 Τούτῳ
3436 5032 3494 5087 δὲ
3534 5034 3624 5105 τῷ
3652 5036 3755 5089 λαο

2156 5119 2303 5188 χᾶνῳ
2340 5118 2410 5172 τὰ
2454 5123 2805 5192 νενοτισμένα
2844 5122 2953 5176 τῶν
2997 5124 3316 5195 οἰκημάτων
3342 5124 3589 5194 πολέμια
3616 5128 3755 5180 σεύ-

2159 5209 2306 5281 ρῶτα
2347 5210 2455 5283 γὰρ
2508 5212 2655 5283 αύτῷ
2703 5212 2798 5266 καὶ
2847 5214 3122 5286 σηπεδόνα
3180 5214 3424 5284 πέφυκεν
3454 5217 3745 5285 ἐμποιεῖν.

2156 5300 2360 5354 Τούτου
2413 5302 2705 5376 τοιγαροῦν
2762 5302 2859 5358 τοῦ
2908 5303 3117 5369 πάθους
3162 5304 3291 5376 περὶ
3341 5303 3459 5357 τόδε
3500 5305 3573 5358 τὺ
3613 5306 3755 5374 σου

2155 5393 2523 5463 γεγενημένου
2551 5411 2567 5426 ο
2618 5395 2817 5468 πολλὴν
2864 5397 2972 5470 γὰρ
3033 5396 3372 5470 πανταχόθεν
3430 5396 3492 5450 τὺ
3542 5396 3759 5470 ἄντρον

2156 5486 2594 5562 είσεδέχετο’τὴν
2634 5489 2813 5544 νοτίδα
2843 5505 2857 5521 ⁸
2902 5490 3147 5547 ἱκέτευον
3188 5491 3281 5546 τὸν
3330 5488 3657 5564 πρεσϐύτην
3702 5491 3755 5543 οἱ

2160 5583 2443 5653 θιασῶται,
2495 5587 2735 5643 οίκίσκον
2777 5590 2899 5644 τινα
2934 5588 3143 5662 βραχὺν
3196 5589 3379 5658 σφίσιν
3434 5589 3755 5657 ἐπιτρέψαι

2462 5780 2490 5821 1
2523 5769 2669 5827 Psal.
2706 5788 2815 5838 cur,
2870 5773 2922 5827 5.
3060 5780 3081 5809 ι
3117 5769 3261 5825 Psal.
3306 5782 3508 5829 usu,
3547 5766 3603 5829 «ι,
3658 5763 3755 5817 ll.
