3974 6212
279 401 414 465 1309

1498 403 1902 466 RELIGIOSA
1937 403 2320 464 HISTORIA.

3378 391 3532 458 1310'

274 515 588 586 ἑείμασθαι,
654 517 766 580 τοῖς
819 516 973 570 τοῦδε
1031 496 1133 572 τοῦ
1174 520 1306 590 ὄψου
1379 521 1705 592 ἀποχρῶντα
1749 507 1847 588 ἀγα
1876 551 1888 582 Α

1992 535 2060 574 οη
2091 517 2365 589 acquievit
2416 511 2710 584 petitioni:
2767 508 2986 564 tandem
3046 520 3176 562 vero
3220 520 3522 575 persuasus

275 607 468 676 τείοις.
510 608 567 661 '0
596 607 652 660 δὲ
703 609 772 663 τὰ
816 608 915 679 μὲν
964 612 1154 682 πρῶτα
1192 612 1292 683 τὴν
1341 613 1553 684 αἴτησιν
1593 613 1691 665 οὐκ
1733 611 1847 664 ἐδέ-

275 711 404 766 χετο
435 711 448 725 ⁸
473 695 568 764 ὀψὲ
601 697 658 749 δέ
687 715 816 750 ποτε
849 700 1089 763 πεισθείς
1115 717 1128 730 ο
1171 701 1419 772 ἐδιδάχθη
1473 702 1580 770 γὰρ
1611 701 1717 754 ὑπὸ
1753 699 1846 753 τοῦ

285 787 520 857 μεγάλου
549 789 781 850 Παύλου,
811 790 884 861 μὴ
910 795 976 844 τὰ
1002 793 1194 845 ἐαυτοῦ
1230 793 1432 863 ζητεῖν,
1467 793 1600 846 ἀλλὰ
1628 797 1738 856 τοῖς
1764 810 1852 845 τα-

287 879 492 940 πεινοῖς
541 882 984 948 συναπάγεσθαισ
1023 882 1190 934 ἐδίδου
1230 883 1328 951 μὲν
1375 883 1466 936 τοῦ
1493 885 1736 936 οἰκίσκου
1783 883 1850 935 τὰ

292 969 462 1041 μέτρα
497 969 702 1040 βραχέα
727 972 847 1024 τινα
884 973 978 1026 καὶ
1010 974 1235 1046 σμικρὰ,
1267 975 1505 1045 ἀπῄειδέ
1536 975 1727 1046 πόρρω
1757 973 1851 1026 τοῦ

289 1059 508 1128 ἄντρου,
550 1061 646 1122 τὰς
699 1061 934 1132 συνήθας
979 1062 1057 1132 τῷ
1084 1063 1201 1131 Θεῴ
1244 1064 1546 1134 προσοίσων
1599 1062 1854 1124 ίκετείας.

291 1147 486 1201 Εἰώθει
515 1149 623 1220 γὰρ
652 1153 987 1220 πεντήκοντα
1019 1151 1118 1218 μὲν
1151 1151 1410 1216 πολλάκις
1446 1153 1711 1216 σταδίους,
1742 1153 1856 1204 ἐστι

292 1239 337 1292 δ’
367 1240 455 1292 ὅτε
487 1243 580 1292 καὶ
623 1240 703 1304 δὶς
751 1241 1039 1307 τοσούτους
1073 1243 1214 1296 κατὰ
1244 1245 1342 1314 τὴν
1369 1243 1572 1315 ἔρημον
1605 1243 1858 1314 βαδίζων,

295 1330 388 1381 καὶ
440 1330 619 1400 πάσης
649 1333 841 1384 ἐαυτὸν
879 1333 1229 1403 ἀνθρωπίνης
1279 1336 1564 1399 συνουσίας
1613 1335 1860 1406 χωρίζων

298 1420 392 1472 καί¹
423 1422 503 1484 εἰς
534 1423 723 1474 ἑαυτὸν
761 1422 948 1489 νεύων,
989 1424 1114 1476 καθ’
1158 1425 1346 1478 ἐαυτὸν
1375 1425 1582 1496 ὁμιλεῖν
1615 1427 1693 1496 τῷ
1722 1427 1860 1497 Θεῷ,

300 1509 391 1558 καὶ
445 1509 506 1559 τὸ
557 1508 698 1561 θεῖον
748 1512 924 1562 ἐκεῖνο
969 1512 1064 1564 καὶ
1118 1513 1353 1584 ἄρρητον
1401 1512 1865 1584 κατοπτρίζεσθαι

301 1597 516 1660 κάλλος.
551 1600 766 1668 Ταύτης
796 1601 1197 1672 λαϐόμενοιτῆς
1228 1604 1423 1673 σχολῆς
1455 1605 1503 1656 οἱ
1533 1605 1632 1674 τῆς
1658 1605 1866 1658 ἐκείνου

305 1688 626 1757 κηδεμονίας
681 1691 993 1760 ἠξιωμένοι,
1051 1697 1120 1764 τῇ
1172 1695 1272 1764 μὲν
1324 1696 1480 1766 χρεία
1529 1695 1866 1766 σύμμετρον,

311 1779 529 1847 μείζονα
569 1781 625 1832 δὲ
670 1781 1112 1854 ἢὲπετάχθησαν
1155 1786 1246 1837 τὸν
1280 1786 1520 1839 οἰκίσκον
1564 1787 1868 1857 ὲδείμαντο.

1955 612 2029 681 (a
2071 624 2267 679 magno
2299 607 2444 662 enim
2477 604 2646 658 Paulo
2675 600 2940 657 didicerat
2974 613 3084 653 non
3117 613 3212 652 sua
3255 612 3520 667 quaerere,

1955 699 2050 754 sed
2081 697 2494 752 accommodare
2539 708 2598 748 se
2630 691 2929 745 humilibus
2961 688 3028 758 ν),
3061 687 3269 742 cellula:
3304 686 3524 740 brevem

1955 799 2010 846 et
2044 790 2297 860 exiguam
2340 799 2654 840 mensuram
2685 781 2874 846 dedit,
2913 779 3218 848 proculque
3258 778 3326 832 ab
3370 785 3532 829 antro

1957 882 2248 944 discessit,
2295 879 2486 934 solitas
2547 875 2657 928 Deo
2715 888 2904 943 preces
2957 871 3262 924 oblaturus.
3321 868 3534 922 Solitus

1959 973 2102 1026 enim
2119 979 2256 1035 erat,
2309 971 2375 1023 ad
2407 966 2804 1039 quinquaginta
2836 963 3115 1016 interdum
3152 961 3353 1022 stadia,
3392 976 3532 1012 non-

1960 1078 2239 1132 nunquam
2281 1061 2349 1114 ad
2384 1059 2549 1128 duplo
2587 1058 2744 1126 plura
2787 1070 2881 1125 per
2914 1053 3190 1106 desertum
3222 1051 3532 1111 ambulans,

1962 1163 2017 1209 et
2047 1170 2106 1208 se
2123 1154 2191 1207 ab
2225 1153 2374 1207 omni
2399 1151 2633 1204 humana
2649 1143 3046 1202 consuetudine
3066 1156 3350 1210 separaris,
3373 1148 3538 1209 atque

1965 1248 2019 1300 in
2055 1245 2292 1315 seipsum
2328 1243 2569 1305 rediens,
2599 1239 2855 1310 privatim
2895 1236 3104 1292 versari
3137 1250 3261 1288 cum
3291 1233 3424 1298 Deo,
3474 1246 3537 1285 ac

1967 1337 2205 1390 divinam
2243 1335 2396 1388 illam
2435 1343 2491 1388 et
2529 1330 2842 1386 inell'abilen
2887 1324 3352 1398 pulchritudinem
3413 1339 3540 1392 spe-

1969 1427 2164 1481 culari.
2194 1425 2311 1480 Hoc
2335 1426 2506 1479 otium
2535 1423 2678 1477 nacti
2709 1420 2832 1490 ejus
2861 1418 3137 1488 discipuli,
3171 1416 3292 1470 usui
3323 1413 3539 1482 quidem

1970 1528 2025 1574 et
2066 1517 2380 1572 necessitati
2404 1521 2825 1584 congruentem,
2848 1511 2942 1566 sed
2978 1510 3185 1578 majore
3214 1522 3373 1576 quam
3402 1505 3541 1574 jussi

1973 1607 2190 1660 fuerant
2230 1619 2484 1659 mensura
2517 1603 2771 1658 cellulam
2798 1609 3145 1654 exstruxere.
3179 1595 3398 1649 Decimo
3423 1603 3550 1664 post

1974 1697 2064 1751 die
2101 1711 2382 1761 reversus,
2405 1687 2556 1748 velut
2598 1692 2776 1747 Moses
2827 1690 3052 1760 quidam
3081 1727 3096 1752 ,
3144 1687 3212 1742 de
3269 1694 3450 1740 monte
3495 1693 3554 1738 et

1978 1787 2445 1857 contemplatione
2494 1786 2586 1839 illa
2663 1782 2969 1848 ineffabili,
3042 1779 3306 1849 majorem
3385 1792 3546 1847 quam

320 1867 660 1924 Ἐπανελθὼν
703 1872 760 1925 δὲ
792 1875 928 1942 μετᾶ
953 1875 1184 1944 δεκάτην
1216 1877 1447 1946 ἡμέραν,
1480 1873 1570 1930 οἷά
1603 1895 1686 1940 τις
1714 1879 1880 1931 Μωῡ-

1992 1880 2196 1934 volebat
2245 1885 2577 1932 structuram
2631 1874 2829 1928 factam
2889 1871 3238 1940 conspiciens
3276 1887 3288 1921 :
3325 1867 3548 1931 Vereor,

311 1961 410 2027 σῆς
445 1963 552 2014 ἀπὸ
586 1962 678 2016 τοῦ
723 1964 883 2034 ὅρους
919 1967 1010 2018 καὶ
1042 1967 1145 2035 τῆς
1179 1967 1458 2037 ἁφρέιστου
1498 1967 1750 2038 θεωρίας,
1781 1967 1876 2022 καὶ

311 2051 644 2122 θεασάμενος
692 2056 976 2126 μείζοναῆ
1020 2057 1270 2110 ἐϐούλετο
1315 2059 1412 2128 τὴν
1457 2060 1745 2130 οἰκοδομὴν
1782 2078 1878 2128 γε-

310 2143 614 2212 γενημένην
643 2161 656 2174 ·
695 2163 711 2195 ι
749 2146 994 2211 Δέδοικα,
1038 2146 1163 2215 ἔφη,
1213 2141 1258 2198 ὦ
1289 2147 1506 2216 ἄνδρες..
1551 2148 1625 2218 μὴ
1671 2151 1740 2200 τα
1789 2150 1882 2202 ἐπὶ

310 2232 415 2302 γῆς
455 2235 768 2303 εύρύνοντες
815 2237 1134 2306 καταγώγια
1188 2239 1574 2310 σμικρύνωμεν
1615 2240 1682 2293 τὰ
1717 2240 1883 2310 ούρά-

313 2341 401 2378 νια
425 2342 440 2357 σ
463 2327 636 2380 καίτοι
660 2328 830 2380 ταῦτα
857 2329 957 2398 μέν
986 2331 1103 2382 ἐστι
1126 2329 1459 2399 πρόσκαιρα,
1490 2331 1583 2382 καὶ
1614 2331 1748 2401 πρὸς
1773 2332 1883 2384 ὀλί-

313 2429 409 2479 γον
453 2415 584 2483 ἡμῖν
632 2416 913 2486 ἐπιτήδεια
941 2433 954 2446 ⁸
991 2421 1174 2471 ἐκεῖνα
1226 2418 1282 2470 δὲ
1325 2417 1540 2481 αἰώνια,
1579 2421 1674 2472 καὶ
1711 2420 1886 2491 πέρας

313 2501 498 2554 λαϐεῖν
527 2504 587 2555 ού
625 2503 918 2574 δυνάμενα.
959 2525 978 2558 ι
1015 2507 1125 2558 Καὶ
1153 2505 1323 2558 ταῦτα
1355 2507 1453 2574 μὲν
1492 2505 1666 2573 ἔλεγε,
1701 2507 1768 2560 τὰ
1795 2525 1888 2560 τε-

313 2591 551 2662 λεώτερα
597 2594 688 2646 τὸν
733 2595 891 2665 χορὸν
931 2595 1286 2649 ἐκπαιδεύων.
1331 2596 1605 2666 Ἦνείχετο
1636 2596 1692 2649 δὲ
1716 2598 1886 2668 ὅμως,

313 2683 414 2752 τῆς
456 2685 820 2756 ἀποστολικῆς
862 2685 1175 2750 ἐπακούσας
1223 2686 1406 2755 φωνῆς
1430 2703 1445 2719 ο
1485 2706 1503 2738 ι
1537 2688 1611 2739 Οῦ
1645 2686 1794 2757 ζητῶ
1828 2689 1891 2741 τδ

316 2778 549 2846 ἐμαυτοῦ
588 2777 886 2848 συμφέρον,
927 2777 1064 2833 ἀλλὰ
1098 2776 1159 2832 τὸ
1198 2776 1305 2831 τῶν
1343 2777 1573 2843 πολλῶν,
1599 2777 1686 2831 ἵνα
1707 2778 1892 2832 σωθῶ-

320 2885 423 2922 σιν.
456 2887 473 2918 ι
523 2869 899 2934 Ἐξεπαίδευσε
941 2871 997 2924 δὲ
1045 2871 1349 2935 κάκείνους,
1387 2872 1533 2924 ἔνδον
1578 2872 1675 2941 μὲν
1707 2871 1890 2943 κοινὴν

318 2959 396 3026 τῷ
441 2959 557 3027 Θεῷ
586 2962 684 3031 τὴν
732 2963 1007 3032 ὑμνῳδίαν
1051 2963 1404 3032 προσφέρειν,
1443 2964 1580 3032 μετὰ
1611 2963 1668 3017 δὲ
1695 2964 1792 3034 τὴν
1817 2964 1893 3018 ἓω

319 3049 424 3102 ἀνὰ
465 3049 557 3101 δύο
600 3049 737 3102 κατὰ
777 3050 875 3119 τὴν
905 3049 1110 3122 ἔρημον
1151 3049 1372 3116 ἐξιέναι,
1425 3053 1521 3104 καὶ
1553 3052 1645 3104 τὸν
1692 3053 1790 3122 μὲν
1824 3055 1894 3107 τὰ

321 3139 522 3208 γόνατα
546 3141 1012 3209 κατακάμπτοντα
1039 3142 1138 3211 τὴν
1165 3141 1520 3213 ὀφειλομένην
1548 3143 1626 3213 τῷ
1650 3145 1892 3218 Δεσπότῃ

321 3235 649 3304 προσφέρειν
698 3233 1092 3305 προσκύνησιν,
1128 3235 1218 3289 τὸν
1255 3236 1312 3288 δὲ
1336 3235 1482 3306 ᾄδειν
1529 3236 1736 3290 ἑστῶτα
1761 3237 1894 3308 ψαλ-

325 3328 459 3395 μοὺς
496 3327 816 3388 Δαυῖτικοῦς
864 3326 1273 3391 πεντεκαίδεκα,
1312 3323 1430 3380 εἶτα
1457 3328 1800 3382 ἐναλλάττειν
1833 3329 1894 3382 τὸ

323 3416 504 3485 ἔργον,
551 3415 644 3466 καὶ
688 3415 780 3466 τὸν
831 3415 928 3484 μὲν
976 3416 1336 3484 ἀνιστάμενον
1383 3415 1550 3486 ᾄδειν,
1595 3415 1685 3468 τὸν
1724 3416 1780 3468 δὲ
1813 3419 1896 3478 εἰς

322 3504 425 3574 γῆν
467 3503 884 3557 κατακύπτοντα
919 3509 1243 3576 προσκυνεῖν
1279 3521 1292 3534 ·
1323 3507 1417 3559 καὶ
1462 3507 1619 3560 τοῦτο
1655 3506 1712 3572 ἐξ
1743 3507 1898 3561 ἑωθι-

324 3595 415 3648 νοῦ
445 3594 604 3664 μέχρι
641 3595 818 3664 δείλης
862 3596 1019 3664 ὀψίας
1056 3595 1325 3648 διετέλουν
1368 3597 1664 3660 ποιοῦντες.
1699 3599 1811 3668 Πρὸ
1837 3598 1895 3650 δέ

325 3686 474 3754 ἡλίου
509 3686 728 3756 δυσμῶν
772 3687 944 3756 βραχύ
971 3703 1024 3738 τι
1066 3686 1544 3758 διαναπαυόμενοι,
1592 3691 1672 3750 εἰς
1716 3689 1777 3741 τὸ
1805 3689 1899 3742 ἄν·

323 3798 448 3851 τρον
501 3773 643 3834 οὗτοι
694 3780 792 3851 μὲν
829 3779 1000 3843 ἐνθεν,
1046 3771 1192 3834 οὗτοι
1235 3780 1292 3834 δὲ
1332 3780 1560 3846 ἐκεῖθεν,
1598 3781 1799 3845 πάντες
1844 3783 1902 3836 δέ

325 3871 466 3924 κατὰ
496 3874 687 3925 ταυτὸν
712 3872 787 3942 τῷ
820 3875 1068 3944 Δεσπότῃ
1106 3873 1462 3944 προσέφερον.

396 3967 592 4018 Εἰώθει
627 3969 684 4020 δέ
744 3969 837 4020 καὶ
872 3968 1034 4030 αὐτὸς
1085 3970 1114 4020 ὁ
1157 3967 1470 4038 πρεσϐύτης
1517 3967 1612 4019 ἕνα
1643 3967 1763 4019 τινα
1794 3967 1906 4020 τῶν

327 4058 743 4126 ὲπισημοτέρων
779 4060 1032 4111 κοινωνὸν
1083 4059 1179 4127 τῆς
1209 4058 1557 4126 λειτουργίας
1587 4058 1906 4127 λαμϐάνειν,

330 4147 528 4199 Εἵπετο
554 4147 610 4198 δὲ
641 4147 788 4216 αύτῷ
836 4149 1154 4217 συχνὸτερον
1181 4148 1321 4217 ἀνήρ
1355 4165 1457 4210 τις,
1517 4148 1577 4200 τὸ
1627 4149 1726 4219 μὲν
1757 4150 1910 4217 γένος

331 4240 566 4309 Πέρσης,
601 4237 660 4290 τὸ
705 4238 760 4290 δὲ
792 4233 928 4300 εἶδος
967 4237 1139 4307 μέγας
1185 4239 1277 4290 καὶ
1321 4237 1667 4306 ἀξιάγαστος,
1701 4241 1910 4311 θαυμα-

333 4331 596 4402 σιωτέραν
629 4329 683 4382 δέ
716 4328 809 4382 τοῦ
850 4329 1022 4392 εἴδους
1051 4332 1148 4399 τὴν
1178 4328 1355 4400 ψυχὴν
1400 4333 1759 4402 κεκτημένος,
1809 4334 1908 4386 Ἰά-

333 4423 506 4483 κωϐος
533 4422 702 4490 ὄνομα
735 4420 972 4491 αὑτῷ,ὃς
1009 4422 1102 4474 καὶ
1131 4422 1269 4491 μετὰ
1299 4423 1398 4490 τὴν
1424 4423 1629 4475 ἐκείνου
1654 4424 1908 4494 τελευτὴν

1981 1973 2179 2040 inquit.
2204 1986 2236 2022 ο
2254 1969 2375 2032 viri,
2402 1985 2490 2030 ne,
2512 1969 2638 2021 dum
2656 1978 2869 2024 terrena
2893 1964 3188 2018 dilatamus
3214 1960 3548 2016 habitacula.

1980 2063 2290 2115 minuamus
2330 2060 2596 2121 coelestia,
2627 2069 2682 2111 et
2731 2065 2918 2110 tamen
2981 2053 3307 2124 temporaria
3340 2049 3554 2119 1123

1983 2159 2113 2206 sunt
2161 2151 2288 2216 ista,
2322 2165 2424 2204 nec
2465 2149 2558 2203 diu
2594 2149 2748 2203 nobis
2794 2149 2917 2202 usui
2959 2147 3180 2200 futura:
3242 2145 3332 2198 illa
3377 2155 3554 2196 autem

1983 2248 2208 2302 aeterna,
2273 2240 2594 2308 nullumque
2655 2238 2812 2291 linem
2875 2236 3146 2289 habitura.
3211 2234 3386 2302 Atque
3444 2232 3558 2285 lucc

1986 2331 2207 2401 quidem
2255 2329 2415 2393 dixit,
2449 2329 2560 2382 'ad
2619 2327 2945 2397 perfectiora
2999 2325 3226 2379 chorum
3277 2323 3558 2388 erudiens,

1986 2421 2241 2476 tolerarit
2296 2428 2522 2484 tamen,
2571 2432 2759 2470 vocem
2816 2417 3118 2472 exaudiens
3171 2415 3556 2485 apostolicam,

1993 2531 2012 2565 ι
2053 2512 2171 2566 Non
2207 2527 2390 2582 quer
2419 2509 2562 2581 quod
2598 2509 2728 2562 mihi
2764 2509 2893 2562 utile
2919 2517 3022 2573 est,
3059 2507 3153 2563 sed
3176 2505 3319 2576 quod
3349 2505 3558 2565 multis.

1989 2617 2049 2659 ut
2077 2605 2208 2660 salvi
2237 2589 2394 2657 iiant.
2440 2622 2458 2655 ι
2495 2601 2732 2656 Docebat
2763 2610 2945 2656 autem
2973 2601 3118 2665 illos,
3157 2600 3307 2654 intus
3341 2597 3568 2668 quidem-

1991 2708 2334 2749 communem
2370 2692 2477 2747 Deo
2511 2689 2863 2766 hymnodiam
2889 2690 3088 2745 olTerre
3119 2708 3132 2744 :
3160 2696 3280 2758 post
3307 2702 3572 2741 auroram
3623 2706 3627 2710 ·

1991 2801 2121 2843 vero
2164 2785 2324 2841 binos
2363 2786 2515 2840 exire
2559 2787 2612 2840 in
2645 2780 3028 2847 solitudinem,
3057 2790 3110 2837 et
3139 2796 3307 2835 unmn
3338 2775 3560 2850 quidem

1992 2891 2168 2947 genua
2185 2874 2490 2929 flectentem
2526 2875 2765 2928 debitam
2809 2873 3036 2927 Domino
3067 2871 3324 2926 exhibere
3360 2869 3564 2928 adora.

1995 2967 2470 3029 tionem,alterum
2505 2980 2634 3019 vero
2680 2972 2916 3020 stantem
2966 2965 3204 3034 psalmos
3249 2962 3568 3033 quindecim

1997 3071 2190 3112 canere
2213 3055 2527 3112 Davidicos:
2553 3063 2669 3110 tum
2693 3055 2911 3120 deinde,
2941 3056 3127 3125 operis
3151 3053 3293 3109 facta
3315 3068 3566 3107 comnm-

1999 3147 2226 3210 tatione,
2266 3148 2416 3200 illum
2444 3156 2760 3218 surgentem
2799 3163 3020 3213 canere,
3054 3149 3200 3202 hunc
3238 3161 3370 3200 vero
3412 3145 3562 3198 humi

1996 3239 2443 3309 procumbentem
2465 3239 2713 3295 adorare.
2761 3240 2937 3308 Atque
2964 3241 3068 3293 huc
3100 3239 3180 3293 illi
3234 3237 3568 3305 crepusculo

1999 3330 2268 3383 matutino
2303 3331 2509 3394 exorsi,
2566 3330 2632 3384 ad
2684 3331 3062 3400 vespertinum
3115 3346 3288 3398 usque
3347 3328 3572 3383 assidue

1993 3418 2294 3474 faciebant.
2334 3420 2474 3476 Ante
2517 3437 2774 3475 occasum
2803 3437 2931 3476 vero
2971 3422 3103 3477 solis
3129 3421 3409 3490 paululum
3436 3418 3565 3489 qui-

1997 3521 2270 3575 escentes,
2314 3513 2440 3566 hinc
2471 3514 2565 3575 illi,
2601 3514 2753 3568 illinc
2803 3515 2919 3577 alii,
2971 3529 3160 3568 omnes
3214 3511 3455 3580 undique
3515 3510 3570 3562 in

1997 3613 2211 3656 antrum
2244 3606 2672 3670 conveniebant,
2703 3614 2756 3660 et
2783 3606 3014 3675 hymnos
3066 3603 3412 3674 vcspertinos
3473 3599 3575 3654 Do-

2004 3694 2154 3750 mino
2175 3697 2338 3750 simul
2371 3697 2688 3751 offerebant.

1941 3791 2280 3860 πανταχόθεν
2341 3790 2628 3861 συνῄεσαν,
2683 3788 2776 3842 καὶ
2807 3789 2907 3858 τὴν
2977 3786 3266 3859 ἐσπερινὴν
3305 3784 3576 3857 ὑμνῳδίαν

2081 3967 2503 4032 Sulcbat_a_ntcm
2542 3969 2657 4036 ipse
2690 3982 2908 4038 quoque
2946 3981 3111 4022 senex
3143 3982 3314 4021 unum
3339 3967 3575 4034 aliquem

2007 4075 2071 4114 ex
2097 4061 2492 4128 insignioribus
2515 4059 2674 4112 officii
2702 4061 2913 4113 socium
2937 4073 3240 4112 assumere.
3289 4055 3565 4124 Sequeba-

2009 4159 2208 4219 turque
2241 4151 2389 4202 illum
2419 4149 2762 4218 frequentius
2790 4150 2872 4201 vir
2895 4148 3140 4216 quidam,
3162 4145 3330 4200 Persa
3357 4161 3576 4215 genere,

2010 4241 2182 4294 forma
2213 4239 2433 4310 quidem
2470 4254 2701 4308 magnus
2731 4247 2782 4292 ct
2815 4237 3197 4302 admirandus,
3251 4235 3348 4290 sed
3403 4236 3578 4290 admi-

2013 4331 2270 4384 rabiliore
2299 4330 2480 4382 anima
2515 4329 2776 4398 praeditus
2808 4343 2972 4397 quant
3027 4327 3223 4389 forma,
3258 4328 3345 4381 cui
3383 4342 3580 4382 nomen

2012 4421 2273 4476 Jacubus.
2307 4420 2410 4486 Qui
2452 4420 2616 4474 etiam
2673 4431 2795 4488 post
2847 4419 2994 4473 illius
3031 4430 3256 4473 mortem
3317 4420 3370 4472 in
3433 4421 3581 4472 omni

330 4517 388 4566 ἐν
422 4515 570 4586 πασῃ
608 4515 704 4585 μὲν
733 4513 1026 4583 διέλαμψεν
1059 4515 1248 4584 ἀρετῇ,
1283 4514 1550 4584 ἐπίσημος
1580 4515 1636 4568 δὲ
1667 4517 1759 4568 καὶ
1809 4533 1877 4568 πε

2015 4512 2213 4567 virtute
2235 4511 2577 4580 respleuduit
2603 4527 2616 4563 :
2649 4511 2882 4580 insignis
2914 4518 3094 4562 autem
3125 4517 3176 4563 et
3203 4509 3433 4564 illustris
3458 4509 3580 4571 fuit,

335 4611 618 4682 ρῐελεπτος
643 4607 732 4682 ἦν,
767 4611 827 4662 ού
850 4612 962 4674 τοῖς
991 4609 1179 4663 αὐτόθι
1226 4610 1425 4680 μόνοις,
1459 4608 1594 4661 ἀλλὰ
1647 4609 1742 4660 καὶ
1797 4610 1908 4670 τοῖς

333 4707 390 4758 ἐν
423 4707 488 4775 τῇ
529 4704 835 4774 Συρίαιτῆς
865 4703 1183 4772 φιλοσοφίας
1219 4704 1675 4774 φροντιστηρίοις,
1730 4704 1787 4754 ἐν
1828 4697 1910 4764 οἷς

334 4797 424 4849 καὶ
455 4796 706 4848 ἐτελεύτα
739 4794 962 4864 βιώσας,
1002 4797 1074 4858 ὼς
1108 4795 1348 4864 λέγεται,
1377 4798 1610 4866 τέτταρα
1640 4795 1734 4848 καὶ
1768 4795 1910 4846 ἐκα-

332 4889 420 4939 τίιν
463 4887 580 4957 ἐτη.
630 4883 796 4950 Οὗτος
847 4888 923 4957 τῷ
961 4887 1182 4958 μεγάλῳ
1214 4887 1492 4959 πρεσϐύτῃ
1526 4888 1626 4958 τῆς
1679 4887 1769 4940 ἐπὶ
1811 4885 1910 4954 τὴν

334 4980 536 5049 ἔρημον
593 4981 928 5049 κοινωνήσας
974 4979 1114 5043 ὀδοῦ,
1148 4979 1430 5051 πόρρωθεν
1459 4979 1662 5032 εἵπετο.
1693 4979 1766 5031 Οὐ
1801 4981 1911 5048 γὰρ

334 5072 418 5124 εἶα
465 5069 721 5134 πελάζειν
755 5073 782 5121 ὁ
813 5072 1153 5138 διδάσκαλος,
1191 5072 1278 5124 ἵνα
1308 5072 1380 5142 μὴ
1418 5071 1688 5142 πρόφασιν
1727 5071 1910 5133 αὐτοῖς

332 5162 490 5241 τοῦτο
534 5161 822 5226 διαλέξεως
873 5163 1116 5234 γένηται,
1151 5167 1184 5235 ἡ
1240 5164 1295 5216 δὲ
1336 5163 1568 5227 διάλεξις
1614 5162 1790 5234 κλέψῃ
1819 5163 1910 5214 τὸν

334 5255 457 5306 νοῦν
480 5255 577 5321 τῆς
611 5252 737 5321 περὶ⁸
765 5255 857 5304 τοῦ
888 5254 1020 5308 Θεοῦ
1045 5255 1364 5323 φαντασίας.
1397 5254 1689 5323 Ἐπόμενος
1721 5254 1777 5306 δὲ
1810 5253 1914 5324 ὁρᾷ

335 5345 475 5397 κατὰ
504 5344 602 5415 τὴν
645 5344 761 5396 ὁδὸν
803 5343 1070 5414 δρακοντὰ
1100 5364 1222 5399 τινα
1255 5346 1586 5417 παμμεγέθη
1639 5344 1908 5415 κείμενον.

339 5434 471 5492 Εἶτα
503 5438 835 5508 θεασάμενος
869 5441 1136 5510 προϐῆναι
1188 5445 1282 5510 μὲν
1322 5442 1422 5494 οὐκ
1467 5440 1790 5512 ἐθάρρησεν,
1822 5440 1913 5490 ἐκ·

336 5530 513 5589 κλῖναι
537 5531 591 5583 δὲ
625 5530 883 5592 πολλάκις
919 5532 1023 5584 ύπδ
1073 5535 1164 5584 τοῦ
1213 5533 1362 5596 δέους
1385 5532 1636 5603 θελήσας,
1670 5529 1912 5602 ἀνερρώ-

337 5621 439 5693 σθη
473 5623 633 5675 πάλιν
661 5623 750 5676 τὸν
773 5623 1052 5694 λογισμόν.
1089 5626 1317 5678 Ἔπειτα
1345 5625 1542 5693 κύψας,
1582 5624 1674 5676 καὶ
1708 5622 1913 5692 ψηφίδα

410 5814 436 5844 ν
478 5804 637 5862 Rom.
670 5807 878 5873 xn,16.
979 5806 1052 5865 xl
1089 5805 1293 5870 Cora,
1327 5806 1412 5858 53.

2013 4620 2123 4657 non
2163 4603 2214 4656 in
2253 4603 2362 4657 illis
2395 4602 2555 4656 modo
2589 4619 2711 4672 qua:
2753 4603 2865 4656 illic
2897 4609 3074 4666 erant,
3103 4600 3196 4656 sed
3228 4603 3281 4654 in
3316 4603 3383 4655 iis
3405 4601 3571 4654 etiam

2016 4710 2136 4764 qum
2155 4695 2204 4746 in
2224 4694 2765 4764 Syria,philosophi:e
2781 4694 3078 4764 gymnasiis
3096 4709 3190 4748 seu
3213 4693 3580 4754 monasteriis.

2019 4785 2071 4838 in
2102 4786 2299 4854 quibus
2317 4786 2482 4839 vitam
2502 4785 2658 4843 finiit.
2678 4801 2802 4839 cum
2830 4785 3056 4840 vixisset
3073 4800 3266 4845 annos,
3291 4794 3345 4837 ut
3367 4785 3568 4843 ferunt.

2017 4885 2234 4932 centum
2263 4885 2318 4931 et
2345 4884 2600 4945 quatuor.
2631 4875 2679 4930 Is
2698 4891 2823 4929 cum
2855 4890 3052 4945 magno
3077 4892 3205 4929 sene
3235 4876 3340 4929 iter
3375 4873 3584 4928 faciens

2017 4983 2115 5038 per
2169 4967 2466 5028 desertum,
2527 4967 2741 5020 eminus
2796 4966 3146 5034 sequebatur.
3208 4963 3327 5018 Non
3375 4964 3586 5018 sinebat

2017 5060 2162 5112 enim
2209 5059 2466 5128 magiSIer
2505 5057 2657 5110 illttm
2725 5057 2952 5126 pr0pius
3005 5055 3290 5117 aCCedcre.
3349 5070 3416 5109 ne
3477 5071 3586 5123 qua

2017 5161 2141 5216 inde
2165 5158 2505 5228 colloquendi
2521 5166 2666 5212 esset
2687 5156 2927 5219 occasio,
2945 5163 2998 5209 et
3025 5154 3241 5226 1124
3253 5155 3586 5223 colloquium

2017 5260 2253 5306 mentem
2282 5265 2310 5302 a
2340 5249 2428 5304 Dei
2461 5249 2923 5318 contemplatione
2940 5248 3299 5302 abstraheret.
3334 5246 3584 5314 Sequens

2017 5346 2202 5415 igitur,
2235 5343 2529 5398 draconem
2564 5341 2859 5394 maximum
2895 5339 3169 5408 conspicit
3204 5339 3256 5392 in
3281 5337 3390 5392 via.
3415 5335 3586 5402 Quem

2014 5437 2285 5505 jacentem
2339 5433 2761 5501 contemplans,
2818 5430 3072 5501 progredi
3147 5445 3255 5483 non
3310 5428 3588 5482 audebat:

2020 5525 2295 5580 declinare
2327 5531 2510 5578 autem
2551 5539 2658 5591 pra:
2706 5530 2851 5578 metu
2919 5537 3045 5576 cum
3102 5521 3284 5584 vellet,
3343 5519 3588 5572 animum

2024 5629 2216 5669 rursus
2274 5613 2638 5667 confirmavit.
2723 5611 2926 5667 Deinde
2993 5611 3240 5681 lapillum
3294 5609 3598 5664 inclinatus
