3974 6212
331 144 466 210 1⁸313

1549 150 1956 214 RELIGIOSA
1992 152 2376 215 HISTORIA.

3495 157 3597 221 315

325 259 445 310 ὁδὸν
470 256 568 326 τὴν
597 256 690 310 ἐπὶ
709 257 771 310 τὸ
789 257 985 327 ἄντρον
1008 258 1280 327 φέρουσαν
1298 257 1616 312 ἐπίστασθαι
1635 260 1885 328 λέγοντος

2011 262 2377 331 consumptis.
2413 260 2786 317 adolescentis
2839 262 3011 316 vicem
3066 263 3370 319 miseratus
3404 265 3486 318 vir
3510 266 3591 319 di-

330 350 466 418 μήτε
510 350 559 402 εἱ
603 347 863 418 γινώσκοι
893 348 1152 402 δύνασθαι
1195 350 1549 413 άναδαδίσαι,
1589 352 1690 421 τῆς
1724 352 1906 423 ίσχύος

326 439 432 492 ὑπὸ
469 438 565 493 τοῦ
592 438 778 510 δίψους
816 439 1239 511 δαπανηθείσης,
1286 442 1560 514 οἰκτείρας
1587 445 1615 497 ὁ
1644 443 1783 507 θεῖος
1808 443 1903 498 ἄν·

328 532 546 603 θρωπος
571 530 667 585 τοῦ
706 533 919 587 νεανίου
957 533 1019 585 τὸ
1071 532 1262 598 πάθος,
1305 535 1396 587 καὶ
1420 537 1485 607 τῇ
1525 534 1618 588 τοῦ
1652 536 1905 606 σώματος

326 623 581 695 ἀσθενείᾳ
616 624 946 696 συγγνώμην
995 625 1317 696 ἀπονείμας.
1381 626 1569 688 κλίνας
1596 628 1665 681 τὰ
1701 628 1905 694 γόνατα

324 717 415 770 τὸν
439 717 717 788 Δεσπότην
743 717 975 781 ἱκέτευε,
1031 717 1261 788 δάκρυσι
1288 718 1344 770 δὲ
1376 717 1599 789 θερμοῖς
1620 718 1680 772 τὸ
1711 719 1905 787 ἔδαφος

326 808 540 879 ἐόρεχε,
576 809 672 862 καὶ
723 809 888 880 πόρον
946 809 1218 880 σωτηρίας
1272 810 1526 881 ἐπεζήτει
1556 809 1632 880 τῷ
1671 810 1795 877 νέῳ.
1846 810 1904 862 Ὀ

325 899 380 953 δὲ
402 899 572 953 ποιῶν
601 900 662 954 τὸ
693 900 905 970 θέλημα
938 900 1046 953 τῶν
1079 900 1428 970 φοϐουμένων
1481 900 1663 964 αὑτὸν,
1688 899 1903 969 καὶτῆς

324 992 562 1062 δεήσεως
580 992 764 1047 αὐτῶν
808 992 1131 1058 είσακούων,
1161 993 1260 1064 τὴν
1285 992 1393 1046 τῶν
1429 993 1682 1063 δακρύων
1713 992 1903 1045 λιϐάδα

323 1085 421 1154 τῆς
451 1086 653 1147 κόνεως
710 1083 995 1155 ἁψαμένην
1049 1084 1231 1155 πηγὴν
1272 1084 1480 1137 ὑδάτων
1521 1084 1904 1155 ὰπέφηνε,καὶ

324 1172 467 1227 οὕτω
495 1173 589 1227 τοῦ
621 1176 863 1245 νάματος
886 1175 1268 1246 ἐμφορηθέντα
1298 1176 1391 1229 τὸν
1414 1176 1533 1230 νέον
1555 1177 1718 1241 εὐθὺς
1741 1179 1901 1232 άπιέο

323 1280 413 1316 ναι
447 1263 799 1337 προσέταξεν.
850 1265 914 1317 Ἦ
933 1263 987 1316 δὲ
1018 1267 1169 1335 πηγὴ
1199 1265 1435 1336 διέμεινε
1464 1266 1625 1337 μέχρι
1657 1267 1750 1320 καὶ
1784 1268 1898 1335 νῦν,

324 1355 677 1425 τῇΜωσαῖκῇ
702 1343 797 1409 τοῦ
826 1355 1114 1409 θεσπεσίου
1142 1356 1398 1427 γέροντος
1437 1361 1720 1430 προσευχῇ
1762 1377 1902 1432 μαρ-

322 1442 582 1513 τυροῦσα.
609 1444 878 1515 Καθάπερ
905 1445 1013 1517 γὰρ
1047 1448 1256 1510 ἐκεῖνος
1282 1447 1448 1502 πάλαι
1478 1450 1691 1520 ποτὲτῇ
1719 1451 1902 1524 ράδδῳ

322 1535 419 1607 τὴν
442 1536 647 1609 πέτραν
690 1537 905 1610 ἐκείνην
956 1539 1054 1609 τὴν
1078 1540 1274 1608 άγονον
1325 1539 1556 1610 πλήξας,
1598 1542 1900 1597 κατέκλυσε

323 1627 666 1696 ποταμιαίων
695 1628 905 1683 ὑδάτων
946 1633 1151 1698 γοναῖς,
1184 1630 1272 1684 ἵνα
1316 1632 1416 1696 τὰς
1453 1632 1656 1696 πολλὰς
1684 1635 1900 1699 ὲκείνας

322 1717 565 1787 χιλιάδας
596 1718 836 1790 διψώσας
883 1721 1162 1793 κορέσειεν
1189 1741 1202 1754 ο
1253 1722 1426 1788 οὕτως
1464 1719 1620 1789 οὗτος
1666 1727 1695 1779 ὁ
1735 1718 1897 1793 θεῖος,

319 1806 418 1879 τὴν
468 1807 774 1881 ξηροτάτην
836 1812 1053 1884 ἐκείνην
1103 1812 1330 1885 ψάμμον
1372 1815 1749 1886 καταρδεύσας
1785 1819 1899 1881 τοῖς

318 1898 575 1969 δάκρυσι,
621 1902 876 1972 πηγαίων
927 1904 1183 1974 ναμάτων
1233 1905 1451 1959 εἵλκυσε
1498 1907 1764 1979 ῥεύματα,
1798 1909 1898 1980 οὐχ

318 1990 405 2045 ῖνα
438 1993 651 2046 πολλῶν
700 1995 993 2066 μυριάδων,
1015 1997 1130 2050 ἀλλ’
1156 1997 1240 2051 ἵνα
1274 1997 1390 2061 ἐνὸς
1416 1998 1703 2070 μειρακίου
1731 1999 1895 2071 θερα-

315 2083 494 2162 πεύσῃ
523 2083 582 2138 τὸ
610 2085 780 2155 δίψος.
821 2086 959 2141 Ὑπὸ
1003 2087 1060 2141 δὲ
1085 2075 1252 2153 ’θείας
1292 2089 1516 2160 χάριτος
1565 2089 1662 2161 τὴν
1716 2091 1896 2162 ψυχὴν

316 2159 705 2246 φωτὶζὸμενος,
758 2178 857 2248 τὴν
922 2178 1185 2248 ἐσομένην
1252 2178 1330 2249 τῷ
1372 2159 1507 2250 νέῳ
1581 2159 1894 2252 τελειότητα

316 2264 569 2337 προεώρα
629 2267 772 2338 μάλα
823 2269 1032 2336 σαφῶς.
1080 2263 1249 2334 Οὗτος
1298 2272 1407 2340 γὰρ
1435 2273 1649 2341 χρόνοις
1679 2273 1893 2336 πολλοῖς

315 2354 540 2427 ὕστερον
569 2359 674 2412 ὑπὸ
707 2360 808 2428 τῆς
860 2360 1011 2424 θείας
1044 2362 1267 2430 χάριτος
1313 2361 1695 2431 προσκληθεὶς,
1718 2362 1794 2426 ὡς
1826 2364 1893 2417 ἂν

315 2448 408 2500 καὶ
437 2447 658 2519 ἐτέρους
706 2449 934 2512 πολλοὺς
967 2451 1046 2513 είς
1081 2451 1181 2521 τὴν
1221 2450 1389 2522 αὐτὴν
1427 2452 1890 2524 παιδοτριϐἡσειεν

311 2538 532 2611 ἀρετὴν,
558 2541 617 2592 ἐν
638 2542 750 2603 τοῖς
778 2542 906 2609 περὶ
937 2541 1037 2611 τὴν
1066 2542 1323 2611 Γίνδαρον
1362 2543 1603 2612 χωρίοις,
1638 2543 1797 2616 κώμη
1831 2545 1887 2599 δὲ

309 2628 449 2700 α’ύτη
484 2631 712 2701 μεγίστη
743 2630 917 2685 τελεῖν
951 2631 1055 2685 ὑπὸ
1076 2631 1173 2703 τὴν
1200 2633 1532 2703 Ἀντιόχειαν
1558 2636 1885 2708 τεταγμένη,

306 2717 407 2790 τὴν
437 2721 743 2791 ἀσκητικὴν
793 2721 1136 2792 παλαίστραν
1197 2723 1458 2792 ἐπήξατο.
1512 2725 1620 2777 Καὶ
1658 2725 1887 2790 πολλοὺς

312 2810 411 2879 μὲν
454 2812 547 2863 καὶ
599 2810 790 2875 ἄλλους
826 2812 1144 2881 φιλοσοφίας
1205 2813 1341 2882 πρὸς
1391 2808 1880 2870 ἐαυτδνέἴλκυσεν

308 2899 570 2970 ἀθλητὰς,
596 2902 810 2954 εἵλκυσε
858 2902 915 2955 δὲ
971 2903 1067 2955 καὶ
1116 2904 1208 2956 τὸν
1244 2904 1416 2972 μέγαν
1471 2906 1746 2972 ’Λκάκιον,
1793 2909 1885 2963 τὸν

309 2986 452 3039 πάνυ
478 2985 644 3055 λέγω,
679 2986 770 3039 τὸν
815 2988 1250 3058 πολυθρύλλητον
1273 3008 1287 3021 ⁸
1319 2992 1378 3056 ὃς
1411 2993 1670 3065 διέπρεψε
1704 2996 1800 3067 μὲν
1831 3000 1889 3051 ἐν

312 3078 574 3147 μοναχικῇ
636 3076 902 3149 πολιτείᾳ,
960 3079 1222 3151 λαμπρὰς
1270 3080 1326 3134 δὲ
1375 3082 1477 3146 τὰς
1519 3084 1743 3149 ἀκτῖνας
1791 3088 1889 3158 τῆς

307 3158 509 3237 ἀρετ-ἷὶς
534 3167 860 3238 ἐξέπεμψεν,
891 3170 1307 3242 ἀρχιερωσύνης
1334 3173 1619 3241 ἀξιωθεὶς,
1651 3177 1746 3231 καὶ
1790 3179 1888 3250 τὴν

308 3255 533 3326 Βέροιαν
560 3260 869 3330 ποιμαίνειν
901 3260 1102 3331 λαχών.
1149 3262 1325 3316 Ὀκτὼ
1352 3264 1408 3317 δὲ
1432 3266 1527 3319 καὶ
1550 3270 1889 3341 πεντήκοντα

308 3347 403 3420 ἐτη
419 3350 519 3420 τῆς
541 3351 740 3422 ἀγέλης
764 3352 859 3424 τὴν
882 3355 1176 3425 ἠγεμονίαν
1202 3356 1583 3427 ἐγχειρισθεὶς,
1609 3359 1708 3412 ούκ
1739 3362 1887 3416 εἴασε

312 3442 410 3511 μὲν
464 3445 563 3514 τῆς
615 3446 921 3515 ἁσκητικῆς
973 3446 1247 3512 πολιτείας
1296 3449 1359 3502 τὸ
1390 3445 1887 3524 εἶδοςθὰσκητικὴν

306 3533 364 3588 δὲ
388 3534 482 3588 καὶ
512 3535 796 3608 πολιτικὴν
824 3538 1085 3609 ἐκέρασεν
1122 3542 1324 3613 ἀρετήν
1345 3558 1357 3571 ο
1402 3544 1497 3596 καὶ
1531 3543 1628 3614 τῆς
1664 3545 1761 3615 μὲν
1786 3546 1886 3616 τὴν

308 3625 737 3697 ἀκρίϐειανντῆς
779 3629 837 3681 δὲ
886 3628 985 3700 τὴν
1009 3631 1322 3701 οἰκονομίαν
1374 3633 1574 3695 λαϐὼν,
1620 3637 1701 3700 είς
1740 3636 1797 3689 ἓν
1819 3637 1885 3691 τὰ

304 3716 564 3773 διεστῶτα
598 3719 927 3789 συνήγαγεν.
974 3721 1136 3775 Ἀλλὰ
1190 3723 1393 3794 ταύτης
1425 3727 1524 3796 τῆς
1563 3727 1767 3797 ἀρετῆς
1790 3727 1885 3779 καὶ

305 3808 597 3881 θηρευτὴς,
628 3812 723 3864 καὶ
776 3813 1130 3885 παιδοτρίϐης
1171 3815 1447 3886 Ἀστέριος
1500 3818 1709 3881 ἐκεῖνος
1758 3818 1882 3885 ἐγέ-

304 3917 442 3964 νετο,
476 3902 535 3966 δς
563 3902 707 3957 οὕτω
748 3903 949 3975 θερμὸς
997 3905 1093 3959 τοῦ
1153 3906 1392 3977 μεγάλου
1445 3907 1752 3977 πρεσϐύτου
1802 3908 1885 3960 δι·-

309 3990 524 4059 έμεινεν
560 3994 818 4064 ἐραστὴς,
851 3995 927 4058 ὡς
944 3996 1203 4059 πολλάκις
1234 3997 1330 4065 μὲν
1360 3998 1454 4049 καὶ
1482 3996 1563 4059 δὶς
1586 3997 1680 4049 τοῦ
1710 3997 1881 4060 ἔτους,

311 4081 563 4144 πολλάκις
584 4084 641 4135 δὲ
672 4085 811 4154 τρὶς,
846 4086 945 4155 τὴν
981 4087 1119 4156 πρὸς
1168 4086 1331 4139 αὐτὸν
1363 4087 1673 4156 ἀποδημίαν
1704 4089 1882 4140 ποιεῖ-

306 4170 451 4225 σθαι.
493 4174 909 4242 Ἀφικνούμενος
934 4176 992 4228 δὲ
1049 4175 1269 4245 ίσχάδας
1318 4176 1499 4229 εἰώθει
1531 4180 1643 4241 τοῖς
1684 4177 1883 4232 θιασώ-

2014 350 2202 415 vinus,
2236 357 2288 402 et
2320 349 2684 404 imbecillitati
2716 351 2967 420 corporis
3002 351 3318 422 ignescens,
3355 354 3593 425 genibus

2009 439 2167 495 ﬂexis
2228 439 2515 493 Dominum
2556 442 2754 505 orarit,
2815 443 3107 512 solumque
3156 445 3473 500 calentibus
3512 446 3594 498 la-

2006 533 2207 604 crymis
2272 533 2540 603 irrigarit,
2600 534 2741 587 viam
2799 536 2994 591 salutis
3056 537 3350 606 exquirens
3410 537 3595 592 adole-

2007 623 2205 676 scenti.
2239 620 2343 686 Qui
2393 628 2574 675 autem
2613 622 2743 675 facit
2772 624 3109 678 voluntatem
3170 625 3477 680 timentium
3512 628 3593 694 ip-

2007 725 2151 776 sum,
2177 724 2479 779 eorumque
2505 711 2812 764 oralionem
2841 714 3088 776 exaudit,
3123 715 3297 770 stillas
3324 717 3592 785 lacrynta-

2006 816 2126 854 rum
2191 800 2257 854 ad
2340 804 2616 871 pulverem
2689 806 2891 859 ellusas
2942 807 2995 859 in
3067 806 3270 861 fontem
3321 823 3589 878 aquarum

2006 894 2283 947 convertit
2323 913 2335 947 :
2375 902 2428 949 et
2460 895 2544 949 sic
2594 894 2799 951 ﬂuento
2840 899 3108 965 repletum
3155 898 3589 962 adolescentem,

2005 986 2260 1056 protinus
2297 987 2447 1041 abire
2478 988 2681 1057 jussit:
2710 998 3000 1058 manetque
3036 988 3162 1045 fons
3186 991 3239 1043 in
3263 991 3585 1046 hodiernum

2006 1093 2183 1145 usque
2225 1077 2392 1145 diem,
2428 1078 2681 1134 Mosaicae
2713 1080 2883 1133 divini
2916 1081 3066 1134 senis
3097 1082 3369 1134 orationis
3402 1080 3584 1136 ferens

2004 1170 2405 1224 testimonium.
2435 1170 2907 1234 Quemadmodum
2958 1173 3104 1225 enim
3142 1172 3232 1225 ille
3267 1173 3418 1236 olim,
3460 1189 3585 1227 cum

2004 1259 2247 1312 sterilem
2305 1266 2516 1328 petram
2568 1260 2723 1328 virga
2782 1261 3176 1329 percussisset,
3239 1262 3587 1317 exundantes

2005 1364 2178 1419 aquas
2199 1350 2491 1406 ﬂuviatiles
2524 1351 2739 1417 elicuit,
2780 1359 2838 1405 ut
2880 1352 3054 1405 multa
3089 1351 3376 1404 hominum
3414 1354 3585 1407 millia

2004 1439 2096 1492 siti
2151 1439 2403 1493 confecta
2441 1440 2674 1493 satiaret
2706 1459 2719 1492 :
2756 1442 2826 1494 ita
2861 1440 2951 1494 hic
3006 1441 3375 1496 aridissimam
3428 1444 3582 1496 illam

2005 1546 2229 1587 arenam
2264 1533 2505 1603 irrigans
2535 1533 2818 1603 lacrymis,
2853 1533 2981 1587 fecit
3011 1541 3072 1586 ut
3118 1532 3344 1588 fontana
3379 1536 3586 1590 ﬂuenta

1933 1595 1975 1653 Β
2005 1630 2352 1685 emanarent,
2409 1638 2521 1677 non
2580 1634 2639 1678 ut
2683 1624 2981 1677 multarum
3021 1626 3357 1695 myriadum,
3398 1628 3488 1681 sed
3522 1638 3582 1680 ut

2003 1714 2171 1769 unius
2220 1713 2592 1771 adolescentis
2631 1716 2723 1770 siti
2766 1715 3102 1771 mederetur.
3156 1716 3338 1772 Mente
3373 1719 3517 1773 enim
3551 1736 3579 1772 a

1999 1805 2186 1860 divina
2244 1808 2416 1876 gratia
2469 1809 2830 1871 illuminatus,
2902 1808 3145 1863 futuram
3210 1810 3581 1865 adolescentis

2000 1898 2391 1967 perfectionem
2411 1908 2596 1969 aperte
2613 1886 2964 1969 praevidebat.
2994 1898 3093 1954 Hic
3114 1902 3387 1971 siquidem
3416 1903 3581 1972 longo

1998 1994 2124 2056 post
2156 1995 2426 2060 tempore,
2458 1988 2639 2043 divina
2666 1990 2940 2061 impulsus
2966 1993 3162 2062 gratia,
3182 2004 3239 2046 ut
3267 1996 3404 2049 alios
3441 2011 3582 2064 quo-

1997 2096 2105 2150 que
2153 2082 2355 2135 multos
2379 2086 2444 2137 ad
2476 2084 2724 2138 eamdem
2750 2086 3010 2140 virtutem
3033 2100 3331 2155 exerceret,
3360 2089 3415 2144 in
3443 2091 3580 2147 locis

1994 2170 2235 2227 Gindaro
2254 2174 2591 2245 vieinis(qui
2624 2177 2776 2232 vicus
2797 2187 2881 2232 est
2900 2179 3171 2234 maximus
3202 2181 3307 2236 sub
3335 2183 3571 2237 Antioc-

1994 2265 2083 2319 hia
2106 2266 2468 2336 constitutus)
2500 2269 2813 2338 palaestram
2850 2269 2966 2325 ﬂxit
2993 2275 3351 2327 monasticam
3374 2282 3427 2328 et
3450 2290 3574 2329 cum

1992 2358 2129 2410 alios
2154 2357 2358 2411 multos
2383 2360 2449 2411 ad
2490 2375 2550 2412 se
2604 2362 2768 2414 traxit
2797 2361 3028 2415 athletas
3057 2363 3431 2432 philosophia‘,
3463 2373 3579 2419 tum

1978 2463 2244 2517 magnum
2259 2451 2649 2518 quoquetraxit
2670 2453 3574 2523 Acacium,summum,inquam,ii-

1989 2536 2098 2589 lum
2114 2550 2167 2591 et
2183 2536 2321 2591 fama
2348 2539 2847 2611 clarissimum,qui
2865 2543 3036 2596 etvita
3055 2545 3404 2612 monastical
3417 2544 3576 2614 127

1991 2628 2272 2695 excelluit,
2299 2638 2352 2684 et
2372 2632 2687 2699 splendidos
2705 2633 2923 2689 virtutis
2941 2634 3122 2689 radios
3140 2634 3575 2704 emisitpontifei

1987 2728 2231 2785 creatus,
2257 2729 2307 2776 et
2335 2720 2621 2776 Berlzmam
2654 2724 2988 2792 pascendam
3016 2726 3268 2779 sortitus.
3292 2725 3575 2796 Quinqua-

1987 2809 2135 2877 ginta
2155 2819 2331 2865 autem
2357 2819 2411 2865 et
2434 2818 2558 2866 octo
2586 2827 2678 2881 per
2711 2827 2887 2869 annos
2912 2814 3092 2883 gregis
3124 2829 3313 2867 curam
3347 2830 3569 2882 gerens,

1990 2901 2309 2955 monasticae
2335 2902 2459 2956 vitae
2494 2902 2726 2957 fortnam
2772 2920 2880 2958 non
2910 2905 3155 2973 reliquit.
3180 2903 3273 2960 sed
3299 2907 3568 2960 monasti-

1992 3004 2111 3042 cam
2149 2992 2476 3062 civilemque
2508 2995 2762 3048 virtutem
2789 2995 2950 3049 simul
2982 2996 3327 3065 temperavit,
3356 2996 3572 3052 etillins

1989 3081 2205 3149 quidem
2233 3093 2480 3137 exactam
2500 3099 2723 3139 sumens
2741 3084 3166 3154 perfectionem,
3193 3086 3359 3155 hujus
3385 3098 3567 3142 autem

1987 3170 2457 3242 dispensationem
2515 3190 2577 3228 ea
2613 3177 2666 3227 in
2723 3192 2894 3229 unum
2932 3192 3053 3247 qua:
3101 3188 3259 3233 erant
3289 3179 3568 3248 disjuncta

1987 3263 2295 3332 conjunxit.
2334 3262 2602 3318 Caeterum
2654 3266 2818 3337 hujus
2879 3268 3097 3323 virtutis
3148 3277 3202 3323 et
3234 3277 3483 3335 venator,
3512 3276 3570 3325 et

1988 3355 2254 3425 magister
2312 3353 2413 3408 fuit
2472 3356 2742 3422 Asterius,
2780 3358 2875 3426 qui
2934 3359 3114 3427 magni
3174 3360 3322 3415 illius
3356 3362 3559 3416 ‘senis

1988 3454 2144 3501 tanto
2168 3461 2387 3516 semper
2416 3461 2605 3502 amore
2633 3449 2946 3510 tenebatur,
2973 3457 3032 3503 ut
3063 3449 3128 3503 ad
3154 3465 3276 3504 eum
3303 3466 3447 3519 saepe
3474 3451 3561 3504 bis

1986 3536 2041 3591 in
2094 3552 2261 3602 anno,
2293 3552 2437 3608 sape
2470 3546 2555 3592 ter
2600 3538 2762 3592 etiam
2797 3538 3279 3608 proﬁcisceretur.
3319 3538 3564 3593 Veniens

1985 3640 2165 3684 autem
2221 3630 2434 3684 solebat
2468 3629 2682 3686 caricas
2733 3629 2929 3687 aﬂerre
2985 3630 3289 3694 sodalibus,
3323 3632 3427 3684 tria
3473 3631 3559 3684 vel

1983 3730 2222 3791 quatuor
2272 3736 2515 3776 onerans
2560 3721 2807 3791 jumenta
2841 3741 2854 3778 :
2886 3722 3028 3779 duos
3074 3737 3206 3778 vero
3244 3724 3551 3779 medimnus

1983 3813 2098 3867 seni
2133 3819 2248 3866 toto
2278 3828 2423 3868 anno
2472 3812 2803 3871 sutiecturos
2850 3816 3141 3886 colligens,
3177 3815 3230 3870 id
3272 3828 3415 3870 onus
3447 3816 3563 3885 ipse

1956 3905 2229 3959 ‘lmmeris
2276 3907 2394 3959 suis
2443 3907 2777 3975 imponebat,
2830 3906 3144 3976 iumentum
3195 3923 3254 3963 se
3296 3908 3561 3978 magistro

1984 4011 2084 4050 suo
2114 3996 2402 4050 exhibens.
2431 3997 2798 4067 Portabatque
2833 3999 2886 4051 id
2912 4013 3059 4053 onus
3095 4014 3206 4052 non
3239 3997 3432 4052 decem
3464 3998 3551 4051 vel

1981 4087 2172 4157 viginti
2205 4087 2515 4140 stadiorum
2573 4090 2776 4156 spatio,
2818 4090 2916 4143 sed
2950 4098 3068 4143 toto
3099 4098 3309 4157 septem
3346 4089 3558 4143 dierum

1982 4178 2194 4231 itinere.
2230 4177 2400 4243 Quem
2435 4193 2559 4230 eum
2600 4178 2895 4248 aliquando
2935 4178 3245 4233 cariearum
3279 4179 3556 4233 sarcinam

299 4282 419 4328 ταις
440 4263 688 4337 κομίζειν
718 4266 953 4338 τρισὶνῆ
984 4268 1238 4339 τέτταρσι
1268 4270 1528 4335 ἐπιτιθεὶς
1557 4273 1777 4341 κτήνεσι
1803 4271 1873 4325 τά

1989 4268 2229 4324 humeris
2265 4275 2567 4339 gestantem
2617 4284 2782 4323 senex
2834 4268 3086 4328 vidisset,
3123 4282 3266 4338 aegre
3286 4267 3340 4322 id
3373 4266 3556 4322 ferens

300 4356 519 4426 φορτία.
541 4357 645 4409 Δύο
672 4357 728 4409 δὲ
759 4356 1052 4428 μεδίμνους
1098 4358 1391 4427 συλλέγων,
1427 4359 1502 4423 dt;
1543 4360 1629 4414 διὰ
1677 4361 1878 4425 παντὸς

298 4447 390 4500 τοῦ
453 4447 606 4511 ἔτους
661 4446 1014 4518 ἀποχρῶντας
1065 4449 1143 4519 τῷ
1189 4452 1425 4521 γέροντι,
1490 4455 1603 4517 τοῖς
1657 4453 1877 4518 οἰκείοις

304 4542 469 4610 ὤμοις
500 4540 739 4593 ἐπετίθει
780 4541 841 4593 τὸ
867 4541 1110 4595 τοιοῦτον
1156 4542 1395 4612 φορτίον,
1449 4544 1647 4614 κτῆνος
1686 4545 1877 4598 ἑαυτὸν

298 4630 389 4683 τοῦ
421 4631 738 4686 διδασκάλου
768 4632 1107 4704 ποιούμενος.
1132 4636 1242 4687 Καὶ
1267 4634 1426 4688 τοῦτο
1458 4636 1639 4707 φέρων
1660 4637 1722 4690 τὸ
1743 4654 1875 4709 φορ-

293 4724 407 4775 τίον
445 4725 711 4789 ἐϐάδιζεν,
742 4725 803 4778 οὐ
834 4724 965 4779 δέκα
998 4725 1302 4797 σταδίουςῆ
1340 4727 1703 4791 είκοσιν,ἁλλ’
1736 4728 1876 4782 ἑπτά

291 4814 515 4883 ἡμερῶν
562 4814 803 4880 ἐξανύων
847 4814 1092 4886 πορείαν.
1149 4815 1260 4867 Καί
1296 4832 1426 4868 ποτε
1472 4814 1810 4885 θεασάμενος
1846 4818 1875 4869 ὁ

294 4903 605 4976 πρεσϐύτης
633 4907 719 4958 ἐπ’
758 4906 925 4976 ὢμων
968 4907 1132 4962 αὑτὸν
1157 4907 1394 4978 φέροντα
1422 4907 1482 4960 τὸ
1508 4907 1616 4960 τῶν
1643 4908 1874 4979 ἰσχάδων

292 4994 533 5064 φορτίον,
587 4996 920 5066 δυσχεράνας
976 4997 1079 5068 ἔφη
1124 4999 1197 5070 μὴ
1231 4996 1559 5070 ποιήσασθαι
1586 4997 1653 5051 ἂν
1699 4998 1874 5054 ταῦτα

289 5089 520 5160 τροφήν.
556 5089 632 5141 Οὐ
654 5089 762 5158 γὰρ
790 5090 998 5144 δίκαιον
1029 5093 1238 5144 ἐκεῖνον
1269 5091 1366 5160 μὲν
1386 5091 1642 5145 τοσοῦτον
1673 5092 1873 5161 ὑπομέ-

289 5194 403 5231 νειν
456 5179 645 5240 κόπον,
696 5181 859 5234 αὐτὸν
913 5181 968 5234 δὲ
1020 5185 1133 5243 τοῖς
1191 5180 1408 5253 ἱδρῶσιν
1459 5184 1732 5254 ἐντρυφᾷν
1757 5185 1871 5247 τοῖς

288 5268 522 5323 ἐκείνου.
554 5269 660 5322 Τοῦ
717 5269 775 5322 δὲ
828 5271 1275 5342 άπομοσοιμένου,
1335 5272 1408 5335 ὡς
1443 5273 1543 5325 οὐκ
1572 5272 1870 5338 ἀπαλλάξει

287 5360 385 5414 τοῦ
415 5361 641 5431 φορτίου
689 5361 813 5424 τοὺς
861 5360 1070 5431 ὤμους,
1116 5365 1164 5415 εί
1211 5363 1288 5432 μὴ
1320 5363 1811 5435 συνομολογήσειεν
1841 5366 1869 5417 ὁ

290 5450 601 5522 πρεσϐύτης
626 5451 1031 5523 μεταλήψεσθαι
1059 5453 1159 5524 τῆς
1208 5452 1563 5524 κομισθείσης
1612 5453 1823 5525 τροφῆς
1846 5471 1863 5505 -.

295 5559 315 5593 ι
347 5542 583 5611 Ποιήσω,
615 5542 799 5611 ἔλεγεν
835 5545 864 5597 ὁ
910 5543 1110 5614 γέρων,
1158 5544 1219 5597 τὸ
1279 5544 1667 5615 κελευόμενον,
1704 5543 1865 5616 μόνον

1980 4375 2206 4414 esurnm
2230 4374 2289 4414 se
2326 4360 2563 4429 negavit.
2589 4357 2701 4414 Nec
2741 4346 2889 4414 enim
2943 4358 3160 4430 justum
3193 4374 3335 4422 esse,
3374 4366 3430 4413 ut
3465 4360 3556 4414 ille

1980 4461 2193 4507 tantum
2243 4452 2455 4508 subiret
2495 4452 2763 4516 laborem,
2812 4452 2932 4521 ipse
2984 4465 3114 4506 vero
3144 4451 3380 4507 delicate
3435 4452 3561 4521 ejus

1979 4545 2261 4599 laboribus
2279 4544 2576 4600 frueretur.
2610 4544 2716 4599 Sed
2743 4558 2867 4598 cum
2899 4544 3146 4613 jurasset
3181 4543 3293 4606 ille,
3331 4557 3392 4599 se
3412 4557 3558 4598 onus

1978 4636 2047 4690 ab
2076 4635 2324 4690 humeris
2371 4650 2482 4689 non
2542 4634 2946 4707 depositurum,
2996 4633 3103 4689 nisi
3136 4632 3302 4686 allato
3335 4632 3460 4685 cilto
3493 4646 3555 4685 se

1976 4743 2203 4783 usurum
2235 4743 2402 4783 senex
2427 4728 2780 4782 confirmaret
2814 4743 2867 4780 ει
2899 4725 3141 4792 Faciam,
3163 4725 3340 4794 inquit
3365 4738 3549 4786 senex,

1975 4820 2122 4889 quod
2166 4820 2415 4887 jubetur,
2448 4828 2503 4874 tu
2529 4820 2692 4875 modo
2724 4833 2943 4875 saccum
2965 4817 3240 4886 extemplo
3267 4815 3497 4885 depone.
3527 4833 3547 4866 ι

1976 4908 2111 4962 Nam
2141 4910 2196 4963 in
2236 4908 2343 4964 hoc
2389 4925 2610 4980 quoque
2663 4908 2984 4962 imitabatur
3040 4908 3278 4975 primum
3331 4914 3552 4974 aposto-

1974 5000 2180 5063 lorum,
2207 4997 2302 5068 qui
2329 5012 2452 5052 cnm
2479 4998 2647 5067 pedes
2680 4997 2804 5065 ejus
2831 4996 3017 5048 lavare
3063 4993 3329 5046 Dominus
3369 4990 3552 5050 vellet,

1976 5093 2209 5162 primum
2249 5095 2547 5155 recusavit,
2578 5106 2912 5161 magnopere
2937 5087 3216 5142 affirmans
3240 5079 3433 5140 id'non
3468 5083 3551 5135 fu-

1974 5191 2200 5249 turum;
2228 5183 2325 5239 ubi
2378 5198 2508 5237 vero
2563 5183 2777 5237 audivit
2812 5179 3245 5240 abscindendum
3292 5191 3352 5231 se
3383 5190 3413 5228 a
3441 5173 3547 5226 Do-

1972 5275 2107 5329 mini
2133 5275 2548 5340 communione,
2593 5273 2812 5344 ];128
2837 5273 2944 5327 nisi
2978 5268 3339 5341 permitteret,
3373 5266 3549 5321 oravit

1971 5374 2116 5421 utet
2162 5380 2360 5421 manus
2389 5380 2514 5420 cum
2551 5366 2786 5436 pedibus
2832 5371 2882 5418 et
2914 5373 3081 5433 caput
3131 5363 3359 5415 lavaret.
3389 5356 3463 5410 lta
3493 5365 3549 5409 et

1973 5470 2206 5525 magnus
2229 5455 2495 5521 Joannes,
2526 5457 2722 5525 jussus
2762 5456 2974 5524 tingere
3004 5451 3369 5517 Senatorem,
3392 5446 3547 5518 prin-

1977 5543 2129 5614 cipio
2155 5545 2375 5616 quidem
2409 5554 2464 5602 ct
2516 5558 2739 5602 servum
2772 5558 2832 5600 se
2863 5541 3159 5599 confessus
3205 5549 3315 5607 est,
3346 5548 3403 5596 et
3438 5536 3549 5592 Do-
