3974 6212
440 178 574 244 illis

1371 167 1867 233 'TIIEODORETI
1892 167 2234 229 EPISCO-PI
2266 171 2631 233 (ZYRENSIS

3565 171 3706 237 1316

436 295 644 344 minum
676 290 919 346 ostendit
949 307 963 344 :
993 294 1188 359 postea
1218 299 1356 340 vero
1410 282 1542 338 fecit
1574 283 1864 353 imperata,
1895 298 2004 336 non

2136 282 2316 338 ιπὸθου
2346 286 2436 337 τὸν
2460 285 2693 339 θύλακον
2721 287 2803 339 ὅτι
2823 287 3072 356 τάχιστα.
3104 306 3121 338 ι
3159 287 3444 358 Ἐμιμεῐτο
3463 287 3569 358 γὰρ
3595 291 3708 342 κάν

433 391 687 448 proterve
719 381 1006 444 resistens,
1035 376 1132 432 sed
1176 375 1487 444 obsequens
1520 372 1775 428 Domino.
1812 371 1887 426 ita
1922 373 2011 426 hic

433 474 601 525 ctiam
635 473 716 524 vir
747 472 969 525 divinus
999 487 1014 535 ;
1049 467 1384 539 gravabatur
1445 467 1665 536 quidem
1701 466 1810 518 alio
1857 465 2011 517 labo-

435 574 592 619 rante
614 566 795 618 cibum
817 579 1060 628 sumere,
1100 561 1194 617 sed
1224 560 1666 614 ardentissimam
1699 557 2015 612 famulantis

436 658 777 711 alacritatem
806 656 1191 718 considerans,
1213 651 1484 707 voluntati
1514 667 1628 706 sua:
1664 650 1815 704 illius
1845 649 2009 703 mini-

435 749 661 802 sterium
700 747 1031 817 anteposuit.

2112 375 2288 446 τούτῳ
2337 376 2447 432 τῶν
2491 378 2800 431 ἀποστόλων
2838 378 2929 431 τὸν
2973 378 3189 448 πρῶτον
3216 395 3228 408 ·
3263 379 3322 442 ὃς
3349 378 3444 432 τοῦ
3491 380 3701 450 Κυρίου

2117 467 2379 537 ἀπονίψαι
2430 470 2595 522 αὑτοῦ
2643 470 2767 532 τοὺς
2820 469 2985 531 πόδας
3030 468 3377 538 θελήσαντος,
3435 469 3707 539 πρότερον

2122 562 2219 628 μὲν
2245 561 2479 630 ἠρνήθη,
2508 561 2763 631 ἄντικρυς
2813 560 3232 630 ίσχυρισάμενος
3283 560 3357 621 ώς
3382 561 3441 612 ού
3469 561 3670 629 γενήσε
3689 588 3704 598 -

2118 669 2207 704 ται
2236 651 2394 704 τοῦτο
2421 667 2434 681 ·
2471 654 2592 705 ἐπεὶ
2623 653 2676 704 δὲ
2701 654 2930 721 ἤκουσεν
2948 651 3022 715 ώς
3046 653 3140 721 τῆς
3165 651 3499 719 Δεσποτικῆς
3524 653 3706 722 dmp-

2123 744 2420 814 ῥαγήσεται
2475 745 2780 809 κοινωνίας,
2843 746 2891 796 εἰ
2951 745 3024 814 μὴ
3068 743 3224 796 τοῦτο
3270 745 3706 820 συγχωρήσειεν,

439 841 649 892 ἱκέτευε
705 840 801 893 καὶ
849 838 928 891 τὼ
960 840 1110 909 χεῖρε
1149 837 1284 909 πρὸς
1328 838 1440 897 τοῖς
1475 833 1622 897 ποσὶ,
1663 832 1757 886 καὶ
1787 832 1884 901 τὴν
1923 833 2165 903 κεφαλὴν
2198 836 2589 905 ἀπονίψασθαι.
2619 836 2774 888 Οὓτω
2823 837 2916 888 καὶ
2959 835 3205 904 Ἰωάννης
3250 837 3278 886 ὀ
3315 836 3456 886 πάνυ
3505 835 3708 904 βαπτί-

438 946 530 981 σαι
574 929 886 990 κελευσθεὶς
920 929 1010 980 τὸν
1061 929 1309 998 Σωτῆρα,
1357 926 1622 996 πρότερον
1671 921 1767 992 μὲν
1809 923 1902 974 καὶ
1943 924 2042 993 τὴν
2077 925 2286 979 οἰκείαν
2329 928 2650 997 ὡμολόγησε
2693 927 2936 979 δουλείαν
2961 969 2974 991 ,
3012 927 3106 978 καὶ
3145 926 3237 976 τὸν
3269 925 3546 994 Δεσπότην
3586 928 3701 978 ὑπ-

438 1023 640 1086 έδειξεν
669 1039 681 1051 ·
719 1021 943 1092 ὕστερον
977 1022 1032 1073 δὲ
1062 1022 1121 1073 τὸ
1148 1020 1438 1073 κελευσθὲν
1482 1018 1822 1080 ἐπετέλεσεν,
1869 1018 1929 1069 οὐ
1963 1017 2264 1090 θρασύτητι
2321 1021 2622 1092 χρώμενος,
2669 1022 2805 1075 ἀλλά
2855 1021 3100 1091 Δεσπότῃ
3147 1019 3484 1088 πειθόμενος.
3540 1019 3710 1074 Οὕτω

438 1113 492 1166 δὲ
525 1115 620 1165 καὶ
645 1117 670 1166 ὀ
705 1114 845 1175 θεῖος
875 1109 1026 1175 οὗτος
1059 1111 1194 1181 ἀνὴρ
1233 1109 1526 1180 ἐϐαρύνετο
1573 1108 1670 1176 μὲν
1709 1108 1896 1176 ἐτέρου
1952 1107 2237 1172 πονοῦντος
2290 1113 2449 1176 αὐτὸς
2500 1112 2793 1166 ἀπολαύειν
2847 1113 3083 1182 τροφῆς
3117 1112 3305 1180 ἐπειδὴ
3334 1113 3389 1164 δὲ
3423 1110 3528 1164 είδε
3567 1111 3706 1179 θερ-

444 1210 684 1278 μοτάτην
733 1207 826 1259 τοῦ
880 1203 1218 1276 θεραπευτοῦ
1259 1203 1357 1271 τὴν
1418 1200 1750 1270 προθυμίαν,
1794 1199 1890 1267 τῆς
1933 1199 2142 1264 οἰκείας
2163 1202 2425 1272 αἱρέσεως
2456 1206 2555 1275 τὴν
2589 1206 2796 1258 ἐκείνου
2826 1203 3119 1274 θεραπείαν
3155 1205 3453 1273 προείλετο.

514 1297 631 1351 Ert
686 1295 922 1348 fortasse
977 1294 1275 1362 quispiam,
1305 1307 1370 1345 ex
1406 1291 1473 1344 iis
1508 1293 1600 1357 qtti
1634 1289 2019 1358 reprehensio-

443 1392 607 1444 nibus
682 1390 1028 1442 delectantur
1090 1395 1145 1441 et
1205 1387 1437 1439 honesta
1515 1392 1727 1437 tantum
1794 1396 2018 1451 carpere

441 1481 792 1548 didicerunt,
852 1482 940 1534 cui
1008 1480 1123 1533 ha~c
1189 1478 1437 1532 narratio
1497 1475 2018 1529 commemoratione

441 1577 602 1642 digna
638 1588 747 1624 non
782 1571 1048 1622 videatur.
1079 1567 1187 1637 Ego
1213 1582 1342 1620 vero
1378 1567 1502 1620 aliis
1535 1565 1697 1632 hujus
1727 1564 1827 1617 viri
1856 1564 2018 1616 mira-

446 1665 586 1717 culis
628 1664 729 1716 hoc
777 1662 942 1715 etiam
977 1660 1175 1728 adjeci,
1208 1675 1316 1712 non
1347 1659 1522 1712 solum
1583 1666 1640 1709 ut
1695 1669 2020 1725 magnorum

444 1754 686 1807 virorum
720 1769 847 1821 erga
895 1768 1019 1805 eum
1069 1751 1478 1805 observantiam
1516 1749 1888 1812 ostenderem,
1929 1745 2022 1800 sed

445 1847 588 1915 quod
616 1861 825 1898 morum
862 1844 979 1913 ejus
1012 1844 1339 1898 suavitatem
1373 1852 1425 1894 et
1452 1839 1886 1893 moderationem
1923 1837 2021 1891 de—

445 1938 644 1991 clarari
693 1952 871 2004 opera:
942 1935 1178 2005 pretium
1239 1932 1624 1988 existimarim.
1693 1929 1826 1983 Nam
1899 1945 2022 1983 cum

448 2035 598 2080 tanta
651 2035 801 2081 esset
832 2034 885 2080 et
924 2026 1015 2078 tali
1078 2026 1302 2086 virtute,
1358 2039 1424 2077 ne
1471 2023 1753 2076 levissimo
1801 2022 2023 2092 quidem

447 2119 654 2172 honore
683 2119 905 2188 dignum
939 2133 998 2172 se
1017 2133 1139 2171 esse
1167 2115 1447 2176 censebat,
1477 2113 1570 2168 sed
1606 2115 1750 2167 hunc
1785 2123 1842 2165 nt
1871 2114 1935 2166 ad
1968 2128 2026 2168 se

447 2211 581 2263 nihil
601 2210 918 2263 attinentem
945 2208 1241 2278 repellebat
1269 2226 1280 2260 :
1312 2221 1508 2260 rursus
1533 2213 1712 2258 autem
1732 2205 2023 2268 tolerabat,

446 2300 592 2370 quod
642 2315 738 2354 cos
768 2303 860 2368 qui
909 2298 1234 2353 deferebant
1285 2297 1519 2350 alliceret
1547 2296 1832 2350 beneficio.
1873 2294 2026 2349 llnnc

451 2409 577 2460 ergo
635 2394 848 2462 fugiens
904 2392 1196 2462 (munibus
1246 2391 1392 2444 enim
1430 2391 1598 2443 'cum
1666 2390 2022 2454 innotuisset,

446 2483 716 2537 bonorum
757 2490 1035 2535 amatores
1078 2498 1170 2550 per
1198 2480 1396 2532 famam
1430 2479 1496 2532 ad
1534 2495 1592 2532 se
1622 2479 1926 2545 trahebat),
1972 2478 2025 2530 in

450 2584 689 2629 montem
729 2574 969 2628 Sinaeum
1005 2575 1222 2627 tandem
1250 2588 1374 2625 cum
1402 2572 1640 2640 pancise
1661 2571 2024 2624 familiaribus

448 2669 734 2737 profectus
768 2676 874 2727 est,
913 2683 1032 2738 non_
1056 2665 1316 2734 oppidum
1355 2663 1670 2731 ingrediens
1700 2662 1893 2727 ullum,
1927 2677 2030 2716 nec

451 2761 657 2823 vicmn,
685 2759 776 2812 scd
808 2774 903 2828 per
937 2759 1134 2809 inviam
1166 2757 1270 2808 iter
1317 2769 1486 2822 agens
1517 2753 1892 2807 solitudinem.
1927 2752 2030 2806 Fc-

451 2852 642 2906 rebant
693 2859 872 2903 autem
908 2847 1154 2901 lnnneris
1203 2860 1424 2915 quoque
1460 2844 1786 2898 alimentum
1836 2860 2025 2900 neces-

2199 1295 2308 1347 Καὶ
2372 1295 2499 1358 ἴσως
2533 1313 2619 1358 τις
2671 1297 2778 1348 τῶν
2809 1295 3134 1364 φιλοψόγων,
3165 1296 3259 1346 καὶ
3315 1295 3587 1346 σκώπτειν
3641 1296 3718 1348 τὰ

2125 1383 2264 1436 καλά
2309 1387 2468 1454 μόνον
2519 1386 2941 1456 δεδιδαγμένων,
2977 1386 3106 1455 φαίη
3140 1387 3204 1437 ἂν
3257 1386 3329 1455 μὴ
3368 1386 3720 1456 ἀξιομνημό-

2126 1491 2312 1529 νευτον
2346 1472 2484 1529 εἶναι
2523 1479 2672 1530 τουτὶ
2719 1478 2779 1531 τὸ
2832 1479 3096 1549 διήγημα.
3146 1477 3286 1546 Ἐγὼ
3333 1481 3389 1532 δὲ
3423 1482 3558 1550 προς
3583 1485 3720 1546 ταῖς

2126 1565 2314 1626 ἄλλαις
2366 1567 2460 1618 to")
2506 1568 2698 1639 ἀνδρὸς
2731 1569 3202 1639 θαυματουργίαις
3233 1570 3508 1623 καὶτοῦτο
3531 1589 3718 1642 προσ-

2126 1657 2368 1720 τέθεικα,
2393 1660 2453 1712 ού
2485 1661 2643 1729 μόνον
2671 1660 2778 1713 τῶν
2833 1661 3080 1729 μεγάλων
3117 1660 3323 1730 ἀνδρῶν
3355 1662 3415 1713 τὸ
3449 1665 3580 1732 περί
3616 1664 3726 1716 αὐ-

2123 1748 2213 1803 τὸν
2244 1750 2404 1812 σέϐας
2436 1752 2696 1817 ἐπιδεῖξαι
2751 1752 3088 1822 βουλόμενος,
3119 1752 3254 1805 ἀλλά
3286 1755 3376 1805 καὶ
3409 1754 3503 1807 τοῦ
3543 1757 3724 1825 ῆθους

2124 1842 2287 1894 αὐτοῦ
2315 1844 2375 1895 τὸ
2405 1843 2572 1910 γλυκὺ
2595 1847 2686 1898 καὶ
2719 1845 2939 1915 μέτριον
2967 1845 3204 1914 δηλῶσαι
3233 1846 3524 1916 κερδαλέον
3543 1850 3727 1917 ἡγού-

2127 1953 2307 2005 μενος.
2343 1935 2608 2000 Τοσούτος
2660 1938 2768 2007 γὰρ
2821 1937 2896 1989 ὢν
2947 1938 3041 1990 καὶ
3073 1937 3313 2001 τοιοῦτος
3346 1939 3443 2009 τὴν
3477 1941 3724 2011 ἀρετὴν,

2122 2029 2245 2080 οὐδὲ
2275 2033 2371 2100 τῆς
2419 2030 2686 2100 τυχούσης
2726 2031 2893 2098 τιμῆς
2919 2029 3065 2095 ἀξιον
3105 2031 3296 2083 ἑαυτὸν
3329 2032 3724 2100 ὑπελάμϐανε,

2124 2119 2218 2170 καὶ
2251 2119 2523 2171 ἀπωθείτο
2573 2121 2669 2188 μὲν
2704 2119 2871 2189 αὐτὴν
2896 2119 2970 2182 ὡς
3017 2119 3314 2188 οὐδαμόθεν
3343 2122 3497 2190 αύτῷ
3535 2139 3724 2192 προσ-

2127 2205 2388 2275 ήκουσαν,
2425 2208 2671 2277 ἠνείχετο
2705 2208 2759 2260 δὲ
2793 2208 2974 2268 πάλιν,
3009 2208 3084 2271 ὡς
3117 2210 3243 2272 τοὺς
3273 2210 3514 2280 δρῶντας
3549 2214 3728 2284 εὐερ-

2128 2296 2412 2362 γετοῦσαν.
2446 2297 2662 2366 Ταύτην
2719 2298 3131 2368 ἀποδιδράσκων
3151 2337 3165 2361 ,
3192 2299 3348 2369 δῆλος
3379 2302 3484 2372 γὰρ
3536 2303 3727 2356 ἅπασι

2131 2385 2394 2453 γεγονὼς,
2425 2381 2572 2438 εἷλκε
2603 2387 2738 2457 πρὶς
2767 2387 2928 2440 αὑτὸν
2961 2387 3049 2439 διά
3087 2385 3184 2456 τῆς
3217 2388 3402 2457 φήμης
3443 2390 3574 2450 τοὺς
3607 2389 3725 2441 τῶν

2128 2476 2348 2543 ἀγαθῶν
2382 2478 2638 2546 ἐραστὰς,
2673 2477 2732 2530 τὸ
2775 2478 2927 2541 τέλος
2958 2480 3049 2531 ἐπὶ
3089 2479 3151 2530 τὸ
3191 2479 3402 2530 Σίναιον
3431 2478 3559 2547 ὅρος
3598 2481 3724 2547 μετ’

2128 2568 2326 2635 ὀλίγων
2376 2568 2482 2620 τῶν
2537 2568 2944 2637 συνηθεστέρων
3006 2568 3454 2639 ἐξώρμησεν,ού
3502 2569 3725 2631 πόλεως

2130 2657 2449 2718 ἐπιϐαίνων,
2482 2659 2542 2710 ού
2578 2657 2793 2728 κώμης.
2829 2657 2967 2711 ἀλλὰ
2999 2659 3093 2728 τὴν
3142 2659 3343 2712 ἄϐατον
3375 2659 3585 2728 ἔρημον
3617 2659 3721 2728 βα-

2128 2750 2227 2820 τὴν
2273 2749 2654 2820 ἐργαζόμενος.
2706 2753 2939 2822 Ἔφερον
2994 2752 3049 2804 δὲ
3097 2753 3189 2804 ἐπὶ
3235 2753 3342 2803 τῶν
3398 2751 3568 2820 ὤμων
3617 2753 3717 2803 καὶ

2129 2839 2227 2908 τὴν
2276 2840 2578 2906 ἀναγκαίαν
2627 2840 2856 2911 τροφὴν,
2885 2841 2976 2894 τὸν
3022 2843 3204 2911 ἄρτον,
3245 2842 3408 2910 φημὶ,
3445 2842 3538 2894 καὶ
3585 2841 3718 2904 τοὺς

451 2946 680 3006 sarium,
739 2956 956 3011 panem,
993 2939 1255 3007 inquam,
1305 2944 1360 2990 cl
1410 2937 1620 3002 salem,
1665 2948 1718 2990 et
1770 2937 2026 3006 poculum

2164 2931 2319 2996 ἅλας,
2347 2932 2438 2983 καὶ
2473 2930 2699 2984 κώθωνα
2726 2933 2789 2985 ἐκ
2820 2932 2975 2996 ξύλου
3010 2931 3392 3002 πεποιημένον,
3413 2933 3508 2986 καὶ
3543 2950 3721 2999 σπογο

451 3038 715 3102 ligneum,
739 3032 1088 3100 etspongiatn
1120 3031 1245 3085 fune
1274 3030 1549 3099 alligatam
1578 3047 1592 3095 ;
1617 3036 1674 3082 ut
1723 3029 1768 3083 si
1813 3028 2034 3098 quando

453 3124 867 3196 proittndinrem
892 3138 1086 3191 aquam
1112 3122 1469 3182 invenissent.
1490 3121 1717 3189 spongia
1755 3119 2037 3173 haurirent

452 3233 516 3268 ex
530 3229 878 3281 pressamque
900 3212 952 3265 in
978 3213 1229 3281 poculum
1252 3213 1521 3265 biberent.
1544 3208 1832 3263 Multorum
1853 3210 2035 3278 itaque

460 3305 911 3375 1129dierum
955 3307 1060 3358 iter
1109 3304 1339 3367 emensi,
1375 3303 1442 3356 ad
1491 3311 1730 3354 montem
1784 3308 2033 3370 optatum

458 3396 822 3465 perveniunt,
866 3403 1078 3448 etcum
1131 3391 1424 3446 Dominum
1469 3407 1628 3445 suum
1684 3389 2033 3453 adorassent,

460 3485 680 3556 longum
718 3485 790 3538 ibi
819 3494 1042 3554 tempus
1074 3490 1488 3552 transegernnt,
1538 3480 1642 3535 loci
1676 3480 2032 3535 solitudinem

459 3587 514 3630 et
541 3576 736 3630 animae
770 3577 1012 3646 qttietctn
1050 3576 1342 3628 nmxitnam
1375 3574 1640 3626 ducentes
1674 3573 2032 3640 voluptatem.

459 3668 706 3735 Curnqne
735 3668 786 3720 in
829 3677 980 3735 petra
1008 3667 1123 3728 illa,
1165 3665 1270 3717 sub
1294 3679 1398 3732 qua
1429 3663 1685 3731 princeps
1733 3663 2033 3732 propheta-

463 3776 582 3814 rum
622 3759 800 3812 Moses
833 3760 1030 3818 latens,
1069 3755 1236 3809 Deum
1273 3771 1383 3824 quo
1423 3764 1586 3825 pacto
1617 3755 1792 3807 videri
1823 3762 2037 3823 poterat

462 3848 666 3902 meruit
698 3848 881 3899 videre
901 3885 915 3909 ,
945 3845 1234 3899 ecclesiam
1269 3846 1655 3908 exstruxisset,
1685 3845 2037 3914 divinamque

468 3954 636 4000 aram,
664 3952 784 4007 qua:
813 3952 987 4006 usque
1029 3937 1080 3990 in
1116 3936 1445 3991 hodiernum
1483 3937 1626 3990 diem
1673 3945 1878 3998 manet,
1906 3953 2038 3992 con-

463 4037 758 4092 secrasset,
815 4030 868 4084 in
921 4030 1226 4100 palmstram
1286 4045 1441 4084 suam
1504 4045 1764 4084 reversus
1803 4039 1908 4086 est.
1965 4033 2037 4087 De

463 4122 632 4176 minis
665 4135 828 4190 porro
859 4119 1108 4187 ejusdem
1136 4134 1262 4173 cum
1301 4119 1419 4189 ipso
1459 4121 1725 4184 nominis,
1759 4121 1852 4174 sed
1882 4120 2034 4190 impii

464 4215 816 4285 imperatoris
845 4217 1050 4270 certior
1080 4213 1277 4279 factus,
1307 4217 1399 4284 qui
1432 4215 1553 4283 pios
1595 4231 1788 4269 omnes
1817 4231 1875 4268 se
1908 4214 2035 4268 fun-

2137 3022 2264 3092 γιάν
2301 3023 2548 3094 μηρίνθῳ
2575 3024 3039 3094 προσδεδεμένην·
3074 3025 3222 3086 ὅπως
3241 3024 3442 3075 εἴποτε
3486 3023 3722 3093 βαθύτε-

2141 3129 2231 3182 ρον
2259 3112 2470 3183 εὖροιεν
2503 3112 2646 3182 ὕδωρ
2669 3115 3032 3184 ἀνιμήσαιντο
3063 3114 3161 3184 μὲν
3183 3117 3248 3184 τῇ
3282 3117 3536 3183 σπογγιᾷ.
3577 3116 3720 3167 ἀποο

2139 3204 2424 3273 θλίψαντες
2447 3205 2503 3258 δὲ
2538 3207 2616 3268 είς
2641 3207 2733 3258 τὸν
2782 3205 3014 3260 κώθωνα
3062 3206 3365 3259 ἀποπίοιεν.
3413 3206 3722 3276 Τοιγάρτοι

2139 3297 2350 3352 πολλῶν
2403 3298 2624 3368 ἡμερῶν
2663 3298 2780 3351 ὁδὸν
2820 3299 3181 3362 ἐξανύσαντες
3235 3297 3728 3366 καταλαμϐάνουσι

2137 3387 2196 3439 τὸ
2221 3386 2553 3453 ποθούμενον
2583 3387 2728 3459 ὅρος,
2760 3389 2854 3440 καὶ
2881 3389 2970 3442 τὸν
3012 3391 3212 3441 οἰκεῖον
3241 3390 3725 3458 προσκυνήσαντες

2137 3479 2420 3548 Δεσπότην
2439 3479 2605 3532 πολὺν
2640 3481 2756 3532 ἐκεῖ
2785 3480 3092 3535 διετέλεσαν
3118 3482 3330 3551 χρόνον,
3361 3479 3456 3533 τοῦ
3505 3483 3718 3552 χωρίου

2137 3570 2234 3640 τὴν
2259 3572 2492 3641 ἐρημίαν
2515 3572 2609 3623 καὶ
2645 3573 2744 3640 τὴν
2781 3574 2881 3642 τῆς
2903 3573 3080 3643 ψυχῆς
3105 3574 3336 3643 ἡσυχίαν
3369 3575 3585 3644 τρυφὴν
3626 3591 3724 3642 με-

2138 3663 2330 3732 γίστην
2367 3663 2680 3733 ἡγούμενοι.
2730 3665 2817 3718 Ἐν
2859 3667 3040 3737 ἐκείνῃ
3090 3666 3146 3718 δὲ
3181 3670 3248 3737 τῇ
3298 3667 3515 3738 πέτρᾳ,
3561 3663 3724 3740 ἐκβῇ

2140 3755 2510 3824 κρυπτόμενος
2563 3757 2801 3825 Μωῦσῆς
2853 3757 2960 3810 τῶν
3009 3758 3304 3829 προφητῶν
3353 3761 3382 3810 ὁ
3425 3762 3722 3828 κορυᾳαίος

2138 3843 2342 3914 ἠξιώθη
2375 3845 2468 3897 τὸν
2500 3844 2631 3898 Θεὸν
2659 3847 2804 3909 ίδεῖν,
2827 3847 2899 3911 ώς
2939 3848 3162 3902 δυνατὸν
3209 3845 3278 3920 ἦν
3323 3849 3451 3902 ἰδεῖν
3473 3889 3487 3909 ,
3515 3850 3724 3918 ἐκκλη-

2141 3935 2261 3988 σίαν
2290 3936 2637 4006 δειμάμενος,
2673 3940 2765 3992 καὶ
2810 3939 2950 3992 θεῖον
2994 3941 3228 4008 ἀγιάσας
3259 3941 3672 4010 θυσιαστήριον,
3698 3942 3727 3994 ὃ

2139 4028 2233 4081 καὶ
2269 4030 2347 4091 είς
2367 4028 2525 4099 δεῦρο
2543 4029 2830 4100 διέμεινεν,
2859 4034 2939 4094 εἰς
2964 4034 3062 4100 τὴν
3094 4035 3303 4088 οἰκείαν
3331 4035 3578 4103 έπαδῆκε
3617 4053 3728 4090 παι

2144 4117 2426 4188 λαίστραν.
2451 4119 2655 4173 Μαθὼν
2676 4121 2732 4172 δὲ
2767 4120 2858 4174 τοῦ
2884 4123 3174 4194 ὁμωνύμου
3209 4125 3327 4194 μὲν,
3344 4125 3640 4188 δυσσεϐοῦς
3665 4128 3723 4179 δὲ

2142 4210 2402 4281 βασιλέως
2437 4213 2534 4275 τὰς
2562 4212 2791 4277 ἀπειλάς
2819 4230 2832 4244 ’
2864 4214 3239 4285 πανωλεθρίαν
3269 4215 3378 4287 γὰρ
3412 4219 3527 4272 τοῖς
3575 4219 3732 4270 εύσεο

463 4307 608 4362 ditns
637 4307 944 4360 deleturnm
975 4305 1222 4375 jactans.
1256 4305 1539 4376 profectus
1561 4315 1680 4360 erat
1720 4307 1772 4359 in
1813 4305 2031 4371 Persas,

2141 4302 2291 4355 ϐέσιν
2321 4303 2640 4373 ἀπειλήσας,
2667 4306 2764 4374 τὴν
2787 4307 2876 4358 ἐπὶ
2909 4305 3122 4377 Πέρσας
3157 4308 3379 4378 πορείαν
3411 4309 3725 4364 ἐστείλατο·

465 4414 587 4455 curn
642 4399 1074 4454 abominandum
1129 4398 1280 4451 illum
1327 4399 1560 4452 reditum
1615 4398 1893 4451 inhiantes
1940 4413 2035 4451 ex-

465 4501 776 4563 spectarent
829 4494 920 4561 qui
957 4491 1146 4546 eadem
1180 4492 1511 4556 sentiebant,
1580 4491 1698 4560 ipse
1740 4499 1874 4544 tunc
1930 4490 2040 4545 Deo

465 4584 657 4639 enixas
696 4599 889 4652 preces
928 4581 1202 4645 offerens,
1239 4598 1445 4652 easque
1496 4581 1564 4634 ad
1616 4582 1804 4637 decem
1866 4596 2042 4651 usque

465 4674 583 4728 dies
618 4673 928 4740 producens
951 4711 966 4736 ,
1000 4673 1210 4726 audivit
1247 4688 1435 4726 vocem
1471 4688 1593 4742 qua:
1627 4673 1849 4727 dicebat
1887 4688 2042 4727 exse-

468 4766 732 4818 crandum
773 4764 924 4816 illum
965 4770 1020 4817 et
1061 4762 1317 4817 fetentem
1352 4779 1578 4831 porcum
1617 4765 1684 4819 de
1710 4765 1893 4819 medio
1919 4781 2043 4820 esse

471 4855 772 4911 sublatum.
813 4853 918 4908 Sed
951 4871 1126 4923 neque
1160 4857 1328 4909 Iinitis
1362 4857 1620 4926 precibus
1667 4858 1852 4912 statim
1902 4859 2044 4912 finiit

469 4945 796 5009 orationem,
841 4944 935 4999 sed
966 4945 1282 5014 petitionem
1335 4947 1388 5000 in
1423 4947 1616 5001 laudes
1641 4949 1893 5012 mutavit,
1920 4963 2045 5018 gra-

471 5037 576 5092 tias
599 5051 770 5105 agens
806 5036 1076 5090 servatori
1135 5053 1392 5099 stmrnm,
1434 5039 1804 5108 clementique
1841 5049 1896 5093 et
1943 5054 2043 5108 po-

473 5127 607 5182 tenti
659 5125 803 5181 hosti
863 5127 1187 5181 alienorum.
1248 5127 1480 5197 lmpium
1533 5130 1677 5183 enim
1726 5129 2046 5198 longissimo

475 5228 720 5289 tempore
758 5220 1014 5275 toleravit
1047 5239 1058 5274 :
1091 5220 1186 5276 sed
1221 5235 1345 5276 cum
1397 5221 1520 5290 ejus
1555 5222 1817 5291 patientia
1874 5221 2047 5291 majo-

476 5324 587 5364 rem
625 5309 680 5363 in
710 5309 916 5364 rabiem
956 5311 1292 5366 sceleratum
1334 5313 1692 5377 concitasset,
1737 5319 2050 5382 opportune

474 5400 660 5454 intulit
714 5404 1068 5473 supplicium.
1129 5402 1413 5474 Completa
1479 5405 1769 5471 oratione,
1804 5406 1872 5460 ad
1916 5421 2048 5461 suos

475 5502 799 5556 conversus.
830 5495 1009 5548 Iaztnm
1055 5496 1234 5564 palam
1283 5503 1338 5549 et
1390 5497 1750 5565 tranquillum
1803 5498 2046 5551 animum

478 5594 590 5651 prae
618 5597 678 5639 se
707 5585 830 5638 tulit
861 5605 873 5641 :
905 5585 1072 5641 animi
1115 5587 1262 5641 enim
1315 5586 1505 5641 laetitia
1549 5588 1779 5645 hilarem
1835 5589 2045 5644 vultum

2142 4394 2235 4445 καὶ
2261 4394 2592 4463 ἐκεχήνεσαν
2619 4396 2668 4447 οί
2701 4395 2769 4448 τὰ
2801 4395 2940 4448 αὐτὰ
2967 4397 3289 4466 φρονοῦντες
3313 4397 3408 4468 τὴν
3440 4399 3731 4468 ἀπευκτὴν

2143 4483 2360 4553 ἐκείνην
2417 4485 2674 4538 ὲπάνοδον
2712 4503 2726 4517 ο
2767 4487 3069 4555 τηνικαῦτα
3133 4489 3430 4543 σπουδαίαν
3473 4491 3555 4560 τῷ
3607 4491 3734 4562 Θεῷ

2143 4574 2522 4644 προσενεγκὼν
2562 4577 2868 4647 προσευχὴν
2889 4617 2904 4641 ,
2938 4581 3031 4632 καὶ
3059 4580 3266 4651 ταύτην
3307 4582 3466 4653 μέχρι
3489 4582 3738 4653 δεκάτης

2143 4665 2354 4734 ἡμέρας
2376 4667 2620 4729 ἐκτείνας
2648 4709 2662 4732 ,
2691 4667 2891 4738 ἤκουσε
2943 4670 3128 4740 φωνῆς
3171 4671 3574 4742 φθεγγομένης,
3597 4673 3682 4734 ὡς
3705 4676 3738 4727 ὁ

2147 4756 2388 4826 μυσαρος
2424 4756 2520 4809 καὶ
2557 4757 2797 4828 δυσώδης
2838 4759 3106 4830 ἀνῄρηται
3163 4763 3362 4831 χοῖρος.
3426 4761 3568 4814 Ἀλλ’
3602 4763 3738 4817 οὖδδ

2144 4849 2243 4918 τῆς
2273 4850 2584 4920 προσευχῆς
2608 4850 2670 4903 τὸ
2711 4851 2884 4921 πέρας
2929 4852 3264 4924 δεξαμένης,
3297 4853 3457 4917 εὐθὺς
3491 4857 3738 4908 συνεπέ-

2150 4955 2277 5008 ρανε
2301 4939 2398 5008 τὴν
2424 4940 2608 5010 εὐχὴν,
2627 4939 2765 4993 ἀλλά
2800 4941 2899 5011 τὴν
2926 4943 3141 5012 αἴτησιν
3168 4945 3247 5006 είς
3276 4944 3554 5013 ὑμνῳδίαν
3595 4964 3738 5015 μετ-

2148 5031 2360 5095 έϐαλεν,
2393 5033 2810 5103 εὐχαριστήριον
2837 5034 3177 5101 ἀναπέμπων
3206 5034 3373 5106 ὕμνον
3401 5035 3477 5106 τῷ
3512 5037 3738 5107 Σωτῆρι

2147 5123 2256 5175 τῶν
2299 5125 2535 5190 οἰκείων,
2568 5125 2807 5180 καὶτῶν
2840 5126 3136 5197 ἀλλοτρίων
3179 5126 3488 5197 ἀνεξικάκῳ
3531 5145 3594 5180 τε
3639 5130 3742 5182 καὶ

2147 5215 2358 5285 δυνατῷ
2386 5215 2647 5286 πολεμίῳ.
2687 5216 3146 5288 Ἐμακροθύμησε
3185 5218 3297 5290 γάρ
3322 5219 3413 5272 ἐπὶ
3442 5219 3634 5271 πλεῖον
3657 5219 3741 5290 τῷ

2149 5305 2427 5360 δυσσεϐεῖ·
2452 5306 2639 5375 ἐπειδὴ
2663 5307 2768 5376 δὲή
2796 5308 3148 5379 μακροθυμία
3169 5312 3250 5372 είς
3279 5308 3501 5378 μείζονα
3531 5309 3741 5364 λύτταν

2150 5398 2565 5470 ὲπαιδοτρίϐησε
2625 5399 2716 5452 τὸν
2754 5398 3068 5471 ἀλάστορα,
3099 5403 3178 5465 είς
3216 5401 3407 5471 καιρὸν
3455 5404 3742 5473 τιμωρίαν

2151 5490 2417 5562 ἐπήγαγε.
2452 5489 2838 5562 Πεπληρωκὼς
2862 5491 2920 5544 δὲ
2959 5492 3060 5563 τὴν
3088 5492 3272 5564 εὐχὴν,
3310 5493 3404 5545 καὶ
3440 5492 3580 5562 πρὸς
3618 5511 3744 5556 τους

2151 5586 2383 5650 οἰκείους
2418 5587 2794 5658 ἐπιστραφεὶς,
2825 5586 2982 5656 δῆλος
3007 5583 3075 5657 ἦν
3098 5586 3332 5657 εύθυμον
3362 5586 3460 5652 τὴν
3491 5587 3746 5642 διάνοιαν
