3974 6212
335 86 464 152 13ιί

1547 88 1950 151 BELIGIOSA
1987 83 2370 148 HISTORIA.

3439 80 3572 144 tm

321 202 458 267 ἒχων
481 213 493 227 ·
531 191 767 264 θυμηδία
807 193 914 264 γάρ
948 193 1333 264 γεγανωμένον
1379 193 1591 249 ὲδείκνυ
1637 197 1698 248 τὸ
1732 196 1889 267 πρόσ-

2005 193 2322 248 exhibebat.
2385 189 2803 245 Admirantibns
2863 198 3038 244 autem
3096 189 3166 244 iis
3204 189 3294 259 qui
3347 191 3577 245 aderant

315 305 482 341 ωπον.
513 285 921 353 Θαυμασάντων
953 284 1006 336 δὲ
1039 285 1146 337 τῶν
1196 285 1458 338 συνόντων
1491 285 1554 338 τὸ
1582 287 1766 340 καινὸν
1791 287 1887 340 τοῦ

317 379 585 446 θεάματος
607 394 620 408 ο
647 374 967 446 σκυθρωπὸς
991 375 1100 446 γὰρ
1119 376 1204 428 ἀεὶ
1225 377 1569 447 φαινόμενος,
1591 378 1893 449 τηνικαῦτα

318 467 540 538 μειδιῶν
589 469 860 536 stop-5.10“.
889 467 980 518 καὶ
1010 468 1134 537 τὴν
1194 467 1373 520 αἰτίαν
1426 468 1843 539 πυνθανομένων
1877 486 1890 501 ·

323 577 341 608 ε
383 559 493 626 Τῆς
537 556 897 624 εὐφροσύνης,
941 555 1068 625 ἔφη,
1099 551 1143 609 ὦ
1191 556 1404 628 ἄνδρες,
1435 559 1530 612 καὶ
1571 559 1836 628 θυμηδίας
1867 562 1894 614 6

323 649 504 717 παρὼν
537 649 728 718 καιρός
769 665 782 678 ο
818 647 1094 701 πέπαυται
1129 652 1238 718 γὰρ
1289 652 1316 702 ό
1359 651 1558 721 ἀσεϐὴς
1601 652 1740 705 κατὰ
1795 651 1893 722 τὴν

327 741 550 793 Ἡσαΐου
588 740 792 809 φωνὴν,
829 740 922 792 καὶ
957 739 1125 792 ἔδωκε
1159 741 1312 804 δίκας
1366 741 1474 794 τῶν
1528 743 1892 812 τολμημάτων

317 831 509 896 ἀξίας·
539 831 633 883 καὶ
685 829 826 882 κατὰ
879 830 973 882 τοῦ
1036 832 1398 899 πεποιηκότος
1452 834 1546 886 καὶ
1593 834 1893 898 σεσωκότος

315 923 659 991 τυραννήσας
687 920 844 985 Θεοῦ,
873 921 975 973 ὑπὸ
1004 921 1185 988 δεξιᾶς
1232 924 1474 994 ὑπηκόου
1518 925 1766 978 δέδεκται
1794 925 1892 996 τὴν

314 1013 529 1065 δικαίαν
581 1014 800 1083 σφαγήν
823 1028 835 1041 ·
867 1012 954 1064 διὰ
981 1012 1139 1067 τοῦτο
1176 1015 1465 1086 γάννυμαι,
1498 1018 1597 1080 τὰς
1622 1019 1710 1071 ὑπ’
1748 1020 1893 1072 ἐκεί-

315 1121 404 1156 νου
430 1103 831 1173 πολεμηθείσας
883 1104 1215 1174 Ἐκκλησίας
1245 1107 1563 1176 γαυριῶσας
1596 1108 1888 1178 θεώμενος,

314 1197 406 1248 καὶ
443 1196 654 1266 βλέπων
676 1196 766 1248 τὸν
813 1196 1090 1266 ἀλιτήριον
1119 1198 1223 1250 ὑπὸ
1252 1198 1358 1252 τῶν
1383 1200 1474 1252 ὑπ’
1513 1200 1677 1254 αὐτοῦ
1714 1220 1890 1270 τιμω-

317 1289 490 1358 μένων
516 1288 784 1356 δαιμόνων
821 1289 1076 1358 οὐδεμιᾶς
1121 1290 1441 1360 ἐπικουρίας
1489 1293 1832 1363 ἐπιτυχόντα.
1866 1310 1884 1342 ι

326 1380 448 1432 Ἐπὶ¹
479 1380 575 1450 μὲν
599 1376 688 1433 οῦν
719 1381 816 1449 τῆς
842 1379 934 1432 τοῦ
986 1381 1277 1444 δυσσεϐοῦς
1305 1381 1496 1435 τούτου
1534 1385 1751 1453 σφαγῆς
1774 1400 1888 1436 τοι-

311 1470 478 1541 αύτης
511 1472 787 1524 ἀπέλαυσε
814 1472 912 1541 τῆς
942 1471 1322 1542 προγνώσεως.
1353 1474 1508 1526 Ἐπεὶ
1543 1475 1600 1526 δὲ
1628 1477 1720 1527 καὶ
1745 1476 1888 1528 060':-

1997 301 2198 340 novum
2233 285 2628 356 spectaculum,
2665 284 2810 354 quod
2857 284 2950 354 qui
2977 282 3120 337 tristi
3158 298 3374 352 semper
3412 299 3571 353 aspe-

1999 383 2086 430 ctu
2126 376 2434 440 videbatur,
2469 386 2600 428 tunc
2632 375 2917 429 subridere
2947 382 3289 436 cerneretur,
3319 389 3576 426 causam-

1996 484 2105 538 que
2139 469 2468 537 rogantibus
2496 486 2508 521 :
2536 487 2553 518 ι
2575 467 2817 527 Laetitiae,
2855 467 3057 532 inquit,
3097 481 3129 518 0
3163 467 3288 525 viri,
3333 482 3576 535 prmsens

1997 567 2216 628 tempus
2253 565 2358 622 est,
2400 566 2454 612 et
2505 559 2711 627 gaudii.
2765 558 3016 611 Cessavit
3062 557 3208 609 enim
3261 557 3480 625 impius,
3517 566 3578 610 ut

1997 652 2073 704 ait
2110 652 2306 716 Isaias,
2338 661 2390 704 et
2424 651 2716 703 audacium
2752 650 2964 720 1130
3013 651 3354 719 inceptorum
3408 651 3576 704 meri-

1997 752 2079 796 tas
2111 757 2303 811 pmnas
2334 742 2485 795 dedit
2517 751 2605 794 :et
2638 742 2731 810 qui
2785 741 3131 809 tyrannidem
3187 741 3240 793 in
3273 740 3444 794 Deum
3489 741 3574 794 fa-

1995 835 2234 888 ctorem‘
2267 841 2322 886 et
2380 832 2726 887 Servatorem
2783 835 3068 898 exercuit,
3113 833 3182 886 ab
3235 835 3577 901 obsequente

1995 926 2217 979 dextera
2248 925 2372 993 jure
2399 939 2574 978 caesus
2603 933 2705 978 est.
2743 922 2870 976 ideo
2898 923 3073 985 lictor,
3106 921 3402 982 Eeclesias.
3437 938 3574 990 quas

1996 1017 2086 1072 ille
2112 1017 2482 1086 oppugnabat,
2525 1015 2866 1069 exsultantes
2904 1013 3117 1072 videns,
3151 1021 3205 1066 et
3239 1015 3571 1066 sceleratum

1995 1121 2236 1162 cernens
2273 1122 2301 1159 a
2334 1105 2701 1171 dzemonihus,
2729 1121 2867 1176 quos
2925 1105 3167 1166 colebat,
3199 1105 3331 1157 nihil
3380 1106 3571 1158 auxilii

1995 1209 2425 1255 consecutum.)
2489 1199 2560 1252 De
2615 1200 2779 1269 hujus
2833 1214 2965 1268 ergo
3014 1198 3165 1266 impii
3215 1198 3361 1250 ett-de
3412 1198 3572 1251 talem

1995 1293 2190 1346 habuit
2220 1292 2648 1361 przescientiam.
2683 1291 2819 1344 Cum
2858 1291 3056 1344 Valens
3089 1297 3296 1352 autem,
3326 1289 3416 1358 qui
3450 1298 3574 1357 post

1994 1384 2146 1437 illum
2209 1383 2450 1438 habenas
2503 1381 2734 1435 Romani
2800 1382 2975 1434 tenuit
3039 1380 3293 1450 imperii,
3361 1379 3571 1448 ahjccta

1993 1474 2438 1544 evangelicorutn
2483 1474 2797 1542 dogmatum
2843 1473 3100 1534 veritate,
3138 1471 3326 1523 Ariani
3362 1471 3571 1524 erroris

310 1562 430 1632 λης,
457 1566 484 1615 6
512 1566 626 1633 μετ’
675 1565 881 1616 ἐκεῖνον
921 1564 1020 1626 τὰς
1069 1564 1222 1633 ἡνίας
1268 1566 1366 1634 τῆς
1406 1565 1724 1635 Ῥωμαῖκῆς
1758 1568 1888 1636 ἡγε-

1997 1567 2362 1636 imposturam
2433 1566 2810 1634 suscepisset,
2867 1571 2999 1617 tunc
3061 1563 3242 1630 major
3299 1563 3572 1617 adversus

315 1654 506 1713 μονίας
543 1654 856 1724 δεξάμενος,
887 1654 996 1705 τῶν
1043 1654 1416 1721 εύαγγελικῶν
1441 1655 1727 1726 δογμάτων
1761 1673 1894 1726 προ-

309 1745 503 1814 έμενος
527 1746 626 1817 τὴν
651 1745 930 1816 ἀλήθειαν,
949 1746 1050 1814 τῆς
1076 1746 1290 1818 Ἀρείου
1315 1745 1525 1816 πλάνης
1555 1747 1652 1818 τήν
1677 1747 1892 1818 ἀπάτην

311 1835 548 1901 ἐδέξατο,
572 1836 875 1906 τηνικαῦτα
917 1837 1117 1907 μείζων
1145 1838 1177 1906 ἡ
1203 1837 1337 1908 ζάλη
1370 1838 1514 1891 κατὰ
1540 1839 1638 1907 τῆς
1667 1838 1893 1908 Ἐκκλη-

313 1927 433 1990 σίας
487 1927 770 1997 ἠγείρετο,
815 1927 920 1981 τῶν
987 1928 1083 1998 μὲν
1141 1929 1498 1999 κυϐερνητῶν
1553 1929 1891 1999 πανταχόθεν

309 2018 684 2088 ἐλαυνομένων
708 2061 722 2083 ,
751 2021 1195 2072 καταποντιστῶν
1215 2021 1271 2073 δέ
1297 2039 1458 2074 τινων
1489 2022 1582 2074 καὶ
1609 2022 1883 2090 πολεμίων

311 2107 802 2179 ἁντεισαγομένων.
833 2109 941 2162 Καὶ
975 2110 1062 2163 ἵνα
1088 2111 1161 2182 μὴ
1211 2113 1391 2164 πᾶσαν
1432 2111 1644 2182 ἐκείνην
1689 2111 1887 2181 διηγῶ-

313 2217 411 2270 μαι
451 2201 543 2253 ἐπὶ
594 2200 686 2254 τοῦ
730 2202 997 2273 παρόντος
1053 2203 1152 2274 τὴν
1204 2203 1538 2274 τραγῳδίαν,
1588 2203 1754 2256 τᾶλλα
1796 2205 1890 2257 νῦν

1992 1658 2296 1713 Ecclesiam
2335 1671 2522 1713 coorta
2555 1666 2638 1712 est
2670 1657 2912 1726 procella
2935 1696 2949 1718 ,
2996 1671 3120 1708 cum
3174 1655 3572 1724 gubernatores

1996 1751 2350 1820 undiquaque
2389 1751 2754 1818 pellerentur,
2786 1759 2834 1804 et
2874 1748 3162 1818 praedones
3191 1755 3355 1815 atque
3388 1746 3571 1800 hostes

1995 1843 2049 1896 in
2077 1859 2264 1898 eorum
2306 1843 2485 1895 locum
2533 1841 2934 1898 sullicerentur.
2971 1841 3048 1895 Ac
3090 1856 3157 1893 ne
3207 1849 3375 1892 totam
3425 1840 3571 1891 illam

1993 1935 2048 1988 in
2100 1933 2389 2002 pra'sentia
2443 1932 2763 2000 tragoediam
2824 1914 3147 2000 persequar,
3189 1930 3310 1982 aliis
3351 1936 3575 1998 praetcr-

1991 2025 2200 2086 missis,
2225 2040 2392 2077 unum
2427 2033 2638 2078 tantmn
2665 2023 3135 2085 commemorabo,
3178 2021 3322 2090 quod
3371 2021 3569 2071 floret:-

1994 2124 2102 2170 tem
2164 2117 2216 2170 in
2270 2117 2374 2170 hoc
2425 2132 2555 2171 sene
2613 2117 2784 2171 divini
2839 2116 3076 2187 Spiritus
3115 2116 3349 2185 gratiam
3389 2123 3576 2182 aperte

1998 2208 2422 2260 demonstravit.

2919 2269 2948 2277 .-

312 2296 639 2365 καταλείψω,
686 2298 804 2360 ἑνὸς
841 2297 897 2350 δὲ
946 2298 1108 2367 μόνου
1161 2298 1630 2370 μνησθήσομαι,ὂ
1661 2297 1758 2369 τήν
1816 2301 2156 2354 ἐπανθοῦσαν
2194 2301 2329 2370 τῷδε
2379 2301 2460 2371 τῷ
2525 2301 2806 2373 πρεσϐύτῃ
2872 2301 2965 2355 τοῦ
3042 2301 3186 2354 θείου
3261 2300 3578 2370 Πνεύματος

308 2387 466 2457 χάριν
495 2387 738 2458 ἐναργῶς
775 2389 1066 2456 ὑπέδειξεν.

394 2485 713 2554 Ἐξελήλατο
750 2486 847 2555 μὲν
895 2487 1002 2539 ἀπὸ
1049 2488 1149 2557 τῆς
1175 2489 1493 2558 Ἀντιοχέων
1527 2490 1555 2541 6
1585 2489 1755 2559 μέγας
1781 2489 1891 2542 Με-

309 2571 506 2636 λέτιος,
536 2573 562 2624 6
593 2574 796 2645 ταύτην
826 2576 930 2628 ὑπὸ
972 2577 1067 2629 τοῦ
1101 2577 1210 2630 τῶν
1237 2579 1374 2631 ὅλων
1413 2579 1548 2632 Θεοῦ
1579 2579 1890 2648 ποιμαίνειν

312 2666 742 2735 πεπιστευμένος
766 2683 780 2698 ’
808 2666 1127 2737 ἐξελήλαντο
1156 2668 1214 2720 δὲ
1247 2668 1353 2721 τῶν
1377 2669 1534 2722 θείων
1562 2671 1698 2723 νεῶν
1735 2669 1783 2721 οἱ
1812 2669 1891 2731 είς

308 2756 402 2807 τὸν
433 2756 573 2826 ἱερὸν
602 2757 806 2826 κλῆρον
832 2758 1113 2823 τελοῦντες
1137 2759 1376 2823 ἅπαντες
1413 2762 1511 2814 σὺν
1538 2760 1617 2830 τῷ
1646 2760 1891 2831 ὁμογνώ-

2065 2483 2292 2552 Ejectus
2324 2499 2390 2538 ex
2443 2483 2788 2536 Antiochena
2816 2481 3061 2536 Ecclesia
3110 2481 3286 2536 fuerat
3344 2471 3573 2550 magnus

1993 2573 2267 2637 Meletius,
2299 2575 2385 2628 cui
2413 2573 2556 2628 Deus
2599 2574 2984 2627 universarum
3034 2572 3363 2642 pascendam
3425 2573 3572 2625 illam

1993 2667 2382 2727 commiserat,
2423 2665 2696 2734 ejectique
2735 2681 2799 2719 ex
2845 2665 3054 2717 divinis
3093 2663 3312 2732 templis
3357 2662 3574 2716 fuerant

1991 2773 2116 2812 cum
2160 2760 2362 2828 populo
2406 2759 2518 2812 illis
2545 2759 2928 2812 consentiente
2979 2756 3166 2810 clerici
3198 2770 3427 2818 oumes,
3478 2755 3572 2824 qui

315 2862 435 2914 μονι
484 2845 617 2915 λαῷ,
667 2850 715 2900 οἱ
749 2849 847 2916 τήν
902 2851 1029 2918 μίαν
1059 2851 1160 2920 τῆς
1212 2853 1438 2921 Τριάδος
1491 2853 1640 2915 θείας
1696 2854 1884 2905 οὐσίαν

1992 2847 2285 2904 Trinitatis
2337 2849 2576 2902 divinam
2636 2863 2800 2901 unam
2858 2846 3113 2900 colebant
3151 2845 3474 2899 essentiam.
3507 2843 3573 2898 Et

313 2935 721 3006 πρεσϐεύοντες.
757 2940 866 2991 Καὶ
901 2940 996 2994 νῦν
1041 2942 1140 3010 μὲν
1171 2943 1268 3011 τὴν
1299 2942 1574 3012 ὑπώρειαν
1601 2943 1881 3014 καταλαμ-

311 3025 586 3088 ϐάνοντες,
637 3030 752 3081 ἐκεῖ
796 3030 896 3093 τὰς
947 3031 1096 3102 ἱερὰς
1138 3033 1351 3086 ἐποίουν
1391 3035 1641 3097 συνόδους
1666 3051 1680 3065 '
1709 3035 1803 3087 νῦν
1827 3035 1884 3088 δὲ

310 3119 404 3172 τοῦ
435 3121 682 3191 ποταμοῦ
709 3123 806 3193 τήν
827 3123 993 3193 ὄχθην
1030 3126 1318 3195 εὐκτήριον
1347 3125 1626 3180 ἐποιοῦντο
1649 3127 1847 3198 χωρίον
1867 3142 1879 3155 ·

312 3209 498 3263 ἄλλοτε
521 3211 575 3264 δὲ
629 3212 689 3265 τὸ
745 3214 1040 3284 πολεμικὸν
1072 3217 1394 3286 γυμνάσιον,
1428 3217 1488 3269 τὸ
1522 3217 1628 3288 πρὸ
1657 3219 1754 3288 τῆς
1793 3217 1883 3288 βο-

315 3304 460 3374 ρείου
496 3304 840 3376 διακείμενον
872 3305 1064 3378 πύλης.
1097 3309 1171 3362 Οὐ
1203 3308 1312 3380 γάρ
1349 3307 1475 3360 εἴων
1501 3311 1548 3362 οἱ
1584 3309 1884 3379 πολεμοῦν-

311 3411 402 3458 τες
433 3397 516 3463 ὲφ’
541 3397 655 3459 ἑνὸς
688 3397 932 3461 ἱδρῦσθαι
958 3399 1158 3470 χωρίου
1190 3401 1318 3462 τοὺς
1349 3399 1613 3462 εὐσεϐεῖς.
1658 3399 1884 3472 Ἐθρύλ-

312 3481 484 3554 λησαν
544 3484 601 3536 δὲ
661 3485 755 3538 τοῦ
813 3486 1042 3554 ψεύδους
1093 3490 1144 3541 οἱ
1203 3489 1500 3560 τρόφιμοι,
1552 3489 1648 3542 καὶ
1698 3490 1885 3559 φήμην

313 3572 370 3625 ἐν
407 3573 590 3644 ἐκείνῃ
621 3576 687 3645 τῇ
740 3575 890 3627 πόὶηι
954 3578 1320 3648 κατέσπειραν
1345 3619 1359 3643 ,
1389 3579 1464 3640 ὡς
1504 3579 1598 3632 τοῦ
1647 3580 1883 3650 μεγάλου

313 3662 624 3729 Ἰουλιανοῦ,
658 3665 814 3719 τοῦδε
845 3666 938 3721 τοῦ
985 3669 1310 3738 πρεσϐύτου,
1347 3672 1510 3741 φημὶ,
1534 3671 1641 3722 τῶν
1669 3669 1761 3723 ὑπ’
1789 3672 1883 3723 αὑ-

311 3754 419 3808 τῶν
459 3754 916 3827 θρησκευομένων
960 3760 1249 3830 δογμάτων
1275 3761 1372 3832 τὴν
1397 3763 1680 3816 κοινωνίαν
1711 3764 1887 3816 ἀσπα-

309 3839 562 3913 ζομένου.
580 3845 750 3899 Τοῦτο
787 3848 1025 3918 μάλιστα
1063 3851 1188 3919 ἠνία
1215 3852 1341 3914 τοὺς
1367 3853 1633 3914 εὐσεϐεῖς,
1667 3853 1740 3922 μὴ
1763 3853 1889 3914 τοὺς

313 3933 703 4004 εὐηθεστέρους
733 3941 826 3991 καὶ
847 3940 1283 4012 άπλοῖκωτέρους
1305 3942 1643 4009 φενακίσασα
1665 3946 1697 4012 ἡ
1732 3944 1885 4013 φήμη

311 4020 422 4080 τοῖς
450 4019 560 4072 τῶν
589 4025 882 4092 αἱρετικῶν
937 4029 1205 4099 περιϐάλῃ
1247 4029 1504 4092 δικτύοις.
1553 4031 1691 4082 Ἀλλ’
1717 4032 1764 4081 oi
1799 4031 1886 4082 θε-

313 4107 526 4162 σπέσιοι
565 4112 656 4162 καὶ
689 4115 950 4184 μακάριοι
995 4117 1205 4186 ἄνδρες,
1248 4119 1542 4182 Φλαϐιανὸς
1572 4121 1665 4172 καὶ
1693 4121 1888 4173 Διόδω-

1987 2954 2135 2996 nunc
2157 2939 2383 3010 quidem
2423 2939 2489 2993 ad
2525 2939 2727 2992 montis
2762 2939 2869 2994 ima
2911 2938 3217 3000 venientes,
3256 2952 3450 2992 sacros
3492 2939 3568 2991 ibi

1987 3039 2289 3088 conventus
2317 3030 2678 3085 celebrabant
2712 3046 2726 3082 :
2755 3043 2902 3082 nunc
2937 3037 3120 3082 autem
3148 3029 3201 3081 in
3231 3029 3348 3097 ripa
3383 3027 3569 3082 ﬂumi-

1985 3129 2071 3182 nis
2109 3127 2424 3181 statuebant
2468 3123 2764 3178 oratorinm
2794 3139 2808 3176 :
2839 3137 3227 3192 nonnunquam
3284 3123 3448 3176 etiam
3510 3123 3568 3178 in

1983 3217 2183 3272 bellico
2237 3216 2524 3287 gymnasio
2588 3213 2734 3284 quod
2797 3213 2962 3268 situm
3020 3225 3105 3268 est
3160 3221 3289 3267 ante
3350 3223 3566 3282 portam

1985 3307 2492 3379 septentrionalem.
2548 3305 2666 3360 Non
2721 3306 2866 3359 enim
2930 3305 3318 3374 permittebant
3374 3303 3564 3357 hostes

1987 3417 2098 3453 uno
2145 3383 2198 3451 in
2245 3397 2370 3452 loco
2415 3397 2566 3466 ‘pios
2626 3395 2959 3450 consistere.
3031 3392 3320 3448 Jactarant
3385 3400 3565 3445 autem

1949 3558 1955 3565 .
1986 3488 2195 3542 alumni
2224 3487 2518 3549 mendacii,
2551 3493 2606 3540 et
2633 3500 2908 3539 rumorem
2947 3484 3001 3538 in
3035 3485 3127 3537 illa
3159 3484 3378 3538 civitate
3409 3497 3567 3551 spar-

1986 3586 2206 3634 serant:
2235 3580 2392 3647 quasi
2425 3592 2656 3648 magnus
2678 3575 3079 3640 Julianus,hic,
3107 3576 3349 3644 inquam,
3377 3589 3564 3634 senex,

1991 3668 2198 3737 1131
2233 3668 2550 3737 dogmatum
2578 3681 2700 3736 qua:
2738 3665 2842 3734 ipsi
2872 3664 3244 3734 sequebantur
3274 3663 3568 3731 amplecte-

1988 3769 2140 3814 retur
2169 3760 2633 3814 communionem.
2657 3757 2788 3824 Qua:
2807 3774 2890 3812 res
2906 3758 3024 3828 pios
3051 3758 3284 3810 maxime
3306 3756 3560 3826 angebat,

1988 3867 2056 3906 ne
2088 3851 2232 3904 fama
2264 3852 2378 3906 haec
2433 3851 2686 3904 rudiores
2721 3849 2863 3904 forte
2913 3864 2976 3904 ac
3011 3849 3381 3919 simpliciores
3417 3847 3567 3900 deci-

1989 3942 2145 4008 piens
2197 3942 2582 3994 hmreticorum
2624 3941 2746 3992 illos
2802 3940 3014 4008 laqueis
3077 3940 3405 4006 implicaret.
3457 3936 3566 3990 Sed

1988 4031 2158 4084 divini
2180 4031 2433 4098 beatique
2457 4031 2580 4093 viri,
2606 4030 2903 4083 Flavianus
2924 4039 2979 4083 et
3011 4027 3310 4089 Diodorus,
3346 4029 3567 4098 presby-

1991 4127 2168 4172 teratu
2223 4119 2401 4172 oruati
2458 4119 2640 4180 ambo,
2693 4117 3071 4186 religiosoque
3122 4118 3322 4185 pepqu
3373 4119 3564 4183 praesi-

315 4211 428 4270 ρος,
462 4199 773 4271 ἱερουργίας
794 4204 1110 4273 ἠξιωμένοι,
1137 4208 1230 4259 καὶ
1260 4209 1353 4260 τοῦ
1387 4209 1532 4279 ἱεροῦ
1567 4210 1695 4262 λαοῦ
1729 4228 1889 4282 προσ-

1996 4210 2212 4272 dentes,
2237 4218 2289 4264 et
2325 4209 2654 4278 Aphraates,
2697 4208 2856 4275 cujus
2907 4208 3071 4260 vitam
3125 4207 3275 4261 vobis
3333 4209 3564 4263 seorsim

313 4287 650 4355 τατεύοντες,
685 4293 778 4345 καὶ
821 4294 1157 4366 Ἀφραάτης,
1191 4293 1250 4352 οὗ
1291 4300 1382 4352 τὸν
1427 4301 1536 4371 βίον
1583 4303 1744 4356 αὐτὸν
1775 4303 1898 4356 καθ’

315 4381 506 4435 ἑαυτὸν
546 4383 674 4453 ὑμῖν
719 4387 815 4439 σὺν
864 4387 983 4458 Θεῷ
1019 4389 1184 4458 φάναι
1244 4393 1558 4464 προσθήσω,
1587 4394 1676 4446 τὸν
1727 4395 1898 4464 μέγαν

315 4473 518 4526 ἐκεῖνον
539 4474 594 4526 Ἀ
605 4476 794 4529 κάκιον
815 4479 1114 4546 πείθουσιν,
1130 4478 1190 4534 οῦ
1212 4483 1313 4553 ἤδη
1344 4483 1441 4556 τήν
1473 4485 1696 4556 μνήμην
1712 4487 1897 4555 ἐποιη-

318 4561 561 4632 σάμεθα,
605 4565 789 4620 λαϐεῖν
839 4569 937 4639 μὲν
979 4569 1078 4639 τῆς
1107 4572 1226 4625 ὀδοῦ
1263 4574 1516 4626 κοινωνὸν
1561 4576 1651 4627 τὸν
1699 4574 1894 4628 ἑαυτοῦ

317 4653 416 4722 μὲν
447 4655 785 4722 διδάσκαλον,
821 4660 975 4713 τοῦδε
1006 4662 1062 4714 δὲ
1094 4663 1186 4716 τοῦ
1218 4663 1375 4732 ἁγίου
1412 4665 1663 4736 γέροντος
1697 4684 1886 4737 φοιτη-

313 4741 433 4813 τὴν,
452 4745 728 4818 Ἀστέριον
765 4751 969 4804 ἐκεῖνον
1003 4752 1092 4804 τὸν
1120 4755 1282 4820 πάνυ,
1309 4756 1536 4826 δραμεῖν
1571 4757 1626 4810 δὲ
1672 4758 1805 4827 πρὸς
1833 4758 1890 4810 τὸ

315 4833 492 4886 κοινὸν
524 4837 622 4905 τῆς
653 4838 980 4910 Ἐκκλησίας
1031 4843 1345 4915 ἀγλάϊσμα,
1375 4846 1475 4913 τῆς
1530 4848 1891 4918 εὐαγγελικῆς

314 4920 660 4990 διδασκαλίας
691 4930 751 4982 τὸ
779 4930 1030 5003 ἔρεισμα,
1063 4935 1156 4988 καὶ
1209 4939 1395 4989 πεῖσαι
1433 4938 1750 4991 καταλιπεῖν
1794 4940 1891 5009 μὲν

315 5011 414 5082 τὴν
441 5015 498 5066 ὲν
528 5019 592 5088 τῇ
626 5019 816 5090 ἐρήμῳ
859 5022 1172 5095 διατριϐὴν,
1205 5026 1494 5094 ἀφικέσθαι
1543 5029 1600 5082 δὲ
1646 5031 1726 5092 είς
1773 5033 1892 5083 ἐπι-

317 5105 541 5178 κουρίαν
594 5111 872 5178 μυριάδων
901 5113 1170 5168 τοσούτων
1204 5116 1293 5169 ὑπ’
1325 5117 1600 5188 ἐξαπάτης
1655 5119 1890 5174 ἀπολλυ-

389 5293 415 5335 γ
449 5281 552 5339 lsa.
590 5301 678 5340 xiv
736 5287 792 5340 5.

2002 4301 2110 4353 Deo
2170 4301 2335 4354 dante
2395 4299 2671 4368 adjiciam,
2740 4313 2937 4366 magno
2996 4297 3072 4350 illi
3125 4299 3356 4360 Acacio,
3410 4299 3566 4368 cujus

1998 4392 2326 4446 mentionem
2356 4391 2468 4459 jam
2501 4389 2762 4450 fecimus.
2801 4388 3130 4456 persuadent
3169 4398 3228 4442 ut
3269 4389 3367 4443 via:
3395 4391 3568 4443 comi—

1997 4491 2105 4538 tem
2137 4483 2394 4552 accipiat,
2428 4497 2588 4538 suum
2620 4480 2842 4546 quidem
2877 4480 3220 4549 magistrum,
3255 4481 3348 4534 sed
3388 4481 3565 4535 Sancti

1994 4576 2146 4631 senis
2178 4574 2536 4645 discipulum,
2576 4574 2845 4641 insignem
2877 4572 3178 4636 Asterium,
3233 4571 3566 4640 festinaque

1991 4664 2059 4717 ad
2113 4678 2458 4716 communem
2522 4661 2742 4731 pietatis
2793 4659 3186 4729 splendorem,
3240 4662 3566 4730 evangelica)

1989 4754 2258 4808 doctrina:
2297 4755 2761 4814 sustentaculum,
2784 4753 2945 4820 eique
2984 4751 3334 4821 persuadeat,
3365 4759 3443 4812 ut,
3474 4768 3564 4806 so-

1989 4845 2242 4900 litudinis
2267 4846 2604 4899 habitatione
2631 4844 2848 4907 relicta,
2883 4843 3100 4907 veniat,
3133 4840 3378 4910 feratque
3406 4842 3564 4895 auxi-

1991 4936 2122 4989 lium
2166 4943 2247 4990 tot
2300 4936 2545 4990 millibus
2596 4932 2820 4988 fraude'
2865 4934 3145 4996 euntibus,
3195 4942 3249 4986 et
3298 4933 3564 4988 adventus

1990 5030 2074 5084 sui
2106 5044 2228 5083 rore
2277 5028 2551 5082 ﬂammam
2600 5026 2918 5095 esstinguat
2974 5024 3254 5077 Ariauam.
3308 5023 3566 5077 Accurrit

1991 5120 2213 5175 divinus
2246 5118 2505 5183 Aeacius,
2541 5127 2594 5172 ct
2621 5125 2860 5186 sumpto,
2889 5125 2950 5170 ut
2987 5114 3177 5185 jussus
3198 5121 3337 5179 erat,
3366 5128 3568 5182 magno

1624 5377 1862 5435 VARM‘J
1903 5379 2302 5436 LECTIONES.

387 5465 408 5522 ξ
437 5465 660 5522 Brevius
694 5468 809 5523 haec
840 5476 1024 5522 narrat
1047 5466 1242 5523 Noster
1265 5470 1410 5524 Hist.
1438 5470 1562 5525 εστι.
1587 5486 1660 5541 ιν,
1699 5470 1789 5524 ει.
