3974 6212
504 184 645 252 ΐ319
1487 183 1971 244 TIIEODORETI
2003 183 2338 244 EPISCOPI
2369 185 2732 245 CYRENSIS
3616 192 3755 254 1320

502 297 741 361 Asterio,
772 293 842 357 ad
878 292 1176 349 maximum
1207 292 1467 349 Ecclesia:
1507 294 1691 349 lumen
1724 308 1784 349 se
1809 292 2063 359 contulit,

2176 296 2351 364 μένων
2374 335 2387 358 ,
2421 296 2514 349 καὶ
2568 295 2666 366 τὴν
2693 293 2906 365 Ἀρείου
2952 290 3286 351 κατασϐέσαι
3331 298 3509 367 φλόγα
3552 303 3619 371 τῇ
3648 301 3759 368 τῆς

501 395 558 441 et
584 402 707 442 cum
734 397 858 441 eum
883 386 1211 442 salutasset:
1241 404 1260 437 ι
1288 384 1383 439 Die
1414 384 1567 451 mihi,
1601 384 1802 455 inquit,
1829 399 1863 439 ο
1891 392 2066 454 pater,

500 492 741 549 quanam
774 477 842 530 de
879 490 1045 531 causa
1078 483 1252 530 totum
1283 475 1429 530 ltunc
1454 476 1695 530 laborem
1738 483 1847 529 tam
1896 476 2069 529 liben-

502 576 586 622 ter
611 567 857 623 tuleras?
884 586 903 619 ι
932 566 1029 621 1110
1052 575 1231 622 autem
1259 566 1312 620 in
1342 567 1455 621 [nec
1482 567 1642 621 verba
1664 566 2066 636 respondente:

507 659 681 715 (Milli
715 668 770 715 et
821 675 1074 731 corpore,
1137 668 1193 714 et
1241 660 1458 723 anima,
1498 659 1738 729 vitaque,
1783 666 1837 713 et
1905 658 2069 714 rebus

498 752 759 809 omnibus
800 752 1098 823 pretiosior
1133 764 1218 807 est
1248 750 1342 805 Dei
1385 752 1568 804 cultus
1595 769 1609 805 :
1635 765 1806 805 conor
1861 757 2067 814 autem,

498 843 678 913 quoad
721 842 840 913 ejus
873 858 902 896 a
936 858 1022 897 me
1049 842 1165 896 ﬁeri
1194 851 1396 912 potest.
1426 841 1689 895 mundum
1748 841 1825 895 illi
1871 839 2069 895 oll'erre

500 933 891 999 ministerium,
920 932 1081 1002 eique
1121 941 1399 1003 perpetuo.
1438 933 1672 1001 placere.
1705 951 1723 983 ι
1744 964 1811 973 -
1834 951 1852 983 ι
1882 932 2068 987 Ratio-

501 1040 622 1078 nem
656 1022 774 1086 tibi,
814 1024 889 1076 ait
917 1024 1175 1087 Aeacius,
1208 1038 1499 1093 exponam,
1529 1039 1636 1093 qua
1668 1023 1745 1077 illi
1776 1024 2067 1094 plusquam

501 1128 648 1167 nunc
697 1111 932 1167 servias.
973 1111 1139 1183 quue
1181 1129 1281 1181 ego
1321 1130 1428 1167 non
1476 1115 1591 1167 sola
1650 1115 2069 1171 ratiocinatione

494 1205 719 1271 ductus,
762 1206 858 1259 sed
921 1206 1095 1276 ipsius
1133 1206 1423 1276 disciplina
1476 1206 1706 1261 edoctus
1757 1207 2063 1262 ostendam.

499 1294 633 1350 Nam
688 1312 810 1351 cum
870 1296 1089 1351 Petrum
1148 1297 1449 1367 aliquando
1510 1298 1933 1367 interrogasset,
1997 1312 2067 1352 an

497 1402 621 1440 eum
658 1387 777 1454 plus
808 1387 1020 1441 caeteris
1052 1396 1282 1451 amaret,
1323 1388 1700 1458 audiissetque
1730 1389 1780 1442 id
1814 1388 1959 1458 quod
1984 1389 2067 1443 vel

498 1485 624 1532 ante
652 1475 795 1530 Petri
829 1492 1014 1533 vocem
1046 1478 1257 1549 1132
1291 1479 1514 1539 sciebat.
1545 1497 1563 1530 ι
1596 1479 1841 1544 Domine,
1872 1487 1928 1533 tu
1959 1480 2068 1536 scis

501 1582 522 1616 ι
558 1564 703 1635 quod
746 1581 921 1621 amem
960 1576 1044 1633 te;
1073 1586 1090 1619 ι
1122 1568 1360 1623 ostendit
1387 1570 1435 1624 ei
1459 1568 1720 1638 quidnam
1745 1584 1913 1640 agens
1941 1585 2065 1624 eum

2177 382 2413 452 ἀφίξεως
2442 384 2634 455 δρόσῳ.
2675 384 2944 454 Ἔδραμεν
2980 388 3009 439 ό
3036 385 3177 449 θεῖος
3217 386 3497 451 ’Λκάκιος,
3524 388 3617 441 καὶ
3658 389 3758 441 τὸν

2180 473 2352 542 μέγαν
2370 473 2644 544 Ἀστέριον
2672 473 2748 537 ὡς
2772 474 3113 547 προσετάχθη
3144 476 3348 540 λαϐὼν,
3367 477 3595 546 ἀφίκετο
3615 477 3758 548 πρὶς

2174 562 2266 615 τὸν
2300 562 2554 633 μέγιστον
2600 564 2700 635 τῆς
2728 564 3057 635 Ἐκκλησίας
3114 568 3404 638 quiat-739:,
3434 571 3529 622 καὶ
3574 570 3759 623 ἄσπα-

2176 657 2430 728 σάμενος,
2471 677 2489 709 ‹
2528 659 2661 713 Εἰπέ
2716 676 2825 729 μοι,
2878 658 3005 731 ἔφη,
3059 654 3104 713 ὦ
3160 660 3366 731 Πάτερ,
3395 662 3542 723 τίνος
3586 661 3758 715 ἕνεκα

2175 747 2362 802 τοῦτον
2382 748 2594 803 ἅπαντα
2639 749 2730 803 τὸν
2761 751 2921 805 πόνον
2974 751 3093 821 μεθ’
3130 753 3324 822 ἡδονῆς
3364 754 3690 823 ὑπομένειςς
3733 774 3753 806 ι

2177 840 2283 893 Τοῦ
2314 842 2370 894 δὲ
2406 842 2864 912 ἀποκριναμένου,
2892 844 2969 907 ὡς
3002 863 3020 894 ι
3060 844 3170 897 Καὶ
3212 844 3487 915 σώματος,
3523 848 3620 898 καὶ
3649 846 3760 915 ψυ-

2175 931 2295 1001 χῆς,
2319 931 2410 984 καὶ
2441 931 2605 1000 ζωῆς,
2630 932 2725 985 καὶ
2774 931 2867 985 τοῦ
2906 930 3020 1001 βίου
3063 933 3262 997 παντὸς
3296 935 3329 1005 ή
3359 937 3453 986 τοῦ
3495 936 3631 987 Θεοῦ
3662 952 3756 1003 μοι

2175 1020 2439 1091 θεραπεία
2478 1022 2821 1093 τιμιωτέρα,
2865 1024 2958 1077 καὶ
3008 1024 3287 1093 πειρῶμαι
3340 1025 3462 1077 ὅσον
3511 1024 3759 1093 δύναμαι

2174 1109 2420 1180 καθαρὰν
2451 1110 2600 1181 αύτῷ
2651 1110 2823 1181 ῥύπου
2862 1111 2962 1182 τὴν
3002 1112 3342 1183 λειτουργίαν
3395 1113 3757 1183 προσφέρειν,

2174 1203 2268 1255 καὶ⁵
2336 1202 2422 1255 διὰ
2493 1204 2709 1257 πάντων
2760 1206 3033 1275 ἀρέσκειν.
3081 1233 3153 1244 -
3197 1203 3581 1273 Ύποδείκνυμί
3646 1220 3757 1265 σοι,

2172 1293 2201 1344 ό
2242 1292 2493 1357 Ἀκάκιος
2547 1295 2683 1363 ἔφη,
2716 1296 2936 1366 τρόπον,
2962 1295 3028 1349 δι’
3075 1289 3136 1349 οὗ
3177 1294 3338 1348 πλέον
3372 1295 3403 1363 ἢ
3455 1298 3552 1347 νῦν
3581 1296 3759 1347 αὺτὸν

2174 1383 2549 1455 θεραπεύσεις,
2582 1383 2855 1437 καὶτοῦτο
2881 1385 3011 1453 ἐρῶ,
3041 1386 3101 1439 ού
3136 1384 3382 1455 λογισμῷ
3416 1384 3563 1454 μόνῳ
3598 1383 3761 1454 χρώ-

2175 1491 2374 1544 μενος,
2408 1473 2544 1528 ἀλλὰ
2607 1474 2701 1543 τῆς
2759 1474 2925 1527 αὑτοῦ
2981 1473 3329 1537 διδασκαλίας
3386 1472 3757 1543 μεμαθηκώς.

2186 1565 2473 1636 Ἐρόμενος
2503 1564 2611 1636 γάρ
2643 1582 2768 1618 ποτε
2793 1566 2885 1618 τὸν
2914 1565 3142 1634 Πέτρον,
3174 1566 3225 1618 εί
3262 1564 3423 1618 πλέον
3450 1564 3618 1617 αὐτὸν
3643 1563 3759 1616 τῶν

494 1658 701 1712 coleret
752 1659 1056 1728 impensius
1088 1677 1102 1714 :
1131 1679 1150 1711 ι
1175 1659 1233 1714 Si
1281 1674 1435 1717 amas
1489 1676 1595 1727 me,
1650 1661 1871 1731 inquit,
1903 1676 2063 1731 pasce

2169 1632 2343 1711 ἄλλων
2391 1653 2553 1722 φιλεῖ,
2583 1632 2683 1708 καὶ
2735 1652 2920 1725 μαθὼν
2966 1653 2995 1707 δ
3030 1632 3301 1725 ἠπίστατο
3350 1652 3445 1708 καὶ
3493 1652 3603 1724 πρὸ
3651 1656 3759 1723 τῆς

502 1769 520 1800 ι
555 1763 687 1803 oves
717 1764 886 1813 meas,
925 1760 980 1804 et
1015 1765 1177 1821 pasce
1204 1765 1373 1820 agnos
1412 1767 1564 1808 meos
1589 1762 1634 1808 ι.
1664 1773 1682 1806 ι
1715 1753 1828 1809 Hoc
1849 1770 2068 1825 quoque

495 1840 617 1902 tibi,
645 1854 678 1893 o
711 1850 882 1910 pater,
913 1840 1222 1897 faciendum
1263 1852 1368 1899 est.
1411 1843 1720 1899 Periculum
1751 1847 1896 1900 enim
1946 1856 2065 1913 est,

495 1944 563 1984 ne
586 1944 713 1984 uvcs
734 1946 763 1983 a
790 1930 929 1999 lupis
952 1930 1286 1988 devorentur
1321 1952 1334 1990 :
1372 1934 1470 1989 bas
1501 1946 1679 1990 autem
1713 1937 1866 1991 valde
1897 1947 2064 1999 amat,

494 2020 587 2088 qui
623 2035 651 2072 a
684 2028 735 2075 te
768 2021 923 2077 valde
956 2033 1189 2090 amatur,
1220 2032 1274 2078 et
1307 2025 1608 2079 amantium
1644 2029 1929 2097 proprium
1982 2036 2065 2085 est

493 2111 584 2166 illa
617 2112 819 2180 facere,
851 2128 973 2183 qua:
1006 2129 1131 2169 cum
1176 2116 1311 2171 [lunt
1338 2157 1352 2181 ,
1383 2118 1463 2172 eis
1494 2119 1588 2187 qui
1632 2128 1885 2173 amantur
1913 2130 2066 2191 grata

493 2212 641 2257 sunt.
678 2202 743 2256 Et
783 2204 991 2276 alioqui
1028 2206 1331 2276 periculum
1373 2216 1456 2264 est
1489 2225 1596 2264 non
1634 2224 1889 2280 parvum,
1924 2214 2064 2266 mul-

491 2302 785 2366 torumque
820 2306 874 2351 et
912 2314 1233 2365 magnorum
1289 2301 1519 2357 istorum
1570 2302 1832 2357 sudorum
1905 2304 2068 2360 detri-

495 2397 762 2452 mentum,
803 2388 849 2443 si
880 2390 1164 2446 veritatem
1192 2393 1433 2463 graviter
1456 2403 1822 2464 oppugnatam
1848 2397 2066 2453 silentio

491 2479 647 2548 prodi
692 2479 923 2548 patiare,
974 2481 1205 2551 ejusque
1268 2491 1572 2540 sectatores
1605 2487 1750 2556 capi,
1792 2497 1953 2558 atque
1998 2490 2067 2544 ad

490 2584 587 2624 eos
610 2570 905 2638 capiendos
936 2572 1014 2624 ttti
1056 2573 1297 2626 nominis
1327 2589 1505 2628 escam
1544 2577 1762 2644 apponi.
1801 2577 1876 2633 Te
1896 2580 2068 2650 siqui-

491 2660 614 2713 dem
662 2659 961 2731 impietatis
1022 2676 1135 2715 sua:
1197 2664 1406 2717 socium
1464 2664 1661 2720 habere
1720 2683 1779 2722 se
1832 2670 2068 2726 inaniter

487 2750 703 2821 jactaut
738 2751 1001 2821 praesides
1032 2752 1248 2805 Ariame
1283 2753 1727 2813 abominationis.
1761 2777 1780 2810 ι
1818 2760 1916 2816 llis
1964 2778 2065 2816 au-

489 2842 643 2903 ditis.
681 2857 847 2897 senex
905 2841 1147 2912 quietem
1190 2844 1376 2898 statim
1408 2845 1477 2898 ad
1522 2854 1739 2918 tempus
1768 2853 2067 2923 valereju-

2169 1743 2375 1814 Πέτρου
2423 1741 2642 1812 φωνῆς·
2677 1760 2695 1792 ι
2736 1743 2809 1796 Σὺ
2841 1742 2949 1813 γάρ
3000 1737 3164 1805 οἶδας,
3212 1741 3367 1811 φησὶ,
3422 1741 3597 1811 Κύριε
3626 1783 3643 1805 ,
3669 1742 3757 1795 ὅτι

2170 1834 2308 1906 φιλῶ
2338 1852 2419 1899 σε,
2454 1853 2471 1886 ι
2523 1834 2798 1900 ὑπέδειξεν
2842 1834 2988 1905 αύτῴ
3023 1835 3075 1887 τί
3121 1834 3326 1905 δράσας
3380 1833 3547 1887 πλέον
3579 1832 3757 1886 αύτδν

2171 1925 2561 1998 θεραπεύσειεν
2589 1944 2605 1960 ’
2650 1945 2668 1977 σ
2706 1927 2768 1980 Εί
2802 1926 2911 1997 γὰρ
2945 1926 3117 1996 φιλεῖς
3151 1943 3238 1997 με,
3283 1927 3451 1994 φησι,
3487 1926 3755 1994 ποίμαινε

2168 2018 2237 2074 τά
2263 2018 2509 2090 πρόϐατά
2554 2037 2679 2090 μου,
2729 2020 2822 2072 καὶ
2857 2018 3017 2087 βάσκε
3057 2036 3159 2089 μου
3194 2018 3264 2072 τά
3314 2016 3496 2088 ἀρνία.
3522 2038 3543 2070 ι
3574 2016 3757 2071 Τοῦτο

2170 2112 2264 2166 καὶ
2286 2111 2390 2178 σοὶ,
2409 2104 2455 2165 ὧ
2480 2112 2683 2184 Πάτερ,
2707 2111 2960 2181 ποιητέον
2989 2110 3123 2164 ἐστί.
3155 2110 3465 2165 Κινδυνεύει
3496 2112 3609 2181 γὰρ
3646 2112 3755 2165 ὑπ’)

2170 2201 2351 2255 λύκων
2377 2201 2740 2272 διαφθαρῆναι
2765 2199 2834 2254 τά
2866 2200 3110 2272 ποίμνια,
3152 2200 3299 2272 φιλεῖ
3319 2202 3375 2255 δὲ
3403 2200 3547 2254 αὐτὰ
3572 2202 3697 2255 λίαν
3720 2205 3755 2254 ὁ

2171 2293 2276 2346 ὑπὸ
2298 2291 2391 2346 σοῦ
2418 2292 2572 2361 φιλού
2580 2309 2738 2362 μενος
2766 2291 2886 2346 λίαν
2911 2293 3070 2346 ’ἴδιον
3087 2293 3143 2347 δὲ
3160 2291 3264 2345 τῶν
3288 2290 3539 2363 ἐρώντων
3560 2294 3749 2346 ἐκεῖνα

2169 2384 2360 2446 ποιεῖν,
2393 2382 2429 2437 ἃ
2456 2384 2583 2447 τοὺς
2627 2382 2939 2453 ἐρωμένους
2981 2383 3263 2453 ἐπιτέρπει
3314 2383 3600 2451 γινόμενα.
3621 2384 3752 2436 Ἀλι-

2168 2475 2276 2537 λως
2304 2490 2362 2528 τε
2387 2474 2444 2527 δέ
2473 2477 2568 2528 καὶ
2597 2473 2839 2538 κίνδυνος
2866 2472 2928 2527 ού
2969 2472 3221 2545 σμικρὸς,
3261 2476 3354 2527 καὶ
3382 2474 3495 2527 τῶν
3534 2475 3749 2528 πολλῶν

2169 2566 2265 2620 καὶ
2323 2566 2576 2637 μεγάλων
2621 2566 2843 2619 ἐκείνων
2873 2565 3113 2637 ἱδρώτων
3161 2565 3352 2636 ζημία,
3388 2567 3435 2619 εί
3488 2567 3750 2638 ἀνάσχοιο

2171 2660 2295 2728 σιγῇ
2320 2656 2582 2728 προέσθαι
2609 2658 2709 2728 τὴν
2744 2657 3003 2728 ἀλήθειαν
3032 2656 3285 2728 χαλεπῶς
3306 2657 3747 2729 πολεμουμένην,

2166 2748 2293 2809 τοὺς
2345 2747 2400 2800 δὲ
2448 2747 2619 2818 ταύτῃ
2656 2747 3082 2818 προσκειμένους
3110 2747 3751 2818 ἁγρευομένους,δέλεαρ

2166 2837 2223 2891 δέ
2252 2836 2359 2890 τῶν
2388 2837 2769 2907 θηρευομένων
2798 2840 2896 2910 τὴν
2928 2838 3027 2907 σὴν
3052 2837 3307 2906 γενέσθαι
3327 2840 3703 2909 προσηγορίαν
3730 2854 3745 2867 ·

493 2935 649 2996 bens,
684 2946 785 2986 nec
833 2932 1074 2987 civitatis
1126 2936 1392 3003 strepitus
1423 2935 1529 2991 sibi
1570 2939 1866 2996 inusitatos
1917 2942 2063 2999 refu-

2170 2930 2426 2983 κοινωνίιν
2469 2930 2578 3002 γὰρ
2606 2928 2753 2999 ἔχειν
2801 2947 2861 2983 σε
2910 2931 3013 3000 τῆς
3053 2931 3321 3000 σφετέρας
3348 2932 3675 2995 δυσσεϐείας
3698 2932 3751 2984 οἱ

495 3023 673 3092 giens,
710 3021 1057 3076 Antiochiam
1107 3022 1390 3094 profeCtus
1429 3035 1535 3081 est.
1591 3028 1832 3085 Duorum
1884 3040 2065 3089 autem

492 3119 572 3171 vel
609 3116 775 3169 trium
814 3114 1027 3170 dierum
1062 3116 1257 3171 itinere
1279 3132 1612 3187 progressus
1647 3122 1698 3175 in
1748 3124 2065 3190 solitudine.

490 3208 658 3256 noctu
689 3202 837 3258 venit
869 3203 924 3257 in
951 3204 1271 3275 oppidulum
1304 3209 1603 3277 quoddam.
1640 3209 1715 3266 lbi
1754 3212 1908 3269 dives
1944 3232 2067 3270 mu-

490 3292 744 3358 liercula,
781 3308 999 3351 sacrum
1036 3296 1188 3351 Illum
1226 3306 1429 3354 emtum
1462 3300 1650 3357 venire
1683 3303 1935 3368 audiens,
1967 3307 2066 3361 ob-

489 3383 633 3437 viam
671 3387 914 3441 occurrit
960 3400 1154 3444 eorum
1208 3400 1533 3460 perceptum
1583 3392 2061 3451 benedictionem:

490 3475 833 3547 genibusque
875 3479 1196 3548 provoluta,
1234 3484 1447 3552 rogavit
1486 3493 1542 3537 ut
1583 3484 1779 3539 domus
1828 3502 1942 3543 sua:
1983 3488 2067 3543 di-

490 3567 732 3625 versorio
794 3575 1104 3624 uterentur.
1166 3569 1346 3626 Cessit
1385 3587 1589 3635 senex,
1648 3578 1865 3631 tametsi
1907 3580 2066 3636 annis

489 3658 727 3728 amplius
759 3659 1126 3729 quadraginta
1172 3660 1270 3714 tali
1318 3663 1635 3731 spectaculo
1676 3665 2061 3725 abstinuisset.

488 3744 626 3800 Dum
658 3746 715 3800 in
738 3757 1055 3802 sanctorum
1087 3750 1335 3804 virorum
1371 3751 1682 3809 ministerio
1720 3756 2065 3817 admirabilis

487 3832 580 3888 illa
608 3835 803 3890 mulier
847 3846 995 3891 esset
1041 3848 1326 3908 occupata,
1364 3842 1533 3909 puer‘
1587 3845 1869 3913 septennis
1921 3848 2063 3905 illius

487 3925 687 3979 unicus
720 3925 916 3991 matri,
944 3943 1066 3997 qua:
1102 3928 1528 4001 hospitalitatem
1565 3932 1744 3989 Sarrae
1777 3946 1861 3992 est
1894 3954 2065 3993 :emu-

487 4015 620 4083 lata,
649 4016 753 4071 sub
778 4032 1063 4087 vesperam
1098 4029 1153 4072 et
1184 4022 1439 4077 tenebras
1483 4023 1686 4080 cecidit
1717 4026 1774 4080 in
1812 4036 2060 4098 puteum.

487 4105 566 4161 Ex
604 4122 713 4178 quo
765 4122 887 4163 cum
926 4110 1195 4167 tmnultus
1219 4151 1234 4176 ,
1288 4120 1347 4166 ut
1398 4129 1498 4185 par
1534 4124 1675 4183 erat,
1712 4112 1937 4176 exortus
1974 4120 2062 4176 in-

487 4212 622 4267 gens
643 4207 809 4262 esset,
840 4208 1035 4264 mater,
1066 4214 1124 4255 re
1146 4202 1388 4271 cognita,
1420 4204 1706 4273 quiescere
1730 4222 1925 4264 omnes
1942 4208 2060 4279 jus-

2168 3023 2269 3093 τῆς
2320 3023 2533 3094 Ἀρείου
2586 3021 2869 3094 βδελυρίας
2926 3025 3226 3092 προστάται
3282 3023 3676 3077 νεανιεύονται.
3726 3044 3747 3072 ο

2170 3115 2346 3179 Εὐθὺς
2374 3113 2613 3177 ἀκούσας
2646 3117 2674 3168 ό
2706 3113 3038 3184 πρεσϐύτης,
3072 3116 3136 3184 τῇ
3172 3115 3269 3183 μέν
3300 3114 3501 3184 ἡσυχία
3528 3116 3754 3185 χαίρειν

2168 3205 2339 3259 εἰπὼν
2382 3206 2461 3268 είς
2518 3205 2727 3276 καιρὸν,
2762 3204 2871 3259 τῶν
2921 3205 2977 3258 δὲ
3025 3205 3318 3259 πολιτικῶν
3363 3204 3613 3274 θορύϐων
3648 3207 3757 3259 οὐκ

2168 3296 2478 3365 ἀγωνιάσας
2533 3297 2593 3350 τὺ
2646 3295 2832 3366 ἄηθες,
2880 3295 2973 3348 ἐπὶ
3020 3296 3118 3367 τὴν
3152 3296 3476 3366 Ἀντιόχειαν
3516 3296 3755 3367 ἔτρεχε.

2167 3389 2272 3442 Δύο
2290 3389 2346 3441 δὲ
2377 3389 2470 3441 καὶ
2498 3390 2645 3457 τρεῖς
2676 3386 2941 3453 ἐξανύσας
2961 3384 3050 3439 διὰ
3080 3385 3179 3456 τῆς
3203 3386 3408 3456 ἐρήμου
3438 3385 3753 3455 σταθμοὺς.

2168 3482 2246 3544 είς
2278 3496 2332 3532 τι
2379 3478 2575 3549 χωρίον
2615 3478 2851 3549 ἑσπέρας
2910 3478 3323 3547 καταλαὸούσης
3363 3478 3617 3546 ἀφίκετο.
3652 3479 3759 3532 F.2-

2167 3585 2316 3622 ναιον
2334 3568 2391 3622 δέ
2418 3582 2471 3621 τι
2493 3569 2601 3622 τῶν
2634 3568 2880 3639 εὐπόρων
2908 3568 3000 3620 τὸν
3040 3567 3183 3639 ἱερὸν
3213 3566 3420 3620 ἐκεῖνον
3440 3568 3609 3638 ἥκειν
3642 3586 3755 3621 πυ-

2168 3661 2368 3731 θομένη
2396 3662 2573 3732 χορὸν,
2605 3661 2836 3730 ἔδραμεν
2857 3658 3023 3713 αὑτοῦ
3053 3659 3323 3731 τρυγῆσαι
3344 3659 3441 3727 τὴν
3462 3658 3751 3727 εὐλογίαν*

2168 3754 2263 3807 καὶ
2294 3753 2402 3821 πρὸ
2430 3753 2539 3804 τῶν
2572 3752 2746 3805 ποδῶν
2792 3749 3185 3821 καλινδουμένη
3223 3749 3323 3820 τὴν
3364 3749 3545 3803 οἰκίαν
3578 3750 3755 3820 αὐτῆς

2165 3843 2421 3913 γενέσθαι
2452 3840 2797 3910 καταγώγιον
2818 3841 3105 3911 ἠντιϐόλει.
3136 3835 3293 3906 Είξεν
3323 3840 3352 3892 ό
3389 3840 3717 3910 πρεσεύτης
3738 3858 3749 3865 η

2166 3936 2258 3989 καὶ
2283 3934 2455 3988 ταῦτα
2480 3934 2754 4004 πλείοναῆ
2785 3935 3191 4004 τεσσαράκοντα
3224 3932 3319 4003 ἐτη
3348 3931 3452 4002 τῆς
3486 3932 3759 4002 eorum;

2165 4025 2292 4090 θέας
2327 4025 2750 4098 κεχωρισμένος.
2796 4025 2907 4095 Τῆς
2949 4025 3006 4078 δὲ
3052 4024 3365 4094 θαυμασίας
3397 4023 3622 4092 ἐκείνης
3650 4041 3757 4091 γυ-

2163 4116 2348 4179 ναικὸς
2372 4117 2498 4187 περὶ
2522 4116 2618 4186 τὴν
2642 4114 2751 4170 τῶν
2774 4114 2932 4183 ἱερῶν
2961 4115 3186 4169 ἐκείνων
3204 4114 3416 4184 ἀνδρῶν
3443 4113 3760 4184 θεραπείαν

2163 4207 2590 4277 διατριϐούσης,
2627 4208 2891 4270 ἑπτάετες
2947 4205 3193 4271 παιδίον,
3234 4201 3295 4260 οὗ
3348 4205 3511 4276 μόνου
3563 4208 3762 4276 μήτηρ

487 4289 581 4356 sit,
614 4289 824 4359 1133
860 4296 1135 4361 puteoque
1186 4295 1504 4363 Operculum
1555 4298 1830 4367 quoddam
1878 4299 2059 4370 impo-

2168 4294 2297 4351 οὖσα
2333 4297 2648 4367 ἐτύγχανεν,
2673 4300 2706 4367 ἡ
2734 4296 2836 4367 τῆς
2867 4296 3085 4368 Σάρρας
3111 4295 3208 4367 τὴν
3236 4295 3543 4364 φιλοξενίαν
3572 4295 3767 4366 ζηλώ-

484 4390 646 4439 nens,
680 4377 841 4431 rediit
861 4378 928 4431 ad
960 4379 1348 4452 ministerium.
1398 4381 1587 4438 Mensa
1626 4396 1807 4440 autent
1849 4390 2059 4445 sanctis

484 4467 623 4522 viris
671 4469 946 4537 apposita,
984 4469 1201 4525 divinus
1239 4486 1408 4527 senex
1459 4475 1705 4529 mulieris
1744 4476 1914 4531 ﬁlium
1961 4494 2060 4533 vo—

485 4556 601 4610 cari
628 4555 817 4625 jussit,
859 4565 920 4611 ut
973 4556 1412 4614 benedictionem
1464 4562 1761 4631 acciperet.
1810 4564 2058 4636 Cumque

488 4645 829 4701 admirabilis
887 4648 1081 4702 mulier
1135 4651 1278 4705 male
1326 4650 1476 4705 illum
1548 4652 1748 4710 habere
1826 4657 2058 4723 diceret,

486 4737 725 4805 perstitit
747 4737 941 4807 jubere
977 4747 1036 4792 ut
1062 4738 1380 4796 duceretur.
1412 4742 1518 4799 Ubi
1547 4754 1731 4801 autem
1780 4748 2058 4817 signiﬁca-

484 4826 565 4880 vit
599 4828 797 4881 mulier
816 4827 963 4897 quod
994 4828 1297 4893 acciderat,
1328 4832 1591 4901 accurrit,
1624 4852 1813 4893 mensa
1836 4838 2056 4908 'relicta,

483 4933 655 4973 senex
686 4917 752 4973 ad
777 4929 1026 4989 puteum,
1070 4931 1144 4986 et,
1182 4922 1363 4979 ablato
1390 4924 1564 4994 ipsius
1599 4927 1763 4997 jussu
1796 4937 2058 5002 operculo

482 5011 803 5083 lumineque
855 5013 1057 5079 allato,
1115 5030 1344 5084 puerum
1402 5018 1548 5073 videt
1610 5037 1838 5079 summa:
1901 5043 2057 5096 aqua:

485 5099 835 5166 insidentem,
861 5116 1170 5173 aquamque
1200 5118 1362 5159 manu
1389 5109 1675 5176 pueriliter
1716 5114 2049 5183 pulsantem,

484 5207 549 5246 ac
599 5208 700 5264 pro
733 5193 863 5250 ludo
908 5208 972 5250 ac
1018 5195 1146 5264 joeo
1210 5196 1501 5253 habentem
1556 5216 1717 5270 quem
1772 5205 2049 5262 interitum

482 5291 800 5353 putarant:
862 5285 1196 5358 funibusque
1274 5288 1504 5345 astricto
1564 5293 1801 5361 quodam
1869 5308 1917 5352 et
1995 5299 2050 5353 in

483 5381 705 5443 puteum
763 5376 1045 5444 demisso,
1110 5394 1341 5449 puerum
1396 5389 1925 5460 extraxerunt:qui
1980 5390 2049 5448 ad

1966 5514 2005 5541 δι

555 5582 576 5610 ³
608 5570 763 5627 Joan.
800 5576 1023 5639 xxt,15.
1103 5579 1147 5615 ι’
1175 5576 1307 5633 ibid.
1339 5577 1423 5645 16,
1458 5579 1544 5636 17.

2164 4404 2326 4453 σασα,
2372 4388 2609 4459 ἑσπέρας
2665 4386 2831 4458 οὔσης
2906 4386 3001 4441 καὶ
3041 4387 3303 4450 σκότους,
3338 4387 3419 4449 είς
3448 4385 3511 4438 τὸ
3570 4389 3771 4460 φρέαρ

2161 4479 2453 4533 κατέπεσε.
2497 4478 2743 4551 Θορύδου
2774 4478 2831 4532 δὲ
2865 4480 2996 4549 περὶ
3033 4478 3247 4542 τούτου,
3274 4478 3350 4542 ὡς
3380 4478 3559 4542 είκδς,
3602 4496 3771 4547 γενο-

2166 4571 2364 4641 μένου,
2422 4570 2719 4641 αἰσθομένη
2773 4573 2807 4644 ή
2868 4572 3091 4642 μήτηρ,
3140 4571 3369 4641 ἡσυχίαν
3420 4572 3525 4639 μὲν
3590 4570 3775 4640 ἄγειν

2163 4670 2336 4724 ἅπασι
2380 4666 2837 4738 παρακελεύεται,
2868 4666 3135 4737 κάλυμμα
3206 4665 3263 4719 δέ
3310 4681 3360 4718 τι
3417 4664 3498 4734 τῷ
3544 4666 3779 4735 φρέατι

2163 4761 2433 4823 ἐπιθεῖσα,
2466 4761 2566 4830 τῆς
2591 4758 2861 4823 διακονίας
2898 4757 3094 4829 εἴχετο.
3115 4758 3225 4827 Τῆς
3248 4757 3306 4810 δὲ
3326 4756 3611 4827 τραπέζης
3636 4761 3779 4819 τοῖς

2160 4852 2325 4916 θείοις
2350 4852 2574 4922 ἀνδράσι
2599 4850 3022 4920 παρατεθείσης,
3050 4852 3079 4903 ό
3107 4848 3246 4911 θεῖος
3276 4846 3590 4918 πρεσϐύτης
3620 4848 3783 4903 ἐκέ-

2155 4941 2314 4995 λευσε
2341 4939 2401 4993 τδ
2429 4941 2529 5008 τῆς
2570 4940 2825 5006 γυναικὸς
2865 4937 3219 5008 είσκληθῆναι
3247 4935 3477 4998 παιδίον,
3512 4935 3613 4987 καὶ
3660 4938 3785 5005 τῆς

2156 5030 2407 5098 εὐλογίας
2452 5030 2796 5101 μεταλαχεῖν.
2852 5027 2967 5098 Τῆς
3021 5028 3079 5081 δὲ
3135 5024 3441 5096 θαυμασίας
3477 5030 3789 5093 γυναικὸς

2158 5120 2441 5193 ἀρρωστίᾳ
2476 5119 2801 5190 κατέχεσθαι
2829 5118 3115 5188 λεγούσης,
3151 5118 3415 5188 ἐπέμενεν
3448 5116 3785 5188 ἐνεχθῆναι

2157 5212 2314 5267 τοῦτο
2344 5214 2685 5283 παρεγγυῶν.
2719 5214 2807 5277 Ὠς
2821 5213 2877 5266 δὲ
2904 5211 2964 5265 τδ
2985 5211 3203 5281 πάθοςή
3226 5211 3411 5281 μήτηρ
3442 5207 3789 5279 ἐγνώρισε,

2158 5305 2561 5377 καταλιμπάνει
2586 5305 2684 5376 μὲν
2726 5306 2825 5375 τὴν
2869 5302 3149 5375 τράπεζαν
3174 5304 3203 5357 ό
3229 5300 3567 5372 πρεσϐύτης,
3596 5308 3795 5371 πιαρὰ

2156 5397 2213 5452 δὲ
2238 5395 2300 5454 τδ
2326 5396 2501 5469 φρέαρ
2528 5394 2772 5468 δραμὼν,
2804 5395 2898 5454 καὶ
2925 5394 2988 5450 τὸ
3025 5394 3126 5465 μὲν
3166 5392 3429 5463 κάλυμμα
3451 5408 3521 5443 πε
3530 5408 3795 5466 9:329:-
