3974 6212
268 304 387 370 1321

1485 291 1893 366 nnimtosa
1928 303 2312 366 insterni.

3394 307 3528 372 133-!

259 419 431 489 θῆναι,
464 417 620 487 φῶτα
645 417 700 469 δὲ
737 415 1060 494 κομισθῆναι
1094 417 1376 483 κελεύσας,
1399 422 1502 496 ὁρᾷ
1530 419 1588 472 τὸ
1630 417 1821 472 παιδίω

1942 419 2092 472 senis
2130 419 2296 487 pedes
2337 429 2463 470 mox
2527 417 2866 486 properavit.
2910 418 3110 472 vidisse
3143 435 3200 474 se
3255 420 3406 474 illum
3447 428 3518 500 tia

257 512 316 578 τῇ
341 505 634 576 ἐπιφανείᾳ
661 506 768 559 τῶν
806 505 1012 560 ὑδάτων
1033 497 1460 580 ἐπικαθήμενον,
1487 511 1580 564 καὶ
1601 512 1667 582 τῇ
1690 509 1860 582 χειρὶ.

259 589 517 658 παιδικῶς
548 595 614 647 τὰ
647 593 1013 662 ῦδαταπαῖον,
1037 596 1130 650 καὶ
1148 597 1239 665 τον
1264 598 1587 667 νομισθέντα
1617 599 1835 668 δλεθρον

258 686 470 740 παιδιάν
489 703 611 737 τινα
646 687 741 738 καὶ
773 685 1064 757 ἀθύρματα
1100 689 1400 760 ἡγούμενον
1424 707 1436 718 ο
1475 691 1569 743 καὶ
1602 692 1834 761 σχοίνοις

255 778 368 828 τινὰ
411 777 818 847 προσδήσαντες
862 779 955 830 καὶ
1006 779 1372 850 χαλάσαντες,
1404 783 1741 852 ἀνιμήσαντο
1773 782 1833 835 τὸ

205 917 210 924 ,
257 868 482 932 παιδίον,
507 869 600 926 καὶ
623 869 935 938 παραυτίκα
966 871 1312 944 προσέδραμε
1337 874 1446 936 τοῖς
1478 873 1571 925 τοῦ
1595 873 1835 943 πρεσϐύ-

255 977 342 1012 του
369 963 546 1025 ποσὶν,
580 961 740 1013 αὑτὸν
774 961 1058 1016 τεθεᾶσθαι
1089 963 1243 1032 λέγον
1291 967 1348 1018 ἐν
1381 968 1492 1028 τοῖς
1536 965 1692 1018 ὕδασι
1741 967 1831 1034 φέ-

255 1069 414 1122 ροντα
436 1095 450 1115 ,
485 1055 577 1106 καὶ
610 1053 941 1124 ὑποϐρύχιον
977 1057 1229 1124 γενέσθαι
1281 1059 1579 1112 κωλύοντα.
1631 1059 1832 1112 Τοῦτον

252 1143 401 1214 πλρὰ
462 1145 552 1198 τοῦ
599 1141 868 1216 μακαρίου
921 1149 1223 1218 πρεσϐύτου
1286 1151 1382 1220 τῆς
1439 1150 1742 1219 φιλοξενίας
1781 1153 1830 1222 -ή

252 1235 525 1305 θαυμασία
554 1238 691 1307 γυνὴ
739 1238 827 1292 τὸν
883 1239 1072 1308 μισθὸν
1123 1219 1436 1311 ἐκομίσατο.
1492 1243 1600 1295 Καὶ
1643 1242 1729 1295 ἵνα
1763 1219 1830 1296 τέ

247 1329 380 1382 ἄλλα
408 1329 475 1382 τὰ
517 1332 657 1383 κατὰ
683 1331 782 1401 τὴν
823 1329 940 1384 όδδν
982 1334 1324 1403 γεγενημένα
1359 1335 1662 1398 καταλίπω,
1693 1329 1828 1408 ἧκον

200 1430 202 1432 ’
249 1420 346 1487 μὲν
371 1422 450 1483 είς
480 1419 577 1491 τὴν
617 1421 968 1491 Ἀντιόχειαν,
997 1425 1196 1488 πάντες
1227 1426 1282 1478 δὲ
1328 1426 1661 1497 πανταχόθεν
1704 1445 1828 1480 συν-

247 1509 396 1564 έθεον
421 1553 433 1574 ,
475 1513 603 1566 ίδεῑν
635 1529 694 1566 τε
739 1515 1030 1579 ποθοῦντες
1067 1516 1157 1570 τὸν
1206 1517 1298 1571 τοῦ
1343 1518 1476 1572 Θεοῦ
1519 1517 1824 1591 ἄνθρωπον,

244 1602 338 1653 καὶ
369 1603 609 1671 ἰατρείαν
640 1601 758 1656 τινά
783 1603 876 1656 τοῦ
914 1604 1118 1669 πάθους
1142 1606 1326 1664 λαϐεῖν
1354 1607 1583 1670 ἕκαστος
1603 1609 1825 1679 ἐφιέμε-

243 1711 352 1757 νος.
394 1694 652 1765 Κατήχθη
677 1697 730 1748 δὲ
757 1698 813 1749 ἐν
847 1700 956 1760 τοῖς
987 1699 1138 1770 παρὰ
1159 1702 1222 1771 τῇ
1247 1685 1492 1772 ὑπωρείᾳ
1519 1700 1823 1770 σπηλαίοις,

1940 509 2100 578 aquis
2149 508 2341 562 dicens
2381 507 2770 568 sustinentem,
2809 511 2862 562 et
2906 521 2974 562 ne
3011 519 3354 578 mergeretur
3395 528 3518 582 pro-

1941 593 2246 649 bibentem.
2287 593 2440 646 Hanc
2474 591 2866 662 hospitalitatis
2901 606 3015 647 sum
3067 594 3374 650 mercedem
3427 614 3513 652 re-

1939 679 2084 754 cepit
2113 685 2310 738 mulier
2342 697 2370 737 a
2403 683 2563 738 beato
2595 695 2746 737 sene.
2784 680 2854 737 Ut
2901 684 3009 737 alia
3059 692 3242 738 autem
3291 692 3516 754 praeter-

1941 777 2180 840 mittam,
2217 791 2340 846 quae
2373 775 2428 829 in
2462 775 2664 829 itinere
2696 774 2839 828 facta
2882 785 3034 838 sunt,
3075 787 3343 833 venerunt
3396 789 3520 834 tan-

1937 857 2060 922 tlem
2093 867 2438 922 Antiochiam
2473 884 2487 920 :
2529 864 2990 936 conﬂuebantqne
3024 881 3214 922 omnes
3247 869 3510 942 undique,

1939 960 2030 1015 Dei
2077 961 2359 1014 hominem
2391 958 2580 1013 videre
2610 959 2933 1030 gestientes,
2969 966 3022 1013 et
3063 961 3238 1015 morbi
3274 964 3513 1034 quisque

1936 1053 2020 1107 sui
2081 1051 2408 1106 medicinam
2469 1059 2811 1121 e\petentes.
2876 1050 3168 1106 llabitabat
3221 1064 3403 1108 autem
3459 1059 3514 1111 in

1935 1145 2221 1215 speluncis
2261 1160 2382 1214 qua!
2432 1145 2486 1198 in
2537 1145 2647 1198 imo
2687 1154 2816 1198 sunt
2870 1152 3077 1208 monte,
3131 1145 3223 1199 ubi
3267 1145 3516 1203 divinum

1934 1252 2154 1307 quoque
2178 1238 2488 1306 apostolum
2545 1236 2764 1290 beatum
2823 1234 3055 1290 Paulum
3121 1237 3406 1294 habitasse
3463 1250 3518 1296 et

1934 1329 2174 1385 latuisse
2194 1329 2334 1383 fama
2373 1339 2476 1384 esr.
2525 1329 2629 1384 Sed
2680 1339 2736 1384 ut
2777 1345 2969 1384 omnes
3029 1331 3304 1386 hominem
3358 1331 3511 1388 illum

1932 1433 2056 1474 esse
2087 1423 2478 1487 agnoscerent,
2518 1418 2726 1471 invadit
2756 1433 2881 1472 eum
2917 1421 3101 1473 statim
3137 1418 3310 1476 febris
3342 1421 3511 1476 vehe-

1933 1505 2579 1581 mentissima.Cnt‘nque
2620 1510 3034 1566 multitudinem
3071 1527 3263 1566 eorum
3307 1513 3402 1584 qui
3447 1531 3513 1570 eo

1931 1607 2308 1660 convenerant
2331 1601 2776 1655 animadverteris
2803 1615 3035 1671 magnus
3071 1602 3329 1666 Aeacius,
3358 1603 3517 1675 aegri-

1930 1693 2180 1747 tudinem
2223 1695 2452 1747 moleste
2493 1693 2679 1754 ferret,
2719 1693 2928 1749 veritus
2957 1709 3026 1746 ne
3057 1695 3514 1763 perturbarentur

243 1781 370 1837 ἔνθα
399 1786 492 1838 καὶ
521 1785 613 1838 τὸν
659 1785 801 1839 θεῖον
846 1781 1140 1844 ἀπόστολον
1174 1791 1264 1844 τὸν
1321 1792 1588 1865 μακάριον
1618 1793 1821 1848 Παῦλον

1934 1787 2026 1856 qui
2051 1785 2302 1849 aderant,
2341 1785 2386 1839 si
2411 1787 2511 1838 viri
2553 1786 2808 1839 morbum
2861 1785 3152 1849 rescirent,
3192 1787 3407 1861 1134
3446 1788 3513 1843 de

241 1877 580 1946 καταχθῆναί
628 1895 687 1930 τε
725 1879 822 1932 καὶ
845 1881 1124 1960 ,κρυϐῆναί
1163 1899 1328 1951 φασιν
1349 1899 1361 1912 ·
1393 1884 1507 1936 ἀλλ’
1531 1884 1711 1950 εὐθὺς,
1741 1885 1826 1938 ἵνα

244 1963 489 2033 μάθωσιν
537 1965 774 2030 ἅπαντες
825 1961 907 2032 ὦς’
955 1969 1240 2040 ἄνθρωπος
1287 1973 1406 2042 εἴη.
1438 1973 1712 2044 καταιδυῖιῆ
1744 1975 1827 2042 Υί·

239 2056 388 2108 νεταί
418 2075 501 2124 τις
522 2058 670 2128 αὑτῷ
693 2059 927 2130 πυρετοῦ
961 2062 1318 2135 σφοδροτάτη.
1359 2065 1616 2120 Ἀκακίου
1651 2067 1707 2120 δὲ
1730 2067 1824 2120 τοῦ

241 2147 478 2214 μεγάλου
506 2149 568 2200 τὸ
597 2149 694 2219 μέν
719 2151 919 2221 πλῆθος
948 2153 1056 2207 τῶν
1101 2155 1529 2228 συνειλεγμένων
1567 2158 1823 2228 ὁρῶντος,

237 2244 334 2294 καὶ
365 2241 464 2312 τὴν
509 2244 792 2314 συμϐᾶσαν
835 2244 1266 2315 δυσχεράναντος
1314 2250 1626 2320 ἀρρωστίαν
1649 2267 1661 2278 ·
1692 2251 1825 2322 πλη-

235 2332 502 2400 γήσεσθαι
547 2333 658 2404 γὰρ
715 2336 841 2398 τοὺς
885 2337 1311 2408 συνεληλυθότας
1364 2341 1634 2412 ἐνόμιζεν,
1669 2345 1717 2396 εί
1766 2344 1826 2396 τὸ

235 2425 453 2494 νόσημα
481 2424 728 2496 μάθοιεν,
753 2426 946 2498 ἄνδρες
983 2429 1070 2483 διὰ
1096 2430 1196 2502 τῆς
1216 2431 1428 2485 ἐκείνου
1453 2433 1634 2504 χειρὸς
1662 2433 1824 2505 θερα-

237 2514 398 2567 πείαν
432 2513 698 2582 εὕρασθαι
725 2505 1132 2589 προσδοκῶντες
1153 2538 1165 2550 ·
1200 2541 1218 2576 ι
1264 2524 1355 2594 Μὴ
1387 2522 1608 2594 ἀθύμει,
1641 2524 1825 2594 ἔλεγεν

233 2607 263 2658 ὁ
304 2605 612 2678 πρεσϐύτης
633 2625 644 2638 ο
664 2610 712 2661 εί
736 2611 846 2682 γὰρ
874 2612 1170 2681 ἀναγκαῖον
1201 2616 1295 2684 τῆς
1315 2616 1502 2684 ὑγείας
1529 2617 1590 2669 τὸ
1610 2618 1823 2688 χρῆμα,

233 2699 550 2770 παραυτίκα
599 2702 694 2756 καὶ
744 2702 903 2756 τοῦτο
961 2703 1121 2758 δώσει
1167 2706 1316 2770 Θεός.
1361 2727 1379 2758 ι
1417 2707 1600 2796 Εὐθὺς³
1645 2709 1824 2764 τοίνυν
1867 2737 1873 2744 ·

236 2789 381 2860 μετὰ
412 2791 632 2856 τούτους
674 2794 803 2856 τοὺς
835 2793 1028 2862 λόγους
1058 2798 1136 2859 είς
1179 2799 1414 2852 ἱκετείαν
1455 2789 1820 2873 τραπόμενος,

234 2884 334 2934 καὶ
366 2883 610 2953 συνήθως
653 2884 721 2938 τὰ
753 2887 954 2953 γόνατα.
997 2889 1092 2944 καὶ
1125 2889 1188 2943 τὸ
1236 2892 1486 2962 μέτωπον
1511 2894 1588 2964 τῷ
1637 2895 1821 2963 ἐδάφει

236 2973 504 3038 πελάσας,
551 2976 824 3046 ἠντιϐόλει
861 2979 966 3049 τῆς
1025 2981 1213 3050 ὑγείας
1272 2987 1490 3055 τυχεῖν,
1541 2991 1700 3060 εἴπερ
1737 3007 1823 3054 τις

233 3068 424 3138 ὄνησις
448 3068 696 3122 ἐντεῦθεν
723 3071 836 3136 τοῖς
890 3073 1270 3145 συνεληλυθόσι
1315 3081 1624 3152 γενήσεται.
1657 3083 1822 3138 Οὑπω

233 3159 338 3228 τὴν
370 3161 676 3232 προσευχήν
711 3164 1065 3238 συνεπὲρανε,
1099 3167 1191 3220 καὶ⁵
1237 3168 1403 3232 πολὺς
1437 3170 1594 3242 ἱδρὼς
1637 3173 1823 3239 ἐξαπι-

234 3250 400 3312 ναίως
433 3253 720 3323 γενόμενος
751 3253 844 3306 τοῦ
871 3257 1106 3328 πυρετοῦ
1134 3259 1234 3328 τὴν
1268 3261 1365 3330 φλό
1379 3280 1441 3330 τα
1465 3265 1817 3322 κατέσϐεσεν.

247 3339 492 3394 Ἐκεῖθεν
532 3343 758 3407 πολλοὺς
783 3347 1142 3400 παντοδαπῶν
1172 3349 1495 3421 νοσημάτων
1526 3354 1823 3428 ἐλευθερὼ-

237 3448 358 3496 σας,
391 3434 483 3485 ἐπὶ
507 3436 597 3488 τὸν
624 3437 879 3506 σύλλογον
903 3439 994 3510 ᾔει
1044 3440 1152 3494 τῶν
1196 3435 1456 3500 εὐσεϐῶν.
1493 3448 1728 3512 Διιόντος
1763 3451 1822 3504 δὲ

233 3523 402 3577 αὑτοῦ
427 3526 535 3578 τῶν
565 3527 852 3597 βασιλείων
880 3531 980 3592 τὰς
1012 3531 1202 3605 θύρας,
1237 3537 1537 3608 προσαίτης
1573 3555 1678 3604 τις,
1702 3543 1821 3596 ἀντὶ

235 3617 345 3669 τῶν
371 3619 570 3672 ’ποδῶν
615 3624 728 3684 τοῖς
758 3622 1005 3690 γλουτοίς
1053 3628 1412 3698 κεχρημένος.
1447 3633 1543 3686 καὶ
1585 3635 1678 3687 ἐπὶ
1725 3636 1820 3690 τοῦ

238 3707 469 3775 ἐδάφους
509 3711 806 3782 συρόμενος
827 3755 845 3779 ,
877 3714 1124 3780 ἐκτείνας
1158 3719 1256 3790 τὴν
1299 3725 1454 3792 χεῖρα
1480 3764 1494 3788 ,
1523 3725 1616 3778 καὶ
1645 3730 1708 3799 τῇ
1740 3721 1820 3782 σι-

236 3800 374 3872 σύρᾳ
399 3802 493 3856 τοῦ
522 3805 826 3876 πρεσϐύτου
861 3806 1118 3875 πελάσας,
1149 3810 1380 3883 ἐξήλασε
1414 3813 1514 3886 μὲν
1539 3819 1606 3888 τῇ
1638 3819 1818 3874 πίστει

232 3892 295 3944 τὸ
345 3894 542 3959 πάθος,
585 3899 937 3970 ἀναπηδήσας
982 3899 1036 3954 δέ
1089 3902 1180 3956 τὸν
1231 3904 1338 3976 πρὸ
1373 3906 1471 3976 τῆς
1506 3909 1819 3980 ἀρρωστίας

233 3983 577 4039 ἐπεδείκνυτο
608 3989 828 4060 δρόμονς
855 3992 920 4046 τὰ
943 3994 1081 4048 αὐτὸ.
1105 3995 1274 4048 ποιῶν
1299 3995 1378 4065 τῷ
1413 3997 1590 4069 χωλῷ,
1617 4000 1676 4054 ὃν
1715 4001 1819 4053 Πέ-

231 4086 359 4139 τρος
388 4074 482 4126 καὶ
527 4075 556 4125 ὁ
595 4077 846 4149 Ἰωάννης
875 4083 1200 4152 ἀνέστησαν.
1247 4083 1448 4138 Τούτου
1496 4091 1815 4160 γενομένου,

232 4167 426 4237 συρρεῖ
457 4167 604 4220 ἅπαν
637 4170 698 4222 τὸ
731 4171 824 4224 τοῦ
860 4173 1050 4236 ἄστεος
1093 4175 1296 4243 πλῆθος
1323 4218 1334 4238 ,
1371 4180 1466 4232 καὶ
1493 4181 1554 4234 τὸ
1591 4182 1816 4252 πολεμι-

229 4257 327 4310 κὸν
360 4260 654 4330 γυμνάσιον
685 4261 890 4333 πλῆρες
944 4266 1049 4317 τῶν
1086 4267 1414 4322 συνθεόντων
1459 4272 1692 4341 ἐγένετο.
1730 4278 1818 4330 Ἔν

226 4352 461 4424 αἰσχύνῃ
490 4351 544 4407 δὲ
572 4350 712 4426 ἦσαν
743 4357 791 4408 οἱ
840 4357 1176 4426 συκοφάνται
1211 4362 1306 4415 καὶ
1345 4362 1438 4416 τοῦ
1473 4365 1702 4434 ψεύδους
1727 4387 1816 4422 τε-

1934 1877 2094 1946 cujus
2143 1889 2309 1930 manu
2355 1878 2682 1930 medicinam
2739 1893 2798 1931 se
2854 1878 3150 1948 adepturus
3195 1882 3512 1948 sperabant,

1940 1968 2101 2023 «Noli
2142 1967 2271 2038 angi
2323 1967 2534 2032 animo,
2578 1967 2762 2037 inquit
2813 1983 3009 2031 senex,
3055 1969 3186 2038 quia
3226 1970 3273 2022 si
3321 1985 3510 2026 neces-

1930 2063 2080 2118 saria
2101 2069 2187 2115 'est
2221 2059 2454 2126 sanitas,
2477 2073 2595 2113 eam
2628 2060 2776 2115 illico
2807 2053 2962 2114 =dabit
3006 2059 3295 2117 Dominus.
3323 2079 3342 2113 ι
3389 2061 3513 2115 Sta-

1929 2157 2027 2210 tim
2064 2169 2194 2225 ergo
2230 2165 2352 2224 post
2385 2156 2498 2208 haec
2534 2153 2698 2207 verba
2745 2154 2810 2206 ad
2856 2168 3050 2223 preces
3093 2169 3422 2226 conversus,
3457 2166 3511 2210 et

1913 2265 2127 2320 genua,
2173 2249 2256 2300 "ut
2297 2233 2532 2309 solebat,
2587 2245 2936 2314 frontemque
2993 2244 3114 2299 solo
3186 2245 3508 2305 admovens,

1929 2341 2145 2411 rogavit
2179 2346 2237 2391 ut
2268 2339 2560 2402 sanitatem
2611 2337 2908 2406 reciperet,
2953 2337 2998 2392 si
3033 2351 3100 2391 ex
3139 2338 3228 2390 illa
3267 2337 3508 2392 reditura

1927 2440 2078 2487 esset
2105 2431 2286 2500 aliqua
2317 2429 2527 2482 utilitas
2551 2427 2618 2482 ad
2654 2441 2751 2483 eos
2787 2428 2884 2498 qui
2916 2436 3317 2482 convenerant.
3356 2427 3507 2482 Non-

1927 2525 2058 2590 dum
2102 2535 2295 2594 preces
2327 2522 2563 2576 ﬁnierat.
2604 2527 2658 2573 et
2687 2527 2911 2589 repente
2938 2519 3217 2589 proﬂuens
3245 2521 3506 2590 cepiosns

1928 2619 2099 2675 sudor
2127 2615 2401 2671 ﬂammam
2445 2614 2616 2668 febris
2673 2613 2960 2668 exstinxit.
3013 2613 3264 2682 Cumque
3307 2614 3510 2667 multus

1927 2712 2040 2766 illic
2105 2711 2174 2765 ab
2223 2711 2372 2766 omni
2425 2708 2749 2762 morborum
2809 2721 3007 2778 genere
3059 2707 3379 2771 liberasset,
3437 2707 3505 2760 ad

1929 2805 2190 2874 piorum’
2233 2811 2567 2857 conventum
2642 2801 2931 2872 profectus
2981 2808 3087 2856 est.
3153 2800 3288 2856 llum
3349 2802 3508 2872 regiae

1929 2894 2127 2947 domus
2156 2901 2342 2962 portas
2369 2891 2633 2960 praeterit,
2663 2891 2954 2945 mendicus
2983 2890 3228 2960 quidam,
3269 2891 3364 2962 qui
3412 2907 3510 2962 pe-

1925 2983 2056 3038 dum
2090 2983 2208 3037 vice
2258 2983 2512 3037 clunilms
2552 2983 2668 3036 suis
2701 2987 2865 3036 utens
2909 2993 3009 3052 per
3058 2982 3288 3037 humum
3321 2983 3509 3038 trahe—

1929 3073 2109 3137 batur,
2151 3074 2378 3144 pallium
2426 3075 2546 3142 ejus
2603 3083 2834 3130 extensa
2901 3089 3064 3129 manu
3115 3083 3346 3147 tangens
3403 3077 3510 3130 ﬁde

1927 3160 2177 3213 morbum
2237 3159 2438 3230 exegit,
2501 3157 2874 3228 exsiliensque
2929 3161 3200 3227 cucurrit,
3264 3167 3324 3215 ut
3379 3173 3508 3215 ante

1926 3249 2180 3304 morbum
2211 3250 2440 3313 solebat,
2475 3248 2677 3303 claudo
2719 3249 2800 3302 illi
2853 3248 3076 3316 similis,
3107 3265 3272 3320 quem
3310 3249 3506 3305 Petrus

1924 3352 1977 3395 et
2010 3339 2251 3395 Joannes
2279 3351 2596 3397 erexerunt.
2639 3339 2760 3407 Quo
2802 3341 2970 3406 facto,
3020 3342 3289 3398 conﬂuxit
3337 3343 3506 3399 totius

1925 3434 2079 3489 urbis
2115 3434 2436 3499 multitudo,
2472 3433 2546 3486 ita
2585 3442 2646 3487 ut
2686 3435 2948 3490 bellicum
3001 3436 3351 3505 gynmasium
3407 3435 3506 3488 ho-

1923 3525 2168 3582 minibus
2205 3525 2534 3594 repleretur.
2563 3522 2717 3578 Unde
2761 3523 2972 3595 pudore
3023 3522 3234 3578 allectis
3291 3524 3504 3578 calum»

1923 3617 2209 3672 niantibus
2266 3615 2684 3684 artiﬁcibusque
2744 3613 3046 3675 mendacii,
3120 3614 3246 3668 laeto
3311 3619 3504 3667 contra

1921 3720 1977 3768 et
2033 3710 2192 3764 hilari
2253 3710 2438 3762 animo
2493 3715 2652 3761 erant
2707 3707 2918 3760 alumni
2984 3705 3363 3760 veritatis:et
3409 3705 3503 3775 qui

1922 3802 2103 3871 aliqua
2157 3816 2262 3872 ope
2293 3801 2632 3870 indigebant,
2679 3802 2732 3854 in
2785 3799 2980 3855 domos
3027 3814 3160 3854 suos
3215 3797 3505 3852 trahebant

1922 3893 2272 3962 splendidum
2331 3895 2511 3947 lumen
2556 3894 2803 3962 pietatis.
2858 3890 2954 3945 Vir
2988 3891 3238 3961 quidam,
3285 3907 3504 3946 sunmo

1923 4006 2186 4076 prazditus
2259 4006 2624 4075 magistratu.
2683 4007 2777 4076 qui
2852 4008 3233 4076 pra-tecturam
3281 4007 3502 4075 gerebat

1920 4097 2182 4158 Orientis,
2219 4095 2287 4148 ad
2320 4112 2443 4148 eum
2486 4097 2630 4150 misit
2655 4137 2668 4159 ,
2705 4112 2907 4165 rogans
2940 4103 2999 4149 ut
3048 4095 3113 4146 ad
3169 4109 3229 4150 se
3270 4096 3502 4158 veniret,

1923 4191 2212 4260 ipsumque
2268 4189 2339 4241 ab
2384 4195 2616 4256 urgente
2678 4188 2872 4240 morbo
2922 4189 3200 4241 liberaret.
3251 4187 3500 4241 Accessit

1923 4285 2011 4337 ille
2037 4283 2169 4335 nihil
2204 4289 2472 4343 moratus,
2501 4293 2960 4348 comntunemque
2993 4278 3280 4332 Dominum
3306 4277 3502 4349 depre-

1921 4369 2292 4435 catus,vci'bo
2331 4371 2542 4442 depulit
2593 4370 2976 4440 aegritudinem
3029 4381 3081 4426 ct
3126 4371 3338 4441 gratias
3390 4371 3500 4424 Duo

225 4447 425 4514 χνῖται,
449 4446 510 4498 ἐν
535 4446 770 4518 εὐθυμία
804 4447 858 4500 δὲ
907 4449 1054 4520 πάσῃ
1106 4451 1202 4503 καὶ
1243 4453 1554 4530 εὐφροσύνῃ
1581 4463 1679 4529 τῆς
1720 4465 1810 4516 εύ-

1926 4483 2084 4539 agerc
2105 4466 2291 4536 jussit.

226 4535 444 4628 σεϐείας
474 4539 521 4591 οἱ
553 4538 828 4610 τρόφιμοι.
875 4541 1113 4595 Ἐκεῖθεν
1146 4546 1225 4608 είς
1268 4545 1370 4610 τὰς
1400 4547 1574 4611 οἰκίας
1624 4545 1804 4606 εἷλκον
1841 4555 1931 4610 τὸν
1961 4535 2062 4627 τῆς
2108 4535 2388 4618 εὐσεϐείας
2431 4556 2692 4628 φωστῆρα
2767 4555 2816 4609 οἱ
2889 4551 3187 4626 θεραπείας
3231 4555 3495 4624 δεόμενοι,

222 4626 335 4680 Καί
367 4647 448 4693 τις
479 4630 637 4704 ἀνὴρ,
670 4632 934 4704 μεγίστην
967 4634 1142 4706 ἀρχὴν
1182 4639 1682 4710 ἐγκεχειρισμένος,
1746 4647 1840 4698 καὶ
1875 4651 1974 4717 τῆς
2009 4626 2122 4701 ’Ἒιυ
2165 4645 2231 4700 τά
2299 4646 2536 4717 πηδάλια
2569 4626 2842 4717 ’κατέχειν
2879 4649 3326 4719 πεπιστευμένος,
3355 4649 3497 4718 πέμ-

217 4722 328 4789 ψας
365 4725 636 4778 ἱκέτευσεν
667 4727 829 4780 αὑτὸν
860 4729 1172 4796 ἀφικέσθαι,
1207 4735 1425 4806 καὶτῆς
1451 4735 1806 4810 ἐπικειμένης
1845 4740 2156 4814 ἀρρωστίας
2186 4740 2570 4812 ἐλευθερῶσαι.
2608 4743 2667 4796 '0
2713 4741 2768 4794 δέ
2802 4741 2954 4794 οὐδὲν
3020 4744 3290 4812 μελλήσας
3356 4759 3496 4812 παρ·

222 4816 473 4882 εγένετο,
501 4819 594 4872 καὶ
630 4819 719 4873 τὸν
771 4823 948 4876 κοινὸν
994 4824 1281 4888 ἱκετεύσας
1315 4828 1614 4900 Δεσπότην,
1643 4825 1800 4884 ἔλυσε
1836 4833 1978 4903 λόγῳ
2013 4833 2072 4885 τὸ
2103 4832 2298 4895 πάθος,
2372 4835 2465 4887 καὶ
2509 4834 2666 4906 χάριν
2721 4835 3002 4906 ὁμολογεῖν
3053 4834 3353 4906 παρηγγύα
3418 4835 3496 4906 τῷ

3941 4361 3947 4466 λ

219 4908 363 4964 Θεῷ.

294 5001 479 5054 Ταῦτα.
531 5003 626 5056 καὶ
657 5004 725 5057 τὰ
771 5005 996 5060 τοιαῦτα
1053 4993 1492 5081 διαπραξάμενος
1555 5015 1648 5066 ἐπὶ
1701 5005 1800 5086 τὴν

218 5093 527 5164 ἀσκητικήν
581 5093 765 5148 λοιπὸν
817 5097 1112 5166 ἐδοκίμασε
1176 5101 1419 5173 καλύὸην
1457 5103 1796 5158 ἐπανελθεῖν.

215 5183 320 5237 Διὰ
343 5184 400 5237 δὲ
426 5185 525 5256 τῆς
555 5185 740 5257 Κύρου
775 5188 874 5259 τὴν
918 5191 1144 5259 πορείαν
1177 5191 1519 5262 ποιούμενος,
1555 5193 1710 5258 πόλις
1743 5194 1801 5248 δὲ

216 5274 359 5346 αῦτη
389 5275 509 5329 δυσὶ
547 5277 810 5348 σταθμοῖς
851 5282 1179 5352 ’Δντιοχείας
1216 5283 1517 5354 ἀπέχουσα,
1551 5284 1799 5358 κατήχθη

215 5369 324 5442 μὲν
349 5371 429 5433 είς
445 5371 538 5424 τὸν
559 5370 652 5424 τοῦ
675 5371 972 5444 νικηφόρου
1004 5374 1279 5446 μάρτυρος
1301 5377 1577 5430 Διονυσίου
1608 5379 1794 5448 σηκόν,

214 5463 282 5515 Οί
340 5461 397 5514 δὲ
432 5462 532 5532 τῆς
566 5462 855 5527 εὑσεὸείας
913 5465 1032 5516 ἐκεῖ
1089 5467 1550 5536 προστατεύοντες
1609 5467 1797 5521 συνελ-

211 5552 400 5617 θόντες
436 5555 682 5611 ἱκέτευον
721 5556 1005 5626 ἐπαμῦναι
1059 5558 1210 5626 σφίσι
1257 5559 1532 5628 προῦπτον
1580 5559 1801 5630 ὄλεθρον

213 5643 615 5711 προσδοκῶσιν.
661 5645 943 5715 Ἀστέριον
983 5648 1093 5718 γάρ
1129 5648 1366 5716 ἔφασκον
1407 5652 1462 5702 ἐν
1512 5654 1797 5723 σοφιστικῇ

211 5735 542 5810 ψευδολογίᾳ
568 5740 870 5809 τραφέντα,
920 5741 1013 5794 καὶ
1051 5742 1241 5795 ἐαυτὸν
1271 5744 1348 5804 εἰς
1379 5743 1476 5813 τὴν
1513 5745 1621 5798 τῶν
1646 5747 1799 5818 αἶρε·

539 5831 808 5892 Ρετιιοι..
858 5833 971 5892 Gtt.
1029 5835 1121 5892 LX
1141 5833 1307 5891 XXII

1971 5009 2108 5066 Cum
2133 5011 2250 5067 tunc
2274 5011 2490 5082 aliaque
2511 5011 2563 5067 id
2588 5023 2767 5084 genus
2789 5013 3112 5086 peregisset,
3129 5027 3320 5074 statutt
3345 5021 3494 5076 dein-

1912 5119 2042 5174 ceps
2079 5105 2507 5162 exercitationis
2557 5106 2887 5161 monasticae
2944 5093 3158 5180 1135
3207 5113 3489 5181 tugurium

1909 5206 2179 5267 repetere.
2203 5196 2346 5268 Cyro
2366 5207 2550 5251 autem
2571 5199 2680 5253 iter
2700 5198 3078 5270 faciens,'qu:e
3097 5203 3228 5257 urbs
3252 5203 3486 5260 duorum

1909 5289 2128 5344 dierum
2173 5290 2378 5344 itinere
2411 5289 2584 5344 distat
2618 5291 2937 5357 Antiochia,
2972 5294 3199 5350 divertit
3228 5297 3282 5350 in
3313 5297 3484 5353 aedem

1901 5380 2154 5451 prmelari
2193 5382 2454 5452 martyris
2486 5379 2756 5454 Dionysii.
2805 5383 2914 5450 Qui
2946 5379 3234 5458 religionis
3282 5387 3354 5444 ibi
3388 5403 3486 5445 au-

1905 5474 2110 5529 tistites
2135 5484 2318 5537 erant,
2362 5490 2470 5528 una
2503 5492 2696 5532 omnes
2743 5487 3011 5548 rogarunt
3042 5487 3101 5533 ut
3130 5480 3236 5534 sibi
3270 5489 3485 5538 certum

1904 5565 2132 5621 exitium
2153 5570 2604 5636 exspectantibus
2629 5586 2786 5641 opem
2835 5570 3026 5627 ferret.
3052 5571 3320 5627 Dicebant
3337 5576 3486 5630 enim

1906 5657 2216 5719 Asterium,
2249 5660 2434 5714 virum
2499 5661 2554 5715 in
2605 5671 2726 5717 arte
2756 5662 3060 5732 sophistica
3093 5663 3487 5724 exercitatum,

1907 5749 2003 5820 qui
2039 5748 2103 5802 ad
2128 5749 2514 5807 haereticorum
2543 5754 2833 5809 ecclesiam
2870 5753 3166 5813 deiecerat,
3195 5763 3245 5807 ct
3276 5757 3488 5824 episco-

3059 5844 3130 5901 ῐιξὶ
