  <div class='ocr_page' id='page_1' title='image "/cluster/home/n/w/nwhite01/storage/ocr_20150623/82/hvd.32044020703054/742.png"; bbox 0 0 3974 6212; ppageno 0'>
   <div class='ocr_carea' id='block_1_1' title="bbox 239 298 378 366">
    <p class='ocr_par' dir='ltr' id='par_1_1' title="bbox 239 298 378 366">
     <span class='ocr_line' id='line_1_1' title="bbox 239 298 378 366; baseline -0.007 -1"><span class='ocrx_word' id='word_1_1' title='bbox 239 298 378 366; x_wconf 75' lang='grc'><strong>1325</strong></span> 
     </span>
    </p>
   </div>
   <div class='ocr_carea' id='block_1_2' title="bbox 1468 295 2293 362">
    <p class='ocr_par' dir='ltr' id='par_1_2' title="bbox 1468 295 2293 362">
     <span class='ocr_line' id='line_1_2' title="bbox 1468 295 2293 362; baseline 0.006 -5"><span class='ocrx_word' id='word_1_2' title='bbox 1468 295 1876 357; x_wconf 70' lang='lat' dir='ltr'><strong>BELIGIOSA</strong></span> <span class='ocrx_word' id='word_1_3' title='bbox 1907 297 1952 354; x_wconf 87' lang='lat' dir='ltr'><strong>ll</strong></span> <span class='ocrx_word' id='word_1_4' title='bbox 1969 297 2293 362; x_wconf 72' lang='lat' dir='ltr'><strong>lSTURl.\.</strong></span> 
     </span>
    </p>
   </div>
   <div class='ocr_carea' id='block_1_3' title="bbox 3367 303 3502 370">
    <p class='ocr_par' dir='ltr' id='par_1_3' title="bbox 3367 303 3502 370">
     <span class='ocr_line' id='line_1_3' title="bbox 3367 303 3502 370; baseline 0.015 -2"><span class='ocrx_word' id='word_1_5' title='bbox 3367 303 3502 370; x_wconf 67' lang='grc' dir='ltr'>ι’τεῡ</span> 
     </span>
    </p>
   </div>
   <div class='ocr_carea' id='block_1_4' title="bbox 232 407 1794 480">
    <p class='ocr_par' dir='ltr' id='par_1_4' title="bbox 232 407 1790 480">
     <span class='ocr_line' id='line_1_4' title="bbox 232 407 1790 480; baseline -0.006 -11"><span class='ocrx_word' id='word_1_6' title='bbox 232 415 480 469; x_wconf 75' lang='grc' dir='ltr'><strong>οἰκίσκον</strong></span> <span class='ocrx_word' id='word_1_7' title='bbox 513 411 865 480; x_wconf 73' lang='grc' dir='ltr'>δειμάμενος,</span> <span class='ocrx_word' id='word_1_8' title='bbox 933 407 1053 462; x_wconf 73' lang='grc' dir='ltr'>οὐδὲ</span> <span class='ocrx_word' id='word_1_9' title='bbox 1093 407 1170 479; x_wconf 81' lang='grc' dir='ltr'>τῷ</span> <span class='ocrx_word' id='word_1_10' title='bbox 1217 408 1429 479; x_wconf 84' lang='grc' dir='ltr'>σώματι</span> <span class='ocrx_word' id='word_1_11' title='bbox 1476 410 1790 480; x_wconf 82' lang='grc' dir='ltr'>σύμμετρον</span> 
     </span>
    </p>
   </div>
   <div class='ocr_carea' id='block_1_5' title="bbox 1899 407 3499 480">
    <p class='ocr_par' dir='ltr' id='par_1_5' title="bbox 1921 408 3499 480">
     <span class='ocr_line' id='line_1_5' title="bbox 1921 408 3499 480; baseline 0.006 -20"><span class='ocrx_word' id='word_1_12' title='bbox 1921 410 2035 462; x_wconf 77' lang='lat' dir='ltr'><strong>alio</strong></span> <span class='ocrx_word' id='word_1_13' title='bbox 2059 420 2213 478; x_wconf 83' lang='lat' dir='ltr'><strong>septo</strong></span> <span class='ocrx_word' id='word_1_14' title='bbox 2240 409 2605 473; x_wconf 76' lang='lat' dir='ltr'><strong>circutmiata,</strong></span> <span class='ocrx_word' id='word_1_15' title='bbox 2632 408 2706 462; x_wconf 76' lang='lat' dir='ltr'><strong>ibi</strong></span> <span class='ocrx_word' id='word_1_16' title='bbox 2733 411 2958 464; x_wconf 67' lang='lat' dir='ltr'><strong>clausus</strong></span> <span class='ocrx_word' id='word_1_17' title='bbox 2983 410 3220 464; x_wconf 52' lang='lat' dir='ltr'><strong>haerebat</strong></span> <span class='ocrx_word' id='word_1_18' title='bbox 3259 418 3499 480; x_wconf 45' lang='lat' dir='ltr'><strong>assidite,</strong></span> 
     </span>
    </p>
   </div>
   <div class='ocr_carea' id='block_1_6' title="bbox 231 499 1816 576">
    <p class='ocr_par' dir='ltr' id='par_1_6' title="bbox 231 499 1816 576">
     <span class='ocr_line' id='line_1_6' title="bbox 231 499 1816 576; baseline -0.006 -14"><span class='ocrx_word' id='word_1_19' title='bbox 231 508 326 562; x_wconf 75' lang='grc' dir='ltr'>καὶ</span> <span class='ocrx_word' id='word_1_20' title='bbox 354 505 498 576; x_wconf 85' lang='grc' dir='ltr'>ἄλλῳ</span> <span class='ocrx_word' id='word_1_21' title='bbox 525 521 584 556; x_wconf 87' lang='grc' dir='ltr'><strong>τε</strong></span> <span class='ocrx_word' id='word_1_22' title='bbox 619 500 840 572; x_wconf 84' lang='grc' dir='ltr'>σμικρῷ</span> <span class='ocrx_word' id='word_1_23' title='bbox 864 517 970 555; x_wconf 89' lang='grc' dir='ltr'>τινι</span> <span class='ocrx_word' id='word_1_24' title='bbox 992 499 1226 572; x_wconf 84' lang='grc' dir='ltr'>θριγκίῳ</span> <span class='ocrx_word' id='word_1_25' title='bbox 1254 500 1582 572; x_wconf 86' lang='grc' dir='ltr'>περιϐαλὼν,</span> <span class='ocrx_word' id='word_1_26' title='bbox 1603 501 1816 572; x_wconf 79' lang='grc' dir='ltr'>καθεῖρο</span> 
     </span>
    </p>
   </div>
   <div class='ocr_carea' id='block_1_7' title="bbox 230 592 1814 667">
    <p class='ocr_par' dir='ltr' id='par_1_7' title="bbox 230 592 1814 667">
     <span class='ocr_line' id='line_1_7' title="bbox 230 592 1814 667; baseline -0.006 -13"><span class='ocrx_word' id='word_1_27' title='bbox 230 617 328 658; x_wconf 81' lang='grc' dir='ltr'><strong>κτο</strong></span> <span class='ocrx_word' id='word_1_28' title='bbox 379 595 664 667; x_wconf 77' lang='grc' dir='ltr'><strong>διηνεκῶς,</strong></span> <span class='ocrx_word' id='word_1_29' title='bbox 728 592 912 664; x_wconf 83' lang='grc' dir='ltr'><strong>πάσης</strong></span> <span class='ocrx_word' id='word_1_30' title='bbox 970 593 1068 662; x_wconf 77' lang='grc' dir='ltr'>μὲν</span> <span class='ocrx_word' id='word_1_31' title='bbox 1121 594 1408 658; x_wconf 83' lang='grc' dir='ltr'><strong>συνουσίας</strong></span> <span class='ocrx_word' id='word_1_32' title='bbox 1462 593 1814 664; x_wconf 77' lang='grc' dir='ltr'><strong>ἀνθρωπίνης</strong></span> 
     </span>
    </p>
   </div>
   <div class='ocr_carea' id='block_1_8' title="bbox 229 685 1808 762">
    <p class='ocr_par' dir='ltr' id='par_1_8' title="bbox 229 685 1808 762">
     <span class='ocr_line' id='line_1_8' title="bbox 229 685 1808 762; baseline -0.007 -14"><span class='ocrx_word' id='word_1_33' title='bbox 229 688 652 762; x_wconf 77' lang='grc' dir='ltr'><strong>κεχωρισμένος,</strong></span> <span class='ocrx_word' id='word_1_34' title='bbox 683 685 761 755; x_wconf 83' lang='grc' dir='ltr'>τῷ</span> <span class='ocrx_word' id='word_1_35' title='bbox 778 685 833 738; x_wconf 83' lang='grc' dir='ltr'>δὲ</span> <span class='ocrx_word' id='word_1_36' title='bbox 855 685 965 738; x_wconf 91' lang='grc' dir='ltr'><strong>τῶν</strong></span> <span class='ocrx_word' id='word_1_37' title='bbox 985 685 1122 738; x_wconf 86' lang='grc' dir='ltr'>ὅλων</span> <span class='ocrx_word' id='word_1_38' title='bbox 1144 686 1390 759; x_wconf 83' lang='grc' dir='ltr'>Δεσπότῃ</span> <span class='ocrx_word' id='word_1_39' title='bbox 1410 685 1808 754; x_wconf 88' lang='grc' dir='ltr'>διαλεγόμενος,</span> 
     </span>
    </p>
   </div>
   <div class='ocr_carea' id='block_1_9' title="bbox 229 779 1811 856">
    <p class='ocr_par' dir='ltr' id='par_1_9' title="bbox 229 779 1811 856">
     <span class='ocr_line' id='line_1_9' title="bbox 229 779 1811 856; baseline -0.006 -16"><span class='ocrx_word' id='word_1_40' title='bbox 229 785 446 856; x_wconf 77' lang='grc' dir='ltr'>καὶτῆς</span> <span class='ocrx_word' id='word_1_41' title='bbox 473 782 730 851; x_wconf 76' lang='grc' dir='ltr'><strong>γλυκείας</strong></span> <span class='ocrx_word' id='word_1_42' title='bbox 763 781 979 850; x_wconf 75' lang='grc' dir='ltr'>ἐκείνης</span> <span class='ocrx_word' id='word_1_43' title='bbox 1030 781 1232 834; x_wconf 79' lang='grc' dir='ltr'>ἐπαΐων</span> <span class='ocrx_word' id='word_1_44' title='bbox 1280 780 1486 849; x_wconf 87' lang='grc' dir='ltr'>φωνῆς.</span> <span class='ocrx_word' id='word_1_45' title='bbox 1533 780 1657 843; x_wconf 83' lang='grc' dir='ltr'>Τοῖς</span> <span class='ocrx_word' id='word_1_46' title='bbox 1711 779 1811 850; x_wconf 77' lang='grc' dir='ltr'>μὲν</span> 
     </span>
    </p>
   </div>
   <div class='ocr_carea' id='block_1_10' title="bbox 229 871 1810 948">
    <p class='ocr_par' dir='ltr' id='par_1_10' title="bbox 229 871 1810 948">
     <span class='ocr_line' id='line_1_10' title="bbox 229 871 1810 948; baseline -0.004 -17"><span class='ocrx_word' id='word_1_47' title='bbox 229 879 338 948; x_wconf 87' lang='grc' dir='ltr'><strong>γάρ</strong></span> <span class='ocrx_word' id='word_1_48' title='bbox 389 875 552 938; x_wconf 77' lang='grc' dir='ltr'>θείοις</span> <span class='ocrx_word' id='word_1_49' title='bbox 608 873 951 943; x_wconf 77' lang='grc' dir='ltr'>ἐντυγχάνων</span> <span class='ocrx_word' id='word_1_50' title='bbox 1003 873 1224 937; x_wconf 81' lang='grc' dir='ltr'>λογίοις,</span> <span class='ocrx_word' id='word_1_51' title='bbox 1274 872 1374 942; x_wconf 89' lang='grc' dir='ltr'><strong>τῆς</strong></span> <span class='ocrx_word' id='word_1_52' title='bbox 1429 871 1579 935; x_wconf 83' lang='grc' dir='ltr'>θείας</span> <span class='ocrx_word' id='word_1_53' title='bbox 1623 872 1810 942; x_wconf 86' lang='grc' dir='ltr'>φωνῆς</span> 
     </span>
    </p>
   </div>
   <div class='ocr_carea' id='block_1_11' title="bbox 228 965 1809 1038">
    <p class='ocr_par' dir='ltr' id='par_1_11' title="bbox 228 965 1809 1038">
     <span class='ocr_line' id='line_1_11' title="bbox 228 965 1809 1038; baseline -0.003 -15"><span class='ocrx_word' id='word_1_54' title='bbox 228 968 518 1023; x_wconf 84' lang='grc' dir='ltr'>ἀπολαύειν</span> <span class='ocrx_word' id='word_1_55' title='bbox 549 969 759 1038; x_wconf 76' lang='grc' dir='ltr'>ἡγεῖτο·</span> <span class='ocrx_word' id='word_1_56' title='bbox 792 965 1228 1036; x_wconf 84' lang='grc' dir='ltr'>προσευχόμενος</span> <span class='ocrx_word' id='word_1_57' title='bbox 1257 965 1313 1019; x_wconf 86' lang='grc' dir='ltr'><strong>δέ</strong></span> <span class='ocrx_word' id='word_1_58' title='bbox 1333 965 1427 1018; x_wconf 81' lang='grc' dir='ltr'>καὶ</span> <span class='ocrx_word' id='word_1_59' title='bbox 1457 965 1554 1028; x_wconf 80' lang='grc' dir='ltr'>τὰς</span> <span class='ocrx_word' id='word_1_60' title='bbox 1573 965 1809 1029; x_wconf 84' lang='grc' dir='ltr'>ίκετείας</span> 
     </span>
    </p>
   </div>
   <div class='ocr_carea' id='block_1_12' title="bbox 228 1056 1809 1132">
    <p class='ocr_par' dir='ltr' id='par_1_12' title="bbox 228 1056 1809 1132">
     <span class='ocr_line' id='line_1_12' title="bbox 228 1056 1809 1132; baseline -0.002 -19"><span class='ocrx_word' id='word_1_61' title='bbox 228 1058 576 1132; x_wconf 77' lang='grc' dir='ltr'>προσφέρων,</span> <span class='ocrx_word' id='word_1_62' title='bbox 607 1057 767 1121; x_wconf 84' lang='grc' dir='ltr'>αὑτὸς</span> <span class='ocrx_word' id='word_1_63' title='bbox 797 1057 896 1128; x_wconf 81' lang='grc' dir='ltr'><strong>τὴν</strong></span> <span class='ocrx_word' id='word_1_64' title='bbox 929 1056 1068 1127; x_wconf 81' lang='grc' dir='ltr'>πρὸς</span> <span class='ocrx_word' id='word_1_65' title='bbox 1110 1057 1202 1110; x_wconf 84' lang='grc' dir='ltr'><strong>τὸν</strong></span> <span class='ocrx_word' id='word_1_66' title='bbox 1248 1057 1526 1126; x_wconf 86' lang='grc' dir='ltr'>Δεσπότην</span> <span class='ocrx_word' id='word_1_67' title='bbox 1573 1057 1809 1110; x_wconf 84' lang='grc' dir='ltr'>ἐποιεῖτο</span> 
     </span>
    </p>
   </div>
   <div class='ocr_carea' id='block_1_13' title="bbox 224 1147 1808 1220">
    <p class='ocr_par' dir='ltr' id='par_1_13' title="bbox 224 1147 1808 1220">
     <span class='ocr_line' id='line_1_13' title="bbox 224 1147 1808 1220; baseline -0.003 -15"><span class='ocrx_word' id='word_1_68' title='bbox 224 1149 478 1215; x_wconf 80' lang='grc' dir='ltr'>διάλεξιν.</span> <span class='ocrx_word' id='word_1_69' title='bbox 517 1150 628 1202; x_wconf 74' lang='grc' dir='ltr'>Καὶ</span> <span class='ocrx_word' id='word_1_70' title='bbox 653 1147 924 1220; x_wconf 78' lang='grc' dir='ltr'>τοσαύτης</span> <span class='ocrx_word' id='word_1_71' title='bbox 965 1148 1052 1201; x_wconf 74' lang='grc' dir='ltr'>ἀεὶ</span> <span class='ocrx_word' id='word_1_72' title='bbox 1083 1149 1293 1220; x_wconf 81' lang='grc' dir='ltr'>τρυφῆς</span> <span class='ocrx_word' id='word_1_73' title='bbox 1328 1149 1620 1203; x_wconf 74' lang='grc' dir='ltr'>ἀπολαύων</span> <span class='ocrx_word' id='word_1_74' title='bbox 1649 1151 1808 1219; x_wconf 84' lang='grc' dir='ltr'>κόρον</span> 
     </span>
    </p>
   </div>
   <div class='ocr_carea' id='block_1_14' title="bbox 223 1241 1806 1311">
    <p class='ocr_par' dir='ltr' id='par_1_14' title="bbox 223 1241 1806 1311">
     <span class='ocr_line' id='line_1_14' title="bbox 223 1241 1806 1311; baseline -0.002 -14"><span class='ocrx_word' id='word_1_75' title='bbox 223 1243 410 1297; x_wconf 85' lang='grc' dir='ltr'>λαϐεῖν</span> <span class='ocrx_word' id='word_1_76' title='bbox 438 1243 538 1296; x_wconf 83' lang='grc' dir='ltr'><strong>οὐκ</strong></span> <span class='ocrx_word' id='word_1_77' title='bbox 572 1241 843 1296; x_wconf 88' lang='grc' dir='ltr'>ἐϐούλετο.</span> <span class='ocrx_word' id='word_1_78' title='bbox 881 1241 1120 1295; x_wconf 86' lang='grc' dir='ltr'>Ἤκουσε</span> <span class='ocrx_word' id='word_1_79' title='bbox 1152 1242 1261 1311; x_wconf 76' lang='grc' dir='ltr'>γὰρ</span> <span class='ocrx_word' id='word_1_80' title='bbox 1294 1242 1390 1295; x_wconf 84' lang='grc' dir='ltr'>τοῦ</span> <span class='ocrx_word' id='word_1_81' title='bbox 1444 1243 1591 1297; x_wconf 83' lang='grc' dir='ltr'>θείου</span> <span class='ocrx_word' id='word_1_82' title='bbox 1636 1243 1806 1297; x_wconf 83' lang='grc' dir='ltr'>Πνεύ-</span> 
     </span>
    </p>
   </div>
   <div class='ocr_carea' id='block_1_15' title="bbox 226 1333 1804 1405">
    <p class='ocr_par' dir='ltr' id='par_1_15' title="bbox 226 1333 1804 1405">
     <span class='ocr_line' id='line_1_15' title="bbox 226 1333 1804 1405; baseline 0.002 -17"><span class='ocrx_word' id='word_1_83' title='bbox 226 1352 396 1405; x_wconf 86' lang='grc' dir='ltr'>ματος</span> <span class='ocrx_word' id='word_1_84' title='bbox 425 1335 512 1387; x_wconf 83' lang='grc' dir='ltr'>διὰ</span> <span class='ocrx_word' id='word_1_85' title='bbox 540 1333 635 1386; x_wconf 80' lang='grc' dir='ltr'>τοῦ</span> <span class='ocrx_word' id='word_1_86' title='bbox 664 1333 904 1402; x_wconf 80' lang='grc' dir='ltr'>μεγάλου</span> <span class='ocrx_word' id='word_1_87' title='bbox 931 1334 1096 1387; x_wconf 76' lang='grc' dir='ltr'>Δαϐὶδ</span> <span class='ocrx_word' id='word_1_88' title='bbox 1129 1335 1549 1404; x_wconf 73' lang='grc' dir='ltr'>ύποψάλλοντος,</span> <span class='ocrx_word' id='word_1_89' title='bbox 1587 1357 1606 1390; x_wconf 75' lang='grc' dir='ltr'><strong>ι</strong></span> <span class='ocrx_word' id='word_1_90' title='bbox 1653 1338 1740 1402; x_wconf 85' lang='grc' dir='ltr'>Ὠς</span> <span class='ocrx_word' id='word_1_91' title='bbox 1777 1341 1804 1392; x_wconf 88' lang='grc' dir='ltr'><strong>ό</strong></span> 
     </span>
    </p>
   </div>
   <div class='ocr_carea' id='block_1_16' title="bbox 223 1424 1803 1498">
    <p class='ocr_par' dir='ltr' id='par_1_16' title="bbox 223 1424 1803 1498">
     <span class='ocr_line' id='line_1_16' title="bbox 223 1424 1803 1498; baseline 0.003 -19"><span class='ocrx_word' id='word_1_92' title='bbox 223 1426 463 1497; x_wconf 84' lang='grc' dir='ltr'>μελετῶν</span> <span class='ocrx_word' id='word_1_93' title='bbox 489 1428 545 1478; x_wconf 86' lang='grc' dir='ltr'><strong>ἐν</strong></span> <span class='ocrx_word' id='word_1_94' title='bbox 575 1425 726 1496; x_wconf 80' lang='grc' dir='ltr'>νόμῳ</span> <span class='ocrx_word' id='word_1_95' title='bbox 767 1424 977 1496; x_wconf 82' lang='grc' dir='ltr'>Κυρίου</span> <span class='ocrx_word' id='word_1_96' title='bbox 1014 1426 1228 1498; x_wconf 78' lang='grc' dir='ltr'>ἡμέρας</span> <span class='ocrx_word' id='word_1_97' title='bbox 1274 1428 1370 1480; x_wconf 68' lang='grc' dir='ltr'><strong>καὶ</strong></span> <span class='ocrx_word' id='word_1_98' title='bbox 1397 1429 1612 1493; x_wconf 76' lang='grc' dir='ltr'>νυκτὸς,</span> <span class='ocrx_word' id='word_1_99' title='bbox 1647 1429 1803 1484; x_wconf 79' lang='grc' dir='ltr'>ἔσται</span> 
     </span>
    </p>
   </div>
   <div class='ocr_carea' id='block_1_17' title="bbox 217 1515 1804 1590">
    <p class='ocr_par' dir='ltr' id='par_1_17' title="bbox 217 1515 1804 1590">
     <span class='ocr_line' id='line_1_17' title="bbox 217 1515 1804 1590; baseline 0.002 -20"><span class='ocrx_word' id='word_1_100' title='bbox 217 1517 292 1581; x_wconf 77' lang='grc' dir='ltr'>ὡς</span> <span class='ocrx_word' id='word_1_101' title='bbox 332 1516 391 1570; x_wconf 83' lang='grc' dir='ltr'>τὸ</span> <span class='ocrx_word' id='word_1_102' title='bbox 425 1517 580 1582; x_wconf 78' lang='grc' dir='ltr'>ξύλον</span> <span class='ocrx_word' id='word_1_103' title='bbox 619 1516 681 1570; x_wconf 82' lang='grc' dir='ltr'>τὸ</span> <span class='ocrx_word' id='word_1_104' title='bbox 729 1515 1137 1586; x_wconf 76' lang='grc' dir='ltr'>πεφυτευμένον</span> <span class='ocrx_word' id='word_1_105' title='bbox 1186 1519 1340 1590; x_wconf 83' lang='grc' dir='ltr'><strong>παρά</strong></span> <span class='ocrx_word' id='word_1_106' title='bbox 1384 1518 1485 1584; x_wconf 72' lang='grc' dir='ltr'>τὰς</span> <span class='ocrx_word' id='word_1_107' title='bbox 1535 1519 1804 1584; x_wconf 79' lang='grc' dir='ltr'>διεξόδους</span> 
     </span>
    </p>
   </div>
   <div class='ocr_carea' id='block_1_18' title="bbox 223 1608 1804 1682">
    <p class='ocr_par' dir='ltr' id='par_1_18' title="bbox 223 1608 1804 1682">
     <span class='ocr_line' id='line_1_18' title="bbox 223 1608 1804 1682; baseline 0.001 -20"><span class='ocrx_word' id='word_1_108' title='bbox 223 1611 335 1662; x_wconf 83' lang='grc' dir='ltr'><strong>τῶν</strong></span> <span class='ocrx_word' id='word_1_109' title='bbox 380 1610 607 1671; x_wconf 83' lang='grc' dir='ltr'>ὑδάτων,</span> <span class='ocrx_word' id='word_1_110' title='bbox 651 1608 680 1662; x_wconf 80' lang='grc' dir='ltr'><strong><em>ὃ</em></strong></span> <span class='ocrx_word' id='word_1_111' title='bbox 714 1608 806 1662; x_wconf 81' lang='grc' dir='ltr'>τὸν</span> <span class='ocrx_word' id='word_1_112' title='bbox 849 1609 1060 1680; x_wconf 79' lang='grc' dir='ltr'>καρπὸν</span> <span class='ocrx_word' id='word_1_113' title='bbox 1106 1609 1272 1663; x_wconf 84' lang='grc' dir='ltr'>αὐτοῦ</span> <span class='ocrx_word' id='word_1_114' title='bbox 1323 1609 1485 1664; x_wconf 84' lang='grc' dir='ltr'>δώσει</span> <span class='ocrx_word' id='word_1_115' title='bbox 1531 1613 1591 1664; x_wconf 85' lang='grc' dir='ltr'><strong>ἐν</strong></span> <span class='ocrx_word' id='word_1_116' title='bbox 1629 1609 1804 1682; x_wconf 81' lang='grc' dir='ltr'>καιρῷ</span> 
     </span>
    </p>
   </div>
   <div class='ocr_carea' id='block_1_19' title="bbox 221 1699 1801 1774">
    <p class='ocr_par' dir='ltr' id='par_1_19' title="bbox 221 1699 1801 1774">
     <span class='ocr_line' id='line_1_19' title="bbox 221 1699 1801 1774; baseline 0.001 -21"><span class='ocrx_word' id='word_1_117' title='bbox 221 1699 408 1762; x_wconf 75' lang='grc' dir='ltr'>αὐτοῦ,</span> <span class='ocrx_word' id='word_1_118' title='bbox 434 1702 526 1754; x_wconf 76' lang='grc' dir='ltr'>καὶ</span> <span class='ocrx_word' id='word_1_119' title='bbox 549 1699 608 1752; x_wconf 81' lang='grc' dir='ltr'><strong>τὸ</strong></span> <span class='ocrx_word' id='word_1_120' title='bbox 631 1699 825 1768; x_wconf 78' lang='grc' dir='ltr'>φύλλον</span> <span class='ocrx_word' id='word_1_121' title='bbox 841 1699 1006 1754; x_wconf 82' lang='grc' dir='ltr'>αὑτοῦ</span> <span class='ocrx_word' id='word_1_122' title='bbox 1033 1700 1578 1774; x_wconf 80' lang='grc' dir='ltr'>ούκάπορῤυήσεται.</span> <span class='ocrx_word' id='word_1_123' title='bbox 1621 1721 1640 1754; x_wconf 71' lang='grc' dir='ltr'><strong>ι</strong></span> <span class='ocrx_word' id='word_1_124' title='bbox 1662 1703 1801 1756; x_wconf 81' lang='grc' dir='ltr'>Τού-</span> 
     </span>
    </p>
   </div>
   <div class='ocr_carea' id='block_1_20' title="bbox 1921 499 3498 575">
    <p class='ocr_par' dir='ltr' id='par_1_20' title="bbox 1921 499 3498 575">
     <span class='ocr_line' id='line_1_20' title="bbox 1921 499 3498 575; baseline 0.007 -23"><span class='ocrx_word' id='word_1_125' title='bbox 1921 501 1990 553; x_wconf 83' lang='lat' dir='ltr'><strong>ab</strong></span> <span class='ocrx_word' id='word_1_126' title='bbox 2023 501 2173 553; x_wconf 91' lang='lat' dir='ltr'><strong>omni</strong></span> <span class='ocrx_word' id='word_1_127' title='bbox 2206 500 2430 568; x_wconf 78' lang='lat' dir='ltr'><strong>quidem</strong></span> <span class='ocrx_word' id='word_1_128' title='bbox 2469 499 2701 554; x_wconf 84' lang='lat' dir='ltr'><strong>hamaua</strong></span> <span class='ocrx_word' id='word_1_129' title='bbox 2745 503 3148 558; x_wconf 84' lang='lat' dir='ltr'><strong>consuetudine</strong></span> <span class='ocrx_word' id='word_1_130' title='bbox 3185 506 3498 575; x_wconf 66' lang='lat' dir='ltr'><strong>si-juuctus.</strong></span> 
     </span>
    </p>
   </div>
   <div class='ocr_carea' id='block_1_21' title="bbox 1921 589 3503 666">
    <p class='ocr_par' dir='ltr' id='par_1_21' title="bbox 1921 589 3503 666">
     <span class='ocr_line' id='line_1_21' title="bbox 1921 589 3503 666; baseline 0.007 -23"><span class='ocrx_word' id='word_1_131' title='bbox 1921 589 2015 644; x_wconf 85' lang='lat' dir='ltr'><strong>sed</strong></span> <span class='ocrx_word' id='word_1_132' title='bbox 2041 605 2168 644; x_wconf 88' lang='lat' dir='ltr'><strong>cum</strong></span> <span class='ocrx_word' id='word_1_133' title='bbox 2192 589 2422 645; x_wconf 90' lang='lat' dir='ltr'><strong>Domino</strong></span> <span class='ocrx_word' id='word_1_134' title='bbox 2456 593 2468 610; x_wconf 84' lang='lat'><em>‘</em></span> <span class='ocrx_word' id='word_1_135' title='bbox 2499 592 2883 648; x_wconf 87' lang='lat' dir='ltr'><strong>universorum</strong></span> <span class='ocrx_word' id='word_1_136' title='bbox 2920 595 3266 666; x_wconf 90' lang='lat' dir='ltr'><strong>colloquens,</strong></span> <span class='ocrx_word' id='word_1_137' title='bbox 3304 610 3356 654; x_wconf 88' lang='lat' dir='ltr'><strong>et</strong></span> <span class='ocrx_word' id='word_1_138' title='bbox 3381 599 3503 655; x_wconf 59' lang='lat' dir='ltr'><strong>dulo</strong></span> 
     </span>
    </p>
   </div>
   <div class='ocr_carea' id='block_1_22' title="bbox 1918 682 3500 748">
    <p class='ocr_par' dir='ltr' id='par_1_22' title="bbox 1918 682 3500 748">
     <span class='ocr_line' id='line_1_22' title="bbox 1918 682 3500 748; baseline 0.007 -12"><span class='ocrx_word' id='word_1_139' title='bbox 1918 696 2038 736; x_wconf 88' lang='lat' dir='ltr'><strong>cem</strong></span> <span class='ocrx_word' id='word_1_140' title='bbox 2071 682 2216 737; x_wconf 90' lang='lat' dir='ltr'><strong>illam</strong></span> <span class='ocrx_word' id='word_1_141' title='bbox 2252 698 2441 738; x_wconf 73' lang='lat' dir='ltr'><strong>vocem</strong></span> <span class='ocrx_word' id='word_1_142' title='bbox 2497 684 2822 742; x_wconf 78' lang='lat' dir='ltr'><strong>exaudiens.</strong></span> <span class='ocrx_word' id='word_1_143' title='bbox 2859 684 3054 742; x_wconf 84' lang='lat' dir='ltr'><strong>Divina</strong></span> <span class='ocrx_word' id='word_1_144' title='bbox 3095 689 3240 743; x_wconf 90' lang='lat' dir='ltr'><strong>enim</strong></span> <span class='ocrx_word' id='word_1_145' title='bbox 3272 706 3500 748; x_wconf 78' lang='lat' dir='ltr'><strong>versans</strong></span> 
     </span>
    </p>
   </div>
   <div class='ocr_carea' id='block_1_23' title="bbox 1919 776 3500 846">
    <p class='ocr_par' dir='ltr' id='par_1_23' title="bbox 1919 776 3500 846">
     <span class='ocr_line' id='line_1_23' title="bbox 1919 776 3500 846; baseline 0.008 -17"><span class='ocrx_word' id='word_1_146' title='bbox 1919 777 2166 846; x_wconf 86' lang='lat' dir='ltr'><strong>eloquia,</strong></span> <span class='ocrx_word' id='word_1_147' title='bbox 2200 776 2446 830; x_wconf 80' lang='lat' dir='ltr'><strong>divinam</strong></span> <span class='ocrx_word' id='word_1_148' title='bbox 2483 792 2540 831; x_wconf 90' lang='lat' dir='ltr'><strong>se</strong></span> <span class='ocrx_word' id='word_1_149' title='bbox 2571 793 2762 833; x_wconf 86' lang='lat' dir='ltr'><strong>vocem</strong></span> <span class='ocrx_word' id='word_1_150' title='bbox 2791 781 2986 836; x_wconf 89' lang='lat' dir='ltr'><strong>audire</strong></span> <span class='ocrx_word' id='word_1_151' title='bbox 3013 784 3276 838; x_wconf 86' lang='lat' dir='ltr'><strong>censebat</strong></span> <span class='ocrx_word' id='word_1_152' title='bbox 3299 803 3311 838; x_wconf 86' lang='lat'><strong>:</strong></span> <span class='ocrx_word' id='word_1_153' title='bbox 3332 803 3500 841; x_wconf 65' lang='lat' dir='ltr'><strong>orans</strong></span> 
     </span>
    </p>
   </div>
   <div class='ocr_carea' id='block_1_24' title="bbox 1917 867 3493 946">
    <p class='ocr_par' dir='ltr' id='par_1_24' title="bbox 1917 867 3493 946">
     <span class='ocr_line' id='line_1_24' title="bbox 1917 867 3493 946; baseline 0.008 -26"><span class='ocrx_word' id='word_1_154' title='bbox 1917 877 2098 923; x_wconf 87' lang='lat' dir='ltr'><strong>autem</strong></span> <span class='ocrx_word' id='word_1_155' title='bbox 2133 877 2187 923; x_wconf 87' lang='lat' dir='ltr'><strong>et</strong></span> <span class='ocrx_word' id='word_1_156' title='bbox 2217 884 2406 939; x_wconf 87' lang='lat' dir='ltr'><strong>preces</strong></span> <span class='ocrx_word' id='word_1_157' title='bbox 2437 867 2700 934; x_wconf 76' lang='lat' dir='ltr'><strong>olferens,</strong></span> <span class='ocrx_word' id='word_1_158' title='bbox 2739 870 2856 938; x_wconf 89' lang='lat' dir='ltr'><strong>ipse</strong></span> <span class='ocrx_word' id='word_1_159' title='bbox 2885 886 3010 926; x_wconf 87' lang='lat' dir='ltr'><strong>cmn</strong></span> <span class='ocrx_word' id='word_1_160' title='bbox 3044 872 3276 929; x_wconf 84' lang='lat' dir='ltr'><strong>Domino</strong></span> <span class='ocrx_word' id='word_1_161' title='bbox 3305 878 3493 946; x_wconf 87' lang='lat' dir='ltr'><strong>loque-</strong></span> 
     </span>
    </p>
   </div>
   <div class='ocr_carea' id='block_1_25' title="bbox 1919 960 3498 1030">
    <p class='ocr_par' dir='ltr' id='par_1_25' title="bbox 1919 960 3498 1030">
     <span class='ocr_line' id='line_1_25' title="bbox 1919 960 3498 1030; baseline 0.006 -15"><span class='ocrx_word' id='word_1_162' title='bbox 1919 962 2104 1015; x_wconf 89' lang='lat' dir='ltr'><strong>batur.</strong></span> <span class='ocrx_word' id='word_1_163' title='bbox 2129 960 2338 1015; x_wconf 79' lang='lat' dir='ltr'><strong>Etcum</strong></span> <span class='ocrx_word' id='word_1_164' title='bbox 2362 960 2532 1014; x_wconf 89' lang='lat' dir='ltr'><strong>tantis</strong></span> <span class='ocrx_word' id='word_1_165' title='bbox 2554 975 2772 1030; x_wconf 86' lang='lat' dir='ltr'><strong>semper</strong></span> <span class='ocrx_word' id='word_1_166' title='bbox 2792 961 3073 1017; x_wconf 80' lang='lat' dir='ltr'><strong>frueretur</strong></span> <span class='ocrx_word' id='word_1_167' title='bbox 3097 966 3330 1026; x_wconf 82' lang='lat' dir='ltr'><strong>deliciis.</strong></span> <span class='ocrx_word' id='word_1_168' title='bbox 3355 986 3498 1024; x_wconf 87' lang='lat' dir='ltr'><strong>nun-</strong></span> 
     </span>
    </p>
   </div>
   <div class='ocr_carea' id='block_1_26' title="bbox 1875 1051 3498 1122">
    <p class='ocr_par' dir='ltr' id='par_1_26' title="bbox 1875 1051 3498 1122">
     <span class='ocr_line' id='line_1_26' title="bbox 1875 1051 3498 1122; baseline 0.005 -17"><span class='ocrx_word' id='word_1_169' title='bbox 1875 1062 1890 1074; x_wconf 79' lang='lat'><strong><em>&#39;</em></strong></span> <span class='ocrx_word' id='word_1_170' title='bbox 1914 1068 2080 1122; x_wconf 83' lang='lat' dir='ltr'><strong>quam</strong></span> <span class='ocrx_word' id='word_1_171' title='bbox 2099 1060 2282 1106; x_wconf 88' lang='lat' dir='ltr'><strong>tamen</strong></span> <span class='ocrx_word' id='word_1_172' title='bbox 2308 1051 2462 1105; x_wconf 90' lang='lat' dir='ltr'><strong>illum</strong></span> <span class='ocrx_word' id='word_1_173' title='bbox 2483 1051 2710 1107; x_wconf 77' lang='lat' dir='ltr'><strong>satietas</strong></span> <span class='ocrx_word' id='word_1_174' title='bbox 2736 1053 3006 1122; x_wconf 78' lang='lat' dir='ltr'><strong>capiebat.</strong></span> <span class='ocrx_word' id='word_1_175' title='bbox 3025 1055 3326 1110; x_wconf 73' lang='lat' dir='ltr'><strong>Audirerat</strong></span> <span class='ocrx_word' id='word_1_176' title='bbox 3349 1060 3498 1114; x_wconf 90' lang='lat' dir='ltr'><strong>enim</strong></span> 
     </span>
    </p>
   </div>
   <div class='ocr_carea' id='block_1_27' title="bbox 1915 1141 3497 1215">
    <p class='ocr_par' dir='ltr' id='par_1_27' title="bbox 1915 1141 3497 1215">
     <span class='ocr_line' id='line_1_27' title="bbox 1915 1141 3497 1215; baseline 0.003 -18"><span class='ocrx_word' id='word_1_177' title='bbox 1915 1144 2162 1198; x_wconf 80' lang='lat' dir='ltr'><strong>divian</strong></span> <span class='ocrx_word' id='word_1_178' title='bbox 2193 1142 2461 1212; x_wconf 87' lang='lat' dir='ltr'><strong>Spiritum</strong></span> <span class='ocrx_word' id='word_1_179' title='bbox 2492 1157 2586 1210; x_wconf 90' lang='lat' dir='ltr'><strong>per</strong></span> <span class='ocrx_word' id='word_1_180' title='bbox 2601 1158 2665 1198; x_wconf 92' lang='lat' dir='ltr'><strong>os</strong></span> <span class='ocrx_word' id='word_1_181' title='bbox 2692 1141 2914 1200; x_wconf 84' lang='lat' dir='ltr'><strong>Davidis</strong></span> <span class='ocrx_word' id='word_1_182' title='bbox 2942 1145 3270 1215; x_wconf 88' lang='lat' dir='ltr'><strong>psallentem</strong></span> <span class='ocrx_word' id='word_1_183' title='bbox 3298 1166 3311 1202; x_wconf 91' lang='lat'>:</span> <span class='ocrx_word' id='word_1_184' title='bbox 3349 1166 3366 1200; x_wconf 80' lang='grc' dir='ltr'><strong>ι</strong></span> <span class='ocrx_word' id='word_1_185' title='bbox 3392 1149 3497 1214; x_wconf 85' lang='lat' dir='ltr'><strong>Qui</strong></span> 
     </span>
    </p>
   </div>
   <div class='ocr_carea' id='block_1_28' title="bbox 1914 1235 3495 1309">
    <p class='ocr_par' dir='ltr' id='par_1_28' title="bbox 1914 1235 3495 1309">
     <span class='ocr_line' id='line_1_28' title="bbox 1914 1235 3495 1309; baseline 0.003 -19"><span class='ocrx_word' id='word_1_186' title='bbox 1914 1237 2214 1293; x_wconf 85' lang='lat' dir='ltr'><strong>meditatur</strong></span> <span class='ocrx_word' id='word_1_187' title='bbox 2244 1237 2298 1290; x_wconf 91' lang='lat' dir='ltr'><strong>in</strong></span> <span class='ocrx_word' id='word_1_188' title='bbox 2322 1238 2440 1306; x_wconf 74' lang='lat' dir='ltr'><strong>lege</strong></span> <span class='ocrx_word' id='word_1_189' title='bbox 2464 1235 2682 1290; x_wconf 85' lang='lat' dir='ltr'><strong>Domini</strong></span> <span class='ocrx_word' id='word_1_190' title='bbox 2707 1235 2794 1292; x_wconf 89' lang='lat' dir='ltr'><strong>die</strong></span> <span class='ocrx_word' id='word_1_191' title='bbox 2817 1252 2879 1291; x_wconf 89' lang='lat' dir='ltr'><strong>ac</strong></span> <span class='ocrx_word' id='word_1_192' title='bbox 2904 1247 3084 1304; x_wconf 90' lang='lat' dir='ltr'><strong>nocte,</strong></span> <span class='ocrx_word' id='word_1_193' title='bbox 3101 1240 3206 1294; x_wconf 88' lang='lat' dir='ltr'><strong>erit</strong></span> <span class='ocrx_word' id='word_1_194' title='bbox 3232 1247 3495 1309; x_wconf 85' lang='lat' dir='ltr'><strong>tanquam</strong></span> 
     </span>
    </p>
   </div>
   <div class='ocr_carea' id='block_1_29' title="bbox 1913 1325 3493 1402">
    <p class='ocr_par' dir='ltr' id='par_1_29' title="bbox 1913 1325 3493 1402">
     <span class='ocr_line' id='line_1_29' title="bbox 1913 1325 3493 1402; baseline 0.003 -22"><span class='ocrx_word' id='word_1_195' title='bbox 1913 1325 2121 1396; x_wconf 76' lang='lat' dir='ltr'><strong>lignum</strong></span> <span class='ocrx_word' id='word_1_196' title='bbox 2143 1327 2287 1398; x_wconf 88' lang='lat' dir='ltr'><strong>quod</strong></span> <span class='ocrx_word' id='word_1_197' title='bbox 2310 1328 2612 1400; x_wconf 89' lang='lat' dir='ltr'><strong>plantatmn</strong></span> <span class='ocrx_word' id='word_1_198' title='bbox 2635 1335 2722 1381; x_wconf 91' lang='lat' dir='ltr'><strong>est</strong></span> <span class='ocrx_word' id='word_1_199' title='bbox 2743 1343 2904 1384; x_wconf 86' lang='lat' dir='ltr'><strong>secus</strong></span> <span class='ocrx_word' id='word_1_200' title='bbox 2920 1330 3186 1386; x_wconf 88' lang='lat' dir='ltr'><strong>decursus</strong></span> <span class='ocrx_word' id='word_1_201' title='bbox 3203 1346 3493 1402; x_wconf 88' lang='lat' dir='ltr'><strong>aquarum,</strong></span> 
     </span>
    </p>
   </div>
   <div class='ocr_carea' id='block_1_30' title="bbox 1913 1419 3492 1495">
    <p class='ocr_par' dir='ltr' id='par_1_30' title="bbox 1913 1419 3492 1495">
     <span class='ocr_line' id='line_1_30' title="bbox 1913 1419 3492 1495; baseline 0.003 -20"><span class='ocrx_word' id='word_1_202' title='bbox 1913 1422 2059 1490; x_wconf 93' lang='lat' dir='ltr'><strong>quod</strong></span> <span class='ocrx_word' id='word_1_203' title='bbox 2088 1419 2330 1475; x_wconf 80' lang='lat' dir='ltr'><strong>fructum</strong></span> <span class='ocrx_word' id='word_1_204' title='bbox 2362 1435 2522 1476; x_wconf 89' lang='lat' dir='ltr'><strong>sumn</strong></span> <span class='ocrx_word' id='word_1_205' title='bbox 2553 1420 2777 1475; x_wconf 84' lang='lat' dir='ltr'><strong>dabitin</strong></span> <span class='ocrx_word' id='word_1_206' title='bbox 2804 1432 3050 1495; x_wconf 85' lang='lat' dir='ltr'><strong>tempore</strong></span> <span class='ocrx_word' id='word_1_207' title='bbox 3080 1441 3201 1492; x_wconf 93' lang='lat' dir='ltr'><strong>suo,</strong></span> <span class='ocrx_word' id='word_1_208' title='bbox 3225 1435 3278 1480; x_wconf 92' lang='lat' dir='ltr'><strong>ct</strong></span> <span class='ocrx_word' id='word_1_209' title='bbox 3300 1425 3492 1481; x_wconf 80' lang='lat' dir='ltr'><strong>folium</strong></span> 
     </span>
    </p>
   </div>
   <div class='ocr_carea' id='block_1_31' title="bbox 1913 1511 3492 1585">
    <p class='ocr_par' dir='ltr' id='par_1_31' title="bbox 1913 1511 3492 1585">
     <span class='ocr_line' id='line_1_31' title="bbox 1913 1511 3492 1585; baseline 0.006 -16"><span class='ocrx_word' id='word_1_210' title='bbox 1913 1515 2038 1585; x_wconf 83' lang='lat' dir='ltr'><strong>ejus</strong></span> <span class='ocrx_word' id='word_1_211' title='bbox 2075 1530 2184 1569; x_wconf 90' lang='lat' dir='ltr'><strong>non</strong></span> <span class='ocrx_word' id='word_1_212' title='bbox 2236 1513 2505 1570; x_wconf 76' lang='lat' dir='ltr'><strong>deﬂuetc.</strong></span> <span class='ocrx_word' id='word_1_213' title='bbox 2535 1532 2553 1566; x_wconf 77' lang='grc' dir='ltr'><strong>ι</strong></span> <span class='ocrx_word' id='word_1_214' title='bbox 2583 1511 2695 1569; x_wconf 85' lang='lat' dir='ltr'><strong>Hos</strong></span> <span class='ocrx_word' id='word_1_215' title='bbox 2745 1515 2836 1572; x_wconf 92' lang='lat' dir='ltr'><strong>ille</strong></span> <span class='ocrx_word' id='word_1_216' title='bbox 2883 1515 3100 1574; x_wconf 81' lang='lat' dir='ltr'><strong>fructus</strong></span> <span class='ocrx_word' id='word_1_217' title='bbox 3138 1519 3492 1579; x_wconf 87' lang='lat' dir='ltr'><strong>desiderans.</strong></span> 
     </span>
    </p>
   </div>
   <div class='ocr_carea' id='block_1_32' title="bbox 1907 1606 3495 1680">
    <p class='ocr_par' dir='ltr' id='par_1_32' title="bbox 1907 1606 3495 1680">
     <span class='ocr_line' id='line_1_32' title="bbox 1907 1606 3495 1680; baseline 0.004 -20"><span class='ocrx_word' id='word_1_218' title='bbox 1907 1606 2376 1677; x_wconf 87' lang='lat' dir='ltr'><strong>jucundissimum</strong></span> <span class='ocrx_word' id='word_1_219' title='bbox 2409 1607 2562 1663; x_wconf 88' lang='lat' dir='ltr'><strong>hunc</strong></span> <span class='ocrx_word' id='word_1_220' title='bbox 2610 1607 2855 1663; x_wconf 85' lang='lat' dir='ltr'><strong>laborem</strong></span> <span class='ocrx_word' id='word_1_221' title='bbox 2908 1612 3345 1680; x_wconf 79' lang='lat' dir='ltr'><strong>amplectebatur</strong></span> <span class='ocrx_word' id='word_1_222' title='bbox 3387 1631 3400 1668; x_wconf 91' lang='lat'><strong>:</strong></span> <span class='ocrx_word' id='word_1_223' title='bbox 3440 1623 3495 1670; x_wconf 91' lang='lat' dir='ltr'><strong>et</strong></span> 
     </span>
    </p>
   </div>
   <div class='ocr_carea' id='block_1_33' title="bbox 1912 1699 3490 1774">
    <p class='ocr_par' dir='ltr' id='par_1_33' title="bbox 1912 1699 3490 1774">
     <span class='ocr_line' id='line_1_33' title="bbox 1912 1699 3490 1774; baseline 0.005 -21"><span class='ocrx_word' id='word_1_224' title='bbox 1912 1699 2218 1755; x_wconf 89' lang='lat' dir='ltr'><strong>orationem</strong></span> <span class='ocrx_word' id='word_1_225' title='bbox 2259 1699 2482 1769; x_wconf 88' lang='lat' dir='ltr'><strong>quidem</strong></span> <span class='ocrx_word' id='word_1_226' title='bbox 2523 1701 2848 1774; x_wconf 87' lang='lat' dir='ltr'><strong>psalmodia,</strong></span> <span class='ocrx_word' id='word_1_227' title='bbox 2894 1703 3256 1771; x_wconf 86' lang='lat' dir='ltr'><strong>psalmodiam</strong></span> <span class='ocrx_word' id='word_1_228' title='bbox 3305 1713 3490 1760; x_wconf 87' lang='lat' dir='ltr'><strong>autem</strong></span> 
     </span>
    </p>
   </div>
   <div class='ocr_carea' id='block_1_34' title="bbox 217 1760 1794 1864">
    <p class='ocr_par' dir='ltr' id='par_1_34' title="bbox 217 1788 1794 1862">
     <span class='ocr_line' id='line_1_34' title="bbox 217 1788 1794 1862; baseline 0.004 -22"><span class='ocrx_word' id='word_1_229' title='bbox 217 1805 328 1842; x_wconf 85' lang='grc' dir='ltr'><strong>των</strong></span> <span class='ocrx_word' id='word_1_230' title='bbox 354 1788 463 1842; x_wconf 87' lang='grc' dir='ltr'><strong>τῶν</strong></span> <span class='ocrx_word' id='word_1_231' title='bbox 494 1788 722 1859; x_wconf 83' lang='grc' dir='ltr'>καρπῶν</span> <span class='ocrx_word' id='word_1_232' title='bbox 747 1789 1032 1860; x_wconf 71' lang='grc' dir='ltr'>ἐφιέμενος</span> <span class='ocrx_word' id='word_1_233' title='bbox 1053 1789 1145 1844; x_wconf 82' lang='grc' dir='ltr'><strong>τὸν</strong></span> <span class='ocrx_word' id='word_1_234' title='bbox 1165 1791 1381 1862; x_wconf 73' lang='grc' dir='ltr'>ἥδιστον</span> <span class='ocrx_word' id='word_1_235' title='bbox 1406 1791 1595 1845; x_wconf 82' lang='grc' dir='ltr'>τοῦτον</span> <span class='ocrx_word' id='word_1_236' title='bbox 1619 1794 1794 1861; x_wconf 69' lang='grc' dir='ltr'>ἠσπά-</span> 
     </span>
    </p>
   </div>
   <div class='ocr_carea' id='block_1_35' title="bbox 1899 1760 3492 1864">
    <p class='ocr_par' dir='ltr' id='par_1_35' title="bbox 1910 1789 3492 1864">
     <span class='ocr_line' id='line_1_35' title="bbox 1910 1789 3492 1864; baseline 0.004 -20"><span class='ocrx_word' id='word_1_237' title='bbox 1910 1789 2219 1858; x_wconf 82' lang='lat' dir='ltr'><strong>exeipiebat</strong></span> <span class='ocrx_word' id='word_1_238' title='bbox 2235 1791 2434 1855; x_wconf 85' lang='lat' dir='ltr'><strong>oratio,</strong></span> <span class='ocrx_word' id='word_1_239' title='bbox 2454 1803 2507 1846; x_wconf 89' lang='lat' dir='ltr'><strong>et</strong></span> <span class='ocrx_word' id='word_1_240' title='bbox 2527 1801 2761 1864; x_wconf 86' lang='lat' dir='ltr'><strong>utraque</strong></span> <span class='ocrx_word' id='word_1_241' title='bbox 2783 1810 2977 1850; x_wconf 88' lang='lat' dir='ltr'><strong>rursus</strong></span> <span class='ocrx_word' id='word_1_242' title='bbox 2996 1795 3157 1850; x_wconf 87' lang='lat' dir='ltr'><strong>lectio</strong></span> <span class='ocrx_word' id='word_1_243' title='bbox 3177 1797 3492 1851; x_wconf 89' lang='lat' dir='ltr'><strong>divinorum</strong></span> 
     </span>
    </p>
   </div>
   <div class='ocr_carea' id='block_1_36' title="bbox 216 1879 1798 1956">
    <p class='ocr_par' dir='ltr' id='par_1_36' title="bbox 216 1879 1798 1956">
     <span class='ocr_line' id='line_1_36' title="bbox 216 1879 1798 1956; baseline 0.006 -25"><span class='ocrx_word' id='word_1_244' title='bbox 216 1879 342 1943; x_wconf 79' lang='grc' dir='ltr'>ζετο</span> <span class='ocrx_word' id='word_1_245' title='bbox 399 1879 584 1946; x_wconf 82' lang='grc' dir='ltr'>πόνον,</span> <span class='ocrx_word' id='word_1_246' title='bbox 629 1879 728 1934; x_wconf 62' lang='grc' dir='ltr'><strong>καὶ⁸</strong></span> <span class='ocrx_word' id='word_1_247' title='bbox 769 1879 869 1951; x_wconf 78' lang='grc' dir='ltr'><strong>τὴν</strong></span> <span class='ocrx_word' id='word_1_248' title='bbox 920 1882 1018 1952; x_wconf 85' lang='grc' dir='ltr'><strong>μὲν</strong></span> <span class='ocrx_word' id='word_1_249' title='bbox 1053 1883 1364 1954; x_wconf 83' lang='grc' dir='ltr'>προσευχὴν</span> <span class='ocrx_word' id='word_1_250' title='bbox 1402 1886 1434 1952; x_wconf 85' lang='grc' dir='ltr'>ή</span> <span class='ocrx_word' id='word_1_251' title='bbox 1487 1884 1798 1956; x_wconf 73' lang='grc' dir='ltr'>ψαλμῳδία,</span> 
     </span>
    </p>
   </div>
   <div class='ocr_carea' id='block_1_37' title="bbox 214 1971 1802 2047">
    <p class='ocr_par' dir='ltr' id='par_1_37' title="bbox 214 1971 1802 2047">
     <span class='ocr_line' id='line_1_37' title="bbox 214 1971 1802 2047; baseline 0.004 -23"><span class='ocrx_word' id='word_1_252' title='bbox 214 1971 316 2040; x_wconf 76' lang='grc' dir='ltr'>τὴν</span> <span class='ocrx_word' id='word_1_253' title='bbox 343 1971 399 2024; x_wconf 84' lang='grc' dir='ltr'>δὲ</span> <span class='ocrx_word' id='word_1_254' title='bbox 425 1971 744 2042; x_wconf 74' lang='grc' dir='ltr'>ψαλμῳδίαν</span> <span class='ocrx_word' id='word_1_255' title='bbox 778 1973 812 2042; x_wconf 82' lang='grc' dir='ltr'><strong>ἡ</strong></span> <span class='ocrx_word' id='word_1_256' title='bbox 855 1973 1136 2044; x_wconf 81' lang='grc' dir='ltr'>προσευχὴ</span> <span class='ocrx_word' id='word_1_257' title='bbox 1167 1973 1455 2045; x_wconf 81' lang='grc' dir='ltr'>διεδέχετο,</span> <span class='ocrx_word' id='word_1_258' title='bbox 1491 1976 1587 2029; x_wconf 72' lang='grc' dir='ltr'><strong>καὶ</strong></span> <span class='ocrx_word' id='word_1_259' title='bbox 1621 1977 1802 2047; x_wconf 81' lang='grc' dir='ltr'>ἀμφό-</span> 
     </span>
    </p>
   </div>
   <div class='ocr_carea' id='block_1_38' title="bbox 213 2063 1800 2134">
    <p class='ocr_par' dir='ltr' id='par_1_38' title="bbox 213 2063 1800 2134">
     <span class='ocr_line' id='line_1_38' title="bbox 213 2063 1800 2134; baseline 0.007 -22"><span class='ocrx_word' id='word_1_260' title='bbox 213 2079 349 2132; x_wconf 82' lang='grc' dir='ltr'>τερα</span> <span class='ocrx_word' id='word_1_261' title='bbox 379 2063 540 2116; x_wconf 75' lang='grc' dir='ltr'>πάλιν</span> <span class='ocrx_word' id='word_1_262' title='bbox 569 2064 600 2133; x_wconf 80' lang='grc' dir='ltr'>ἡ</span> <span class='ocrx_word' id='word_1_263' title='bbox 629 2063 738 2116; x_wconf 90' lang='grc' dir='ltr'><strong>τῶν</strong></span> <span class='ocrx_word' id='word_1_264' title='bbox 769 2063 929 2117; x_wconf 87' lang='grc' dir='ltr'>θείων</span> <span class='ocrx_word' id='word_1_265' title='bbox 983 2063 1181 2134; x_wconf 79' lang='grc' dir='ltr'>λογίων</span> <span class='ocrx_word' id='word_1_266' title='bbox 1231 2065 1576 2134; x_wconf 70' lang='grc' dir='ltr'>ἀνάγνωσιςο</span> <span class='ocrx_word' id='word_1_267' title='bbox 1621 2069 1800 2123; x_wconf 85' lang='grc' dir='ltr'>Σιτίον</span> 
     </span>
    </p>
   </div>
   <div class='ocr_carea' id='block_1_39' title="bbox 213 2150 1798 2232">
    <p class='ocr_par' dir='ltr' id='par_1_39' title="bbox 213 2150 1798 2232">
     <span class='ocr_line' id='line_1_39' title="bbox 213 2150 1798 2232; baseline 0.006 -27"><span class='ocrx_word' id='word_1_268' title='bbox 213 2153 271 2206; x_wconf 68' lang='grc' dir='ltr'><strong>δέ</strong></span> <span class='ocrx_word' id='word_1_269' title='bbox 296 2150 362 2225; x_wconf 82' lang='grc' dir='ltr'>ἦν</span> <span class='ocrx_word' id='word_1_270' title='bbox 385 2154 535 2225; x_wconf 82' lang='grc' dir='ltr'>αὐτῷ</span> <span class='ocrx_word' id='word_1_271' title='bbox 561 2155 721 2224; x_wconf 75' lang='grc' dir='ltr'>μόνος</span> <span class='ocrx_word' id='word_1_272' title='bbox 761 2156 947 2226; x_wconf 80' lang='grc' dir='ltr'>ἄρτος,</span> <span class='ocrx_word' id='word_1_273' title='bbox 975 2157 1068 2209; x_wconf 73' lang='grc' dir='ltr'><strong>καὶ</strong></span> <span class='ocrx_word' id='word_1_274' title='bbox 1095 2151 1250 2222; x_wconf 76' lang='grc' dir='ltr'>οὗτος</span> <span class='ocrx_word' id='word_1_275' title='bbox 1277 2159 1503 2231; x_wconf 81' lang='grc' dir='ltr'>σταθμῷ</span> <span class='ocrx_word' id='word_1_276' title='bbox 1558 2177 1798 2232; x_wconf 82' lang='grc' dir='ltr'>προσφε-</span> 
     </span>
    </p>
   </div>
   <div class='ocr_carea' id='block_1_40' title="bbox 217 2243 1798 2322">
    <p class='ocr_par' dir='ltr' id='par_1_40' title="bbox 217 2243 1798 2322">
     <span class='ocr_line' id='line_1_40' title="bbox 217 2243 1798 2322; baseline 0.004 -24"><span class='ocrx_word' id='word_1_277' title='bbox 217 2246 444 2315; x_wconf 80' lang='grc' dir='ltr'>ρόμενος</span> <span class='ocrx_word' id='word_1_278' title='bbox 465 2263 480 2277; x_wconf 72' lang='grc' dir='ltr'><strong>ο</strong></span> <span class='ocrx_word' id='word_1_279' title='bbox 519 2246 774 2310; x_wconf 86' lang='grc' dir='ltr'>τοσοῦτος</span> <span class='ocrx_word' id='word_1_280' title='bbox 803 2247 861 2300; x_wconf 73' lang='grc' dir='ltr'><strong>δέ</strong></span> <span class='ocrx_word' id='word_1_281' title='bbox 889 2243 956 2319; x_wconf 79' lang='grc' dir='ltr'>ἦν</span> <span class='ocrx_word' id='word_1_282' title='bbox 989 2249 1019 2300; x_wconf 86' lang='grc' dir='ltr'>ὀ</span> <span class='ocrx_word' id='word_1_283' title='bbox 1070 2250 1330 2321; x_wconf 86' lang='grc' dir='ltr'>σταθμὸς,</span> <span class='ocrx_word' id='word_1_284' title='bbox 1369 2251 1445 2315; x_wconf 85' lang='grc' dir='ltr'><strong>ὡς</strong></span> <span class='ocrx_word' id='word_1_285' title='bbox 1494 2251 1569 2322; x_wconf 83' lang='grc' dir='ltr'>μὴ</span> <span class='ocrx_word' id='word_1_286' title='bbox 1597 2252 1798 2322; x_wconf 82' lang='grc' dir='ltr'>παιδίῳ</span> 
     </span>
    </p>
   </div>
   <div class='ocr_carea' id='block_1_41' title="bbox 211 2337 1798 2414">
    <p class='ocr_par' dir='ltr' id='par_1_41' title="bbox 211 2337 1798 2414">
     <span class='ocr_line' id='line_1_41' title="bbox 211 2337 1798 2414; baseline 0.004 -23"><span class='ocrx_word' id='word_1_287' title='bbox 211 2337 336 2408; x_wconf 76' lang='grc' dir='ltr'>ἄρτι</span> <span class='ocrx_word' id='word_1_288' title='bbox 369 2338 540 2408; x_wconf 81' lang='grc' dir='ltr'>θηλῆς</span> <span class='ocrx_word' id='word_1_289' title='bbox 581 2338 953 2408; x_wconf 78' lang='grc' dir='ltr'>ἀπαλλαγέντι</span> <span class='ocrx_word' id='word_1_290' title='bbox 1005 2341 1105 2411; x_wconf 76' lang='grc' dir='ltr'><strong>τὴν</strong></span> <span class='ocrx_word' id='word_1_291' title='bbox 1150 2341 1334 2414; x_wconf 79' lang='grc' dir='ltr'>χρείαν</span> <span class='ocrx_word' id='word_1_292' title='bbox 1362 2343 1633 2414; x_wconf 75' lang='grc' dir='ltr'>πληροῦνο</span> <span class='ocrx_word' id='word_1_293' title='bbox 1666 2345 1798 2414; x_wconf 75' lang='grc' dir='ltr'>φασὶ</span> 
     </span>
    </p>
   </div>
   <div class='ocr_carea' id='block_1_42' title="bbox 208 2430 1798 2506">
    <p class='ocr_par' dir='ltr' id='par_1_42' title="bbox 208 2430 1798 2506">
     <span class='ocr_line' id='line_1_42' title="bbox 208 2430 1798 2506; baseline 0.005 -25"><span class='ocrx_word' id='word_1_294' title='bbox 208 2431 320 2499; x_wconf 78' lang='grc' dir='ltr'><strong>γὰρ</strong></span> <span class='ocrx_word' id='word_1_295' title='bbox 373 2430 467 2483; x_wconf 84' lang='grc' dir='ltr'>τοῦ</span> <span class='ocrx_word' id='word_1_296' title='bbox 527 2430 698 2502; x_wconf 81' lang='grc' dir='ltr'>ἄρτου</span> <span class='ocrx_word' id='word_1_297' title='bbox 743 2433 842 2504; x_wconf 79' lang='grc' dir='ltr'><strong>τὴν</strong></span> <span class='ocrx_word' id='word_1_298' title='bbox 874 2431 1064 2502; x_wconf 82' lang='grc' dir='ltr'>λίτραν</span> <span class='ocrx_word' id='word_1_299' title='bbox 1117 2435 1355 2504; x_wconf 81' lang='grc' dir='ltr'>τετραχῆ</span> <span class='ocrx_word' id='word_1_300' title='bbox 1411 2435 1798 2506; x_wconf 85' lang='grc' dir='ltr'>διαιρουμένην</span> 
     </span>
    </p>
   </div>
   <div class='ocr_carea' id='block_1_43' title="bbox 205 2522 1796 2600">
    <p class='ocr_par' dir='ltr' id='par_1_43' title="bbox 205 2522 1796 2600">
     <span class='ocr_line' id='line_1_43' title="bbox 205 2522 1796 2600; baseline 0.004 -26"><span class='ocrx_word' id='word_1_301' title='bbox 205 2523 444 2592; x_wconf 70' lang='grc' dir='ltr'>ἡμέραις</span> <span class='ocrx_word' id='word_1_302' title='bbox 477 2523 734 2594; x_wconf 85' lang='grc' dir='ltr'>τέτταρσι</span> <span class='ocrx_word' id='word_1_303' title='bbox 774 2522 1150 2594; x_wconf 83' lang='grc' dir='ltr'>διανέμεσθαι,</span> <span class='ocrx_word' id='word_1_304' title='bbox 1205 2526 1304 2577; x_wconf 77' lang='grc' dir='ltr'>καὶ</span> <span class='ocrx_word' id='word_1_305' title='bbox 1353 2526 1536 2597; x_wconf 73' lang='grc' dir='ltr'>ἡμέρᾳ</span> <span class='ocrx_word' id='word_1_306' title='bbox 1588 2527 1796 2600; x_wconf 77' lang='grc' dir='ltr'>ἑκάστῃ</span> 
     </span>
    </p>
   </div>
   <div class='ocr_carea' id='block_1_44' title="bbox 209 2613 1796 2690">
    <p class='ocr_par' dir='ltr' id='par_1_44' title="bbox 209 2613 1796 2690">
     <span class='ocr_line' id='line_1_44' title="bbox 209 2613 1796 2690; baseline 0.004 -26"><span class='ocrx_word' id='word_1_307' title='bbox 209 2615 341 2683; x_wconf 82' lang='grc' dir='ltr'>μίαν</span> <span class='ocrx_word' id='word_1_308' title='bbox 387 2613 765 2684; x_wconf 86' lang='grc' dir='ltr'>ἀπονέμεσθαι</span> <span class='ocrx_word' id='word_1_309' title='bbox 805 2617 1024 2686; x_wconf 90' lang='grc' dir='ltr'>μοῖραν.</span> <span class='ocrx_word' id='word_1_310' title='bbox 1077 2615 1389 2687; x_wconf 86' lang='grc' dir='ltr'>Ἐκεκρίκει</span> <span class='ocrx_word' id='word_1_311' title='bbox 1415 2617 1524 2687; x_wconf 81' lang='grc' dir='ltr'>γὰρ</span> <span class='ocrx_word' id='word_1_312' title='bbox 1555 2619 1796 2690; x_wconf 81' lang='grc' dir='ltr'>ἑσπέρας</span> 
     </span>
    </p>
   </div>
   <div class='ocr_carea' id='block_1_45' title="bbox 199 2703 1791 2778">
    <p class='ocr_par' dir='ltr' id='par_1_45' title="bbox 199 2703 1791 2778">
     <span class='ocr_line' id='line_1_45' title="bbox 199 2703 1791 2778; baseline 0.003 -20"><span class='ocrx_word' id='word_1_313' title='bbox 199 2703 356 2764; x_wconf 78' lang='grc' dir='ltr'>,κατὰ</span> <span class='ocrx_word' id='word_1_314' title='bbox 388 2704 515 2776; x_wconf 86' lang='grc' dir='ltr'>μίαν</span> <span class='ocrx_word' id='word_1_315' title='bbox 543 2705 746 2760; x_wconf 87' lang='grc' dir='ltr'>ἐσθίειν</span> <span class='ocrx_word' id='word_1_316' title='bbox 767 2707 1002 2778; x_wconf 59' lang='grc' dir='ltr'>ἡμέραν,</span> <span class='ocrx_word' id='word_1_317' title='bbox 1022 2706 1254 2778; x_wconf 80' lang='grc' dir='ltr'>κόρονδὲ</span> <span class='ocrx_word' id='word_1_318' title='bbox 1289 2707 1557 2778; x_wconf 85' lang='grc' dir='ltr'>μηδέποτε</span> <span class='ocrx_word' id='word_1_319' title='bbox 1587 2709 1791 2763; x_wconf 79' lang='grc' dir='ltr'>λαϐεῖν’</span> 
     </span>
    </p>
   </div>
   <div class='ocr_carea' id='block_1_46' title="bbox 204 2795 1793 2874">
    <p class='ocr_par' dir='ltr' id='par_1_46' title="bbox 204 2795 1793 2874">
     <span class='ocr_line' id='line_1_46' title="bbox 204 2795 1793 2874; baseline 0.003 -25"><span class='ocrx_word' id='word_1_320' title='bbox 204 2795 324 2850; x_wconf 78' lang='grc' dir='ltr'>ἀλλ’</span> <span class='ocrx_word' id='word_1_321' title='bbox 355 2796 444 2849; x_wconf 78' lang='grc' dir='ltr'><strong>ἀεὶ</strong></span> <span class='ocrx_word' id='word_1_322' title='bbox 478 2795 578 2866; x_wconf 89' lang='grc' dir='ltr'><strong>μέν</strong></span> <span class='ocrx_word' id='word_1_323' title='bbox 603 2801 819 2869; x_wconf 79' lang='grc' dir='ltr'>πεινῇν,</span> <span class='ocrx_word' id='word_1_324' title='bbox 855 2798 942 2851; x_wconf 77' lang='grc' dir='ltr'><strong>ἀεὶ</strong></span> <span class='ocrx_word' id='word_1_325' title='bbox 967 2798 1025 2851; x_wconf 84' lang='grc' dir='ltr'>δὲ</span> <span class='ocrx_word' id='word_1_326' title='bbox 1051 2799 1231 2874; x_wconf 77' lang='grc' dir='ltr'>διψῇν,</span> <span class='ocrx_word' id='word_1_327' title='bbox 1274 2801 1605 2872; x_wconf 72' lang='grc' dir='ltr'>προσφέρειν</span> <span class='ocrx_word' id='word_1_328' title='bbox 1635 2801 1793 2872; x_wconf 83' lang='grc' dir='ltr'>δὲτῷ</span> 
     </span>
    </p>
   </div>
   <div class='ocr_carea' id='block_1_47' title="bbox 208 2873 1793 2964">
    <p class='ocr_par' dir='ltr' id='par_1_47' title="bbox 208 2873 1793 2964">
     <span class='ocr_line' id='line_1_47' title="bbox 208 2873 1793 2964; baseline 0.005 -25"><span class='ocrx_word' id='word_1_329' title='bbox 208 2887 428 2958; x_wconf 85' lang='grc' dir='ltr'>σώματι</span> <span class='ocrx_word' id='word_1_330' title='bbox 458 2889 526 2940; x_wconf 88' lang='grc' dir='ltr'><strong>τά</strong></span> <span class='ocrx_word' id='word_1_331' title='bbox 561 2890 641 2951; x_wconf 80' lang='grc' dir='ltr'><strong>είς</strong></span> <span class='ocrx_word' id='word_1_332' title='bbox 673 2889 735 2941; x_wconf 83' lang='grc' dir='ltr'>τὸ</span> <span class='ocrx_word' id='word_1_333' title='bbox 768 2873 868 2958; x_wconf 77' lang='grc' dir='ltr'>ζῇν</span> <span class='ocrx_word' id='word_1_334' title='bbox 892 2891 1242 2961; x_wconf 81' lang='grc' dir='ltr'>ἀποχρῶντα.</span> <span class='ocrx_word' id='word_1_335' title='bbox 1278 2891 1476 2959; x_wconf 81' lang='grc' dir='ltr'>Ἔλεγε</span> <span class='ocrx_word' id='word_1_336' title='bbox 1507 2893 1616 2964; x_wconf 84' lang='grc' dir='ltr'>γὰρ</span> <span class='ocrx_word' id='word_1_337' title='bbox 1649 2893 1726 2955; x_wconf 80' lang='grc' dir='ltr'>ὡς</span> <span class='ocrx_word' id='word_1_338' title='bbox 1764 2895 1793 2947; x_wconf 86' lang='grc' dir='ltr'><strong>ό</strong></span> 
     </span>
    </p>
   </div>
   <div class='ocr_carea' id='block_1_48' title="bbox 203 2979 1792 3054">
    <p class='ocr_par' dir='ltr' id='par_1_48' title="bbox 203 2979 1792 3054">
     <span class='ocr_line' id='line_1_48' title="bbox 203 2979 1792 3054; baseline 0.004 -21"><span class='ocrx_word' id='word_1_339' title='bbox 203 2979 296 3034; x_wconf 82' lang='grc' dir='ltr'>διὰ</span> <span class='ocrx_word' id='word_1_340' title='bbox 327 2981 588 3033; x_wconf 87' lang='grc' dir='ltr'>πλειόνων</span> <span class='ocrx_word' id='word_1_341' title='bbox 619 2981 842 3052; x_wconf 80' lang='grc' dir='ltr'>ἡμερῶν</span> <span class='ocrx_word' id='word_1_342' title='bbox 895 2982 1085 3036; x_wconf 87' lang='grc' dir='ltr'>σιτίων</span> <span class='ocrx_word' id='word_1_343' title='bbox 1131 2983 1580 3054; x_wconf 86' lang='grc' dir='ltr'>μεταλαγχάνων,</span> <span class='ocrx_word' id='word_1_344' title='bbox 1630 2986 1792 3039; x_wconf 82' lang='grc' dir='ltr'>ἀσθε·</span> 
     </span>
    </p>
   </div>
   <div class='ocr_carea' id='block_1_49' title="bbox 1906 1880 3490 1957">
    <p class='ocr_par' dir='ltr' id='par_1_49' title="bbox 1906 1880 3490 1957">
     <span class='ocr_line' id='line_1_49' title="bbox 1906 1880 3490 1957; baseline 0.006 -24"><span class='ocrx_word' id='word_1_345' title='bbox 1906 1880 2272 1949; x_wconf 89' lang='lat' dir='ltr'><strong>eloquiorum.</strong></span> <span class='ocrx_word' id='word_1_346' title='bbox 2293 1880 2465 1937; x_wconf 85' lang='lat' dir='ltr'><strong>Cibus</strong></span> <span class='ocrx_word' id='word_1_347' title='bbox 2485 1892 2669 1938; x_wconf 89' lang='lat' dir='ltr'><strong>autem</strong></span> <span class='ocrx_word' id='word_1_348' title='bbox 2696 1884 2774 1937; x_wconf 91' lang='lat' dir='ltr'><strong>illi</strong></span> <span class='ocrx_word' id='word_1_349' title='bbox 2813 1895 2932 1938; x_wconf 85' lang='lat' dir='ltr'><strong>erat</strong></span> <span class='ocrx_word' id='word_1_350' title='bbox 2955 1884 3106 1938; x_wconf 87' lang='lat' dir='ltr'><strong>solus</strong></span> <span class='ocrx_word' id='word_1_351' title='bbox 3131 1887 3308 1955; x_wconf 81' lang='lat' dir='ltr'><strong>panis,</strong></span> <span class='ocrx_word' id='word_1_352' title='bbox 3336 1887 3490 1957; x_wconf 86' lang='lat' dir='ltr'><strong>isque</strong></span> 
     </span>
    </p>
   </div>
   <div class='ocr_carea' id='block_1_50' title="bbox 1905 1972 3488 2048">
    <p class='ocr_par' dir='ltr' id='par_1_50' title="bbox 1905 1972 3488 2048">
     <span class='ocr_line' id='line_1_50' title="bbox 1905 1972 3488 2048; baseline 0.004 -23"><span class='ocrx_word' id='word_1_353' title='bbox 1905 1972 1970 2025; x_wconf 85' lang='lat' dir='ltr'><strong>ad</strong></span> <span class='ocrx_word' id='word_1_354' title='bbox 1995 1987 2309 2026; x_wconf 84' lang='lat' dir='ltr'><strong>mensuram</strong></span> <span class='ocrx_word' id='word_1_355' title='bbox 2329 1972 2492 2030; x_wconf 86' lang='lat' dir='ltr'><strong>datus</strong></span> <span class='ocrx_word' id='word_1_356' title='bbox 2528 1993 2541 2030; x_wconf 91' lang='lat'><strong>:</strong></span> <span class='ocrx_word' id='word_1_357' title='bbox 2573 1990 2834 2028; x_wconf 82' lang='lat' dir='ltr'><strong>mensura</strong></span> <span class='ocrx_word' id='word_1_358' title='bbox 2854 1991 2982 2029; x_wconf 75' lang='lat' dir='ltr'><strong>vero</strong></span> <span class='ocrx_word' id='word_1_359' title='bbox 2998 1991 3059 2030; x_wconf 83' lang='lat' dir='ltr'><strong>ea</strong></span> <span class='ocrx_word' id='word_1_360' title='bbox 3079 1986 3217 2040; x_wconf 87' lang='lat' dir='ltr'><strong>crat,</strong></span> <span class='ocrx_word' id='word_1_361' title='bbox 3241 1994 3363 2048; x_wconf 63' lang='lat' dir='ltr'><strong>quw</strong></span> <span class='ocrx_word' id='word_1_362' title='bbox 3387 1992 3488 2032; x_wconf 87' lang='lat' dir='ltr'><strong>nec</strong></span> 
     </span>
    </p>
   </div>
   <div class='ocr_carea' id='block_1_51' title="bbox 1909 2063 3489 2134">
    <p class='ocr_par' dir='ltr' id='par_1_51' title="bbox 1909 2063 3489 2134">
     <span class='ocr_line' id='line_1_51' title="bbox 1909 2063 3489 2134; baseline 0.004 -17"><span class='ocrx_word' id='word_1_363' title='bbox 1909 2063 2116 2118; x_wconf 82' lang='lat' dir='ltr'><strong>infanti</strong></span> <span class='ocrx_word' id='word_1_364' title='bbox 2164 2079 2193 2117; x_wconf 90' lang='lat' dir='ltr'><strong>a</strong></span> <span class='ocrx_word' id='word_1_365' title='bbox 2232 2063 2371 2119; x_wconf 90' lang='lat' dir='ltr'><strong>lacte</strong></span> <span class='ocrx_word' id='word_1_366' title='bbox 2408 2081 2583 2134; x_wconf 87' lang='lat' dir='ltr'><strong>nuper</strong></span> <span class='ocrx_word' id='word_1_367' title='bbox 2633 2064 2851 2120; x_wconf 76' lang='lat' dir='ltr'><strong>divulso</strong></span> <span class='ocrx_word' id='word_1_368' title='bbox 2916 2067 3052 2120; x_wconf 78' lang='lat' dir='ltr'><strong>satis</strong></span> <span class='ocrx_word' id='word_1_369' title='bbox 3091 2079 3258 2122; x_wconf 84' lang='lat' dir='ltr'><strong>esset.</strong></span> <span class='ocrx_word' id='word_1_370' title='bbox 3318 2067 3489 2124; x_wconf 82' lang='lat' dir='ltr'><strong>Aiunt</strong></span> 
     </span>
    </p>
   </div>
   <div class='ocr_carea' id='block_1_52' title="bbox 1901 2155 3478 2232">
    <p class='ocr_par' dir='ltr' id='par_1_52' title="bbox 1901 2155 3478 2232">
     <span class='ocr_line' id='line_1_52' title="bbox 1901 2155 3478 2232; baseline 0.003 -22"><span class='ocrx_word' id='word_1_371' title='bbox 1901 2157 2046 2210; x_wconf 85' lang='lat' dir='ltr'><strong>enim</strong></span> <span class='ocrx_word' id='word_1_372' title='bbox 2083 2155 2243 2226; x_wconf 91' lang='lat' dir='ltr'><strong>panis</strong></span> <span class='ocrx_word' id='word_1_373' title='bbox 2275 2157 2472 2211; x_wconf 86' lang='lat' dir='ltr'><strong>libram</strong></span> <span class='ocrx_word' id='word_1_374' title='bbox 2499 2169 2738 2228; x_wconf 83' lang='lat' dir='ltr'><strong>quatuor</strong></span> <span class='ocrx_word' id='word_1_375' title='bbox 2768 2159 2821 2212; x_wconf 92' lang='lat' dir='ltr'><strong>in</strong></span> <span class='ocrx_word' id='word_1_376' title='bbox 2854 2169 3042 2228; x_wconf 90' lang='lat' dir='ltr'><strong>partes</strong></span> <span class='ocrx_word' id='word_1_377' title='bbox 3065 2160 3322 2225; x_wconf 75' lang='lat' dir='ltr'><strong>divisam,</strong></span> <span class='ocrx_word' id='word_1_378' title='bbox 3349 2179 3478 2232; x_wconf 87' lang='lat' dir='ltr'><strong>qua-</strong></span> 
     </span>
    </p>
   </div>
   <div class='ocr_carea' id='block_1_53' title="bbox 1901 2249 3488 2322">
    <p class='ocr_par' dir='ltr' id='par_1_53' title="bbox 1901 2249 3488 2322">
     <span class='ocr_line' id='line_1_53' title="bbox 1901 2249 3488 2322; baseline 0.005 -21"><span class='ocrx_word' id='word_1_379' title='bbox 1901 2255 2029 2302; x_wconf 91' lang='lat' dir='ltr'><strong>tuor</strong></span> <span class='ocrx_word' id='word_1_380' title='bbox 2061 2249 2257 2305; x_wconf 89' lang='lat' dir='ltr'><strong>diebus</strong></span> <span class='ocrx_word' id='word_1_381' title='bbox 2290 2249 2459 2304; x_wconf 79' lang='lat' dir='ltr'><strong>fuisse</strong></span> <span class='ocrx_word' id='word_1_382' title='bbox 2516 2250 2897 2316; x_wconf 87' lang='lat' dir='ltr'><strong>distributam,</strong></span> <span class='ocrx_word' id='word_1_383' title='bbox 2927 2259 2982 2305; x_wconf 86' lang='lat' dir='ltr'><strong>et</strong></span> <span class='ocrx_word' id='word_1_384' title='bbox 3029 2252 3264 2322; x_wconf 81' lang='lat' dir='ltr'><strong>singulis</strong></span> <span class='ocrx_word' id='word_1_385' title='bbox 3294 2254 3488 2310; x_wconf 82' lang='lat' dir='ltr'><strong>diebus</strong></span> 
     </span>
    </p>
   </div>
   <div class='ocr_carea' id='block_1_54' title="bbox 1904 2340 3486 2414">
    <p class='ocr_par' dir='ltr' id='par_1_54' title="bbox 1904 2340 3486 2414">
     <span class='ocr_line' id='line_1_54' title="bbox 1904 2340 3486 2414; baseline 0.004 -22"><span class='ocrx_word' id='word_1_386' title='bbox 1904 2348 2112 2409; x_wconf 89' lang='lat' dir='ltr'><strong>partem</strong></span> <span class='ocrx_word' id='word_1_387' title='bbox 2140 2355 2306 2394; x_wconf 92' lang='lat' dir='ltr'><strong>unam</strong></span> <span class='ocrx_word' id='word_1_388' title='bbox 2358 2341 2722 2409; x_wconf 78' lang='lat' dir='ltr'><strong>assignatam.</strong></span> <span class='ocrx_word' id='word_1_389' title='bbox 2756 2340 3036 2394; x_wconf 88' lang='lat' dir='ltr'><strong>Statuerat</strong></span> <span class='ocrx_word' id='word_1_390' title='bbox 3065 2344 3208 2395; x_wconf 90' lang='lat' dir='ltr'><strong>enim</strong></span> <span class='ocrx_word' id='word_1_391' title='bbox 3262 2360 3486 2414; x_wconf 77' lang='lat' dir='ltr'><strong>vespere</strong></span> 
     </span>
    </p>
   </div>
   <div class='ocr_carea' id='block_1_55' title="bbox 1899 2429 3476 2500">
    <p class='ocr_par' dir='ltr' id='par_1_55' title="bbox 1899 2429 3476 2500">
     <span class='ocr_line' id='line_1_55' title="bbox 1899 2429 3476 2500; baseline 0.001 -16"><span class='ocrx_word' id='word_1_392' title='bbox 1899 2430 2192 2485; x_wconf 84' lang='lat' dir='ltr'><strong>comedere</strong></span> <span class='ocrx_word' id='word_1_393' title='bbox 2236 2429 2506 2500; x_wconf 80' lang='lat' dir='ltr'><strong>quotidie,</strong></span> <span class='ocrx_word' id='word_1_394' title='bbox 2573 2444 2856 2500; x_wconf 85' lang='lat' dir='ltr'><strong>nunquam</strong></span> <span class='ocrx_word' id='word_1_395' title='bbox 2917 2440 3100 2484; x_wconf 86' lang='lat' dir='ltr'><strong>autem</strong></span> <span class='ocrx_word' id='word_1_396' title='bbox 3132 2432 3347 2498; x_wconf 84' lang='lat' dir='ltr'><strong>satiari,</strong></span> <span class='ocrx_word' id='word_1_397' title='bbox 3381 2435 3476 2488; x_wconf 87' lang='lat' dir='ltr'><strong>sed</strong></span> 
     </span>
    </p>
   </div>
   <div class='ocr_carea' id='block_1_56' title="bbox 1899 2521 3473 2592">
    <p class='ocr_par' dir='ltr' id='par_1_56' title="bbox 1899 2521 3473 2592">
     <span class='ocr_line' id='line_1_56' title="bbox 1899 2521 3473 2592; baseline -0.001 -16"><span class='ocrx_word' id='word_1_398' title='bbox 1899 2537 2117 2592; x_wconf 82' lang='lat' dir='ltr'><strong>semper</strong></span> <span class='ocrx_word' id='word_1_399' title='bbox 2159 2523 2394 2587; x_wconf 87' lang='lat' dir='ltr'><strong>esurire,</strong></span> <span class='ocrx_word' id='word_1_400' title='bbox 2430 2537 2758 2592; x_wconf 87' lang='lat' dir='ltr'><strong>semperque</strong></span> <span class='ocrx_word' id='word_1_401' title='bbox 2809 2521 2985 2586; x_wconf 85' lang='lat' dir='ltr'><strong>sitire,</strong></span> <span class='ocrx_word' id='word_1_402' title='bbox 3025 2523 3248 2592; x_wconf 78' lang='lat' dir='ltr'><strong>corpori</strong></span> <span class='ocrx_word' id='word_1_403' title='bbox 3287 2530 3473 2577; x_wconf 88' lang='lat' dir='ltr'><strong>autem</strong></span> 
     </span>
    </p>
   </div>
   <div class='ocr_carea' id='block_1_57' title="bbox 1897 2613 3483 2685">
    <p class='ocr_par' dir='ltr' id='par_1_57' title="bbox 1897 2613 3483 2685">
     <span class='ocr_line' id='line_1_57' title="bbox 1897 2613 3483 2685; baseline 0 -18"><span class='ocrx_word' id='word_1_404' title='bbox 1897 2630 1962 2668; x_wconf 83' lang='lat' dir='ltr'><strong>ea</strong></span> <span class='ocrx_word' id='word_1_405' title='bbox 2013 2613 2296 2679; x_wconf 77' lang='lat' dir='ltr'><strong>exhibere,</strong></span> <span class='ocrx_word' id='word_1_406' title='bbox 2329 2630 2452 2685; x_wconf 65' lang='lat' dir='ltr'><strong>quae</strong></span> <span class='ocrx_word' id='word_1_407' title='bbox 2497 2615 2563 2668; x_wconf 87' lang='lat' dir='ltr'><strong>ad</strong></span> <span class='ocrx_word' id='word_1_408' title='bbox 2593 2613 2762 2667; x_wconf 73' lang='lat' dir='ltr'><strong>vitam</strong></span> <span class='ocrx_word' id='word_1_409' title='bbox 2821 2613 3236 2667; x_wconf 83' lang='lat' dir='ltr'><strong>sustentandam</strong></span> <span class='ocrx_word' id='word_1_410' title='bbox 3267 2613 3483 2668; x_wconf 78' lang='lat' dir='ltr'><strong>sullice-</strong></span> 
     </span>
    </p>
   </div>
   <div class='ocr_carea' id='block_1_58' title="bbox 1899 2703 3480 2775">
    <p class='ocr_par' dir='ltr' id='par_1_58' title="bbox 1899 2703 3480 2775">
     <span class='ocr_line' id='line_1_58' title="bbox 1899 2703 3480 2775; baseline -0.001 -17"><span class='ocrx_word' id='word_1_411' title='bbox 1899 2710 2044 2759; x_wconf 91' lang='lat' dir='ltr'><strong>rent.</strong></span> <span class='ocrx_word' id='word_1_412' title='bbox 2080 2703 2306 2759; x_wconf 86' lang='lat' dir='ltr'><strong>Dicebat</strong></span> <span class='ocrx_word' id='word_1_413' title='bbox 2331 2706 2478 2760; x_wconf 90' lang='lat' dir='ltr'><strong>enim</strong></span> <span class='ocrx_word' id='word_1_414' title='bbox 2516 2720 2640 2758; x_wconf 89' lang='lat' dir='ltr'><strong>eum</strong></span> <span class='ocrx_word' id='word_1_415' title='bbox 2671 2704 2767 2774; x_wconf 88' lang='lat' dir='ltr'><strong>qui</strong></span> <span class='ocrx_word' id='word_1_416' title='bbox 2791 2712 2918 2775; x_wconf 88' lang='lat' dir='ltr'><strong>post</strong></span> <span class='ocrx_word' id='word_1_417' title='bbox 2942 2706 3238 2758; x_wconf 87' lang='lat' dir='ltr'><strong>multorum</strong></span> <span class='ocrx_word' id='word_1_418' title='bbox 3266 2704 3480 2760; x_wconf 87' lang='lat' dir='ltr'><strong>dierum</strong></span> 
     </span>
    </p>
   </div>
   <div class='ocr_carea' id='block_1_59' title="bbox 1896 2795 3485 2868">
    <p class='ocr_par' dir='ltr' id='par_1_59' title="bbox 1896 2795 3485 2868">
     <span class='ocr_line' id='line_1_59' title="bbox 1896 2795 3485 2868; baseline 0.001 -18"><span class='ocrx_word' id='word_1_419' title='bbox 1896 2795 2136 2850; x_wconf 87' lang='lat' dir='ltr'><strong>inediam</strong></span> <span class='ocrx_word' id='word_1_420' title='bbox 2173 2797 2356 2851; x_wconf 89' lang='lat' dir='ltr'><strong>cibum</strong></span> <span class='ocrx_word' id='word_1_421' title='bbox 2388 2797 2554 2868; x_wconf 90' lang='lat' dir='ltr'><strong>capit,</strong></span> <span class='ocrx_word' id='word_1_422' title='bbox 2588 2803 2643 2850; x_wconf 87' lang='lat' dir='ltr'><strong>et</strong></span> <span class='ocrx_word' id='word_1_423' title='bbox 2689 2797 2886 2851; x_wconf 89' lang='lat' dir='ltr'><strong>diebus</strong></span> <span class='ocrx_word' id='word_1_424' title='bbox 2918 2797 3113 2851; x_wconf 71' lang='lat' dir='ltr'><strong>inedia:</strong></span> <span class='ocrx_word' id='word_1_425' title='bbox 3147 2795 3324 2851; x_wconf 74' lang='lat' dir='ltr'><strong>ofﬁcia</strong></span> <span class='ocrx_word' id='word_1_426' title='bbox 3378 2797 3485 2852; x_wconf 92' lang='lat' dir='ltr'><strong>l)o-</strong></span> 
     </span>
    </p>
   </div>
   <div class='ocr_carea' id='block_1_60' title="bbox 1899 2886 3481 2958">
    <p class='ocr_par' dir='ltr' id='par_1_60' title="bbox 1899 2886 3481 2958">
     <span class='ocr_line' id='line_1_60' title="bbox 1899 2886 3481 2958; baseline 0.001 -19"><span class='ocrx_word' id='word_1_427' title='bbox 1899 2886 2103 2940; x_wconf 88' lang='lat' dir='ltr'><strong>miniea</strong></span> <span class='ocrx_word' id='word_1_428' title='bbox 2138 2886 2355 2958; x_wconf 77' lang='lat'><strong>1138</strong></span> <span class='ocrx_word' id='word_1_429' title='bbox 2384 2886 2697 2957; x_wconf 72' lang='lat' dir='ltr'><strong>languidius</strong></span> <span class='ocrx_word' id='word_1_430' title='bbox 2721 2889 2968 2957; x_wconf 77' lang='lat' dir='ltr'><strong>exsequi,</strong></span> <span class='ocrx_word' id='word_1_431' title='bbox 2997 2895 3051 2942; x_wconf 86' lang='lat' dir='ltr'><strong>et</strong></span> <span class='ocrx_word' id='word_1_432' title='bbox 3085 2903 3196 2958; x_wconf 91' lang='lat' dir='ltr'><strong>quo</strong></span> <span class='ocrx_word' id='word_1_433' title='bbox 3231 2887 3320 2943; x_wconf 87' lang='lat' dir='ltr'><strong>die</strong></span> <span class='ocrx_word' id='word_1_434' title='bbox 3351 2904 3481 2941; x_wconf 37' lang='lat' dir='ltr'><strong>rura</strong></span> 
     </span>
    </p>
   </div>
   <div class='ocr_carea' id='block_1_61' title="bbox 1898 2962 3480 3050">
    <p class='ocr_par' dir='ltr' id='par_1_61' title="bbox 1898 2962 3480 3050">
     <span class='ocr_line' id='line_1_61' title="bbox 1898 2962 3480 3050; baseline 0.001 -18"><span class='ocrx_word' id='word_1_435' title='bbox 1898 2993 1995 3042; x_wconf 86' lang='lat' dir='ltr'><strong>sus</strong></span> <span class='ocrx_word' id='word_1_436' title='bbox 2025 2977 2208 3032; x_wconf 88' lang='lat' dir='ltr'><strong>cibum</strong></span> <span class='ocrx_word' id='word_1_437' title='bbox 2262 2979 2442 3048; x_wconf 84' lang='lat' dir='ltr'><strong>capit,</strong></span> <span class='ocrx_word' id='word_1_438' title='bbox 2478 2979 2658 3048; x_wconf 90' lang='lat' dir='ltr'><strong>plura,</strong></span> <span class='ocrx_word' id='word_1_439' title='bbox 2687 2987 2748 3032; x_wconf 92' lang='lat' dir='ltr'><strong>ut</strong></span> <span class='ocrx_word' id='word_1_440' title='bbox 2789 2975 2903 3032; x_wconf 81' lang='lat' dir='ltr'><strong>ﬁeri</strong></span> <span class='ocrx_word' id='word_1_441' title='bbox 2939 2962 3100 3046; x_wconf 80' lang='lat' dir='ltr'><strong>solet,</strong></span> <span class='ocrx_word' id='word_1_442' title='bbox 3155 2978 3480 3050; x_wconf 76' lang='lat' dir='ltr'><strong>ingerendo.</strong></span> 
     </span>
    </p>
   </div>
   <div class='ocr_carea' id='block_1_62' title="bbox 203 3070 1794 3165">
    <p class='ocr_par' dir='ltr' id='par_1_62' title="bbox 203 3072 1789 3145">
     <span class='ocr_line' id='line_1_62' title="bbox 203 3072 1789 3145; baseline 0.003 -19"><span class='ocrx_word' id='word_1_443' title='bbox 203 3074 462 3144; x_wconf 83' lang='grc' dir='ltr'>νέστερον</span> <span class='ocrx_word' id='word_1_444' title='bbox 495 3072 594 3142; x_wconf 80' lang='grc' dir='ltr'>μὲν</span> <span class='ocrx_word' id='word_1_445' title='bbox 618 3073 676 3126; x_wconf 88' lang='grc' dir='ltr'><strong>ἐν</strong></span> <span class='ocrx_word' id='word_1_446' title='bbox 704 3075 826 3136; x_wconf 87' lang='grc' dir='ltr'>ταῖς</span> <span class='ocrx_word' id='word_1_447' title='bbox 854 3073 954 3144; x_wconf 85' lang='grc' dir='ltr'><strong>τῆς</strong></span> <span class='ocrx_word' id='word_1_448' title='bbox 981 3074 1448 3145; x_wconf 66' lang='grc' dir='ltr'>ἀπτίαςήμέραις</span> <span class='ocrx_word' id='word_1_449' title='bbox 1474 3075 1572 3139; x_wconf 81' lang='grc' dir='ltr'>τὰς</span> <span class='ocrx_word' id='word_1_450' title='bbox 1597 3075 1789 3130; x_wconf 79' lang='grc' dir='ltr'>δεσπο-</span> 
     </span>
    </p>
   </div>
   <div class='ocr_carea' id='block_1_63' title="bbox 1899 3070 3482 3165">
    <p class='ocr_par' dir='ltr' id='par_1_63' title="bbox 1901 3070 3482 3141">
     <span class='ocr_line' id='line_1_63' title="bbox 1901 3070 3482 3141; baseline 0.002 -18"><span class='ocrx_word' id='word_1_451' title='bbox 1901 3081 2147 3125; x_wconf 75' lang='lat' dir='ltr'><strong>ventrem</strong></span> <span class='ocrx_word' id='word_1_452' title='bbox 2185 3085 2440 3136; x_wconf 86' lang='lat' dir='ltr'><strong>onerare,</strong></span> <span class='ocrx_word' id='word_1_453' title='bbox 2479 3071 2666 3125; x_wconf 84' lang='lat' dir='ltr'><strong>ethoc</strong></span> <span class='ocrx_word' id='word_1_454' title='bbox 2707 3079 2940 3141; x_wconf 71' lang='lat' dir='ltr'><strong>gravato</strong></span> <span class='ocrx_word' id='word_1_455' title='bbox 2990 3071 3289 3126; x_wconf 80' lang='lat' dir='ltr'><strong>tardiorem</strong></span> <span class='ocrx_word' id='word_1_456' title='bbox 3327 3070 3482 3126; x_wconf 86' lang='lat' dir='ltr'><strong>reddi</strong></span> 
     </span>
    </p>
   </div>
   <div class='ocr_carea' id='block_1_64' title="bbox 201 3163 1789 3242">
    <p class='ocr_par' dir='ltr' id='par_1_64' title="bbox 201 3163 1789 3242">
     <span class='ocr_line' id='line_1_64' title="bbox 201 3163 1789 3242; baseline 0.003 -23"><span class='ocrx_word' id='word_1_457' title='bbox 201 3166 364 3230; x_wconf 70' lang='grc' dir='ltr'>τικάς</span> <span class='ocrx_word' id='word_1_458' title='bbox 380 3165 722 3237; x_wconf 78' lang='grc' dir='ltr'>λειτουργίας</span> <span class='ocrx_word' id='word_1_459' title='bbox 752 3167 1024 3221; x_wconf 86' lang='grc' dir='ltr'>ἐπιτελεῖ·</span> <span class='ocrx_word' id='word_1_460' title='bbox 1055 3169 1112 3221; x_wconf 80' lang='grc' dir='ltr'><strong>ἐν</strong></span> <span class='ocrx_word' id='word_1_461' title='bbox 1201 3167 1257 3221; x_wconf 71' lang='grc' dir='ltr'>δὲ</span> <span class='ocrx_word' id='word_1_462' title='bbox 1285 3167 1445 3224; x_wconf 85' lang='grc' dir='ltr'>πάλιν</span> <span class='ocrx_word' id='word_1_463' title='bbox 1468 3169 1654 3240; x_wconf 75' lang='grc' dir='ltr'>ἡμέρα</span> <span class='ocrx_word' id='word_1_464' title='bbox 1682 3172 1789 3224; x_wconf 89' lang='grc' dir='ltr'><strong>τῶν</strong></span> 
     </span>
    </p>
   </div>
   <div class='ocr_carea' id='block_1_65' title="bbox 207 3257 1788 3332">
    <p class='ocr_par' dir='ltr' id='par_1_65' title="bbox 207 3257 1788 3332">
     <span class='ocr_line' id='line_1_65' title="bbox 207 3257 1788 3332; baseline 0.003 -22"><span class='ocrx_word' id='word_1_465' title='bbox 207 3257 394 3312; x_wconf 88' lang='grc' dir='ltr'>σιτίων</span> <span class='ocrx_word' id='word_1_466' title='bbox 430 3257 860 3329; x_wconf 75' lang='grc' dir='ltr'>μεταλαμϐάνει,</span> <span class='ocrx_word' id='word_1_467' title='bbox 896 3258 1139 3323; x_wconf 87' lang='grc' dir='ltr'>πλείονα,</span> <span class='ocrx_word' id='word_1_468' title='bbox 1173 3259 1248 3324; x_wconf 87' lang='grc' dir='ltr'>ὡς</span> <span class='ocrx_word' id='word_1_469' title='bbox 1276 3259 1444 3324; x_wconf 80' lang='grc' dir='ltr'>εἰκὸς,</span> <span class='ocrx_word' id='word_1_470' title='bbox 1480 3261 1788 3332; x_wconf 85' lang='grc' dir='ltr'>προσφερό-</span> 
     </span>
    </p>
   </div>
   <div class='ocr_carea' id='block_1_66' title="bbox 208 3347 1787 3424">
    <p class='ocr_par' dir='ltr' id='par_1_66' title="bbox 208 3347 1787 3424">
     <span class='ocr_line' id='line_1_66' title="bbox 208 3347 1787 3424; baseline 0.004 -26"><span class='ocrx_word' id='word_1_471' title='bbox 208 3363 374 3418; x_wconf 86' lang='grc' dir='ltr'>μενος</span> <span class='ocrx_word' id='word_1_472' title='bbox 413 3347 510 3418; x_wconf 76' lang='grc' dir='ltr'>τὴν</span> <span class='ocrx_word' id='word_1_473' title='bbox 557 3350 800 3421; x_wconf 78' lang='grc' dir='ltr'>γαστέρα</span> <span class='ocrx_word' id='word_1_474' title='bbox 849 3348 1114 3424; x_wconf 73' lang='grc' dir='ltr'>φορτίζει,</span> <span class='ocrx_word' id='word_1_475' title='bbox 1155 3350 1500 3421; x_wconf 84' lang='grc' dir='ltr'>βαρυνομένη</span> <span class='ocrx_word' id='word_1_476' title='bbox 1541 3351 1596 3405; x_wconf 84' lang='grc' dir='ltr'><strong>δέ</strong></span> <span class='ocrx_word' id='word_1_477' title='bbox 1649 3352 1787 3423; x_wconf 74' lang='grc' dir='ltr'>αὓτη</span> 
     </span>
    </p>
   </div>
   <div class='ocr_carea' id='block_1_67' title="bbox 205 3438 1789 3513">
    <p class='ocr_par' dir='ltr' id='par_1_67' title="bbox 205 3438 1789 3513">
     <span class='ocr_line' id='line_1_67' title="bbox 205 3438 1789 3513; baseline 0.003 -24"><span class='ocrx_word' id='word_1_478' title='bbox 205 3438 576 3508; x_wconf 72' lang='grc' dir='ltr'>όκνηροτέραν</span> <span class='ocrx_word' id='word_1_479' title='bbox 628 3440 757 3510; x_wconf 72' lang='grc' dir='ltr'>περὶ</span> <span class='ocrx_word' id='word_1_480' title='bbox 815 3440 913 3511; x_wconf 78' lang='grc' dir='ltr'>τὴν</span> <span class='ocrx_word' id='word_1_481' title='bbox 977 3441 1287 3512; x_wconf 82' lang='grc' dir='ltr'>ἀγρυπνίαν</span> <span class='ocrx_word' id='word_1_482' title='bbox 1345 3441 1634 3512; x_wconf 81' lang='grc' dir='ltr'>καθίστησι</span> <span class='ocrx_word' id='word_1_483' title='bbox 1689 3442 1789 3513; x_wconf 81' lang='grc' dir='ltr'><strong>τὴν</strong></span> 
     </span>
    </p>
   </div>
   <div class='ocr_carea' id='block_1_68' title="bbox 203 3517 1783 3606">
    <p class='ocr_par' dir='ltr' id='par_1_68' title="bbox 203 3517 1783 3606">
     <span class='ocr_line' id='line_1_68' title="bbox 203 3517 1783 3606; baseline 0.004 -25"><span class='ocrx_word' id='word_1_484' title='bbox 203 3529 405 3599; x_wconf 74' lang='grc' dir='ltr'>ψυχήν.</span> <span class='ocrx_word' id='word_1_485' title='bbox 442 3531 698 3601; x_wconf 73' lang='grc' dir='ltr'>’Ἄμεινον</span> <span class='ocrx_word' id='word_1_486' title='bbox 727 3533 906 3585; x_wconf 82' lang='grc' dir='ltr'>τοίνυν</span> <span class='ocrx_word' id='word_1_487' title='bbox 940 3533 1094 3600; x_wconf 70' lang='grc' dir='ltr'>ἔλεγε</span> <span class='ocrx_word' id='word_1_488' title='bbox 1119 3534 1242 3587; x_wconf 84' lang='grc' dir='ltr'>καθ’</span> <span class='ocrx_word' id='word_1_489' title='bbox 1261 3534 1472 3605; x_wconf 79' lang='grc' dir='ltr'>ἡμέραν</span> <span class='ocrx_word' id='word_1_490' title='bbox 1503 3517 1783 3606; x_wconf 65' lang='grc' dir='ltr'>μεταλαμ-</span> 
     </span>
    </p>
   </div>
   <div class='ocr_carea' id='block_1_69' title="bbox 203 3619 1789 3699">
    <p class='ocr_par' dir='ltr' id='par_1_69' title="bbox 203 3619 1789 3699">
     <span class='ocr_line' id='line_1_69' title="bbox 203 3619 1789 3699; baseline 0.006 -28"><span class='ocrx_word' id='word_1_491' title='bbox 203 3619 390 3673; x_wconf 72' lang='grc' dir='ltr'>ϐάνειν</span> <span class='ocrx_word' id='word_1_492' title='bbox 412 3622 642 3692; x_wconf 80' lang='grc' dir='ltr'>τροφῆς,</span> <span class='ocrx_word' id='word_1_493' title='bbox 678 3622 838 3694; x_wconf 74' lang='grc' dir='ltr'>κόρον</span> <span class='ocrx_word' id='word_1_494' title='bbox 868 3623 924 3676; x_wconf 90' lang='grc' dir='ltr'><strong>δέ</strong></span> <span class='ocrx_word' id='word_1_495' title='bbox 957 3625 1249 3694; x_wconf 85' lang='grc' dir='ltr'>ὑπομεῖναι</span> <span class='ocrx_word' id='word_1_496' title='bbox 1294 3627 1589 3696; x_wconf 84' lang='grc' dir='ltr'>μηδέποτε.</span> <span class='ocrx_word' id='word_1_497' title='bbox 1632 3627 1789 3699; x_wconf 73' lang='grc' dir='ltr'>Ἀληο</span> 
     </span>
    </p>
   </div>
   <div class='ocr_carea' id='block_1_70' title="bbox 204 3712 1790 3790">
    <p class='ocr_par' dir='ltr' id='par_1_70' title="bbox 204 3712 1790 3790">
     <span class='ocr_line' id='line_1_70' title="bbox 204 3712 1790 3790; baseline 0.004 -25"><span class='ocrx_word' id='word_1_498' title='bbox 204 3712 306 3781; x_wconf 85' lang='grc' dir='ltr'>θὴς</span> <span class='ocrx_word' id='word_1_499' title='bbox 347 3716 454 3787; x_wconf 87' lang='grc' dir='ltr'>γὰρ</span> <span class='ocrx_word' id='word_1_500' title='bbox 503 3715 730 3784; x_wconf 81' lang='grc' dir='ltr'>νηστεία</span> <span class='ocrx_word' id='word_1_501' title='bbox 763 3716 794 3785; x_wconf 82' lang='grc' dir='ltr'>ἡ</span> <span class='ocrx_word' id='word_1_502' title='bbox 821 3715 1074 3787; x_wconf 81' lang='grc' dir='ltr'>διηνεκὴς</span> <span class='ocrx_word' id='word_1_503' title='bbox 1101 3716 1300 3770; x_wconf 81' lang='grc' dir='ltr'>ἔνδεια.</span> <span class='ocrx_word' id='word_1_504' title='bbox 1331 3716 1518 3772; x_wconf 78' lang='grc' dir='ltr'>Ταῦτα</span> <span class='ocrx_word' id='word_1_505' title='bbox 1564 3719 1790 3790; x_wconf 86' lang='grc' dir='ltr'>νομοθε-</span> 
     </span>
    </p>
   </div>
   <div class='ocr_carea' id='block_1_71' title="bbox 199 3804 1789 3883">
    <p class='ocr_par' dir='ltr' id='par_1_71' title="bbox 199 3804 1789 3883">
     <span class='ocr_line' id='line_1_71' title="bbox 199 3804 1789 3883; baseline 0.005 -27"><span class='ocrx_word' id='word_1_506' title='bbox 199 3805 314 3857; x_wconf 88' lang='grc' dir='ltr'><strong>τῶν</strong></span> <span class='ocrx_word' id='word_1_507' title='bbox 342 3805 566 3860; x_wconf 82' lang='grc' dir='ltr'>διετέλει</span> <span class='ocrx_word' id='word_1_508' title='bbox 599 3809 628 3862; x_wconf 86' lang='grc'>6</span> <span class='ocrx_word' id='word_1_509' title='bbox 665 3807 812 3871; x_wconf 82' lang='grc' dir='ltr'>θεῖος</span> <span class='ocrx_word' id='word_1_510' title='bbox 844 3804 1001 3871; x_wconf 79' lang='grc' dir='ltr'>οὗτος</span> <span class='ocrx_word' id='word_1_511' title='bbox 1029 3807 1188 3880; x_wconf 81' lang='grc' dir='ltr'>ἀνὴρ,</span> <span class='ocrx_word' id='word_1_512' title='bbox 1217 3810 1308 3863; x_wconf 78' lang='grc' dir='ltr'>καὶ</span> <span class='ocrx_word' id='word_1_513' title='bbox 1339 3811 1498 3883; x_wconf 90' lang='grc' dir='ltr'>σῶμα</span> <span class='ocrx_word' id='word_1_514' title='bbox 1534 3812 1789 3882; x_wconf 85' lang='grc' dir='ltr'>μέγιστον</span> 
     </span>
    </p>
   </div>
   <div class='ocr_carea' id='block_1_72' title="bbox 202 3894 1788 3972">
    <p class='ocr_par' dir='ltr' id='par_1_72' title="bbox 202 3894 1788 3972">
     <span class='ocr_line' id='line_1_72' title="bbox 202 3894 1788 3972; baseline 0.004 -25"><span class='ocrx_word' id='word_1_515' title='bbox 202 3894 363 3965; x_wconf 72' lang='grc' dir='ltr'>ἔχων,</span> <span class='ocrx_word' id='word_1_516' title='bbox 400 3901 492 3950; x_wconf 71' lang='grc' dir='ltr'><strong>καὶ</strong></span> <span class='ocrx_word' id='word_1_517' title='bbox 517 3898 627 3952; x_wconf 89' lang='grc' dir='ltr'><strong>τῶν</strong></span> <span class='ocrx_word' id='word_1_518' title='bbox 649 3901 736 3952; x_wconf 82' lang='grc' dir='ltr'>ἐπ’</span> <span class='ocrx_word' id='word_1_519' title='bbox 758 3900 924 3955; x_wconf 78' lang='grc' dir='ltr'>αὑτοῦ</span> <span class='ocrx_word' id='word_1_520' title='bbox 949 3901 1169 3955; x_wconf 84' lang='grc' dir='ltr'>πάντων</span> <span class='ocrx_word' id='word_1_521' title='bbox 1194 3901 1292 3954; x_wconf 87' lang='grc' dir='ltr'><strong>ἀνθ</strong></span> <span class='ocrx_word' id='word_1_522' title='bbox 1303 3901 1502 3972; x_wconf 85' lang='grc' dir='ltr'>ρώπων</span> <span class='ocrx_word' id='word_1_523' title='bbox 1534 3902 1788 3972; x_wconf 82' lang='grc' dir='ltr'>μέγιστος</span> 
     </span>
    </p>
   </div>
   <div class='ocr_carea' id='block_1_73' title="bbox 201 3984 1784 4061">
    <p class='ocr_par' dir='ltr' id='par_1_73' title="bbox 201 3984 1784 4061">
     <span class='ocr_line' id='line_1_73' title="bbox 201 3984 1784 4061; baseline 0.004 -25"><span class='ocrx_word' id='word_1_524' title='bbox 201 3984 280 4037; x_wconf 84' lang='grc' dir='ltr'><strong>ῶν</strong></span> <span class='ocrx_word' id='word_1_525' title='bbox 329 3986 422 4038; x_wconf 72' lang='grc' dir='ltr'>καὶ</span> <span class='ocrx_word' id='word_1_526' title='bbox 479 3988 786 4051; x_wconf 79' lang='grc' dir='ltr'>κάλλιστος,</span> <span class='ocrx_word' id='word_1_527' title='bbox 848 3991 1031 4061; x_wconf 81' lang='grc' dir='ltr'>μικρῷ</span> <span class='ocrx_word' id='word_1_528' title='bbox 1082 3990 1242 4044; x_wconf 79' lang='grc' dir='ltr'>τοῦτο</span> <span class='ocrx_word' id='word_1_529' title='bbox 1300 3991 1454 4060; x_wconf 85' lang='grc' dir='ltr'>σιτίῳ</span> <span class='ocrx_word' id='word_1_530' title='bbox 1514 3991 1784 4061; x_wconf 86' lang='grc' dir='ltr'>διέτρεφε.</span> 
     </span>
    </p>
   </div>
   <div class='ocr_carea' id='block_1_74' title="bbox 203 4076 1786 4147">
    <p class='ocr_par' dir='ltr' id='par_1_74' title="bbox 203 4076 1786 4147">
     <span class='ocr_line' id='line_1_74' title="bbox 203 4076 1786 4147; baseline 0.003 -19"><span class='ocrx_word' id='word_1_531' title='bbox 203 4076 414 4146; x_wconf 83' lang='grc' dir='ltr'>Χρόνου</span> <span class='ocrx_word' id='word_1_532' title='bbox 453 4077 512 4130; x_wconf 82' lang='grc' dir='ltr'><strong>δέ</strong></span> <span class='ocrx_word' id='word_1_533' title='bbox 565 4097 709 4142; x_wconf 89' lang='grc' dir='ltr'>τινος</span> <span class='ocrx_word' id='word_1_534' title='bbox 751 4081 1052 4144; x_wconf 87' lang='grc' dir='ltr'>διελθόντος</span> <span class='ocrx_word' id='word_1_535' title='bbox 1087 4083 1181 4134; x_wconf 85' lang='grc' dir='ltr'><strong>δύο</strong></span> <span class='ocrx_word' id='word_1_536' title='bbox 1217 4082 1499 4146; x_wconf 85' lang='grc' dir='ltr'>συνοίκους</span> <span class='ocrx_word' id='word_1_537' title='bbox 1547 4081 1786 4147; x_wconf 79' lang='grc' dir='ltr'>ἐδέξατο,</span> 
     </span>
    </p>
   </div>
   <div class='ocr_carea' id='block_1_75' title="bbox 203 4165 1789 4242">
    <p class='ocr_par' dir='ltr' id='par_1_75' title="bbox 203 4165 1789 4242">
     <span class='ocr_line' id='line_1_75' title="bbox 203 4165 1789 4242; baseline 0.011 -25"><span class='ocrx_word' id='word_1_538' title='bbox 203 4165 484 4231; x_wconf 62' lang='grc' dir='ltr'>ιὶύσέϐιον,</span> <span class='ocrx_word' id='word_1_539' title='bbox 513 4167 572 4232; x_wconf 78' lang='grc' dir='ltr'>ὃς</span> <span class='ocrx_word' id='word_1_540' title='bbox 597 4169 696 4238; x_wconf 85' lang='grc' dir='ltr'><strong>τῆς</strong></span> <span class='ocrx_word' id='word_1_541' title='bbox 727 4170 768 4221; x_wconf 77' lang='lat' dir='ltr'><strong>is</strong></span> <span class='ocrx_word' id='word_1_542' title='bbox 781 4171 878 4239; x_wconf 76' lang='grc' dir='ltr'>ρᾶς</span> <span class='ocrx_word' id='word_1_543' title='bbox 909 4169 1124 4239; x_wconf 84' lang='grc' dir='ltr'>ἐκείνης</span> <span class='ocrx_word' id='word_1_544' title='bbox 1166 4169 1409 4240; x_wconf 78' lang='grc' dir='ltr'>καλύϐης</span> <span class='ocrx_word' id='word_1_545' title='bbox 1454 4171 1789 4242; x_wconf 68' lang='grc' dir='ltr'>κληρονόμος</span> 
     </span>
    </p>
   </div>
   <div class='ocr_carea' id='block_1_76' title="bbox 203 4257 1788 4336">
    <p class='ocr_par' dir='ltr' id='par_1_76' title="bbox 203 4257 1788 4336">
     <span class='ocr_line' id='line_1_76' title="bbox 203 4257 1788 4336; baseline 0.006 -28"><span class='ocrx_word' id='word_1_546' title='bbox 203 4257 441 4325; x_wconf 85' lang='grc' dir='ltr'>ἐγένετο,</span> <span class='ocrx_word' id='word_1_547' title='bbox 500 4259 596 4313; x_wconf 75' lang='grc' dir='ltr'>καὶ</span> <span class='ocrx_word' id='word_1_548' title='bbox 647 4260 976 4331; x_wconf 80' lang='grc' dir='ltr'>’Δγαπητὸν,</span> <span class='ocrx_word' id='word_1_549' title='bbox 1022 4261 1082 4324; x_wconf 85' lang='grc' dir='ltr'>ὃς</span> <span class='ocrx_word' id='word_1_550' title='bbox 1124 4261 1223 4333; x_wconf 76' lang='grc' dir='ltr'>τὴν</span> <span class='ocrx_word' id='word_1_551' title='bbox 1254 4263 1555 4336; x_wconf 81' lang='grc' dir='ltr'>ἀγγελικὴν</span> <span class='ocrx_word' id='word_1_552' title='bbox 1584 4263 1788 4334; x_wconf 88' lang='grc' dir='ltr'>ταύτην</span> 
     </span>
    </p>
   </div>
   <div class='ocr_carea' id='block_1_77' title="bbox 203 4349 1786 4424">
    <p class='ocr_par' dir='ltr' id='par_1_77' title="bbox 203 4349 1786 4424">
     <span class='ocr_line' id='line_1_77' title="bbox 203 4349 1786 4424; baseline 0.005 -24"><span class='ocrx_word' id='word_1_553' title='bbox 203 4349 527 4419; x_wconf 76' lang='grc' dir='ltr'>νομοθεσίαν</span> <span class='ocrx_word' id='word_1_554' title='bbox 563 4352 642 4414; x_wconf 83' lang='grc' dir='ltr'><strong>είς</strong></span> <span class='ocrx_word' id='word_1_555' title='bbox 675 4351 776 4422; x_wconf 74' lang='grc' dir='ltr'>τὴν</span> <span class='ocrx_word' id='word_1_556' title='bbox 825 4352 1118 4422; x_wconf 81' lang='grc' dir='ltr'>Ἀπαμέων</span> <span class='ocrx_word' id='word_1_557' title='bbox 1163 4353 1555 4424; x_wconf 84' lang='grc' dir='ltr'>μετεφύτευσε.</span> <span class='ocrx_word' id='word_1_558' title='bbox 1607 4354 1786 4424; x_wconf 83' lang='grc' dir='ltr'>Κὼμη</span> 
     </span>
    </p>
   </div>
   <div class='ocr_carea' id='block_1_78' title="bbox 1897 3161 3480 3233">
    <p class='ocr_par' dir='ltr' id='par_1_78' title="bbox 1897 3161 3480 3233">
     <span class='ocr_line' id='line_1_78' title="bbox 1897 3161 3480 3233; baseline 0.001 -17"><span class='ocrx_word' id='word_1_559' title='bbox 1897 3163 2138 3216; x_wconf 87' lang='lat' dir='ltr'><strong>animam</strong></span> <span class='ocrx_word' id='word_1_560' title='bbox 2157 3163 2223 3214; x_wconf 88' lang='lat' dir='ltr'><strong>ad</strong></span> <span class='ocrx_word' id='word_1_561' title='bbox 2245 3162 2602 3232; x_wconf 73' lang='lat' dir='ltr'><strong>vigilandum.</strong></span> <span class='ocrx_word' id='word_1_562' title='bbox 2618 3161 2881 3218; x_wconf 64' lang='lat' dir='ltr'><strong>Praestare</strong></span> <span class='ocrx_word' id='word_1_563' title='bbox 2901 3164 3087 3233; x_wconf 87' lang='lat' dir='ltr'><strong>itaque</strong></span> <span class='ocrx_word' id='word_1_564' title='bbox 3109 3163 3308 3225; x_wconf 81' lang='lat' dir='ltr'><strong>aiebat,</strong></span> <span class='ocrx_word' id='word_1_565' title='bbox 3335 3163 3480 3218; x_wconf 84' lang='lat' dir='ltr'><strong>vesci</strong></span> 
     </span>
    </p>
   </div>
   <div class='ocr_carea' id='block_1_79' title="bbox 1892 3254 3481 3326">
    <p class='ocr_par' dir='ltr' id='par_1_79' title="bbox 1892 3254 3481 3326">
     <span class='ocr_line' id='line_1_79' title="bbox 1892 3254 3481 3326; baseline 0 -18"><span class='ocrx_word' id='word_1_566' title='bbox 1892 3255 2112 3325; x_wconf 87' lang='lat' dir='ltr'><strong>quidem</strong></span> <span class='ocrx_word' id='word_1_567' title='bbox 2145 3254 2413 3324; x_wconf 85' lang='lat' dir='ltr'><strong>quotidie,</strong></span> <span class='ocrx_word' id='word_1_568' title='bbox 2443 3255 2534 3310; x_wconf 87' lang='lat' dir='ltr'><strong>sed</strong></span> <span class='ocrx_word' id='word_1_569' title='bbox 2565 3271 2846 3326; x_wconf 82' lang='lat' dir='ltr'><strong>nunquam</strong></span> <span class='ocrx_word' id='word_1_570' title='bbox 2881 3270 3200 3326; x_wconf 72' lang='lat' dir='ltr'><strong>exspectare</strong></span> <span class='ocrx_word' id='word_1_571' title='bbox 3251 3256 3481 3310; x_wconf 84' lang='lat' dir='ltr'><strong>satieta-</strong></span> 
     </span>
    </p>
   </div>
   <div class='ocr_carea' id='block_1_80' title="bbox 1893 3343 3478 3416">
    <p class='ocr_par' dir='ltr' id='par_1_80' title="bbox 1893 3343 3478 3416">
     <span class='ocr_line' id='line_1_80' title="bbox 1893 3343 3478 3416; baseline 0 -16"><span class='ocrx_word' id='word_1_572' title='bbox 1893 3355 2024 3402; x_wconf 88' lang='lat' dir='ltr'><strong>tem.</strong></span> <span class='ocrx_word' id='word_1_573' title='bbox 2085 3343 2281 3400; x_wconf 83' lang='lat' dir='ltr'><strong>Vcrum</strong></span> <span class='ocrx_word' id='word_1_574' title='bbox 2329 3347 2475 3400; x_wconf 87' lang='lat' dir='ltr'><strong>enim</strong></span> <span class='ocrx_word' id='word_1_575' title='bbox 2507 3345 2774 3416; x_wconf 72' lang='lat' dir='ltr'><strong>jejunium</strong></span> <span class='ocrx_word' id='word_1_576' title='bbox 2815 3354 2898 3400; x_wconf 89' lang='lat' dir='ltr'><strong>est</strong></span> <span class='ocrx_word' id='word_1_577' title='bbox 2940 3355 3200 3416; x_wconf 84' lang='lat' dir='ltr'><strong>perpetua</strong></span> <span class='ocrx_word' id='word_1_578' title='bbox 3241 3348 3478 3401; x_wconf 85' lang='lat' dir='ltr'><strong>esuries.</strong></span> 
     </span>
    </p>
   </div>
   <div class='ocr_carea' id='block_1_81' title="bbox 1895 3437 3472 3511">
    <p class='ocr_par' dir='ltr' id='par_1_81' title="bbox 1895 3437 3472 3511">
     <span class='ocr_line' id='line_1_81' title="bbox 1895 3437 3472 3511; baseline -0.004 -17"><span class='ocrx_word' id='word_1_579' title='bbox 1895 3441 2050 3496; x_wconf 85' lang='lat' dir='ltr'><strong>llanc</strong></span> <span class='ocrx_word' id='word_1_580' title='bbox 2083 3442 2257 3511; x_wconf 76' lang='lat' dir='ltr'><strong>legem</strong></span> <span class='ocrx_word' id='word_1_581' title='bbox 2314 3454 2622 3510; x_wconf 83' lang='lat' dir='ltr'><strong>proponere</strong></span> <span class='ocrx_word' id='word_1_582' title='bbox 2673 3455 2780 3492; x_wconf 88' lang='lat' dir='ltr'><strong>non</strong></span> <span class='ocrx_word' id='word_1_583' title='bbox 2819 3437 3106 3492; x_wconf 78' lang='lat' dir='ltr'><strong>desinebat</strong></span> <span class='ocrx_word' id='word_1_584' title='bbox 3135 3439 3220 3492; x_wconf 84' lang='lat' dir='ltr'><strong>vir</strong></span> <span class='ocrx_word' id='word_1_585' title='bbox 3255 3439 3346 3491; x_wconf 90' lang='lat' dir='ltr'><strong>ille</strong></span> <span class='ocrx_word' id='word_1_586' title='bbox 3384 3437 3472 3488; x_wconf 88' lang='lat' dir='ltr'><strong>di-</strong></span> 
     </span>
    </p>
   </div>
   <div class='ocr_carea' id='block_1_82' title="bbox 1893 3528 3480 3600">
    <p class='ocr_par' dir='ltr' id='par_1_82' title="bbox 1893 3528 3480 3600">
     <span class='ocr_line' id='line_1_82' title="bbox 1893 3528 3480 3600; baseline -0.004 -12"><span class='ocrx_word' id='word_1_587' title='bbox 1893 3533 2076 3596; x_wconf 65' lang='lat' dir='ltr'><strong>vinus,</strong></span> <span class='ocrx_word' id='word_1_588' title='bbox 2111 3541 2322 3586; x_wconf 84' lang='lat' dir='ltr'><strong>etcum</strong></span> <span class='ocrx_word' id='word_1_589' title='bbox 2387 3546 2594 3600; x_wconf 83' lang='lat' dir='ltr'><strong>corpus</strong></span> <span class='ocrx_word' id='word_1_590' title='bbox 2650 3529 2881 3583; x_wconf 70' lang='lat' dir='ltr'><strong>habt-ret</strong></span> <span class='ocrx_word' id='word_1_591' title='bbox 2933 3528 3256 3594; x_wconf 77' lang='lat' dir='ltr'><strong>maximum,</strong></span> <span class='ocrx_word' id='word_1_592' title='bbox 3313 3537 3480 3598; x_wconf 81' lang='lat' dir='ltr'><strong>atque</strong></span> 
     </span>
    </p>
   </div>
   <div class='ocr_carea' id='block_1_83' title="bbox 1891 3618 3479 3690">
    <p class='ocr_par' dir='ltr' id='par_1_83' title="bbox 1891 3618 3479 3690">
     <span class='ocr_line' id='line_1_83' title="bbox 1891 3618 3479 3690; baseline -0.003 -13"><span class='ocrx_word' id='word_1_593' title='bbox 1891 3624 2135 3677; x_wconf 90' lang='lat' dir='ltr'><strong>omnium</strong></span> <span class='ocrx_word' id='word_1_594' title='bbox 2168 3623 2257 3677; x_wconf 90' lang='lat' dir='ltr'><strong>sui</strong></span> <span class='ocrx_word' id='word_1_595' title='bbox 2285 3622 2551 3690; x_wconf 90' lang='lat' dir='ltr'><strong>temporis</strong></span> <span class='ocrx_word' id='word_1_596' title='bbox 2610 3619 2902 3673; x_wconf 86' lang='lat' dir='ltr'><strong>hominum</strong></span> <span class='ocrx_word' id='word_1_597' title='bbox 2937 3618 3214 3673; x_wconf 83' lang='lat' dir='ltr'><strong>maximus</strong></span> <span class='ocrx_word' id='word_1_598' title='bbox 3249 3627 3302 3670; x_wconf 80' lang='lat' dir='ltr'><strong>et</strong></span> <span class='ocrx_word' id='word_1_599' title='bbox 3357 3619 3479 3688; x_wconf 78' lang='lat' dir='ltr'><strong>pul-</strong></span> 
     </span>
    </p>
   </div>
   <div class='ocr_carea' id='block_1_84' title="bbox 1892 3711 3480 3784">
    <p class='ocr_par' dir='ltr' id='par_1_84' title="bbox 1892 3711 3480 3784">
     <span class='ocr_line' id='line_1_84' title="bbox 1892 3711 3480 3784; baseline -0.002 -14"><span class='ocrx_word' id='word_1_600' title='bbox 1892 3715 2200 3770; x_wconf 83' lang='lat' dir='ltr'><strong>chcrrimus</strong></span> <span class='ocrx_word' id='word_1_601' title='bbox 2232 3724 2399 3777; x_wconf 83' lang='lat' dir='ltr'><strong>esset,</strong></span> <span class='ocrx_word' id='word_1_602' title='bbox 2455 3714 2655 3784; x_wconf 78' lang='lat' dir='ltr'><strong>exiguo</strong></span> <span class='ocrx_word' id='word_1_603' title='bbox 2682 3712 2736 3767; x_wconf 90' lang='lat' dir='ltr'><strong>id</strong></span> <span class='ocrx_word' id='word_1_604' title='bbox 2773 3713 2899 3768; x_wconf 91' lang='lat' dir='ltr'><strong>cibo</strong></span> <span class='ocrx_word' id='word_1_605' title='bbox 2946 3713 3311 3767; x_wconf 77' lang='lat' dir='ltr'><strong>sustentabat.</strong></span> <span class='ocrx_word' id='word_1_606' title='bbox 3349 3711 3480 3767; x_wconf 79' lang='lat' dir='ltr'><strong>Post</strong></span> 
     </span>
    </p>
   </div>
   <div class='ocr_carea' id='block_1_85' title="bbox 1891 3806 3479 3877">
    <p class='ocr_par' dir='ltr' id='par_1_85' title="bbox 1891 3806 3479 3877">
     <span class='ocr_line' id='line_1_85' title="bbox 1891 3806 3479 3877; baseline -0.001 -18"><span class='ocrx_word' id='word_1_607' title='bbox 1891 3806 2113 3876; x_wconf 83' lang='lat' dir='ltr'><strong>aliquod</strong></span> <span class='ocrx_word' id='word_1_608' title='bbox 2146 3807 2410 3876; x_wconf 88' lang='lat' dir='ltr'><strong>temporis</strong></span> <span class='ocrx_word' id='word_1_609' title='bbox 2439 3806 2700 3877; x_wconf 79' lang='lat' dir='ltr'><strong>spatium,</strong></span> <span class='ocrx_word' id='word_1_610' title='bbox 2735 3808 2875 3860; x_wconf 77' lang='lat' dir='ltr'><strong>duos</strong></span> <span class='ocrx_word' id='word_1_611' title='bbox 2909 3806 3133 3860; x_wconf 86' lang='lat' dir='ltr'><strong>admisit</strong></span> <span class='ocrx_word' id='word_1_612' title='bbox 3179 3806 3479 3860; x_wconf 81' lang='lat' dir='ltr'><strong>contuber-</strong></span> 
     </span>
    </p>
   </div>
   <div class='ocr_carea' id='block_1_86' title="bbox 1892 3896 3474 3976">
    <p class='ocr_par' dir='ltr' id='par_1_86' title="bbox 1892 3896 3474 3976">
     <span class='ocr_line' id='line_1_86' title="bbox 1892 3896 3474 3976; baseline 0 -26"><span class='ocrx_word' id='word_1_613' title='bbox 1892 3899 2069 3962; x_wconf 88' lang='lat' dir='ltr'><strong>nales,</strong></span> <span class='ocrx_word' id='word_1_614' title='bbox 2102 3896 2422 3964; x_wconf 82' lang='lat' dir='ltr'><strong>Eusebium,</strong></span> <span class='ocrx_word' id='word_1_615' title='bbox 2441 3900 2537 3968; x_wconf 92' lang='lat' dir='ltr'><strong>qui</strong></span> <span class='ocrx_word' id='word_1_616' title='bbox 2565 3899 2711 3953; x_wconf 83' lang='lat' dir='ltr'><strong>saeri</strong></span> <span class='ocrx_word' id='word_1_617' title='bbox 2749 3899 2898 3952; x_wconf 89' lang='lat' dir='ltr'><strong>illitts</strong></span> <span class='ocrx_word' id='word_1_618' title='bbox 2925 3898 3125 3967; x_wconf 55' lang='lat' dir='ltr'><strong>tu5urii</strong></span> <span class='ocrx_word' id='word_1_619' title='bbox 3156 3899 3256 3976; x_wconf 79' lang='lat' dir='ltr'><strong>fuit</strong></span> <span class='ocrx_word' id='word_1_620' title='bbox 3279 3898 3474 3962; x_wconf 68' lang='lat' dir='ltr'><strong>luci-cs,</strong></span> 
     </span>
    </p>
   </div>
   <div class='ocr_carea' id='block_1_87' title="bbox 1891 3979 3475 4058">
    <p class='ocr_par' dir='ltr' id='par_1_87' title="bbox 1891 3979 3475 4058">
     <span class='ocr_line' id='line_1_87' title="bbox 1891 3979 3475 4058; baseline -0.003 -16"><span class='ocrx_word' id='word_1_621' title='bbox 1891 3998 1945 4042; x_wconf 92' lang='lat' dir='ltr'><strong>et</strong></span> <span class='ocrx_word' id='word_1_622' title='bbox 1997 3979 2456 4058; x_wconf 36' lang='lat' dir='ltr'><strong>Agapetum,&#39;qui</strong></span> <span class='ocrx_word' id='word_1_623' title='bbox 2510 3989 2609 4043; x_wconf 82' lang='lat' dir='ltr'><strong>has</strong></span> <span class='ocrx_word' id='word_1_624' title='bbox 2653 3990 2931 4058; x_wconf 81' lang='lat' dir='ltr'><strong>angelicas</strong></span> <span class='ocrx_word' id='word_1_625' title='bbox 2991 3991 3137 4058; x_wconf 75' lang='lat' dir='ltr'><strong>leges</strong></span> <span class='ocrx_word' id='word_1_626' title='bbox 3191 3989 3475 4042; x_wconf 86' lang='lat' dir='ltr'><strong>transtulit</strong></span> 
     </span>
    </p>
   </div>
   <div class='ocr_carea' id='block_1_88' title="bbox 1891 4076 3475 4144">
    <p class='ocr_par' dir='ltr' id='par_1_88' title="bbox 1891 4076 3475 4144">
     <span class='ocr_line' id='line_1_88' title="bbox 1891 4076 3475 4144; baseline -0.001 -15"><span class='ocrx_word' id='word_1_627' title='bbox 1891 4077 2212 4144; x_wconf 83' lang='lat' dir='ltr'><strong>Apameam.</strong></span> <span class='ocrx_word' id='word_1_628' title='bbox 2262 4076 2341 4130; x_wconf 87' lang='lat' dir='ltr'><strong>lbi</strong></span> <span class='ocrx_word' id='word_1_629' title='bbox 2376 4077 2523 4130; x_wconf 88' lang='lat' dir='ltr'><strong>enim</strong></span> <span class='ocrx_word' id='word_1_630' title='bbox 2550 4077 2710 4131; x_wconf 82' lang='lat' dir='ltr'><strong>vicus</strong></span> <span class='ocrx_word' id='word_1_631' title='bbox 2737 4085 2820 4130; x_wconf 87' lang='lat' dir='ltr'><strong>est</strong></span> <span class='ocrx_word' id='word_1_632' title='bbox 2856 4078 3133 4129; x_wconf 78' lang='lat' dir='ltr'><strong>maximus</strong></span> <span class='ocrx_word' id='word_1_633' title='bbox 3159 4085 3213 4128; x_wconf 78' lang='lat' dir='ltr'><strong>ct</strong></span> <span class='ocrx_word' id='word_1_634' title='bbox 3244 4078 3475 4144; x_wconf 77' lang='lat' dir='ltr'><strong>pupulu-</strong></span> 
     </span>
    </p>
   </div>
   <div class='ocr_carea' id='block_1_89' title="bbox 1893 4165 3478 4236">
    <p class='ocr_par' dir='ltr' id='par_1_89' title="bbox 1893 4165 3478 4236">
     <span class='ocr_line' id='line_1_89' title="bbox 1893 4165 3478 4236; baseline -0.004 -12"><span class='ocrx_word' id='word_1_635' title='bbox 1893 4184 2013 4230; x_wconf 89' lang='lat' dir='ltr'><strong>sus,</strong></span> <span class='ocrx_word' id='word_1_636' title='bbox 2042 4166 2278 4222; x_wconf 72' lang='lat' dir='ltr'><strong>Nicena:</strong></span> <span class='ocrx_word' id='word_1_637' title='bbox 2313 4168 2553 4228; x_wconf 84' lang='lat' dir='ltr'><strong>nomine.</strong></span> <span class='ocrx_word' id='word_1_638' title='bbox 2588 4166 2642 4221; x_wconf 93' lang='lat' dir='ltr'><strong>in</strong></span> <span class='ocrx_word' id='word_1_639' title='bbox 2680 4181 2792 4235; x_wconf 90' lang='lat' dir='ltr'><strong>quo</strong></span> <span class='ocrx_word' id='word_1_640' title='bbox 2825 4165 2938 4219; x_wconf 91' lang='lat' dir='ltr'><strong>duo</strong></span> <span class='ocrx_word' id='word_1_641' title='bbox 2968 4167 3205 4218; x_wconf 72' lang='lat' dir='ltr'><strong>maxima</strong></span> <span class='ocrx_word' id='word_1_642' title='bbox 3233 4166 3478 4236; x_wconf 79' lang='lat' dir='ltr'><strong>philoso-</strong></span> 
     </span>
    </p>
   </div>
   <div class='ocr_carea' id='block_1_90' title="bbox 1891 4258 3476 4332">
    <p class='ocr_par' dir='ltr' id='par_1_90' title="bbox 1891 4258 3476 4332">
     <span class='ocr_line' id='line_1_90' title="bbox 1891 4258 3476 4332; baseline -0.003 -16"><span class='ocrx_word' id='word_1_643' title='bbox 1891 4261 2034 4332; x_wconf 72' lang='lat' dir='ltr'><strong>phiae</strong></span> <span class='ocrx_word' id='word_1_644' title='bbox 2057 4260 2345 4332; x_wconf 76' lang='lat' dir='ltr'><strong>gymnasia</strong></span> <span class='ocrx_word' id='word_1_645' title='bbox 2385 4259 2716 4318; x_wconf 75' lang='lat' dir='ltr'><strong>construxit,</strong></span> <span class='ocrx_word' id='word_1_646' title='bbox 2784 4273 3018 4326; x_wconf 80' lang='lat' dir='ltr'><strong>quorum</strong></span> <span class='ocrx_word' id='word_1_647' title='bbox 3069 4273 3238 4311; x_wconf 90' lang='lat' dir='ltr'><strong>unum</strong></span> <span class='ocrx_word' id='word_1_648' title='bbox 3285 4258 3352 4312; x_wconf 87' lang='lat' dir='ltr'><strong>ab</strong></span> <span class='ocrx_word' id='word_1_649' title='bbox 3409 4275 3476 4313; x_wconf 84' lang='lat' dir='ltr'><strong>eo</strong></span> 
     </span>
    </p>
   </div>
   <div class='ocr_carea' id='block_1_91' title="bbox 1890 4347 3472 4420">
    <p class='ocr_par' dir='ltr' id='par_1_91' title="bbox 1890 4347 3472 4420">
     <span class='ocr_line' id='line_1_91' title="bbox 1890 4347 3472 4420; baseline -0.002 -13"><span class='ocrx_word' id='word_1_650' title='bbox 1890 4367 2086 4407; x_wconf 83' lang='lat' dir='ltr'><strong>nomen</strong></span> <span class='ocrx_word' id='word_1_651' title='bbox 2112 4352 2366 4420; x_wconf 87' lang='lat' dir='ltr'><strong>sumpsit,</strong></span> <span class='ocrx_word' id='word_1_652' title='bbox 2384 4350 2616 4404; x_wconf 86' lang='lat' dir='ltr'><strong>alterum</strong></span> <span class='ocrx_word' id='word_1_653' title='bbox 2638 4365 2763 4402; x_wconf 75' lang='lat' dir='ltr'><strong>rem</strong></span> <span class='ocrx_word' id='word_1_654' title='bbox 2780 4348 2846 4400; x_wconf 87' lang='lat' dir='ltr'><strong>ab</strong></span> <span class='ocrx_word' id='word_1_655' title='bbox 2860 4348 3171 4401; x_wconf 83' lang='lat' dir='ltr'><strong>admirabili</strong></span> <span class='ocrx_word' id='word_1_656' title='bbox 3193 4347 3472 4412; x_wconf 83' lang='lat' dir='ltr'><strong>Simenuc,</strong></span> 
     </span>
    </p>
   </div>
   <div class='ocr_carea' id='block_1_92' title="bbox 199 4440 1794 4518">
    <p class='ocr_par' dir='ltr' id='par_1_92' title="bbox 199 4441 1780 4518">
     <span class='ocr_line' id='line_1_92' title="bbox 199 4441 1780 4518; baseline 0.004 -24"><span class='ocrx_word' id='word_1_657' title='bbox 199 4442 311 4512; x_wconf 80' lang='grc' dir='ltr'><strong>γάρ</strong></span> <span class='ocrx_word' id='word_1_658' title='bbox 349 4441 431 4504; x_wconf 91' lang='grc' dir='ltr'><strong>τίς</strong></span> <span class='ocrx_word' id='word_1_659' title='bbox 468 4443 584 4496; x_wconf 83' lang='grc' dir='ltr'>ἐστι</span> <span class='ocrx_word' id='word_1_660' title='bbox 618 4443 854 4514; x_wconf 89' lang='grc' dir='ltr'>μεγίστη</span> <span class='ocrx_word' id='word_1_661' title='bbox 887 4444 981 4498; x_wconf 82' lang='grc' dir='ltr'>καὶ</span> <span class='ocrx_word' id='word_1_662' title='bbox 1015 4444 1458 4518; x_wconf 84' lang='grc' dir='ltr'>πολυάνθρωπος,</span> <span class='ocrx_word' id='word_1_663' title='bbox 1512 4447 1780 4517; x_wconf 82' lang='grc' dir='ltr'>Νικέρται</span> 
     </span>
    </p>
   </div>
   <div class='ocr_carea' id='block_1_93' title="bbox 1899 4440 3475 4518">
    <p class='ocr_par' dir='ltr' id='par_1_93' title="bbox 1899 4440 3475 4513">
     <span class='ocr_line' id='line_1_93' title="bbox 1899 4440 3475 4513; baseline -0.001 -16"><span class='ocrx_word' id='word_1_664' title='bbox 1899 4444 1985 4512; x_wconf 79' lang='lat' dir='ltr'><strong>qui</strong></span> <span class='ocrx_word' id='word_1_665' title='bbox 2017 4459 2291 4498; x_wconf 90' lang='lat' dir='ltr'><strong>annorum</strong></span> <span class='ocrx_word' id='word_1_666' title='bbox 2326 4442 2725 4513; x_wconf 72' lang='lat' dir='ltr'><strong>quinquaginta</strong></span> <span class='ocrx_word' id='word_1_667' title='bbox 2747 4440 2930 4509; x_wconf 91' lang='lat' dir='ltr'><strong>spatio</strong></span> <span class='ocrx_word' id='word_1_668' title='bbox 2964 4441 3019 4494; x_wconf 92' lang='lat' dir='ltr'><strong>in</strong></span> <span class='ocrx_word' id='word_1_669' title='bbox 3051 4441 3152 4494; x_wconf 87' lang='lat' dir='ltr'><strong>hac</strong></span> <span class='ocrx_word' id='word_1_670' title='bbox 3182 4441 3475 4510; x_wconf 81' lang='lat' dir='ltr'><strong>disciplina</strong></span> 
     </span>
    </p>
   </div>
   <div class='ocr_carea' id='block_1_94' title="bbox 199 4530 1780 4608">
    <p class='ocr_par' dir='ltr' id='par_1_94' title="bbox 199 4530 1780 4608">
     <span class='ocr_line' id='line_1_94' title="bbox 199 4530 1780 4608; baseline 0.004 -24"><span class='ocrx_word' id='word_1_671' title='bbox 199 4530 260 4584; x_wconf 79' lang='grc' dir='ltr'>δὲ</span> <span class='ocrx_word' id='word_1_672' title='bbox 290 4532 461 4604; x_wconf 77' lang='grc' dir='ltr'>ὄνομα</span> <span class='ocrx_word' id='word_1_673' title='bbox 500 4533 711 4608; x_wconf 79' lang='grc' dir='ltr'>ταύτῃ·</span> <span class='ocrx_word' id='word_1_674' title='bbox 759 4534 854 4589; x_wconf 89' lang='grc' dir='ltr'><strong>δύο</strong></span> <span class='ocrx_word' id='word_1_675' title='bbox 907 4535 1090 4590; x_wconf 90' lang='grc' dir='ltr'>τοίνυν</span> <span class='ocrx_word' id='word_1_676' title='bbox 1143 4536 1464 4607; x_wconf 83' lang='grc' dir='ltr'>φιλοσοφίας</span> <span class='ocrx_word' id='word_1_677' title='bbox 1503 4539 1563 4590; x_wconf 84' lang='grc' dir='ltr'><strong>ἐν</strong></span> <span class='ocrx_word' id='word_1_678' title='bbox 1609 4535 1780 4608; x_wconf 79' lang='grc' dir='ltr'>ταύτῃ</span> 
     </span>
    </p>
   </div>
   <div class='ocr_carea' id='block_1_95' title="bbox 201 4627 1780 4699">
    <p class='ocr_par' dir='ltr' id='par_1_95' title="bbox 201 4627 1780 4699">
     <span class='ocr_line' id='line_1_95' title="bbox 201 4627 1780 4699; baseline 0.021 -26"><span class='ocrx_word' id='word_1_679' title='bbox 201 4627 594 4697; x_wconf 74' lang='grc' dir='ltr'>φροντιστήρια</span> <span class='ocrx_word' id='word_1_680' title='bbox 646 4627 1015 4682; x_wconf 80' lang='grc' dir='ltr'>κατεσκεύασε</span> <span class='ocrx_word' id='word_1_681' title='bbox 1079 4628 1350 4699; x_wconf 84' lang='grc' dir='ltr'>μέγιστα’</span> <span class='ocrx_word' id='word_1_682' title='bbox 1415 4627 1478 4681; x_wconf 72' lang='grc' dir='ltr'><strong>τὸ</strong></span> <span class='ocrx_word' id='word_1_683' title='bbox 1529 4627 1629 4699; x_wconf 52' lang='grc' dir='ltr'><strong>μὲν</strong></span> <span class='ocrx_word' id='word_1_684' title='bbox 1681 4627 1780 4697; x_wconf 69' lang='grc' dir='ltr'><strong>τῆς</strong></span> 
     </span>
    </p>
   </div>
   <div class='ocr_carea' id='block_1_96' title="bbox 201 4716 1779 4792">
    <p class='ocr_par' dir='ltr' id='par_1_96' title="bbox 201 4716 1779 4792">
     <span class='ocr_line' id='line_1_96' title="bbox 201 4716 1779 4792; baseline 0.004 -26"><span class='ocrx_word' id='word_1_685' title='bbox 201 4716 368 4770; x_wconf 81' lang='grc' dir='ltr'>αὐτοῦ</span> <span class='ocrx_word' id='word_1_686' title='bbox 402 4719 774 4790; x_wconf 84' lang='grc' dir='ltr'>προσηγορίας</span> <span class='ocrx_word' id='word_1_687' title='bbox 806 4718 1118 4792; x_wconf 83' lang='grc' dir='ltr'>ἐπώνυμον,</span> <span class='ocrx_word' id='word_1_688' title='bbox 1152 4721 1216 4775; x_wconf 82' lang='grc' dir='ltr'>τὸ</span> <span class='ocrx_word' id='word_1_689' title='bbox 1243 4721 1301 4774; x_wconf 86' lang='grc' dir='ltr'><strong>δέ</strong></span> <span class='ocrx_word' id='word_1_690' title='bbox 1334 4719 1429 4774; x_wconf 82' lang='grc' dir='ltr'>τοῦ</span> <span class='ocrx_word' id='word_1_691' title='bbox 1464 4718 1779 4791; x_wconf 81' lang='grc' dir='ltr'>θαυμαστοῦ</span> 
     </span>
    </p>
   </div>
   <div class='ocr_carea' id='block_1_97' title="bbox 201 4807 1779 4886">
    <p class='ocr_par' dir='ltr' id='par_1_97' title="bbox 201 4807 1779 4886">
     <span class='ocr_line' id='line_1_97' title="bbox 201 4807 1779 4886; baseline 0.003 -26"><span class='ocrx_word' id='word_1_692' title='bbox 201 4807 510 4878; x_wconf 78' lang='grc' dir='ltr'>Συμεώνου,</span> <span class='ocrx_word' id='word_1_693' title='bbox 543 4811 604 4874; x_wconf 79' lang='grc' dir='ltr'>ὃς</span> <span class='ocrx_word' id='word_1_694' title='bbox 636 4814 973 4884; x_wconf 82' lang='grc' dir='ltr'>πεντήκοντα</span> <span class='ocrx_word' id='word_1_695' title='bbox 1004 4813 1141 4867; x_wconf 84' lang='grc' dir='ltr'>ἐτῶν</span> <span class='ocrx_word' id='word_1_696' title='bbox 1167 4813 1401 4886; x_wconf 75' lang='grc' dir='ltr'>ἀριθμὸν</span> <span class='ocrx_word' id='word_1_697' title='bbox 1436 4814 1496 4866; x_wconf 77' lang='grc' dir='ltr'><strong>ἐν</strong></span> <span class='ocrx_word' id='word_1_698' title='bbox 1520 4813 1694 4885; x_wconf 80' lang='grc' dir='ltr'>ταύτῃ</span> <span class='ocrx_word' id='word_1_699' title='bbox 1711 4813 1779 4884; x_wconf 82' lang='grc' dir='ltr'>τῇ</span> 
     </span>
    </p>
   </div>
   <div class='ocr_carea' id='block_1_98' title="bbox 201 4899 1781 4977">
    <p class='ocr_par' dir='ltr' id='par_1_98' title="bbox 201 4899 1781 4977">
     <span class='ocr_line' id='line_1_98' title="bbox 201 4899 1781 4977; baseline 0.002 -25"><span class='ocrx_word' id='word_1_700' title='bbox 201 4899 492 4972; x_wconf 75' lang='grc' dir='ltr'>φιλοσοφία</span> <span class='ocrx_word' id='word_1_701' title='bbox 517 4902 831 4975; x_wconf 72' lang='grc' dir='ltr'>διέλαμψεν.</span> <span class='ocrx_word' id='word_1_702' title='bbox 871 4904 960 4959; x_wconf 81' lang='grc' dir='ltr'><strong>Ἐν</strong></span> <span class='ocrx_word' id='word_1_703' title='bbox 995 4905 1207 4969; x_wconf 81' lang='grc' dir='ltr'>τούτοις</span> <span class='ocrx_word' id='word_1_704' title='bbox 1233 4905 1396 4977; x_wconf 84' lang='grc' dir='ltr'>μέχρι</span> <span class='ocrx_word' id='word_1_705' title='bbox 1423 4905 1518 4958; x_wconf 71' lang='grc' dir='ltr'>καὶ</span> <span class='ocrx_word' id='word_1_706' title='bbox 1539 4904 1781 4975; x_wconf 84' lang='grc' dir='ltr'>τήμερον</span> 
     </span>
    </p>
   </div>
   <div class='ocr_carea' id='block_1_99' title="bbox 202 4990 1783 5068">
    <p class='ocr_par' dir='ltr' id='par_1_99' title="bbox 202 4990 1783 5068">
     <span class='ocr_line' id='line_1_99' title="bbox 202 4990 1783 5068; baseline 0.009 -26"><span class='ocrx_word' id='word_1_707' title='bbox 202 4990 424 5054; x_wconf 79' lang='grc' dir='ltr'>πλείους</span> <span class='ocrx_word' id='word_1_708' title='bbox 500 4993 533 5064; x_wconf 77' lang='grc' dir='ltr'><strong>ἢ</strong></span> <span class='ocrx_word' id='word_1_709' title='bbox 587 4997 931 5067; x_wconf 87' lang='grc' dir='ltr'>τετρακόσιοι</span> <span class='ocrx_word' id='word_1_710' title='bbox 977 4997 1272 5066; x_wconf 79' lang='grc' dir='ltr'>διάγουσιν</span> <span class='ocrx_word' id='word_1_711' title='bbox 1320 4997 1532 5068; x_wconf 76' lang='grc' dir='ltr'>ἄνδρες,</span> <span class='ocrx_word' id='word_1_712' title='bbox 1581 4995 1783 5066; x_wconf 81' lang='grc' dir='ltr'>ἀρετῆς</span> 
     </span>
    </p>
   </div>
   <div class='ocr_carea' id='block_1_100' title="bbox 202 5084 1782 5162">
    <p class='ocr_par' dir='ltr' id='par_1_100' title="bbox 202 5084 1782 5162">
     <span class='ocr_line' id='line_1_100' title="bbox 202 5084 1782 5162; baseline 0.002 -25"><span class='ocrx_word' id='word_1_713' title='bbox 202 5084 452 5156; x_wconf 80' lang='grc' dir='ltr'>ἀθληταὶ,</span> <span class='ocrx_word' id='word_1_714' title='bbox 479 5086 574 5140; x_wconf 79' lang='grc' dir='ltr'>καὶ</span> <span class='ocrx_word' id='word_1_715' title='bbox 599 5087 877 5154; x_wconf 80' lang='grc' dir='ltr'>εὐσεϐείας</span> <span class='ocrx_word' id='word_1_716' title='bbox 907 5090 1155 5162; x_wconf 77' lang='grc' dir='ltr'>ἐρασταὶ,</span> <span class='ocrx_word' id='word_1_717' title='bbox 1190 5089 1399 5144; x_wconf 77' lang='grc' dir='ltr'>καὶτὸν</span> <span class='ocrx_word' id='word_1_718' title='bbox 1417 5087 1643 5160; x_wconf 83' lang='grc' dir='ltr'>ούρανὺν</span> <span class='ocrx_word' id='word_1_719' title='bbox 1671 5089 1782 5150; x_wconf 85' lang='grc' dir='ltr'>τοῖς</span> 
     </span>
    </p>
   </div>
   <div class='ocr_carea' id='block_1_101' title="bbox 201 5177 1780 5252">
    <p class='ocr_par' dir='ltr' id='par_1_101' title="bbox 201 5177 1780 5252">
     <span class='ocr_line' id='line_1_101' title="bbox 201 5177 1780 5252; baseline 0.003 -24"><span class='ocrx_word' id='word_1_720' title='bbox 201 5179 388 5242; x_wconf 83' lang='grc' dir='ltr'>πόνοις</span> <span class='ocrx_word' id='word_1_721' title='bbox 411 5177 710 5250; x_wconf 84' lang='grc' dir='ltr'>ὠνούμενοι</span> <span class='ocrx_word' id='word_1_722' title='bbox 739 5197 751 5212; x_wconf 88' lang='grc'><strong>·</strong></span> <span class='ocrx_word' id='word_1_723' title='bbox 787 5180 1112 5252; x_wconf 80' lang='grc' dir='ltr'>θεσμοθέται</span> <span class='ocrx_word' id='word_1_724' title='bbox 1142 5183 1198 5237; x_wconf 78' lang='grc' dir='ltr'>δὲ</span> <span class='ocrx_word' id='word_1_725' title='bbox 1235 5182 1442 5252; x_wconf 87' lang='grc' dir='ltr'>ταύτης</span> <span class='ocrx_word' id='word_1_726' title='bbox 1485 5181 1586 5252; x_wconf 88' lang='grc' dir='ltr'><strong>τῆς</strong></span> <span class='ocrx_word' id='word_1_727' title='bbox 1621 5183 1780 5234; x_wconf 88' lang='grc' dir='ltr'>πολι-</span> 
     </span>
    </p>
   </div>
   <div class='ocr_carea' id='block_1_102' title="bbox 1885 4533 3476 4604">
    <p class='ocr_par' dir='ltr' id='par_1_102' title="bbox 1885 4533 3476 4604">
     <span class='ocr_line' id='line_1_102' title="bbox 1885 4533 3476 4604; baseline -0.001 -14"><span class='ocrx_word' id='word_1_728' title='bbox 1885 4534 2124 4591; x_wconf 72' lang='lat' dir='ltr'><strong>rel‘ulsit.</strong></span> <span class='ocrx_word' id='word_1_729' title='bbox 2164 4534 2219 4589; x_wconf 93' lang='lat' dir='ltr'><strong>In</strong></span> <span class='ocrx_word' id='word_1_730' title='bbox 2242 4536 2328 4591; x_wconf 90' lang='lat' dir='ltr'><strong>his</strong></span> <span class='ocrx_word' id='word_1_731' title='bbox 2357 4535 2624 4604; x_wconf 84' lang='lat' dir='ltr'><strong>hodieque</strong></span> <span class='ocrx_word' id='word_1_732' title='bbox 2650 4534 2750 4588; x_wconf 91' lang='lat' dir='ltr'><strong>viri</strong></span> <span class='ocrx_word' id='word_1_733' title='bbox 2776 4533 2981 4603; x_wconf 75' lang='lat' dir='ltr'><strong>degunt</strong></span> <span class='ocrx_word' id='word_1_734' title='bbox 3011 4547 3178 4603; x_wconf 86' lang='lat' dir='ltr'><strong>supra</strong></span> <span class='ocrx_word' id='word_1_735' title='bbox 3218 4534 3476 4604; x_wconf 84' lang='lat' dir='ltr'><strong>quadrin-</strong></span> 
     </span>
    </p>
   </div>
   <div class='ocr_carea' id='block_1_103' title="bbox 1887 4625 3473 4704">
    <p class='ocr_par' dir='ltr' id='par_1_103' title="bbox 1887 4625 3473 4704">
     <span class='ocr_line' id='line_1_103' title="bbox 1887 4625 3473 4704; baseline -0.002 -21"><span class='ocrx_word' id='word_1_736' title='bbox 1887 4629 2331 4704; x_wconf 75' lang='lat' dir='ltr'><strong>getitos.virtutis</strong></span> <span class='ocrx_word' id='word_1_737' title='bbox 2355 4627 2591 4692; x_wconf 69' lang='lat' dir='ltr'><strong>athletm,</strong></span> <span class='ocrx_word' id='word_1_738' title='bbox 2611 4641 2663 4682; x_wconf 93' lang='lat' dir='ltr'><strong>et</strong></span> <span class='ocrx_word' id='word_1_739' title='bbox 2687 4625 2903 4696; x_wconf 85' lang='lat' dir='ltr'><strong>pictatis</strong></span> <span class='ocrx_word' id='word_1_740' title='bbox 2921 4634 3218 4691; x_wconf 82' lang='lat' dir='ltr'><strong>amatores,</strong></span> <span class='ocrx_word' id='word_1_741' title='bbox 3241 4627 3473 4681; x_wconf 72' lang='lat' dir='ltr'><strong>cmlum-</strong></span> 
     </span>
    </p>
   </div>
   <div class='ocr_carea' id='block_1_104' title="bbox 1889 4717 3470 4792">
    <p class='ocr_par' dir='ltr' id='par_1_104' title="bbox 1889 4717 3470 4792">
     <span class='ocr_line' id='line_1_104' title="bbox 1889 4717 3470 4792; baseline -0.001 -18"><span class='ocrx_word' id='word_1_742' title='bbox 1889 4737 1996 4792; x_wconf 90' lang='lat' dir='ltr'><strong>que</strong></span> <span class='ocrx_word' id='word_1_743' title='bbox 2025 4721 2307 4777; x_wconf 82' lang='lat' dir='ltr'><strong>laboribus</strong></span> <span class='ocrx_word' id='word_1_744' title='bbox 2337 4722 2454 4776; x_wconf 85' lang='lat' dir='ltr'><strong>suis</strong></span> <span class='ocrx_word' id='word_1_745' title='bbox 2490 4719 2844 4776; x_wconf 84' lang='lat' dir='ltr'><strong>redimentes.</strong></span> <span class='ocrx_word' id='word_1_746' title='bbox 2865 4717 3038 4788; x_wconf 78' lang='lat' dir='ltr'><strong>Cujus</strong></span> <span class='ocrx_word' id='word_1_747' title='bbox 3066 4735 3198 4774; x_wconf 87' lang='lat' dir='ltr'><strong>sane</strong></span> <span class='ocrx_word' id='word_1_748' title='bbox 3235 4721 3470 4775; x_wconf 78' lang='lat' dir='ltr'><strong>instituti</strong></span> 
     </span>
    </p>
   </div>
   <div class='ocr_carea' id='block_1_105' title="bbox 1889 4811 3473 4886">
    <p class='ocr_par' dir='ltr' id='par_1_105' title="bbox 1889 4811 3473 4886">
     <span class='ocr_line' id='line_1_105' title="bbox 1889 4811 3473 4886; baseline -0.001 -18"><span class='ocrx_word' id='word_1_749' title='bbox 1889 4815 2230 4886; x_wconf 74' lang='lat' dir='ltr'><strong>Iegislatores</strong></span> <span class='ocrx_word' id='word_1_750' title='bbox 2249 4815 2400 4870; x_wconf 78' lang='lat' dir='ltr'><strong>luere</strong></span> <span class='ocrx_word' id='word_1_751' title='bbox 2421 4813 2693 4884; x_wconf 78' lang='lat' dir='ltr'><strong>Agapetus</strong></span> <span class='ocrx_word' id='word_1_752' title='bbox 2709 4819 2764 4865; x_wconf 86' lang='lat' dir='ltr'><strong>et</strong></span> <span class='ocrx_word' id='word_1_753' title='bbox 2788 4811 3093 4874; x_wconf 88' lang='lat' dir='ltr'><strong>Simeones,</strong></span> <span class='ocrx_word' id='word_1_754' title='bbox 3109 4811 3202 4882; x_wconf 90' lang='lat' dir='ltr'><strong>qui</strong></span> <span class='ocrx_word' id='word_1_755' title='bbox 3226 4827 3256 4866; x_wconf 89' lang='lat' dir='ltr'><strong>a</strong></span> <span class='ocrx_word' id='word_1_756' title='bbox 3275 4828 3473 4882; x_wconf 72' lang='lat' dir='ltr'><strong>magno</strong></span> 
     </span>
    </p>
   </div>
   <div class='ocr_carea' id='block_1_106' title="bbox 1891 4901 3472 4974">
    <p class='ocr_par' dir='ltr' id='par_1_106' title="bbox 1891 4901 3472 4974">
     <span class='ocr_line' id='line_1_106' title="bbox 1891 4901 3472 4974; baseline -0.001 -16"><span class='ocrx_word' id='word_1_757' title='bbox 1891 4903 2170 4958; x_wconf 78' lang='lat' dir='ltr'><strong>Marciano</strong></span> <span class='ocrx_word' id='word_1_758' title='bbox 2193 4903 2340 4974; x_wconf 74' lang='lat' dir='ltr'><strong>leges</strong></span> <span class='ocrx_word' id='word_1_759' title='bbox 2361 4915 2702 4974; x_wconf 82' lang='lat' dir='ltr'><strong>acceperant.</strong></span> <span class='ocrx_word' id='word_1_760' title='bbox 2731 4903 2794 4956; x_wconf 72' lang='lat' dir='ltr'><strong>Et</strong></span> <span class='ocrx_word' id='word_1_761' title='bbox 2815 4901 2884 4955; x_wconf 83' lang='lat' dir='ltr'><strong>ab</strong></span> <span class='ocrx_word' id='word_1_762' title='bbox 2928 4902 3012 4956; x_wconf 86' lang='lat' dir='ltr'><strong>bis</strong></span> <span class='ocrx_word' id='word_1_763' title='bbox 3037 4917 3198 4972; x_wconf 89' lang='lat' dir='ltr'><strong>porro</strong></span> <span class='ocrx_word' id='word_1_764' title='bbox 3229 4903 3332 4956; x_wconf 91' lang='lat' dir='ltr'><strong>alia</strong></span> <span class='ocrx_word' id='word_1_765' title='bbox 3353 4905 3472 4973; x_wconf 84' lang='lat' dir='ltr'><strong>plu-</strong></span> 
     </span>
    </p>
   </div>
   <div class='ocr_carea' id='block_1_107' title="bbox 1891 4992 3469 5068">
    <p class='ocr_par' dir='ltr' id='par_1_107' title="bbox 1891 4992 3469 5068">
     <span class='ocr_line' id='line_1_107' title="bbox 1891 4992 3469 5068; baseline -0.001 -21"><span class='ocrx_word' id='word_1_766' title='bbox 1891 4995 2027 5048; x_wconf 87' lang='lat' dir='ltr'><strong>rima</strong></span> <span class='ocrx_word' id='word_1_767' title='bbox 2055 5002 2353 5068; x_wconf 73' lang='lat' dir='ltr'><strong>propagata</strong></span> <span class='ocrx_word' id='word_1_768' title='bbox 2377 5004 2506 5050; x_wconf 89' lang='lat' dir='ltr'><strong>sunt</strong></span> <span class='ocrx_word' id='word_1_769' title='bbox 2546 5000 2854 5048; x_wconf 81' lang='lat' dir='ltr'><strong>ascetarum</strong></span> <span class='ocrx_word' id='word_1_770' title='bbox 2898 4992 3233 5056; x_wconf 81' lang='lat' dir='ltr'><strong>habitacula,</strong></span> <span class='ocrx_word' id='word_1_771' title='bbox 3273 4994 3469 5050; x_wconf 85' lang='lat' dir='ltr'><strong>iisdem</strong></span> 
     </span>
    </p>
   </div>
   <div class='ocr_carea' id='block_1_108' title="bbox 1889 5087 3468 5158">
    <p class='ocr_par' dir='ltr' id='par_1_108' title="bbox 1889 5087 3468 5158">
     <span class='ocr_line' id='line_1_108' title="bbox 1889 5087 3468 5158; baseline 0 -16"><span class='ocrx_word' id='word_1_772' title='bbox 1889 5087 2100 5158; x_wconf 74' lang='lat' dir='ltr'><strong>legibus</strong></span> <span class='ocrx_word' id='word_1_773' title='bbox 2121 5089 2350 5152; x_wconf 86' lang='lat' dir='ltr'><strong>utentia,</strong></span> <span class='ocrx_word' id='word_1_774' title='bbox 2374 5103 2494 5158; x_wconf 66' lang='lat' dir='ltr'><strong>qua:</strong></span> <span class='ocrx_word' id='word_1_775' title='bbox 2511 5087 2729 5143; x_wconf 85' lang='lat' dir='ltr'><strong>dillicile</strong></span> <span class='ocrx_word' id='word_1_776' title='bbox 2751 5089 2818 5142; x_wconf 89' lang='lat' dir='ltr'><strong>sit</strong></span> <span class='ocrx_word' id='word_1_777' title='bbox 2833 5102 3180 5157; x_wconf 78' lang='lat' dir='ltr'><strong>percensere.</strong></span> <span class='ocrx_word' id='word_1_778' title='bbox 3199 5087 3468 5142; x_wconf 67' lang='lat' dir='ltr'><strong>Caeterum</strong></span> 
     </span>
    </p>
   </div>
   <div class='ocr_carea' id='block_1_109' title="bbox 1891 5179 3471 5250">
    <p class='ocr_par' dir='ltr' id='par_1_109' title="bbox 1891 5179 3471 5250">
     <span class='ocr_line' id='line_1_109' title="bbox 1891 5179 3471 5250; baseline -0.003 -14"><span class='ocrx_word' id='word_1_779' title='bbox 1891 5182 2086 5237; x_wconf 84' lang='lat' dir='ltr'><strong>horum</strong></span> <span class='ocrx_word' id='word_1_780' title='bbox 2111 5181 2358 5238; x_wconf 88' lang='lat' dir='ltr'><strong>omnium</strong></span> <span class='ocrx_word' id='word_1_781' title='bbox 2387 5190 2540 5236; x_wconf 78' lang='lat' dir='ltr'><strong>sator</strong></span> <span class='ocrx_word' id='word_1_782' title='bbox 2559 5191 2614 5234; x_wconf 87' lang='lat' dir='ltr'><strong>et</strong></span> <span class='ocrx_word' id='word_1_783' title='bbox 2641 5179 2916 5250; x_wconf 83' lang='lat' dir='ltr'><strong>plantator</strong></span> <span class='ocrx_word' id='word_1_784' title='bbox 2947 5179 3048 5232; x_wconf 79' lang='lat' dir='ltr'><strong>fuit</strong></span> <span class='ocrx_word' id='word_1_785' title='bbox 3099 5179 3181 5233; x_wconf 78' lang='lat' dir='ltr'><strong>vir</strong></span> <span class='ocrx_word' id='word_1_786' title='bbox 3207 5179 3299 5234; x_wconf 86' lang='lat' dir='ltr'><strong>ille</strong></span> <span class='ocrx_word' id='word_1_787' title='bbox 3332 5179 3471 5233; x_wconf 80' lang='lat' dir='ltr'><strong>divi-</strong></span> 
     </span>
    </p>
   </div>
   <div class='ocr_carea' id='block_1_110' title="bbox 201 5269 1794 5346">
    <p class='ocr_par' dir='ltr' id='par_1_110' title="bbox 201 5270 1784 5346">
     <span class='ocr_line' id='line_1_110' title="bbox 201 5270 1784 5346; baseline 0.003 -25"><span class='ocrx_word' id='word_1_788' title='bbox 201 5270 350 5334; x_wconf 83' lang='grc' dir='ltr'>τείας</span> <span class='ocrx_word' id='word_1_789' title='bbox 387 5270 700 5342; x_wconf 80' lang='grc' dir='ltr'>Ἀγαπητδς</span> <span class='ocrx_word' id='word_1_790' title='bbox 739 5273 834 5326; x_wconf 70' lang='grc' dir='ltr'><strong>καὶ</strong></span> <span class='ocrx_word' id='word_1_791' title='bbox 873 5274 1191 5346; x_wconf 84' lang='grc' dir='ltr'>Συμεῶνης,</span> <span class='ocrx_word' id='word_1_792' title='bbox 1236 5274 1384 5345; x_wconf 85' lang='grc' dir='ltr'>παρὰ</span> <span class='ocrx_word' id='word_1_793' title='bbox 1417 5272 1512 5328; x_wconf 82' lang='grc' dir='ltr'>τοῦ</span> <span class='ocrx_word' id='word_1_794' title='bbox 1547 5273 1784 5344; x_wconf 80' lang='grc' dir='ltr'>μεγάλου</span> 
     </span>
    </p>
   </div>
   <div class='ocr_carea' id='block_1_111' title="bbox 1899 5269 3467 5346">
    <p class='ocr_par' dir='ltr' id='par_1_111' title="bbox 1899 5269 3467 5342">
     <span class='ocr_line' id='line_1_111' title="bbox 1899 5269 3467 5342; baseline -0.004 -14"><span class='ocrx_word' id='word_1_795' title='bbox 1899 5289 2012 5329; x_wconf 70' lang='lat' dir='ltr'><strong>ius.</strong></span> <span class='ocrx_word' id='word_1_796' title='bbox 2059 5273 2163 5340; x_wconf 84' lang='lat' dir='ltr'><strong>Qui</strong></span> <span class='ocrx_word' id='word_1_797' title='bbox 2192 5274 2338 5328; x_wconf 88' lang='lat' dir='ltr'><strong>enim</strong></span> <span class='ocrx_word' id='word_1_798' title='bbox 2367 5271 2802 5342; x_wconf 78' lang='lat' dir='ltr'><strong>pulcherrimum</strong></span> <span class='ocrx_word' id='word_1_799' title='bbox 2822 5285 3004 5325; x_wconf 90' lang='lat' dir='ltr'><strong>semen</strong></span> <span class='ocrx_word' id='word_1_800' title='bbox 3027 5269 3280 5339; x_wconf 73' lang='lat' dir='ltr'><strong>praebuit,</strong></span> <span class='ocrx_word' id='word_1_801' title='bbox 3298 5271 3346 5324; x_wconf 83' lang='lat' dir='ltr'><strong>is</strong></span> <span class='ocrx_word' id='word_1_802' title='bbox 3369 5271 3467 5325; x_wconf 86' lang='lat' dir='ltr'><strong>bo-</strong></span> 
     </span>
    </p>
   </div>
   <div class='ocr_carea' id='block_1_112' title="bbox 199 5361 1794 5436">
    <p class='ocr_par' dir='ltr' id='par_1_112' title="bbox 199 5361 1784 5436">
     <span class='ocr_line' id='line_1_112' title="bbox 199 5361 1784 5436; baseline 0.001 -22"><span class='ocrx_word' id='word_1_803' title='bbox 199 5361 542 5430; x_wconf 57' lang='grc' dir='ltr'>Μαρκιανοῦ,</span> <span class='ocrx_word' id='word_1_804' title='bbox 570 5362 698 5427; x_wconf 80' lang='grc' dir='ltr'>τοὺς</span> <span class='ocrx_word' id='word_1_805' title='bbox 740 5364 939 5434; x_wconf 87' lang='grc' dir='ltr'>νόμους</span> <span class='ocrx_word' id='word_1_806' title='bbox 986 5365 1290 5436; x_wconf 77' lang='grc' dir='ltr'>δεξάμενοι.</span> <span class='ocrx_word' id='word_1_807' title='bbox 1330 5366 1424 5418; x_wconf 79' lang='grc' dir='ltr'>Ἐκ</span> <span class='ocrx_word' id='word_1_808' title='bbox 1470 5364 1528 5419; x_wconf 89' lang='grc' dir='ltr'><strong>δέ</strong></span> <span class='ocrx_word' id='word_1_809' title='bbox 1580 5363 1784 5417; x_wconf 78' lang='grc' dir='ltr'>τούτων</span> 
     </span>
    </p>
   </div>
   <div class='ocr_carea' id='block_1_113' title="bbox 1899 5361 3468 5436">
    <p class='ocr_par' dir='ltr' id='par_1_113' title="bbox 1903 5362 3468 5434">
     <span class='ocr_line' id='line_1_113' title="bbox 1903 5362 3468 5434; baseline -0.003 -15"><span class='ocrx_word' id='word_1_810' title='bbox 1903 5381 2078 5420; x_wconf 79' lang='lat' dir='ltr'><strong>torum</strong></span> <span class='ocrx_word' id='word_1_811' title='bbox 2124 5378 2327 5434; x_wconf 57' lang='lat' dir='ltr'><strong>quaex</strong></span> <span class='ocrx_word' id='word_1_812' title='bbox 2363 5378 2429 5419; x_wconf 91' lang='lat' dir='ltr'><strong>eo</strong></span> <span class='ocrx_word' id='word_1_813' title='bbox 2461 5371 2766 5418; x_wconf 66' lang='lat' dir='ltr'><strong>nascuntur</strong></span> <span class='ocrx_word' id='word_1_814' title='bbox 2807 5362 2929 5428; x_wconf 79' lang='lat' dir='ltr'><strong>jure</strong></span> <span class='ocrx_word' id='word_1_815' title='bbox 2959 5371 3152 5416; x_wconf 89' lang='lat' dir='ltr'><strong>auctor</strong></span> <span class='ocrx_word' id='word_1_816' title='bbox 3195 5363 3468 5416; x_wconf 72' lang='lat' dir='ltr'><strong>vocandus</strong></span> 
     </span>
    </p>
   </div>
   <div class='ocr_carea' id='block_1_114' title="bbox 203 5453 1794 5527">
    <p class='ocr_par' dir='ltr' id='par_1_114' title="bbox 203 5453 1784 5527">
     <span class='ocr_line' id='line_1_114' title="bbox 203 5453 1784 5527; baseline 0.002 -22"><span class='ocrx_word' id='word_1_817' title='bbox 203 5453 374 5520; x_wconf 77' lang='grc' dir='ltr'>μυρία</span> <span class='ocrx_word' id='word_1_818' title='bbox 396 5453 665 5524; x_wconf 85' lang='grc' dir='ltr'>ἐφυτεύθη</span> <span class='ocrx_word' id='word_1_819' title='bbox 703 5455 868 5525; x_wconf 73' lang='grc' dir='ltr'>ἕτερα</span> <span class='ocrx_word' id='word_1_820' title='bbox 889 5458 1144 5527; x_wconf 87' lang='grc' dir='ltr'>ἀσκητῶν</span> <span class='ocrx_word' id='word_1_821' title='bbox 1172 5458 1516 5527; x_wconf 80' lang='grc' dir='ltr'>καταγώγια,</span> <span class='ocrx_word' id='word_1_822' title='bbox 1545 5457 1784 5510; x_wconf 78' lang='grc' dir='ltr'>τουτοισὶ</span> 
     </span>
    </p>
   </div>
   <div class='ocr_carea' id='block_1_115' title="bbox 1899 5453 3465 5527">
    <p class='ocr_par' dir='ltr' id='par_1_115' title="bbox 1899 5453 3465 5526">
     <span class='ocr_line' id='line_1_115' title="bbox 1899 5453 3465 5526; baseline -0.005 -10"><span class='ocrx_word' id='word_1_823' title='bbox 1899 5469 1987 5516; x_wconf 76' lang='lat' dir='ltr'><strong>:st.</strong></span> <span class='ocrx_word' id='word_1_824' title='bbox 2014 5456 2260 5512; x_wconf 89' lang='lat' dir='ltr'><strong>Primum</strong></span> <span class='ocrx_word' id='word_1_825' title='bbox 2301 5469 2456 5526; x_wconf 78' lang='lat' dir='ltr'><strong>ergo,</strong></span> <span class='ocrx_word' id='word_1_826' title='bbox 2487 5464 2543 5508; x_wconf 89' lang='lat' dir='ltr'><strong>ut</strong></span> <span class='ocrx_word' id='word_1_827' title='bbox 2575 5453 2713 5518; x_wconf 75' lang='lat' dir='ltr'><strong>dixi,</strong></span> <span class='ocrx_word' id='word_1_828' title='bbox 2741 5454 2890 5508; x_wconf 82' lang='lat' dir='ltr'><strong>solus</strong></span> <span class='ocrx_word' id='word_1_829' title='bbox 2913 5454 3280 5508; x_wconf 74' lang='lat' dir='ltr'><strong>voluntarium</strong></span> <span class='ocrx_word' id='word_1_830' title='bbox 3313 5455 3465 5508; x_wconf 84' lang='lat' dir='ltr'><strong>illum</strong></span> 
     </span>
    </p>
   </div>
   <div class='ocr_carea' id='block_1_116' title="bbox 196 5537 1794 5622">
    <p class='ocr_par' dir='ltr' id='par_1_116' title="bbox 196 5546 1778 5622">
     <span class='ocr_line' id='line_1_116' title="bbox 196 5546 1778 5622; baseline 0.005 -26"><span class='ocrx_word' id='word_1_831' title='bbox 196 5549 308 5609; x_wconf 75' lang='grc' dir='ltr'>τοῖς</span> <span class='ocrx_word' id='word_1_832' title='bbox 338 5546 524 5617; x_wconf 86' lang='grc' dir='ltr'>νόμοις</span> <span class='ocrx_word' id='word_1_833' title='bbox 567 5548 936 5619; x_wconf 78' lang='grc' dir='ltr'>κοσμούμενα,</span> <span class='ocrx_word' id='word_1_834' title='bbox 970 5549 1003 5602; x_wconf 83' lang='grc' dir='ltr'>ἃ</span> <span class='ocrx_word' id='word_1_835' title='bbox 1031 5552 1090 5602; x_wconf 77' lang='grc' dir='ltr'>οὐ</span> <span class='ocrx_word' id='word_1_836' title='bbox 1117 5552 1299 5622; x_wconf 68' lang='grc' dir='ltr'>ῥᾴδιον</span> <span class='ocrx_word' id='word_1_837' title='bbox 1323 5551 1597 5622; x_wconf 70' lang='grc' dir='ltr'>ἀριθμεῖν.</span> <span class='ocrx_word' id='word_1_838' title='bbox 1619 5550 1778 5604; x_wconf 76' lang='grc' dir='ltr'>Ἀλλά</span> 
     </span>
    </p>
   </div>
   <div class='ocr_carea' id='block_1_117' title="bbox 1899 5537 3468 5622">
    <p class='ocr_par' dir='ltr' id='par_1_117' title="bbox 1899 5537 3468 5609">
     <span class='ocr_line' id='line_1_117' title="bbox 1899 5537 3468 5609; baseline -0.003 -8"><span class='ocrx_word' id='word_1_839' title='bbox 1899 5563 2160 5604; x_wconf 66' lang='grc' dir='ltr'>-ιιτςριοω</span> <span class='ocrx_word' id='word_1_840' title='bbox 2192 5547 2431 5602; x_wconf 73' lang='lat' dir='ltr'><strong>tenebat.</strong></span> <span class='ocrx_word' id='word_1_841' title='bbox 2464 5543 2668 5601; x_wconf 60' lang='lat' dir='ltr'><strong>llr-inde</strong></span> <span class='ocrx_word' id='word_1_842' title='bbox 2690 5537 2816 5598; x_wconf 70' lang='lat' dir='ltr'><strong>cum</strong></span> <span class='ocrx_word' id='word_1_843' title='bbox 2846 5543 2945 5596; x_wconf 85' lang='lat' dir='ltr'><strong>hos</strong></span> <span class='ocrx_word' id='word_1_844' title='bbox 2968 5544 3106 5595; x_wconf 74' lang='lat' dir='ltr'><strong>duas</strong></span> <span class='ocrx_word' id='word_1_845' title='bbox 3134 5543 3468 5609; x_wconf 65' lang='grc' dir='ltr'>ιιᾶιιιίεςὲεευι,</span> 
     </span>
    </p>
   </div>
   <div class='ocr_carea' id='block_1_118' title="bbox 269 5721 658 5786">
    <p class='ocr_par' dir='ltr' id='par_1_118' title="bbox 269 5721 658 5786">
     <span class='ocr_line' id='line_1_118' title="bbox 269 5721 658 5786; baseline 0.01 -12"><span class='ocrx_word' id='word_1_846' title='bbox 269 5731 290 5758; x_wconf 74' lang='grc' dir='ltr'><strong>ε</strong></span> <span class='ocrx_word' id='word_1_847' title='bbox 319 5721 460 5776; x_wconf 59' lang='grc' dir='ltr'>ι’».ιι.</span> <span class='ocrx_word' id='word_1_848' title='bbox 498 5741 536 5786; x_wconf 86' lang='grc' dir='ltr'><strong>ι,</strong></span> <span class='ocrx_word' id='word_1_849' title='bbox 573 5725 658 5778; x_wconf 73' lang='lat'><strong>&#39;23.</strong></span> 
     </span>
    </p>
   </div>
  </div>
