3974 6212
506 353 636 414 1327

499 483 612 520 non
641 464 968 520 habitabant
1015 472 1196 518 tamen
1235 463 1312 516 illi
1369 463 1472 518 sub
1505 464 1696 518 eodem
1747 473 1915 516 tecto.
1949 462 2081 517 Nam
2115 477 2154 531 Α

503 576 574 613 ne
603 559 704 630 ipsi
738 557 954 628 quidem
991 555 1207 627 1139
1237 555 1339 610 soli
1390 554 1724 609 domuncula
1757 553 2084 621 sufficiebat,

501 659 562 706 ut
589 649 886 704 admodum
923 661 1114 720 parva,
1149 657 1353 719 etquae
1387 656 1501 702 tum
1538 649 1703 704 stanti
1739 657 1854 702 tum
1879 649 2086 717 jacenti

503 745 737 797 multum
767 743 975 797 laboris
1008 740 1252 797 aﬂ'erret.
1279 740 1494 811 Quippe
1517 741 1612 808 qui
1647 753 1746 794 nec
1769 751 1924 795 Stans
1951 741 2084 811 erigi

500 829 738 906 poterat,
770 849 894 889 cum
919 843 1123 890 tectum
1147 842 1316 904 caput
1337 841 1390 888 et
1421 833 1629 888 collum
1657 839 1951 903 premeret,
1985 847 2087 886 nec

503 930 776 984 recubans
805 929 970 999 pedes
993 927 1312 994 extendere,
1351 941 1477 981 cum
1504 927 1756 995 corporis
1784 924 2088 996 longitudi-

500 1040 628 1077 nem
668 1022 1003 1076 domuncula
1039 1037 1148 1076 non
1189 1027 1458 1089 aequaret.
1509 1019 1681 1072 Aliam
1719 1029 1852 1088 ergo
1902 1027 1962 1072 ut
1991 1035 2088 1072 ex-

501 1124 779 1170 struerent
813 1115 1158 1184 permittens,
1192 1114 1360 1182 jussit
1406 1119 1471 1165 "ut
1504 1111 1561 1165 in
1593 1121 1654 1164 ea
1701 1109 1983 1178 degerent,
2024 1127 2087 1165 ac

501 1221 600 1278 per
641 1211 700 1261 Se
723 1207 824 1277 ipsi
859 1207 1097 1277 hymnos
1144 1205 1414 1266 dicerent,
1443 1209 1498 1258 et
1545 1209 1790 1265 orarent,
1823 1209 1878 1256 et
1901 1201 2085 1254 divina

501 1299 718 1367 eloquia
743 1299 1080 1353 lectitarent.
1123 1298 1257 1352 Cum
1293 1312 1422 1351 vero
1455 1298 1643 1366 plures
1673 1291 1847 1363 hujus
1873 1297 2085 1349 utilita-

501 1391 577 1443 tis
607 1389 906 1459 participes
944 1387 1062 1441 fieri
1115 1393 1418 1457 oporteret,
1473 1387 1583 1441 alio
1613 1386 1935 1441 liabitaculo
1965 1385 2086 1454 ejus

498 1481 661 1546 jussu
735 1481 931 1550 procul
989 1489 1298 1543 exstructo,
1339 1480 1507 1548 jussit
1547 1493 1642 1534 eos
1675 1480 1729 1532 in
1762 1478 1856 1533 illo
1890 1478 2087 1546 degere

499 1575 592 1644 qui
629 1574 850 1629 vellent.
893 1572 992 1628 His
1043 1572 1340 1644 praefectus
1373 1571 1478 1626 fuit
1506 1572 1801 1634 Eusebius,
1831 1571 1928 1641 qui
1967 1585 2086 1624 ma-

500 1670 590 1736 gni
622 1666 886 1722 Marciani
913 1665 1225 1722 doctrinam
1275 1666 1355 1720 eis
1391 1663 1664 1718 tradebat.
1697 1663 1930 1719 Divinus
1985 1679 2087 1717 au-

1494 353 1591 410 ΤΗ
1603 351 1950 413 EODORET
1955 355 1980 413 Ι
2008 354 2343 418 EPISCOPI
2377 359 2743 422 CYRENSIS

3669 362 3736 390 In

3669 393 3745 423 δέ·

2189 471 2494 539 φυτουργὸς
2540 471 2746 524 τούτων
2802 470 3057 524 ἁπάντων
3109 473 3138 523 ό
3208 470 3497 535 θεσπέσιος
3569 472 3765 535 ἐκεῖνος

2187 561 2361 632 ἀνήρ’
2405 564 2432 614 ό
2463 561 2572 631 γὰρ
2605 563 2665 615 τὸ
2713 562 2936 632 σπέρμα
2991 561 3054 614 τὸ
3107 561 3392 615 κάλλιστον
3454 565 3768 633 παρασχὼν,

2187 644 2343 715 οὗτος
2369 653 2460 706 καὶ
2481 653 2589 706 τῶν
2619 653 2832 722 φύντων
2858 653 3079 722 ἀγαθῶν
3108 653 3282 717 αἴτιος
3299 654 3365 706 ἂν
3387 655 3616 718 εἰκότως
3641 656 3778 725 κλη-

2189 741 2332 814 θείη.
2372 745 2444 798 Τὸ
2474 745 2574 806 μὲν
2611 741 2706 798 οὖν
2753 746 2994 816 πρῶτον,
3034 747 3110 810 ὼς
3139 746 3298 817 ἔφην,
3343 748 3500 816 μόνος
3527 748 3628 818 τὴν
3655 749 3775 801 ἐθεο

2198 835 2410 890 λούσιον
2435 833 2580 908 εἶχεν
2604 839 2832 910 εἱρκτὴν
2861 839 3101 909 ἐκείνην
3137 839 3332 892 ’ἔπειτα
3362 840 3488 903 τοὺς
3524 840 3619 893 δύο
3647 840 3776 893 τού-

2187 944 2314 991 τους
2351 928 2771 999 ύποδεξάμενος,
2809 930 2870 983 οὑ
2921 931 3205 994 συνοίκους
3257 927 3432 1001 εἶχεν·
3492 934 3613 986 οὐδὲ
3663 936 3777 1001 γάρ

2189 1022 2337 1092 αὐτῷ
2367 1023 2514 1093 μόνῳ
2542 1024 2571 1076 ό
2605 1024 2852 1088 οἰκίσκος
2885 1025 3128 1096 ἀπέχρη,
3177 1025 3409 1096 σμικρὸς
3439 1025 3514 1078 ὣν
3547 1027 3776 1096 κομιδῇ,

2187 1113 2282 1166 καὶ
2315 1112 2484 1166 πολὺν
2517 1113 2666 1185 αὐτῷ
2703 1115 2798 1167 καὶ
2847 1115 3044 1169 ἑστῶτι
3075 1117 3170 1170 καὶ
3208 1117 3591 1188 κατακειμένῳ
3635 1136 3781 1189 παρ-

2188 1203 2326 1273 έχων
2350 1203 2532 1259 πόνον.
2563 1206 2701 1261 οὔτε
2738 1207 2846 1280 γὰρ
2871 1206 3046 1271 ἑστὼς
3075 1207 3430 1278 ἀνορθοῦσθαι
3456 1201 3567 1272 οἷός
3595 1226 3657 1261 τε
3687 1203 3782 1279 ἦν,

2186 1295 2284 1364 τῆς
2313 1297 2517 1367 ὀροφῆς
2547 1297 2641 1350 καὶ
2685 1299 2786 1369 τὴν
2815 1299 3061 1370 κεφαλὴν
3100 1301 3195 1354 καὶ
3238 1301 3328 1354 τὸν
3379 1301 3584 1372 αὐχένα
3631 1317 3782 1373 καμ-

2187 1389 2460 1458 πτούσηςο
2506 1389 2630 1443 οὔτε
2665 1391 3122 1461 κατακλινόμενος
3155 1393 3418 1446 ἐκτείνειν
3447 1395 3574 1458 τοὺς
3611 1395 3786 1458 πόδας

2186 1479 2439 1549 ἠδύνατο,
2473 1481 2759 1556 ἰσόμετρον
2791 1483 2868 1553 τῷ
2907 1483 3120 1554 σώματι
3165 1484 3260 1538 τοῦ
3315 1487 3464 1538 οἴκου
3498 1485 3559 1539 τὸ
3601 1487 3784 1557 μῆκος

2187 1571 2288 1622 ούκ
2344 1569 2579 1641 ἔχοντος.
2633 1572 2864 1643 Ἕτερον
2914 1570 3008 1628 οὗν
3041 1576 3228 1639 αὐτοίς
3259 1577 3561 1648 ἐπιτρέψας
3611 1595 3786 1631 κατα-

2191 1662 2479 1722 σκευάσαι,
2537 1665 2594 1718 ὲν
2651 1666 2844 1737 ἐκείνῳ
2897 1667 3104 1736 διάγειν
3163 1669 3437 1736 ἐκέλευσε,
3500 1673 3599 1725 καὶ
3660 1672 3784 1724 καθ’

500 1771 608 1814 tem
639 1758 937 1830 Agapetus,
993 1757 1246 1814 eruditus
1300 1768 1464 1827 atque
1490 1757 1852 1820 exercitatus,
1902 1764 1961 1809 ut
1991 1770 2085 1826 par

2191 1755 2418 1818 ἑαυτοὺς
2443 1757 2499 1809 δὲ
2533 1757 2744 1826 ὑμνεῖν,
2773 1759 2872 1812 καὶ
2897 1761 3318 1830 προσεύχεσθαι,
3349 1763 3444 1817 καὶ
3468 1765 3584 1827 τοῖς
3616 1763 3788 1826 θείοις

498 1860 637 1914 erat,
672 1821 990 1922 dptimeque
1023 1850 1079 1904 in
1112 1851 1216 1905 bac
1243 1851 1499 1920 palaestra
1531 1849 1848 1912 institutus,
1880 1821 2085 1903 disces-

2192 1848 2544 1917 ἐντυγχάνειν
2570 1821 2809 1918 λογίοις.
2859 1821 3078 1924 Ἐπειδὴ
3219 1821 3327 1908 ἔδει
3375 1821 3640 1919 πλείονας
3683 1821 3790 1926 τῆς

500 1944 595 2007 sit,
625 1952 685 1997 ut
711 1944 850 2011 dixi,
887 1951 941 1998 et
967 1933 1177 1999 semina
1218 1945 1418 2012 sparsit
1446 1956 1564 2012 quae
1589 1956 1617 1994 a
1640 1941 1821 1994 divina
1858 1940 1947 1994 illa
1978 1939 2094 1993 ani-

499 2049 584 2087 ma
607 2043 894 2104 acceperat
927 2034 1214 2104 :adeoque
1240 2034 1476 2087 illustris
1507 2040 1561 2087 et
1583 2034 1770 2088 clarus
1800 2031 1996 2093 evasit,
2028 2039 2089 2084 ut

506 2125 806 2196 puntilicali
845 2126 975 2182 sede
1005 2125 1208 2196 dignus
1260 2125 1480 2180 habitus
1508 2126 1602 2191 sit,
1633 2125 1795 2196 eique
1825 2128 2090 2180 commis-

499 2235 620 2273 sum
652 2219 724 2275 sit
747 2233 951 2274 munus
977 2217 1272 2290 pastorale,
1310 2233 1374 2274 ac
1399 2231 1514 2274 sua:
1539 2219 1719 2290 ipsius
1741 2219 1933 2288 patria:
1959 2231 2091 2270 cura

498 2314 842 2368 concredita.
1465 2309 1476 2320 '

2191 1937 2457 2004 ὠφελείας
2488 1938 2690 2009 ταύτης
2715 1942 3061 2013 μεταλαχείν,
3104 1946 3292 2016 ἕτερον
3326 1947 3615 2018 πόρρωθεν
3642 1950 3794 2002 οἱκο-

2190 2028 2496 2099 δομηθῆναι
2567 2032 2912 2101 καταγώγιον
2973 2039 3408 2109 παρεγγυήσας,
3465 2041 3524 2092 ὲν
3585 2042 3792 2110 ἐκείνῳ

2191 2120 2402 2190 διάγειν
2438 2124 2562 2185 τοὺς
2599 2122 2956 2195 βουλομένους
2996 2127 3272 2183 ἐκέλευεν.
3315 2131 3696 2200 Ἥγεμόνευσε
3731 2135 3790 2187 ἴε

2192 2215 2371 2268 αὐτῶν
2427 2216 2456 2268 ό
2507 2216 2789 2282 Εὐσέϐιος,
2852 2218 2952 2290 τὴν
3005 2221 3100 2274 τοῦ
3164 2223 3403 2292 μεγάλου
3455 2225 3788 2296 Μαρκιανοῦ

2191 2307 2540 2361 διδασκαλίαν
2605 2309 3046 2381 διαπορθμεύων.
3116 2313 3174 2366 '0
3232 2315 3289 2368 δὲ
3365 2315 3509 2380 θεῖος
3575 2320 3788 2379 ἐκεῖνος

509 2405 822 2476 Ἀγαπητὸς
850 2403 1318 2479 παιδοτριϐηθεὶς,
1340 2401 1415 2467 ὡς
1445 2403 1572 2468 ἔδει,
1603 2403 1698 2456 καὶ
1727 2400 2085 2472 γυμνασθεὶς,
2127 2400 2219 2451 καὶ
2250 2400 2344 2468 τὴν
2376 2400 2673 2472 ἀθλητικὴν
2719 2403 2926 2475 ταύτην
2966 2407 3170 2478 ἄρισται
3231 2408 3580 2475 παιδευθεὶς,
3656 2415 3788 2466 ἐπα-

497 2508 683 2578 νῆκεν,
711 2505 786 2569 ὡς
814 2505 970 2575 ἔφην,
995 2505 1089 2558 καὶ
1119 2502 1156 2558 ἃ.
1188 2503 1340 2575 παρὰ
1365 2505 1466 2575 τῆς
1491 2503 1643 2568 θείας
1674 2503 1891 2572 ἐκείνης
1941 2497 2123 2569 ψυχῆς
2169 2494 2411 2560 ἐδέξατο,
2477 2499 2808 2571 κατέσπειρε
2844 2502 3134 2574 σπέρματα
3154 2521 3167 2535 '
3214 2506 3358 2562 οὕτω
3382 2508 3442 2563 δὲ
3471 2510 3786 2578 περιφανὴς

498 2600 718 2667 ἐγένετο
770 2593 1294 2671 καὶπερίϐλεπτος,
1348 2597 1422 2658 ὡς
1453 2597 1674 2667 καὶτῆς
1707 2589 2100 2666 ἀρχιερατικῆς
2141 2589 2436 2658 προεδρίας
2478 2591 2809 2662 ἀξιωθῆναι,
2850 2597 2945 2650 καὶ
2982 2601 3311 2673 ποιμενικὴν
3359 2603 3784 2676 ἐγχειρισθῆναι

497 2690 844 2761 κηδεμονίαν,
880 2691 974 2742 καὶ
990 2689 1089 2760 τῆς
1111 2687 1321 2750 οἰκείας
1350 2689 1611 2760 πατρίδος
1643 2684 2073 2758 ὲμπιστευθῆναι
2113 2679 2210 2750 τὴν
2239 2681 2580 2751 ἐπιμέλειαν.

568 2782 927 2837 Admirabilis
980 2795 1146 2851 porro
1175 2775 1474 2843 Eusebius,
1541 2787 1874 2847 congregato
1932 2769 2080 2843 gregi

498 2879 805 2951 praesidens
849 2874 1100 2945 magistri
1131 2873 1298 2930 etiam
1358 2888 1544 2928 curam
1573 2873 1818 2950 gerebat,
1848 2878 1902 2925 et
1929 2869 2081 2922 solus

498 2987 600 3028 suo
653 2970 804 3023 illum
863 2975 1110 3037 tempore
1155 2964 1415 3028 adeundi,
1463 2973 1517 3018 et
1552 2979 1681 3018 num
1731 2962 1861 3033 quid
1917 2960 2082 3014 vellet

497 3059 731 3132 rogandi
789 3064 1124 3128 potestatem
1187 3054 1446 3108 habebat.
1478 3051 1656 3106 Noctu
1708 3063 1838 3119 ergo
1889 3047 2080 3102 videre

499 3157 731 3226 cupiens
762 3150 897 3223 quid
947 3156 1152 3220 ageret,
1205 3163 1302 3218 per
1355 3146 1672 3212 fenestram,
1712 3160 1833 3214 quae
1896 3143 2083 3197 admo-

499 3249 630 3303 dum
689 3258 856 3316 parva
917 3247 1058 3307 erat,
1118 3254 1289 3296 ausus
1335 3238 1628 3308 inspicere,
1677 3234 1842 3314 vider
1873 3235 2079 3298 lumen,

501 3357 611 3396 :on
682 3339 953 3398 lucernae,
1039 3349 1218 3403 neque
1291 3329 1700 3390 manufaetnm.
1765 3325 1859 3382 sed
1940 3304 2150 3380 divi-C

501 3448 654 3497 num,
681 3439 738 3485 et
761 3445 791 3483 ιι
818 3442 1056 3498 superna
1087 3425 1258 3496 gratia
1289 3424 1619 3495 profectum,
1644 3436 1810 3490 supra
1835 3417 2081 3488 magistri

500 3523 700 3594 caput'
725 3521 1016 3591 refulgere,
1044 3527 1098 3573 et
1137 3517 1192 3571 in
1228 3517 1438 3570 divinis
1483 3514 1721 3582 Scriptis
1773 3512 2082 3566 litterarum

503 3621 843 3668 structuram
875 3610 1188 3666 ostendere.
1217 3607 1443 3662 Librum
1477 3606 1621 3659 enim
1661 3619 1771 3674 prae
1821 3601 2085 3656 manibus

502 3705 761 3768 habebat,
789 3701 1005 3774 1140
1033 3708 1087 3754 et
1113 3698 1314 3753 divinae
1341 3697 1645 3776 voluntatis
1705 3694 2082 3748 inviolabilem

506 3800 828 3851 thesaurum
867 3793 1172 3863 q-uazrebat.
1214 3789 1602 3844 Haecintuitus
1629 3803 1752 3841 cum
1783 3793 1929 3841 esset
1974 3787 2086 3840 Eu-

503 3889 710 3952 sebius,
747 3900 947 3956 magno
975 3885 1172 3940 timore
1209 3899 1272 3938 ac
1326 3891 1551 3951 stupore
1579 3893 1892 3952 percussus,
1923 3888 1976 3934 ct
2003 3880 2086 3934 in-

505 3981 684 4037 ﬁisam
722 3978 925 4033 famulo
957 3975 1050 4031 Dei
1081 3976 1342 4047 gratiam,
1364 3983 1418 4029 et
1438 3989 1545 4044 qua
1575 3973 1720 4028 Dens
1743 3988 1932 4027 servos
1955 3988 2087 4028 suos

504 4069 883 4126 benevolentia
908 4077 1278 4142 prosequatur
1302 4065 1551 4122 edidicit.
1608 4065 1756 4119 Alias
1787 4079 2001 4129 rursus,
2031 4064 2084 4118 in

503 4161 774 4217 vestibulo
803 4159 1003 4214 domus
1051 4158 1295 4212 orationi
1326 4165 1546 4228 Operam
1593 4157 1758 4212 dante
1783 4155 2085 4219 Marciano,

504 4253 674 4306 draco
697 4249 947 4320 quidam,
976 4250 1070 4318 qui
1106 4248 1250 4301 muri
1295 4253 1506 4318 partem
1542 4247 1744 4301 orienti
1796 4247 2085 4300 obversam

504 4343 774 4414 reptando
828 4340 1177 4402 ascenderat,
1236 4339 1365 4393 inde
1430 4339 1499 4393 ab
1537 4339 1646 4393 alto
1705 4346 2086 4409 prospectans,

505 4433 681 4488 hianti
704 4448 799 4487 ore
857 4443 1128 4502 torvoque
1181 4441 1411 4501 aspectu
1465 4430 1702 4486 insidias
1753 4431 2085 4484 minabatur.

506 4524 704 4578 Procul
766 4534 945 4578 autem
1017 4531 1170 4578 stans
1231 4522 1521 4586 Eusebius,
1551 4529 1608 4576 et
1663 4522 1942 4576 horrendo
1994 4521 2088 4577 illo

505 4617 830 4686 spectaculo
886 4615 1236 4679 terrel'actus,
1270 4615 1595 4684 magistrum
1626 4615 1678 4669 id
1707 4616 1963 4686 ignorare
1989 4632 2082 4670 ar-

505 4711 760 4772 bitratus,
793 4707 902 4762 alta
955 4723 1088 4762 voce
1111 4707 1359 4761 clamans
1383 4705 1458 4760 illi
1497 4706 1840 4772 ostendebat,
1867 4723 2087 4778 rogans

505 4811 566 4857 ut
614 4799 846 4871 lugeret.
898 4798 1070 4864 Quem
1109 4801 1404 4869 increpans
1457 4798 1573 4864 ille,
1625 4809 1940 4870 metumque
1967 4807 2090 4854 tan-

505 4909 670 4965 quam
705 4891 1078 4963 perniciosum
1127 4890 1384 4946 ali‘ectum
1440 4892 1714 4962 expellere
1749 4892 1976 4962 jubens,
2005 4893 2088 4949 di-

507 4992 618 5061 gito
653 4987 839 5042 crucis
873 4986 1098 5056 liguram
1125 4985 1418 5055 expressit,
1446 4995 1502 5041 et
1533 5000 1630 5041 ore
1681 4986 1962 5042 i'nSulllans
1995 5003 2090 5043 ve-

507 5090 652 5135 teres
683 5077 1003 5133 inimicitias
1026 5075 1308 5147 patefecit.
1340 5077 1463 5132 Mox
1492 5077 1638 5134 enim
1667 5078 1856 5141 draco,
1891 5079 2088 5148 spiritu

506 5173 619 5226 oris
674 5165 841 5226 velini
879 5165 1096 5223 ﬂamma
1122 5167 1356 5238 quadam
1404 5176 1701 5238 correptus
1721 5177 1782 5223 et.
1805 5169 2087 5235 incensus,

506 5273 712 5320 exusta:
746 5264 920 5319 instar
947 5261 1234 5317 arundinis
1269 5261 1323 5316 in
1361 5261 1563 5316 multas
1597 5269 1780 5330 partes
1815 5259 2088 5330 dissectus

507 5367 609 5412 cst.
671 5353 812 5411 Vide
871 5371 1025 5428 ergo,
1055 5371 1123 5409 an
1185 5369 1293 5409 non
1327 5354 1612 5410 dominum
1683 5361 1748 5407 ut=
1789 5353 2089 5409 benevolus

507 5461 705 5502 Servus
761 5447 1010 5502 imitatus
1065 5448 1160 5506 Sit.
1199 5445 1467 5501 Dominus
1500 5446 1672 5512 enim,
1717 5459 1842 5499 cum
1879 5443 2089 5501 fureret

507 5537 804 5607 aliquando
835 5551 986 5592 mare
1023 5536 1079 5590 in
1129 5535 1442 5590 naviculam
1501 5535 1929 5607 discipulorum,
1961 5548 2086 5588 eos-

509 5643 610 5695 (με
643 5628 956 5682 laborantes
980 5627 1217 5689 videret,
1250 5641 1359 5680 non
1386 5627 1540 5695 prius
1564 5637 1746 5682 tamen
1780 5625 1952 5681 maris
1980 5639 2084 5680 tes-

511 5728 626 5770 tum
679 5715 913 5780 sedavit,
972 5731 1136 5783 quam
1202 5717 1644 5771 incredulitatem
1685 5718 2083 5788 discipulorum

515 5803 851 5864 increpando
880 5815 1276 5874 compesceret.
1300 5806 1436 5861 llinc
1473 5810 1701 5864 edoctus
1735 5810 1817 5866 vir
1847 5810 2085 5865 admira-

2117 4664 2160 4719 D

2266 2770 2523 2836 Εὐσέϐιος
2575 2775 2632 2828 δὲ
2682 2779 2711 2828 ό
2771 2779 3096 2850 θαυμάσιε,
3140 2782 3236 2851 τῆς
3297 2786 3794 2863 συναθροισθείσης

2189 2867 2575 2934 προστατεύων
2611 2869 2834 2940 ἀγέλης,
2868 2873 2958 2926 καὶ
3004 2874 3100 2926 τοῦ
3148 2875 3470 2931 διδασκάλου
3521 2881 3625 2952 τὴν
3657 2885 3790 2936 ὲπι-

2193 2958 2414 3028 μέλειαν
2442 2961 2770 3026 ἀνεδέδεκτο,
2799 2965 2892 3016 καὶ
2926 2966 3086 3034 μόνος
3107 2969 3186 3030 εἰς
3214 2970 3409 3040 καιρὸν
3456 2973 3610 3043 αὐτῷ
3663 2993 3792 3046 φοι-

2190 3053 2304 3123 τᾷν.
2333 3055 2425 3106 καὶ
2483 3055 2849 3110 πυνθάνεσθαι
2883 3061 2954 3128 μή
2987 3077 3039 3111 τι
3075 3059 3316 3128 βούλοιτο
3348 3064 3585 3132 ἠξιοῦτο.
3628 3069 3794 3121 Ἐθε-

2191 3144 2360 3210 λὴσας
2388 3146 2446 3199 δέ
2473 3159 2602 3199 ποτε
2645 3147 2860 3220 νύκτωρ
2891 3151 3020 3204 ἰδεῖν
3063 3151 3090 3204 ὅ
3120 3170 3174 3204 τι
3225 3156 3470 3224 πράττει,
3505 3159 3794 3231 ἐτόλμησε

2189 3239 2256 3308 τῇ
2309 3239 2651 3310 φωταγωγῷ,
2687 3240 2919 3312 βραχεῖα
2960 3243 3017 3296 δὲ
3075 3240 3144 3316 ἦν
3199 3245 3354 3315 αὕτη.
3381 3248 3659 3302 πελάσαι·
3699 3254 3802 3305 καὶ

2186 3328 2515 3399 παρακύψας
2539 3333 2644 3404 6ρᾴ
2672 3333 2788 3400 φῶς
2818 3335 2878 3388 ού
2899 3335 3191 3406 λυχνιαῖον,
3227 3337 3342 3391 οὐδὲ
3371 3340 3806 3410 χειροποίητον..

2187 3420 2324 3475 ἀλλὰ
2352 3422 2648 3486 θεόσδοτον,
2677 3425 2890 3496 καὶτῆς
2923 3427 3130 3481 ἄνωθεν
3169 3431 3408 3500 χάριτος,
3442 3432 3545 3500 τῆς
3581 3431 3694 3484 τοῦ
3717 3433 3800 3484 διο

2187 3512 2470 3598 Maxilua.
2488 3514 2734 3584 κορυφῆς
2788 3516 3199 3588 ἀπαστράπτον,
3230 3519 3321 3570 καὶ
3351 3518 3456 3571 τῶν
3486 3519 3662 3573 θείων
3702 3522 3803 3573 λο-

2187 3603 2323 3671 γίων
2383 3604 2732 3660 ὑποδεικνύσν
2787 3606 2885 3678 τὴν
2908 3608 3020 3661 ’τῶν⁴
3082 3610 3432 3681 γραμμάτων
3505 3611 3802 3665 σύνθεσιν-

2189 3693 2298 3745 Καὶ
2345 3693 2457 3763 γὰρ
2487 3694 2690 3764 βιϐλίον
2715 3697 2962 3767 κατέχων
2994 3698 3278 3769 ἐτύγχανε,
3310 3702 3405 3754 καὶ
3440 3702 3536 3755 τὸν
3581 3703 3810 3757 ἄσυλον

2188 3785 2464 3858 θησαυρὸν
2494 3787 2750 3857 ἐπεζήτει
2779 3787 2873 3842 τοῦ
2913 3789 3057 3842 θείου
3087 3791 3414 3862 θελήματος.
3453 3793 3636 3847 Τοῦτο
3663 3797 3814 3850 θεα-

2191 3881 2426 3952 σάμενος
2477 3879 2737 3944 Εὐσέϐιος
2772 3883 2800 3934 ὀ
2856 3881 3175 3951 θαυμάσιος,
3227 3883 3382 3948 δέους
3434 3901 3497 3937 τε
3557 3887 3812 3954 ἐνεπιμ-

2189 3973 2380 4037 πλατο,
2438 3973 2534 4027 καὶ
2563 3974 2764 4046 φρίκης
2799 3975 2996 4044 μεστὸς
3021 3975 3246 4041 ἐγίνετο,
3283 3976 3378 4028 καὶ
3413 3976 3514 4046 τὴν
3543 3994 3816 4032 κατακε-

2188 4065 2432 4136 χυμένην
2456 4064 2548 4119 τοῦ
2583 4065 2726 4118 θείου
2751 4066 3084 4136 θεράποντος
3122 4066 3434 4120 ἐδιδάσκετο
3463 4069 3662 4139 χάριν,
3707 4078 3820 4126 ιι·ιί

2189 4154 2282 4207 τοῦ
2317 4154 2452 4208 Θεοῦ
2478 4155 2576 4226 τὴν
2613 4156 2740 4226 περὶ
2766 4158 2891 4219 τοὺς
2925 4155 3148 4217 δούλους
3185 4157 3493 4224 ἐμάνθανεν
3541 4160 3820 4216 εὔνοιαν.

2193 4248 2413 4301 Ἀλλοτε
2444 4248 2522 4315 δὲ,
2554 4249 2610 4300 ὲν
2641 4248 2718 4319 τῷ
2757 4247 3036 4319 προαυλίῳ
3075 4247 3172 4300 τοῦ
3208 4249 3443 4320 μεγάλου
3476 4269 3836 4326 προσευχο-

2192 4339 2359 4411 μένου
2408 4342 2749 4412 Μαρκιανοῠ.
2804 4342 3027 4411 δράκων
3057 4359 3139 4406 τις
3191 4343 3510 4411 ἀνερπύσας
3564 4349 3660 4410 εἰς
3731 4352 3837 4402 τὶν

2191 4433 2327 4504 πρὸς
2351 4426 2832 4505 ἒωτετραμμένον
2865 4437 3067 4504 τοῖχον,
3100 4435 3307 4488 ἄνωθεν
3337 4435 3430 4488 τοῦ
3477 4438 3698 4507 τοίχου
3743 4443 3850 4495 δι-

2188 4523 2356 4594 έκυψε
2404 4523 2650 4595 κεχηνώς
2698 4541 2756 4577 τε
2807 4525 2924 4594 ἅμα
2977 4525 3070 4578 καλ⁸
3109 4525 3366 4597 βλοσυρὸν
3412 4526 3686 4597 βλέπων⁹
3729 4539 3854 4587 καὶ

2189 4618 2290 4690 τὴν
2321 4616 2611 4688 ἐπιϐουλὴν
2656 4616 2957 4686 σημαίνων.
3004 4618 3201 4689 Πόρρω
3240 4620 3298 4672 δὲ
3330 4618 3507 4684 ἑστὼς
3533 4624 3572 4676 ὸ
3623 4625 3862 4682 εὗσέ-

2189 4712 2327 4774 ϐιος,
2363 4710 2458 4762 καὶ
2486 4707 2546 4761 τὸ
2568 4708 2839 4778 φρικῶδες
2870 4710 3046 4762 ἐκεῖνο
3077 4707 3260 4780 θέαμα
3305 4709 3510 4775 δείσας,
3574 4719 3706 4770 καὶ
3745 4722 3868 4773 τεν,

2190 4801 2508 4858 διδάσκαλον
2571 4801 2787 4866 ἀγνοεῖν
2846 4801 3217 4867 ὐποτοπάσαες,
3274 4803 3574 4856 ὑπεδείκνυε
3641 4809 3870 4878 βοᾶν,

2190 4897 2285 4950 καὶ
2341 4895 2534 4964 φυγεῖν
2588 4891 2906 4947 ἀντιϐολῶν.
2947 4893 3006 4945 '0
3037 4893 3093 4946 δὲ
3127 4889 3475 4964 ἐπιτιμήσας,
3534 4901 3670 4954 καὶ
3751 4907 3876 4972 τὴν

2190 4986 2394 5039 δειλίαν
2418 4983 2668 5037 ἐκϐαλεῖν
2696 4983 2981 5048 κελεύσας,
3013 4984 3184 5048 πάθος
3216 4988 3322 5056 γὰρ
3354 4980 3494 5038 εἶναι
3533 4993 3674 5046 καὶ
3717 4997 3888 5050 ταί..

2190 5095 2289 5148 την
2324 5076 2585 5148 ὀλέθριον,
2614 5075 2675 5129 τὸ
2721 5076 2820 5146 μὲν
2847 5079 3073 5148 σημεῖον
3121 5077 3370 5147 δακτύλῳ
3417 5077 3516 5131 τοῦ
3555 5090 3878 5158 σταυμδ

2192 5167 2570 5240 προετύπωσε,
2604 5167 2904 5239 ἐνεφύσησε
2947 5168 3004 5222 δὲ
3030 5168 3110 5240 τῷ
3143 5169 3396 5239 στόματι,
3423 5169 3523 5222 καὶ
3554 5174 3712 5246 τὴν
3757 5199 3884 5234 ππ-

2190 5259 2348 5314 λαιὰν
2377 5259 2758 5332 παρεδήλωσεν
2781 5259 3000 5331 ἔχθραν.
3038 5260 3096 5314 ’0
3120 5259 3200 5327 δὲ,
3238 5260 3488 5332 καθάπερ
3531 5271 3740 5342 πυρί
3767 5293 3884 5327 τεν,

2190 5351 2268 5425 τῷ
2300 5351 2396 5406 τοῦ
2427 5353 2693 5424 πόματος
2729 5352 3000 5424 πνεύματι
3034 5353 3317 5424 ἀναφθεὶς,
3353 5352 3452 5407 καὶ
3477 5355 3734 5418 οἱονεὶ
3777 5369 3888 5422 tu-

2191 5443 2477 5520 πρησθεὶς,
2506 5445 2760 5516 καλάμης
2790 5443 2946 5517 δίκην
2977 5444 3451 5516 καταφλεχθείσης
3503 5450 3616 5514 εις
3667 5425 3892 5513 ς

2189 5534 2445 5606 διελύθη..
2470 5537 2616 5607 Ὅρα
2639 5553 2729 5608 μοι.
2759 5537 2941 5591 τοίνυν
2967 5538 3018 5590 εί
3057 5537 3130 5609 μὴ
3153 5538 3246 5591 τὸν
3274 5537 3568 5608 Δεσπότην
3609 5546 3746 5616 huc
3801 5555 3892 5609 εξ.
3926 5535 3927 5540 “

2190 5644 2315 5690 νους
2343 5627 2561 5696 οἰκέτης
2597 5627 2924 5699 μεμίμηται.
2960 5626 3067 5681 Καὶ
3097 5628 3206 5699 γὰρ
3250 5629 3278 5680 ό
3325 5627 3708 5704 Δεσπότης,
3799 5651 3896 5702 τί

2193 5717 2469 5789 θαλάσσης
2511 5719 2874 5790 ἐπιμανείσης
2917 5721 3042 5773 ποτὲ
3073 5718 3152 5790 τῷ
3197 5718 3397 5790 σκάφει
3432 5720 3514 5790 τῷ
3545 5727 3742 5786 τῶν
3799 5756 3886 5808 μ,

2194 5810 2392 5881 θητῶν,
2418 5811 2765 5880 ἀγωνιῶντας
2793 5812 3017 5875 τούτους
3052 5811 3405 5883 θεασάμενος,
3432 5813 3496 5865 ού
3525 5826 3806 5888 7:947:
3831 5859 3834 5862 .
3861 5851 3910 5884 ε,
