3974 6212
251 193 387 263 13ιι9

1478 195 1886 257 RELIGIOSA
1923 195 2306 256 HISTORIA.

3379 193 3398 254 1
3411 196 3515 256 3Ίο

245 315 344 385 τῆς
388 309 664 379 θαλάσσης
699 310 795 380 τὴν
824 309 995 380 ζάλην
1028 309 1305 379 ἐστόρεσε,
1343 309 1468 379 πρὶν
1509 309 1541 379 ἢ
1589 307 1700 374 τῶν
1734 324 1838 378 μα-

1970 308 2096 370 rilis,
2125 306 2364 376 primum
2389 319 2418 357 a
2445 303 2720 374 discipulo
2743 306 2998 360 timorem
3029 302 3302 368 excussit,
3323 305 3525 360 deinde

243 401 425 466 θητῶν
460 403 776 472 ἐπιτιμήσει
802 401 1140 456 καταπαύσοι
1167 399 1265 472 τὴν
1295 401 1575 454 ἀπιστίαν.
1613 399 1829 453 Ἐντεῦ-

1935 398 2176 454 belluam
2209 395 2486 465 supplicio
2513 395 2689 452 dedit.

249 494 341 547 θεν
370 498 398 548 ὁ
425 477 728 565 θαυμάσιος
749 485 906 558 οὗτος
933 492 1110 546 ταῦτα
1137 491 1590 562 πεπαιδευμένος,
1623 490 1838 561 πρῶτον
1877 488 1972 544 τοῦ
2003 479 2249 558 μαθητοῦ
2280 487 2377 558 τὴν
2408 486 2611 541 δειλίαν
2652 487 2926 554 ἐξέλαϐεν,
2961 484 3062 543 εἶθ’
3087 487 3260 553 οὕτως
3312 487 3373 542 τὸ
3421 487 3526 558 ,θη-

255 591 368 660 ρίον
392 589 630 659 τιμωρίᾳ
654 586 959 658 παρέδωκε.

322 677 560 748 Τοιαύτη
605 677 700 730 τοῦ
732 678 968 750 μεγάλου
998 675 1322 748 Μαρκιανοῦ
1351 677 1446 729 καὶ
1473 677 1506 747 ἡ
1533 675 1714 745 σοφία.
1746 675 1839 728 καὶ

255 772 288 841 ἡ
339 769 770 840 θαυματουργία,
806 771 900 824 καὶ
931 771 965 841 ἡ
995 769 1131 840 πρὸς
1167 768 1299 824 Θεὸν
1352 768 1654 840 παρρησία.
1698 767 1838 820 Ἀλλ’

251 864 404 932 ⁴ὅμως
453 863 546 915 καὶ
573 862 830 931 τοιαύτης
863 862 1088 934 χάριτος
1120 861 1442 932 ἠξιωμένος,
1472 861 1568 914 καὶ
1623 860 1838 930 θαυμα-

256 957 505 1024 τουργεῖν
528 955 739 1024 μεγάλα
766 955 1080 1025 δυνάμενος,
1118 954 1380 1026 κρύπτειν
1413 952 1714 1017 ἐσπούδαζε
1739 951 1839 1022 τὴν

262 1051 434 1119 ἰσχὺν,
469 1047 562 1102 τοῦ
602 1048 909 1105 λωποδύτω
933 1049 1030 1118 τῆς
1059 1049 1261 1120 ἀρετῆς
1291 1047 1389 1112 τὰς
1440 1047 1690 1118 μηχανὰς
1733 1047 1835 1115 ὑφ’

259 1140 557 1210 ορώμενος.
584 1139 658 1194 Τὸ
683 1141 789 1210 γάρ
812 1141 908 1209 τῆς
929 1140 1245 1204 ἀλαζονείας
1267 1139 1618 1210 ὑποσπείρων
1644 1137 1838 1201 πάθος,

257 1234 386 1295 τοὺς
419 1232 564 1302 πόνῳ
593 1231 946 1300 συλλεγέντας
973 1231 1218 1300 καρποὺς
1239 1229 1521 1302 λῃστεύειν
1552 1229 1838 1298 ἐπιχειρεῖ.

259 1324 373 1378 Καὶ
401 1323 664 1394 κρύπτειν
693 1323 752 1376 δὲ
797 1323 894 1395 τὴν
939 1323 1232 1394 δεδομένην
1266 1319 1714 1393 προθυμούμενος
1741 1319 1844 1389 χά-

259 1433 370 1486 ριν,
407 1414 556 1469 ἄκων
607 1414 1060 1486 ἐθαυματούργει,
1113 1415 1211 1484 τῆς
1243 1415 1353 1468 τῶν
1402 1411 1846 1484 κατορθωμάτων

261 1508 458 1578 αἴγλης
510 1507 1030 1580 ἀπαστράπτούσης,
1064 1510 1158 1563 καὶ
1182 1508 1280 1580 τὴν
1311 1506 1701 1580 κεκρυμμένην
1752 1503 1848 1558 δύ-

2013 664 2165 719 Talis
2199 663 2382 734 magni
2425 662 2689 718 Marciani
2722 666 2992 736 sapientia
3025 667 3161 732 fuit,
3197 677 3251 723 et
3285 671 3522 726 miracu-

1940 755 2123 810 lorum
2162 763 2444 826 potestas.
2493 763 2549 812 et
2585 756 2788 812 ﬁducia
2843 758 2902 814 in
2939 759 3130 815 Deum.
3163 760 3270 816 Sed
3303 772 3524 825 tamen.

1942 854 2094 902 tanta
2130 847 2306 917 gratia
2333 847 2602 912 praeditus
2628 864 2754 903 cum
2793 861 2985 918 esset,
3025 863 3078 908 et
3113 868 3310 925 magna
3340 865 3530 925 posset

1942 942 2124 998 facere
2156 940 2424 998 miracula
2445 983 2460 1008 ,
2495 942 2756 1008 studebat
2791 945 2935 1000 banc
2967 947 3152 1002 celare
3180 957 3527 1018 potestatem,

1944 1032 2152 1104 1141
2190 1033 2464 1102 praedonis
2502 1035 2770 1091 virtutum
2817 1038 3047 1093 technas
3091 1039 3303 1096 habens
3335 1057 3533 1112 suspe-

1946 1134 2101 1188 ctas,
2145 1127 2238 1196 qui
2279 1128 2614 1198 arrogantiae
2657 1129 2856 1185 vitium
2889 1132 3317 1198 subseminans,
3349 1135 3552 1197 labore.

1948 1219 2211 1274 collectos
2254 1219 2473 1275 fructus
2524 1222 2741 1292 eripere
2792 1235 3046 1278 conatur.
3106 1223 3290 1291 Quare
3348 1227 3556 1280 datam.

1951 1311 2058 1366 sibi
2107 1313 2344 1381 gratiam
2392 1314 2576 1370 celare
2609 1316 2877 1382 studens,
2925 1317 3135 1373 invitus
3169 1319 3418 1374 veniebat
3469 1321 3535 1374 ad

1953 1401 2209 1460 facienda
2251 1405 2524 1486 miracula
2551 1446 2567 1472 ,
2605 1422 2734 1462 cum
2781 1409 3108 1463 eximiorum
3139 1409 3262 1480 ejus
3308 1425 3536 1480 operum

1945 1495 2112 1566 jubar
2143 1497 2554 1568 resplenderet,
2607 1509 2662 1558 et
2705 1517 2870 1572 quam
2909 1504 3226 1560 occultabat
3275 1507 3536 1562 virtutem

263 1618 430 1672 ναμιν
473 1601 970 1674 παραγυμνούιιιής⁸
1011 1602 1106 1656 καὶ
1155 1602 1356 1674 δήποτε
1409 1600 1611 1654 τοιόνδε
1648 1598 1847 1667 συνέϐη

1970 1588 2362 1645 nanil‘estaret.
2400 1590 2651 1657 Quodam
2693 1595 2867 1666 igitur
2901 1604 3150 1667 tempore
3194 1613 3284 1654 res
3337 1600 3539 1654 accidit

263 1671 567 1764 fascini.—
603 1695 768 1768 Ἀνήρ
819 1671 905 1758 τις
949 1694 1061 1749 τῶν
1092 1671 1476 1766 εὐπατριδῶν,
1530 1693 1627 1746 καὶ
1677 1689 1853 1762 ἀρχάς

1970 1679 2300 1749 .tujnsmodi.
2363 1681 2461 1736 Vir
2508 1685 2778 1768 quidam,
2830 1689 3003 1744 nobili
3060 1690 3184 1745 loco
3229 1699 3425 1754 natus,
3487 1701 3540 1746 et

269 1786 670 1857 στρατιωτικὰς
723 1785 980 1849 πολλάκις
1028 1784 1417 1857 ἐγχειρισθεὶς,
1469 1783 1576 1836 ἀπὸ
1629 1781 1855 1852 Βεροίας

267 1878 368 1948 τῆς
420 1878 620 1949 Συρίας
668 1875 1012 1950 ὁρμώμενος,
1055 1878 1154 1947 τῆς
1211 1876 1480 1948 θυγατρὸς
1527 1874 1621 1928 ἐπὶ
1677 1874 1855 1946 χρόνῳ

271 1970 452 2040 πολλῷ
494 1969 956 2042 κορυϐαπιὼσης,
1010 1972 1107 2024 καὶ
1163 1969 1270 2024 ὑπὸ
1320 1968 1557 2040 πονηροῦ
1601 1967 1856 2037 δαίμονος

271 2061 684 2132 ὲνοχλουμένης,
717 2065 810 2116 καὶ
831 2061 1132 2132 λυττιῢσης,
1169 2061 1581 2132 καταλαμϐάνει
1605 2061 1704 2131 τὴν
1730 2059 1857 2132 ἐρη-

275 2169 396 2223 μον,
429 2153 668 2224 συνήθης
713 2154 810 2224 μὲν
855 2153 932 2206 ὢν
955 2154 1051 2208 τοῦ
1091 2155 1329 2224 μεγάλου
1358 2152 1703 2224 Βίαρκιανοῦ,
1729 2170 1857 2206 συνο

271 2244 559 2308 τεύξεσθαι
591 2244 650 2298 δὲ
674 2245 824 2316 αύτῷ
849 2246 946 2298 καὶ
977 2245 1328 2317 ἀντιϐολῆσαι
1347 2245 1435 2298 διὰ
1456 2247 1554 2316 τὴν
1582 2244 1857 2316 προτέραν

277 2336 567 2407 συνήθειαν
599 2337 933 2408 προσδοκῶν.
973 2338 1245 2402 Ψευσθεὶς
1272 2338 1327 2391 δὲ
1356 2337 1457 2408 τῆς
1502 2337 1733 2409 ἐλπίδος,
1763 2338 1859 2390 καὶ

273 2429 375 2498 τῆς
407 2427 534 2490 θέας
563 2427 876 2498 διαμαρτὼν
905 2427 998 2482 τοῦ
1045 2428 1192 2482 θείου
1225 2427 1577 2500 θεράποντος,
1625 2429 1859 2480 ἱκετεύει

273 2519 395 2573 τινὰ
422 2519 753 2590 πρεσϐύτην,
803 2519 863 2582 ὃς
893 2519 1014 2574 κατ’
1037 2522 1215 2574 ἐκεῖνο
1243 2519 1438 2590 καιροῦ
1467 2521 1564 2590 τὴν
1592 2519 1684 2572 τοῦ
1713 2519 1858 2573 θείου

274 2609 468 2678 ἀνδρὸς
543 2610 818 2664 διακονίαν
887 2611 1281 2682 ἐγκεχείριστο,
1351 2611 1544 2681 μικρὸν
1605 2611 1860 2681 ληκύθιον

277 2700 460 2754 ἐλαίου
489 2703 694 2772 πλῆρες
737 2703 1099 2770 ὑποδέξασθαί
1128 2721 1185 2757 τε
1216 2705 1308 2758 καὶ
1337 2707 1466 2776 παρ’
1488 2705 1659 2776 αὐτὴν
1691 2705 1861 2758 θεῖναι

278 2792 374 2846 τοῦ
414 2793 636 2846 οίκιδίου
680 2795 778 2867 τὴν
811 2794 1004 2866 θύραν.
1047 2797 1103 2850 ’0
1132 2797 1187 2850 δὲ
1223 2796 1554 2869 πρεσϐύτης.
1603 2797 1862 2860 πολλάκις

286 2881 386 2953 μὲν
437 2885 536 2954 τὴν
584 2886 900 2956 ἐγχείρησιν
950 2887 1231 2957 ἀρνηθεὶς,
1284 2889 1547 2952 πολλάκις
1596 2890 1652 2944 δὲ
1701 2891 1862 2944 πάλιν

282 2974 688 3046 παρακληθεὶς,
728 2977 909 3047 ἥττων
946 2979 1047 3049 τῆς
1097 2980 1306 3044 ἱκεσίας
1352 2981 1588 3049 ἐγένετο.
1646 2981 1754 3035 Τοῦ
1806 2983 1860 3036 δὲ

285 3065 494 3120 κτύπου
518 3068 841 3139 αίσθόμενος
869 3071 897 3122 ὁ
926 3071 1102 3140 μέγας
1143 3072 1482 3142 Μαρκιανὸς,
1533 3071 1864 3126 ἐπυνθάνετο
1897 3065 1904 3084 ’

283 3157 369 3220 τίς
397 3174 454 3210 τε
479 3159 583 3228 εἴη,
613 3159 703 3212 ταὶ
724 3159 776 3212 τί
805 3159 1056 3232 δεόμενος
1081 3159 1224 3232 ἥκοι.
1263 3161 1320 3216 '0
1350 3162 1406 3215 δὲ
1439 3162 1537 3234 τὴν
1565 3163 1664 3234 μὲν
1690 3163 1864 3232 άληθῆ

288 3249 559 3320 πρόφασιν
589 3249 877 3324 ἔκρυπτεν,
910 3254 1218 3324 ἐσκήπτετο
1252 3254 1308 3308 δὲ
1335 3254 1582 3325 ἀφῖχθαι,
1614 3255 1687 3320 ὡς
1760 3273 1865 3325 μα-

287 3341 587 3412 θησόμενος
607 3345 678 3414 μή
699 3361 752 3397 τι
769 3344 998 3400 κελεύοι*
1023 3347 1118 3403 καὶ
1130 3347 1287 3401 τοῦτο
1297 3347 1469 3416 λέγων
1487 3348 1864 3418 ἀπεπέμπετο.

300 3434 437 3485 Ὑπὸ
483 3433 538 3486 δὲ
583 3433 680 3505 τὴν
729 3435 804 3488 ἔω
835 3436 996 3490 πάλιν
1024 3440 1124 3508 τῆς
1169 3439 1338 3510 κόρης
1363 3440 1391 3492 ὁ
1418 3439 1600 3510 πατὴρ
1627 3440 1870 3494 ἱκέτευεν

287 3522 618 3593 ἀποδοθῆναι
641 3524 786 3596 αὐτῷ
806 3527 868 3581 τὸ
899 3505 1174 3599 ληκύθιον,
1202 3505 1316 3583 dies
1343 3505 1532 3592 δεδιὼέ
1553 3505 1674 3601 μὲν,
1703 3531 1870 3602 ἀπῄει

289 3615 333 3668 δ’
354 3616 504 3686 ὅμως
540 3619 714 3688 ἡσυχῇ
767 3612 801 3694 ᾗ
846 3618 1098 3694 ἠδύνατο,
1125 3621 1218 3675 καὶ
1245 3621 1344 3693 τὴν
1373 3625 1530 3694 χεῖρα
1557 3623 1869 3693 προτείνας,

291 3710 387 3762 καὶ
436 3709 496 3761 τὸ
530 3709 788 3781 ληκύθιον
839 3709 1037 3777 λαϐὼν,
1097 3713 1360 3784 ἐπειρᾶτο
1407 3714 1689 3770 λανθάνειν
1713 3732 1726 3745 °
1759 3717 1788 3770 ὁ
1815 3716 1872 3769 δὲ

291 3799 454 3856 πάλιν
482 3800 713 3855 ἐπύθετο
746 3801 800 3857 τί
839 3802 1163 3875 βουλόμενος
1195 3805 1342 3876 ἥκοι.
1377 3805 1463 3868 Ὠς
1485 3807 1542 3861 δὲ
1573 3806 1673 3879 τὴν
1700 3808 1875 3877 αὐτὴν

291 3893 393 3962 ἔφη
425 3893 718 3964 πρόφασιν,
748 3896 814 3967 ἣν
843 3894 939 3956 καὶ
977 3895 1218 3965 ἑσπέρας
1253 3897 1511 3968 ἐδήλωσε,
1535 3897 1876 3970 δυσχεράνας

291 3983 320 4034 ό
363 3984 503 4048 θεῖος
551 3987 712 4056 ἀνὴρ,
746 3987 842 4040 ἅτε
874 3987 938 4058 δὴ
980 3989 1132 4058 παρὰ
1174 3987 1236 4039 τὸ
1257 3987 1447 4051 εἰωθὸς
1476 3988 1872 4060 γεγενημένην.

294 4069 388 4128 τοῦ
414 4071 720 4142 πρεσϐύτου
743 4073 842 4142 τὴν
884 4073 1090 4144 ἄφιξιν,
1121 4073 1331 4144 τάληθῆ
1363 4074 1730 4144 ἀπαγγέλλειν
1755 4077 1878 4130 ἐκέ-

297 4162 472 4216 λευεν.
515 4162 574 4216 ὐ
619 4163 678 4216 δὲ
745 4164 1033 4234 δειμαίνων
1073 4165 1168 4217 καὶ
1194 4165 1435 4237 τρέμων,
1482 4167 1578 4220 καὶ
1613 4167 1878 4238 κρύπτειν

297 4253 389 4307 τὸν
439 4254 538 4325 τῆς
591 4253 740 4320 θείας
773 4253 993 4326 χάριτος
1044 4255 1327 4310 ἀνάπλεων
1357 4257 1418 4311 ού
1446 4257 1762 4330 δυνάμενος,
1794 4261 1880 4324 τίς

1955 1772 2289 1834 militaribus
2329 1790 2474 1845 saepe
2532 1766 2764 1833 functus
2797 1780 3139 1844 honoribus,
3179 1797 3246 1836 ex
3283 1781 3563 1836 Berrluma.

1955 1863 2130 1933 Syriae
2166 1855 2298 1920 urbe
2342 1869 2616 1924 oriundus
2643 1912 2658 1934 ,
2696 1885 2823 1930 cum
2866 1871 2988 1940 ejus
3019 1871 3129 1925 lilia
3172 1871 3380 1927 dudum
3415 1873 3544 1928 bac-

1954 1956 2239 2023 cltarctur,
2295 1967 2350 2014 et
2398 1975 2430 2014 a
2479 1963 2628 2029 malo
2682 1964 2931 2024 dazmone
2977 1973 3170 2024 vexata
3223 1965 3276 2020 in
3332 1966 3541 2021 rabiem

1956 2058 2237 2117 ageretur,
2267 2053 2284 2070 '
2315 2053 2468 2107 venit
2519 2055 2575 2108 in
2635 2055 2996 2118 solitudinem
3022 2097 3034 2121 ,
3065 2063 3122 2111 et
3165 2058 3294 2127 quia
3344 2073 3556 2128 magno

1956 2139 2244 2196 Marciano
2280 2143 2568 2202 familiaris
2599 2146 2780 2201 fuerat
2805 2186 2820 2212 ,
2857 2147 3114 2217 sperabat
3142 2155 3365 2218 propter
3397 2148 3546 2216 prio-

1957 2248 2076 2290 rem
2117 2237 2576 2292 consnetudinem
2642 2239 2758 2300 l‘ore
2801 2247 2875 2293 ut
2903 2255 3028 2294 eum
3084 2241 3444 2306 conveniret,
3491 2249 3564 2295 et»

1957 2339 2154 2381 coram
2199 2337 2444 2397 rogaret.
2483 2327 2593 2398 Spe
2645 2337 2830 2384 autem
2884 2329 3224 2394 frustratus,
3281 2345 3407 2384 cum
3450 2329 3544 2385 Dei

1959 2432 2180 2472 servum
2220 2419 2407 2487 videre
2451 2418 2558 2489 ipsi
2611 2434 2722 2474 non
2768 2419 2996 2487 liceret,
3023 2436 3210 2477 senem
3249 2419 3544 2491 quemdam

1962 2507 2210 2576 rogavit,
2248 2509 2336 2564 cui
2389 2509 2484 2562 illo
2523 2506 2772 2580 tempore
2805 2510 2980 2566 divini
3029 2510 3133 2566 viri
3177 2511 3564 2566 commissum-

1963 2607 2082 2652 erat
2120 2598 2532 2667 ministerium,
2591 2609 2654 2656 ut
2703 2617 2929 2672 parvum
2970 2604 3246 2675 lecytltum
3280 2599 3549 2674 oleo'ple-

1963 2705 2094 2744 nunt
2128 2692 2451 2762 acciperet,
2483 2701 2539 2748 et
2573 2695 2637 2748 ad
2671 2695 2873 2750 ostium
2908 2695 3258 2751 domuncula:
3305 2697 3562 2766 depone--.

1965 2790 2070 2836 ret.
2103 2783 2260 2848 Quod
2297 2800 2466 2840 senex
2509 2803 2634 2842 cum
2669 2803 2812 2857 sa-pe
2855 2786 3134 2841 facturum
3161 2802 3220 2844 se
3255 2798 3550 2858 negasset,

1965 2890 2028 2928 ac
2057 2891 2206 2946 sepe
2239 2893 2462 2934 rursum
2489 2888 2798 2950 rogaretur,
2831 2881 3012 2936 victus
3041 2880 3260 2936 tandem
3295 2881 3552 2951 precibus

1965 2967 2154 3022 cessit.
2183 2967 2428 3039 Strepitn
2461 2970 2676 3038 audito,
2715 2986 2948 3043 magnus
2971 2971 3287 3028 Marcianus
3325 2971 3555 3026 interro.

1971 3059 2118 3127 gavit
2148 3059 2274 3129 quis
2313 3071 2502 3126 esset,
2555 3070 2610 3118 et
2643 3078 2754 3133 qua
2785 3063 2854 3119 de
2887 3079 3057 3118 causa
3089 3063 3323 3119 veniret.
3359 3064 3409 3119 Is
3453 3078 3553 3117 au-

1971 3161 2080 3207 tem
2137 3169 2322 3208 veram
2381 3156 2567 3212 celans
2621 3170 2886 3220 causam,
2943 3157 3104 3213 linxit
3136 3172 3195 3214 se
3246 3157 3463 3213 venisse
3499 3165 3558 3210 ut

1970 3254 2393 3310 percontaretur
2429 3263 2558 3302 num
2596 3247 3045 3319 aliquidjuberet
3080 3267 3093 3304 :
3129 3258 3204 3316 et,
3232 3249 3336 3304 hoc
3362 3249 3512 3304 dicto
3537 3290 3554 3316 ,

1971 3334 2240 3395 dimissus
2261 3347 2367 3400 est,
2401 3339 2538 3395 Cum
2565 3350 2748 3395 autem
2767 3341 2871 3395 sub
2892 3355 3150 3396 auroram
3182 3358 3380 3396 rursus
3401 3349 3559 3412 pater

1973 3431 2172 3500 puella:
2196 3432 2418 3491 restitui
2441 3432 2548 3487 sibi
2569 3432 2857 3516 vasculum
2890 3434 3215 3503 postularet,
3245 3448 3413 3488 senex
3447 3445 3556 3488 non

1975 3519 2094 3576 sine
2129 3528 2299 3585 metu,
2348 3521 2446 3575 ivit
2479 3530 2660 3577 tamen
2692 3536 2857 3592 quam
2899 3522 3140 3576 maximo
3173 3522 3352 3592 potuit
3394 3523 3560 3576 silen—

1975 3612 2051 3667 tio
2073 3651 2087 3674 ,
2114 3622 2165 3668 et
2193 3622 2448 3682 porrecta
2478 3629 2640 3670 manu
2671 3623 2900 3684 accepto
2933 3613 3170 3685 Iecytbo,
3198 3615 3368 3669 latere
3395 3630 3556 3668 cona—

1977 3704 2163 3760 batur.
2225 3705 2333 3761 Sed
2384 3707 2476 3762 ille
2521 3721 2722 3762 rursus
2775 3706 3081 3777 interrogat
3133 3722 3296 3777 quam
3329 3707 3401 3762 ob
3446 3723 3559 3762 rem

1977 3804 2215 3860 veniret.
2258 3799 2326 3854 Et
2367 3813 2491 3852 cum
2531 3813 2758 3854 causam
2788 3795 3072 3864 eamdem,
3115 3813 3280 3868 quam
3315 3813 3560 3868 vespere,

1981 3903 2348 3962 pretexeret,
2409 3891 2640 3947 moleste
2698 3888 2882 3945 ferens
2940 3890 3104 3944 homo
3159 3891 3374 3963 1142
3433 3888 3560 3955 Dei,

1977 3987 2185 4056 quippe
2237 3998 2364 4039 cum
2406 3991 2606 4053 praater
2664 3981 3126 4036 consuetudinem
3191 3983 3562 4044 accessisset,

1979 4093 2111 4133 vera
2139 4073 2477 4145 respondere
2514 4073 2707 4142 jussit.
2744 4071 2881 4124 Tum
2926 4072 3018 4126 ille
3049 4071 3254 4126 timens
3281 4081 3334 4126 et
3369 4080 3566 4127 treme-

1979 4169 2201 4227 bundus
2230 4208 2244 4232 ,
2291 4177 2350 4222 ut
2387 4165 2480 4236 qui
2528 4180 2655 4219 eum
2711 4164 2804 4234 qui
2861 4161 2954 4218 Dei
3005 4163 3182 4233 gratia
3218 4164 3417 4233 plenus
3445 4175 3578 4220 erat

1979 4265 2152 4320 latere
2192 4277 2304 4316 non
2335 4266 2546 4330 posset,
2589 4265 2643 4312 et
2683 4256 2810 4326 quis
2845 4255 3058 4312 venerit
3085 4253 3258 4321 dixit,
3303 4264 3360 4312 et
3393 4265 3569 4311 totam

297 4363 355 4400 τε
385 4345 512 4416 ἥκοι
543 4347 718 4415 ἔλεγε,
757 4347 849 4400 καὶ
878 4347 971 4400 τοῦ
1005 4346 1213 4411 πάθους
1241 4349 1339 4420 τὴν
1363 4350 1668 4422 τραγῳδίαν
1700 4350 1865 4404 έδίδα·

1985 4355 2164 4410 morbi
2206 4352 2532 4425 tragcediam
2566 4344 2870 4420 exposuit,
2911 4355 2966 4405 et
2991 4347 3269 4420 lecythum
3297 4351 3562 4406 ostendit.

301 4455 419 4501 σκε,
448 4439 540 4492 καλ⁵
558 4439 620 4493 τὸ
647 4437 903 4512 ληκύθιον
933 4439 1233 4513 ἐπεδείκνυ.
1267 4441 1324 4495 ’0
1342 4441 1400 4495 δὲ
1428 4442 1728 4512 ἠγανάκτει
1755 4443 1876 4516 μὲν,

257 4531 376 4593 ’ὼς
421 4531 568 4596 εἰκὸς
598 4527 688 4603 ἦν,
736 4531 1013 4587 δεικνύναι
1068 4533 1167 4606 τὴν
1195 4533 1402 4605 ἀρετὴν
1422 4536 1486 4590 οὐ
1532 4536 1877 4608 βουλόμενος,

300 4625 602 4698 ἀπειλήσας
630 4626 688 4680 δὲ
727 4625 895 4698 ὅμως,
937 4625 1013 4690 ὡς
1036 4625 1085 4679 εί
1121 4623 1276 4690 αὖθις
1308 4627 1534 4683 τοιαῦτα
1563 4628 1878 4701 τολμήσειε,

302 4719 395 4772 καὶ
439 4718 539 4789 τῆς
589 4718 875 4781 συνουσίας
927 4718 1144 4789 ὲκείνης
1191 4719 1608 4791 στερηθήσεται,
1638 4722 1734 4774 καὶ
1782 4721 1882 4791 τὴν

299 4812 574 4865 διακονίαν
619 4811 1048 4883 ἀφαιρεθήσεται
1083 4826 1098 4840 ⁸
1142 4812 1371 4884 μεγίστη
1405 4812 1460 4866 δὲ
1511 4808 1578 4885 ἦν
1630 4815 1663 4884 ὴ
1710 4811 1884 4886 ζημία

302 4909 415 4970 τοῖς
447 4907 508 4960 τὸ
537 4907 726 4976 κέρδος
756 4909 1144 4980 ἐπισταμένοις
1171 4925 1184 4938 ·
1235 4906 1564 4978 ἀπέπεμψεν
1591 4907 1884 4962 ἀποδοῦναι

303 4997 384 5068 τῷ
429 4999 684 5052 δεδωκότι
740 5001 1028 5064 κελεύσας.
1078 5001 1188 5054 Καὶ
1231 5000 1260 5052 ὁ
1293 4999 1390 5070 μὲν
1434 4999 1607 5054 ταῦτα
1643 4999 1884 5063 ἐκέλευε,

304 5094 568 5164 τέτταρας
594 5093 650 5146 δὲ
678 5093 953 5164 σταθμοὺς
1001 5095 1029 5146 ὁ
1059 5092 1270 5164 δαίμων
1302 5091 1624 5164 ἀφεστηκὼς
1673 5094 1768 5148 τοῦ
1803 5093 1887 5158 ἐξ·

306 5186 618 5249 ελαύνοντος
655 5187 783 5241 ἐϐόα
813 5185 913 5259 τὴν
945 5187 1193 5260 δύναμιν·
1225 5187 1318 5240 καὶ
1347 5185 1665 5258 Μαρκιανὸς
1695 5188 1752 5241 ἐν
1785 5186 1885 5240 Βε-

311 5282 432 5352 ροίᾳ
460 5281 526 5334 τά
559 5278 831 5334 δικαστῶν
875 5279 1162 5351 εἰργάζετο
1203 5280 1420 5351 δημίοις
1458 5281 1568 5334 τισὶ
1621 5280 1758 5334 κατὰ
1793 5280 1884 5334 τοῦ

303 5372 557 5442 δαίμονος
611 5372 913 5443 χρώμενος,
951 5373 1047 5426 καὶ
1098 5372 1192 5426 τὸν
1230 5372 1510 5443 ἀλιτήριον
1554 5373 1760 5426 ἐκεῖνον
1799 5372 1886 5438 ἐξ·

305 5463 568 5527 ελαύνων,
601 5467 694 5519 καὶ
714 5464 812 5534 τὴν
844 5466 1015 5536 κόρην
1043 5464 1292 5537 καθαρὰν
1323 5465 1419 5535 τῆς
1445 5449 1725 5538 ἐνεργείας
1755 5465 1888 5519 ἀπο-

309 5558 514 5625 φαίνων
562 5559 794 5627 ἐκείνης.
851 5558 958 5612 Καὶ
1014 5557 1174 5612 τοῦτο
1230 5557 1547 5628 μεμάθηκεν
1595 5556 1833 5627 ἀκριϐῶς
1863 5561 1890 5610 ὁ

311 5653 407 5722 τῆς
442 5651 607 5722 κόρης
643 5654 820 5722 πατὴρ
851 5669 862 5680 ~
900 5651 1174 5704 ἐπανιόντι
1209 5650 1315 5720 γὰρ
1345 5649 1508 5720 αὐτῷ,
1536 5649 1628 5704 καὶ
1677 5649 1890 5719 ὀλίγους

1983 4447 2148 4519 ΑΞετθ
2194 4463 2308 4503 rem
2355 4444 2482 4500 tulit
2516 4444 2598 4514 vir
2631 4452 2859 4499 sanctus
2889 4480 2904 4508 ,
2948 4449 3008 4496 ut
3039 4451 3164 4496 eum
3195 4441 3424 4498 decebat
3470 4444 3561 4512 qui

1983 4541 2244 4598 virtutem
2301 4538 2476 4594 nollet
2531 4536 2867 4602 ostendere;
2921 4534 3312 4606 minatusque,
3352 4536 3398 4590 si
3436 4537 3563 4589 talia

1984 4649 2181 4690 rursus
2229 4631 2498 4697 auderet,
2553 4629 2973 4688 consuetudinea
3023 4629 3120 4685 illa
3166 4639 3221 4686 et
3261 4630 3567 4712 ministerio

1985 4727 2350 4798 privatumiri
2374 4767 2388 4790 ,
2421 4739 2546 4796 qua:
2569 4723 2816 4779 maxima
2840 4722 2909 4777 iis
2937 4737 3100 4793 ptena
3146 4730 3266 4778 erat
3294 4722 3387 4792 qui
3420 4736 3566 4792 quae-

1986 4830 2131 4875 stnm
2167 4819 2324 4876 liunc-
2345 4823 2633 4884 noverant,
2670 4815 2824 4871 abire
2856 4815 3014 4870 illum
3040 4814 3247 4884 jussit,
3279 4815 3438 4884 eique
3469 4829 3567 4870 vas

1987 4911 2220 4968 reddere
2251 4911 2346 4981 qui
2378 4909 2628 4966 dederat.
2659 4908 2728 4963 Et
2759 4908 2874 4962 hate
2908 4906 3134 4977 quidem
3167 4907 3282 4975 ipse
3315 4904 3566 4974 jubebat.

1989 5005 2210 5059 Daemon
2241 5012 2422 5059 autem
2469 5014 2708 5073 quatuor
2743 5001 2958 5055 dierum
2994 4998 3190 5053 itinere
3218 4997 3430 5055 distans
3468 4997 3570 5067 eji-

1987 5098 2187 5153 cientis
2221 5112 2282 5154 se
2326 5096 2587 5152 virtutem
2618 5094 2930 5152 testabatur
2988 5109 3000 5144 :
3041 5096 3094 5146 et
3135 5090 3342 5159 judicis
3385 5099 3570 5160 partes

1989 5190 2264 5246 Berrliteaa
2280 5188 2478 5259 agebat
2502 5186 2840 5251 Marcianus,
2861 5181 3218 5240 carniﬁcibus
3237 5181 3571 5252 quibusdam

1990 5290 2153 5337 utens
2205 5281 2476 5336 adversus
2524 5279 2868 5341 daemonem,
2913 5282 2968 5330 et
3024 5273 3355 5330 sceleratum
3414 5273 3565 5328 illum

1990 5373 2276 5445 expellens
2297 5414 2310 5435 .
2349 5372 2706 5443 puellamque
2735 5369 2804 5426 ab
2833 5367 2987 5423 illius
3016 5366 3310 5423 vexatione
3337 5364 3561 5420 liberam

1993 5465 2251 5522 reddens.
2312 5459 2469 5527 Quod
2544 5459 2767 5529 quidem
2832 5457 3028 5526 puellae
3078 5463 3292 5526 patrem
3347 5453 3567 5508 minimc.

1992 5555 2174 5608 latuit.
2212 5551 2481 5608 Redeunti
2513 5549 2658 5606 enim
2684 5589 2698 5612 ,
2735 5562 2860 5603 cum
2894 5547 2962 5601 ab
2988 5546 3124 5602 urbe
3161 5545 3353 5616 paucis
3380 5544 3578 5600 stadiis

1997 5647 2248 5713 abesset,
2291 5643 2531 5699 famulus
2582 5641 2657 5696 illi
2695 5641 2940 5696 occurrit
2979 5653 3006 5692 a
3038 5637 3260 5691 domina
3296 5637 3358 5693 in
3395 5646 3590 5701 agrum

3945 4375 3948 4388 l

3943 4393 3948 4408 l

3943 4425 3946 4444 Ι

3937 3725 3958 4918 ἐ
