3974 6212
230 239 364 304 1333
1457 242 1862 303 RELIGIOSA
1903 238 2286 298 ΠῘΞΤΟΗΙᾹ.
2337 315 2341 319 Α
3353 240 3519 302 1334·

228 369 385 422 τερος
415 345 504 421 ἦν,
539 349 828 420 φιλόσοφος
871 349 927 402 δὲ
959 351 987 403 ό
1017 349 1178 420 ἀνὴρ,
1223 348 1318 404 καὶ
1349 347 1428 419 τῷ
1458 348 1680 423 σκληρῴ
1717 346 1816 418 βίῳ

1927 343 2200 396 Marciano
2230 352 2304 414 et
2327 352 2572 410 tempore
2606 347 2659 396 et
2695 341 2885 396 labore
2917 339 3200 410 antiquior
3236 350 3374 404 crat,
3417 345 3502 394 vir

227 443 726 514 συντεθραμμένος.
760 429 931 507 Οὗτος
973 441 1308 513 πανταχόθεν
1352 440 1815 514 περιθρυλλουμέ-

1927 435 2078 504 plane
2112 433 2478 504 phiI050phus
2503 474 2516 498 ,
2548 445 2602 488 et
2633 433 2690 488 in
2718 434 2860 488 duro
2891 436 3018 488 vita:
3051 447 3255 502 genere
3289 432 3498 487 exercir

229 556 326 608 νην
355 537 454 608 τὴν
482 535 577 590 τοῦ
627 535 822 604 ἀνδρὸς
845 534 1180 606 καταμαθὼν
1222 534 1447 608 ἀρετὴν,
1479 533 1580 604 τῆς
1612 534 1814 605 μικρᾶς

1927 534 2086 580 latus.
2109 526 2212 591 Qui
2241 525 2308 581 de
2324 527 2682 582 celeberrima
2704 526 2807 581 viri
2835 526 3036 581 virtute
3059 539 3186 579 cum
3208 525 3496 592 audiisser,

227 630 459 701 ἡσυχίας
487 627 930 700 κερδαλεωτέραν
965 625 1104 683 εἶναι
1147 628 1248 699 τὴν
1287 626 1545 698 τοιαύτην
1571 625 1701 679 θέαν
1731 641 1816 678 νε-

1927 617 2182 672 diuturna
2225 618 2411 689 quiete
2444 619 2640 675 utilius
2667 619 2770 674 sibi
2815 619 2933 674 fore
2963 628 3115 673 ratus
3156 619 3261 673 hoc
3289 627 3504 686 spectas.

230 720 488 793 νομικὼς.
534 721 738 792 ἔδραμε
798 720 1046 774 σπεύδων
1123 721 1250 774 [δεῖν
1291 719 1384 772 τὸν
1455 718 1812 788 ποθούμενον.

1927 710 2138 774 culum,
2196 710 2432 766 festinus
2483 713 2732 766 accurrit
2759 751 2774 772 .
2822 721 2874 764 ut
2926 727 3052 765 eum
3083 710 3297 764 videret
3334 724 3497 778 quem

233 809 438 864 Μαθὼν
471 812 526 864 δὲ
553 810 717 865 αὑτοῦ
743 810 842 882 τὴν
885 809 1069 880 ἄφιξιν
1093 813 1122 865 ὁ
1156 811 1326 882 μέγας
1347 809 1688 882 Μαρκιανὸς,
1715 807 1814 879 τὴν

1927 803 2160 873 aptabat.
2227 801 2462 872 Cognito
2513 809 2697 856 autem
2751 802 2874 872 ejus
2933 802 3202 866 adventu,
3270 817 3502 871 magnus

231 897 401 975 οὖραν
456 903 674 970 ἀνοίξας
695 904 1018 972 εἰσεδέξατο,
1048 903 1294 973 Εὑσεὸίῳ
1321 904 1377 957 δὲ
1411 904 1488 973 τῷ
1527 902 1814 972 θαυμασίῳ

1927 894 2228 948 Marcianus
2254 895 2400 948 ostio
2429 903 2622 964 aperto
2658 894 2812 946 illum
2847 893 3180 955 intromisit,
3216 893 3502 963 praecepit-

232 995 620 1069 παρηγγύησε,
641 997 735 1049 καὶ
755 996 982 1066 δσπριον
1011 995 1232 1067 ἑψῆσαι,
1265 994 1360 1050 καὶ
1396 996 1628 1066 λάχανον
1656 992 1822 1064 εἴπερ

1929 986 2358 1048 ιιιιςτιιιιιιιίιτὶὶιὶιί
2387 985 2648 1050 Eusvhio,
2685 992 2828 1039 utet
2861 985 3122 1052 legumen
3163 991 3518 1051 coqueretct.

232 1089 366 1160 ἔχοι.
406 1088 623 1159 Ἐπειδὴ
643 1088 700 1142 δὲ
732 1088 830 1159 τῆς
864 1089 1108 1158 ἀλλήλων
1153 1088 1442 1155 διαλέξεως
1485 1085 1817 1156 ἐνεπλήσθη-

1927 1079 2039 1133 alus
2065 1121 2078 1142 ,
2117 1079 2163 1134 si
2219 1078 2473 1132 haberet.
2508 1076 2807 1146 Postquam
2839 1089 2970 1128 vero
3022 1073 3231 1127 mutuis
3272 1073 3414 1126 inter
3443 1086 3524 1125 seu

233 1197 354 1242 σαν,
376 1180 472 1231 καὶ
498 1169 596 1249 τὴν
623 1180 870 1250 ἀλλήλων
923 1179 1234 1250 κατέμαθον
1265 1181 1486 1250 ἀρετὴν,
1522 1181 1674 1248 κοινῇ
1717 1177 1815 1247 τὴν

1927 1171 2210 1240 colloquiis
2256 1171 2476 1232 satiati,
2528 1171 2667 1225 alter
2711 1169 2946 1223 alterius
2997 1167 3256 1219 virtutem
3297 1179 3503 1232 cogno-

228 1271 331 1337 τῆς
377 1271 1350 1343 Ἐννάτηςέπετέλεσανλειτουργίαν.
1383 1265 1526 1324 Ἧκε
1555 1271 1611 1324 δὲ
1643 1271 1816 1324 Εὐσέ-

1927 1280 2077 1328 vere,
2130 1280 2288 1318 nona:
2318 1263 2482 1318 simul
2527 1263 2764 1316 cilicium
2808 1267 3140 1332 peregerunt
3180 1276 3195 1312 :
3243 1259 3506 1325 venitque

231 1361 348 1426 ὄιος
381 1363 662 1434 τράπεζαν
687 1363 890 1432 φέρων,
931 1364 1024 1416 καὶ
1055 1365 1252 1434 ἄρτους
1283 1363 1628 1435 προσφέρων.
1669 1362 1728 1415 '0
1758 1361 1814 1414 δὲ

235 1454 412 1522 μέγας
444 1455 763 1524 Μαρκιανὸς
785 1455 862 1526 τῷ
879 1457 1150 1529 θεσπεσίῳ
1189 1457 1404 1528 Ἀϐίτῳο
1431 1476 1449 1509 ι
1483 1455 1814 1529 Δεῦρο,ἔφη.

231 1547 454 1601 πάντων
480 1566 571 1620 μοι
602 1550 1055 1618 προσφιλέστατε,
1090 1551 1185 1604 καὶ
1214 1550 1417 1621 ταύτης
1469 1551 1816 1620 κοινωνήσω-

235 1657 337 1709 μεν
368 1641 468 1710 τῆς
494 1641 795 1712 τραπέζης.
831 1660 849 1694 ι
901 1642 959 1696 '0
1005 1643 1090 1696 δέ’
1124 1662 1141 1694 ι
1179 1643 1293 1696 Οὐκ
1343 1639 1482 1708 οἶδα,
1539 1645 1665 1714 ἔφη,
1700 1641 1816 1695 πώ·-

1919 1356 2201 1412 Ensebius.
2234 1369 2478 1410 mensam
2521 1354 2706 1410 ferens
2729 1395 2742 1419 ,
2783 1363 2836 1408 et
2877 1367 3071 1422 panes.
3103 1349 3242 1404 Tum
3277 1363 3506 1418 magnus

1921 1450 2237 1505 Marcianus
2269 1449 2458 1502 divino
2493 1447 2654 1503 Avito
2689 1463 2701 1500 :
2741 1463 2760 1497 ι
2797 1443 3078 1499 Adesdum
3120 1443 3218 1507 ait,
3255 1439 3504 1495 omnium

1915 1543 2052 1597 mihi
2100 1539 2545 1611 jucundissime,
2593 1547 2650 1594 et
2686 1536 2856 1607 hujus
2906 1550 3112 1589 mensa:
3164 1533 3342 1590 simus
3396 1545 3506 1585 una

1921 1635 2243 1706 participes.
2288 1651 2304 1684 ι
2349 1631 2448 1686 llle
2497 1645 2629 1686 vero
2670 1648 2683 1684 :
2747 1647 2766 1680 ι
2803 1627 2924 1683 Non
2981 1625 3242 1690 memini,
3291 1623 3504 1695 inquit,

233 1746 365 1782 ποτε
407 1732 512 1800 πρὸ
541 1731 640 1800 τῆς
671 1731 910 1804 ἑσπέρας
941 1732 1126 1785 σιτίων
1168 1733 1508 1802 μεταλαϐὼν,
1553 1734 1815 1797 πολλάκις

1927 1730 2102 1784 cibum
2133 1743 2220 1782 me
2255 1741 2498 1796 unquam
2529 1723 2841 1794 sumpsisse
2867 1728 2997 1776 ante
3017 1734 3328 1788 vesperam:
3361 1730 3508 1786 saepe

230 1818 290 1871 δὲ
320 1820 414 1873 καὶ
441 1820 533 1873 δύο
562 1823 657 1874 καὶ
685 1825 834 1892 τρεῖς
863 1821 1004 1875 κατὰ
1034 1823 1229 1877 ταύτὸν
1255 1824 1439 1888 ἄσιτος
1460 1825 1673 1896 ἡμέρας
1702 1825 1819 1878 δια-

228 1911 391 1966 τελῶ.
425 1931 444 1964 ι
479 1913 536 1966 ὐ
549 1913 606 1966 δὲ
633 1913 805 1983 μέγας
823 1915 1168 1985 Μαρκιανός·
1196 1935 1213 1968 ι
1250 1916 1416 1987 Ἑμοῦ
1448 1917 1580 1985 γοῦν
1610 1916 1814 1982 εἵνεκα,

229 2005 360 2075 ἔφη,
406 2006 648 2078 σήμερον
696 2006 1015 2078 ἀμειΰέσθω
1053 2007 1112 2062 τὸ
1160 2007 1278 2072 ἔθος
1309 2027 1321 2039 ·
1355 2009 1598 2072 ἀσθενῶς
1619 2010 1730 2078 γὰρ
1757 2008 1818 2062 τὸ

233 2098 396 2168 σῶμα
431 2097 772 2170 διακείμενος
806 2100 1137 2171 προσμένειν
1174 2100 1274 2171 τὴν
1301 2102 1541 2172 ἑσπέραν
1566 2103 1627 2154 οὐ
1658 2100 1819 2154 δύνα-

237 2208 352 2262 μαι.
396 2211 414 2242 ι
435 2191 522 2255 Ὠς
554 2191 612 2245 δὲ
644 2191 742 2245 καὶ
767 2191 940 2246 ταῦτα
952 2191 1125 2260 λέγων
1143 2192 1233 2245 τὸν
1254 2193 1565 2257 θαυμαστὸν
1601 2192 1820 2246 Ἀὁιτον

231 2284 334 2338 οὐκ
364 2283 570 2348 ἔπειθε,
606 2283 860 2351 στενάξαι
906 2301 966 2336 τε
1000 2285 1216 2352 λέγεται
1247 2285 1342 2340 καὶ
1371 2287 1568 2354 φάναι·
1608 2304 1626 2335 ι
1677 2284 1818 2338 Ἀλλ’

231 2375 346 2444 lvd)
397 2393 456 2429 τε
509 2376 706 2448 ἀθυμῶ
757 2377 878 2432 λίαν
927 2378 1022 2431 καί
1068 2376 1336 2448 δάκνομαι
1378 2377 1476 2449 τὴν
1515 2378 1713 2448 ψυχὴν,
1740 2378 1820 2430 ὅτι

229 2463 488 2518 τοσοῦτον
557 2466 857 2537 ὑπέμεινας
882 2466 1066 2530 πόνον,
1115 2466 1204 2521 ἵνα
1255 2467 1377 2520 τινὰ
1415 2467 1699 2536 φιλόπονον
1727 2468 1822 2520 καὶ⁸

227 2555 694 2629 φιλόσοφον-ἴδῃς,
747 2559 842 2612 καὶ
889 2558 990 2628 τῆς
1032 2557 1243 2622 ἐλπίδος
1273 2559 1551 2629 ψευσθεὶς,
1577 2558 1822 2629 κάπηλόν

227 2664 356 2702 τινα
395 2649 492 2702 καὶ
529 2649 741 2704 ἄσωτον
780 2650 901 2704 ἀντὶ
947 2650 1238 2721 φιλοσόφου
1283 2652 1556 2705 τεθέασαι.
1582 2670 1600 2704 ι
1647 2653 1824 2706 ’Δνια-

227 2739 422 2804 θέντος
472 2739 530 2794 δὲ
591 2742 730 2812 πρὸς
777 2743 951 2797 ταῦτα
979 2744 1074 2798 τοῦ
1128 2743 1412 2797 θειοτάτου
1458 2742 1696 2807 Ἀδίτου,
1731 2747 1822 2799 καὶ

229 2831 527 2899 φήσαντος.
571 2832 646 2896 ὡς
700 2833 878 2904 κρεῶν
912 2833 1206 2904 μεταλάϐοι
1237 2835 1304 2888 ἂν
1355 2835 1504 2906 ἥδιον
1535 2836 1754 2906 μᾶλλον,
1787 2837 1820 2907 ἢ

228 2921 441 2974 τούτων
500 2922 710 2987 ἀκούοι,
756 2926 784 2977 ό
841 2923 1019 2994 μέγας
1073 2925 1176 2996 ἔφη
1234 2927 1590 2997 Μαρκιανός·
1639 2947 1656 2978 ι
1714 2926 1823 2980 Καὶ

231 3015 418 3082 ἡμεῖς,
445 3007 490 3067 ὧ
521 3014 869 3086 φιλότης,τδν
891 3017 1053 3070 αὐτόν
1081 3035 1161 3071 σοι
1191 3019 1419 3090 μέτιμεν
1452 3018 1585 3088 βίον,
1618 3019 1708 3072 καὶ
1726 3019 1823 3090 τὴν

232 3105 410 3176 αὐτὴν
453 3107 814 3180 ἀσπαζόμεθα
871 3109 1165 3174 πολιτείαν,
1221 3111 1318 3165 κα)⁵
1371 3111 1466 3181 τῆς
1505 3111 1823 3181 ἀναπαύλης

235 3199 593 3271 προτιμῶμεν
623 3203 749 3266 τοὺς
777 3202 994 3266 πόνους,
1037 3203 1131 3257 καὶ
1163 3203 1264 3272 τὴν
1295 3203 1547 3272 νηστείαν
1576 3203 1673 3274 τῆς
1695 3221 1820 3274 τρο-

235 3290 342 3359 φῆς
365 3291 794 3364 προαιρούμεθα,
856 3297 950 3348 καὶ
1009 3295 1202 3359 νυκτὸς
1257 3295 1662 3367 ἐπιγινομένης,
1701 3296 1820 3349 τότε

235 3382 441 3452 ταύτης
473 3385 953 3458 μεταλαγχάνομεν
973 3405 986 3419 ⁸
1033 3389 1150 3443 ἀλλ’
1185 3388 1344 3460 ἴσμεν
1371 3389 1452 3442 ὅτι
1474 3389 1574 3458 τῆς
1602 3389 1823 3460 ἀγάπης

236 3473 299 3527 τδ
328 3474 518 3545 χρῆμα
553 3477 652 3545 τῆς
681 3480 934 3548 νηστείας
965 3481 1083 3535 ἐστὶ
1109 3480 1457 3552 τιμιώτερον.
1479 3481 1556 3536 Τὸ
1587 3480 1822 3551 μὲνγὰρ

235 3565 335 3635 τῆς
362 3565 512 3631 θείας
551 3567 711 3639 ἔργον
759 3570 1100 3640 νομοθεσίας,
1130 3573 1191 3626 τὸ
1233 3573 1289 3626 δὲ
1322 3573 1424 3643 τῆς
1457 3572 1612 3645 ἡμῶν
1643 3573 1822 3626 αὐτῶν

237 3653 487 3722 ὲξεδυσίας
507 3674 522 3690 ⁸
556 3659 824 3730 προσήκει
876 3660 932 3713 δὲ
985 3662 1108 3725 τοὺς
1141 3661 1320 3725 θείους
1341 3662 1538 3732 νόμους
1557 3661 1665 3716 τῶν
1687 3665 1824 3733 ἠμε-

236 3747 411 3818 τέρων
437 3749 616 3803 πόνων
640 3751 816 3822 πολλῷ
847 3750 1090 3823 νομίζειν
1120 3754 1496 3826 τιμιωτέρους.
1539 3774 1556 3806 ι
1585 3755 1822 3810 Τοιαῦτα

238 3837 375 3908 πρὸς
428 3840 695 3912 ἀλλήλους
745 3843 1138 3915 διαλεχθέντες,
1175 3846 1269 3898 καὶ
1293 3845 1557 3916 βραχείας
1590 3845 1823 3916 μεταλα-

238 3930 422 3999 χόντες
447 3933 673 4004 τροφῆς,
709 3937 802 3989 καὶ
842 3937 931 3989 τὸν
965 3937 1099 3990 Θεὸν
1138 3937 1502 4008 ὑμνήσαντες,
1541 3937 1638 3990 καὶ
1672 3938 1825 4007 τρεῖς

235 4020 491 4090 ἀλλήλοις
553 4025 1036 4096 συνδιατρίψαντες
1095 4029 1346 4098 ἡμέρας,
1405 4027 1821 4097 ἐχωρίσθησαν»

238 4111 402 4164 πάλιν
431 4113 698 4184 ἀλλήλους
749 4117 983 4186 ὁρῶντες
1015 4118 1092 4187 τῷ
1151 4117 1446 4186 πνεύματι.
1495 4119 1591 4180 Τίς
1642 4117 1824 4171 τοίνυν

236 4207 338 4258 οὶκ
365 4207 430 4260 ἂν
475 4207 775 4277 θαυμάσειε
813 4209 966 4262 τοῦδε
1007 4209 1101 4262 τοῦ
1133 4210 1325 4281 ἀνδρὸς
1353 4209 1451 4280 τὴν
1484 4211 1698 4280 σοφίαν,
1733 4211 1822 4280 ὑφ’

237 4292 329 4368 ἦς’
358 4296 767 4369 κυϐερνώμενος
796 4298 910 4370 ᾔδει
945 4298 1046 4370 μὲν
1075 4298 1350 4370 νηστείας,
1378 4299 1494 4369 ᾔδει
1522 4299 1578 4352 δὲ
1609 4297 1825 4368 φιλοσο-

241 4390 370 4456 φίας
403 4390 498 4442 καὶ
553 4389 904 4460 φιλαδελφίας
955 4391 1165 4459 καιρὸν,
1206 4392 1324 4462 ᾔδει
1365 4391 1554 4446 eam
1589 4392 1700 4446 τῶν
1725 4392 1822 4462 τῆς

1932 4405 2222 4459 charilatis

237 4482 442 4554 ἀρετῆς
475 4483 680 4554 μορίων
721 4483 783 4537 τὸ
827 4485 1103 4556 διάφορον,
1151 4487 1246 4540 καὶ
1285 4488 1436 4538 ποῖον
1474 4486 1613 4556 ποίῳ
1655 4503 1824 4558 προσο

239 4579 364 4644 ήκει
421 4579 795 4650 παραχωρεῖν,
855 4579 950 4632 καὶ⁸
1007 4576 1114 4630 τίνι
1149 4578 1288 4632 κατά
1321 4578 1514 4649 καιρὸν
1542 4577 1825 4632 διδόναιτὰ

240 4669 554 4739 νικητήρια.

316 4759 465 4830 Ἔχω
522 4760 579 4813 δὲ
630 4760 727 4815 καὶ
772 4760 901 4816 ἄλλο
937 4761 1181 4833 διήγημα
1234 4761 1334 4829 τῆς
1385 4761 1442 4813 ὲν
1492 4763 1605 4824 τοῖς
1659 4759 1824 4823 θείοις

234 4850 408 4911 ,αὖτοῦ
447 4852 787 4925 τελειότητος
844 4853 1158 4925 γνώρισμα.
1229 4853 1480 4922 ’Λφίκετο
1534 4852 1641 4923 γὰρ
1691 4853 1826 4924 πρὸς

241 4944 404 4997 αὐτὸν
429 4945 461 5014 ἡ
487 4944 686 5016 ἀδελφὴ
717 4946 826 4999 ἀπὸ
851 4947 950 5016 τῆς
991 4944 1251 5016 πατρίδος
1282 4946 1377 4998 σὺν
1408 4943 1486 5014 τῷ
1521 4943 1644 5014 υἱῷ,
1675 4945 1826 5014 ἀνδρί

241 5055 300 5090 τε
335 5036 472 5104 ὄντι,
498 5037 594 5090 καὶ
625 5038 725 5107 τῆς
763 5037 955 5110 Κύρου
992 5037 1351 5108 πρωτεύοντι,
1387 5038 1484 5100 τὰς
1521 5036 1825 5104 ἀναγκαίας

240 5129 393 5201 αύτῷ
442 5131 631 5200 χρείας
681 5130 948 5194 πλουσίως
992 5131 1314 5204 κομίζουσα.
1381 5131 1438 5183 '0
1489 5130 1545 5183 δὲ
1590 5130 1688 5201 τὴν
1728 5129 1825 5200 μὲν

241 5221 482 5293 ἀδελφὴν
516 5222 644 5276 ίδεῖν
682 5222 783 5275 οὐκ
811 5223 1090 5293 ἠνέσχετο,
1141 5225 1231 5279 τὸν
1271 5224 1328 5278 δὲ
1357 5223 1674 5293 ἀδελφιδοῦν
1716 5226 1826 5276 εἱσ-

242 5314 461 5378 εδέξατο
487 5331 508 5352 ·-
528 5317 626 5386 τῆς
665 5315 774 5386 γὰρ
801 5314 1114 5387 ὡρισμένης
1145 5318 1433 5388 συντυχίας
1464 5313 1530 5388 ἦν
1555 5317 1586 5368 ὁ·
1615 5316 1824 5386 καιρός.

253 5408 341 5470 Ὠς
375 5407 432 5462 δὲ
475 5408 717 5464 ἱκέτευον
756 5407 1121 5479 ὑποδεχθῆναι
1151 5408 1221 5462 τὰ
1257 5410 1585 5480 κομισθέντα
1614 5426 1628 5440 ·
1671 5427 1689 5460 ι
1730 5409 1828 5463 Διά

243 5499 427 5550 πόσων
448 5543 461 5562 ,
494 5497 598 5568 ἔφη
617 5538 630 5562 ,
685 5497 1062 5569 μοναστηρίων
1095 5498 1340 5570 διήλθετε
1365 5517 1378 5562 ;
1431 5498 1574 5552 τίσιν
1604 5501 1828 5554 ἐκείνων

243 5594 308 5645 ἐκ
335 5590 540 5645 τούτων
581 5592 760 5644 αὐτῶν
803 5590 1180 5661 μετεδώκατε;
1230 5611 1248 5642 ι
1291 5591 1397 5644 Τοῦ
1443 5591 1498 5645 δὲ
1546 5592 1828 5664 εἰρηκότος

250 5690 321 5749 ὡς
363 5683 537 5738 οὐδενὶ
573 5684 866 5749 δεδωκότες
906 5681 1035 5738 εἷεν·
1076 5703 1093 5735 ι
1154 5685 1347 5737 "Amce
1371 5724 1384 5748 ,
1422 5684 1522 5757 ἔφη
1547 5728 1558 5746 ,
1598 5685 1716 5756 μεθ’
1755 5680 1827 5741 ὧν

1919 1828 2105 1876 autem
2153 1820 2313 1874 binos
2341 1834 2406 1872 ac
2437 1828 2630 1872 ternos
2677 1813 2844 1870 simul
2875 1812 2994 1867 dies
3031 1811 3256 1880 jejunus
3289 1823 3508 1878 perma-

1920 1930 2045 1972 neo.
2069 1935 2088 1969 ι
2118 1914 2184 1968 Et
2214 1928 2448 1984 magnus
2476 1911 2792 1966 Marcianus
2830 1927 2844 1962 :
2883 1927 2902 1959 ι
2936 1907 3059 1962 Mea
3091 1921 3224 1976 ergo
3245 1945 3260 1969 ,
3295 1901 3508 1972 inquit,

1919 2023 2090 2063 causa
2123 2016 2368 2061 mutetur
2406 2005 2570 2060 hodie
2597 1999 2968 2058 consuetudo.
3009 1997 3146 2053 Nam
3175 2013 3300 2052 cum
3335 1995 3484 2050 imbe

1921 2099 2054 2154 cillo
2111 2098 2213 2152 sim
2276 2109 2543 2168 corpore,
2627 2107 2920 2163 vesperam
2985 2099 3312 2160 exspectare
3392 2099 3506 2140 non

1925 2191 2139 2265 1145
2183 2205 2431 2262 possum.
2476 2207 2495 2242 ι
2551 2188 2768 2255 Quibus
2805 2185 2989 2242 verbis
3028 2200 3155 2240 cum
3191 2181 3506 2238 admirabili

1919 2285 2086 2338 Avito
2147 2297 2258 2338 non
2319 2282 2737 2353 persuasisset,
2800 2277 3139 2350 ingemuisse
3197 2275 3394 2338 fertur,
3455 2282 3516 2327 et.

1921 2376 2184 2431 dixisse:
2240 2393 2260 2425 ι
2307 2378 2382 2428 At
2433 2388 2538 2442 ego
2594 2371 2785 2426 animo
2831 2385 3004 2441 angor
3060 2376 3116 2423 et
3173 2366 3508 2428 discrucior,

1921 2468 2072 2540 quod
2114 2476 2328 2521 tantum
2381 2465 2624 2520 laborem
2657 2463 2906 2534 ceperis,
2966 2471 3025 2516 ut
3074 2460 3286 2516 laboris
3315 2473 3508 2512 amau-

1924 2568 2037 2614 tcm
2071 2559 2350 2614 hominem
2388 2557 2644 2622 videres,
2698 2564 2752 2610 et
2793 2553 3226 2625 philosophum,
3263 2565 3358 2620 spe
3407 2564 3508 2602 au-

1924 2664 2034 2709 tem
2084 2653 2420 2716 frustratus,
2475 2665 2784 2720 cauponem
2825 2647 3121 2720 quemdam
3157 2652 3212 2700 et
3239 2648 3509 2712 intempe—

1926 2751 2139 2800 rantem
2166 2743 2351 2800 vidisti
2385 2758 2484 2814 pro
2504 2741 2859 2812 phiIOSOpho.
2891 2759 2910 2792 ι
2943 2737 3158 2792 Etcum
3185 2735 3402 2790 tristior
3426 2733 3514 2786 his

1926 2838 2132 2892 auditis
2183 2836 2364 2892 factus
2415 2835 2807 2890 divinissimus
2860 2833 3086 2895 Avitus,
3145 2829 3356 2900 gratius
3405 2825 3510 2879 sibi

1927 2931 2174 2982 futurum
2206 2930 2416 2984 diceret
2446 2927 2710 2982 carnibus
2731 2926 2910 2987 vesci,
2936 2939 3102 2995 quam
3129 2921 3261 2976 talia
3293 2917 3508 2978 audire.

1929 3037 2163 3090 magnus
2213 3023 2412 3076 iterum
2459 3020 2812 3082 Marcianus,
2867 3039 2886 3071 ‹
2923 3017 2989 3072 Ει
3031 3031 3173 3082 nos,
3217 3013 3432 3084 inquit,
3477 3027 3513 3065 ο

1926 3113 2137 3176 amice,
2173 3111 2421 3166 eamdem
2451 3126 2616 3180 quam
2648 3120 2703 3164 tu
2740 3111 2906 3164 vitam
2947 3107 3208 3163 ducimus
3231 3147 3245 3171 ,
3278 3113 3332 3160 et
3363 3120 3514 3158 eam-

1927 3206 2050 3259 dem
2079 3206 2301 3260 vivendi
2331 3205 2601 3259 rationem
2637 3203 3046 3273 amplectimur,
3082 3210 3138 3255 et
3161 3199 3334 3270 quieti
3369 3196 3514 3251 labo-

1929 3313 2018 3352 res
2049 3299 2481 3366 anteponimus,
2554 3305 2606 3350 et
2682 3295 2957 3364 jejunium
3041 3293 3216 3364 pluris
3279 3290 3514 3345 faciuuts

1927 3405 2090 3460 quam
2112 3391 2322 3450 cibum,
2356 3404 2593 3458 emnqne
2633 3388 2979 3448 subnoctem
2997 3401 3200 3455 capere
3232 3386 3510 3440 solemus:

1927 3483 2022 3540 sed
2059 3479 2267 3538 scimu’s
2298 3485 2316 3506 ⁶
2361 3481 2692 3537 charitatem
2725 3478 2945 3548 jejunio
2984 3491 3109 3533 esse
3157 3474 3512 3546 praestantio—

1927 3593 2064 3631 rem.
2110 3577 2235 3631 Haec
2273 3575 2422 3630 enim
2457 3573 2655 3630 divina:
2695 3574 2832 3643 legis
2880 3580 2966 3626 est
3015 3585 3190 3640 opus,
3238 3568 3511 3638 jejunium

1929 3683 2060 3721 vero
2093 3667 2384 3739 potestatis
2419 3673 2623 3720 nostra:
2668 3671 2722 3718 et
2761 3661 2982 3717 arbitrii
3020 3679 3034 3715 :
3077 3659 3298 3715 divinas
3329 3663 3514 3711 autem

1929 3764 2081 3834 leges
2116 3763 2293 3834 pluris
2327 3777 2491 3832 quam
2527 3761 2749 3815 labores
2777 3764 3004 3814 nostros
3044 3754 3225 3810 facere
3250 3767 3351 3808 nos
3378 3767 3513 3806 con-

1930 3858 2101 3910 venit.
2145 3874 2164 3907 ›
2199 3853 2326 3909 Haec
2368 3854 2444 3908 illi
2479 3869 2606 3908 cum
2655 3855 2802 3907 inter
2835 3866 2895 3907 se
2934 3849 3172 3905 invicem
3209 3845 3512 3902 disseruis-

1928 3956 2071 4010 sent,
2103 3947 2412 4017 exiguoqnc
2445 3954 2670 4016 sumpto
2697 3946 2849 4009 cibo,
2873 3942 3043 4000 Deum
3070 3941 3413 4001 laudassent,
3451 3951 3514 3990 ac

1926 4047 2040 4094 tres
2069 4039 2190 4094 dies
2218 4053 2326 4092 una
2354 4039 2756 4106 transegisscnt
2775 4077 2790 4099 ,
2821 4033 3087 4102 disjuncti
3119 4040 3283 4088 sunt.
3313 4028 3536 4098 spiritu.

1927 4144 1986 4184 se
2015 4143 2211 4181 rursus
2248 4136 2439 4181 mutue
2473 4123 2854 4194 conspecturi.
2882 4122 3018 4188 Quis
3049 4135 3181 4190 ergo
3211 4120 3376 4182 hujus
3406 4117 3508 4172 viri

1929 4219 2256 4287 sapientiam
2297 4234 2403 4273 non
2450 4216 2777 4279 admiretur,
2820 4229 2928 4283 qua
2971 4211 3114 4266 duce
3137 4209 3338 4280 jejunii
3375 4218 3513 4264 tem.-

1929 4327 2033 4381 pus
2072 4320 2340 4374 noverat,
2384 4317 2618 4364 noverat
2655 4316 2710 4362 et
2763 4303 3125 4376 philosophiae
3161 4319 3226 4358 ac
3261 4303 3516 4358 fraterna:

2286 4421 2300 4458 :
2363 4402 2582 4457 virtutis
2637 4416 2860 4471 quoque
2898 4398 3138 4470 partium
3174 4396 3514 4451 dill‘erentias

1932 4496 2184 4560 videbat,
2231 4507 2284 4552 et
2323 4511 2489 4566 quam
2521 4496 2608 4550 cui
2641 4495 2840 4549 cedere
2867 4502 3152 4563 oporteat,
3201 4499 3254 4545 et
3289 4490 3510 4545 cuinam

1929 4588 1984 4642 in
2017 4595 2260 4659 tempore
2293 4587 2523 4644 victoria
2561 4585 2856 4641 tribuenda
2883 4585 2975 4640 sit.

1998 4766 2234 4822 Possum
2265 4774 2319 4822 et
2348 4767 2497 4822 aliud
2531 4781 2971 4822 commemorare
2993 4805 3006 4830 ,
3053 4780 3118 4820 es
3149 4780 3259 4834 quo
3299 4762 3419 4830 ejus
3457 4767 3522 4817 in.

1925 4859 2133 4914 divinis
2157 4859 2430 4929 perfectio
2454 4865 2850 4928 cognoscatur.
2881 4855 3120 4911 Venerat
3155 4855 3223 4909 ad
3257 4855 3410 4908 illum
3446 4870 3526 4908 ex.

1927 4950 2106 5019 patria
2139 4963 2300 5005 soror
2332 4949 2456 5018 ejus
2507 4965 2629 5004 cum
2688 4948 2834 5010 ﬁlio,
2882 4948 2977 5017 qui
3018 4956 3081 5002 et.
3121 4951 3202 5000 vir
3253 4953 3404 5008 erat,
3459 4953 3515 4995 vt

1929 5043 2083 5098 urbis
2125 5043 2254 5115 Cyri
2282 5043 2572 5098 obtinebat
2611 5041 2985 5112 principatum
3010 5081 3022 5101 .
3058 5055 3179 5110 qua:
3204 5039 3273 5094 ad
3308 5039 3512 5092 victmu

1931 5134 2008 5188 illi
2041 5137 2354 5191 necessaria
2379 5142 2541 5188 erant
2567 5133 2807 5190 all‘erens
2837 5117 3080 5188 abunde.
3117 5134 3170 5187 ls
3205 5146 3336 5185 vero
3361 5145 3516 5185 soro-

1931 5241 2044 5281 rem
2081 5227 2271 5283 videre
2302 5243 2410 5283 non
2448 5227 2664 5300 1146
2690 5238 2776 5283 est
2806 5241 3002 5296 passus
3039 5246 3051 5282 :
3087 5226 3302 5282 sororis
3332 5236 3512 5278 autem

1933 5319 2104 5373 [illum
2127 5359 2142 5385 ,
2194 5319 2458 5391 quoniam
2494 5336 2618 5376 eum
2650 5319 2967 5391 alloquendi
3004 5327 3220 5388 tempus
3257 5327 3406 5380 erat,
3460 5318 3512 5372 in

1931 5425 2289 5484 conspectum
2328 5413 2575 5469 admisit.
2601 5414 2742 5468 Cum
2783 5420 2965 5467 autem
2993 5422 3253 5482 rogarent.
3283 5421 3339 5463 ut
3364 5410 3512 5464 acci-

1932 5513 2084 5574 peret
2123 5521 2246 5576 quae
2273 5506 2435 5559 allata
2467 5506 2687 5562 fuerant
2727 5524 2740 5560 :
2786 5525 2802 5556 ι
2828 5506 2934 5560 Per
2964 5513 3125 5573 quot,
3151 5504 3354 5572 inquit,
3394 5519 3515 5554 ιιιυ-

1931 5599 2174 5654 nasteria
2222 5599 2560 5660 trausiistis,
2593 5606 2646 5654 et
2684 5598 3017 5670 quibusnam
3053 5596 3274 5650 illorum
3313 5611 3377 5647 ex
3431 5593 3519 5648 his

1933 5688 2139 5759 aliquid
2181 5691 2602 5760 impcrtiistis?»
2641 5689 2900 5760 Cumque
2926 5688 2973 5744 is
3003 5688 3138 5742 nulli
3173 5687 3366 5742 datum
3416 5695 3544 5743 esse

3925 3737 3965 4462 Γ

3917 4719 3936 4832 ί
