3974 6212
509 257 532 320 1
543 263 647 322 335

512 378 885 446 lLSPUHdiSSCl
934 397 948 431 :

506 469 679 523 listis.
725 468 838 523 Nos
886 469 1034 523 enim
1069 469 1226 524 nullo
1267 469 1468 523 borum
1513 469 1859 540 indigemus,
1907 485 2010 524 nec
2041 471 2086 534 si

501 574 794 630 egeremus
831 563 1212 630 acciperemus
1238 601 1253 623 ,
1287 562 1418 631 quia
1465 576 1564 617 vos
1597 562 1869 618 naturalis
1903 562 2089 632 potius

500 653 887 722 cognationis,
948 669 1117 725 quam
1169 654 1340 708 divini
1386 653 1636 724 obsequii
1674 654 1898 717 studio,
1949 654 2089 708 hanc

503 745 554 796 in
608 761 712 800 nos
762 746 1182 802 beneficentiam
1207 747 1508 812 exercetis.
1557 744 1676 800 Nisi
1711 745 1861 800 enim
1910 746 2086 800 solam

502 839 721 905 generis
781 841 1252 895 necessitudinem
1313 842 1860 910 spectaretis,_tion
1925 839 2087 892 nobis

504 927 638 982 solis
669 928 935 998 impertiti
972 929 1088 984 haec
1127 932 1346 984 essetis.
1405 948 1424 982 ›
1467 929 1592 984 "th
1635 929 1854 990 dicens,
1913 928 2085 981 tilium

505 1018 714 1074 sororis
746 1035 872 1073 cum
918 1035 1109 1076 sorore
1138 1021 1381 1087 dimisit,
1431 1027 1630 1074 vetans
1666 1035 1731 1074 ne
1768 1018 1899 1088 quid
1933 1019 2084 1070 acci-

506 1120 728 1176 peretur
755 1127 823 1166 ex
855 1113 923 1168 iis
951 1130 1075 1182 quae
1109 1115 1432 1168 attulerant.
1480 1113 1576 1167 Sic
1601 1114 1692 1168 ille
1719 1123 1878 1168 extra
1911 1123 2082 1166 natu-

505 1201 676 1255 ralem
709 1203 929 1272 positus
982 1205 1036 1259 in
1087 1207 1370 1260 cmlestem
1411 1207 1672 1276 migrarat
1717 1207 2084 1260 conversatio-

503 1308 648 1346 nem.
699 1293 988 1360 Quodnam
1038 1299 1230 1362 enim,
1281 1299 1428 1368 quod
1489 1298 1599 1353 Deo
1651 1301 1850 1368 dignus
1899 1309 2079 1361 esset,

508 1387 855 1446 manifestius
901 1391 1087 1446 afferri
1126 1395 1303 1464 possit
1359 1393 1656 1458 indicium,
1699 1395 1857 1464 juxta
1909 1395 2082 1464 ipsius

507 1474 594 1530 Dei
633 1482 866 1536 vocem?
900 1501 917 1533 ι
945 1482 1048 1549 Qui
1082 1485 1230 1538 enim
1253 1527 1267 1547 ,
1300 1485 1398 1549 ait,
1432 1502 1542 1540 non
1573 1486 1838 1557 relinquit
1870 1496 2081 1557 patrem

501 1580 554 1623 et
581 1579 814 1627 matrem
838 1616 854 1641 ,
893 1575 1096 1631 fratres
1123 1583 1177 1632 et
1209 1568 1466 1644 sorores,
1493 1587 1546 1634 et
1577 1593 1800 1633 uxorem
1830 1586 1884 1633 et
1915 1578 2078 1644 filios,

482 1673 610 1716 .non
639 1669 725 1716 est
765 1679 851 1719 me
890 1666 1092 1735 dignus
1117 1663 1164 1721 ἀ.
1205 1689 1224 1719 ι
1257 1667 1413 1734 Qoed
1465 1671 1512 1723 si
1550 1669 1643 1738 qui
1677 1684 1784 1722 non
1818 1668 2079 1735 relinquit

497 1753 758 1823 indignus
787 1765 909 1821 est,
963 1759 1058 1828 qui
1096 1761 1405 1830 relinquit,
1443 1771 1496 1815 et
1537 1768 1645 1814 tam
1696 1769 1888 1815 exacte
1939 1763 2079 1814 hanc

495 1847 757 1904 observat
817 1850 1256 1920 perfectionem,
1315 1855 1528 1908 clarum
1587 1865 1671 1911 est
1718 1871 1844 1910 eum
1907 1855 2080 1910 fuisse

493 1939 905 2009 dignissimum.
933 1945 1045 2015 Ego
1082 1962 1216 2000 vero
1255 1957 1454 2017 praeter
1490 1949 1604 2002 haec
1633 1949 1880 2002 admiror
1909 1949 2077 2002 etiam

495 2031 667 2100 ipsius
697 2033 962 2088 eximiam
991 2036 1043 2090 in
1072 2036 1277 2094 divinis
1305 2039 1549 2094 decretis
1574 2039 1938 2110 diligentiam.
1975 2039 2077 2095 De-

492 2125 800 2180 testabatur
837 2131 987 2188 enim
1038 2131 1152 2184 Arii
1190 2132 1511 2198 vesaniam,
1561 2148 1682 2201 qua:
1722 2133 2075 2202 imperatoris

491 2219 778 2286 potentia”
827 2221 922 2274 illo
951 2229 1203 2293 tempore
1235 2226 1664 2280 accendebatur.
1701 2226 2073 2280 Abominaba-

489 2323 582 2366 tur
621 2314 828 2384 pariter
872 2317 1168 2371 amentiam
1219 2317 1578 2386 Apollinaris.
1621 2316 1856 2372 Fortiter
1909 2319 2072 2372 etiam

489 2407 758 2462 adversus
781 2423 878 2463 eos
905 2407 1226 2466 deeertabat
1252 2410 1345 2480 qui
1371 2393 1507 2465 cum.
1532 2409 1775 2464 Sabellio
1803 2412 2069 2472 sentiunt,

486 2505 542 2551 et
589 2505 706 2552 tres
766 2499 1093 2569 bypostases
1138 2501 1192 2554 in
1227 2516 1392 2553 unam
1444 2509 1672 2568 cogunt.
1721 2497 1890 2555 Valde
1939 2516 2074 2569 prae-

488 2600 634 2643 terea
666 2590 1028 2646 aversabatur
1067 2592 1334 2647 Eucbitas
1368 2606 1508 2660 quos
1557 2593 1756 2644 vntrant
1779 2631 1792 2654 ,
1826 2591 1919 2660 qui
1969 2592 2072 2646 sub

487 2683 804 2738 monastico
854 2684 1045 2739 habitu
1103 2684 1296 2737 morbo
1331 2683 1587 2737 laborant
1619 2681 2067 2738 Monicltmorum.

489 2772 656 2830 Zelus
684 2787 866 2830 autem
903 2791 1003 2846 pro
1032 2775 1243 2847 1147
1271 2776 1509 2832 det-retis
1537 2777 1931 2832 ecclesiasticis
1961 2788 2069 2830 tam

487 2867 688 2923 ardens
746 2869 800 2922 in
857 2869 952 2922 illo
1009 2869 1143 2932 fuit,
1180 2880 1235 2922 ut
1280 2871 1444 2924 etiam
1491 2871 1758 2926 adversus
1792 2871 2070 2924 admiran-

487 2959 615 3012 dum
656 2967 712 3014 et
743 2959 992 3014 divinum
1029 2962 1208 3014 virum
1259 2961 1464 3032 justam
1493 2962 1906 3017 dimicationem
1943 2978 2068 3018 sus-

1475 266 1963 326 TUEOL’ORETI
2021 268 2354 330 Ei’lSCUPl
2414 274 2779 334 CYRENSIS

991 397 1011 428 ε
1053 379 1248 442 Abite,
1283 378 1484 448 inquit,
1519 395 1644 432 cum
1684 379 1753 433 iis
1789 394 1912 448 qua:
1946 389 2063 432 atto

2192 383 2485 452 ἐκομίσατε
2513 402 2527 415 ·
2570 387 2729 454 ἡμεῖς
2757 386 2868 456 γὰρ
2893 385 3096 438 τούτων
3123 385 3334 464 quosve;
3367 388 3490 439 οὔτε
3519 388 3770 458 δεόμεῢα,

3625 265 3771 330 1226

2190 475 2314 528 οὔτε
2364 478 2416 528 εί.
2456 476 2740 546 δεοίμεθα,
2774 467 3100 548 δεξαίμεθα·
3151 478 3393 548 φυσικῆς
3423 480 3533 551 γὰρ
3577 497 3774 549 συγγε-

2189 567 2362 632 νείαςι,
2402 566 2516 620 ἀλλ’
2547 568 2608 620 οὐ
2643 567 2792 630 θείας
2842 569 3139 637 Θεραπείας
3185 571 3612 640 πεφροντικότες
3651 573 3772 624 τούς

2188 674 2300 720 τοις
2333 659 2481 728 ἡμᾶς
2535 659 2976 730 φιλοφρονεῖσθαι
3031 660 3379 730 βεϐούλησθε.
3434 663 3498 716 Ei
3549 664 3771 734 γὰρμὴ

2192 750 2360 819 μόνην
2384 750 2478 806 τοῦ
2506 751 2694 819 γένους
2735 753 2962 820 ἐτιμᾶτε
2998 754 3097 823 τὴν
3131 755 3470 824 ἀγχιστείαν,
3506 757 3605 825 οὐχ
3639 758 3773 825 ἡμῖν

2192 844 2372 913 μόνοις
2399 844 2741 914 μετεδώκατε
2786 845 2851 898 ἂν
2877 839 2953 898 ὧν
2981 847 3268 915 ἠνέγκατε,
3310 866 3330 899 ι
3368 847 3552 900 Ταῦτα
3595 848 3775 914 λέγων

2185 935 2276 988 τὸν
2311 936 2624 1005 ἀδελφιδοῦν
2657 937 2794 1007 μετὰ
2833 937 2933 1006 τῆς
2965 937 3200 1006 ἀδελφῆς
3229 937 3618 1008 ἀπεπέμψατο,
3650 940 3776 991 οὐδὲ

2188 1027 2362 1098 βραχύ
2408 1045 2459 1081 τι
2495 1029 2602 1082 τῶν
2655 1031 2785 1099 παρ’
2832 1029 3011 1084 αὐτῶν
3057 1031 3532 1100 προσενεχθέντων
3575 1031 3776 1086 ὑποδε-

2186 1118 2378 1189 χθῆναι
2429 1119 2712 1183 κελεύσας.
2761 1119 2948 1182 Οὕτως
2995 1119 3100 1184 ἔξω
3143 1122 3238 1190 τῆς
3272 1122 3486 1189 φύσεως
3527 1119 3635 1192 ἦν,
3677 1125 3776 1175 καὶ

2185 1210 2267 1272 είς
2296 1209 2392 1281 τὴν
2433 1211 2542 1264 τῶν
2571 1211 2817 1282 ούρανῶν
2855 1211 3218 1281 μεταὸεὸῆκει
3259 1213 3553 1266 πολιτείαν.
3615 1215 3777 1266 Ποῖον

2184 1301 2293 1372 γὰρ
2325 1303 2388 1357 ἄν
2415 1321 2496 1366 τις
2520 1303 2709 1358 τούτου
2738 1304 3070 1374 σαφέστερον
3094 1305 3364 1374 παράσχοι
3392 1307 3774 1375 παράδειγμα.

2182 1394 2263 1447 ὅτι
2313 1393 2405 1446 τοῦ
2435 1395 2570 1447 Θεοῦ
2623 1395 2771 1459 ἄξιος
2819 1391 2917 1466 ἦν,
2953 1395 3096 1449 κατὰ
3134 1395 3231 1466 τὴν
3284 1395 3447 1449 αὑτοῦ
3485 1397 3580 1450 τοῦ
3632 1398 3774 1452 Θεοῦ

2184 1489 2410 1556 φωνήνς
2454 1506 2472 1540 ι
2514 1488 2571 1541 '0
2629 1487 2702 1557 μὴ
2750 1488 3179 1557 καταλιμπάνων
3244 1490 3354 1560 γὰρ
3379 1531 3394 1554 ,
3430 1491 3567 1561 φησὶ
3592 1529 3607 1553 ,
3659 1508 3774 1542 πα-

2181 1581 2336 1650 τέρα,
2386 1581 2481 1634 καὶ
2521 1581 2756 1650 μητέρα,
2787 1582 2882 1634 καὶ
2922 1581 3204 1650 ἀδελφοὺς,
3255 1585 3348 1636 καὶ
3380 1583 3640 1652 ἀδελφὰς,
3673 1586 3776 1638 καὶ

2181 1675 2412 1740 γυναῖκα
2436 1711 2451 1733 .
2500 1673 2592 1728 καὶ
2617 1672 2801 1734 τέκνα,
2842 1674 2941 1725 οὐκ
2975 1673 3092 1726 ἔστι
3131 1691 3233 1744 μου
3273 1673 3439 1739 ἄξιος.
3483 1694 3500 1726 ι
3537 1677 3609 1730 EE
3651 1677 3714 1729 δὲ
3747 1681 3777 1730 ὁ

2185 1764 2258 1834 μὴ
2306 1764 2732 1834 καταλιμπάνων
2775 1765 2995 1829 ἀνάξιος
3022 1805 3036 1825 ,
3077 1767 3106 1818 ὀ
3140 1766 3572 1836 καταλιμπάνων
3597 1811 3611 1833 ,
3675 1770 3779 1821 καὶ

2179 1853 2416 1920 τοσαύτῃ
2474 1852 2754 1924 χρώμενος
2807 1853 3027 1924 ἀκριϐεῖ
3089 1855 3420 1926 τελειότητι,
3476 1858 3642 1926 δῆλον
3695 1859 3778 1921 ὡς

2178 1942 2475 2006 ἀξιώτατος
2502 1939 2590 2013 ἦν.
2635 1941 2775 2010 Ἐγὼ
2817 1942 2874 1995 δὲ
2927 1943 3064 2012 πρὸς
3111 1945 3319 2009 τούτοις
3366 1943 3642 2015 Θαυμάζω
3675 1949 3777 1999 καὶ

2177 2035 2276 2104 τὴν
2321 2035 2430 2087 τῶν
2474 2034 2633 2088 Θείων
2677 2035 2844 2088 αὑτοῦ
2891 2034 3179 2104 δογμάτων
3223 2035 3530 2107 ἀκρίϐειαν.
3581 2037 3771 2090 Ἐεδες

2177 2127 2398 2180 λύττετο
2431 2126 2528 2196 μὲν
2557 2127 2667 2198 γὰρ
2698 2127 2796 2198 τὴν
2844 2128 3056 2197 Ἀρείου
3087 2127 3286 2198 μανίαν
3313 2128 3418 2183 ύπὺ
3458 2129 3566 2198 τῆς
3611 2128 3770 2198 βασι-

2174 2219 2331 2288 λικῆς
2368 2218 2684 2282 δυναστείας
2722 2221 2841 2274 κατ’
2873 2207 3090 2272 ’ἐκεῖνον
3117 2219 3209 2273 τὸν
3238 2220 3429 2290 καιρὸν
3453 2221 3766 2290 ἐξαπτομὲ-

2176 2328 2272 2381 νην
2297 2328 2312 2342 ·
2341 2313 2679 2380 ἐμυσάττετο
2704 2312 2759 2365 δὲ
2788 2313 2880 2366 καὶ
2911 2311 3008 2382 τὴν
3043 2313 3433 2384 Ἀπολιναρίου
3463 2315 3765 2384 φρενοδὶάο

2175 2404 2347 2457 ϐειαν,
2380 2405 2682 2474 Διεμάχετο
2708 2404 2765 2460 δὲ
2805 2404 3067 2472 γενναίως
3099 2406 3195 2458 καὶ
3227 2408 3337 2468 τοῖς
3367 2405 3437 2458 τὰ
3461 2405 3758 2466 Σαϐελλῖου

2174 2495 2452 2566 φρονοῦσι,
2500 2498 2594 2550 καὶ
2639 2495 2737 2560 τὰς
2788 2499 2938 2568 τρεῖς
2974 2498 3302 2559 ὑποστάσεις
3336 2500 3417 2560 είς
3473 2497 3613 2567 μίαν
3639 2517 3760 2551 συν-

2173 2589 2416 2656 άγουσιν.
2441 2589 2842 2659 Ἀπεστρὲφετο
2871 2590 2928 2644 δὲ
2959 2589 3154 2660 κομιδῇ
3191 2591 3283 2644 καὶ
3325 2590 3454 2654 τοὺς
3499 2593 3763 2660 ὀνομαζο-

2175 2680 2371 2748 μένους
2410 2679 2665 2749 Εύχίτας.
2699 2681 2757 2734 ὲν
2793 2679 3072 2750 μοναχικῷ
3110 2682 3464 2752 προσχήματι
3489 2684 3560 2735 τὰ
3588 2684 3763 2736 Μανι-

2171 2770 2338 2840 χαίων
2369 2770 2678 2835 νοσοῦντας.
2708 2771 2866 2825 Οὕτω
2890 2771 2945 2824 δὲ
2970 2770 3171 2841 θερμὸν
3202 2765 3317 2842 εἶχε
3355 2771 3448 2824 τὸν
3471 2771 3614 2842 ὑπὲρ
3649 2772 3761 2823 τῶν

2171 2862 2640 2933 ὲκκλησιαστικῶν
2675 2864 2958 2932 δογμάτων
2994 2863 3176 2934 ζῆλον,
3227 2863 3308 2917 ὅτι
3346 2864 3442 2916 καὶ
3476 2865 3614 2933 πρὸς
3669 2865 3763 2916 ἄν.

2169 2957 2272 3026 δρα
2305 2957 2610 3027 θαυμάσιόν
2639 2975 2697 3010 τε
2719 2959 2812 3011 καὶ
2839 2957 2980 3010 θεῖον
3003 2957 3215 3012 δικαίαν
3239 2955 3528 3020 ἀνεδέξατο
3552 2957 3762 3026 μάχην.

485 3052 713 3119 ceperit.
762 3051 1064 3108 Abraatnes
1117 3054 1261 3108 enim
1313 3053 1538 3124 quidam
1594 3071 1764 3110 senex
1807 3064 1926 3111 erat
1975 3056 2064 3109 illa

2173 3046 2494 3117 Ἀϐραάμης
2517 3065 2598 3110 τις
2621 3042 2689 3119 ἦν
2723 3047 2865 3104 κατὰ
2882 3048 2982 3119 τὴν
3019 3047 3225 3118 ἔρημον
3251 3047 3481 3118 ἐκείνην,
3513 3049 3766 3116 πρεσϐύ-

487 3142 818 3208 solitudine,
852 3144 940 3198 vir
981 3161 1123 3200 cano
1161 3146 1344 3216 capite
1372 3189 1386 3211 ,
1440 3147 1536 3203 sed
1577 3147 1752 3219 magis
1774 3162 1910 3202 cana
1938 3164 2070 3218 prn-

485 3233 700 3296 dentia,
755 3235 903 3288 omni
961 3236 1168 3290 virtute
1219 3237 1438 3300 clarus,
1484 3245 1540 3293 et
1590 3238 1788 3294 uberes
1844 3240 2068 3294 assidue

489 3322 728 3380 fundens
795 3325 1069 3399 lacrymas
1126 3331 1592 3400 compunctionis.
1644 3331 1696 3386 ls
1748 3333 2065 3404 principio,

483 3416 721 3492 quadam
750 3419 1014 3475 inductus
1039 3423 1393 3491 simplicitate
1414 3465 1428 3488 ,
1459 3425 1694 3493 primum
1714 3425 2065 3494 pascbaper-

485 3526 648 3581 agere
697 3527 808 3568 non
843 3513 1162 3568 dubitarat:
1205 3516 1470 3581 ignorans
1495 3555 1509 3576 ,
1545 3524 1602 3569 ut
1634 3510 1896 3586 app’aret,
1944 3533 2066 3587 qua:

483 3603 586 3657 hac
624 3603 694 3659 de
726 3620 788 3659 re
813 3604 1010 3661 Nicaeae
1049 3621 1078 3660 a
1105 3606 1358 3662 Patribus
1389 3607 1604 3661 fuerant
1637 3610 1971 3677 constituta,
2011 3621 2065 3664 et

481 3695 724 3764 antiqua
757 3698 989 3766 cupiens
1021 3701 1233 3753 servire
1258 3701 1669 3755 consuetudini.
1707 3701 1858 3756 Multi
1898 3719 2063 3772 porro

481 3785 671 3839 itidem
701 3788 793 3839 alii
829 3789 1023 3842 eadem
1062 3789 1114 3843 id
1150 3792 1415 3860 temporis
1453 3791 1798 3861 ignoratione
1842 3795 2063 3850 labora-

480 3876 632 3934 bant.
676 3878 780 3933 Sed
816 3895 1046 3952 magnus
1070 3881 1386 3939 Marcianus
1411 3927 1425 3946 ,
1458 3887 1646 3942 multis
1691 3903 1834 3958 saepe
1881 3892 2060 3948 verbis

478 3979 712 4026 conatus
731 3986 915 4028 senem
939 3975 1266 4031 Abraamem
1302 3978 1405 4049 (sic
1429 3979 1583 4033 illum
1605 3982 1956 4052 appellabant
1981 3989 2060 4039 in-

475 4063 710 4135 digenaa)
741 4075 796 4120 ut
825 4081 947 4120 cum
969 4066 1214 4124 Ecclesia
1237 4074 1576 4129 consentiret
1595 4077 1906 4140 traducere,
1933 4093 2057 4134 cum

475 4155 844 4212 reluctantem
880 4159 1129 4224 videret,
1165 4173 1356 4232 aperte
1387 4180 1510 4219 cum
1542 4182 1607 4222 eo
1642 4172 2058 4224 communicare

473 4247 704 4302 destitit.
739 4247 1029 4321 Temporis
1061 4263 1244 4309 tamen
1270 4271 1560 4323 successu,
1589 4259 1812 4314 divinus
1837 4261 1924 4315 ille
1951 4263 2052 4329 vir,

472 4342 719 4398 abstersa
740 4345 974 4409 macula,
989 4355 1042 4400 et
1063 4349 1115 4400 in
1134 4346 1274 4404 festo
1286 4351 1618 4405 celebrando
1634 4352 1896 4408 Ecclesiae
1913 4369 2048 4408 con-

471 4449 693 4492 sensum
719 4440 1026 4502 amplexus,
1053 4457 1180 4496 vere
1209 4443 1430 4505 cecinit,
1469 4464 1485 4495 ι
1517 4444 1668 4498 Beati
1708 4447 2047 4503 imn'iaculati

471 4523 528 4580 in
571 4526 694 4589 via,
737 4531 834 4589 (Illi
885 4532 1168 4586 ambulant
1213 4535 1266 4588 in
1314 4535 1782 4606 lege'Dominid'.
1813 4557 1831 4591 ι
1869 4540 2048 4609 Atque

473 4614 638 4686 huius
672 4620 917 4688 praaclari
949 4621 1217 4678 facinoris
1257 4635 1455 4680 auctor
1491 4628 1603 4684 fuit
1641 4645 1875 4699 magnus
1903 4630 2048 4687 Mar-

469 4721 685 4768 Cianus.

540 4865 679 4926 Huic
720 4884 854 4926 sane
887 4871 1043 4924 multi
1077 4875 1318 4930 oratoria
1366 4878 1552 4938 inultis
1589 4881 1643 4936 in
1695 4881 1830 4948 locis
1879 4885 2050 4942 aedili-

467 4967 665 5047 carnnt
701 4976 715 5012 :
751 4959 804 5014 in
825 4962 1214 5032 (lyr-equidem
1238 4969 1447 5026 sororis
1462 4971 1584 5040 ejus
1611 4973 1757 5030 filius
1785 4975 2042 5047 A'ypius:

466 5046 521 5098 in
563 5046 825 5106 Chalcide
855 5067 986 5106 vero
1038 5053 1355 5112 Zenobiana
1391 5064 1639 5130 quaedam
1667 5106 1681 5128 ,
1738 5075 1790 5120 et
1849 5053 2048 5137 genere

463 5157 479 5190 ι
501 5139 612 5194 lara
637 5182 652 5205 ,
689 5150 746 5198 et
775 5143 1020 5216 insignis
1054 5149 1292 5215 virtute,
1331 5161 1384 5206 et
1419 5157 1635 5226 magnis
1667 5159 1880 5227 pollens
1905 5159 2046 5215 diri-

468 5234 583 5288 tiis.
624 5233 772 5291 Idem
805 5247 860 5292 et
908 5241 1000 5294 alii
1031 5259 1250 5313 quoque
1281 5245 1555 5303 faciebant
1597 5266 1710 5306 non
1741 5256 1932 5320 pauci,
1959 5258 2043 5311 vi-

465 5335 676 5382 etorem
715 5328 868 5384 illum
909 5333 1172 5389 athletam
1208 5337 1272 5390 ad
1317 5353 1377 5392 se
1407 5355 1600 5410 rapere
1627 5347 2040 5403 contendentes.

461 5415 617 5477 Quod
661 5419 824 5482 homo
870 5422 964 5480 Dei
1005 5442 1130 5479 cum
1163 5429 1479 5494 didit-isset,
1522 5433 1900 5492 admirabilem
1935 5444 2042 5494 Eu-

459 5505 675 5562 sebium
734 5527 927 5584 rogat,
1009 5519 1238 5574 terroris
1301 5523 1464 5591 pleno
1523 5524 1676 5585 illum
1729 5529 2039 5602 astringcns

533 5680 552 5714 ’⁵
587 5683 771 5739 Matth.
814 5705 864 5750 ι,
907 5691 988 5742 57.
1074 5693 1099 5730 d
1137 5701 1148 5711 '
1185 5699 1326 5751 l‘sal.
1363 5716 1550 5770 cum,
1594 5707 1640 5758 l.

2171 3156 2269 3207 της
2305 3141 2464 3210 ἀνὴρ,
2498 3139 2691 3192 πολιὰν
2720 3140 2818 3212 μὲν
2851 3140 2988 3210 ἔχων
3027 3140 3128 3209 τὴν
3186 3140 3368 3209 τρίχα,
3420 3138 3764 3208 πολιώτεροι-ι

2169 3233 2225 3286 δὲ
2253 3232 2312 3285 τὸ
2337 3233 2613 3304 φρόνημα,
2649 3233 2817 3304 ἀρετῇ
2853 3233 3000 3304 πάσῃ
3023 3232 3280 3303 λάμπων,
3319 3232 3404 3286 καὶ
3424 3230 3768 3296 amazon.»

2169 3324 2258 3377 ἀεὶ
2308 3324 2372 3376 τὸ
2413 3325 2511 3395 τῆς
2554 3325 2914 3390 κατανύξεως¹
2943 3325 3202 3396 δάκρυον.
3248 3321 3408 3388 Οὗτος
3454 3327 3770 3395 καταρχὰς

2170 3419 2274 3471 ὑπό
2297 3435 2439 3480 τινος
2463 3419 2771 3488 ἁπλότητος
2808 3419 3071 3488 ὑπαχθεὶς
3094 3459 3109 3482 ,
3141 3419 3202 3472 τὸ
3235 3419 3446 3488 πρῶτον
3475 3418 3767 3470 ἐπιτελεῖν

2166 3510 2414 3580 ἠνείχετο
2464 3511 2659 3581 Πάσχα
2689 3528 2705 3544 ο
2766 3512 2978 3579 ἀγνοῶν
3034 3512 3154 3582 μὲν,
3217 3512 3291 3576 ὡς
3333 3511 3502 3572 είκδς,
3528 3511 3598 3563 τὰ
3623 3513 3764 3581 περὶ

2165 3599 2357 3654 τούτου
2413 3604 2526 3664 τοῖς
2582 3603 2861 3673 Πατράσιν
2903 3603 3201 3674 ὲνοΝικαίᾳ
3253 3602 3758 3672 νενομοθετημένα,

2165 3691 2276 3746 ἑοει
2308 3692 2365 3746 δὲ
2396 3693 2612 3764 ἀρχαίῳ
2643 3693 2916 3747 δουλεύειν
2944 3695 3287 3764 αἱρούμενος.
3317 3694 3509 3746 Πολλοὶ
3553 3695 3612 3746 δὲ
3663 3699 3762 3747 καὶ

2162 3785 2311 3839 ἄλλοι
2356 3786 2475 3838 κατ’
2527 3787 2706 3842 ἐκεῖνο
2760 3785 2854 3840 τοῦ
2901 3787 3098 3856 καιροῦ
3147 3787 3354 3858 ταύτην
3399 3788 3624 3840 ἐνόσουν
3651 3791 3758 3857 τὴν

2161 3877 2403 3945 ἄγνοιαν.
2447 3877 2584 3931 Ἀλλ’
2610 3879 2638 3931 ὁ
2665 3879 2838 3948 μέγας
2868 3881 3206 3951 Μαρκιανὸς,
3240 3880 3453 3942 πολλοῖς
3487 3882 3586 3949 μὲν
3617 3882 3758 3932 πολ-

2160 3968 2317 4032 λάκις
2350 3971 2696 4044 χρησάμενος
2722 3970 2923 4038 λόγοις,
2953 3972 3215 4044 ἐπειράθη
3271 3973 3362 4026 τὸν
3425 3973 3758 4044 πρεσϐύτην

2171 4061 2516 4132 Ἀὁραάμηνο
2556 4062 2701 4115 οὕτω
2747 4062 2855 4132 γὰρ
2895 4062 3057 4116 αὐτὸν
3085 4064 3134 4116 οἱ
3173 4063 3432 4134 ἐγχώριοι
3467 4065 3764 4134 προσηγό-

2161 4175 2337 4228 ρευον,
2365 4159 2444 4221 είς
2469 4158 2568 4228 τὴν
2615 4159 2716 4227 τῆς
2763 4158 3090 4230 Ἑκκλησίας
3130 4163 3464 4229 μεταγαγεῖν
3513 4178 3762 4230 augeo»-

2157 4251 2297 4304 νίαν.
2345 4247 2702 4302 ’Λπειθοῦντα
2736 4249 2792 4303 δὲ
2835 4249 3204 4321 Θεασάμενος,
3243 4252 3340 4319 τῆς
3403 4252 3545 4321 πρὸς
3579 4254 3765 4306 αὑτὸν

2159 4340 2452 4412 προφανῶς
2467 4342 2754 4404 κοινωνίας
2775 4343 2988 4412 ἀπέστη
3007 4359 3020 4370 ’
3054 4342 3192 4395 ἀλλὰ
3204 4344 3400 4414 χρόνου
3415 4342 3764 4409 διελθόντος.

2084 4409 2123 4462 D
2152 4434 2180 4485 ὁ
2202 4409 2487 4496 δεσπέσιος
2515 4434 2721 4496 ἐκεῖνος
2754 4434 2912 4504 ἀνὴρ,
2943 4409 3257 4505 ἀὲτορρεψοίξ
3271 4435 3362 4488 τὸν
3384 4435 3605 4506 μῶμον,
3659 4442 3772 4491 καὶ

2153 4526 2254 4596 τῆς
2287 4525 2436 4588 θείας
2465 4511 2663 4597 ἑορτῆς
2682 4527 2974 4595 ἀγαπήσας
2998 4526 3097 4597 τὴν
3129 4528 3470 4597 συμφωνίαν,
3507 4529 3772 4598 ἔψαλλεν

2153 4617 2432 4689 ἀληθεύων
2467 4634 2481 4648 ·
2547 4637 2564 4668 ι
2597 4619 2876 4689 Μακάριοι
2930 4620 2978 4671 οί
3043 4621 3264 4690 ἄμωμοι
3299 4622 3356 4674 ἐν
3383 4620 3526 4691 ὀδῷ,
3555 4624 3618 4674 οἱ
3651 4641 3774 4677 πο-

2157 4710 2444 4783 ρευόμενοι
2493 4711 2551 4762 ὲν
2588 4711 2738 4782 νόμῳ
2790 4711 3017 4780 Κυρίου.
3051 4729 3070 4763 ι
3117 4713 3227 4766 Καὶ
3255 4711 3412 4765 τοῦτο
3437 4713 3628 4783 δὲτῆς
3651 4717 3776 4772 τοιτῖ

2158 4803 2394 4872 μεγάλου
2419 4802 2741 4873 Μαρκιανοῦ
2775 4802 3129 4868 διδασκαλίας
3157 4804 3508 4875 κατόρθωμα.

2222 4893 2410 4964 Τούτῳ
2454 4894 2638 4948 πολλοὶ
2690 4894 2789 4963 μὲν
2847 4895 3113 4968 πολλαχοῦ
3169 4897 3370 4967 σηκοὺς
3406 4899 3786 4970 aiax-.ng

2149 4985 2462 5056 ἐδείμαντοο
2515 4986 2572 5037 ἐν
2618 4985 2784 5056 Κύρνε»
2849 4987 2946 5056 μὲν
2991 4990 3020 5042 ὁ
3071 4987 3380 5057 ἀδελφιδοῦς
3433 4987 3732 5058 ’Δλύπεος
3763 5011 3784 5027 .

2150 5076 2452 5147 Ζηνοόιανὴ
2493 5076 2550 5128 δέ
2575 5094 2657 5140 τις
2698 5080 2756 5130 ὲν
2799 5077 3046 5143 Χαλκίδι,
3092 5080 3188 5136 καὶ
3219 5079 3366 5148 γένει
3411 5079 3786 5154 λάμπουσα,

2153 5171 2249 5226 καὶ
2271 5173 2438 5240 ἀρετῇ
2470 5170 2870 5240 διαπρέπουσα,
2897 5172 2991 5223 καὶ
3042 5171 3273 5224 πλούτου
3313 5174 3622 5246 περιουσῖᾳ
3671 5199 3794 5234 κο.

2157 5261 2334 5331 μῶσα.
2367 5261 2472 5314 Καὶ
2503 5260 2680 5330 ἕτεροι
2715 5260 2768 5313 δὲ
2807 5260 2907 5312 οὐκ
2939 5261 3109 5327 ὀλίγοι
3149 5261 3282 5314 αὐτὸ
3325 5261 3484 5314 τοῦτο
3529 5263 3794 5334 ἔδρων,

2150 5353 2237 5406 τὸν
2260 5353 2554 5423 νικηιρόρον
2587 5354 2792 5407 ἐκεῖνον
2817 5351 3056 5422 ἀθλητὴν
3080 5353 3325 5422 ἁρπάσαι
3358 5351 3542 5422 φιλονε
3557 5360 3801 5413 sxa-3y-

2145 5461 2254 5508 τες.
2285 5443 2457 5497 Τοῦτο
2480 5445 2642 5512 γνοὺς
2675 5446 2705 5497 ὁ
2739 5443 2832 5498 τοῦ
2880 5443 3018 5498 Θεοῦ
3061 5443 3364 5513 ἄνθρωπος,
3423 5452 3800 5514 παρεκάλει

2148 5537 2234 5590 τὸν
2263 5537 2566 5604 θαυμάσιον
2592 5539 2798 5591 ἐκεῖνον
2829 5536 3110 5600 causam),
3144 5538 3336 5607 ἕρκους
3367 5536 3518 5609 αὐτῷ
3569 5557 3802 5612 τερος-
