3974 6212
265 234 406 302 1337
669 284 674 288 .
1497 234 1719 295 RELIG
1729 233 1820 293 10:

1936 233 2325 300 I-IISTORI'A.
3405 233 3548 298 1338

270 345 504 413 ανεγκὼν
521 343 772 413 δείματος
788 342 987 406 παντὸς
1005 342 1296 413 γέμοντας,
1310 342 1366 396 ὲν
1379 343 1573 414 ἐκείνῳ
1586 344 1664 414 τῷ
1677 345 1820 413 χωρία

1926 383 1932 400 .
1960 343 2357 412 jurejurando,
2395 353 2451 398 ut
2481 358 2684 414 corpus
2715 358 2874 397 suum
2902 343 2996 396 illo
3029 342 3083 396 in
3111 344 3233 398 loco
3266 346 3508 415 deponat
3531 394 3544 411 ,

267 438 577 492 καταθεῖναι
604 436 665 489 τὸ
683 435 862 505 σῶμα,
885 437 979 488 καὶ
996 435 1199 506 μηδένα
1213 435 1505 504 διαγνῶναι
1537 436 1629 492 τὸν
1650 439 1843 505 τάφον,

267 530 404 600 πλὴν
423 529 516 584 δύο
530 529 640 584 τῶν
657 528 1074 600 ,συνηθεστέρων
1097 529 1383 591 συνοίκων,
1415 529 1612 601 μέχρις
1651 530 1718 583 ἂν
1758 530 1845 583 δι-

264 623 392 695 έλθῃ
409 621 568 685 πολὺς
583 621 720 676 ὲτῶν
738 620 863 690 ἀριθ
873 622 992 690 μός.
1001 622 1110 676 Καὶ
1122 620 1308 676 τοῦτον
1321 621 1411 674 τὸν
1425 623 1588 691 ὅρκον
1598 624 1626 675 ό
1638 621 1735 674 θαυ
1743 623 1846 691 μά-

264 731 375 777 σιος
387 715 590 776 ἐκεῖνος
609 713 928 783 ἐπλήρωσεν
945 713 1252 783 ἄνθρωπος.
1271 713 1490 782 Ἐπειδὴ
1504 709 1726 785 γάρῆκε
1748 713 1842 765 τοῦ

261 805 550 874 νικηφόρου
569 804 631 857 τδ
645 803 822 870 τέλος,
839 803 935 856 καὶ
947 804 1104 874 χορὸς
1122 803 1374 872 ἀγγέλων
1391 803 1489 871 τὴν
1522 803 1672 873 ἱεράν
1700 802 1845 856 ὲκεί-

257 911 352 961 νην
369 895 460 947 καὶ
476 894 626 948 θείαν
638 893 814 964 ψυχὴν
829 895 909 956 είς
921 894 1015 957 τὰς
1033 897 1090 946 ὲν
1109 894 1168 946 οὺ
1179 891 1322 964 ρανῷ
1337 892 1504 962 μονὰς
1523 892 1840 962 μετέθηκεν,

255 986 313 1037 οὐ
337 987 597 1056 πρότερον
631 986 800 1039 αὑτοῦ
839 985 938 1056 τὴν
983 985 1237 1057 τελευτὴν
1297 985 1696 1055 κατεμήνυσεν,
1736 985 1841 1048 ἕως

256 1077 394 1145 μετά
417 1077 526 1130 τῶν
546 1076 640 1130 δύο
663 1077 772 1130 τῶν
805 1078 1248 1148 γνωριμωτέρων
1280 1078 1372 1132 τὸν
1402 1078 1570 1146 τάφον
1615 1077 1836 1147 ὀρύξας,

253 1168 343 1220 καὶ
375 1169 434 1221 τὸ
459 1169 622 1237 σῶμα
661 1169 942 1232 καταθεὶς,
973 1170 1069 1238 τῆς
1091 1172 1194 1239 γῆς
1223 1169 1322 1240 τὴν
1353 1170 1676 1238 ἐπιφάνειαν
1706 1171 1839 1236 ἐξω-

253 1261 466 1331 μάλισε.
523 1264 632 1319 Καὶ
688 1264 1030 1333 πεντήκοντα
1078 1262 1398 1316 διελθόντων
1449 1264 1735 1330 ἐνιαυτῶν,
1801 1265 1833 1334 ἢ

250 1354 534 1419 πλειόνων,
571 1356 779 1426 μυρίων
805 1355 1344 1426 συνδεδραμηκότων,
1411 1357 1506 1410 καὶ
1547 1357 1835 1428 διηρευνη-

247 1445 422 1498 κότων
444 1447 505 1500 τὸ
533 1446 712 1516 σῶμα,
747 1447 944 1517 ἄδηλος
973 1449 1000 1500 ὁ
1031 1447 1200 1514 τάφος
1237 1449 1567 1518 μεμένηκεν.
1615 1449 1834 1520 Ἐπειδὴ

245 1535 300 1588 δὲ
328 1537 558 1602 ἕκαστος
605 1538 714 1592 τῶν
761 1530 1178 1609 προειρημένων
1216 1539 1423 1611 σηκῶν.
1470 1543 1498 1594 ὁ
1545 1541 1646 1612 μὲν
1695 1544 1832 1596 ἀπο-

248 1627 472 1694 στόλων,
505 1632 531 1684 ὁ
555 1629 614 1681 δὲ
646 1629 958 1700 μαρτύρων
993 1630 1289 1695 ὑπεδέξατο
1336 1631 1587 1700 λείψανα,
1627 1633 1834 1704 θαρρή-

246 1733 440 1781 σαντες
481 1719 667 1774 λοιπὸν
717 1722 770 1773 οἱ
817 1721 918 1788 τῆς
959 1722 1172 1776 ἐκείνου
1222 1723 1430 1794 σκηνῆς
1478 1727 1570 1778 καὶ
1613 1725 1833 1796 διδαχῆς

242 1811 592 1884 κληρονόμοι,
629 1816 733 1886 πρὸ
763 1816 857 1870 δύο
901 1817 1106 1871 τούτων
1152 1818 1290 1872 ἐτῶν
1332 1819 1580 1891 λάρνακα
1625 1821 1834 1890 λιθίνην

237 1907 780 1970 κατασκευάσαντεςζ
808 1910 867 1962 ὲν
893 1909 1064 1980 ταύτῃ
1092 1909 1187 1964 τοῦ
1209 1911 1394 1980 τιμίου
1445 1911 1698 1981 σώματος
1731 1930 1830 1983 με·

231 1992 480 2058 τέθηκαν
512 1996 582 2052 τὰ
611 1997 860 2069 λείψανα,
892 2002 1010 2064 ἑνὸς
1055 2001 1146 2054 τὸν
1188 2002 1357 2069 τάφον
1410 2003 1785 2069 ὑποδείξαντος
1814 2021 1828 2034 ·

233 2080 388 2150 οὗτος
415 2088 524 2160 γάρ
558 2091 716 2160 μόνος
743 2094 807 2146 ὲκ
825 2093 933 2146 τῶν
951 2093 1120 2162 τριῶν
1144 2097 1360 2166 περιῆν.

307 2179 566 2251 Ζηλωτὴς
599 2182 657 2236 δὲ
697 2183 985 2256 γενόμενος
1028 2185 1128 2254 τῆς
1158 2187 1366 2242 ἐκείνου
1415 2191 1615 2262 ἀρετῆς
1653 2191 1826 2244 Εὐσέ-

236 2269 354 2334 ϐιος
384 2271 755 2340 όθαυμάσιος,
787 2274 994 2327 πλείοσι
1017 2275 1284 2332 διετέλεσε
1331 2279 1514 2343 πόνοις
1557 2281 1829 2353 κατατρύ-

237 2370 347 2434 χων
374 2363 434 2416 τδ
465 2364 642 2434 σῶμα.
678 2366 865 2419 Εἴκοσι
895 2367 1004 2438 γὰρ
1043 2371 1137 2422 καὶ
1166 2372 1361 2424 ἑκατὸν
1403 2373 1625 2444 σιδήρου
1663 2391 1824 2442 περι-

234 2458 490 2526 κείμενος
545 2458 752 2529 λίτρας,
811 2459 1050 2528 ἐπέθηκε
1099 2463 1198 2532 μὲν
1251 2463 1429 2534 ἐαυτῷ
1479 2465 1700 2528 καὶτὰς
1734 2467 1827 2519 τοῦ

230 2547 511 2604 θειοτάτου
579 2550 893 2619 Ἀγαπητοῦ
918 2551 1085 2615 ἄλλας
1119 2555 1484 2624 πεντήκοντα,
1515 2556 1828 2627 προσέθηκε

228 2637 286 2690 δὲ
350 2639 446 2692 καὶ
495 2638 596 2703 τὰς
657 2639 752 2694 τοῦ
795 2642 1033 2710 μεγάλου
1097 2646 1418 2716 Μαρκιανοῦ
1471 2647 1822 2718 ὀγδοήκοντα.

223 2728 402 2798 Ἐσχε
428 2729 484 2781 δὲ
515 2731 829 2801 οἰκητήριον
852 2731 1054 2787 λάκκον
1075 2734 1196 2790 τινά
1226 2735 1434 2790 ὑδάτων
1473 2739 1827 2810 ἀπηλλαγμέ-

221 2836 340 2881 νον,
362 2818 458 2870 καὶ
489 2819 656 2888 τριῶν
683 2821 823 2873 ὲτῶν
852 2824 1086 2893 ἀριθμὸν
1109 2825 1299 2877 τοῦτον
1323 2826 1525 2895 διάγων
1558 2829 1824 2882 διετέλεσε

215 2911 308 2963 τον
350 2909 568 2980 τρόπον.
608 2913 701 2975 Εἰς
736 2913 958 2977 τούτους
1000 2915 1056 2968 δὲ
1089 2915 1282 2986 ἐξέϐην
1315 2919 1440 2980 τοὺς
1474 2919 1687 2986 λόγους,
1719 2899 1825 2973 83E:-

215 2999 308 3066 ξαι
353 2999 678 3069 βουλόμενος
732 3003 876 3066 ὅσοις
902 3005 995 3056 καὶ
1029 3004 1210 3069 ἄλλοις
1252 3007 1502 3076 μεγάλων
1545 3011 1815 3080 κατορθω-
1851 3039 1892 3096 c

221 3093 420 3162 μάτων
465 3094 492 3144 ὁ
541 3093 716 3161 μέγας
755 3097 1077 3166 Μαρκιανὸς
1132 3098 1349 3166 ἐγένετο
1402 3101 1817 3171 πρόξενος.Τῆς

217 3179 417 3234 τούτου
453 3181 774 3250 φιλοσοφίας
806 3184 1063 3239 ἀπώνατο
1097 3189 1191 3240 καί
1231 3189 1511 3254 Βασίλειος
1545 3194 1572 3245 ὁ
1606 3193 1820 3263 θαυμά-

222 3291 364 3337 σιος,
383 3277 410 3327 ὁ
434 3274 646 3338 πολλοῖς
678 3275 904 3347 ὕστερον
931 3279 1146 3348 χρόνοις
1168 3284 1317 3352 παρὰ
1347 3283 1446 3354 τὴν
1479 3286 1811 3356 Σελευκόϐη-

220 3365 318 3420 λον
349 3379 368 3396 ο
403 3366 556 3430 πόλις
585 3367 641 3420 δὲ
677 3367 816 3439 αὕτη
855 3369 951 3440 τῆς
979 3371 1180 3439 Συρίας
1205 3389 1218 3406 ο
1267 3375 1330 3426 τὸ
1368 3377 1662 3447 μοναχικὺν
1707 3379 1816 3432 δει-

227 3457 472 3527 μάμενος
505 3459 872 3527 καταγώγιον,
909 3463 1004 3515 καὶ
1043 3464 1262 3535 λάμψας
1286 3467 1383 3537 μὲν
1401 3471 1457 3522 ἐν
1492 3470 1706 3534 πολλοῖς
1737 3472 1805 3524 εί-

223 3549 373 3601 δεσιν
405 3549 628 3619 ἀρετῆς,
656 3549 875 3620 λάμψας
907 3553 963 3605 δὲ
987 3553 1353 3627 διαφερόντως
1390 3561 1447 3613 ὲν
1465 3561 1544 3632 τῷ
1579 3562 1819 3633 θεοφιλεῖ

223 3641 326 3710 τῆς
355 3642 576 3713 ἀγάπης
611 3645 871 3712 κτήματι,
922 3649 1018 3700 καὶ
1059 3650 1136 3718 τῷ
1177 3649 1308 3722 θείῳ
1359 3656 1461 3723 τῆς
1508 3655 1815 3723 φιλοξενίας

223 3738 634 3810 κατορθώματι.
708 3742 908 3804 Ὀσους
947 3743 1003 3797 δὲ
1046 3746 1141 3798 καὶ
1172 3740 1328 3811 οὗτος
1384 3741 1694 3823 παρέστησε
1736 3752 1814 3824 τῷ

223 3830 344 3901 ε)εῷ
395 3833 706 3903 «ἐργάτας,
752 3835 1129 3900 άποστολικῶς
1182 3839 1376 3904 εἰπεῖν,
1439 3842 1809 3914 άνεπαισχύν-

221 3940 369 3985 τους,
432 3925 860 3996 ὀρθοτομοῦντας
897 3929 986 3983 τὸν
1016 3930 1174 3998 λόγον
1209 3934 1306 4001 τῆς
1329 3933 1607 4003 ἀληθείας,
1651 3955 1670 3986 ι
1727 3937 1810 3999 τίς

221 4014 288 4066 ἄν
352 4015 550 4084 ῥαδίως
591 4018 980 4088 άριθμήσειεν;
1045 4025 1164 4074 Ἵνα
1195 4024 1301 4093 γάρ
1324 4027 1452 4087 τοὺς
1479 4027 1672 4091 ἄλλους
1718 4029 1810 4081 ἐπὶ

222 4103 316 4157 τοῦ
347 4106 615 4176 παρόντος
643 4111 959 4177 παραλίπω,
979 4114 1258 4180 εὐφημίας
1297 4115 1396 4183 μὲν
1417 4116 1576 4180 ὄντας
1601 4119 1806 4184 ἀξίους,

227 4196 402 4267 μῆκος
439 4197 496 4250 δὲ
543 4198 907 4267 ἐμποιοῦντας
954 4202 1034 4272 τῷ
1076 4203 1397 4276 διηγήματι,
1444 4208 1563 4272 ἑνὸς
1601 4211 1808 4265 τούτων

222 4288 320 4343 καὶ
355 4289 517 4358 μόνου
548 4290 948 4360 μνησθήσομαι.
996 4293 1244 4362 Ἐγένετο
1283 4315 1368 4360 τις
1399 4301 1590 4356 τούτου
1619 4320 1808 4374 φοιτη-

1951 439 2004 484 et
2033 432 2352 502 sepulcrum
2393 432 2628 505 1148,
2684 432 2793 486 nisi
2844 439 2967 502 post
3012 432 3231 505 longam
3277 449 3548 494 annorum

1948 523 2184 586 seriem,
2233 538 2395 578 nemo
2426 525 2566 580 sciat
2585 564 2600 586 ,
2636 534 2832 594 praater
2859 525 3196 580 domesticos
3225 525 3362 582 duos
3391 540 3551 584 cane-

1946 613 2026 666 ris
2057 612 2467 668 familiariores.
2519 613 2924 683 Jusjurandum
2958 623 3142 670 autem
3177 633 3411 686 prorsus
3441 621 3543 674 im-

1945 707 2113 774 plevit
2152 706 2317 761 homo
2345 707 2436 760 ille
2476 706 2846 762 admirabilis.
2884 709 3020 762 Nam
3061 710 3228 766 simul
3259 727 3322 764 ac
3360 713 3538 766 victor

1945 798 2199 868 egregius
2229 799 2338 851 vita
2380 796 2606 852 functus
2677 809 2802 864 est,
2864 809 2919 854 et
2976 801 3298 870 angelorum
3339 805 3546 862 chorus

1943 903 2160 942 sarram
2212 889 2360 942 illam
2421 889 2778 960 divinamque
2839 891 3076 944 animam
3129 893 3184 946 iu
3237 895 3542 952 cuslestium

1943 980 2170 1034 sedibus
2205 981 2528 1048 collocavit,
2557 998 2665 1036 non
2700 983 2859 1051 prius
2890 983 3013 1052 ejus
3043 984 3252 1038 obitum
3281 989 3296 1008 '
3329 987 3543 1044 indica-

1943 1071 2050 1134 vit,
2105 1088 2270 1142 quam
2311 1089 2436 1129 cum
2467 1074 2686 1132 duobus
2727 1075 2836 1155 illis
2885 1076 3262 1131 familiaritate
3311 1079 3543 1147 conjun-

1942 1163 2220 1234 ctioribus
2252 1165 2396 1220 facta
2440 1165 2611 1230 fossa,
2659 1179 2714 1220 et
2767 1182 2999 1237 corpore
3047 1167 3339 1238 deposito,
3375 1181 3538 1228 terra:

1940 1257 2289 1323 superficiem
2320 1258 2760 1328 complanassel.
2791 1255 2944 1312 Unde
2969 1257 3377 1329 quinquaginta
3409 1270 3536 1330 post

1939 1360 2116 1400 annos
2152 1348 2235 1402 vel
2276 1348 2462 1433 plures
2493 1351 2747 1419 elapsos,
2786 1367 2910 1405 cum
2937 1367 3002 1406 eo
3038 1351 3273 1422 profecti
3305 1352 3534 1420 plurimi

1939 1454 2150 1508 corpus
2182 1441 2475 1510 diligenter
2509 1444 2969 1514 investigassent.
3031 1445 3277 1514 ignotum
3326 1447 3532 1510 mansit

1937 1532 2276 1598 sepulcrum.
2299 1530 2600 1604 Postquam
2623 1541 2808 1588 autem
2835 1535 3274 1606 unumquodque
3303 1551 3369 1590 ex
3397 1551 3535 1606 prte-

1937 1622 2108 1679 dictis
2153 1627 2456 1692 oratoriis,
2515 1627 2621 1681 hoc
2672 1628 2894 1698 quidem
2943 1629 3363 1698 apostolorum,
3397 1630 3534 1685 illud

1940 1730 2072 1768 vero
2105 1727 2412 1785 martyrum
2446 1716 2663 1786 accepit
2711 1718 3008 1787 reliquias,
3045 1734 3240 1774 secure
3269 1719 3534 1791 deinceps

1935 1805 2055 1873 ejus
2087 1807 2304 1862 cellula:
2343 1807 2727 1877 doctrinaque
2780 1809 3031 1872 haeredes
3069 1809 3121 1863 in
3173 1826 3358 1866 arcam
3395 1813 3535 1883 lapi-

1934 1898 2090 1953 deam
2113 1939 2128 1963 ,
2157 1900 2383 1954 biennio
2409 1909 2538 1956 ante
2581 1910 2962 1958 constructam
2981 1943 2996 1968 ,
3030 1904 3254 1973 pretiosi
3282 1907 3534 1976 corporis

1933 1992 2200 2060 reliquias
2236 1994 2686 2059 transtulerunt,
2751 2010 2899 2059 uno,
2936 1995 3031 2065 qui
3077 2011 3144 2050 ex
3197 1997 3379 2053 tribus
3420 1998 3531 2054 illis

1933 2083 2089 2138 solus
2121 2093 2407 2154 superstes
2438 2094 2598 2150 erat,
2637 2086 2957 2157 sepulcrum
2993 2089 3347 2144 ostendente.

2012 2177 2148 2244 Ejus
2190 2192 2355 2246 porro
2379 2177 2606 2234 virtutis
2654 2179 2943 2234 aemulator
2980 2179 3324 2238 admirabilis
3354 2183 3529 2240 Euse-

1936 2269 2059 2323 bius
2098 2283 2304 2337 corpus
2354 2269 2612 2339 plurimis
2654 2271 2944 2326 laboribus
2988 2271 3231 2342 amigere
3276 2290 3385 2329 non
3431 2276 3532 2332 de-

1931 2361 2092 2415 stitit.
2118 2359 2250 2414 Nam
2285 2375 2409 2413 cum
2448 2360 2578 2415 ferri
2617 2372 2844 2417 centum
2879 2372 2931 2418 et
2969 2365 3160 2434 viginti
3198 2367 3366 2423 libras
3400 2385 3528 2424 cor-

1931 2453 2048 2521 pori
2084 2433 2310 2505 haberet
2355 2452 2642 2521 impositas
2670 2497 2686 2519 ,
2718 2452 2825 2507 sibi
2872 2453 3010 2508 alias
3038 2433 3320 2525 imposuit
3353 2460 3528 2515 divini

1929 2545 2152 2613 Agapeti
2187 2545 2592 2614 quinquaginta
2627 2561 2640 2599 :
2667 2546 2801 2613 quin
2831 2552 2886 2599 et
2915 2546 3099 2614 magni
3133 2563 3356 2618 quoque
3383 2549 3526 2603 Mar-

1929 2637 2071 2690 ciani
2128 2637 2265 2691 alias
2315 2637 2518 2706 adjecit
2572 2639 2877 2708 octoginta.
2925 2639 3165 2709 Eratque
3197 2641 3245 2694 ei
3295 2641 3526 2697 domici-

1931 2730 2061 2782 lium
2116 2731 2269 2784 lacus
2333 2730 2558 2801 quidam
2615 2732 2777 2801 aquis
2822 2746 3074 2797 vacuus,
3141 2734 3194 2786 in
3245 2748 3356 2802 quo
3413 2743 3526 2790 tres

1928 2837 2106 2877 annos
2163 2823 2486 2892 hujusmodi
2549 2825 2720 2878 vitam
2775 2824 2953 2880 duxit.
3018 2826 3097 2880 Ad
3162 2826 3277 2882 lucc
3334 2837 3520 2885 autem

1926 2915 2259 2984 explicanda
2288 2931 2354 2970 eo
2375 2932 2500 2970 sum
2525 2917 2814 2984 digressus
2837 2956 2852 2982 ,
2891 2925 2948 2972 ut
2979 2919 3328 2974 ostenderem
3357 2937 3522 2992 quam

1927 3008 2115 3061 multis
2151 3008 2272 3063 aliis
2303 3007 2635 3062 cximiarum
2681 3009 2946 3064 virtutum
2980 3020 3180 3066 auctor
3211 3013 3377 3067 fuerit
3403 3029 3522 3068 ma-

1923 3096 2411 3166 gnusMareianus.
2431 3098 2610 3166 Hujus
2634 3099 3002 3170 philosophia:
3027 3099 3267 3156 fructum
3300 3119 3522 3174 quoque

1935 3189 2185 3264 percepit
2217 3188 2580 3244 admirandus
2623 3189 2716 3244 ille
2755 3190 3032 3258 L’asilius,
3066 3195 3159 3264 qui
3192 3195 3356 3265 longo
3399 3205 3523 3265 post

1922 3287 2176 3349 tempore
2228 3281 2372 3350 apud
2410 3280 2833 3338 Seleucobclum
2880 3283 3056 3356 Syriae
3109 3288 3299 3342 urbem
3333 3305 3522 3344 mona-

1919 3374 2118 3426 sticum
2159 3373 2375 3444 1149
2414 3375 2690 3429 exstruxit
2736 3376 3146 3444 habitaculum,
3199 3388 3253 3434 et
3299 3396 3423 3434 cum
3463 3382 3518 3435 in

1919 3465 2109 3520 multis
2151 3466 2451 3536 generibus
2486 3468 2753 3521 virtutum
2798 3469 3062 3523 enituerit
3086 3512 3100 3534 ,
3136 3479 3247 3524 tum
3280 3472 3519 3526 maxime

1918 3558 1972 3611 in
2004 3556 2116 3610 Deo
2152 3558 2318 3627 longe
2349 3559 2669 3627 gratissima
2703 3561 3062 3628 possessione
3095 3563 3390 3637 charitatis
3413 3603 3428 3626 ,
3463 3575 3518 3619 et

1915 3649 1969 3702 in
1995 3649 2184 3704 divino
2219 3664 2385 3717 opere
2417 3651 2841 3719 hospitalitatis.
2867 3652 3044 3718 Quam
3084 3655 3286 3708 multos
3323 3663 3510 3710 autem

1916 3741 2007 3795 hic
2042 3757 2267 3812 quoque
2301 3741 2411 3796 Deo
2451 3743 2764 3797 exhibuerit
2805 3763 2824 3796 I
2861 3745 3154 3814 Operarios
3196 3747 3500 3803 inconfusi-

1913 3835 2079 3900 biles,
2127 3845 2187 3889 ut
2232 3849 2356 3890 cum
2410 3836 2676 3907 Apostolo
2728 3837 2910 3892 dicam
2938 3851 2983 3905 ο,
3021 3847 3172 3894 recte
3203 3849 3510 3896 tractantes

1868 3924 1876 3930 ’
1914 3928 2146 3978 verbum
2188 3927 2438 3980 veritatis
2473 3967 2485 3989 ,
2545 3947 2562 3979 ι
2601 3928 2728 3996 quis
2777 3927 2940 3984 facile
2989 3932 3322 3984 enunieret?
3373 3930 3508 3983 Nam

1914 4029 1966 4073 ut
2003 4018 2145 4071 alios
2179 4018 2231 4071 in
2263 4020 2559 4087 praesentia
2593 4021 3014 4086 praetermittam
3045 4062 3058 4080 ,
3096 4022 3257 4074 laude
3289 4023 3510 4090 quidem

1913 4111 2114 4185 dignos
2143 4150 2156 4172 ,
2191 4111 2284 4164 sed
2320 4111 2413 4180 qui
2451 4111 2720 4178 prolixam
2764 4110 3060 4165 redderent
3087 4114 3505 4166 narrationem.

1913 4219 2082 4257 unum
2147 4202 2416 4256 duntaxat
2468 4203 2942 4256 commemorabo.
3000 4201 3126 4258 Fuit
3193 4205 3338 4258 inter
3386 4204 3507 4270 ejus

1911 4295 2215 4364 discipulos
2261 4293 2488 4363 quidam
2538 4292 2781 4347 Sabinus
2833 4296 3096 4358 nemine,
3155 4296 3249 4364 qui
3299 4309 3506 4364 corpus

224 4379 343 4451 τὴς,
375 4378 600 4432 Σαὸῖνον
634 4379 692 4432 δὲ
713 4379 875 4432 αὑτὸν
897 4386 1336 4455 προσηγόρευον,
1375 4387 1434 4451 ὃς
1467 4389 1650 4454 πόνοις
1707 4409 1810 4461 μυ-

1926 4389 2201 4442 :mmensis
2238 4388 2519 4441 laboribus
2553 4387 2892 4441 tnacerabat.
2925 4385 3062 4440 Nam
3091 4404 3272 4456 neque
3305 4390 3466 4459 panis
3488 4431 3503 4455 ,

227 4474 363 4541 ρίοις
407 4472 469 4525 τὺ
514 4471 672 4542 σῶμα
730 4474 1198 4548 κατεδαπάνησεν.
1257 4478 1393 4533 Οὔτε
1448 4482 1558 4554 γὰρ
1618 4485 1803 4555 ἄρτου,

221 4565 343 4618 τῦτε
378 4564 510 4633 ὄψου
532 4565 674 4628 τινὸς
731 4566 1109 4638 μετελάμὸανε
1138 4585 1152 4600 ·
1201 4572 1374 4643 τροφὴ
1433 4573 1489 4626 δὲ
1545 4571 1614 4646 ἦν
1659 4575 1808 4647 αὐτῷ

221 4657 449 4727 ἄλευρον
479 4654 631 4710 ὕδατι
667 4655 979 4726 δευόμενον.
1011 4659 1281 4727 Μιγνύναι
1314 4661 1371 4713 δὲ
1406 4661 1581 4726 οὕτως
1624 4664 1805 4718 είώθει

223 4750 403 4801 πᾶσαν
453 4745 545 4800 τοῦ
602 4747 770 4819 μηνὸς
819 4749 918 4819 τὴν
964 4750 1194 4820 τροφὴν,
1245 4751 1321 4813 ὡς
1376 4754 1677 4827 εὐρωτιᾷν,
1710 4759 1804 4811 καὶ

221 4838 422 4908 πολλὴν
451 4838 758 4908 ἐκπέμπειν
788 4839 886 4908 τὴν
913 4839 1194 4894 δυσωδίαν.
1233 4841 1518 4896 Ἐϐούλετο
1553 4845 1610 4898 δὲ
1652 4845 1803 4918 αὐτῷ

221 4930 376 4983 τοῦτο
409 4931 508 5000 τῆς
551 4931 763 4984 τοιᾶσδε
814 4932 1020 5002 τροφῆς
1058 4932 1119 4988 τὸ
1175 4928 1316 4997 εῐδος
1361 4935 1656 5006 ἀμϐλύνειν
1711 4939 1803 4992 τοῦ

223 5020 474 5089 σώματος
497 5021 594 5084 τὰς
631 5024 862 5094 ὀρέξεις,
897 5025 990 5077 καὶ
1027 5028 1093 5096 τῇ
1154 5025 1388 5098 δυσωδίᾳ
1441 5029 1541 5098 τῆς
1595 5031 1806 5101 τροφῆς

225 5108 508 5178 μαραίνειν
527 5111 628 5181 τὴν
651 5111 867 5182 ἡδονήν.
905 5112 1061 5166 Οὕτω
1095 5115 1153 5167 δὲ
1183 5116 1302 5168 καθ’
1343 5117 1534 5170 ἑαυτὸν
1577 5118 1801 5187 διάγων,

221 5199 417 5253 εἴποτέ
446 5212 528 5264 τις
551 5202 660 5253 τῶν
713 5204 1006 5274 γνωρίμων
1042 5206 1290 5274 ἀφίκετο,
1344 5207 1452 5261 τῶν
1506 5211 1804 5281 παρατιθε-

223 5293 400 5359 μένων
440 5293 695 5346 ἁπάντων
739 5295 1017 5360 ἁπλοϊκῶς
1073 5299 1469 5370 μετελάμϐανε.
1518 5302 1801 5372 Τοσαύτην

218 5384 273 5436 δὲ
302 5383 462 5454 χάριν
492 5381 677 5436 θεόθεν
703 5383 940 5451 ἐδέξατο,
966 5387 1041 5451 ὡς
1069 5392 1305 5456 γυναῖκά
1347 5408 1470 5446 τινα
1527 5393 1635 5447 τῶν
1677 5395 1798 5446 ἐπι-

225 5477 433 5542 σήμων,
499 5475 592 5526 καὶ
642 5475 731 5527 ἐπὶ
795 5477 939 5541 γένει
979 5479 1070 5530 καὶ
1114 5480 1324 5552 nimi-np
1363 5484 1793 5554 τεμνυνομένων,

254 5681 262 5688 ·
309 5647 395 5706 "ii
446 5652 675 5705 litanti.
718 5669 771 5714 τι,
816 5653 892 5706 to.

1916 4495 2098 4550 neque
2123 4480 2339 4535 obsonii
2375 4480 2488 4533 ullo
2513 4495 2712 4550 genere
2735 4479 3085 4536 vescebatur:
3121 4483 3214 4536 sed
3243 4482 3402 4536 cibus
3427 4482 3502 4535 illi

1911 4582 2028 4628 crat
2051 4571 2224 4626 farina
2254 4587 2395 4642 aqua
2423 4572 2478 4626 in
2511 4573 2658 4627 hunc
2681 4573 2904 4628 modum
2928 4573 3256 4630 madefacta.
3281 4575 3504 4629 Solebat

1913 4671 2088 4718 totum
2129 4662 2294 4717 unius
2344 4665 2554 4718 mensis
2581 4663 2765 4719 cibum
2807 4663 2876 4720 de
2910 4664 3182 4720 industria
3231 4667 3501 4726 miscere.

1913 4761 1972 4806 ut
2023 4753 2189 4806 situm
2234 4752 2625 4817 contraheret,
2683 4762 2738 4808 et
2790 4755 2933 4808 male
2987 4755 3180 4809 oleret.
3227 4755 3504 4824 Cupiebat

1915 4843 2062 4897 enim
2093 4842 2196 4896 hoc
2229 4855 2431 4911 genere
2473 4843 2726 4897 alimenti
2761 4843 3010 4898 hebetari
3051 4845 3304 4913 corporis
3335 4859 3500 4914 appe-

1910 4934 2078 4996 titus,
2123 4938 2140 4955 '
2173 4942 2228 4987 et
2263 4933 2414 4988 illius
2465 4933 2642 4988 fetore
2687 4934 2918 4988 obtundi
2954 4938 3317 5004 voluptatem.
3360 4936 3498 4989 Cum

1909 5036 2094 5079 autem
2133 5025 2251 5095 ipse
2284 5024 2365 5080 sic
2406 5027 2654 5090 viveret,
2696 5027 2740 5080 si
2784 5027 2911 5095 quis
2955 5035 3135 5080 tamen
3179 5041 3244 5080 ex
3302 5027 3496 5081 amicis

1909 5114 1974 5168 ad
2007 5130 2130 5170 eum
2162 5115 2462 5186 aliquando
2493 5117 2753 5179 veniret,
2784 5118 2854 5170 iis
2883 5133 3006 5187 quae
3034 5118 3285 5188 apposita
3316 5125 3498 5178 erant,

1913 5210 2033 5263 sine
2060 5209 2277 5264 delectu
2309 5209 2664 5264 vescebatur.
2726 5209 2956 5262 Tantam
2997 5209 3162 5279 igitur
3193 5225 3222 5264 a
3254 5209 3363 5264 Deo
3399 5210 3498 5264 ad~-

1907 5314 2066 5371 eptus
2093 5310 2178 5357 est
2209 5302 2480 5372 gratiam,
2517 5311 2577 5356 ut
2605 5303 2803 5356 mulier
2825 5304 3072 5372 quaedam
3103 5303 3446 5357 Antiochena
3477 5343 3490 5364 ,

1907 5407 2108 5460 genere
2139 5392 2342 5446 nobilis
2364 5431 2377 5454 ,
2417 5399 2468 5446 et
2498 5393 2698 5463 opibus
2730 5392 2934 5447 floreus
2959 5435 2972 5456 ,
3023 5395 3090 5448 ad
3135 5410 3258 5449 eum
3293 5393 3484 5447 confu-

1909 5483 2079 5549 gerit,
2118 5485 2438 5554 rogaritth
2479 5495 2536 5540 ut
2559 5486 2694 5539 .filize
2745 5501 2770 5536 a
2813 5485 3060 5539 (lanatum!
3092 5496 3299 5540 vexata:
3335 5501 3493 5558 opem

3939 3489 3946 3612 ι

3915 3667 3952 4454 ἑ
