3974 6212
298 231 410 296 Ιῧίί

1485 243 1894 305 RELIGIOSA
1933 249 2325 312 HISTORIA.

3391 253 3533 320 i342

289 347 484 416 έδραμε,
509 345 766 418 συνεργὸν
793 347 977 401 λαϐεῖν
1006 349 1284 414 ίκετεύων,
1314 352 1404 403 καὶ
1429 353 1526 423 τῆς
1549 353 1640 406 ὑπ’
1667 353 1832 408 αὑτοῦ

1942 359 2292 416 fundaverat.
2326 364 2530 419 Aberat
2567 370 2747 416 autem
2793 363 2991 418 stadiis
3026 361 3214 431 Viginti
3249 367 3518 437 quinque.

288 438 529 508 παγείσης
575 437 911 506 παλαίστρας
952 439 1301 512 παιδοτρίϐην
1344 459 1401 494 τε
1443 444 1536 495 καὶ
1568 443 1829 498 διδάσκαο

285 528 383 584 λον.
423 529 754 598 Ἀφειστήκει
783 529 840 582 δὲ
873 530 1127 594 σταδίους
1178 531 1338 586 πέντε
1377 533 1472 586 καὶ
1505 532 1736 597 εἴκοσιν,
1773 539 1832 590 ὲν

283 619 514 690 οῐκήματι
548 620 768 691 σμικρῷ
798 639 902 674 τινι
929 621 1068 684 λίαν,
1103 623 1222 675 οὐδὲ
1267 625 1636 694 φωταγωγοὺς
1657 625 1834 694 ἔχοντι

283 711 672 781 καθειργμένος.
739 713 1078 784 Ἐποδήγησε
1133 713 1189 766 δὲ
1246 715 1404 767 αὑτὸν
1450 715 1584 786 πρὸς
1629 716 1833 786 ταύτην

281 800 366 871 τὴν
388 803 577 873 ἀρετὴν
605 804 884 874 Μαριανὸς
912 807 940 857 ό
965 804 1152 858 τούτου
1183 806 1279 876 μὲν
1305 805 1466 867 θεῖος,
1496 805 1589 858 τοῦ
1614 806 1670 859 δὲ
1697 807 1832 860 Θεοῦ

278 892 446 955 πιστὸς
485 893 761 964 θεράπων.
804 897 996 965 Ἀρκεῖ
1046 895 1155 966 γὰρ
1194 896 1444 948 τοσοῦτον
1482 897 1676 962 εἰπεῖν,
1710 899 1834 967 ἐπεὶ

257 985 355 1035 -καὶ
385 985 581 1054 Μωσῆν
609 986 701 1038 τὸν
731 985 906 1055 μέγαν
931 990 997 1057 τῇ
1023 989 1306 1058 ἐπωνυμίᾳ
1343 987 1516 1060 ταύτῃ
1539 989 1835 1059 τετίμηκεν

273 1075 298 1126 6
318 1075 600 1144 Δεσπότης.
626 1069 792 1138 Οὗτος
820 1078 848 1128 6
871 1078 1171 1147 Μαρια-δὸς,
1201 1077 1293 1131 τοῦ
1323 1078 1468 1131 Θείον
1499 1080 1835 1148 γευσάμενος

273 1163 476 1233 ἔρωτος,
510 1167 608 1218 οὐκ
653 1166 890 1237 ἠθέλησε
928 1169 1086 1237 μόνος
1131 1171 1241 1231 τοῖς
1276 1171 1499 1237 ἀγαθοῖς
1543 1144 1834 1239 ἐντρυφᾷς),

269 1249 394 1302 ἀλλὰ
421 1251 652 1315 πολλοὺς
680 1253 777 1322 μὲν
801 1255 896 1307 καὶ
925 1255 1116 1320 ἄλλους
1145 1258 1484 1328 συνσραστάς
1518 1259 1836 1328 ἐποιήσατο,

269 1340 518 1411 ἐθῆρευσε
547 1343 604 1398 δὲ
635 1345 730 1398 κοιλ¹
761 1345 852 1399 τὸν
889 1347 1063 1416 μέγαν
1093 1349 1374 1412 Εὑσέϐιον,
1406 1352 1500 1404 καὶ
1528 1351 1618 1404 τδν
1647 1351 1835 1404 τούτου

266 1431 500 1500 ἀδελφὸν,
546 1434 639 1486 καὶ
679 1434 820 1487 κατά
873 1436 966 1488 τὸν
1006 1435 1121 1505 βίον
1149 1439 1278 1492 δντα
1309 1455 1369 1507 γε
1421 1439 1670 1507 ἀδελφόν.
1723 1438 1837 1490 Οὐκ

251 1521 472 1590 ἐὔλογον
505 1523 612 1595 γὰρ
643 1523 820 1595 ᾠήθη,
847 1516 972 1589 τοῦς
999 1528 1098 1595 μὲν
1125 1529 1276 1582 οὐδὲν
1305 1530 1453 1600 αὑτῷ
1483 1530 1838 1600 διαφέροντας

264 1611 524 1680 ἁγρεῦσαι
557 1614 694 1684 πρὸς
721 1615 950 1684 ἀρετὴν,
981 1617 1106 1680 τοὺς
1136 1618 1193 1671 δὲ
1227 1619 1540 1688 ἀδελφιδοῦς
1571 1617 1838 1690 ἀναγρεύ-

1942 467 2112 521 parvo
2158 458 2212 505 et
2263 452 2385 507 sine
2449 452 2709 509 fenestris
2762 453 3014 509 inclusus
3051 453 3390 510 habilaculn.
3448 455 3528 510 Ad

1945 543 2087 596 hanc
2118 558 2285 612 porro
2342 543 2496 598 illum
2564 547 2823 601 virtutem
2880 545 3187 601 deduxerat
3247 545 3527 602 Marianus

1939 636 2118 706 ipsius
2149 646 2418 706 patruus,
2453 637 2628 692 ﬁdelis
2662 633 2756 692 Dei
2787 638 3026 693 famulus
3065 656 3078 691 :
3113 637 3216 692 hoc
3249 639 3393 692 enim
3441 639 3527 692 di-

1942 743 2068 783 cere
2120 738 2206 783 sat
2237 728 2441 793 fuerit,
2468 744 2601 784 .cum
2649 744 2906 798 magnum
2933 744 3153 800 quoque
3187 729 3392 785 Mosetn
3423 730 3529 786 Du-

1939 821 2123 874 minus
2157 819 2260 873 hoe
2310 819 2532 874 nomine
2573 819 2902 876 honestarit.
2944 821 3224 876 Marianus
3253 821 3343 876 hic
3379 822 3526 877 divi-

1937 927 2068 964 num
2119 926 2360 966 amorem
2389 926 2511 964 cum
2557 911 2940 982 degustasset,
2992 913 3146 968 solus
3193 913 3352 968 bonis
3402 914 3509 968 frui

1939 1001 2120 1056 noluit
2150 1020 2163 1056 :
2217 1000 2312 1056 sed
2340 1011 2394 1056 et
2430 1001 2568 1055 alios
2615 1001 2821 1056 multos
2852 1001 2909 1055 in
2938 1017 3126 1055 amore
3163 1001 3346 1058 socios
3375 1004 3522 1058 asci—

1936 1094 2053 1156 vit,
2099 1102 2153 1147 et
2188 1109 2447 1162 maguum
2492 1095 2656 1150 simul
2693 1092 2992 1148 Eusebium
3015 1133 3030 1157 ,
3063 1100 3230 1161 atque
3259 1093 3377 1162 ejus
3412 1093 3527 1149 fra-

1939 1191 2110 1246 trem,
2145 1185 2294 1240 illius
2326 1185 2492 1239 etiam
2523 1186 2629 1240 vita
2667 1201 2790 1240 vere
2829 1186 3055 1239 fratrem
3092 1185 3302 1240 allcxit.
3340 1185 3528 1256 Neque

1939 1279 2082 1332 enim
2137 1287 2570 1332 consentaneum
2627 1277 2995 1340 existimavit,
3049 1282 3106 1330 ut
3153 1291 3249 1330 eos
3308 1277 3399 1346 qui
3454 1275 3522 1329 ad

1942 1371 2120 1438 ipsum
2195 1369 2332 1423 nihil
2397 1371 2697 1423 attinerent
2767 1367 3021 1422 incitaret
3089 1367 3155 1420 ad
3220 1367 3521 1431 virtutem,

1943 1459 2130 1513 fratris
2191 1475 2319 1514 vero
2393 1461 2535 1514 lllios
2583 1476 2692 1512 non
2757 1462 2910 1512 item.
2971 1457 3080 1513 llus
3141 1475 3267 1529 ergo
3329 1459 3524 1529 ambos

1942 1549 2139 1603 cellula
2195 1549 2442 1604 inclusos
2492 1549 2703 1618 1152
2748 1550 3008 1618 angelica:
3059 1548 3184 1603 vita:
3239 1549 3529 1618 praeceptis

1943 1643 2249 1696 erudiebat.
2290 1642 2396 1698 Sed
2429 1643 2652 1696 morbus
2705 1642 2931 1695 fratrem
2987 1641 3254 1694 invadens
3302 1655 3527 1694 cursum

263 1717 378 1764 τους
425 1704 776 1764 καταλιπεῖν.,
823 1707 1058 1772 Τούτους
1112 1711 1454 1781 ἀμφοτέρους
1501 1713 1559 1762 ὲν
1601 1711 1829 1778 οἰκίσκῳ

1942 1733 2264 1802 interrupit,
2297 1735 2664 1802 morbumque
2697 1747 2847 1796 mors
2878 1739 2962 1786 est
3001 1740 3298 1787 consecuta
3331 1751 3347 1786 ι
3392 1747 3530 1801 pau-

261 1793 543 1864 καθείρξας
580 1794 796 1867 βραχεῖ,
817 1798 911 1868 τὴν
937 1800 1238 1870 ἀγγελικὴν
1271 1803 1544 1854 πολιτείαν
1579 1801 1831 1854 ἐπαίδευ-

259 1901 367 1940 σεν.
399 1888 567 1943 Ἀλλά
609 1892 686 1962 τῷ
727 1893 825 1963 μὲν
857 1893 1072 1965 ἀδελφῷ
1111 1896 1266 1960 νόσος
1301 1899 1711 1968 προσγενομένη
1738 1897 1829 1950 τὸν

1941 1824 2038 1948 ἷξε,
2056 1825 2201 1879 enim
2230 1832 2353 1895 post
2387 1823 2581 1880 diebus
2614 1840 2778 1894 quam
2803 1824 2956 1878 illinc
2986 1819 3330 1879 absecsserat
3360 1822 3526 1878 vitam

1965 1897 2112 1948 tulit.

1965 1897 2112 1949 iniit.

253 1983 448 2054 δρόμον
499 1989 703 2042 ἐκεῖνον
747 1989 1029 2059 διέκοψεν*
1071 1993 1355 2061 ἠκολούθει
1392 1993 1449 2046 δὲ
1485 1997 1552 2066 τῇ
1589 1993 1730 2065 νόσῳ
1761 1993 1856 2047 καὶ
1902 1994 1930 2046 6
1963 1990 2226 2054 Θάνατος⁹
2259 1988 2448 2058 ὀλίγας
2484 1988 2595 2060 γὰρ
2638 1988 2776 2060 μετά
2814 1988 2914 2060 τὴν
2946 1989 3153 2043 ἐκεῖθεν
3205 1989 3381 2056 ἔξοδον
3409 1988 3528 2042 δια-

255 2073 456 2141 ϐιώσας
489 2080 722 2150 ἡμέρας,
753 2079 848 2134 τοῦ
887 2081 1003 2151 βίου
1034 2082 1097 2135 τὸ
1123 2083 1279 2148 τέλος
1310 2084 1550 2150 ἐδέξατο.

323 2170 566 2239 Διέμεινε
621 2173 676 2226 δὲ
724 2174 753 2226 6
799 2174 971 2244 μέγας
1022 2176 1280 2241 Εὐσέϐιος
1328 2178 1480 2250 παρά
1511 2177 1688 2232 πάντα
1735 2175 1830 2230 τοῦ

258 2259 402 2314 θείου
434 2262 525 2317 τὸν
580 2265 715 2334 βίον,
763 2267 886 2321 οὗτε
935 2269 1073 2340 πρός
1109 2287 1232 2324 τινα
1277 2271 1680 2341 διαλεγόμενος,
1711 2267 1833 2322 οὔτε

258 2349 316 2403 τὸ
349 2352 465 2420 φῶς
501 2354 794 2426 θεώμενος,
830 2358 964 2411 ἀλλὰ
986 2359 1250 2429 διηνεκῶς
1284 2362 1698 2432 καθειργμένος.
1723 2359 1836 2413 Καὶ

259 2444 394 2512 μετά
427 2446 526 2516 τὴν
578 2449 788 2502 ἐκείνου
818 2451 874 2503 δὲ
907 2451 1164 2522 τελευτὴν
1197 2453 1386 2506 τοῦτον
1429 2455 1715 2524 ἠσπάσατο
1746 2451 1836 2506 τὸν

255 2532 387 2604 βίον,
433 2537 536 2600 ἕως
587 2540 615 2590 ό
655 2539 958 2610 Θαυμάσιος
1003 2544 1214 2607 ἐκεῖνος
1272 2545 1570 2614 ’Δμμιανδς
1615 2543 1838 2607 πολλαῖς

255 2625 420 2679 αὑτὸν
478 2630 817 2697 καταθέλξας
859 2633 1094 2697 ἱκεσίαις
1145 2634 1464 2688 ἀνέπεισεν·
1499 2654 1516 2686 ι
1551 2635 1684 2688 Εἰπὲ
1729 2635 1838 2706 γάρ

255 2730 365 2784 μοι,
411 2717 547 2788 πρὸς
590 2720 756 2773 αὑτὸν
803 2720 930 2792 ἔφη,
965 2716 1010 2775 ὦ
1046 2723 1258 2794 ἄριστε,
1303 2724 1409 2778 τίνι
1443 2724 1679 2795 νομίζων
1706 2724 1838 2794 ἀρέ-

253 2823 413 2860 σκειν
445 2809 536 2862 τὸν
566 2812 824 2864 ἐπίπονον
871 2812 1062 2866 τοῦτον
1101 2816 1196 2868 καὶ
1229 2816 1512 2886 αὐχμηρὸν
1546 2815 1840 2886 μετελήλυ-

245 2898 349 2961 οας
387 2900 519 2969 βίον.
553 2922 571 2953 ι
607 2903 712 2956 Τοῦ
745 2905 800 2956 δὲ
831 2925 848 2954 ι
889 2906 977 2958 τὸν
1003 2906 1154 2968 Θεὸν,
1186 2908 1260 2970 ὼς
1289 2908 1434 2972 εἰκὸς
1452 2905 1542 2979 ἦν,
1568 2907 1838 2980 δήπουθεν

239 2991 560 3061 εἰρηκότος.
587 2994 678 3046 τὸν
724 2998 819 3048 καὶ
860 2996 959 3064 τῆς
1003 2998 1206 3067 ἀρετῆς
1239 3000 1536 3069 νομοθέτην
1570 3001 1666 3053 καὶ
1693 3000 1834 3053 διδά-

245 3083 454 3136 σκαλον
475 3101 487 3112 ·
522 3105 540 3136 ι
566 3087 794 3151 Οὐκοῦν,
835 3083 1024 3160 ἐπειδῆ
1055 3092 1244 3143 τούτου
1288 3092 1442 3162 ὲρᾷςτ
1472 3094 1500 3145 ὁ
1538 3093 1836 3162 Ἀμμιανὸς

245 3174 379 3243 ἔφη,
412 3175 523 3244 ἐγώ
565 3195 648 3230 σοι
678 3179 881 3249 τρόπον
908 3180 1180 3245 ἐπιδείξω,
1213 3182 1279 3235 δι’
1308 3176 1369 3234 οῦ
1419 3183 1512 3236 καὶ
1540 3182 1630 3236 τὸν
1660 3183 1836 3254 ἔρωτα

227 3265 437 3318 ’πλεῖον
467 3265 708 3336 ἐξάψεις,
745 3271 840 3322 καὶ
882 3270 974 3324 τὸν
1017 3271 1295 3342 ἐρώμενον
1345 3272 1724 3345 θεραπεύσεις.
1763 3274 1838 3327 T6

253 3355 354 3424 μὲν
383 3355 492 3426 γὰρ
517 3360 694 3411 πᾶσαν
725 3361 803 3423 είς
837 3361 1028 3415 ἑαυτόν
1057 3379 1181 3417 τινα
1212 3366 1539 3435 περιστῆσαι
1567 3367 1668 3437 τὴν
1703 3369 1824 3418 ἐπι-

254 3445 504 3512 μέλειαν,
533 3450 633 3501 οὐκ
668 3450 756 3515 ἂν,
788 3452 860 3515 ὡς
897 3450 1072 3524 οἶμαι,
1110 3454 1394 3523 φιλαυτίας
1423 3457 1678 3526 διαφύγοι
1701 3473 1832 3527 γρα-

255 3543 386 3609 φήν.
424 3538 482 3592 '0
509 3541 620 3611 γὰρ
652 3541 792 3605 Θείος
835 3545 998 3614 νόμος
1024 3548 1246 3620 ἀγαπᾷν
1271 3549 1364 3602 τὸν
1391 3550 1560 3605 πέλας
1600 3551 1674 3613 ὡς
1706 3552 1838 3603 ἑαυ-

253 3631 349 3685 τὸν
399 3631 743 3704 διαγορεύει’
799 3635 956 3690 τὸδὲ
1007 3639 1233 3704 πολλοὺς
1281 3643 1360 3704 είς
1410 3643 1692 3695 κοινωνίαν
1743 3644 1836 3698 τοῦ

253 3721 490 3776 πλούτου
516 3723 723 3790 λαϐεῖν,
755 3725 850 3779 τοῦ
881 3728 982 3797 τῆς
1007 3728 1228 3799 ἀγάπης
1263 3731 1378 3784 ἐστὶ
1413 3732 1837 3802 κατορθώματος

254 3814 411 3870 ἴδιον.
441 3815 660 3888 Ταύτην
693 3818 748 3871 δὲ
795 3821 822 3872 6
874 3819 1158 3886 Θεσπέσιος
1191 3823 1402 3888 Παῦλος
1441 3844 1459 3874 ι
1491 3825 1657 3896 νόμου
1699 3827 1838 3896 πλή-

256 3921 419 3975 ρωμα
459 3926 474 3956 ι
527 3911 972 3982 προσηγόρευσε·
1015 3915 1113 3984 βοᾷ
1141 3913 1199 3967 δὲ
1246 3916 1339 3967 καὶ
1388 3916 1551 3968 πάλιν
1589 3920 1617 3969 ό
1649 3917 1834 3985 λόγος·

259 4013 280 4046 ι
315 3997 376 4047 Ὀ
404 3997 564 4065 νόμος
596 4001 691 4051 καὶ
723 4003 774 4053 οἱ
815 4004 1092 4073 προφῆται
1131 4005 1186 4056 ἐν
1232 4004 1406 4073 τούτῳ
1430 4004 1507 4074 τῷ
1536 4005 1680 4074 λόγῳ
1708 4006 1836 4058 ἀναν

259 4087 706 4154 κεφαλαιοῦνται,
752 4093 809 4143 ἐν
857 4094 934 4162 τῷ
977 4096 1312 4164 Ἀγαπήσεις
1355 4095 1447 4154 τὸν
1481 4095 1708 4166 πλησίον
1744 4115 1838 4150 σου

257 4177 335 4239 ὡς
365 4179 574 4232 ἑαυτόν.
600 4200 617 4230 ι
648 4182 755 4233 Καὶ
787 4184 814 4234 ό
851 4183 1052 4253 Κύριος
1076 4184 1132 4237 δὲ
1164 4187 1222 4249 ὲν
1251 4189 1362 4250 τοῖς
1396 4189 1560 4260 ἱεροῖς
1589 4187 1838 4258 Εὒαγγε-

258 4267 395 4332 λίοις
420 4267 498 4338 τῷ
533 4271 724 4342 Πέτρῳ
761 4271 920 4324 πλέον
949 4273 1058 4327 τῶν
1085 4274 1260 4328 ἄλλων
1292 4276 1465 4344 φιλεῖν
1499 4278 1662 4332 αὑτὸν
1690 4279 1838 4350 ὠμο-

2006 2172 2318 2230 Permansit
2383 2181 2569 2230 autem
2637 2191 2869 2246 magnus
2944 2175 3213 2230 Eusebius
3282 2174 3527 2244 quandiu

1938 2272 2172 2334 patruus
2210 2265 2370 2332 vixit,
2406 2280 2506 2340 nec
2532 2266 2625 2318 ulli
2669 2266 2918 2334 loquens,
2962 2282 3064 2320 nec
3094 2267 3270 2321 lucem
3322 2265 3532 2335 aspici-

1936 2372 2057 2422 eus,
2089 2356 2183 2410 sed
2215 2365 2480 2426 perpetuo
2514 2357 2787 2411 inclusus.
2831 2357 2897 2411 Et
2949 2367 3071 2427 post
3111 2357 3263 2411 illius
3307 2373 3531 2428 quoque

1940 2453 2197 2510 mortem,
2233 2444 2482 2500 eamdem
2515 2445 2680 2498 vitam
2733 2443 2912 2505 duxit,
2970 2444 3144 2498 donec
3186 2443 3530 2501 admirabilis

1943 2537 2038 2592 ille
2057 2538 2381 2592 Ammianus
2418 2537 2606 2591 nmltis
2656 2536 2912 2606 precibus
2947 2535 3236 2590 delinitum
3294 2535 3526 2591 inﬂexit.

1950 2647 1970 2680 ι
2007 2627 2104 2684 Dic
2128 2629 2274 2684 enim
2309 2629 2464 2693 mihi,
2501 2629 2702 2695 aiebat,
2727 2643 2760 2682 o
2783 2628 2926 2682 bone
2949 2629 3055 2690 vir,
3082 2631 3101 2648 °
3134 2629 3358 2682 cuinam
3411 2628 3529 2697 pla-

1944 2737 2072 2780 cere
2089 2721 2316 2776 studens
2372 2722 2702 2776 laboriosam
2735 2730 2789 2776 et
2813 2719 3123 2790 squalidam
3187 2720 3328 2775 hanc
3357 2720 3527 2774 vitam

1942 2814 2203 2884 elegisti?
2248 2833 2268 2866 ι
2303 2811 2521 2868 Etcum
2549 2814 2658 2876 ille,
2690 2820 2749 2866 ut
2799 2827 2898 2881 par
2937 2821 3079 2873 erat,
3121 2811 3525 2881 respondisset,

1950 2925 1968 2958 ι
2010 2906 2120 2962 lleo
2180 2905 2275 2976 qui
2335 2905 2565 2960 virtutis
2617 2913 2701 2959 est
2735 2903 3018 2973 legislator
3054 2913 3110 2956 et
3166 2901 3449 2972 magister.
3502 2919 3521 2954 ι

1943 2998 2212 3064 Quoniam
2236 3013 2368 3068 ergo
2406 2998 2555 3052 hunc
2586 3012 2760 3060 amas,
2805 2996 2982 3066 inquit
3016 2994 3364 3059 Ammianus,
3426 3007 3529 3064 ego

1941 3091 2036 3144 tibi
2071 3091 2214 3144 viam
2257 3090 2570 3150 ostendam,
2603 3104 2702 3158 per
2729 3103 2890 3156 quam
2921 3097 2975 3143 et
3015 3087 3305 3143 ardentius
3358 3102 3527 3152 ames,

1937 3189 1990 3235 et
2016 3181 2095 3234 illi
2119 3181 2329 3236 servias
2367 3195 2531 3248 quem
2555 3195 2732 3233 amas.
2771 3177 2908 3231 Nam
2947 3178 3202 3248 quiSquis
3258 3177 3366 3231 sibi
3424 3177 3525 3232 soli

1936 3273 2203 3338 consulit,
2235 3272 2416 3326 nimiae
2456 3287 2571 3326 suae
2611 3271 2790 3340 ipsius
2846 3285 2996 3324 curae
3049 3285 3158 3323 non
3212 3278 3416 3340 potest,
3470 3279 3529 3322 ut

1937 3368 2156 3436 opinor,
2193 3364 2678 3432 reprehensionem
2727 3361 2990 3431 effugere.
3040 3359 3204 3416 Jubet
3255 3364 3400 3415 enim
3441 3361 3528 3414 lex

1938 3455 2123 3511 divina
2159 3454 2472 3524 proximum
2506 3466 2694 3505 amare
2726 3458 2784 3504 ut
2817 3451 3062 3520 soipsum
3099 3449 3327 3504 :multis
3343 3457 3525 3502 autem

1939 3563 2076 3616 opes
2140 3560 2274 3600 suas
2341 3543 2789 3606 communicare,
2851 3541 3134 3610 proprium
3184 3548 3268 3594 est
3323 3553 3528 3593 lllllllllS

1937 3635 2248 3699 charitatis,
2279 3649 2444 3704 quam
2485 3633 2710 3686 divinus
2735 3631 2942 3687 Paulus
2980 3630 2998 3670 τ
3043 3650 3062 3682 ι
3109 3631 3245 3702 legis
3281 3631 3527 3700 plenitu-

1918 3729 2122 3806 dinem
2177 3747 2196 3779 ι
2272 3725 2617 3796 appellavit,
2684 3723 2942 3793 idemque
2997 3738 3193 3778 rursus
3256 3723 3463 3776 clamat
3510 3740 3524 3776 :

1945 3838 1963 3869 ι
2003 3818 2138 3872 'l'ota
2182 3818 2264 3871 lex
2297 3824 2349 3870 et
2369 3817 2652 3884 prophetae
2675 3816 2729 3869 in
2758 3815 2860 3869 hoc
2883 3829 3143 3869 sermone
3167 3814 3220 3868 in
3247 3828 3526 3868 summam

1939 3911 2267 3978 rediguntur
2314 3927 2328 3961 :
2384 3907 2587 3976 Diliges
2637 3908 2948 3976 proximum
3018 3913 3175 3960 tuum
3246 3907 3390 3960 sicut
3449 3912 3529 3956 te-

1942 4001 2122 4070 ipsum
2149 4009 2198 4053 ι.
2241 4018 2258 4050 ι
2297 3997 2560 4052 Dominus
2589 4013 2812 4066 quoque
2849 3999 2904 4050 in
2946 3999 3122 4051 sacris
3157 3994 3470 4064 Evangeliis
3497 3995 3523 4034 δ

1941 4088 2126 4150 Petro,
2157 4088 2340 4156 quise
2382 4087 2534 4138 illum
2591 4099 2702 4154 pra:
2749 4085 2963 4138 exteris
2999 4098 3187 4136 amare
3242 4082 3526 4152 prolessus

1941 4177 2084 4242 erat’,
2127 4193 2354 4248 pascere
2410 4193 2542 4231 oves
2591 4191 2724 4230 suas.
2785 4175 3066 4245 praecepit.
3105 4173 3213 4229 Eos
3251 4190 3386 4227 vero
3426 4174 3524 4243 qui

1941 4274 2056 4326 ltzec
2087 4270 2366 4340 negligunt
2391 4269 2686 4338 increpans
2709 4283 2805 4337 per
2831 4266 3153 4338 prophetam
3183 4267 3320 4320 dicit
3355 4285 3367 4321 :
3411 4285 3427 4317 ι
3468 4265 3513 4322 Ο

255 4357 552 4428 λογηκότι,
608 4363 922 4433 ποιμαίνειν
971 4366 1135 4420 αὑτοῦ
1187 4367 1257 4421 τὰ
1319 4368 1577 4441 πρόϐατα.
1615 4389 1833 4442 παρηγ-

1943 4371 2214 4434 pastores,
2244 4359 2491 4431 nunquid
2520 4368 2770 4430 pastores
2793 4360 3008 4428 seipsos
3027 4366 3286 4428 pascunt,
3313 4358 3523 4429 1153

261 4451 464 4520 γύησε·
501 4456 612 4516 τοῖς
649 4454 705 4507 δὲ
741 4454 900 4509 τοῦτο
945 4456 1021 4528 μὴ
1059 4459 1415 4530 πεποιηκόσιν
1457 4461 1706 4528 ἐγκαλῶν
1747 4463 1835 4517 διὰ

255 4541 351 4595 τοῦ
383 4545 667 4615 προφήτου
721 4545 820 4617 βοᾷ
843 4563 856 4576 ·
891 4567 908 4598 ι
935 4543 1006 4600 Ὦ
1036 4550 1084 4601 οἱ
1112 4550 1394 4620 ποιμένες,
1429 4550 1504 4622 μὴ
1537 4552 1764 4616 ἑαυτοὺς
1789 4555 1836 4605 οί

257 4635 520 4705 ποιμένες
582 4636 898 4708 βόσκουσιν,
948 4641 1069 4709 οὐχὶ
1109 4640 1180 4693 τά
1224 4641 1470 4711 πρόϐατα
1521 4643 1782 4714 νέμουσι;
1814 4665 1832 4696 ι

257 4725 462 4778 Τούτου
499 4729 660 4799 χάριν
684 4731 778 4783 καὶ
810 4731 901 4784 τὸν
933 4733 1108 4801 μέγαν
1152 4733 1338 4786 Ἠλίαν
1366 4733 1554 4787 τοῦτον
1583 4736 1838 4805 μετιόντα

257 4819 350 4870 τὸν
382 4817 493 4888 βίον
525 4819 582 4870 ὲν
632 4818 780 4890 μέσῳ
807 4821 1138 4892 στρέφεσθαι
1157 4821 1265 4874 τῶν
1317 4822 1530 4876 ἀσεϐῶν
1561 4825 1836 4880 ἐκέλευσε.

259 4908 370 4960 Καὶ
409 4908 501 4962 τὸν
547 4907 800 4980 δεύτερον
847 4911 1053 4974 Ἠλίαν,
1099 4911 1348 4982 Ἰωάννην
1393 4913 1486 4966 τὸν
1532 4914 1694 4979 πάνυ,
1738 4916 1838 4986 τὴν

257 5001 466 5068 ἔρημον
489 4998 889 5070 ἀσπαζόμενον,
913 5004 1035 5066 ταῖς
1062 5001 1155 5056 τοῦ
1191 5004 1454 5074 Ἰορδάνου
1476 5006 1838 5077 παρέπεμψεν

258 5089 470 5158 ὄχθαις,
501 5093 617 5144 ἐκεῖ
641 5090 925 5160 βαπτίζειν
957 5095 1052 5147 καὶ
1091 5095 1388 5167 κηρύσσειν
1424 5103 1837 5170 παρεγγυήσας.

271 5182 491 5254 Ἐπειδὴ
539 5182 718 5237 τοίνυν
766 5187 860 5238 καὶ
900 5187 964 5239 σὺ
1003 5186 1202 5258 θερμὸς
1243 5189 1478 5260 ἐραστὴς
1508 5186 1560 5244 εἷ
1598 5191 1692 5245 τοῦ
1744 5208 1835 5243 πει

259 5273 551 5341 ποιηκότος
578 5272 672 5324 καὶ
719 5276 1019 5339 σεσωκότας
1052 5276 1210 5342 Θεοῦ,
1240 5279 1468 5343 πολλοὺς
1507 5280 1598 5333 καὶ
1649 5280 1839 5344 ἄλλους

259 5363 779 5431 σιδγκατασκεὺασον
815 5366 1068 5436 ἐραστάς.
1103 5367 1274 5421 Τοῦτο
1299 5373 1415 5440 γάρν
1432 5371 1508 5440 τῷ
1535 5371 1702 5442 κοινῷ
1740 5373 1837 5424 Δε·

265 5455 438 5528 ςπότη
467 5456 590 5510 λίαν
619 5455 736 5509 ἐστὶ
769 5457 1092 5529 προσφιλές.
1117 5461 1216 5513 Διά
1236 5461 1393 5514 τοῦτο
1425 5463 1518 5516 καὶ
1545 5462 1636 5515 τὸν
1677 5464 1840 5527 ’ί-εζεο

352 5635 561 5691 rllum.
621 5653 738 5700 xu,
799 5639 876 5694 ιο.

963 5643 980 5675 ί
1016 5641 1205 5698 Matth.
1261 5660 1392 5707 ιλιι,
1429 5644 1513 5710 59,
1549 5645 1636 5704 .10,
1714 5643 1737 5680 ἢ
1771 5639 1927 5696 Joan.
1969 5659 2077 5707 .\.\l,
2117 5647 2201 5700 lli.

1939 4466 2118 4513 etnon
2147 4471 2279 4511 oves
2314 4457 2330 4497 ἱ
2361 4457 2385 4506 η
2415 4475 2433 4507 ι
2471 4454 2768 4525 Propterea
2793 4469 3052 4526 magnum
3080 4469 3300 4524 quoque
3327 4454 3522 4518 Ellam,

1942 4548 2036 4618 qui
2082 4548 2226 4602 hanc
2264 4548 2430 4602 vitam
2480 4547 2820 4611 sectabatur,
2867 4545 3012 4600 inter
3065 4545 3265 4614 impios
3315 4543 3524 4599 versari

1936 4641 2134 4712 jussit,
2157 4650 2212 4694 et
2253 4639 2560 4696 secundum
2591 4639 2761 4692 Elian:
2785 4637 3195 4696 sanctissimum
3234 4636 3522 4700 Joannem,

1941 4738 2036 4808 qui
2098 4735 2401 4792 solitudine
2461 4733 2866 4796 delectabatur,
2925 4731 2991 4786 ad
3051 4729 3312 4784 Jordanis
3374 4729 3524 4795 ripas

1943 4831 2179 4885 misitut
2220 4828 2524 4898 baptizaret
2572 4836 2628 4881 et
2660 4825 3002 4896 praedicaret.
3068 4821 3338 4888 Quoniam
3393 4833 3526 4887 ergo

1941 4934 1997 4978 tu
2024 4938 2246 4994 quoque
2271 4921 2464 4982 Deum,
2505 4919 2598 4989 qui
2632 4927 2684 4973 te
2716 4917 2844 4972 fecit
2865 4925 2920 4971 ct
2953 4915 3206 4980 salvavit,
3257 4912 3522 4966 ardenter

1942 5031 2119 5078 amas.
2158 5014 2244 5068 fac
2278 5013 2416 5067 alios
2453 5020 2636 5065 tecum
2667 5009 2868 5064 reddas
2901 5017 3202 5064 amatores.
3239 5004 3356 5060 lloc
3377 5005 3524 5059 enim

1943 5105 2220 5160 communi
2258 5102 2487 5156 Domino
2525 5108 2836 5170 pergratum
2870 5105 2971 5154 cst.
3027 5097 3100 5152 Ea
3141 5099 3210 5153 de
3250 5111 3419 5152 causa
3471 5103 3526 5150 et

1946 5196 2282 5251 Ezechielem
2323 5192 2726 5261 speculatorem
2763 5190 3078 5258 appellavit,
3111 5186 3526 5256 peccatoribus-

1944 5303 2051 5358 que
2089 5284 2368 5341 testiﬁcari
2399 5283 2568 5353 jussit
2599 5300 2615 5350 ;
2649 5289 2706 5336 et
2731 5279 2924 5336 Ionam
2953 5279 3206 5336 Ninivem
3244 5279 3521 5351 proﬁcisci

1948 5377 2224 5449 praecepit,
2253 5385 2307 5432 et
2345 5391 2470 5431 eum
2531 5375 2609 5429 ire
2657 5374 2828 5428 nollet
2851 5373 3094 5427 vinctum
3129 5373 3458 5429 transmisit.
3497 5390 3516 5422 ι

1951 5469 2074 5524 Haec
2108 5479 2162 5524 et
2183 5467 2382 5524 similia
2422 5465 2636 5530 dicens,
2685 5457 2936 5521 sanctum
2987 5464 3164 5518 virum
3231 5462 3519 5525 emollit-it.

2287 5645 2298 5682 ί
2341 5641 2542 5697 Ειιινιι.
2591 5657 2784 5708 autv,
2817 5640 2872 5692 ‘2.
