  <div class='ocr_page' id='page_1' title='image "/cluster/home/n/w/nwhite01/storage/ocr_20150623/82/hvd.32044020703054/751.png"; bbox 0 0 3974 6212; ppageno 0'>
   <div class='ocr_carea' id='block_1_1' title="bbox 441 272 3707 349">
    <p class='ocr_par' dir='ltr' id='par_1_1' title="bbox 441 272 3707 349">
     <span class='ocr_line' id='line_1_1' title="bbox 441 272 3707 349; baseline -0.002 -4"><span class='ocrx_word' id='word_1_1' title='bbox 441 283 504 345; x_wconf 73' lang='lat'><strong>13</strong></span> <span class='ocrx_word' id='word_1_2' title='bbox 520 285 576 349; x_wconf 67' lang='grc' dir='ltr'><strong>εει</strong></span> <span class='ocrx_word' id='word_1_3' title='bbox 1427 285 1472 342; x_wconf 91' lang='grc' dir='ltr'><strong>Τ</strong></span> <span class='ocrx_word' id='word_1_4' title='bbox 1477 283 1913 343; x_wconf 75' lang='lat' dir='ltr'><strong>IIEODORETI</strong></span> <span class='ocrx_word' id='word_1_5' title='bbox 1943 280 2278 344; x_wconf 74' lang='lat' dir='ltr'><strong>EPISCOPI</strong></span> <span class='ocrx_word' id='word_1_6' title='bbox 2318 281 2682 343; x_wconf 73' lang='lat' dir='ltr'><strong>CYiiENSIS</strong></span> <span class='ocrx_word' id='word_1_7' title='bbox 3571 272 3707 338; x_wconf 56' lang='lat' dir='ltr'><strong>lii-ii</strong></span> 
     </span>
    </p>
   </div>
   <div class='ocr_carea' id='block_1_2' title="bbox 439 388 2041 463">
    <p class='ocr_par' dir='ltr' id='par_1_2' title="bbox 439 390 2018 461">
     <span class='ocr_line' id='line_1_2' title="bbox 439 390 2018 461; baseline 0.003 -18"><span class='ocrx_word' id='word_1_8' title='bbox 439 403 605 461; x_wconf 82' lang='lat' dir='ltr'><strong>atque</strong></span> <span class='ocrx_word' id='word_1_9' title='bbox 635 409 700 448; x_wconf 78' lang='lat' dir='ltr'><strong>ex</strong></span> <span class='ocrx_word' id='word_1_10' title='bbox 737 391 1050 444; x_wconf 83' lang='lat' dir='ltr'><strong>voluntario</strong></span> <span class='ocrx_word' id='word_1_11' title='bbox 1082 390 1174 442; x_wconf 91' lang='lat' dir='ltr'><strong>illo</strong></span> <span class='ocrx_word' id='word_1_12' title='bbox 1208 402 1427 446; x_wconf 74' lang='lat' dir='ltr'><strong>carcere</strong></span> <span class='ocrx_word' id='word_1_13' title='bbox 1456 391 1715 447; x_wconf 87' lang='lat' dir='ltr'><strong>eductum</strong></span> <span class='ocrx_word' id='word_1_14' title='bbox 1770 392 2018 454; x_wconf 73' lang='lat' dir='ltr'><strong>abduxit,</strong></span> 
     </span>
    </p>
   </div>
   <div class='ocr_carea' id='block_1_3' title="bbox 2145 388 3710 463">
    <p class='ocr_par' dir='ltr' id='par_1_3' title="bbox 2145 388 3710 463">
     <span class='ocr_line' id='line_1_3' title="bbox 2145 388 3710 463; baseline -0.002 -19"><span class='ocrx_word' id='word_1_15' title='bbox 2145 392 2256 463; x_wconf 77' lang='grc' dir='ltr'>ιιὴλ</span> <span class='ocrx_word' id='word_1_16' title='bbox 2308 392 2717 462; x_wconf 79' lang='grc' dir='ltr'>προσηγόρευσε</span> <span class='ocrx_word' id='word_1_17' title='bbox 2769 390 3012 454; x_wconf 71' lang='grc' dir='ltr'>σκοπὸν,</span> <span class='ocrx_word' id='word_1_18' title='bbox 3059 391 3153 443; x_wconf 68' lang='grc' dir='ltr'><strong>καὶ</strong></span> <span class='ocrx_word' id='word_1_19' title='bbox 3202 390 3312 452; x_wconf 87' lang='grc' dir='ltr'>τοῖς</span> <span class='ocrx_word' id='word_1_20' title='bbox 3361 388 3710 459; x_wconf 73' lang='grc' dir='ltr'><strong>ἁμαρτωλοῖς</strong></span> 
     </span>
    </p>
   </div>
   <div class='ocr_carea' id='block_1_4' title="bbox 441 481 2027 556">
    <p class='ocr_par' dir='ltr' id='par_1_4' title="bbox 441 481 2027 556">
     <span class='ocr_line' id='line_1_4' title="bbox 441 481 2027 556; baseline 0.001 -18"><span class='ocrx_word' id='word_1_21' title='bbox 441 500 784 553; x_wconf 65' lang='lat' dir='ltr'><strong>suorumque</strong></span> <span class='ocrx_word' id='word_1_22' title='bbox 813 484 884 536; x_wconf 87' lang='lat' dir='ltr'><strong>illi</strong></span> <span class='ocrx_word' id='word_1_23' title='bbox 919 481 1189 537; x_wconf 78' lang='lat' dir='ltr'><strong>sodalium</strong></span> <span class='ocrx_word' id='word_1_24' title='bbox 1231 497 1418 536; x_wconf 89' lang='lat' dir='ltr'><strong>curam</strong></span> <span class='ocrx_word' id='word_1_25' title='bbox 1449 484 1699 538; x_wconf 89' lang='lat' dir='ltr'><strong>tradidit.</strong></span> <span class='ocrx_word' id='word_1_26' title='bbox 1733 485 1848 556; x_wconf 72' lang='lat' dir='ltr'><strong>Ego</strong></span> <span class='ocrx_word' id='word_1_27' title='bbox 1896 501 2027 552; x_wconf 76' lang='lat' dir='ltr'><strong>vero</strong></span> 
     </span>
    </p>
   </div>
   <div class='ocr_carea' id='block_1_5' title="bbox 441 573 2025 644">
    <p class='ocr_par' dir='ltr' id='par_1_5' title="bbox 441 573 2025 644">
     <span class='ocr_line' id='line_1_5' title="bbox 441 573 2025 644; baseline 0.001 -17"><span class='ocrx_word' id='word_1_28' title='bbox 441 583 625 627; x_wconf 86' lang='lat' dir='ltr'><strong>utrum</strong></span> <span class='ocrx_word' id='word_1_29' title='bbox 655 574 776 644; x_wconf 91' lang='lat' dir='ltr'><strong>plus</strong></span> <span class='ocrx_word' id='word_1_30' title='bbox 809 573 1047 628; x_wconf 87' lang='lat' dir='ltr'><strong>admirer</strong></span> <span class='ocrx_word' id='word_1_31' title='bbox 1075 573 1283 640; x_wconf 81' lang='lat' dir='ltr'><strong>nescio,</strong></span> <span class='ocrx_word' id='word_1_32' title='bbox 1315 573 1537 629; x_wconf 89' lang='lat' dir='ltr'><strong>illinsne</strong></span> <span class='ocrx_word' id='word_1_33' title='bbox 1577 576 1924 641; x_wconf 83' lang='lat' dir='ltr'><strong>modestiam,</strong></span> <span class='ocrx_word' id='word_1_34' title='bbox 1959 593 2025 630; x_wconf 84' lang='lat' dir='ltr'><strong>an</strong></span> 
     </span>
    </p>
   </div>
   <div class='ocr_carea' id='block_1_6' title="bbox 444 664 2028 738">
    <p class='ocr_par' dir='ltr' id='par_1_6' title="bbox 444 664 2028 738">
     <span class='ocr_line' id='line_1_6' title="bbox 444 664 2028 738; baseline 0.003 -21"><span class='ocrx_word' id='word_1_35' title='bbox 444 672 750 736; x_wconf 75' lang='lat' dir='ltr'><strong>promptam</strong></span> <span class='ocrx_word' id='word_1_36' title='bbox 781 665 947 734; x_wconf 83' lang='lat' dir='ltr'><strong>hujus</strong></span> <span class='ocrx_word' id='word_1_37' title='bbox 974 664 1374 719; x_wconf 81' lang='lat' dir='ltr'><strong>obedientiam.</strong></span> <span class='ocrx_word' id='word_1_38' title='bbox 1423 666 1637 722; x_wconf 78' lang='lat' dir='ltr'><strong>Etenim</strong></span> <span class='ocrx_word' id='word_1_39' title='bbox 1669 667 1910 738; x_wconf 78' lang='lat' dir='ltr'><strong>fugiebat</strong></span> <span class='ocrx_word' id='word_1_40' title='bbox 1938 669 2028 721; x_wconf 89' lang='lat' dir='ltr'><strong>ille</strong></span> 
     </span>
    </p>
   </div>
   <div class='ocr_carea' id='block_1_7' title="bbox 444 755 2026 826">
    <p class='ocr_par' dir='ltr' id='par_1_7' title="bbox 444 755 2026 826">
     <span class='ocr_line' id='line_1_7' title="bbox 444 755 2026 826; baseline 0.002 -18"><span class='ocrx_word' id='word_1_41' title='bbox 444 757 838 826; x_wconf 80' lang='lat' dir='ltr'><strong>principatum,</strong></span> <span class='ocrx_word' id='word_1_42' title='bbox 901 765 956 809; x_wconf 86' lang='lat' dir='ltr'><strong>et</strong></span> <span class='ocrx_word' id='word_1_43' title='bbox 1022 755 1371 810; x_wconf 80' lang='lat' dir='ltr'><strong>subditorum</strong></span> <span class='ocrx_word' id='word_1_44' title='bbox 1432 773 1574 812; x_wconf 88' lang='lat' dir='ltr'><strong>unus</strong></span> <span class='ocrx_word' id='word_1_45' title='bbox 1629 773 1755 812; x_wconf 84' lang='lat' dir='ltr'><strong>esse</strong></span> <span class='ocrx_word' id='word_1_46' title='bbox 1811 760 2026 826; x_wconf 74' lang='lat' dir='ltr'><strong>maluit,</strong></span> 
     </span>
    </p>
   </div>
   <div class='ocr_carea' id='block_1_8' title="bbox 442 846 2028 920">
    <p class='ocr_par' dir='ltr' id='par_1_8' title="bbox 442 846 2028 920">
     <span class='ocr_line' id='line_1_8' title="bbox 442 846 2028 920; baseline 0.001 -18"><span class='ocrx_word' id='word_1_47' title='bbox 442 847 785 916; x_wconf 72' lang='lat' dir='ltr'><strong>przel&#39;ecturze</strong></span> <span class='ocrx_word' id='word_1_48' title='bbox 841 846 1146 916; x_wconf 87' lang='lat' dir='ltr'><strong>periculum</strong></span> <span class='ocrx_word' id='word_1_49' title='bbox 1207 847 1599 902; x_wconf 78' lang='lat' dir='ltr'><strong>reformidans.</strong></span> <span class='ocrx_word' id='word_1_50' title='bbox 1665 850 1732 902; x_wconf 87' lang='lat' dir='ltr'><strong>Et</strong></span> <span class='ocrx_word' id='word_1_51' title='bbox 1798 865 2028 920; x_wconf 81' lang='lat' dir='ltr'><strong>magnus</strong></span> 
     </span>
    </p>
   </div>
   <div class='ocr_carea' id='block_1_9' title="bbox 445 941 2028 1012">
    <p class='ocr_par' dir='ltr' id='par_1_9' title="bbox 445 941 2028 1012">
     <span class='ocr_line' id='line_1_9' title="bbox 445 941 2028 1012; baseline 0.003 -20"><span class='ocrx_word' id='word_1_52' title='bbox 445 941 735 1002; x_wconf 83' lang='lat' dir='ltr'><strong>Eusebius,</strong></span> <span class='ocrx_word' id='word_1_53' title='bbox 767 941 1021 1007; x_wconf 87' lang='lat' dir='ltr'><strong>quamvis</strong></span> <span class='ocrx_word' id='word_1_54' title='bbox 1061 941 1345 994; x_wconf 87' lang='lat' dir='ltr'><strong>hominum</strong></span> <span class='ocrx_word' id='word_1_55' title='bbox 1399 941 1761 1012; x_wconf 79' lang='lat' dir='ltr'><strong>frequentiam</strong></span> <span class='ocrx_word' id='word_1_56' title='bbox 1800 959 2028 998; x_wconf 51' lang='lat' dir='ltr'><strong>avt-rso-</strong></span> 
     </span>
    </p>
   </div>
   <div class='ocr_carea' id='block_1_10' title="bbox 447 1032 2030 1102">
    <p class='ocr_par' dir='ltr' id='par_1_10' title="bbox 447 1032 2030 1102">
     <span class='ocr_line' id='line_1_10' title="bbox 447 1032 2030 1102; baseline 0.004 -18"><span class='ocrx_word' id='word_1_57' title='bbox 447 1033 628 1096; x_wconf 85' lang='lat' dir='ltr'><strong>balnr,</strong></span> <span class='ocrx_word' id='word_1_58' title='bbox 663 1032 835 1088; x_wconf 84' lang='lat' dir='ltr'><strong>cessit</strong></span> <span class='ocrx_word' id='word_1_59' title='bbox 870 1041 1077 1094; x_wconf 86' lang='lat' dir='ltr'><strong>tamen,</strong></span> <span class='ocrx_word' id='word_1_60' title='bbox 1120 1041 1172 1086; x_wconf 87' lang='lat' dir='ltr'><strong>et</strong></span> <span class='ocrx_word' id='word_1_61' title='bbox 1215 1033 1426 1102; x_wconf 82' lang='lat' dir='ltr'><strong>laqueis</strong></span> <span class='ocrx_word' id='word_1_62' title='bbox 1459 1035 1746 1088; x_wconf 83' lang='lat' dir='ltr'><strong>charitatis</strong></span> <span class='ocrx_word' id='word_1_63' title='bbox 1778 1036 2030 1090; x_wconf 77' lang='lat' dir='ltr'><strong>irretitus</strong></span> 
     </span>
    </p>
   </div>
   <div class='ocr_carea' id='block_1_11' title="bbox 444 1123 2029 1196">
    <p class='ocr_par' dir='ltr' id='par_1_11' title="bbox 444 1123 2029 1196">
     <span class='ocr_line' id='line_1_11' title="bbox 444 1123 2029 1196; baseline 0.004 -23"><span class='ocrx_word' id='word_1_64' title='bbox 444 1123 626 1190; x_wconf 79' lang='lat' dir='ltr'><strong>gregis</strong></span> <span class='ocrx_word' id='word_1_65' title='bbox 650 1137 837 1176; x_wconf 89' lang='lat' dir='ltr'><strong>curam</strong></span> <span class='ocrx_word' id='word_1_66' title='bbox 885 1123 1148 1193; x_wconf 83' lang='lat' dir='ltr'><strong>suscepit,</strong></span> <span class='ocrx_word' id='word_1_67' title='bbox 1182 1124 1526 1194; x_wconf 86' lang='lat' dir='ltr'><strong>chorumqne.</strong></span> <span class='ocrx_word' id='word_1_68' title='bbox 1561 1125 1743 1193; x_wconf 80' lang='lat' dir='ltr'><strong>duxit,</strong></span> <span class='ocrx_word' id='word_1_69' title='bbox 1774 1128 1838 1188; x_wconf 82' lang='lat' dir='ltr'><strong>ad</strong></span> <span class='ocrx_word' id='word_1_70' title='bbox 1869 1143 2029 1196; x_wconf 88' lang='lat' dir='ltr'><strong>quem</strong></span> 
     </span>
    </p>
   </div>
   <div class='ocr_carea' id='block_1_12' title="bbox 449 1214 2032 1286">
    <p class='ocr_par' dir='ltr' id='par_1_12' title="bbox 449 1214 2032 1286">
     <span class='ocr_line' id='line_1_12' title="bbox 449 1214 2032 1286; baseline 0.005 -18"><span class='ocrx_word' id='word_1_71' title='bbox 449 1214 753 1274; x_wconf 75' lang='lat' dir='ltr'><strong>docendum</strong></span> <span class='ocrx_word' id='word_1_72' title='bbox 797 1216 985 1270; x_wconf 90' lang='lat' dir='ltr'><strong>multis</strong></span> <span class='ocrx_word' id='word_1_73' title='bbox 1018 1215 1093 1270; x_wconf 89' lang='lat' dir='ltr'><strong>illi</strong></span> <span class='ocrx_word' id='word_1_74' title='bbox 1137 1216 1321 1272; x_wconf 80' lang='lat' dir='ltr'><strong>verbis</strong></span> <span class='ocrx_word' id='word_1_75' title='bbox 1363 1231 1501 1286; x_wconf 87' lang='lat' dir='ltr'><strong>Opus</strong></span> <span class='ocrx_word' id='word_1_76' title='bbox 1533 1232 1640 1270; x_wconf 91' lang='lat' dir='ltr'><strong>non</strong></span> <span class='ocrx_word' id='word_1_77' title='bbox 1690 1227 1826 1273; x_wconf 89' lang='lat' dir='ltr'><strong>erat.</strong></span> <span class='ocrx_word' id='word_1_78' title='bbox 1871 1219 2032 1276; x_wconf 79' lang='lat' dir='ltr'><strong>Sulli-</strong></span> 
     </span>
    </p>
   </div>
   <div class='ocr_carea' id='block_1_13' title="bbox 452 1307 2030 1378">
    <p class='ocr_par' dir='ltr' id='par_1_13' title="bbox 452 1307 2030 1378">
     <span class='ocr_line' id='line_1_13' title="bbox 452 1307 2030 1378; baseline 0.004 -20"><span class='ocrx_word' id='word_1_79' title='bbox 452 1307 632 1360; x_wconf 71' lang='lat' dir='ltr'><strong>ciebat</strong></span> <span class='ocrx_word' id='word_1_80' title='bbox 659 1308 802 1361; x_wconf 89' lang='lat' dir='ltr'><strong>enim</strong></span> <span class='ocrx_word' id='word_1_81' title='bbox 841 1308 1006 1376; x_wconf 84' lang='lat' dir='ltr'><strong>hujus</strong></span> <span class='ocrx_word' id='word_1_82' title='bbox 1063 1315 1341 1378; x_wconf 83' lang='lat' dir='ltr'><strong>aspectus,</strong></span> <span class='ocrx_word' id='word_1_83' title='bbox 1382 1317 1440 1360; x_wconf 89' lang='lat' dir='ltr'><strong>ut</strong></span> <span class='ocrx_word' id='word_1_84' title='bbox 1506 1310 1587 1362; x_wconf 85' lang='lat' dir='ltr'><strong>vel</strong></span> <span class='ocrx_word' id='word_1_85' title='bbox 1650 1310 2030 1364; x_wconf 77' lang='lat' dir='ltr'><strong>tardissimum</strong></span> 
     </span>
    </p>
   </div>
   <div class='ocr_carea' id='block_1_14' title="bbox 448 1398 2036 1466">
    <p class='ocr_par' dir='ltr' id='par_1_14' title="bbox 448 1398 2036 1466">
     <span class='ocr_line' id='line_1_14' title="bbox 448 1398 2036 1466; baseline 0.004 -17"><span class='ocrx_word' id='word_1_86' title='bbox 448 1412 726 1466; x_wconf 82' lang='lat' dir='ltr'><strong>quemque</strong></span> <span class='ocrx_word' id='word_1_87' title='bbox 782 1398 846 1460; x_wconf 87' lang='lat' dir='ltr'><strong>ad</strong></span> <span class='ocrx_word' id='word_1_88' title='bbox 898 1398 1124 1452; x_wconf 88' lang='lat' dir='ltr'><strong>virtutis</strong></span> <span class='ocrx_word' id='word_1_89' title='bbox 1175 1414 1398 1452; x_wconf 88' lang='lat' dir='ltr'><strong>cursum</strong></span> <span class='ocrx_word' id='word_1_90' title='bbox 1439 1401 1722 1455; x_wconf 80' lang='lat' dir='ltr'><strong>excitaret.</strong></span> <span class='ocrx_word' id='word_1_91' title='bbox 1755 1405 1772 1423; x_wconf 87' lang='lat'><strong>&#39;</strong></span> <span class='ocrx_word' id='word_1_92' title='bbox 1799 1400 2036 1456; x_wconf 77' lang='lat' dir='ltr'><strong>Narrant</strong></span> 
     </span>
    </p>
   </div>
   <div class='ocr_carea' id='block_1_15' title="bbox 445 1487 2030 1562">
    <p class='ocr_par' dir='ltr' id='par_1_15' title="bbox 445 1487 2030 1562">
     <span class='ocr_line' id='line_1_15' title="bbox 445 1487 2030 1562; baseline 0.003 -21"><span class='ocrx_word' id='word_1_93' title='bbox 445 1489 593 1542; x_wconf 83' lang='lat' dir='ltr'><strong>enim</strong></span> <span class='ocrx_word' id='word_1_94' title='bbox 615 1489 709 1559; x_wconf 91' lang='lat' dir='ltr'><strong>qui</strong></span> <span class='ocrx_word' id='word_1_95' title='bbox 735 1489 1007 1554; x_wconf 85' lang='lat' dir='ltr'><strong>viderant,</strong></span> <span class='ocrx_word' id='word_1_96' title='bbox 1044 1494 1258 1544; x_wconf 86' lang='lat' dir='ltr'><strong>vultum</strong></span> <span class='ocrx_word' id='word_1_97' title='bbox 1287 1490 1408 1560; x_wconf 88' lang='lat' dir='ltr'><strong>ejus</strong></span> <span class='ocrx_word' id='word_1_98' title='bbox 1441 1507 1560 1544; x_wconf 89' lang='lat' dir='ltr'><strong>eam</strong></span> <span class='ocrx_word' id='word_1_99' title='bbox 1609 1487 1823 1562; x_wconf 81' lang='lat' dir='ltr'><strong>semper</strong></span> <span class='ocrx_word' id='word_1_100' title='bbox 1857 1494 2030 1562; x_wconf 32' lang='lat' dir='ltr'><strong>gravi.</strong></span> 
     </span>
    </p>
   </div>
   <div class='ocr_carea' id='block_1_16' title="bbox 444 1583 2032 1655">
    <p class='ocr_par' dir='ltr' id='par_1_16' title="bbox 444 1583 2032 1655">
     <span class='ocr_line' id='line_1_16' title="bbox 444 1583 2032 1655; baseline 0.003 -22"><span class='ocrx_word' id='word_1_101' title='bbox 444 1591 613 1636; x_wconf 81' lang='lat' dir='ltr'><strong>tatem</strong></span> <span class='ocrx_word' id='word_1_102' title='bbox 664 1598 775 1650; x_wconf 76' lang='lat' dir='ltr'><strong>pra:</strong></span> <span class='ocrx_word' id='word_1_103' title='bbox 815 1599 874 1637; x_wconf 88' lang='lat' dir='ltr'><strong>se</strong></span> <span class='ocrx_word' id='word_1_104' title='bbox 914 1583 1150 1648; x_wconf 88' lang='lat' dir='ltr'><strong>tulisse,</strong></span> <span class='ocrx_word' id='word_1_105' title='bbox 1191 1599 1312 1653; x_wconf 64' lang='lat' dir='ltr'><strong>quae</strong></span> <span class='ocrx_word' id='word_1_106' title='bbox 1363 1583 1430 1637; x_wconf 88' lang='lat' dir='ltr'><strong>ad</strong></span> <span class='ocrx_word' id='word_1_107' title='bbox 1486 1585 1739 1638; x_wconf 87' lang='lat' dir='ltr'><strong>timorem</strong></span> <span class='ocrx_word' id='word_1_108' title='bbox 1795 1585 2032 1655; x_wconf 75' lang='lat' dir='ltr'><strong>aliquem</strong></span> 
     </span>
    </p>
   </div>
   <div class='ocr_carea' id='block_1_17' title="bbox 447 1675 2033 1742">
    <p class='ocr_par' dir='ltr' id='par_1_17' title="bbox 447 1675 2033 1742">
     <span class='ocr_line' id='line_1_17' title="bbox 447 1675 2033 1742; baseline 0.003 -16"><span class='ocrx_word' id='word_1_109' title='bbox 447 1675 825 1742; x_wconf 72' lang='lat' dir='ltr'><strong>Spectantihus</strong></span> <span class='ocrx_word' id='word_1_110' title='bbox 860 1676 1236 1730; x_wconf 88' lang='lat' dir='ltr'><strong>inculicndum</strong></span> <span class='ocrx_word' id='word_1_111' title='bbox 1269 1676 1408 1732; x_wconf 84' lang='lat' dir='ltr'><strong>satis</strong></span> <span class='ocrx_word' id='word_1_112' title='bbox 1441 1687 1600 1731; x_wconf 85' lang='lat' dir='ltr'><strong>esset.</strong></span> <span class='ocrx_word' id='word_1_113' title='bbox 1634 1677 1826 1732; x_wconf 85' lang='lat' dir='ltr'><strong>Cibum</strong></span> <span class='ocrx_word' id='word_1_114' title='bbox 1853 1687 2033 1733; x_wconf 86' lang='lat' dir='ltr'><strong>autem</strong></span> 
     </span>
    </p>
   </div>
   <div class='ocr_carea' id='block_1_18' title="bbox 2127 480 3718 557">
    <p class='ocr_par' dir='ltr' id='par_1_18' title="bbox 2127 480 3718 557">
     <span class='ocr_line' id='line_1_18' title="bbox 2127 480 3718 557; baseline -0.004 -18"><span class='ocrx_word' id='word_1_115' title='bbox 2127 485 2606 557; x_wconf 73' lang='grc' dir='ltr'><strong>διαμαρτύρασθαι</strong></span> <span class='ocrx_word' id='word_1_116' title='bbox 2647 483 2981 557; x_wconf 69' lang='grc' dir='ltr'>παρηγγύα*</span> <span class='ocrx_word' id='word_1_117' title='bbox 3011 483 3108 535; x_wconf 66' lang='grc' dir='ltr'><strong>καὶ</strong></span> <span class='ocrx_word' id='word_1_118' title='bbox 3133 481 3223 535; x_wconf 82' lang='grc' dir='ltr'><strong>τὸν</strong></span> <span class='ocrx_word' id='word_1_119' title='bbox 3260 482 3446 535; x_wconf 78' lang='grc' dir='ltr'>Ἰωνᾶν</span> <span class='ocrx_word' id='word_1_120' title='bbox 3495 481 3577 543; x_wconf 87' lang='grc' dir='ltr'><strong>είς</strong></span> <span class='ocrx_word' id='word_1_121' title='bbox 3619 480 3718 547; x_wconf 62' lang='grc' dir='ltr'>τὴν</span> 
     </span>
    </p>
   </div>
   <div class='ocr_carea' id='block_1_19' title="bbox 2129 568 3722 647">
    <p class='ocr_par' dir='ltr' id='par_1_19' title="bbox 2129 568 3722 647">
     <span class='ocr_line' id='line_1_19' title="bbox 2129 568 3722 647; baseline -0.008 -16"><span class='ocrx_word' id='word_1_122' title='bbox 2129 579 2317 632; x_wconf 72' lang='grc' dir='ltr'>Νινευὶ</span> <span class='ocrx_word' id='word_1_123' title='bbox 2346 577 2602 632; x_wconf 84' lang='grc' dir='ltr'>ἐκέλευσε</span> <span class='ocrx_word' id='word_1_124' title='bbox 2633 577 2870 647; x_wconf 80' lang='grc' dir='ltr'><strong>τρέχειν,</strong></span> <span class='ocrx_word' id='word_1_125' title='bbox 2896 575 2991 627; x_wconf 59' lang='grc' dir='ltr'><strong>καὶ¹</strong></span> <span class='ocrx_word' id='word_1_126' title='bbox 3029 574 3104 644; x_wconf 84' lang='grc' dir='ltr'>μὴ</span> <span class='ocrx_word' id='word_1_127' title='bbox 3147 570 3472 642; x_wconf 86' lang='grc' dir='ltr'>βουλόμενον</span> <span class='ocrx_word' id='word_1_128' title='bbox 3502 568 3722 638; x_wconf 79' lang='grc' dir='ltr'>δεσμὼο</span> 
     </span>
    </p>
   </div>
   <div class='ocr_carea' id='block_1_20' title="bbox 2127 660 3721 741">
    <p class='ocr_par' dir='ltr' id='par_1_20' title="bbox 2127 660 3721 741">
     <span class='ocr_line' id='line_1_20' title="bbox 2127 660 3721 741; baseline -0.007 -20"><span class='ocrx_word' id='word_1_129' title='bbox 2127 687 2226 740; x_wconf 84' lang='grc' dir='ltr'><strong>την</strong></span> <span class='ocrx_word' id='word_1_130' title='bbox 2267 667 2618 741; x_wconf 71' lang='grc' dir='ltr'>παρέπεμψε.</span> <span class='ocrx_word' id='word_1_131' title='bbox 2664 666 2849 720; x_wconf 79' lang='grc' dir='ltr'>Ταῦτα</span> <span class='ocrx_word' id='word_1_132' title='bbox 2907 667 3006 720; x_wconf 70' lang='grc' dir='ltr'>καὶ</span> <span class='ocrx_word' id='word_1_133' title='bbox 3046 665 3114 719; x_wconf 84' lang='grc' dir='ltr'><strong>τά</strong></span> <span class='ocrx_word' id='word_1_134' title='bbox 3140 663 3364 718; x_wconf 84' lang='grc' dir='ltr'>τοιαῦτα</span> <span class='ocrx_word' id='word_1_135' title='bbox 3397 661 3573 729; x_wconf 85' lang='grc' dir='ltr'>λέγων</span> <span class='ocrx_word' id='word_1_136' title='bbox 3622 660 3721 712; x_wconf 82' lang='grc' dir='ltr'><strong>τὸν</strong></span> 
     </span>
    </p>
   </div>
   <div class='ocr_carea' id='block_1_21' title="bbox 2131 753 3723 832">
    <p class='ocr_par' dir='ltr' id='par_1_21' title="bbox 2131 753 3723 832">
     <span class='ocr_line' id='line_1_21' title="bbox 2131 753 3723 832; baseline -0.009 -16"><span class='ocrx_word' id='word_1_137' title='bbox 2131 763 2275 816; x_wconf 86' lang='grc' dir='ltr'>θεῖον</span> <span class='ocrx_word' id='word_1_138' title='bbox 2320 761 2697 832; x_wconf 83' lang='grc' dir='ltr'>κατεκήλησεν</span> <span class='ocrx_word' id='word_1_139' title='bbox 2733 760 2925 828; x_wconf 79' lang='grc' dir='ltr'>ἄνδρα,</span> <span class='ocrx_word' id='word_1_140' title='bbox 2965 757 3060 810; x_wconf 75' lang='grc' dir='ltr'><strong>καὶ</strong></span> <span class='ocrx_word' id='word_1_141' title='bbox 3088 756 3189 827; x_wconf 71' lang='grc' dir='ltr'><strong>τὴν</strong></span> <span class='ocrx_word' id='word_1_142' title='bbox 3226 754 3532 808; x_wconf 89' lang='grc' dir='ltr'>ἐθελούσιον</span> <span class='ocrx_word' id='word_1_143' title='bbox 3567 753 3723 806; x_wconf 69' lang='grc' dir='ltr'>ἐκει-</span> 
     </span>
    </p>
   </div>
   <div class='ocr_carea' id='block_1_22' title="bbox 2131 841 3724 925">
    <p class='ocr_par' dir='ltr' id='par_1_22' title="bbox 2131 841 3724 925">
     <span class='ocr_line' id='line_1_22' title="bbox 2131 841 3724 925; baseline -0.01 -17"><span class='ocrx_word' id='word_1_144' title='bbox 2131 873 2227 925; x_wconf 88' lang='grc' dir='ltr'><strong>νην</strong></span> <span class='ocrx_word' id='word_1_145' title='bbox 2259 851 2511 922; x_wconf 80' lang='grc' dir='ltr'><strong>διορύξας</strong></span> <span class='ocrx_word' id='word_1_146' title='bbox 2540 850 2785 922; x_wconf 81' lang='grc' dir='ltr'>εἱρκτὴν,</span> <span class='ocrx_word' id='word_1_147' title='bbox 2823 847 2984 917; x_wconf 78' lang='grc' dir='ltr'>ἐξῆγέ</span> <span class='ocrx_word' id='word_1_148' title='bbox 3014 863 3073 899; x_wconf 84' lang='grc' dir='ltr'><strong>τε</strong></span> <span class='ocrx_word' id='word_1_149' title='bbox 3105 845 3202 898; x_wconf 64' lang='grc' dir='ltr'>καὶ</span> <span class='ocrx_word' id='word_1_150' title='bbox 3242 843 3444 912; x_wconf 76' lang='grc' dir='ltr'>ἀπῆγε.</span> <span class='ocrx_word' id='word_1_151' title='bbox 3474 843 3566 894; x_wconf 73' lang='grc' dir='ltr'><strong>καὶ</strong></span> <span class='ocrx_word' id='word_1_152' title='bbox 3604 841 3724 894; x_wconf 82' lang='grc' dir='ltr'><strong>τῶν</strong></span> 
     </span>
    </p>
   </div>
   <div class='ocr_carea' id='block_1_23' title="bbox 2131 935 3729 1014">
    <p class='ocr_par' dir='ltr' id='par_1_23' title="bbox 2131 935 3729 1014">
     <span class='ocr_line' id='line_1_23' title="bbox 2131 935 3729 1014; baseline -0.009 -15"><span class='ocrx_word' id='word_1_153' title='bbox 2131 945 2416 999; x_wconf 85' lang='grc' dir='ltr'>θιασωτῶν</span> <span class='ocrx_word' id='word_1_154' title='bbox 2466 941 2756 1014; x_wconf 80' lang='grc' dir='ltr'>παρεδίδου</span> <span class='ocrx_word' id='word_1_155' title='bbox 2801 939 2900 1010; x_wconf 78' lang='grc' dir='ltr'><strong>τὴν</strong></span> <span class='ocrx_word' id='word_1_156' title='bbox 2936 937 3276 1008; x_wconf 83' lang='grc' dir='ltr'>ἐπιμέλειαν.</span> <span class='ocrx_word' id='word_1_157' title='bbox 3317 935 3462 1002; x_wconf 84' lang='grc' dir='ltr'>Ἐγὼ</span> <span class='ocrx_word' id='word_1_158' title='bbox 3506 935 3564 988; x_wconf 80' lang='grc' dir='ltr'>δὲ</span> <span class='ocrx_word' id='word_1_159' title='bbox 3611 935 3729 987; x_wconf 78' lang='grc' dir='ltr'><strong>οὐκ</strong></span> 
     </span>
    </p>
   </div>
   <div class='ocr_carea' id='block_1_24' title="bbox 2131 1027 3729 1109">
    <p class='ocr_par' dir='ltr' id='par_1_24' title="bbox 2131 1027 3729 1109">
     <span class='ocr_line' id='line_1_24' title="bbox 2131 1027 3729 1109; baseline -0.008 -19"><span class='ocrx_word' id='word_1_160' title='bbox 2131 1033 2248 1092; x_wconf 71' lang='grc' dir='ltr'>οῖδα</span> <span class='ocrx_word' id='word_1_161' title='bbox 2271 1037 2496 1109; x_wconf 87' lang='grc' dir='ltr'>πότερον</span> <span class='ocrx_word' id='word_1_162' title='bbox 2523 1035 2682 1088; x_wconf 88' lang='grc' dir='ltr'>πλέον</span> <span class='ocrx_word' id='word_1_163' title='bbox 2709 1033 2994 1103; x_wconf 86' lang='grc' dir='ltr'>θαυμάσω,</span> <span class='ocrx_word' id='word_1_164' title='bbox 3014 1031 3207 1086; x_wconf 88' lang='grc' dir='ltr'>τούτου</span> <span class='ocrx_word' id='word_1_165' title='bbox 3227 1029 3324 1099; x_wconf 72' lang='grc' dir='ltr'>τὴν</span> <span class='ocrx_word' id='word_1_166' title='bbox 3363 1027 3729 1099; x_wconf 84' lang='grc' dir='ltr'>μετριότητα,</span> 
     </span>
    </p>
   </div>
   <div class='ocr_carea' id='block_1_25' title="bbox 2132 1111 3730 1199">
    <p class='ocr_par' dir='ltr' id='par_1_25' title="bbox 2132 1111 3730 1199">
     <span class='ocr_line' id='line_1_25' title="bbox 2132 1111 3730 1199; baseline -0.009 -19"><span class='ocrx_word' id='word_1_167' title='bbox 2132 1129 2164 1199; x_wconf 81' lang='grc' dir='ltr'>ἢ</span> <span class='ocrx_word' id='word_1_168' title='bbox 2183 1128 2390 1182; x_wconf 78' lang='grc' dir='ltr'>ἐκείνου</span> <span class='ocrx_word' id='word_1_169' title='bbox 2409 1127 2512 1198; x_wconf 80' lang='grc' dir='ltr'><strong>τὴν</strong></span> <span class='ocrx_word' id='word_1_170' title='bbox 2527 1124 2858 1179; x_wconf 72' lang='grc' dir='ltr'>εὐπείθειαν.</span> <span class='ocrx_word' id='word_1_171' title='bbox 2874 1123 2985 1176; x_wconf 71' lang='grc' dir='ltr'><strong>Καὶ</strong></span> <span class='ocrx_word' id='word_1_172' title='bbox 3002 1121 3110 1192; x_wconf 84' lang='grc' dir='ltr'>γὰρ</span> <span class='ocrx_word' id='word_1_173' title='bbox 3123 1111 3277 1182; x_wconf 72' lang='grc' dir='ltr'>οὗτος</span> <span class='ocrx_word' id='word_1_174' title='bbox 3294 1118 3391 1189; x_wconf 80' lang='grc' dir='ltr'><strong>τὴν</strong></span> <span class='ocrx_word' id='word_1_175' title='bbox 3413 1115 3730 1189; x_wconf 77' lang='grc' dir='ltr'>ἡγεμονίαν</span> 
     </span>
    </p>
   </div>
   <div class='ocr_carea' id='block_1_26' title="bbox 2132 1209 3732 1292">
    <p class='ocr_par' dir='ltr' id='par_1_26' title="bbox 2132 1209 3732 1292">
     <span class='ocr_line' id='line_1_26' title="bbox 2132 1209 3732 1292; baseline -0.008 -20"><span class='ocrx_word' id='word_1_176' title='bbox 2132 1220 2482 1292; x_wconf 86' lang='grc' dir='ltr'>ἐδραπέτευε,</span> <span class='ocrx_word' id='word_1_177' title='bbox 2508 1217 2730 1272; x_wconf 76' lang='grc' dir='ltr'>καὶτῶν</span> <span class='ocrx_word' id='word_1_178' title='bbox 2773 1215 3030 1286; x_wconf 77' lang='grc' dir='ltr'><strong>ὑπηκόων</strong></span> <span class='ocrx_word' id='word_1_179' title='bbox 3053 1209 3132 1277; x_wconf 81' lang='grc' dir='ltr'>εἷς</span> <span class='ocrx_word' id='word_1_180' title='bbox 3161 1209 3302 1267; x_wconf 76' lang='grc' dir='ltr'>εἶναι</span> <span class='ocrx_word' id='word_1_181' title='bbox 3334 1211 3533 1282; x_wconf 80' lang='grc' dir='ltr'>μᾶλλον</span> <span class='ocrx_word' id='word_1_182' title='bbox 3555 1209 3732 1262; x_wconf 63' lang='lat'><strong>£605-</strong></span> 
     </span>
    </p>
   </div>
   <div class='ocr_carea' id='block_1_27' title="bbox 2132 1300 3735 1384">
    <p class='ocr_par' dir='ltr' id='par_1_27' title="bbox 2132 1300 3735 1384">
     <span class='ocr_line' id='line_1_27' title="bbox 2132 1300 3735 1384; baseline -0.008 -20"><span class='ocrx_word' id='word_1_183' title='bbox 2132 1311 2271 1375; x_wconf 89' lang='grc' dir='ltr'>λετο,</span> <span class='ocrx_word' id='word_1_184' title='bbox 2304 1312 2402 1382; x_wconf 76' lang='grc' dir='ltr'><strong>τῆς</strong></span> <span class='ocrx_word' id='word_1_185' title='bbox 2433 1309 2770 1381; x_wconf 81' lang='grc' dir='ltr'>προστασίας</span> <span class='ocrx_word' id='word_1_186' title='bbox 2793 1307 2884 1360; x_wconf 72' lang='grc' dir='ltr'><strong>τὸν</strong></span> <span class='ocrx_word' id='word_1_187' title='bbox 2919 1306 3165 1360; x_wconf 85' lang='grc' dir='ltr'>κίνδυνον</span> <span class='ocrx_word' id='word_1_188' title='bbox 3200 1303 3574 1384; x_wconf 63' lang='grc' dir='ltr'>ὑφορώμενος.</span> <span class='ocrx_word' id='word_1_189' title='bbox 3609 1300 3735 1354; x_wconf 68' lang='grc' dir='ltr'><strong>Καὶ</strong></span> 
     </span>
    </p>
   </div>
   <div class='ocr_carea' id='block_1_28' title="bbox 2132 1385 3734 1476">
    <p class='ocr_par' dir='ltr' id='par_1_28' title="bbox 2132 1385 3734 1476">
     <span class='ocr_line' id='line_1_28' title="bbox 2132 1385 3734 1476; baseline -0.012 -16"><span class='ocrx_word' id='word_1_190' title='bbox 2132 1408 2160 1460; x_wconf 79' lang='grc' dir='ltr'>ὁ</span> <span class='ocrx_word' id='word_1_191' title='bbox 2215 1405 2389 1476; x_wconf 87' lang='grc' dir='ltr'>μέγας</span> <span class='ocrx_word' id='word_1_192' title='bbox 2446 1403 2707 1465; x_wconf 79' lang='grc' dir='ltr'>Εὐσέϐιος</span> <span class='ocrx_word' id='word_1_193' title='bbox 2759 1385 2858 1468; x_wconf 63' lang='grc' dir='ltr'>τὴν</span> <span class='ocrx_word' id='word_1_194' title='bbox 2934 1397 3070 1469; x_wconf 86' lang='grc' dir='ltr'><strong>μετά</strong></span> <span class='ocrx_word' id='word_1_195' title='bbox 3123 1396 3385 1449; x_wconf 81' lang='grc' dir='ltr'>πλειόνων</span> <span class='ocrx_word' id='word_1_196' title='bbox 3439 1391 3734 1462; x_wconf 73' lang='grc' dir='ltr'>διαγωγὴν</span> 
     </span>
    </p>
   </div>
   <div class='ocr_carea' id='block_1_29' title="bbox 2136 1486 3737 1568">
    <p class='ocr_par' dir='ltr' id='par_1_29' title="bbox 2136 1486 3737 1568">
     <span class='ocr_line' id='line_1_29' title="bbox 2136 1486 3737 1568; baseline -0.01 -17"><span class='ocrx_word' id='word_1_197' title='bbox 2136 1497 2512 1568; x_wconf 67' lang='grc' dir='ltr'><strong>ἀπεστρέφετο</strong></span> <span class='ocrx_word' id='word_1_198' title='bbox 2537 1495 2656 1565; x_wconf 79' lang='grc' dir='ltr'>μὲν,</span> <span class='ocrx_word' id='word_1_199' title='bbox 2693 1490 2805 1558; x_wconf 79' lang='grc' dir='ltr'>εἶξε</span> <span class='ocrx_word' id='word_1_200' title='bbox 2832 1491 2887 1544; x_wconf 79' lang='grc' dir='ltr'>δὲ</span> <span class='ocrx_word' id='word_1_201' title='bbox 2911 1493 3081 1560; x_wconf 79' lang='grc' dir='ltr'>ὅμως,</span> <span class='ocrx_word' id='word_1_202' title='bbox 3112 1486 3208 1552; x_wconf 75' lang='grc' dir='ltr'><strong>καὶ</strong></span> <span class='ocrx_word' id='word_1_203' title='bbox 3226 1489 3337 1550; x_wconf 82' lang='grc' dir='ltr'>τοῖς</span> <span class='ocrx_word' id='word_1_204' title='bbox 3363 1487 3463 1556; x_wconf 75' lang='grc' dir='ltr'>τῆς</span> <span class='ocrx_word' id='word_1_205' title='bbox 3493 1486 3737 1553; x_wconf 64' lang='grc' dir='ltr'>ἀγάπης</span> 
     </span>
    </p>
   </div>
   <div class='ocr_carea' id='block_1_30' title="bbox 2134 1578 3735 1656">
    <p class='ocr_par' dir='ltr' id='par_1_30' title="bbox 2134 1578 3735 1656">
     <span class='ocr_line' id='line_1_30' title="bbox 2134 1578 3735 1656; baseline -0.008 -12"><span class='ocrx_word' id='word_1_206' title='bbox 2134 1590 2368 1652; x_wconf 79' lang='grc' dir='ltr'><strong>δικτύοις</strong></span> <span class='ocrx_word' id='word_1_207' title='bbox 2399 1589 2561 1651; x_wconf 77' lang='grc' dir='ltr'><strong>ἀλούς</strong></span> <span class='ocrx_word' id='word_1_208' title='bbox 2588 1587 2806 1656; x_wconf 82' lang='grc' dir='ltr'>ἐδέχετο</span> <span class='ocrx_word' id='word_1_209' title='bbox 2848 1585 2945 1654; x_wconf 84' lang='grc' dir='ltr'>τῆς</span> <span class='ocrx_word' id='word_1_210' title='bbox 2977 1582 3213 1652; x_wconf 81' lang='grc' dir='ltr'>ποίμνης</span> <span class='ocrx_word' id='word_1_211' title='bbox 3243 1581 3342 1650; x_wconf 72' lang='grc' dir='ltr'>τὴν</span> <span class='ocrx_word' id='word_1_212' title='bbox 3381 1578 3735 1648; x_wconf 76' lang='grc' dir='ltr'>ἐπιμέλειαν,</span> 
     </span>
    </p>
   </div>
   <div class='ocr_carea' id='block_1_31' title="bbox 2137 1669 3736 1750">
    <p class='ocr_par' dir='ltr' id='par_1_31' title="bbox 2137 1669 3736 1750">
     <span class='ocr_line' id='line_1_31' title="bbox 2137 1669 3736 1750; baseline -0.01 -16"><span class='ocrx_word' id='word_1_213' title='bbox 2137 1682 2231 1736; x_wconf 72' lang='grc' dir='ltr'><strong>καὶ</strong></span> <span class='ocrx_word' id='word_1_214' title='bbox 2259 1677 2363 1750; x_wconf 79' lang='grc' dir='ltr'>ἦγε</span> <span class='ocrx_word' id='word_1_215' title='bbox 2388 1681 2480 1732; x_wconf 82' lang='grc' dir='ltr'><strong>τὸν</strong></span> <span class='ocrx_word' id='word_1_216' title='bbox 2523 1678 2680 1748; x_wconf 80' lang='grc' dir='ltr'>χορὸν</span> <span class='ocrx_word' id='word_1_217' title='bbox 2703 1678 2768 1730; x_wconf 86' lang='grc' dir='ltr'><strong>ού</strong></span> <span class='ocrx_word' id='word_1_218' title='bbox 2801 1674 3012 1728; x_wconf 79' lang='grc' dir='ltr'>πολλῶν</span> <span class='ocrx_word' id='word_1_219' title='bbox 3051 1672 3226 1740; x_wconf 88' lang='grc' dir='ltr'>λόγων</span> <span class='ocrx_word' id='word_1_220' title='bbox 3261 1673 3340 1731; x_wconf 82' lang='grc' dir='ltr'>εἰς</span> <span class='ocrx_word' id='word_1_221' title='bbox 3370 1669 3736 1722; x_wconf 71' lang='grc' dir='ltr'>διδασκαλίαν</span> 
     </span>
    </p>
   </div>
   <div class='ocr_carea' id='block_1_32' title="bbox 447 1757 2041 1841">
    <p class='ocr_par' dir='ltr' id='par_1_32' title="bbox 447 1764 2030 1839">
     <span class='ocr_line' id='line_1_32' title="bbox 447 1764 2030 1839; baseline 0.005 -23"><span class='ocrx_word' id='word_1_222' title='bbox 447 1764 564 1834; x_wconf 82' lang='lat' dir='ltr'><strong>ipse</strong></span> <span class='ocrx_word' id='word_1_223' title='bbox 597 1766 817 1835; x_wconf 85' lang='lat' dir='ltr'><strong>quidem</strong></span> <span class='ocrx_word' id='word_1_224' title='bbox 865 1775 988 1836; x_wconf 91' lang='lat' dir='ltr'><strong>post</strong></span> <span class='ocrx_word' id='word_1_225' title='bbox 1034 1777 1147 1822; x_wconf 87' lang='lat' dir='ltr'><strong>tres</strong></span> <span class='ocrx_word' id='word_1_226' title='bbox 1210 1777 1520 1838; x_wconf 87' lang='lat' dir='ltr'><strong>quatuorve</strong></span> <span class='ocrx_word' id='word_1_227' title='bbox 1574 1769 1690 1838; x_wconf 77' lang='lat' dir='ltr'><strong>dies</strong></span> <span class='ocrx_word' id='word_1_228' title='bbox 1738 1771 2030 1839; x_wconf 84' lang='lat' dir='ltr'><strong>capiebat:</strong></span> 
     </span>
    </p>
   </div>
   <div class='ocr_carea' id='block_1_33' title="bbox 2145 1757 3740 1841">
    <p class='ocr_par' dir='ltr' id='par_1_33' title="bbox 2145 1759 3740 1841">
     <span class='ocr_line' id='line_1_33' title="bbox 2145 1759 3740 1841; baseline -0.009 -16"><span class='ocrx_word' id='word_1_229' title='bbox 2145 1772 2412 1841; x_wconf 83' lang='grc' dir='ltr'>δεόμενος.</span> <span class='ocrx_word' id='word_1_230' title='bbox 2447 1770 2647 1839; x_wconf 85' lang='grc' dir='ltr'>Ἤρκει</span> <span class='ocrx_word' id='word_1_231' title='bbox 2687 1766 2797 1837; x_wconf 87' lang='grc' dir='ltr'><strong>γὰρ</strong></span> <span class='ocrx_word' id='word_1_232' title='bbox 2842 1765 2937 1818; x_wconf 74' lang='grc' dir='ltr'>καὶ</span> <span class='ocrx_word' id='word_1_233' title='bbox 2979 1763 3304 1834; x_wconf 75' lang='grc' dir='ltr'>φαινόμενος</span> <span class='ocrx_word' id='word_1_234' title='bbox 3337 1759 3462 1824; x_wconf 76' lang='grc' dir='ltr'>ὀξὺν</span> <span class='ocrx_word' id='word_1_235' title='bbox 3494 1759 3740 1830; x_wconf 75' lang='grc' dir='ltr'>ἐργάξε-</span> 
     </span>
    </p>
   </div>
   <div class='ocr_carea' id='block_1_34' title="bbox 447 1858 2034 1930">
    <p class='ocr_par' dir='ltr' id='par_1_34' title="bbox 447 1858 2034 1930">
     <span class='ocr_line' id='line_1_34' title="bbox 447 1858 2034 1930; baseline 0.003 -21"><span class='ocrx_word' id='word_1_236' title='bbox 447 1858 633 1920; x_wconf 79' lang='lat' dir='ltr'><strong>socios</strong></span> <span class='ocrx_word' id='word_1_237' title='bbox 658 1873 786 1913; x_wconf 91' lang='lat' dir='ltr'><strong>vero</strong></span> <span class='ocrx_word' id='word_1_238' title='bbox 811 1860 1039 1914; x_wconf 86' lang='lat' dir='ltr'><strong>alternis</strong></span> <span class='ocrx_word' id='word_1_239' title='bbox 1062 1860 1256 1915; x_wconf 87' lang='lat' dir='ltr'><strong>diebus</strong></span> <span class='ocrx_word' id='word_1_240' title='bbox 1284 1860 1428 1914; x_wconf 81' lang='lat' dir='ltr'><strong>vesci</strong></span> <span class='ocrx_word' id='word_1_241' title='bbox 1448 1861 1699 1930; x_wconf 71' lang='lat' dir='ltr'><strong>juliebat.</strong></span> <span class='ocrx_word' id='word_1_242' title='bbox 1733 1861 1870 1916; x_wconf 90' lang='lat' dir='ltr'><strong>Cum</strong></span> <span class='ocrx_word' id='word_1_243' title='bbox 1926 1862 2034 1916; x_wconf 82' lang='lat' dir='ltr'><strong>Deo</strong></span> 
     </span>
    </p>
   </div>
   <div class='ocr_carea' id='block_1_35' title="bbox 447 1949 2040 2027">
    <p class='ocr_par' dir='ltr' id='par_1_35' title="bbox 447 1949 2040 2027">
     <span class='ocr_line' id='line_1_35' title="bbox 447 1949 2040 2027; baseline 0.006 -27"><span class='ocrx_word' id='word_1_244' title='bbox 447 1949 670 2004; x_wconf 86' lang='lat' dir='ltr'><strong>assidue</strong></span> <span class='ocrx_word' id='word_1_245' title='bbox 719 1951 958 2020; x_wconf 88' lang='lat' dir='ltr'><strong>colloqui</strong></span> <span class='ocrx_word' id='word_1_246' title='bbox 1007 1952 1390 2021; x_wconf 62' lang='lat' dir='ltr'><strong>praecipiebat,</strong></span> <span class='ocrx_word' id='word_1_247' title='bbox 1442 1954 1767 2023; x_wconf 87' lang='lat' dir='ltr'><strong>nullumque</strong></span> <span class='ocrx_word' id='word_1_248' title='bbox 1826 1954 2040 2027; x_wconf 64' lang='lat'><strong>1155,</strong></span> 
     </span>
    </p>
   </div>
   <div class='ocr_carea' id='block_1_36' title="bbox 443 2041 2058 2116">
    <p class='ocr_par' dir='ltr' id='par_1_36' title="bbox 443 2041 2058 2116">
     <span class='ocr_line' id='line_1_36' title="bbox 443 2041 2058 2116; baseline 0.007 -24"><span class='ocrx_word' id='word_1_249' title='bbox 443 2049 663 2114; x_wconf 77' lang='lat' dir='ltr'><strong>tempus</strong></span> <span class='ocrx_word' id='word_1_250' title='bbox 703 2042 771 2094; x_wconf 87' lang='lat' dir='ltr'><strong>ah</strong></span> <span class='ocrx_word' id='word_1_251' title='bbox 827 2041 930 2096; x_wconf 87' lang='lat' dir='ltr'><strong>hoc</strong></span> <span class='ocrx_word' id='word_1_252' title='bbox 992 2059 1222 2115; x_wconf 80' lang='lat' dir='ltr'><strong>munere</strong></span> <span class='ocrx_word' id='word_1_253' title='bbox 1270 2058 1499 2097; x_wconf 79' lang='lat' dir='ltr'><strong>vacuum</strong></span> <span class='ocrx_word' id='word_1_254' title='bbox 1537 2046 1849 2116; x_wconf 81' lang='lat' dir='ltr'><strong>relinquere</strong></span> <span class='ocrx_word' id='word_1_255' title='bbox 1890 2065 1904 2100; x_wconf 88' lang='lat'>:</span> <span class='ocrx_word' id='word_1_256' title='bbox 1941 2052 2058 2103; x_wconf 50' lang='lat' dir='ltr'><strong>sed»</strong></span> 
     </span>
    </p>
   </div>
   <div class='ocr_carea' id='block_1_37' title="bbox 447 2127 2036 2207">
    <p class='ocr_par' dir='ltr' id='par_1_37' title="bbox 447 2127 2036 2207">
     <span class='ocr_line' id='line_1_37' title="bbox 447 2127 2036 2207; baseline 0.01 -31"><span class='ocrx_word' id='word_1_257' title='bbox 447 2127 814 2182; x_wconf 76' lang='lat' dir='ltr'><strong>communiter</strong></span> <span class='ocrx_word' id='word_1_258' title='bbox 889 2129 1118 2198; x_wconf 87' lang='lat' dir='ltr'><strong>quidem</strong></span> <span class='ocrx_word' id='word_1_259' title='bbox 1189 2132 1455 2200; x_wconf 78' lang='lat' dir='ltr'><strong>przelinita</strong></span> <span class='ocrx_word' id='word_1_260' title='bbox 1523 2135 1696 2189; x_wconf 79' lang='lat' dir='ltr'><strong>ollicia</strong></span> <span class='ocrx_word' id='word_1_261' title='bbox 1765 2139 2036 2207; x_wconf 83' lang='lat' dir='ltr'><strong>exsequi,</strong></span> 
     </span>
    </p>
   </div>
   <div class='ocr_carea' id='block_1_38' title="bbox 449 2218 2026 2300">
    <p class='ocr_par' dir='ltr' id='par_1_38' title="bbox 449 2218 2026 2300">
     <span class='ocr_line' id='line_1_38' title="bbox 449 2218 2026 2300; baseline 0.01 -30"><span class='ocrx_word' id='word_1_262' title='bbox 449 2218 826 2277; x_wconf 85' lang='lat' dir='ltr'><strong>intercedente</strong></span> <span class='ocrx_word' id='word_1_263' title='bbox 859 2231 1040 2277; x_wconf 88' lang='lat' dir='ltr'><strong>autem</strong></span> <span class='ocrx_word' id='word_1_264' title='bbox 1073 2225 1341 2293; x_wconf 89' lang='lat' dir='ltr'><strong>temporis</strong></span> <span class='ocrx_word' id='word_1_265' title='bbox 1370 2227 1546 2294; x_wconf 83' lang='lat' dir='ltr'><strong>spatio</strong></span> <span class='ocrx_word' id='word_1_266' title='bbox 1571 2244 2026 2300; x_wconf 75' lang='lat' dir='ltr'><strong>unumquemque</strong></span> 
     </span>
    </p>
   </div>
   <div class='ocr_carea' id='block_1_39' title="bbox 425 2311 2028 2390">
    <p class='ocr_par' dir='ltr' id='par_1_39' title="bbox 425 2311 2028 2390">
     <span class='ocr_line' id='line_1_39' title="bbox 425 2311 2028 2390; baseline 0.009 -29"><span class='ocrx_word' id='word_1_267' title='bbox 425 2311 726 2390; x_wconf 72' lang='lat' dir='ltr'><strong>privatim,</strong></span> <span class='ocrx_word' id='word_1_268' title='bbox 765 2313 848 2370; x_wconf 85' lang='lat' dir='ltr'><strong>vel</strong></span> <span class='ocrx_word' id='word_1_269' title='bbox 883 2315 986 2370; x_wconf 86' lang='lat' dir='ltr'><strong>sub</strong></span> <span class='ocrx_word' id='word_1_270' title='bbox 1036 2315 1276 2385; x_wconf 83' lang='lat' dir='ltr'><strong>alicujus</strong></span> <span class='ocrx_word' id='word_1_271' title='bbox 1307 2318 1524 2374; x_wconf 89' lang='lat' dir='ltr'><strong>arboris</strong></span> <span class='ocrx_word' id='word_1_272' title='bbox 1568 2321 1785 2388; x_wconf 72' lang='lat' dir='ltr'><strong>umbra,</strong></span> <span class='ocrx_word' id='word_1_273' title='bbox 1849 2324 1930 2387; x_wconf 84' lang='lat' dir='ltr'><strong>vel</strong></span> <span class='ocrx_word' id='word_1_274' title='bbox 1964 2324 2028 2378; x_wconf 85' lang='lat' dir='ltr'><strong>a:l</strong></span> 
     </span>
    </p>
   </div>
   <div class='ocr_carea' id='block_1_40' title="bbox 450 2404 2030 2484">
    <p class='ocr_par' dir='ltr' id='par_1_40' title="bbox 450 2404 2030 2484">
     <span class='ocr_line' id='line_1_40' title="bbox 450 2404 2030 2484; baseline 0.012 -32"><span class='ocrx_word' id='word_1_275' title='bbox 450 2417 640 2472; x_wconf 85' lang='lat' dir='ltr'><strong>rupem</strong></span> <span class='ocrx_word' id='word_1_276' title='bbox 673 2404 933 2474; x_wconf 87' lang='lat' dir='ltr'><strong>aliquam,</strong></span> <span class='ocrx_word' id='word_1_277' title='bbox 962 2405 1044 2460; x_wconf 89' lang='lat' dir='ltr'><strong>vel</strong></span> <span class='ocrx_word' id='word_1_278' title='bbox 1075 2406 1165 2464; x_wconf 88' lang='lat' dir='ltr'><strong>ubi</strong></span> <span class='ocrx_word' id='word_1_279' title='bbox 1195 2407 1433 2477; x_wconf 88' lang='lat' dir='ltr'><strong>quietem</strong></span> <span class='ocrx_word' id='word_1_280' title='bbox 1469 2411 1708 2482; x_wconf 83' lang='lat' dir='ltr'><strong>quisque</strong></span> <span class='ocrx_word' id='word_1_281' title='bbox 1739 2412 2030 2484; x_wconf 80' lang='lat' dir='ltr'><strong>delegerit,</strong></span> 
     </span>
    </p>
   </div>
   <div class='ocr_carea' id='block_1_41' title="bbox 445 2497 2028 2572">
    <p class='ocr_par' dir='ltr' id='par_1_41' title="bbox 445 2497 2028 2572">
     <span class='ocr_line' id='line_1_41' title="bbox 445 2497 2028 2572; baseline 0.01 -27"><span class='ocrx_word' id='word_1_282' title='bbox 445 2502 543 2547; x_wconf 83' lang='lat' dir='ltr'><strong>aut</strong></span> <span class='ocrx_word' id='word_1_283' title='bbox 571 2503 827 2562; x_wconf 87' lang='lat' dir='ltr'><strong>stantem,</strong></span> <span class='ocrx_word' id='word_1_284' title='bbox 847 2506 942 2562; x_wconf 85' lang='lat' dir='ltr'><strong>aut</strong></span> <span class='ocrx_word' id='word_1_285' title='bbox 971 2497 1120 2552; x_wconf 91' lang='lat' dir='ltr'><strong>humi</strong></span> <span class='ocrx_word' id='word_1_286' title='bbox 1154 2507 1518 2570; x_wconf 87' lang='lat' dir='ltr'><strong>prostratum,</strong></span> <span class='ocrx_word' id='word_1_287' title='bbox 1551 2517 1712 2558; x_wconf 83' lang='lat' dir='ltr'><strong>orare</strong></span> <span class='ocrx_word' id='word_1_288' title='bbox 1741 2504 2028 2572; x_wconf 82' lang='lat' dir='ltr'><strong>Dominum</strong></span> 
     </span>
    </p>
   </div>
   <div class='ocr_carea' id='block_1_42' title="bbox 443 2588 2033 2668">
    <p class='ocr_par' dir='ltr' id='par_1_42' title="bbox 443 2588 2033 2668">
     <span class='ocr_line' id='line_1_42' title="bbox 443 2588 2033 2668; baseline 0.008 -27"><span class='ocrx_word' id='word_1_289' title='bbox 443 2594 501 2641; x_wconf 90' lang='lat' dir='ltr'><strong>et</strong></span> <span class='ocrx_word' id='word_1_290' title='bbox 537 2588 642 2642; x_wconf 86' lang='lat' dir='ltr'><strong>sibi</strong></span> <span class='ocrx_word' id='word_1_291' title='bbox 694 2589 928 2646; x_wconf 83' lang='lat' dir='ltr'><strong>salutem</strong></span> <span class='ocrx_word' id='word_1_292' title='bbox 990 2606 1238 2661; x_wconf 87' lang='lat' dir='ltr'><strong>poscere.</strong></span> <span class='ocrx_word' id='word_1_293' title='bbox 1298 2592 1562 2664; x_wconf 76' lang='lat' dir='ltr'><strong>Singulas</strong></span> <span class='ocrx_word' id='word_1_294' title='bbox 1620 2611 1748 2650; x_wconf 87' lang='lat' dir='ltr'><strong>vero</strong></span> <span class='ocrx_word' id='word_1_295' title='bbox 1785 2601 2033 2668; x_wconf 80' lang='lat' dir='ltr'><strong>corporis</strong></span> 
     </span>
    </p>
   </div>
   <div class='ocr_carea' id='block_1_43' title="bbox 448 2682 2033 2761">
    <p class='ocr_par' dir='ltr' id='par_1_43' title="bbox 448 2682 2033 2761">
     <span class='ocr_line' id='line_1_43' title="bbox 448 2682 2033 2761; baseline 0.01 -29"><span class='ocrx_word' id='word_1_296' title='bbox 448 2689 632 2750; x_wconf 80' lang='lat' dir='ltr'><strong>partes</strong></span> <span class='ocrx_word' id='word_1_297' title='bbox 665 2682 729 2736; x_wconf 91' lang='lat' dir='ltr'><strong>ad</strong></span> <span class='ocrx_word' id='word_1_298' title='bbox 748 2683 1004 2738; x_wconf 82' lang='lat' dir='ltr'><strong>virtutem</strong></span> <span class='ocrx_word' id='word_1_299' title='bbox 1027 2683 1249 2750; x_wconf 88' lang='lat' dir='ltr'><strong>erudiit,</strong></span> <span class='ocrx_word' id='word_1_300' title='bbox 1285 2693 1345 2740; x_wconf 90' lang='lat' dir='ltr'><strong>ut</strong></span> <span class='ocrx_word' id='word_1_301' title='bbox 1380 2702 1444 2742; x_wconf 86' lang='lat' dir='ltr'><strong>ea</strong></span> <span class='ocrx_word' id='word_1_302' title='bbox 1477 2688 1592 2741; x_wconf 87' lang='lat' dir='ltr'><strong>sola</strong></span> <span class='ocrx_word' id='word_1_303' title='bbox 1620 2687 1866 2744; x_wconf 80' lang='lat' dir='ltr'><strong>facerent</strong></span> <span class='ocrx_word' id='word_1_304' title='bbox 1912 2709 2033 2761; x_wconf 72' lang='lat' dir='ltr'><strong>quae</strong></span> 
     </span>
    </p>
   </div>
   <div class='ocr_carea' id='block_1_44' title="bbox 449 2774 2030 2853">
    <p class='ocr_par' dir='ltr' id='par_1_44' title="bbox 449 2774 2030 2853">
     <span class='ocr_line' id='line_1_44' title="bbox 449 2774 2030 2853; baseline 0.009 -27"><span class='ocrx_word' id='word_1_305' title='bbox 449 2774 589 2828; x_wconf 79' lang='lat' dir='ltr'><strong>ratio</strong></span> <span class='ocrx_word' id='word_1_306' title='bbox 625 2775 910 2844; x_wconf 75' lang='lat' dir='ltr'><strong>permittit;</strong></span> <span class='ocrx_word' id='word_1_307' title='bbox 945 2776 1102 2844; x_wconf 86' lang='lat' dir='ltr'><strong>Quod</strong></span> <span class='ocrx_word' id='word_1_308' title='bbox 1136 2785 1196 2831; x_wconf 92' lang='lat' dir='ltr'><strong>ut</strong></span> <span class='ocrx_word' id='word_1_309' title='bbox 1243 2778 1499 2844; x_wconf 88' lang='lat' dir='ltr'><strong>omnibus</strong></span> <span class='ocrx_word' id='word_1_310' title='bbox 1529 2781 1882 2845; x_wconf 81' lang='lat' dir='ltr'><strong>manifestum</strong></span> <span class='ocrx_word' id='word_1_311' title='bbox 1920 2787 2030 2853; x_wconf 83' lang='lat' dir='ltr'><strong>liat,</strong></span> 
     </span>
    </p>
   </div>
   <div class='ocr_carea' id='block_1_45' title="bbox 445 2867 1684 2942">
    <p class='ocr_par' dir='ltr' id='par_1_45' title="bbox 445 2867 1684 2942">
     <span class='ocr_line' id='line_1_45' title="bbox 445 2867 1684 2942; baseline 0.008 -24"><span class='ocrx_word' id='word_1_312' title='bbox 445 2881 511 2918; x_wconf 81' lang='lat' dir='ltr'><strong>ex</strong></span> <span class='ocrx_word' id='word_1_313' title='bbox 544 2867 801 2936; x_wconf 87' lang='lat' dir='ltr'><strong>plurimis</strong></span> <span class='ocrx_word' id='word_1_314' title='bbox 834 2870 954 2938; x_wconf 88' lang='lat' dir='ltr'><strong>ejus</strong></span> <span class='ocrx_word' id='word_1_315' title='bbox 980 2871 1150 2940; x_wconf 81' lang='lat' dir='ltr'><strong>gestis</strong></span> <span class='ocrx_word' id='word_1_316' title='bbox 1186 2887 1354 2938; x_wconf 79' lang='lat' dir='ltr'><strong>unum</strong></span> <span class='ocrx_word' id='word_1_317' title='bbox 1389 2887 1684 2942; x_wconf 73' lang='lat' dir='ltr'><strong>exponam.</strong></span> 
     </span>
    </p>
   </div>
   <div class='ocr_carea' id='block_1_46' title="bbox 2143 1851 3738 1933">
    <p class='ocr_par' dir='ltr' id='par_1_46' title="bbox 2143 1851 3738 1933">
     <span class='ocr_line' id='line_1_46' title="bbox 2143 1851 3738 1933; baseline -0.009 -14"><span class='ocrx_word' id='word_1_318' title='bbox 2143 1865 2266 1920; x_wconf 86' lang='grc' dir='ltr'>σθαι</span> <span class='ocrx_word' id='word_1_319' title='bbox 2293 1863 2426 1933; x_wconf 78' lang='grc' dir='ltr'>πρὸς</span> <span class='ocrx_word' id='word_1_320' title='bbox 2451 1861 2543 1915; x_wconf 83' lang='grc' dir='ltr'><strong>τὸν</strong></span> <span class='ocrx_word' id='word_1_321' title='bbox 2577 1861 2676 1931; x_wconf 82' lang='grc' dir='ltr'><strong>τῆς</strong></span> <span class='ocrx_word' id='word_1_322' title='bbox 2719 1858 2922 1930; x_wconf 77' lang='grc' dir='ltr'>ἀρετῆς</span> <span class='ocrx_word' id='word_1_323' title='bbox 2965 1855 3168 1926; x_wconf 80' lang='grc' dir='ltr'>δρόμον</span> <span class='ocrx_word' id='word_1_324' title='bbox 3194 1853 3291 1908; x_wconf 70' lang='grc' dir='ltr'>καὶ</span> <span class='ocrx_word' id='word_1_325' title='bbox 3329 1852 3420 1904; x_wconf 81' lang='grc' dir='ltr'><strong>τὸν</strong></span> <span class='ocrx_word' id='word_1_326' title='bbox 3448 1851 3594 1918; x_wconf 83' lang='grc' dir='ltr'>ἄγαν</span> <span class='ocrx_word' id='word_1_327' title='bbox 3621 1868 3738 1904; x_wconf 85' lang='grc' dir='ltr'>νω-</span> 
     </span>
    </p>
   </div>
   <div class='ocr_carea' id='block_1_47' title="bbox 2141 1943 3741 2016">
    <p class='ocr_par' dir='ltr' id='par_1_47' title="bbox 2141 1943 3741 2016">
     <span class='ocr_line' id='line_1_47' title="bbox 2141 1943 3741 2016; baseline -0.011 -4"><span class='ocrx_word' id='word_1_328' title='bbox 2141 1958 2421 2013; x_wconf 86' lang='grc' dir='ltr'>θέστατον.</span> <span class='ocrx_word' id='word_1_329' title='bbox 2453 1955 2592 2008; x_wconf 67' lang='grc' dir='ltr'>Φασὶ</span> <span class='ocrx_word' id='word_1_330' title='bbox 2649 1953 2707 2006; x_wconf 77' lang='grc' dir='ltr'>δὲ</span> <span class='ocrx_word' id='word_1_331' title='bbox 2767 1951 2930 2005; x_wconf 78' lang='grc' dir='ltr'>αὐτὸν</span> <span class='ocrx_word' id='word_1_332' title='bbox 2981 1950 3031 2002; x_wconf 79' lang='lat' dir='ltr'><strong>ot</strong></span> <span class='ocrx_word' id='word_1_333' title='bbox 3063 1945 3422 2016; x_wconf 83' lang='grc' dir='ltr'>τεθεαμένοι,</span> <span class='ocrx_word' id='word_1_334' title='bbox 3463 1943 3741 2013; x_wconf 77' lang='grc' dir='ltr'>ἐμϐριθὲς</span> 
     </span>
    </p>
   </div>
   <div class='ocr_carea' id='block_1_48' title="bbox 2140 2035 3742 2118">
    <p class='ocr_par' dir='ltr' id='par_1_48' title="bbox 2140 2035 3742 2118">
     <span class='ocr_line' id='line_1_48' title="bbox 2140 2035 3742 2118; baseline -0.012 -12"><span class='ocrx_word' id='word_1_335' title='bbox 2140 2053 2227 2107; x_wconf 76' lang='grc' dir='ltr'><strong>ἀεὶ</strong></span> <span class='ocrx_word' id='word_1_336' title='bbox 2252 2050 2311 2104; x_wconf 81' lang='grc' dir='ltr'><strong>τὸ</strong></span> <span class='ocrx_word' id='word_1_337' title='bbox 2336 2048 2624 2118; x_wconf 87' lang='grc' dir='ltr'>πρόσωπον</span> <span class='ocrx_word' id='word_1_338' title='bbox 2656 2044 2976 2115; x_wconf 76' lang='grc' dir='ltr'>ἐσχηκέναι,</span> <span class='ocrx_word' id='word_1_339' title='bbox 3004 2042 3098 2098; x_wconf 74' lang='grc' dir='ltr'>καὶ</span> <span class='ocrx_word' id='word_1_340' title='bbox 3123 2039 3242 2106; x_wconf 83' lang='grc' dir='ltr'>δέος</span> <span class='ocrx_word' id='word_1_341' title='bbox 3273 2038 3461 2092; x_wconf 77' lang='grc' dir='ltr'>ἱκανὸν</span> <span class='ocrx_word' id='word_1_342' title='bbox 3484 2035 3742 2090; x_wconf 78' lang='grc' dir='ltr'>ἐνθεῖναι</span> 
     </span>
    </p>
   </div>
   <div class='ocr_carea' id='block_1_49' title="bbox 2141 2128 3741 2212">
    <p class='ocr_par' dir='ltr' id='par_1_49' title="bbox 2141 2128 3741 2212">
     <span class='ocr_line' id='line_1_49' title="bbox 2141 2128 3741 2212; baseline -0.011 -14"><span class='ocrx_word' id='word_1_343' title='bbox 2141 2147 2254 2210; x_wconf 86' lang='grc' dir='ltr'>τοῖς</span> <span class='ocrx_word' id='word_1_344' title='bbox 2293 2142 2607 2212; x_wconf 84' lang='grc' dir='ltr'>θεωμένοις.</span> <span class='ocrx_word' id='word_1_345' title='bbox 2633 2139 2850 2210; x_wconf 76' lang='grc' dir='ltr'>Τροφῇς</span> <span class='ocrx_word' id='word_1_346' title='bbox 2876 2137 2931 2189; x_wconf 81' lang='grc' dir='ltr'>δὲ</span> <span class='ocrx_word' id='word_1_347' title='bbox 2973 2134 3137 2197; x_wconf 72' lang='grc' dir='ltr'>αὐτὸς</span> <span class='ocrx_word' id='word_1_348' title='bbox 3181 2132 3280 2203; x_wconf 77' lang='grc' dir='ltr'>μὲν</span> <span class='ocrx_word' id='word_1_349' title='bbox 3327 2130 3415 2185; x_wconf 77' lang='grc' dir='ltr'><strong>διὰ</strong></span> <span class='ocrx_word' id='word_1_350' title='bbox 3444 2128 3619 2201; x_wconf 81' lang='grc' dir='ltr'>τριῶν</span> <span class='ocrx_word' id='word_1_351' title='bbox 3639 2130 3741 2182; x_wconf 73' lang='grc' dir='ltr'><strong>καὶ</strong></span> 
     </span>
    </p>
   </div>
   <div class='ocr_carea' id='block_1_50' title="bbox 2137 2224 3740 2306">
    <p class='ocr_par' dir='ltr' id='par_1_50' title="bbox 2137 2224 3740 2306">
     <span class='ocr_line' id='line_1_50' title="bbox 2137 2224 3740 2306; baseline -0.01 -16"><span class='ocrx_word' id='word_1_352' title='bbox 2137 2236 2417 2306; x_wconf 80' lang='grc' dir='ltr'><strong>τεττάρων</strong></span> <span class='ocrx_word' id='word_1_353' title='bbox 2451 2231 2732 2303; x_wconf 84' lang='grc' dir='ltr'>ἀπήλαυεν</span> <span class='ocrx_word' id='word_1_354' title='bbox 2762 2227 3023 2300; x_wconf 57' lang='grc' dir='ltr'>ἡμερῶνι</span> <span class='ocrx_word' id='word_1_355' title='bbox 3055 2229 3169 2289; x_wconf 82' lang='grc' dir='ltr'>τοῖς</span> <span class='ocrx_word' id='word_1_356' title='bbox 3190 2225 3246 2279; x_wconf 80' lang='grc' dir='ltr'>δὲ</span> <span class='ocrx_word' id='word_1_357' title='bbox 3277 2225 3548 2287; x_wconf 83' lang='grc' dir='ltr'>συνοίκοις</span> <span class='ocrx_word' id='word_1_358' title='bbox 3583 2224 3740 2293; x_wconf 68' lang='grc' dir='ltr'>παρὰ</span> 
     </span>
    </p>
   </div>
   <div class='ocr_carea' id='block_1_51' title="bbox 2143 2317 3739 2400">
    <p class='ocr_par' dir='ltr' id='par_1_51' title="bbox 2143 2317 3739 2400">
     <span class='ocr_line' id='line_1_51' title="bbox 2143 2317 3739 2400; baseline -0.009 -19"><span class='ocrx_word' id='word_1_359' title='bbox 2143 2327 2274 2400; x_wconf 89' lang='grc' dir='ltr'>μίαν</span> <span class='ocrx_word' id='word_1_360' title='bbox 2307 2324 2739 2397; x_wconf 78' lang='grc' dir='ltr'>μεταλαγχάνειν</span> <span class='ocrx_word' id='word_1_361' title='bbox 2777 2321 3018 2374; x_wconf 85' lang='grc' dir='ltr'>ἐκέλευε.</span> <span class='ocrx_word' id='word_1_362' title='bbox 3053 2317 3330 2388; x_wconf 87' lang='grc' dir='ltr'>Διηνεκῶς</span> <span class='ocrx_word' id='word_1_363' title='bbox 3371 2317 3427 2369; x_wconf 80' lang='grc' dir='ltr'><strong>δὲ</strong></span> <span class='ocrx_word' id='word_1_364' title='bbox 3459 2332 3739 2385; x_wconf 80' lang='grc' dir='ltr'>προσομι-</span> 
     </span>
    </p>
   </div>
   <div class='ocr_carea' id='block_1_52' title="bbox 2139 2406 3737 2486">
    <p class='ocr_par' dir='ltr' id='par_1_52' title="bbox 2139 2406 3737 2486">
     <span class='ocr_line' id='line_1_52' title="bbox 2139 2406 3737 2486; baseline -0.009 -16"><span class='ocrx_word' id='word_1_365' title='bbox 2139 2418 2251 2471; x_wconf 77' lang='grc' dir='ltr'>λεῖν</span> <span class='ocrx_word' id='word_1_366' title='bbox 2283 2416 2361 2486; x_wconf 88' lang='grc' dir='ltr'>τῷ</span> <span class='ocrx_word' id='word_1_367' title='bbox 2393 2413 2514 2484; x_wconf 87' lang='grc' dir='ltr'><strong>Θεῷ</strong></span> <span class='ocrx_word' id='word_1_368' title='bbox 2563 2411 2885 2484; x_wconf 78' lang='grc' dir='ltr'>παρηγγύα,</span> <span class='ocrx_word' id='word_1_369' title='bbox 2928 2409 3022 2463; x_wconf 76' lang='grc' dir='ltr'>καὶ</span> <span class='ocrx_word' id='word_1_370' title='bbox 3062 2407 3270 2479; x_wconf 80' lang='grc' dir='ltr'>μηδένα</span> <span class='ocrx_word' id='word_1_371' title='bbox 3304 2406 3498 2478; x_wconf 84' lang='grc' dir='ltr'>καιρὸν</span> <span class='ocrx_word' id='word_1_372' title='bbox 3527 2406 3737 2474; x_wconf 65' lang='grc' dir='ltr'>ταύτης</span> 
     </span>
    </p>
   </div>
   <div class='ocr_carea' id='block_1_53' title="bbox 2139 2497 3736 2580">
    <p class='ocr_par' dir='ltr' id='par_1_53' title="bbox 2139 2497 3736 2580">
     <span class='ocr_line' id='line_1_53' title="bbox 2139 2497 3736 2580; baseline -0.011 -15"><span class='ocrx_word' id='word_1_373' title='bbox 2139 2511 2371 2580; x_wconf 74' lang='grc' dir='ltr'>ἄμοιρον</span> <span class='ocrx_word' id='word_1_374' title='bbox 2403 2508 2502 2576; x_wconf 86' lang='grc' dir='ltr'>τῆς</span> <span class='ocrx_word' id='word_1_375' title='bbox 2532 2505 2798 2575; x_wconf 76' lang='grc' dir='ltr'>ἐργασίας</span> <span class='ocrx_word' id='word_1_376' title='bbox 2827 2504 2921 2573; x_wconf 85' lang='grc' dir='ltr'>ἐᾷν</span> <span class='ocrx_word' id='word_1_377' title='bbox 2940 2519 2952 2532; x_wconf 92' lang='grc'><strong>·</strong></span> <span class='ocrx_word' id='word_1_378' title='bbox 2985 2500 3120 2554; x_wconf 82' lang='grc' dir='ltr'><strong>ἀλλά</strong></span> <span class='ocrx_word' id='word_1_379' title='bbox 3156 2501 3311 2569; x_wconf 80' lang='grc' dir='ltr'>κοινῇ</span> <span class='ocrx_word' id='word_1_380' title='bbox 3339 2498 3437 2569; x_wconf 82' lang='grc' dir='ltr'><strong>μὲν</strong></span> <span class='ocrx_word' id='word_1_381' title='bbox 3471 2497 3579 2560; x_wconf 74' lang='grc' dir='ltr'>τὰς</span> <span class='ocrx_word' id='word_1_382' title='bbox 3605 2497 3736 2567; x_wconf 82' lang='grc' dir='ltr'>ὡρι-</span> 
     </span>
    </p>
   </div>
   <div class='ocr_carea' id='block_1_54' title="bbox 2143 2589 3736 2672">
    <p class='ocr_par' dir='ltr' id='par_1_54' title="bbox 2143 2589 3736 2672">
     <span class='ocr_line' id='line_1_54' title="bbox 2143 2589 3736 2672; baseline -0.009 -18"><span class='ocrx_word' id='word_1_383' title='bbox 2143 2601 2351 2672; x_wconf 86' lang='grc' dir='ltr'>σμένας</span> <span class='ocrx_word' id='word_1_384' title='bbox 2379 2596 2724 2666; x_wconf 76' lang='grc' dir='ltr'>λειτουργίας</span> <span class='ocrx_word' id='word_1_385' title='bbox 2749 2593 3040 2657; x_wconf 84' lang='grc' dir='ltr'>ἐπιτελεῖν,</span> <span class='ocrx_word' id='word_1_386' title='bbox 3069 2590 3136 2645; x_wconf 76' lang='grc' dir='ltr'><strong>τὰ</strong></span> <span class='ocrx_word' id='word_1_387' title='bbox 3165 2591 3221 2643; x_wconf 82' lang='grc' dir='ltr'>δὲ</span> <span class='ocrx_word' id='word_1_388' title='bbox 3254 2591 3312 2642; x_wconf 88' lang='grc' dir='ltr'><strong>ἐν</strong></span> <span class='ocrx_word' id='word_1_389' title='bbox 3345 2589 3500 2660; x_wconf 85' lang='grc' dir='ltr'>μέσῳ</span> <span class='ocrx_word' id='word_1_390' title='bbox 3525 2589 3736 2641; x_wconf 76' lang='grc' dir='ltr'>τούτων</span> 
     </span>
    </p>
   </div>
   <div class='ocr_carea' id='block_1_55' title="bbox 2139 2683 3736 2768">
    <p class='ocr_par' dir='ltr' id='par_1_55' title="bbox 2139 2683 3736 2768">
     <span class='ocr_line' id='line_1_55' title="bbox 2139 2683 3736 2768; baseline -0.017 -9"><span class='ocrx_word' id='word_1_391' title='bbox 2139 2696 2238 2768; x_wconf 73' lang='grc' dir='ltr'><strong>τῆς</strong></span> <span class='ocrx_word' id='word_1_392' title='bbox 2271 2695 2483 2764; x_wconf 79' lang='grc' dir='ltr'>ἡμέρας</span> <span class='ocrx_word' id='word_1_393' title='bbox 2527 2692 2691 2760; x_wconf 86' lang='grc' dir='ltr'>μόρια</span> <span class='ocrx_word' id='word_1_394' title='bbox 2731 2687 2851 2740; x_wconf 77' lang='grc' dir='ltr'>καθ’</span> <span class='ocrx_word' id='word_1_395' title='bbox 2887 2686 3078 2740; x_wconf 74' lang='grc' dir='ltr'>ἑαυτὸν</span> <span class='ocrx_word' id='word_1_396' title='bbox 3105 2684 3359 2747; x_wconf 72' lang='grc' dir='ltr'>ἕκαστον,</span> <span class='ocrx_word' id='word_1_397' title='bbox 3390 2683 3424 2754; x_wconf 78' lang='grc' dir='ltr'><strong>ἢ</strong></span> <span class='ocrx_word' id='word_1_398' title='bbox 3455 2684 3566 2736; x_wconf 75' lang='grc' dir='ltr'><strong>ὑπὸ</strong></span> <span class='ocrx_word' id='word_1_399' title='bbox 3607 2685 3736 2752; x_wconf 66' lang='grc' dir='ltr'>σκιᾷ</span> 
     </span>
    </p>
   </div>
   <div class='ocr_carea' id='block_1_56' title="bbox 2139 2775 3736 2856">
    <p class='ocr_par' dir='ltr' id='par_1_56' title="bbox 2139 2775 3736 2856">
     <span class='ocr_line' id='line_1_56' title="bbox 2139 2775 3736 2856; baseline -0.01 -15"><span class='ocrx_word' id='word_1_400' title='bbox 2139 2806 2246 2844; x_wconf 85' lang='grc' dir='ltr'>τινι</span> <span class='ocrx_word' id='word_1_401' title='bbox 2297 2785 2537 2856; x_wconf 79' lang='grc' dir='ltr'>δένδρου,</span> <span class='ocrx_word' id='word_1_402' title='bbox 2596 2782 2630 2852; x_wconf 85' lang='grc' dir='ltr'>ἢ</span> <span class='ocrx_word' id='word_1_403' title='bbox 2670 2780 2824 2852; x_wconf 84' lang='grc' dir='ltr'><strong>παρά</strong></span> <span class='ocrx_word' id='word_1_404' title='bbox 2853 2795 2975 2832; x_wconf 88' lang='grc' dir='ltr'>τινα</span> <span class='ocrx_word' id='word_1_405' title='bbox 3007 2777 3236 2848; x_wconf 83' lang='grc' dir='ltr'>πέτραν,</span> <span class='ocrx_word' id='word_1_406' title='bbox 3285 2779 3320 2845; x_wconf 81' lang='grc' dir='ltr'>ἢ</span> <span class='ocrx_word' id='word_1_407' title='bbox 3356 2775 3483 2830; x_wconf 77' lang='grc' dir='ltr'>ἔνθα</span> <span class='ocrx_word' id='word_1_408' title='bbox 3541 2775 3608 2827; x_wconf 79' lang='grc' dir='ltr'>ἄν</span> <span class='ocrx_word' id='word_1_409' title='bbox 3651 2777 3736 2837; x_wconf 74' lang='grc' dir='ltr'><strong>τίς</strong></span> 
     </span>
    </p>
   </div>
   <div class='ocr_carea' id='block_1_57' title="bbox 2142 2867 3735 2948">
    <p class='ocr_par' dir='ltr' id='par_1_57' title="bbox 2142 2867 3735 2948">
     <span class='ocr_line' id='line_1_57' title="bbox 2142 2867 3735 2948; baseline -0.009 -14"><span class='ocrx_word' id='word_1_410' title='bbox 2142 2896 2289 2942; x_wconf 85' lang='grc' dir='ltr'>τινος</span> <span class='ocrx_word' id='word_1_411' title='bbox 2320 2875 2554 2948; x_wconf 86' lang='grc' dir='ltr'>ἡσυχίας</span> <span class='ocrx_word' id='word_1_412' title='bbox 2604 2873 2892 2934; x_wconf 83' lang='grc' dir='ltr'>ἀπολαύοι,</span> <span class='ocrx_word' id='word_1_413' title='bbox 2943 2871 2977 2941; x_wconf 81' lang='grc' dir='ltr'>ἢ</span> <span class='ocrx_word' id='word_1_414' title='bbox 3011 2868 3246 2932; x_wconf 88' lang='grc' dir='ltr'>ἐστῶτα,</span> <span class='ocrx_word' id='word_1_415' title='bbox 3279 2869 3313 2938; x_wconf 74' lang='grc' dir='ltr'>ἢ</span> <span class='ocrx_word' id='word_1_416' title='bbox 3357 2867 3618 2938; x_wconf 85' lang='grc' dir='ltr'>κείμενον</span> <span class='ocrx_word' id='word_1_417' title='bbox 3645 2869 3735 2919; x_wconf 75' lang='grc' dir='ltr'><strong>ἐπ’</strong></span> 
     </span>
    </p>
   </div>
   <div class='ocr_carea' id='block_1_58' title="bbox 449 2956 3740 3043">
    <p class='ocr_par' dir='ltr' id='par_1_58' title="bbox 449 2956 3740 3043">
     <span class='ocr_line' id='line_1_58' title="bbox 449 2956 3740 3043; baseline 0.002 -35"><span class='ocrx_word' id='word_1_418' title='bbox 449 2956 701 3024; x_wconf 70' lang='grc' dir='ltr'>ἐδάφους,</span> <span class='ocrx_word' id='word_1_419' title='bbox 738 2959 1038 3016; x_wconf 85' lang='grc' dir='ltr'>ἀντιϐολεῖν</span> <span class='ocrx_word' id='word_1_420' title='bbox 1070 2961 1162 3016; x_wconf 79' lang='grc' dir='ltr'>τὸν</span> <span class='ocrx_word' id='word_1_421' title='bbox 1215 2963 1518 3033; x_wconf 85' lang='grc' dir='ltr'>Δεσπότην,</span> <span class='ocrx_word' id='word_1_422' title='bbox 1564 2965 1657 3018; x_wconf 83' lang='grc' dir='ltr'><strong>καί</strong></span> <span class='ocrx_word' id='word_1_423' title='bbox 1704 2967 1804 3038; x_wconf 76' lang='grc' dir='ltr'><strong>τὴν</strong></span> <span class='ocrx_word' id='word_1_424' title='bbox 1854 2973 2129 3043; x_wconf 75' lang='grc' dir='ltr'>σωτηρίαν</span> <span class='ocrx_word' id='word_1_425' title='bbox 2169 2973 2357 3025; x_wconf 87' lang='grc' dir='ltr'>αίτεῖν.</span> <span class='ocrx_word' id='word_1_426' title='bbox 2393 2966 2551 3020; x_wconf 77' lang='grc' dir='ltr'>οὕτω</span> <span class='ocrx_word' id='word_1_427' title='bbox 2581 2965 2638 3019; x_wconf 80' lang='grc' dir='ltr'>δὲ</span> <span class='ocrx_word' id='word_1_428' title='bbox 2691 2965 2803 3020; x_wconf 87' lang='grc' dir='ltr'><strong>τῶν</strong></span> <span class='ocrx_word' id='word_1_429' title='bbox 2859 2962 2956 3016; x_wconf 82' lang='grc' dir='ltr'>τοῦ</span> <span class='ocrx_word' id='word_1_430' title='bbox 3023 2961 3274 3032; x_wconf 82' lang='grc' dir='ltr'>σώματος</span> <span class='ocrx_word' id='word_1_431' title='bbox 3318 2961 3524 3032; x_wconf 86' lang='grc' dir='ltr'>μορίων</span> <span class='ocrx_word' id='word_1_432' title='bbox 3604 2964 3740 3015; x_wconf 76' lang='grc' dir='ltr'>ἱκα-</span> 
     </span>
    </p>
   </div>
   <div class='ocr_carea' id='block_1_59' title="bbox 447 3052 3743 3140">
    <p class='ocr_par' dir='ltr' id='par_1_59' title="bbox 447 3052 3743 3140">
     <span class='ocr_line' id='line_1_59' title="bbox 447 3052 3743 3140; baseline 0.001 -36"><span class='ocrx_word' id='word_1_433' title='bbox 447 3069 574 3104; x_wconf 85' lang='grc' dir='ltr'>στον</span> <span class='ocrx_word' id='word_1_434' title='bbox 614 3052 713 3123; x_wconf 83' lang='grc' dir='ltr'><strong>τὴν</strong></span> <span class='ocrx_word' id='word_1_435' title='bbox 761 3055 964 3127; x_wconf 81' lang='grc' dir='ltr'>ἀρετὴν</span> <span class='ocrx_word' id='word_1_436' title='bbox 1013 3054 1422 3122; x_wconf 78' lang='grc' dir='ltr'>ἐξεπαίδευσεν,</span> <span class='ocrx_word' id='word_1_437' title='bbox 1473 3059 1548 3122; x_wconf 84' lang='grc' dir='ltr'><strong>ὡς</strong></span> <span class='ocrx_word' id='word_1_438' title='bbox 1579 3061 1761 3118; x_wconf 80' lang='grc' dir='ltr'>ἐκεῖνα</span> <span class='ocrx_word' id='word_1_439' title='bbox 1803 3063 1958 3136; x_wconf 77' lang='grc' dir='ltr'>δρᾷν,</span> <span class='ocrx_word' id='word_1_440' title='bbox 2001 3067 2037 3121; x_wconf 79' lang='grc' dir='ltr'>ἃ.</span> <span class='ocrx_word' id='word_1_441' title='bbox 2071 3068 2233 3140; x_wconf 82' lang='grc' dir='ltr'>μόνος</span> <span class='ocrx_word' id='word_1_442' title='bbox 2313 3067 2341 3118; x_wconf 82' lang='grc' dir='ltr'>ὁ</span> <span class='ocrx_word' id='word_1_443' title='bbox 2400 3062 2659 3132; x_wconf 78' lang='grc' dir='ltr'>λογισμὸς</span> <span class='ocrx_word' id='word_1_444' title='bbox 2715 3058 3023 3131; x_wconf 86' lang='grc' dir='ltr'>ἐπιτρέπει.</span> <span class='ocrx_word' id='word_1_445' title='bbox 3054 3057 3174 3109; x_wconf 82' lang='grc' dir='ltr'>Ἵνα</span> <span class='ocrx_word' id='word_1_446' title='bbox 3255 3055 3313 3107; x_wconf 88' lang='grc' dir='ltr'><strong>δέ</strong></span> <span class='ocrx_word' id='word_1_447' title='bbox 3362 3054 3526 3107; x_wconf 78' lang='grc' dir='ltr'>τοῦτο</span> <span class='ocrx_word' id='word_1_448' title='bbox 3574 3055 3743 3124; x_wconf 74' lang='grc' dir='ltr'>δῆλον</span> 
     </span>
    </p>
   </div>
   <div class='ocr_carea' id='block_1_60' title="bbox 449 3141 2940 3232">
    <p class='ocr_par' dir='ltr' id='par_1_60' title="bbox 449 3141 2940 3232">
     <span class='ocr_line' id='line_1_60' title="bbox 449 3141 2940 3232; baseline 0.012 -36"><span class='ocrx_word' id='word_1_449' title='bbox 449 3141 622 3197; x_wconf 72' lang='grc' dir='ltr'>ἅπασι</span> <span class='ocrx_word' id='word_1_450' title='bbox 660 3149 1014 3217; x_wconf 82' lang='grc' dir='ltr'>καταστήσω,</span> <span class='ocrx_word' id='word_1_451' title='bbox 1050 3149 1169 3212; x_wconf 75' lang='grc' dir='ltr'>ἐνὸς</span> <span class='ocrx_word' id='word_1_452' title='bbox 1206 3150 1316 3204; x_wconf 87' lang='grc' dir='ltr'><strong>τῶν</strong></span> <span class='ocrx_word' id='word_1_453' title='bbox 1345 3152 1466 3205; x_wconf 86' lang='grc' dir='ltr'>κατ’</span> <span class='ocrx_word' id='word_1_454' title='bbox 1511 3153 1674 3207; x_wconf 79' lang='grc' dir='ltr'>αὑτὸν</span> <span class='ocrx_word' id='word_1_455' title='bbox 1721 3158 2107 3232; x_wconf 82' lang='grc' dir='ltr'>μνησθήσομαι</span> <span class='ocrx_word' id='word_1_456' title='bbox 2139 3159 2526 3230; x_wconf 75' lang='grc' dir='ltr'>διηγήματοςο-</span> <span class='ocrx_word' id='word_1_457' title='bbox 2927 3156 2940 3169; x_wconf 71' lang='grc'><em>’</em></span> 
     </span>
    </p>
   </div>
   <div class='ocr_carea' id='block_1_61' title="bbox 475 3237 2099 3319">
    <p class='ocr_par' dir='ltr' id='par_1_61' title="bbox 475 3237 2099 3319">
     <span class='ocr_line' id='line_1_61' title="bbox 475 3237 2099 3319; baseline 0.012 -30"><span class='ocrx_word' id='word_1_458' title='bbox 475 3273 479 3277; x_wconf 65' lang='grc' dir='ltr'><strong>ι</strong></span> <span class='ocrx_word' id='word_1_459' title='bbox 517 3237 899 3294; x_wconf 87' lang='lat' dir='ltr'><strong>Cousederant</strong></span> <span class='ocrx_word' id='word_1_460' title='bbox 921 3243 975 3295; x_wconf 83' lang='lat' dir='ltr'><strong>in</strong></span> <span class='ocrx_word' id='word_1_461' title='bbox 1002 3256 1138 3302; x_wconf 75' lang='lat' dir='ltr'><strong>saxo</strong></span> <span class='ocrx_word' id='word_1_462' title='bbox 1161 3244 1398 3312; x_wconf 82' lang='lat' dir='ltr'><strong>quodam</strong></span> <span class='ocrx_word' id='word_1_463' title='bbox 1445 3247 1566 3316; x_wconf 83' lang='lat' dir='ltr'><strong>ipse</strong></span> <span class='ocrx_word' id='word_1_464' title='bbox 1599 3256 1656 3303; x_wconf 91' lang='lat' dir='ltr'><strong>et</strong></span> <span class='ocrx_word' id='word_1_465' title='bbox 1677 3251 2026 3319; x_wconf 80' lang='lat' dir='ltr'><strong>Ammianus,</strong></span> <span class='ocrx_word' id='word_1_466' title='bbox 2057 3258 2099 3315; x_wconf 91' lang='lat' dir='ltr'><strong><em>C</em></strong></span> 
     </span>
    </p>
   </div>
   <div class='ocr_carea' id='block_1_62' title="bbox 449 3329 2040 3414">
    <p class='ocr_par' dir='ltr' id='par_1_62' title="bbox 449 3329 2040 3414">
     <span class='ocr_line' id='line_1_62' title="bbox 449 3329 2040 3414; baseline 0.011 -30"><span class='ocrx_word' id='word_1_467' title='bbox 449 3329 875 3400; x_wconf 86' lang='lat' dir='ltr'><strong>divinorumque</strong></span> <span class='ocrx_word' id='word_1_468' title='bbox 889 3331 1308 3405; x_wconf 73' lang='lat' dir='ltr'><strong>Evangeliorum</strong></span> <span class='ocrx_word' id='word_1_469' title='bbox 1336 3337 1620 3396; x_wconf 86' lang='lat' dir='ltr'><strong>historiam</strong></span> <span class='ocrx_word' id='word_1_470' title='bbox 1644 3342 1782 3397; x_wconf 90' lang='lat' dir='ltr'><strong>alter</strong></span> <span class='ocrx_word' id='word_1_471' title='bbox 1799 3343 2040 3414; x_wconf 76' lang='lat' dir='ltr'><strong>legebat,</strong></span> 
     </span>
    </p>
   </div>
   <div class='ocr_carea' id='block_1_63' title="bbox 449 3423 2045 3502">
    <p class='ocr_par' dir='ltr' id='par_1_63' title="bbox 449 3423 2045 3502">
     <span class='ocr_line' id='line_1_63' title="bbox 449 3423 2045 3502; baseline 0.011 -28"><span class='ocrx_word' id='word_1_472' title='bbox 449 3423 590 3476; x_wconf 82' lang='lat' dir='ltr'><strong>alter</strong></span> <span class='ocrx_word' id='word_1_473' title='bbox 613 3423 1008 3491; x_wconf 82' lang='lat' dir='ltr'><strong>obscuriorum</strong></span> <span class='ocrx_word' id='word_1_474' title='bbox 1041 3427 1164 3497; x_wconf 87' lang='lat' dir='ltr'><strong>ejus</strong></span> <span class='ocrx_word' id='word_1_475' title='bbox 1188 3429 1435 3486; x_wconf 86' lang='lat' dir='ltr'><strong>locorum</strong></span> <span class='ocrx_word' id='word_1_476' title='bbox 1463 3433 1797 3502; x_wconf 81' lang='lat' dir='ltr'><strong>explanabat</strong></span> <span class='ocrx_word' id='word_1_477' title='bbox 1825 3450 2045 3494; x_wconf 86' lang='lat' dir='ltr'><strong>senten-</strong></span> 
     </span>
    </p>
   </div>
   <div class='ocr_carea' id='block_1_64' title="bbox 447 3513 2040 3599">
    <p class='ocr_par' dir='ltr' id='par_1_64' title="bbox 447 3513 2040 3599">
     <span class='ocr_line' id='line_1_64' title="bbox 447 3513 2040 3599; baseline 0.012 -31"><span class='ocrx_word' id='word_1_478' title='bbox 447 3515 604 3568; x_wconf 89' lang='lat' dir='ltr'><strong>tiam.</strong></span> <span class='ocrx_word' id='word_1_479' title='bbox 630 3513 856 3576; x_wconf 85' lang='lat' dir='ltr'><strong>Terram</strong></span> <span class='ocrx_word' id='word_1_480' title='bbox 878 3517 933 3576; x_wconf 85' lang='lat' dir='ltr'><strong>in</strong></span> <span class='ocrx_word' id='word_1_481' title='bbox 952 3519 1198 3589; x_wconf 86' lang='lat' dir='ltr'><strong>subjecta</strong></span> <span class='ocrx_word' id='word_1_482' title='bbox 1217 3522 1442 3590; x_wconf 86' lang='lat' dir='ltr'><strong>planitie</strong></span> <span class='ocrx_word' id='word_1_483' title='bbox 1459 3526 1747 3582; x_wconf 79' lang='lat' dir='ltr'><strong>arantibus</strong></span> <span class='ocrx_word' id='word_1_484' title='bbox 1765 3528 2040 3599; x_wconf 81' lang='lat' dir='ltr'><strong>agricolis.</strong></span> 
     </span>
    </p>
   </div>
   <div class='ocr_carea' id='block_1_65' title="bbox 449 3605 2044 3687">
    <p class='ocr_par' dir='ltr' id='par_1_65' title="bbox 449 3605 2044 3687">
     <span class='ocr_line' id='line_1_65' title="bbox 449 3605 2044 3687; baseline 0.011 -29"><span class='ocrx_word' id='word_1_485' title='bbox 449 3605 518 3660; x_wconf 84' lang='lat' dir='ltr'><strong>ad</strong></span> <span class='ocrx_word' id='word_1_486' title='bbox 541 3622 730 3662; x_wconf 81' lang='lat' dir='ltr'><strong>eorum</strong></span> <span class='ocrx_word' id='word_1_487' title='bbox 766 3612 1292 3681; x_wconf 86' lang='lat' dir='ltr'><strong>contemplationem</strong></span> <span class='ocrx_word' id='word_1_488' title='bbox 1358 3616 1622 3686; x_wconf 87' lang='lat' dir='ltr'><strong>abreptus</strong></span> <span class='ocrx_word' id='word_1_489' title='bbox 1683 3628 1770 3674; x_wconf 85' lang='lat' dir='ltr'><strong>est</strong></span> <span class='ocrx_word' id='word_1_490' title='bbox 1812 3637 2044 3687; x_wconf 78' lang='lat' dir='ltr'><strong>magnus</strong></span> 
     </span>
    </p>
   </div>
   <div class='ocr_carea' id='block_1_66' title="bbox 451 3699 2042 3786">
    <p class='ocr_par' dir='ltr' id='par_1_66' title="bbox 451 3699 2042 3786">
     <span class='ocr_line' id='line_1_66' title="bbox 451 3699 2042 3786; baseline 0.013 -34"><span class='ocrx_word' id='word_1_491' title='bbox 451 3699 740 3758; x_wconf 83' lang='lat' dir='ltr'><strong>Eusebius.</strong></span> <span class='ocrx_word' id='word_1_492' title='bbox 775 3703 910 3758; x_wconf 86' lang='lat' dir='ltr'><strong>Cum</strong></span> <span class='ocrx_word' id='word_1_493' title='bbox 960 3721 1095 3775; x_wconf 74' lang='lat' dir='ltr'><strong>ergo</strong></span> <span class='ocrx_word' id='word_1_494' title='bbox 1127 3707 1309 3761; x_wconf 90' lang='lat' dir='ltr'><strong>locum</strong></span> <span class='ocrx_word' id='word_1_495' title='bbox 1371 3713 1751 3781; x_wconf 74' lang='lat' dir='ltr'><strong>evangelicum</strong></span> <span class='ocrx_word' id='word_1_496' title='bbox 1816 3716 2042 3786; x_wconf 85' lang='lat' dir='ltr'><strong>legisset</strong></span> 
     </span>
    </p>
   </div>
   <div class='ocr_carea' id='block_1_67' title="bbox 449 3790 2043 3874">
    <p class='ocr_par' dir='ltr' id='par_1_67' title="bbox 449 3790 2043 3874">
     <span class='ocr_line' id='line_1_67' title="bbox 449 3790 2043 3874; baseline 0.014 -30"><span class='ocrx_word' id='word_1_497' title='bbox 449 3790 673 3845; x_wconf 83' lang='lat' dir='ltr'><strong>divinus</strong></span> <span class='ocrx_word' id='word_1_498' title='bbox 726 3793 1091 3856; x_wconf 81' lang='lat' dir='ltr'><strong>Ammianus,</strong></span> <span class='ocrx_word' id='word_1_499' title='bbox 1151 3797 1220 3851; x_wconf 86' lang='lat' dir='ltr'><strong>ab</strong></span> <span class='ocrx_word' id='word_1_500' title='bbox 1279 3813 1456 3868; x_wconf 88' lang='lat' dir='ltr'><strong>eoque</strong></span> <span class='ocrx_word' id='word_1_501' title='bbox 1531 3801 2043 3874; x_wconf 83' lang='lat' dir='ltr'><strong>interpretationem</strong></span> 
     </span>
    </p>
   </div>
   <div class='ocr_carea' id='block_1_68' title="bbox 449 3880 2049 3972">
    <p class='ocr_par' dir='ltr' id='par_1_68' title="bbox 449 3880 2049 3972">
     <span class='ocr_line' id='line_1_68' title="bbox 449 3880 2049 3972; baseline 0.013 -36"><span class='ocrx_word' id='word_1_502' title='bbox 449 3880 866 3950; x_wconf 76' lang='lat' dir='ltr'><strong>sciscitaretur,</strong></span> <span class='ocrx_word' id='word_1_503' title='bbox 916 3896 970 3940; x_wconf 88' lang='lat' dir='ltr'><strong>et</strong></span> <span class='ocrx_word' id='word_1_504' title='bbox 1008 3890 1179 3957; x_wconf 87' lang='lat' dir='ltr'><strong>repeti</strong></span> <span class='ocrx_word' id='word_1_505' title='bbox 1218 3891 1511 3948; x_wconf 89' lang='lat' dir='ltr'><strong>lectionem</strong></span> <span class='ocrx_word' id='word_1_506' title='bbox 1556 3895 1790 3964; x_wconf 88' lang='lat' dir='ltr'><strong>jubente</strong></span> <span class='ocrx_word' id='word_1_507' title='bbox 1850 3915 2049 3972; x_wconf 81' lang='lat' dir='ltr'><strong>magno</strong></span> 
     </span>
    </p>
   </div>
   <div class='ocr_carea' id='block_1_69' title="bbox 449 3970 2050 4058">
    <p class='ocr_par' dir='ltr' id='par_1_69' title="bbox 449 3970 2050 4058">
     <span class='ocr_line' id='line_1_69' title="bbox 449 3970 2050 4058; baseline 0.015 -33"><span class='ocrx_word' id='word_1_508' title='bbox 449 3970 706 4034; x_wconf 81' lang='lat' dir='ltr'><strong>Eusebio,</strong></span> <span class='ocrx_word' id='word_1_509' title='bbox 731 3976 1056 4046; x_wconf 85' lang='lat' dir='ltr'><strong>subjecisset</strong></span> <span class='ocrx_word' id='word_1_510' title='bbox 1073 3981 1163 4035; x_wconf 89' lang='lat' dir='ltr'><strong>ille</strong></span> <span class='ocrx_word' id='word_1_511' title='bbox 1181 4001 1194 4034; x_wconf 89' lang='lat'><strong>:</strong></span> <span class='ocrx_word' id='word_1_512' title='bbox 1209 4001 1227 4033; x_wconf 78' lang='grc' dir='ltr'><strong>ι</strong></span> <span class='ocrx_word' id='word_1_513' title='bbox 1251 3982 1507 4041; x_wconf 86' lang='lat' dir='ltr'><strong>Fortasse</strong></span> <span class='ocrx_word' id='word_1_514' title='bbox 1525 3989 1786 4058; x_wconf 80' lang='lat' dir='ltr'><strong>agricolis</strong></span> <span class='ocrx_word' id='word_1_515' title='bbox 1804 3970 2050 4048; x_wconf 78' lang='lat' dir='ltr'><strong>delecta-</strong></span> 
     </span>
    </p>
   </div>
   <div class='ocr_carea' id='block_1_70' title="bbox 453 4073 2047 4154">
    <p class='ocr_par' dir='ltr' id='par_1_70' title="bbox 453 4073 2047 4154">
     <span class='ocr_line' id='line_1_70' title="bbox 453 4073 2047 4154; baseline 0.013 -37"><span class='ocrx_word' id='word_1_516' title='bbox 453 4073 566 4128; x_wconf 88' lang='lat' dir='ltr'><strong>tus,</strong></span> <span class='ocrx_word' id='word_1_517' title='bbox 587 4073 648 4120; x_wconf 84' lang='lat' dir='ltr'><strong>ut</strong></span> <span class='ocrx_word' id='word_1_518' title='bbox 667 4077 917 4136; x_wconf 80' lang='lat' dir='ltr'><strong>apparet,</strong></span> <span class='ocrx_word' id='word_1_519' title='bbox 943 4087 1050 4125; x_wconf 89' lang='lat' dir='ltr'><strong>non</strong></span> <span class='ocrx_word' id='word_1_520' title='bbox 1073 4074 1404 4144; x_wconf 80' lang='lat' dir='ltr'><strong>exaudiisti;</strong></span> <span class='ocrx_word' id='word_1_521' title='bbox 1443 4096 1460 4128; x_wconf 78' lang='grc' dir='ltr'><strong>ι</strong></span> <span class='ocrx_word' id='word_1_522' title='bbox 1511 4080 1690 4134; x_wconf 86' lang='lat' dir='ltr'><strong>oculis</strong></span> <span class='ocrx_word' id='word_1_523' title='bbox 1736 4083 1855 4138; x_wconf 91' lang='lat' dir='ltr'><strong>suis</strong></span> <span class='ocrx_word' id='word_1_524' title='bbox 1880 4084 2047 4154; x_wconf 76' lang='lat' dir='ltr'><strong>legem</strong></span> 
     </span>
    </p>
   </div>
   <div class='ocr_carea' id='block_1_71' title="bbox 447 4156 2052 4245">
    <p class='ocr_par' dir='ltr' id='par_1_71' title="bbox 447 4156 2052 4245">
     <span class='ocr_line' id='line_1_71' title="bbox 447 4156 2052 4245; baseline 0.011 -33"><span class='ocrx_word' id='word_1_525' title='bbox 447 4156 1006 4230; x_wconf 77' lang='lat' dir='ltr'><strong>deincepsimposuit,</strong></span> <span class='ocrx_word' id='word_1_526' title='bbox 1027 4174 1082 4218; x_wconf 90' lang='lat' dir='ltr'><strong>ut</strong></span> <span class='ocrx_word' id='word_1_527' title='bbox 1106 4181 1284 4236; x_wconf 90' lang='lat' dir='ltr'><strong>neque</strong></span> <span class='ocrx_word' id='word_1_528' title='bbox 1298 4183 1551 4238; x_wconf 82' lang='lat' dir='ltr'><strong>campum</strong></span> <span class='ocrx_word' id='word_1_529' title='bbox 1601 4173 1750 4228; x_wconf 91' lang='lat' dir='ltr'><strong>illum</strong></span> <span class='ocrx_word' id='word_1_530' title='bbox 1783 4185 2052 4245; x_wconf 83' lang='lat' dir='ltr'><strong>spectaret</strong></span> 
     </span>
    </p>
   </div>
   <div class='ocr_carea' id='block_1_72' title="bbox 449 4247 2053 4333">
    <p class='ocr_par' dir='ltr' id='par_1_72' title="bbox 449 4247 2053 4333">
     <span class='ocr_line' id='line_1_72' title="bbox 449 4247 2053 4333; baseline 0.014 -33"><span class='ocrx_word' id='word_1_531' title='bbox 449 4265 712 4318; x_wconf 85' lang='lat' dir='ltr'><strong>unquam,</strong></span> <span class='ocrx_word' id='word_1_532' title='bbox 731 4268 908 4322; x_wconf 79' lang='lat' dir='ltr'><strong>neque</strong></span> <span class='ocrx_word' id='word_1_533' title='bbox 923 4255 1048 4312; x_wconf 68' lang='lat' dir='ltr'><strong>caeli</strong></span> <span class='ocrx_word' id='word_1_534' title='bbox 1095 4267 1479 4328; x_wconf 88' lang='lat' dir='ltr'><strong>astrorumque</strong></span> <span class='ocrx_word' id='word_1_535' title='bbox 1509 4275 1732 4333; x_wconf 85' lang='lat' dir='ltr'><strong>aspectu</strong></span> <span class='ocrx_word' id='word_1_536' title='bbox 1754 4247 2053 4324; x_wconf 71' lang='lat' dir='ltr'><strong>oblectare-</strong></span> 
     </span>
    </p>
   </div>
   <div class='ocr_carea' id='block_1_73' title="bbox 447 4341 2048 4429">
    <p class='ocr_par' dir='ltr' id='par_1_73' title="bbox 447 4341 2048 4429">
     <span class='ocr_line' id='line_1_73' title="bbox 447 4341 2048 4429; baseline 0.014 -37"><span class='ocrx_word' id='word_1_537' title='bbox 447 4341 681 4396; x_wconf 76' lang='lat' dir='ltr'><strong>turzsed</strong></span> <span class='ocrx_word' id='word_1_538' title='bbox 704 4345 1096 4414; x_wconf 79' lang='lat' dir='ltr'><strong>angustissima</strong></span> <span class='ocrx_word' id='word_1_539' title='bbox 1138 4348 1205 4402; x_wconf 85' lang='lat' dir='ltr'><strong>ad</strong></span> <span class='ocrx_word' id='word_1_540' title='bbox 1243 4353 1545 4408; x_wconf 88' lang='lat' dir='ltr'><strong>oratorium</strong></span> <span class='ocrx_word' id='word_1_541' title='bbox 1582 4371 1812 4428; x_wconf 76' lang='lat' dir='ltr'><strong>pergens</strong></span> <span class='ocrx_word' id='word_1_542' title='bbox 1833 4360 2048 4429; x_wconf 89' lang='lat' dir='ltr'><strong>semita,</strong></span> 
     </span>
    </p>
   </div>
   <div class='ocr_carea' id='block_1_74' title="bbox 453 4433 2050 4515">
    <p class='ocr_par' dir='ltr' id='par_1_74' title="bbox 453 4433 2050 4515">
     <span class='ocr_line' id='line_1_74' title="bbox 453 4433 2050 4515; baseline 0.014 -32"><span class='ocrx_word' id='word_1_543' title='bbox 453 4433 608 4502; x_wconf 76' lang='lat' dir='ltr'><strong>cujus</strong></span> <span class='ocrx_word' id='word_1_544' title='bbox 627 4451 936 4502; x_wconf 83' lang='lat' dir='ltr'><strong>mensuram</strong></span> <span class='ocrx_word' id='word_1_545' title='bbox 963 4441 1129 4509; x_wconf 84' lang='lat' dir='ltr'><strong>palmi</strong></span> <span class='ocrx_word' id='word_1_546' title='bbox 1161 4443 1326 4501; x_wconf 87' lang='lat' dir='ltr'><strong>unius</strong></span> <span class='ocrx_word' id='word_1_547' title='bbox 1345 4444 1516 4502; x_wconf 77' lang='lat' dir='ltr'><strong>fuisse</strong></span> <span class='ocrx_word' id='word_1_548' title='bbox 1541 4448 1726 4515; x_wconf 86' lang='lat' dir='ltr'><strong>aiunt,</strong></span> <span class='ocrx_word' id='word_1_549' title='bbox 1755 4460 1909 4506; x_wconf 79' lang='lat' dir='ltr'><strong>extra</strong></span> <span class='ocrx_word' id='word_1_550' title='bbox 1933 4469 2050 4508; x_wconf 90' lang='lat' dir='ltr'><strong>eam</strong></span> 
     </span>
    </p>
   </div>
   <div class='ocr_carea' id='block_1_75' title="bbox 449 4525 2050 4609">
    <p class='ocr_par' dir='ltr' id='par_1_75' title="bbox 449 4525 2050 4609">
     <span class='ocr_line' id='line_1_75' title="bbox 449 4525 2050 4609; baseline 0.013 -33"><span class='ocrx_word' id='word_1_551' title='bbox 449 4525 712 4596; x_wconf 73' lang='lat' dir='ltr'><strong>deinceps</strong></span> <span class='ocrx_word' id='word_1_552' title='bbox 727 4527 912 4598; x_wconf 78' lang='lat' dir='ltr'><strong>egredi</strong></span> <span class='ocrx_word' id='word_1_553' title='bbox 959 4545 1066 4586; x_wconf 89' lang='lat' dir='ltr'><strong>non</strong></span> <span class='ocrx_word' id='word_1_554' title='bbox 1090 4542 1170 4587; x_wconf 91' lang='lat' dir='ltr'><strong>est</strong></span> <span class='ocrx_word' id='word_1_555' title='bbox 1189 4548 1406 4602; x_wconf 83' lang='lat' dir='ltr'><strong>passus.</strong></span> <span class='ocrx_word' id='word_1_556' title='bbox 1440 4535 1656 4594; x_wconf 78' lang='lat' dir='ltr'><strong>Vixisse</strong></span> <span class='ocrx_word' id='word_1_557' title='bbox 1683 4554 1849 4609; x_wconf 90' lang='lat' dir='ltr'><strong>porro</strong></span> <span class='ocrx_word' id='word_1_558' title='bbox 1898 4541 2050 4596; x_wconf 87' lang='lat' dir='ltr'><strong>illum</strong></span> 
     </span>
    </p>
   </div>
   <div class='ocr_carea' id='block_1_76' title="bbox 2216 3241 3748 3316">
    <p class='ocr_par' dir='ltr' id='par_1_76' title="bbox 2216 3241 3748 3316">
     <span class='ocr_line' id='line_1_76' title="bbox 2216 3241 3748 3316; baseline -0.012 -12"><span class='ocrx_word' id='word_1_559' title='bbox 2216 3251 2341 3304; x_wconf 76' lang='grc' dir='ltr'>Ἐπί</span> <span class='ocrx_word' id='word_1_560' title='bbox 2376 3266 2522 3311; x_wconf 88' lang='grc' dir='ltr'>τινος</span> <span class='ocrx_word' id='word_1_561' title='bbox 2560 3246 2800 3316; x_wconf 83' lang='grc' dir='ltr'>καθῆστο</span> <span class='ocrx_word' id='word_1_562' title='bbox 2835 3245 3044 3314; x_wconf 79' lang='grc' dir='ltr'>πέτρας</span> <span class='ocrx_word' id='word_1_563' title='bbox 3084 3242 3250 3304; x_wconf 86' lang='grc' dir='ltr'>αὐτός</span> <span class='ocrx_word' id='word_1_564' title='bbox 3282 3259 3337 3295; x_wconf 85' lang='grc' dir='ltr'><strong>τε</strong></span> <span class='ocrx_word' id='word_1_565' title='bbox 3372 3242 3460 3293; x_wconf 77' lang='grc' dir='ltr'>καὶ</span> <span class='ocrx_word' id='word_1_566' title='bbox 3492 3241 3748 3311; x_wconf 78' lang='grc' dir='ltr'>Ἀμμια.</span> 
     </span>
    </p>
   </div>
   <div class='ocr_carea' id='block_1_77' title="bbox 2144 3331 3751 3410">
    <p class='ocr_par' dir='ltr' id='par_1_77' title="bbox 2144 3331 3751 3410">
     <span class='ocr_line' id='line_1_77' title="bbox 2144 3331 3751 3410; baseline -0.005 -12"><span class='ocrx_word' id='word_1_567' title='bbox 2144 3345 2234 3408; x_wconf 78' lang='grc' dir='ltr'><strong>νὸς</strong></span> <span class='ocrx_word' id='word_1_568' title='bbox 2279 3345 2307 3396; x_wconf 85' lang='grc' dir='ltr'><strong>ό</strong></span> <span class='ocrx_word' id='word_1_569' title='bbox 2359 3340 2687 3410; x_wconf 70' lang='grc' dir='ltr'>θαυμάσιος,</span> <span class='ocrx_word' id='word_1_570' title='bbox 2745 3337 2839 3390; x_wconf 70' lang='grc' dir='ltr'><strong>καὶ</strong></span> <span class='ocrx_word' id='word_1_571' title='bbox 2886 3336 2996 3390; x_wconf 86' lang='grc' dir='ltr'><strong>τῶν</strong></span> <span class='ocrx_word' id='word_1_572' title='bbox 3029 3334 3193 3390; x_wconf 86' lang='grc' dir='ltr'>θείων</span> <span class='ocrx_word' id='word_1_573' title='bbox 3247 3331 3585 3401; x_wconf 81' lang='grc' dir='ltr'>Εὐαγγελίων</span> <span class='ocrx_word' id='word_1_574' title='bbox 3631 3336 3751 3406; x_wconf 78' lang='grc' dir='ltr'><strong>τὴν</strong></span> 
     </span>
    </p>
   </div>
   <div class='ocr_carea' id='block_1_78' title="bbox 2145 3424 3731 3506">
    <p class='ocr_par' dir='ltr' id='par_1_78' title="bbox 2145 3424 3731 3506">
     <span class='ocr_line' id='line_1_78' title="bbox 2145 3424 3731 3506; baseline -0.006 -18"><span class='ocrx_word' id='word_1_575' title='bbox 2145 3434 2384 3506; x_wconf 80' lang='grc' dir='ltr'>ἱστορίαν</span> <span class='ocrx_word' id='word_1_576' title='bbox 2413 3433 2443 3484; x_wconf 89' lang='grc' dir='ltr'><strong>ό</strong></span> <span class='ocrx_word' id='word_1_577' title='bbox 2492 3431 2590 3501; x_wconf 81' lang='grc' dir='ltr'>μὲν</span> <span class='ocrx_word' id='word_1_578' title='bbox 2623 3429 3011 3497; x_wconf 79' lang='grc' dir='ltr'>ἀνεγίνωσκεν,</span> <span class='ocrx_word' id='word_1_579' title='bbox 3038 3429 3068 3479; x_wconf 84' lang='grc' dir='ltr'><strong>ό</strong></span> <span class='ocrx_word' id='word_1_580' title='bbox 3101 3426 3158 3478; x_wconf 70' lang='grc' dir='ltr'>δὲ</span> <span class='ocrx_word' id='word_1_581' title='bbox 3184 3424 3291 3478; x_wconf 87' lang='grc' dir='ltr'><strong>τῶν</strong></span> <span class='ocrx_word' id='word_1_582' title='bbox 3321 3425 3731 3496; x_wconf 62' lang='grc' dir='ltr'>ἀσαρεστέρων</span> 
     </span>
    </p>
   </div>
   <div class='ocr_carea' id='block_1_79' title="bbox 2145 3517 3743 3598">
    <p class='ocr_par' dir='ltr' id='par_1_79' title="bbox 2145 3517 3743 3598">
     <span class='ocr_line' id='line_1_79' title="bbox 2145 3517 3743 3598; baseline -0.013 -17"><span class='ocrx_word' id='word_1_583' title='bbox 2145 3527 2336 3598; x_wconf 83' lang='grc' dir='ltr'>ἐδήλου</span> <span class='ocrx_word' id='word_1_584' title='bbox 2370 3523 2470 3594; x_wconf 79' lang='grc' dir='ltr'>τὴν</span> <span class='ocrx_word' id='word_1_585' title='bbox 2502 3523 2732 3578; x_wconf 66' lang='grc' dir='ltr'>ἔννοιαν.</span> <span class='ocrx_word' id='word_1_586' title='bbox 2759 3519 3022 3590; x_wconf 89' lang='grc' dir='ltr'>Γηπόνων</span> <span class='ocrx_word' id='word_1_587' title='bbox 3064 3517 3126 3570; x_wconf 80' lang='grc' dir='ltr'><strong>δέ</strong></span> <span class='ocrx_word' id='word_1_588' title='bbox 3174 3535 3336 3571; x_wconf 90' lang='grc' dir='ltr'>τινων</span> <span class='ocrx_word' id='word_1_589' title='bbox 3380 3518 3440 3570; x_wconf 92' lang='grc' dir='ltr'><strong>ἐν</strong></span> <span class='ocrx_word' id='word_1_590' title='bbox 3482 3517 3566 3587; x_wconf 81' lang='grc' dir='ltr'>τῷ</span> <span class='ocrx_word' id='word_1_591' title='bbox 3595 3519 3743 3572; x_wconf 66' lang='grc' dir='ltr'><strong>ὑπο-</strong></span> 
     </span>
    </p>
   </div>
   <div class='ocr_carea' id='block_1_80' title="bbox 2149 3610 3748 3687">
    <p class='ocr_par' dir='ltr' id='par_1_80' title="bbox 2149 3610 3748 3687">
     <span class='ocr_line' id='line_1_80' title="bbox 2149 3610 3748 3687; baseline -0.007 -15"><span class='ocrx_word' id='word_1_592' title='bbox 2149 3617 2391 3687; x_wconf 82' lang='grc' dir='ltr'>κειμένῳ</span> <span class='ocrx_word' id='word_1_593' title='bbox 2423 3615 2590 3685; x_wconf 84' lang='grc' dir='ltr'>πεδίῳ</span> <span class='ocrx_word' id='word_1_594' title='bbox 2637 3611 3043 3683; x_wconf 88' lang='grc' dir='ltr'>νεουργούντων</span> <span class='ocrx_word' id='word_1_595' title='bbox 3089 3610 3188 3680; x_wconf 77' lang='grc' dir='ltr'><strong>τὴν</strong></span> <span class='ocrx_word' id='word_1_596' title='bbox 3231 3611 3355 3680; x_wconf 82' lang='grc' dir='ltr'>γῆν,</span> <span class='ocrx_word' id='word_1_597' title='bbox 3385 3610 3480 3663; x_wconf 75' lang='grc' dir='ltr'><strong>ἐπὶ</strong></span> <span class='ocrx_word' id='word_1_598' title='bbox 3532 3611 3748 3686; x_wconf 73' lang='grc' dir='ltr'>ταύτην</span> 
     </span>
    </p>
   </div>
   <div class='ocr_carea' id='block_1_81' title="bbox 2149 3705 3746 3781">
    <p class='ocr_par' dir='ltr' id='par_1_81' title="bbox 2149 3705 3746 3781">
     <span class='ocr_line' id='line_1_81' title="bbox 2149 3705 3746 3781; baseline -0.005 -15"><span class='ocrx_word' id='word_1_599' title='bbox 2149 3710 2408 3781; x_wconf 79' lang='grc' dir='ltr'>εἱλκύσθη</span> <span class='ocrx_word' id='word_1_600' title='bbox 2439 3709 2536 3780; x_wconf 83' lang='grc' dir='ltr'>τὴν</span> <span class='ocrx_word' id='word_1_601' title='bbox 2575 3707 2813 3778; x_wconf 78' lang='grc' dir='ltr'>θεωρίαν</span> <span class='ocrx_word' id='word_1_602' title='bbox 2841 3709 2868 3760; x_wconf 87' lang='grc' dir='ltr'><strong>ό</strong></span> <span class='ocrx_word' id='word_1_603' title='bbox 2902 3706 3078 3777; x_wconf 87' lang='grc' dir='ltr'>μέγας</span> <span class='ocrx_word' id='word_1_604' title='bbox 3116 3705 3398 3767; x_wconf 82' lang='grc' dir='ltr'>Εὐσέϐιος.</span> <span class='ocrx_word' id='word_1_605' title='bbox 3431 3707 3746 3774; x_wconf 75' lang='grc' dir='ltr'>’Λμμιανοῦ</span> 
     </span>
    </p>
   </div>
   <div class='ocr_carea' id='block_1_82' title="bbox 2147 3796 3748 3867">
    <p class='ocr_par' dir='ltr' id='par_1_82' title="bbox 2147 3796 3748 3867">
     <span class='ocr_line' id='line_1_82' title="bbox 2147 3796 3748 3867; baseline -0.006 -7"><span class='ocrx_word' id='word_1_606' title='bbox 2147 3807 2208 3860; x_wconf 84' lang='grc' dir='ltr'><strong>δέ</strong></span> <span class='ocrx_word' id='word_1_607' title='bbox 2245 3803 2340 3859; x_wconf 82' lang='grc' dir='ltr'>τοῦ</span> <span class='ocrx_word' id='word_1_608' title='bbox 2371 3801 2664 3857; x_wconf 80' lang='grc' dir='ltr'>θεσπεσίου</span> <span class='ocrx_word' id='word_1_609' title='bbox 2709 3799 3082 3867; x_wconf 79' lang='grc' dir='ltr'>ἀνεγνωκότος</span> <span class='ocrx_word' id='word_1_610' title='bbox 3106 3796 3168 3850; x_wconf 81' lang='grc' dir='ltr'><strong>τὸ</strong></span> <span class='ocrx_word' id='word_1_611' title='bbox 3217 3796 3580 3864; x_wconf 84' lang='grc' dir='ltr'>εὐαγγελικὺν</span> <span class='ocrx_word' id='word_1_612' title='bbox 3629 3816 3748 3866; x_wconf 80' lang='grc' dir='ltr'>χω-</span> 
     </span>
    </p>
   </div>
   <div class='ocr_carea' id='block_1_83' title="bbox 2152 3889 3748 3970">
    <p class='ocr_par' dir='ltr' id='par_1_83' title="bbox 2152 3889 3748 3970">
     <span class='ocr_line' id='line_1_83' title="bbox 2152 3889 3748 3970; baseline -0.006 -18"><span class='ocrx_word' id='word_1_613' title='bbox 2152 3899 2288 3970; x_wconf 88' lang='grc' dir='ltr'>ρίον,</span> <span class='ocrx_word' id='word_1_614' title='bbox 2332 3898 2432 3966; x_wconf 84' lang='grc' dir='ltr'>τὴν</span> <span class='ocrx_word' id='word_1_615' title='bbox 2479 3895 2536 3948; x_wconf 86' lang='grc' dir='ltr'><strong>δέ</strong></span> <span class='ocrx_word' id='word_1_616' title='bbox 2563 3892 2863 3966; x_wconf 77' lang='grc' dir='ltr'>ἑρμηνείαν</span> <span class='ocrx_word' id='word_1_617' title='bbox 2897 3890 3282 3962; x_wconf 85' lang='grc' dir='ltr'>μαστεύοντος,</span> <span class='ocrx_word' id='word_1_618' title='bbox 3317 3889 3616 3942; x_wconf 79' lang='grc' dir='ltr'>ἀναλαϐεῖν</span> <span class='ocrx_word' id='word_1_619' title='bbox 3652 3891 3748 3943; x_wconf 85' lang='grc' dir='ltr'>ἐκ-</span> 
     </span>
    </p>
   </div>
   <div class='ocr_carea' id='block_1_84' title="bbox 2149 3979 3746 4059">
    <p class='ocr_par' dir='ltr' id='par_1_84' title="bbox 2149 3979 3746 4059">
     <span class='ocr_line' id='line_1_84' title="bbox 2149 3979 3746 4059; baseline -0.008 -13"><span class='ocrx_word' id='word_1_620' title='bbox 2149 3992 2336 4046; x_wconf 86' lang='grc' dir='ltr'>έλευσε</span> <span class='ocrx_word' id='word_1_621' title='bbox 2385 3987 2485 4059; x_wconf 86' lang='grc' dir='ltr'>τὴν</span> <span class='ocrx_word' id='word_1_622' title='bbox 2535 3985 2844 4054; x_wconf 83' lang='grc' dir='ltr'>ἀνάγνωσιν</span> <span class='ocrx_word' id='word_1_623' title='bbox 2894 3985 2922 4036; x_wconf 86' lang='grc' dir='ltr'><strong>ό</strong></span> <span class='ocrx_word' id='word_1_624' title='bbox 2981 3982 3157 4054; x_wconf 83' lang='grc' dir='ltr'>μέγας</span> <span class='ocrx_word' id='word_1_625' title='bbox 3192 3981 3470 4043; x_wconf 81' lang='grc' dir='ltr'>Εὐσέϐιος.</span> <span class='ocrx_word' id='word_1_626' title='bbox 3521 3979 3634 4033; x_wconf 75' lang='grc' dir='ltr'>Τοῦ</span> <span class='ocrx_word' id='word_1_627' title='bbox 3687 3982 3746 4034; x_wconf 77' lang='grc' dir='ltr'><strong>δὲ</strong></span> 
     </span>
    </p>
   </div>
   <div class='ocr_carea' id='block_1_85' title="bbox 2150 4074 3750 4155">
    <p class='ocr_par' dir='ltr' id='par_1_85' title="bbox 2150 4074 3750 4155">
     <span class='ocr_line' id='line_1_85' title="bbox 2150 4074 3750 4155; baseline -0.008 -18"><span class='ocrx_word' id='word_1_628' title='bbox 2150 4082 2454 4155; x_wconf 78' lang='grc' dir='ltr'>εἰρηκότος,</span> <span class='ocrx_word' id='word_1_629' title='bbox 2507 4081 2592 4134; x_wconf 81' lang='grc' dir='ltr'>ὅτι</span> <span class='ocrx_word' id='word_1_630' title='bbox 2645 4099 2663 4132; x_wconf 83' lang='grc' dir='ltr'><strong>ι</strong></span> <span class='ocrx_word' id='word_1_631' title='bbox 2704 4079 2829 4140; x_wconf 84' lang='grc' dir='ltr'>Τοῖς</span> <span class='ocrx_word' id='word_1_632' title='bbox 2889 4074 3116 4147; x_wconf 80' lang='grc' dir='ltr'>ἀροῦσιν</span> <span class='ocrx_word' id='word_1_633' title='bbox 3159 4076 3590 4144; x_wconf 80' lang='grc' dir='ltr'>ἐπιτερπόμενος</span> <span class='ocrx_word' id='word_1_634' title='bbox 3645 4075 3750 4126; x_wconf 63' lang='grc' dir='ltr'><strong>οὐκ</strong></span> 
     </span>
    </p>
   </div>
   <div class='ocr_carea' id='block_1_86' title="bbox 2151 4163 3750 4242">
    <p class='ocr_par' dir='ltr' id='par_1_86' title="bbox 2151 4163 3750 4242">
     <span class='ocr_line' id='line_1_86' title="bbox 2151 4163 3750 4242; baseline -0.006 -16"><span class='ocrx_word' id='word_1_635' title='bbox 2151 4175 2486 4242; x_wconf 83' lang='grc' dir='ltr'>ἐπήκουσας,</span> <span class='ocrx_word' id='word_1_636' title='bbox 2529 4171 2604 4233; x_wconf 85' lang='grc' dir='ltr'>ὼς</span> <span class='ocrx_word' id='word_1_637' title='bbox 2639 4169 2814 4234; x_wconf 72' lang='grc' dir='ltr'>εἰκὸς,</span> <span class='ocrx_word' id='word_1_638' title='bbox 2847 4186 2866 4216; x_wconf 75' lang='grc' dir='ltr'><strong>ι</strong></span> <span class='ocrx_word' id='word_1_639' title='bbox 2921 4165 3208 4236; x_wconf 86' lang='grc' dir='ltr'>νομοθετεῖ</span> <span class='ocrx_word' id='word_1_640' title='bbox 3251 4167 3362 4224; x_wconf 83' lang='grc' dir='ltr'>τοῖς</span> <span class='ocrx_word' id='word_1_641' title='bbox 3409 4163 3750 4234; x_wconf 77' lang='grc' dir='ltr'>ὀφθαλμοῖς.</span> 
     </span>
    </p>
   </div>
   <div class='ocr_carea' id='block_1_87' title="bbox 2157 4256 3754 4338">
    <p class='ocr_par' dir='ltr' id='par_1_87' title="bbox 2157 4256 3754 4338">
     <span class='ocr_line' id='line_1_87' title="bbox 2157 4256 3754 4338; baseline -0.008 -19"><span class='ocrx_word' id='word_1_642' title='bbox 2157 4260 2384 4338; x_wconf 80' lang='grc' dir='ltr'>μήτε’ἐν</span> <span class='ocrx_word' id='word_1_643' title='bbox 2415 4263 2493 4334; x_wconf 82' lang='grc' dir='ltr'>τῷ</span> <span class='ocrx_word' id='word_1_644' title='bbox 2537 4261 2706 4328; x_wconf 85' lang='grc' dir='ltr'>πεδίῳ</span> <span class='ocrx_word' id='word_1_645' title='bbox 2740 4259 2934 4327; x_wconf 85' lang='grc' dir='ltr'>ἐκείνῳ</span> <span class='ocrx_word' id='word_1_646' title='bbox 2961 4257 3239 4328; x_wconf 80' lang='grc' dir='ltr'>θεωρῆσαί</span> <span class='ocrx_word' id='word_1_647' title='bbox 3288 4273 3440 4321; x_wconf 78' lang='grc' dir='ltr'>ποτε,</span> <span class='ocrx_word' id='word_1_648' title='bbox 3483 4256 3632 4325; x_wconf 78' lang='grc' dir='ltr'>μήτε</span> <span class='ocrx_word' id='word_1_649' title='bbox 3671 4256 3754 4326; x_wconf 74' lang='grc' dir='ltr'>τῷ</span> 
     </span>
    </p>
   </div>
   <div class='ocr_carea' id='block_1_88' title="bbox 2152 4347 3754 4430">
    <p class='ocr_par' dir='ltr' id='par_1_88' title="bbox 2152 4347 3754 4430">
     <span class='ocr_line' id='line_1_88' title="bbox 2152 4347 3754 4430; baseline -0.007 -19"><span class='ocrx_word' id='word_1_650' title='bbox 2152 4357 2390 4430; x_wconf 82' lang='grc' dir='ltr'>οὐρανίῳ</span> <span class='ocrx_word' id='word_1_651' title='bbox 2443 4354 2663 4419; x_wconf 81' lang='grc' dir='ltr'>κάλλει,</span> <span class='ocrx_word' id='word_1_652' title='bbox 2703 4353 2800 4407; x_wconf 75' lang='grc' dir='ltr'><strong>καὶ</strong></span> <span class='ocrx_word' id='word_1_653' title='bbox 2843 4351 2922 4423; x_wconf 81' lang='grc' dir='ltr'>τῷ</span> <span class='ocrx_word' id='word_1_654' title='bbox 2973 4349 3083 4403; x_wconf 86' lang='grc' dir='ltr'><strong>τῶν</strong></span> <span class='ocrx_word' id='word_1_655' title='bbox 3133 4350 3380 4419; x_wconf 84' lang='grc' dir='ltr'>ἀστέρων</span> <span class='ocrx_word' id='word_1_656' title='bbox 3416 4347 3754 4418; x_wconf 73' lang='grc' dir='ltr'>ὲστιαθῆναι</span> 
     </span>
    </p>
   </div>
   <div class='ocr_carea' id='block_1_89' title="bbox 2154 4435 3758 4521">
    <p class='ocr_par' dir='ltr' id='par_1_89' title="bbox 2154 4435 3758 4521">
     <span class='ocr_line' id='line_1_89' title="bbox 2154 4435 3758 4521; baseline -0.006 -17"><span class='ocrx_word' id='word_1_657' title='bbox 2154 4449 2321 4521; x_wconf 82' lang='grc' dir='ltr'>χορῷ,</span> <span class='ocrx_word' id='word_1_658' title='bbox 2367 4448 2491 4502; x_wconf 82' lang='grc' dir='ltr'>ἀλλ’</span> <span class='ocrx_word' id='word_1_659' title='bbox 2532 4445 2766 4518; x_wconf 84' lang='grc' dir='ltr'>ἀτραπῷ</span> <span class='ocrx_word' id='word_1_660' title='bbox 2815 4443 3102 4516; x_wconf 85' lang='grc' dir='ltr'>χρώμενος</span> <span class='ocrx_word' id='word_1_661' title='bbox 3163 4442 3471 4511; x_wconf 67' lang='grc' dir='ltr'>στενωτὰπῃ</span> <span class='ocrx_word' id='word_1_662' title='bbox 3499 4481 3514 4503; x_wconf 89' lang='grc'><strong>,</strong></span> <span class='ocrx_word' id='word_1_663' title='bbox 3553 4435 3628 4512; x_wconf 81' lang='grc' dir='ltr'>ἧς</span> <span class='ocrx_word' id='word_1_664' title='bbox 3695 4443 3758 4495; x_wconf 72' lang='grc' dir='ltr'><strong>τὸ</strong></span> 
     </span>
    </p>
   </div>
   <div class='ocr_carea' id='block_1_90' title="bbox 2161 4532 3758 4614">
    <p class='ocr_par' dir='ltr' id='par_1_90' title="bbox 2161 4532 3758 4614">
     <span class='ocr_line' id='line_1_90' title="bbox 2161 4532 3758 4614; baseline -0.006 -20"><span class='ocrx_word' id='word_1_665' title='bbox 2161 4543 2358 4614; x_wconf 85' lang='grc' dir='ltr'>μέτρον</span> <span class='ocrx_word' id='word_1_666' title='bbox 2392 4538 2687 4608; x_wconf 73' lang='grc' dir='ltr'><strong>¹σπιθαμῆς</strong></span> <span class='ocrx_word' id='word_1_667' title='bbox 2737 4532 2877 4590; x_wconf 71' lang='grc' dir='ltr'>εἷναί</span> <span class='ocrx_word' id='word_1_668' title='bbox 2918 4552 3104 4604; x_wconf 83' lang='grc' dir='ltr'>φασιν,</span> <span class='ocrx_word' id='word_1_669' title='bbox 3154 4533 3250 4586; x_wconf 77' lang='grc' dir='ltr'>ἐπὶ</span> <span class='ocrx_word' id='word_1_670' title='bbox 3303 4532 3398 4585; x_wconf 82' lang='grc' dir='ltr'><strong>τὸν</strong></span> <span class='ocrx_word' id='word_1_671' title='bbox 3445 4532 3758 4602; x_wconf 70' lang='grc' dir='ltr'>εὐκτήριον</span> 
     </span>
    </p>
   </div>
   <div class='ocr_carea' id='block_1_91' title="bbox 450 4611 2041 4705">
    <p class='ocr_par' dir='ltr' id='par_1_91' title="bbox 450 4617 2039 4705">
     <span class='ocr_line' id='line_1_91' title="bbox 450 4617 2039 4705; baseline 0.011 -36"><span class='ocrx_word' id='word_1_672' title='bbox 450 4625 573 4684; x_wconf 86' lang='lat' dir='ltr'><strong>post</strong></span> <span class='ocrx_word' id='word_1_673' title='bbox 593 4617 921 4705; x_wconf 72' lang='lat' dir='ltr'><strong>hanclegem</strong></span> <span class='ocrx_word' id='word_1_674' title='bbox 947 4624 1172 4680; x_wconf 87' lang='lat' dir='ltr'><strong>tradunt</strong></span> <span class='ocrx_word' id='word_1_675' title='bbox 1192 4639 1369 4682; x_wconf 88' lang='lat' dir='ltr'><strong>annos</strong></span> <span class='ocrx_word' id='word_1_676' title='bbox 1391 4629 1628 4698; x_wconf 86' lang='lat' dir='ltr'><strong>amplius</strong></span> <span class='ocrx_word' id='word_1_677' title='bbox 1655 4632 2039 4704; x_wconf 75' lang='lat' dir='ltr'><strong>quadraginta.</strong></span> 
     </span>
    </p>
   </div>
   <div class='ocr_carea' id='block_1_92' title="bbox 2145 4611 3761 4705">
    <p class='ocr_par' dir='ltr' id='par_1_92' title="bbox 2156 4611 3761 4705">
     <span class='ocr_line' id='line_1_92' title="bbox 2156 4611 3761 4705; baseline -0.008 -16"><span class='ocrx_word' id='word_1_678' title='bbox 2156 4611 2305 4689; x_wconf 77' lang='grc' dir='ltr'>οἷκον</span> <span class='ocrx_word' id='word_1_679' title='bbox 2363 4632 2640 4705; x_wconf 83' lang='grc' dir='ltr'>φερούσῃ,</span> <span class='ocrx_word' id='word_1_680' title='bbox 2699 4630 2806 4696; x_wconf 76' lang='grc' dir='ltr'>ἔξω</span> <span class='ocrx_word' id='word_1_681' title='bbox 2865 4627 3069 4698; x_wconf 81' lang='grc' dir='ltr'>ταύτης</span> <span class='ocrx_word' id='word_1_682' title='bbox 3117 4625 3303 4686; x_wconf 78' lang='grc' dir='ltr'>λοιπὸν</span> <span class='ocrx_word' id='word_1_683' title='bbox 3364 4624 3581 4695; x_wconf 81' lang='grc' dir='ltr'>βαδίσαι</span> <span class='ocrx_word' id='word_1_684' title='bbox 3651 4626 3761 4678; x_wconf 74' lang='grc' dir='ltr'><strong>οὐκ</strong></span> 
     </span>
    </p>
   </div>
   <div class='ocr_carea' id='block_1_93' title="bbox 450 4700 2054 4784">
    <p class='ocr_par' dir='ltr' id='par_1_93' title="bbox 450 4700 2054 4784">
     <span class='ocr_line' id='line_1_93' title="bbox 450 4700 2054 4784; baseline 0.014 -23"><span class='ocrx_word' id='word_1_685' title='bbox 450 4711 626 4780; x_wconf 79' lang='lat' dir='ltr'><strong>Atque</strong></span> <span class='ocrx_word' id='word_1_686' title='bbox 647 4720 704 4766; x_wconf 89' lang='lat' dir='ltr'><strong>ut</strong></span> <span class='ocrx_word' id='word_1_687' title='bbox 720 4700 844 4767; x_wconf 83' lang='lat' dir='ltr'><strong>cum</strong></span> <span class='ocrx_word' id='word_1_688' title='bbox 866 4724 1164 4784; x_wconf 84' lang='lat' dir='ltr'><strong>spontanea</strong></span> <span class='ocrx_word' id='word_1_689' title='bbox 1193 4721 1474 4777; x_wconf 85' lang='lat' dir='ltr'><strong>voluntate</strong></span> <span class='ocrx_word' id='word_1_690' title='bbox 1492 4725 1559 4779; x_wconf 91' lang='lat' dir='ltr'><strong>ad</strong></span> <span class='ocrx_word' id='word_1_691' title='bbox 1587 4700 1700 4781; x_wconf 66' lang='lat' dir='ltr'><strong>hac</strong></span> <span class='ocrx_word' id='word_1_692' title='bbox 1719 4700 2054 4783; x_wconf 40' lang='lat' dir='ltr'><strong>illum‘simul</strong></span> 
     </span>
    </p>
   </div>
   <div class='ocr_carea' id='block_1_94' title="bbox 453 4804 2054 4891">
    <p class='ocr_par' dir='ltr' id='par_1_94' title="bbox 453 4804 2054 4891">
     <span class='ocr_line' id='line_1_94' title="bbox 453 4804 2054 4891; baseline 0.013 -35"><span class='ocrx_word' id='word_1_693' title='bbox 453 4804 696 4875; x_wconf 81' lang='lat' dir='ltr'><strong>adigeret</strong></span> <span class='ocrx_word' id='word_1_694' title='bbox 717 4807 899 4877; x_wconf 83' lang='lat' dir='ltr'><strong>aliqua</strong></span> <span class='ocrx_word' id='word_1_695' title='bbox 933 4812 1258 4878; x_wconf 87' lang='lat' dir='ltr'><strong>necessitas,</strong></span> <span class='ocrx_word' id='word_1_696' title='bbox 1289 4815 1495 4874; x_wconf 79' lang='lat' dir='ltr'><strong>lumbis</strong></span> <span class='ocrx_word' id='word_1_697' title='bbox 1519 4833 1662 4874; x_wconf 86' lang='lat' dir='ltr'><strong>zona</strong></span> <span class='ocrx_word' id='word_1_698' title='bbox 1715 4819 1894 4876; x_wconf 76' lang='lat' dir='ltr'><strong>ferrea</strong></span> <span class='ocrx_word' id='word_1_699' title='bbox 1918 4837 2054 4891; x_wconf 71' lang='lat' dir='ltr'><strong>prae-</strong></span> 
     </span>
    </p>
   </div>
   <div class='ocr_carea' id='block_1_95' title="bbox 451 4897 2057 4980">
    <p class='ocr_par' dir='ltr' id='par_1_95' title="bbox 451 4897 2057 4980">
     <span class='ocr_line' id='line_1_95' title="bbox 451 4897 2057 4980; baseline 0.007 -30"><span class='ocrx_word' id='word_1_700' title='bbox 451 4897 667 4962; x_wconf 88' lang='lat' dir='ltr'><strong>cinctis,</strong></span> <span class='ocrx_word' id='word_1_701' title='bbox 692 4907 748 4952; x_wconf 91' lang='lat' dir='ltr'><strong>et</strong></span> <span class='ocrx_word' id='word_1_702' title='bbox 777 4900 976 4955; x_wconf 88' lang='lat' dir='ltr'><strong>cervici</strong></span> <span class='ocrx_word' id='word_1_703' title='bbox 999 4903 1328 4971; x_wconf 77' lang='lat' dir='ltr'><strong>gravissimo</strong></span> <span class='ocrx_word' id='word_1_704' title='bbox 1351 4908 1539 4964; x_wconf 87' lang='lat' dir='ltr'><strong>collari</strong></span> <span class='ocrx_word' id='word_1_705' title='bbox 1562 4909 1840 4980; x_wconf 89' lang='lat' dir='ltr'><strong>imposito,</strong></span> <span class='ocrx_word' id='word_1_706' title='bbox 1865 4926 2057 4966; x_wconf 84' lang='lat' dir='ltr'><strong>zonam</strong></span> 
     </span>
    </p>
   </div>
   <div class='ocr_carea' id='block_1_96' title="bbox 449 4983 2054 5062">
    <p class='ocr_par' dir='ltr' id='par_1_96' title="bbox 449 4983 2054 5062">
     <span class='ocr_line' id='line_1_96' title="bbox 449 4983 2054 5062; baseline 0.007 -19"><span class='ocrx_word' id='word_1_707' title='bbox 449 4987 642 5043; x_wconf 87' lang='lat' dir='ltr'><strong>collari</strong></span> <span class='ocrx_word' id='word_1_708' title='bbox 665 4989 773 5044; x_wconf 89' lang='lat' dir='ltr'><strong>alio</strong></span> <span class='ocrx_word' id='word_1_709' title='bbox 797 4988 944 5045; x_wconf 73' lang='lat' dir='ltr'><strong>ferro</strong></span> <span class='ocrx_word' id='word_1_710' title='bbox 970 4992 1277 5062; x_wconf 77' lang='lat' dir='ltr'><strong>conjunxit,</strong></span> <span class='ocrx_word' id='word_1_711' title='bbox 1332 5003 1388 5050; x_wconf 90' lang='lat' dir='ltr'><strong>ut</strong></span> <span class='ocrx_word' id='word_1_712' title='bbox 1427 4997 1529 5053; x_wconf 86' lang='lat' dir='ltr'><strong>hoc</strong></span> <span class='ocrx_word' id='word_1_713' title='bbox 1576 4999 1736 5054; x_wconf 88' lang='lat' dir='ltr'><strong>modo</strong></span> <span class='ocrx_word' id='word_1_714' title='bbox 1759 4983 2054 5055; x_wconf 64' lang='lat' dir='ltr'><strong>inclinatu;</strong></span> 
     </span>
    </p>
   </div>
   <div class='ocr_carea' id='block_1_97' title="bbox 453 5080 2058 5161">
    <p class='ocr_par' dir='ltr' id='par_1_97' title="bbox 453 5080 2058 5161">
     <span class='ocr_line' id='line_1_97' title="bbox 453 5080 2058 5161; baseline 0.008 -27"><span class='ocrx_word' id='word_1_715' title='bbox 453 5080 510 5134; x_wconf 82' lang='lat' dir='ltr'><strong>in</strong></span> <span class='ocrx_word' id='word_1_716' title='bbox 551 5086 764 5136; x_wconf 84' lang='lat' dir='ltr'><strong>terram</strong></span> <span class='ocrx_word' id='word_1_717' title='bbox 796 5083 1029 5145; x_wconf 75' lang='lat' dir='ltr'><strong>assidue</strong></span> <span class='ocrx_word' id='word_1_718' title='bbox 1055 5085 1268 5157; x_wconf 79' lang='lat'><strong>1155</strong></span> <span class='ocrx_word' id='word_1_719' title='bbox 1303 5087 1589 5158; x_wconf 87' lang='lat' dir='ltr'><strong>despicere</strong></span> <span class='ocrx_word' id='word_1_720' title='bbox 1611 5101 1920 5161; x_wconf 80' lang='lat' dir='ltr'><strong>cogeretur.</strong></span> <span class='ocrx_word' id='word_1_721' title='bbox 1949 5091 2058 5147; x_wconf 84' lang='lat' dir='ltr'><strong>Has</strong></span> 
     </span>
    </p>
   </div>
   <div class='ocr_carea' id='block_1_98' title="bbox 452 5171 2050 5250">
    <p class='ocr_par' dir='ltr' id='par_1_98' title="bbox 452 5171 2050 5250">
     <span class='ocr_line' id='line_1_98' title="bbox 452 5171 2050 5250; baseline 0.006 -22"><span class='ocrx_word' id='word_1_722' title='bbox 452 5171 520 5228; x_wconf 89' lang='lat' dir='ltr'><strong>de</strong></span> <span class='ocrx_word' id='word_1_723' title='bbox 535 5189 596 5229; x_wconf 85' lang='lat' dir='ltr'><strong>se</strong></span> <span class='ocrx_word' id='word_1_724' title='bbox 617 5188 809 5245; x_wconf 64' lang='lat' dir='ltr'><strong>poenas</strong></span> <span class='ocrx_word' id='word_1_725' title='bbox 849 5177 1049 5248; x_wconf 72' lang='lat' dir='ltr'><strong>exegit,</strong></span> <span class='ocrx_word' id='word_1_726' title='bbox 1103 5179 1249 5247; x_wconf 88' lang='lat' dir='ltr'><strong>quod</strong></span> <span class='ocrx_word' id='word_1_727' title='bbox 1274 5180 1545 5250; x_wconf 72' lang='lat' dir='ltr'><strong>agricolas</strong></span> <span class='ocrx_word' id='word_1_728' title='bbox 1599 5181 1722 5238; x_wconf 88' lang='lat' dir='ltr'><strong>illos</strong></span> <span class='ocrx_word' id='word_1_729' title='bbox 1741 5193 1885 5238; x_wconf 88' lang='lat' dir='ltr'><strong>esset</strong></span> <span class='ocrx_word' id='word_1_730' title='bbox 1913 5198 2050 5238; x_wconf 85' lang='lat' dir='ltr'><strong>con-</strong></span> 
     </span>
    </p>
   </div>
   <div class='ocr_carea' id='block_1_99' title="bbox 453 5265 2048 5346">
    <p class='ocr_par' dir='ltr' id='par_1_99' title="bbox 453 5265 2048 5346">
     <span class='ocr_line' id='line_1_99' title="bbox 453 5265 2048 5346; baseline 0.006 -26"><span class='ocrx_word' id='word_1_731' title='bbox 453 5267 772 5336; x_wconf 87' lang='lat' dir='ltr'><strong>templatus.</strong></span> <span class='ocrx_word' id='word_1_732' title='bbox 803 5265 910 5324; x_wconf 84' lang='lat' dir='ltr'><strong>Ista</strong></span> <span class='ocrx_word' id='word_1_733' title='bbox 925 5285 1056 5325; x_wconf 86' lang='lat' dir='ltr'><strong>vero</strong></span> <span class='ocrx_word' id='word_1_734' title='bbox 1084 5287 1171 5327; x_wconf 90' lang='lat' dir='ltr'><strong>me</strong></span> <span class='ocrx_word' id='word_1_735' title='bbox 1198 5280 1254 5328; x_wconf 89' lang='lat' dir='ltr'><strong>et</strong></span> <span class='ocrx_word' id='word_1_736' title='bbox 1291 5273 1385 5327; x_wconf 89' lang='lat' dir='ltr'><strong>alii</strong></span> <span class='ocrx_word' id='word_1_737' title='bbox 1419 5275 1574 5329; x_wconf 88' lang='lat' dir='ltr'><strong>multi</strong></span> <span class='ocrx_word' id='word_1_738' title='bbox 1607 5275 1934 5341; x_wconf 86' lang='lat' dir='ltr'><strong>docuerunt,</strong></span> <span class='ocrx_word' id='word_1_739' title='bbox 1957 5276 2048 5346; x_wconf 88' lang='lat' dir='ltr'><strong>qui</strong></span> 
     </span>
    </p>
   </div>
   <div class='ocr_carea' id='block_1_100' title="bbox 457 5359 2050 5438">
    <p class='ocr_par' dir='ltr' id='par_1_100' title="bbox 457 5359 2050 5438">
     <span class='ocr_line' id='line_1_100' title="bbox 457 5359 2050 5438; baseline 0.007 -26"><span class='ocrx_word' id='word_1_740' title='bbox 457 5359 613 5414; x_wconf 84' lang='lat' dir='ltr'><strong>illum</strong></span> <span class='ocrx_word' id='word_1_741' title='bbox 651 5359 920 5428; x_wconf 86' lang='lat' dir='ltr'><strong>viderant,</strong></span> <span class='ocrx_word' id='word_1_742' title='bbox 953 5371 1006 5417; x_wconf 85' lang='lat' dir='ltr'><strong>et</strong></span> <span class='ocrx_word' id='word_1_743' title='bbox 1035 5379 1123 5418; x_wconf 77' lang='lat' dir='ltr'><strong>res</strong></span> <span class='ocrx_word' id='word_1_744' title='bbox 1146 5364 1268 5434; x_wconf 81' lang='lat' dir='ltr'><strong>ejus</strong></span> <span class='ocrx_word' id='word_1_745' title='bbox 1291 5381 1484 5422; x_wconf 85' lang='lat' dir='ltr'><strong>omnes</strong></span> <span class='ocrx_word' id='word_1_746' title='bbox 1545 5367 1872 5438; x_wconf 79' lang='lat' dir='ltr'><strong>perspectas</strong></span> <span class='ocrx_word' id='word_1_747' title='bbox 1888 5371 2050 5424; x_wconf 86' lang='lat' dir='ltr'><strong>hahe-</strong></span> 
     </span>
    </p>
   </div>
   <div class='ocr_carea' id='block_1_101' title="bbox 460 5451 2048 5530">
    <p class='ocr_par' dir='ltr' id='par_1_101' title="bbox 460 5451 2048 5530">
     <span class='ocr_line' id='line_1_101' title="bbox 460 5451 2048 5530; baseline 0.008 -28"><span class='ocrx_word' id='word_1_748' title='bbox 460 5451 620 5506; x_wconf 89' lang='lat' dir='ltr'><strong>bant:</strong></span> <span class='ocrx_word' id='word_1_749' title='bbox 648 5454 742 5507; x_wconf 79' lang='lat' dir='ltr'><strong>sed</strong></span> <span class='ocrx_word' id='word_1_750' title='bbox 756 5454 861 5508; x_wconf 91' lang='lat' dir='ltr'><strong>hoc</strong></span> <span class='ocrx_word' id='word_1_751' title='bbox 885 5455 1065 5525; x_wconf 76' lang='lat' dir='ltr'><strong>ipsum</strong></span> <span class='ocrx_word' id='word_1_752' title='bbox 1083 5458 1328 5512; x_wconf 80' lang='lat' dir='ltr'><strong>narravit</strong></span> <span class='ocrx_word' id='word_1_753' title='bbox 1344 5474 1510 5514; x_wconf 79' lang='lat' dir='ltr'><strong>senex</strong></span> <span class='ocrx_word' id='word_1_754' title='bbox 1540 5475 1770 5530; x_wconf 77' lang='lat' dir='ltr'><strong>magnus</strong></span> <span class='ocrx_word' id='word_1_755' title='bbox 1793 5459 2048 5526; x_wconf 78' lang='lat' dir='ltr'><strong>Aeacius,</strong></span> 
     </span>
    </p>
   </div>
   <div class='ocr_carea' id='block_1_102' title="bbox 459 5542 2043 5616">
    <p class='ocr_par' dir='ltr' id='par_1_102' title="bbox 459 5542 2043 5616">
     <span class='ocr_line' id='line_1_102' title="bbox 459 5542 2043 5616; baseline 0.008 -20"><span class='ocrx_word' id='word_1_756' title='bbox 459 5542 624 5609; x_wconf 81' lang='lat' dir='ltr'><strong>cujus</strong></span> <span class='ocrx_word' id='word_1_757' title='bbox 684 5558 716 5596; x_wconf 83' lang='lat' dir='ltr'><strong>a</strong></span> <span class='ocrx_word' id='word_1_758' title='bbox 750 5560 838 5601; x_wconf 91' lang='lat' dir='ltr'><strong>me</strong></span> <span class='ocrx_word' id='word_1_759' title='bbox 880 5546 992 5616; x_wconf 87' lang='lat' dir='ltr'><strong>jam</strong></span> <span class='ocrx_word' id='word_1_760' title='bbox 1027 5548 1154 5604; x_wconf 90' lang='lat' dir='ltr'><strong>aliis</strong></span> <span class='ocrx_word' id='word_1_761' title='bbox 1198 5549 1252 5605; x_wconf 85' lang='lat' dir='ltr'><strong>in</strong></span> <span class='ocrx_word' id='word_1_762' title='bbox 1309 5553 1475 5607; x_wconf 87' lang='lat' dir='ltr'><strong>rebus</strong></span> <span class='ocrx_word' id='word_1_763' title='bbox 1510 5552 1654 5608; x_wconf 77' lang='lat' dir='ltr'><strong>facta</strong></span> <span class='ocrx_word' id='word_1_764' title='bbox 1685 5562 1771 5609; x_wconf 89' lang='lat' dir='ltr'><strong>est</strong></span> <span class='ocrx_word' id='word_1_765' title='bbox 1817 5553 2043 5608; x_wconf 88' lang='lat' dir='ltr'><strong>mentio.</strong></span> 
     </span>
    </p>
   </div>
   <div class='ocr_carea' id='block_1_103' title="bbox 465 5629 2041 5714">
    <p class='ocr_par' dir='ltr' id='par_1_103' title="bbox 465 5629 2041 5714">
     <span class='ocr_line' id='line_1_103' title="bbox 465 5629 2041 5714; baseline 0.016 -34"><span class='ocrx_word' id='word_1_766' title='bbox 465 5629 666 5684; x_wconf 79' lang='lat' dir='ltr'><strong>Aiebat</strong></span> <span class='ocrx_word' id='word_1_767' title='bbox 693 5643 906 5698; x_wconf 88' lang='lat' dir='ltr'><strong>autem,</strong></span> <span class='ocrx_word' id='word_1_768' title='bbox 955 5651 1020 5690; x_wconf 81' lang='lat' dir='ltr'><strong>ex</strong></span> <span class='ocrx_word' id='word_1_769' title='bbox 1049 5653 1115 5691; x_wconf 91' lang='lat' dir='ltr'><strong>eo</strong></span> <span class='ocrx_word' id='word_1_770' title='bbox 1153 5653 1213 5692; x_wconf 90' lang='lat' dir='ltr'><strong>se</strong></span> <span class='ocrx_word' id='word_1_771' title='bbox 1261 5650 1648 5707; x_wconf 88' lang='lat' dir='ltr'><strong>percontatum</strong></span> <span class='ocrx_word' id='word_1_772' title='bbox 1718 5643 2041 5714; x_wconf 78' lang='lat' dir='ltr'><strong>aliquando.</strong></span> 
     </span>
    </p>
   </div>
   <div class='ocr_carea' id='block_1_104' title="bbox 465 5715 2039 5800">
    <p class='ocr_par' dir='ltr' id='par_1_104' title="bbox 465 5715 2039 5800">
     <span class='ocr_line' id='line_1_104' title="bbox 465 5715 2039 5800; baseline 0.01 -28"><span class='ocrx_word' id='word_1_773' title='bbox 465 5733 592 5772; x_wconf 71' lang='lat' dir='ltr'><strong>cum</strong></span> <span class='ocrx_word' id='word_1_774' title='bbox 629 5715 976 5778; x_wconf 80' lang='lat' dir='ltr'><strong>incurvatum</strong></span> <span class='ocrx_word' id='word_1_775' title='bbox 1034 5727 1112 5779; x_wconf 84' lang='lat' dir='ltr'><strong>sic</strong></span> <span class='ocrx_word' id='word_1_776' title='bbox 1157 5730 1384 5795; x_wconf 80' lang='lat' dir='ltr'><strong>videret,</strong></span> <span class='ocrx_word' id='word_1_777' title='bbox 1415 5749 1656 5800; x_wconf 78' lang='lat' dir='ltr'><strong>quonam</strong></span> <span class='ocrx_word' id='word_1_778' title='bbox 1693 5751 1793 5789; x_wconf 83' lang='lat' dir='ltr'><strong>suo</strong></span> <span class='ocrx_word' id='word_1_779' title='bbox 1858 5734 2039 5789; x_wconf 80' lang='lat' dir='ltr'><strong>fructu</strong></span> 
     </span>
    </p>
   </div>
   <div class='ocr_carea' id='block_1_105' title="bbox 2165 4717 3762 4796">
    <p class='ocr_par' dir='ltr' id='par_1_105' title="bbox 2165 4717 3762 4796">
     <span class='ocr_line' id='line_1_105' title="bbox 2165 4717 3762 4796; baseline -0.004 -17"><span class='ocrx_word' id='word_1_780' title='bbox 2165 4726 2436 4796; x_wconf 61' lang='grc' dir='ltr'>ἠνέσχετο.</span> <span class='ocrx_word' id='word_1_781' title='bbox 2468 4723 2696 4776; x_wconf 85' lang='grc' dir='ltr'>Πλείονα</span> <span class='ocrx_word' id='word_1_782' title='bbox 2721 4722 2778 4774; x_wconf 84' lang='grc' dir='ltr'><strong>δὲ</strong></span> <span class='ocrx_word' id='word_1_783' title='bbox 2808 4721 2840 4792; x_wconf 82' lang='grc' dir='ltr'><strong>ἧ</strong></span> <span class='ocrx_word' id='word_1_784' title='bbox 2873 4718 3287 4790; x_wconf 77' lang='grc' dir='ltr'>τεσσαράκοντα</span> <span class='ocrx_word' id='word_1_785' title='bbox 3312 4717 3403 4786; x_wconf 79' lang='grc' dir='ltr'><strong>ἐτη</strong></span> <span class='ocrx_word' id='word_1_786' title='bbox 3432 4718 3564 4786; x_wconf 74' lang='grc' dir='ltr'>φασὶ</span> <span class='ocrx_word' id='word_1_787' title='bbox 3604 4719 3762 4787; x_wconf 77' lang='grc' dir='ltr'><strong>μετά</strong></span> 
     </span>
    </p>
   </div>
   <div class='ocr_carea' id='block_1_106' title="bbox 2159 4807 3762 4882">
    <p class='ocr_par' dir='ltr' id='par_1_106' title="bbox 2159 4807 3762 4882">
     <span class='ocr_line' id='line_1_106' title="bbox 2159 4807 3762 4882; baseline -0.01 -10"><span class='ocrx_word' id='word_1_788' title='bbox 2159 4817 2347 4872; x_wconf 84' lang='grc' dir='ltr'>τοῦτον</span> <span class='ocrx_word' id='word_1_789' title='bbox 2373 4815 2536 4869; x_wconf 81' lang='grc' dir='ltr'>αὑτὸν</span> <span class='ocrx_word' id='word_1_790' title='bbox 2561 4813 2850 4868; x_wconf 82' lang='grc' dir='ltr'>διαϐιῶναι</span> <span class='ocrx_word' id='word_1_791' title='bbox 2887 4813 2977 4866; x_wconf 80' lang='grc' dir='ltr'><strong>τὸν</strong></span> <span class='ocrx_word' id='word_1_792' title='bbox 3010 4811 3194 4882; x_wconf 87' lang='grc' dir='ltr'>νόμον.</span> <span class='ocrx_word' id='word_1_793' title='bbox 3233 4807 3348 4862; x_wconf 83' lang='grc' dir='ltr'>Ἵνα</span> <span class='ocrx_word' id='word_1_794' title='bbox 3375 4808 3434 4862; x_wconf 80' lang='grc' dir='ltr'>δὲ</span> <span class='ocrx_word' id='word_1_795' title='bbox 3471 4808 3621 4878; x_wconf 81' lang='grc' dir='ltr'><strong>μετὰ</strong></span> <span class='ocrx_word' id='word_1_796' title='bbox 3651 4811 3762 4878; x_wconf 65' lang='grc' dir='ltr'>τῆς</span> 
     </span>
    </p>
   </div>
   <div class='ocr_carea' id='block_1_107' title="bbox 2155 4899 3761 4980">
    <p class='ocr_par' dir='ltr' id='par_1_107' title="bbox 2155 4899 3761 4980">
     <span class='ocr_line' id='line_1_107' title="bbox 2155 4899 3761 4980; baseline -0.004 -20"><span class='ocrx_word' id='word_1_797' title='bbox 2155 4907 2382 4980; x_wconf 86' lang='grc' dir='ltr'>γνώμης</span> <span class='ocrx_word' id='word_1_798' title='bbox 2407 4907 2501 4962; x_wconf 81' lang='grc' dir='ltr'>καὶ</span> <span class='ocrx_word' id='word_1_799' title='bbox 2547 4907 2762 4976; x_wconf 79' lang='grc' dir='ltr'>ἀνάγκη</span> <span class='ocrx_word' id='word_1_800' title='bbox 2787 4923 2872 4970; x_wconf 89' lang='grc' dir='ltr'><strong>τις</strong></span> <span class='ocrx_word' id='word_1_801' title='bbox 2916 4905 3080 4958; x_wconf 79' lang='grc' dir='ltr'>αὐτὸν</span> <span class='ocrx_word' id='word_1_802' title='bbox 3131 4903 3225 4958; x_wconf 73' lang='grc' dir='ltr'><strong>ἐπὶ</strong></span> <span class='ocrx_word' id='word_1_803' title='bbox 3253 4900 3424 4954; x_wconf 80' lang='grc' dir='ltr'>ταῦτα</span> <span class='ocrx_word' id='word_1_804' title='bbox 3470 4899 3761 4974; x_wconf 59' lang='grc' dir='ltr'>καθέλκε,</span> 
     </span>
    </p>
   </div>
   <div class='ocr_carea' id='block_1_108' title="bbox 2155 4987 3765 5069">
    <p class='ocr_par' dir='ltr' id='par_1_108' title="bbox 2155 4987 3765 5069">
     <span class='ocr_line' id='line_1_108' title="bbox 2155 4987 3765 5069; baseline -0.005 -18"><span class='ocrx_word' id='word_1_805' title='bbox 2155 4997 2300 5069; x_wconf 77' lang='grc' dir='ltr'><strong>ζώνῃ</strong></span> <span class='ocrx_word' id='word_1_806' title='bbox 2330 4997 2526 5068; x_wconf 77' lang='grc' dir='ltr'>σιδηρᾷ</span> <span class='ocrx_word' id='word_1_807' title='bbox 2558 4995 2657 5066; x_wconf 78' lang='grc' dir='ltr'>τὴν</span> <span class='ocrx_word' id='word_1_808' title='bbox 2691 4995 2864 5064; x_wconf 80' lang='grc' dir='ltr'>ὀσφὺν</span> <span class='ocrx_word' id='word_1_809' title='bbox 2907 4992 3248 5062; x_wconf 79' lang='grc' dir='ltr'>καταδήσας,</span> <span class='ocrx_word' id='word_1_810' title='bbox 3293 4990 3386 5043; x_wconf 82' lang='grc' dir='ltr'>καὶ</span> <span class='ocrx_word' id='word_1_811' title='bbox 3429 4987 3765 5059; x_wconf 73' lang='grc' dir='ltr'>βαρύτατον</span> 
     </span>
    </p>
   </div>
   <div class='ocr_carea' id='block_1_109' title="bbox 2158 5081 3764 5161">
    <p class='ocr_par' dir='ltr' id='par_1_109' title="bbox 2158 5081 3764 5161">
     <span class='ocr_line' id='line_1_109' title="bbox 2158 5081 3764 5161; baseline -0.009 -15"><span class='ocrx_word' id='word_1_812' title='bbox 2158 5091 2333 5146; x_wconf 78' lang='grc' dir='ltr'>κλοιὸν</span> <span class='ocrx_word' id='word_1_813' title='bbox 2365 5089 2624 5161; x_wconf 71' lang='grc' dir='ltr'>περιθεὶς.</span> <span class='ocrx_word' id='word_1_814' title='bbox 2646 5087 2723 5159; x_wconf 83' lang='grc' dir='ltr'>τῷ</span> <span class='ocrx_word' id='word_1_815' title='bbox 2759 5085 3034 5159; x_wconf 81' lang='grc' dir='ltr'>τραχήλῳ,</span> <span class='ocrx_word' id='word_1_816' title='bbox 3069 5085 3218 5154; x_wconf 74' lang='grc' dir='ltr'>ἄλλῳ</span> <span class='ocrx_word' id='word_1_817' title='bbox 3245 5082 3351 5136; x_wconf 72' lang='grc' dir='ltr'>τινὶ</span> <span class='ocrx_word' id='word_1_818' title='bbox 3399 5081 3616 5152; x_wconf 80' lang='grc' dir='ltr'>σιδήρῳ</span> <span class='ocrx_word' id='word_1_819' title='bbox 3653 5084 3764 5153; x_wconf 68' lang='grc' dir='ltr'>τὴν</span> 
     </span>
    </p>
   </div>
   <div class='ocr_carea' id='block_1_110' title="bbox 2159 5175 3766 5254">
    <p class='ocr_par' dir='ltr' id='par_1_110' title="bbox 2159 5175 3766 5254">
     <span class='ocr_line' id='line_1_110' title="bbox 2159 5175 3766 5254; baseline -0.006 -16"><span class='ocrx_word' id='word_1_820' title='bbox 2159 5183 2335 5254; x_wconf 82' lang='grc' dir='ltr'>ζώνην</span> <span class='ocrx_word' id='word_1_821' title='bbox 2361 5185 2669 5254; x_wconf 73' lang='grc' dir='ltr'>συνήρμοσε</span> <span class='ocrx_word' id='word_1_822' title='bbox 2695 5180 2773 5252; x_wconf 84' lang='grc' dir='ltr'>τῷ</span> <span class='ocrx_word' id='word_1_823' title='bbox 2799 5180 2892 5234; x_wconf 81' lang='grc' dir='ltr'>τοῦ</span> <span class='ocrx_word' id='word_1_824' title='bbox 2923 5178 3198 5251; x_wconf 79' lang='grc' dir='ltr'>τραχήλου</span> <span class='ocrx_word' id='word_1_825' title='bbox 3232 5175 3418 5245; x_wconf 80' lang='grc' dir='ltr'>κλοιῷ,</span> <span class='ocrx_word' id='word_1_826' title='bbox 3445 5175 3533 5228; x_wconf 80' lang='grc' dir='ltr'><strong>ἵνα</strong></span> <span class='ocrx_word' id='word_1_827' title='bbox 3565 5176 3766 5247; x_wconf 71' lang='grc' dir='ltr'>τούτῳ</span> 
     </span>
    </p>
   </div>
   <div class='ocr_carea' id='block_1_111' title="bbox 2155 5272 3765 5350">
    <p class='ocr_par' dir='ltr' id='par_1_111' title="bbox 2155 5272 3765 5350">
     <span class='ocr_line' id='line_1_111' title="bbox 2155 5272 3765 5350; baseline -0.004 -17"><span class='ocrx_word' id='word_1_828' title='bbox 2155 5278 2234 5350; x_wconf 83' lang='grc' dir='ltr'>τῷ</span> <span class='ocrx_word' id='word_1_829' title='bbox 2255 5279 2442 5350; x_wconf 87' lang='grc' dir='ltr'>τρόπῳ</span> <span class='ocrx_word' id='word_1_830' title='bbox 2472 5277 2861 5348; x_wconf 84' lang='grc' dir='ltr'>καμπτόμενος</span> <span class='ocrx_word' id='word_1_831' title='bbox 2896 5277 2975 5336; x_wconf 82' lang='grc' dir='ltr'><strong>είς</strong></span> <span class='ocrx_word' id='word_1_832' title='bbox 3004 5275 3110 5344; x_wconf 82' lang='grc' dir='ltr'>γῆν</span> <span class='ocrx_word' id='word_1_833' title='bbox 3160 5272 3534 5327; x_wconf 83' lang='grc' dir='ltr'>κατακύπτειν</span> <span class='ocrx_word' id='word_1_834' title='bbox 3563 5273 3765 5344; x_wconf 74' lang='grc' dir='ltr'>διηνε-</span> 
     </span>
    </p>
   </div>
   <div class='ocr_carea' id='block_1_112' title="bbox 2157 5363 3768 5440">
    <p class='ocr_par' dir='ltr' id='par_1_112' title="bbox 2157 5363 3768 5440">
     <span class='ocr_line' id='line_1_112' title="bbox 2157 5363 3768 5440; baseline -0.004 -16"><span class='ocrx_word' id='word_1_835' title='bbox 2157 5371 2268 5434; x_wconf 87' lang='grc' dir='ltr'><strong>κῶς</strong></span> <span class='ocrx_word' id='word_1_836' title='bbox 2297 5369 2696 5440; x_wconf 78' lang='grc' dir='ltr'>ἀναγκάζηται.</span> <span class='ocrx_word' id='word_1_837' title='bbox 2730 5366 2998 5430; x_wconf 84' lang='grc' dir='ltr'>Τοιαύτας</span> <span class='ocrx_word' id='word_1_838' title='bbox 3040 5367 3248 5420; x_wconf 73' lang='grc' dir='ltr'>ἑαυτῶν</span> <span class='ocrx_word' id='word_1_839' title='bbox 3279 5367 3377 5436; x_wconf 79' lang='grc' dir='ltr'><strong>τῆς</strong></span> <span class='ocrx_word' id='word_1_840' title='bbox 3413 5363 3527 5416; x_wconf 87' lang='grc' dir='ltr'><strong>τῶν</strong></span> <span class='ocrx_word' id='word_1_841' title='bbox 3565 5368 3768 5434; x_wconf 63' lang='grc' dir='ltr'>γηπέ-</span> 
     </span>
    </p>
   </div>
   <div class='ocr_carea' id='block_1_113' title="bbox 2157 5454 3758 5531">
    <p class='ocr_par' dir='ltr' id='par_1_113' title="bbox 2157 5454 3758 5531">
     <span class='ocr_line' id='line_1_113' title="bbox 2157 5454 3758 5531; baseline -0.003 -15"><span class='ocrx_word' id='word_1_842' title='bbox 2157 5481 2260 5516; x_wconf 88' lang='grc' dir='ltr'><strong>νων</strong></span> <span class='ocrx_word' id='word_1_843' title='bbox 2286 5463 2514 5522; x_wconf 73' lang='grc' dir='ltr'>ἐκείνων</span> <span class='ocrx_word' id='word_1_844' title='bbox 2534 5460 2763 5531; x_wconf 88' lang='grc' dir='ltr'>θεωρίας</span> <span class='ocrx_word' id='word_1_845' title='bbox 2796 5457 3160 5530; x_wconf 78' lang='grc' dir='ltr'>εἰσεπράξατο</span> <span class='ocrx_word' id='word_1_846' title='bbox 3176 5457 3349 5519; x_wconf 88' lang='grc' dir='ltr'>δίκας.</span> <span class='ocrx_word' id='word_1_847' title='bbox 3369 5454 3555 5508; x_wconf 73' lang='grc' dir='ltr'>Ταῦτα</span> <span class='ocrx_word' id='word_1_848' title='bbox 3581 5458 3651 5511; x_wconf 79' lang='grc' dir='ltr'><strong>δέ</strong></span> <span class='ocrx_word' id='word_1_849' title='bbox 3683 5477 3758 5526; x_wconf 71' lang='grc' dir='ltr'><strong>με</strong></span> 
     </span>
    </p>
   </div>
   <div class='ocr_carea' id='block_1_114' title="bbox 2156 5549 3768 5626">
    <p class='ocr_par' dir='ltr' id='par_1_114' title="bbox 2156 5549 3768 5626">
     <span class='ocr_line' id='line_1_114' title="bbox 2156 5549 3768 5626; baseline -0.003 -18"><span class='ocrx_word' id='word_1_850' title='bbox 2156 5555 2340 5609; x_wconf 80' lang='grc' dir='ltr'>πολλοὶ</span> <span class='ocrx_word' id='word_1_851' title='bbox 2377 5555 2475 5626; x_wconf 81' lang='grc' dir='ltr'>μὲν</span> <span class='ocrx_word' id='word_1_852' title='bbox 2507 5555 2601 5607; x_wconf 74' lang='grc' dir='ltr'>καὶ</span> <span class='ocrx_word' id='word_1_853' title='bbox 2633 5553 2782 5606; x_wconf 80' lang='grc' dir='ltr'>ἄλλοι</span> <span class='ocrx_word' id='word_1_854' title='bbox 2825 5553 2935 5606; x_wconf 84' lang='grc' dir='ltr'><strong>τῶν</strong></span> <span class='ocrx_word' id='word_1_855' title='bbox 2968 5553 3176 5605; x_wconf 84' lang='grc' dir='ltr'>ἐκεῖνον</span> <span class='ocrx_word' id='word_1_856' title='bbox 3221 5549 3624 5621; x_wconf 83' lang='grc' dir='ltr'>ίστορηκότων,</span> <span class='ocrx_word' id='word_1_857' title='bbox 3661 5554 3768 5603; x_wconf 70' lang='grc' dir='ltr'><strong>καὶ</strong></span> 
     </span>
    </p>
   </div>
   <div class='ocr_carea' id='block_1_115' title="bbox 2154 5641 3764 5715">
    <p class='ocr_par' dir='ltr' id='par_1_115' title="bbox 2154 5641 3764 5715">
     <span class='ocr_line' id='line_1_115' title="bbox 2154 5641 3764 5715; baseline -0.002 -17"><span class='ocrx_word' id='word_1_858' title='bbox 2154 5646 2221 5698; x_wconf 66' lang='grc' dir='ltr'>τὰ</span> <span class='ocrx_word' id='word_1_859' title='bbox 2268 5647 2386 5698; x_wconf 87' lang='grc' dir='ltr'>κατ’</span> <span class='ocrx_word' id='word_1_860' title='bbox 2432 5645 2594 5698; x_wconf 80' lang='grc' dir='ltr'>αὐτὸν</span> <span class='ocrx_word' id='word_1_861' title='bbox 2621 5643 2865 5715; x_wconf 83' lang='grc' dir='ltr'>ἀκριϐῶς</span> <span class='ocrx_word' id='word_1_862' title='bbox 2900 5641 3305 5711; x_wconf 86' lang='grc' dir='ltr'>ἐπισταμένων,</span> <span class='ocrx_word' id='word_1_863' title='bbox 3338 5641 3634 5706; x_wconf 73' lang='grc' dir='ltr'>ἐδίδαξαν·</span> <span class='ocrx_word' id='word_1_864' title='bbox 3671 5642 3764 5694; x_wconf 78' lang='grc' dir='ltr'>δι-</span> 
     </span>
    </p>
   </div>
   <div class='ocr_carea' id='block_1_116' title="bbox 2157 5727 3768 5804">
    <p class='ocr_par' dir='ltr' id='par_1_116' title="bbox 2157 5727 3768 5804">
     <span class='ocr_line' id='line_1_116' title="bbox 2157 5727 3768 5804; baseline 0.006 -18"><span class='ocrx_word' id='word_1_865' title='bbox 2157 5737 2398 5804; x_wconf 78' lang='grc' dir='ltr'>ηγήσατο</span> <span class='ocrx_word' id='word_1_866' title='bbox 2428 5735 2483 5789; x_wconf 81' lang='grc' dir='ltr'>δὲ</span> <span class='ocrx_word' id='word_1_867' title='bbox 2526 5734 2682 5788; x_wconf 78' lang='grc' dir='ltr'>τοῦτο</span> <span class='ocrx_word' id='word_1_868' title='bbox 2731 5734 2861 5788; x_wconf 73' lang='grc' dir='ltr'>αὐτὸ</span> <span class='ocrx_word' id='word_1_869' title='bbox 2909 5733 2968 5786; x_wconf 78' lang='grc' dir='ltr'><strong>τὸ</strong></span> <span class='ocrx_word' id='word_1_870' title='bbox 3006 5733 3251 5802; x_wconf 69' lang='grc' dir='ltr'>διήγημα</span> <span class='ocrx_word' id='word_1_871' title='bbox 3295 5732 3320 5781; x_wconf 85' lang='grc' dir='ltr'>ὁ</span> <span class='ocrx_word' id='word_1_872' title='bbox 3359 5727 3684 5801; x_wconf 68' lang='grc' dir='ltr'>πρῒτεῦττῖῖ</span> <span class='ocrx_word' id='word_1_873' title='bbox 3736 5735 3768 5784; x_wconf 64' lang='grc' dir='ltr'><em>ά</em></span> 
     </span>
    </p>
   </div>
  </div>
