3974 6212
298 270 436 333 1345

1531 262 1936 322 RELIGIOSA
1979 263 2366 323 HISTORIA.

2213 123 2234 158 ἱ

3435 256 3577 320 tatu

297 383 470 453 μέγας
497 379 773 439 Ἂκάκιος,
801 367 860 429 οὗ
888 377 980 430 καὶ
1013 375 1245 448 πρόσθεν
1273 375 1330 426 ἐν
1359 375 1470 436 τοῖς
1497 373 1673 434 ἄλλοις
1693 373 1881 442 διηγή-

1991 390 2169 443 neque
2205 374 2407 428 malum
2440 374 2712 442 aspicere,
2748 386 2925 442 neque
2962 369 3272 440 subjectum
3313 385 3566 437 campum

297 490 462 544 μασιν
488 469 1082 540 ἁπεμνημονεύσαμεν.
1103 469 1249 538 "Ean
1269 467 1324 519 δὲ
1350 466 1444 519 καὶ
1474 465 1692 538 ἔρεσθαι
1717 464 1878 516 αὐτόν

296 581 427 618 ποτε
476 563 858 631 συγκεκυφὸτα
892 559 1248 631 θεασάμενος,
1295 558 1457 612 ποίαν
1499 557 1880 627 καρπούμενος

293 655 628 728 ὄνησιν,οὖτ’
653 657 731 718 εἰς
761 653 988 726 οὐρανὸν
1017 653 1238 722 βλέπειν
1260 651 1530 722 ἀνέχεται,
1551 650 1671 704 οὔτε
1701 650 1761 702 τὸ
1785 666 1880 701 πε-

294 748 406 800 δίον
427 748 600 798 ἐκεῖνο
623 745 684 797 τὸ
712 743 1073 813 ὑποκείμενον
1104 741 1350 812 θεωρεῖν,
1383 740 1506 794 οὔτε
1536 741 1634 810 τῆς
1685 739 1878 807 στενῆς

295 837 400 902 ἔξω
434 835 668 908 βαδίζειν
697 834 846 888 όδοῦσ
875 833 1064 887 τοῦτον
1089 833 1144 887 δὲ
1173 833 1360 903 φάναι,
1383 832 1554 886 ταῦτα
1593 832 1880 902 τεχνάζειν

297 928 432 1000 πρὸς
455 929 524 980 τὰ
540 926 633 980 τοῦ
661 925 898 997 πονηροῦ
921 927 1134 996 μηχανή
1145 942 1288 996 ματα
1310 924 1583 995 δαίμονος.
1613 925 1728 976 Ἵνα
1749 924 1876 995 γὰρ,

295 1020 422 1090 ἔφη,
443 1019 518 1090 μὴ
543 1019 671 1089 περὶ
701 1019 953 1088 μεγάλων
974 1018 1208 1088 πολεμῇ,
1243 1016 1596 1088 σωφροσύνην
1627 1015 1880 1070 κλέπτειν

297 1109 656 1182 πειρώμενος,
676 1110 769 1162 καὶ
793 1108 1160 1180 δικαιοσύνην,
1181 1111 1272 1162 καὶ
1294 1111 1384 1162 τὸν
1414 1108 1583 1178 θυμὸν
1611 1108 1874 1170 ὁπλίζων,

295 1203 390 1255 καὶ
407 1201 504 1272 τὴν
531 1200 826 1272 ἐπιθυμίαν
848 1200 1118 1265 ἐξάπτων,
1138 1201 1231 1254 καὶ
1255 1200 1608 1270 φλεγμαίνειν
1625 1200 1701 1270 τῷ
1725 1199 1880 1269 τύφῳ

297 1291 390 1344 καὶ
420 1290 773 1358 ἐξογκοῦσθαι
817 1291 1276 1360 παρασκευάζων,
1308 1295 1402 1344 καὶ
1447 1289 1580 1345 ἄλλα
1607 1292 1707 1343 ὅσα
1739 1289 1880 1344 κατά

295 1383 393 1452 τῆς
430 1383 568 1453 ἐμῆς
598 1382 842 1452 τιιρεύων
870 1382 1068 1453 ψυχῆς,
1110 1385 1190 1446 εἰς
1219 1384 1286 1436 τὰ
1319 1384 1526 1452 σμικρὰ
1565 1382 1738 1436 ταῦτα
1782 1400 1880 1452 μεσι

295 1475 554 1546 ταφέρειν
596 1475 875 1546 πειρῶμαι
923 1476 1014 1529 τὸν
1067 1477 1322 1544 πόλεμον,
1354 1476 1481 1529 ἔνθα
1513 1478 1605 1530 καὶ
1652 1479 1879 1548 νικήσας

296 1566 357 1618 οὑ
387 1567 600 1636 μεγάλα
627 1567 894 1640 λωβᾶται,
923 1569 1021 1621 καὶ
1041 1566 1299 1639 ἡττηθεὶς
1344 1567 1880 1638 καταγελαστότερος

297 1657 526 1726 γίνεται,
564 1657 659 1710 ἆτε
689 1658 752 1729 δὴ
799 1660 938 1728 μήτε
975 1659 1034 1714 ἐν
1073 1661 1185 1721 τοῖς
1236 1660 1452 1728 μικροῖς
1497 1657 1880 1728 περιγενέσθαι

1989 465 2210 527 intueri,
2243 479 2420 532 neque
2463 470 2804 533 ex'angusta
2847 463 2940 516 illa
2992 463 3080 516 via
3137 461 3324 530 egredi
3356 461 3561 512 vellet:

1986 556 2142 610 illum
2203 569 2332 608 vero
2395 554 2789 624 resprmdiése,
2855 553 2965 608 ista
2996 567 3057 608 se
3111 551 3239 605 mali
3297 550 3568 604 danuonis

1985 647 2494 703 machinationibus
2551 662 2854 716 Opponere.
2899 645 3033 699 Nam
3082 658 3153 697 ne
3209 642 3278 697 de
3333 640 3567 710 magnis,

1987 738 2187 807 inquit,
2227 738 2392 793 rebus
2432 738 2566 792 mihi
2602 738 2807 791 bellum
2842 736 3089 799 inferat,
3137 733 3568 804 temperantiam

1985 839 2037 884 et
2058 829 2336 899 justitiam
2370 828 2590 885 auferre
2621 830 2831 895 nitens,
2862 829 3001 882 iram
3030 842 3330 884 exacuens.
3357 834 3409 878 ct
3433 839 3567 878 con-

1985 923 2391 992 cupiscentiam
2437 923 2711 987 excitans,
2741 932 2837 976 aut
2873 921 3018 976 fastu
3052 919 3342 992 inﬂanset
3377 932 3572 988 super-

1985 1012 2096 1074 oia,
2137 1022 2193 1066 et
2228 1028 2577 1084 quaecunque
2611 1013 2792 1068 moliri
2822 1012 3094 1067 adversus
3123 1009 3364 1064 animam
3391 1023 3569 1062 meam

1987 1105 2154 1169 solet,
2193 1105 2410 1159 hostem
2435 1119 2608 1160 conor
2644 1105 2710 1160 ad
2758 1105 2876 1160 haec
2915 1118 3087 1176 parva
3141 1101 3470 1165 traducere,
3515 1099 3570 1152 in

1986 1198 2186 1266 quibus
2209 1197 2256 1252 si
2283 1197 2499 1263 vicerit,
2530 1213 2640 1252 non
2682 1211 2938 1268 magnum
2989 1196 3252 1252 damnum
3285 1191 3478 1256 alfcrt;
3524 1191 3572 1244 si

1984 1288 2262 1350 vincatur,
2299 1288 2474 1358 magis
2513 1291 2620 1342 erit
2647 1289 2946 1356 ridiculus,
2971 1297 3040 1364 ut
3069 1285 3166 1356 qui
3195 1301 3262 1339 ne
3300 1284 3352 1336 in
3387 1283 3580 1351 parvis

1986 1379 2208 1449 quidem
2233 1380 2398 1435 rebus
2432 1381 2660 1436 vincere
2683 1389 2867 1452 queat.
2898 1380 3171 1446 Quoniam
3207 1393 3340 1446 ergo
3371 1376 3571 1431 bellum

1988 1470 2092 1524 hoc
2121 1472 2332 1525 minore
2363 1472 2612 1541 periculo
2649 1474 2761 1542 geri
2801 1475 3006 1533 sentio,
3051 1471 3198 1540 quod
3248 1470 3363 1522 leve
3412 1468 3572 1520 dam-

1987 1578 2117 1615 num
2149 1563 2384 1632 accipiat
2440 1563 2535 1629 qui
2585 1563 2639 1617 in
2671 1578 2746 1618 co
2789 1563 2985 1618 fcritnr
3017 1560 3171 1631 (quid
3205 1559 3349 1614 enim
3385 1555 3573 1610 damni

1986 1661 2091 1716 est,
2153 1653 2236 1707 vel
2298 1669 2554 1723 campum
2610 1655 2816 1717 videre,
2874 1655 2959 1708 vel
3016 1653 3210 1707 oculos
3259 1651 3314 1703 in
3371 1649 3570 1702 cmlum

297 1749 614 1819 δυνάμενος.
643 1749 860 1820 Ἐπειδὴ
887 1749 1065 1803 τοίνυν
1096 1749 1524 1821 ἀκινδυνώτερον
1554 1749 1668 1802 οἶδα
1697 1748 1883 1804 τοῦτον

1989 1745 2243 1800 attollere
2261 1747 2326 1814 ί),
2373 1748 2440 1801 ad
2471 1748 2573 1802 hoc
2627 1749 2778 1802 illum
2809 1761 3008 1818 pugnae
3056 1760 3233 1816 genus
3271 1739 3569 1804 transtuli,

298 1843 388 1895 τὸν
421 1842 657 1912 πόλεμον
675 1858 689 1872 ⁶
724 1843 784 1895 οὐ
813 1842 1026 1912 μεγάλα
1056 1841 1163 1911 γὰρ
1187 1842 1216 1894 ὁ
1245 1844 1300 1893 ἐν
1322 1840 1534 1903 τούτοις
1556 1839 1882 1910 βαλλόμενος

301 1932 595 2005 ζημιοῦται
618 1950 630 1963 ·
661 1933 789 1988 ποία
820 1935 927 2005 γὰρ
952 1933 1121 2005 βλάϐη
1147 1933 1208 1986 τὴ
1233 1933 1416 1986 πεδίον
1447 1932 1594 1994 ίδεῖν,
1623 1931 1656 2002 ἣ
1683 1934 1763 1994 εἰς
1791 1932 1880 1983 τὸν

299 2025 526 2096 οὐρανὸν
577 2027 852 2080 ἀνατεῖναι
907 2027 968 2080 τὺ
1015 2026 1204 2096 ὄμμα;
1255 2027 1334 2088 είς
1380 2023 1536 2078 τοῦτο
1573 2023 1736 2077 αὑτὸν
1782 2023 1882 2091 τῆς

302 2115 662 2185 παρατάξεως
693 2116 755 2169 τὸ
817 2113 954 2180 εἶδος
1015 2116 1344 2186 μεθίστημιο
1407 2114 1534 2186 τῇδε
1590 2114 1700 2184 γὰρ
1757 2113 1881 2167 οὔτε

300 2208 530 2272 ἀνελεῖν,
567 2206 689 2259 οὕτε
733 2207 914 2278 βαλεῖν
951 2207 1197 2262 δύναται.
1233 2207 1418 2258 Ταῦτα
1469 2205 1577 2275 γάρ
1629 2206 1727 2258 οὐκ
1765 2205 1880 2257 ἔστι

303 2299 657 2370 θανατηφόρα
682 2299 751 2352 τά
793 2299 944 2368 βέλη,
989 2298 1110 2352 ’τιίνν
1150 2298 1381 2369 σιδηρῶν
1420 2298 1642 2350 ἐκείνων
1682 2297 1882 2349 ἀκίδων

301 2388 715 2458 ἀπηλλαγμένα.
749 2389 936 2442 Ταῦτα
971 2387 1268 2458 ἀκηκοέναι
1303 2389 1330 2440 ὁ
1365 2386 1541 2456 μέγας
1577 2384 1682 2454 ἔφη
1716 2385 1880 2438 Ἀκά-

1985 1839 2038 1892 in
2073 1853 2182 1908 qua
2218 1840 2338 1908 ipse
2366 1855 2468 1895 ncc
2492 1841 2763 1910 perimere
2789 1847 2994 1910 potest,
3032 1853 3134 1892 nec
3167 1834 3353 1891 ferire.
3381 1831 3572 1899 Neque

1983 1931 2130 1984 enim
2175 1931 2363 1984 letalia
2403 1941 2534 1986 sunt
2572 1934 2684 1999 haec
2724 1933 2934 2002 jacula,
2979 1940 3040 1985 ut
3071 1943 3194 1999 qua:
3227 1925 3424 1982 ferreis
3462 1924 3582 1978 illis

1985 2032 2214 2075 careant
2247 2023 2480 2080 aculeis.
2516 2023 2643 2079 Haec
2675 2025 2744 2078 ab
2785 2024 2880 2078 illo
2923 2038 2986 2078 se
3031 2021 3314 2076 audivisse
3355 2016 3574 2072 diccbat

1987 2127 2218 2181 magnus
2263 2115 2537 2178 Aeacius.
2570 2116 2804 2186 ejusque
2853 2131 2914 2172 se
2944 2114 3280 2171 admiratum
3315 2124 3441 2167 esse
3486 2123 3574 2161 sa-

1990 2205 2255 2274 pientiam
2290 2206 2658 2276 bellicamque
2691 2209 2955 2263 virtutem
2986 2217 3040 2262 et
3077 2205 3357 2276 peritiam.
3390 2202 3576 2266 Quare

1990 2298 2099 2352 hoc
2149 2297 2319 2352 etiam
2373 2300 2523 2353 ’scire
2562 2301 2918 2369 cupientibus
2971 2306 3034 2352 ut
3065 2295 3437 2352 admiratione
3489 2290 3576 2344 di-

1989 2401 2155 2457 gnum
2179 2397 2236 2442 et
2263 2389 2624 2445 memorabile
2658 2389 2873 2460 1156
2903 2385 3397 2443 commemorabat.

301 2498 438 2541 κιος,
484 2484 576 2534 καὶ
627 2480 862 2549 ἄγασθαι
905 2481 1006 2550 τῆς
1058 2481 1271 2549 σοφίας,
1318 2480 1410 2532 καὶ
1453 2478 1549 2548 τὴν
1591 2476 1889 2549 πολεμικὴν
1925 2476 2216 2550 θαυμάσαισ
2241 2481 2496 2552 ἀνδρείαν
2530 2482 2696 2536 αὑτοῦ
2772 2482 2869 2535 κατ⁷
2915 2478 3230 2552 ἐμπειρίαν.
3288 2468 3364 2529 Οὔ
3414 2473 3580 2544 χάριν

298 2573 371 2635 ὡς
411 2570 738 2642 ἀξιὰγαστόν
777 2589 836 2625 τε
912 2573 1009 2626 καὶ
1058 2571 1557 2643 ἀξιομνημόνευτον
1595 2573 1706 2634 τοῖς
1749 2571 1925 2624 τοιάδε
2000 2574 2294 2644 μανθάνειν
2350 2577 2656 2648 ἐφιεμένοις
2706 2577 2801 2630 καὶ
2855 2575 2972 2629 τόδε
3024 2575 3332 2644 προσέφερε
3381 2568 3442 2621 τὸ
3492 2568 3585 2621 δι·-

299 2665 512 2734 ἥγημαι

371 2756 542 2809 Τοῦτο
580 2755 640 2810 τὸ
671 2755 828 2820 κλέος
873 2755 1040 2810 αὑτοῦ
1085 2753 1318 2809 πάντοθε
1367 2753 1580 2808 διαθέον
1627 2753 1878 2806 εἵλκυσεν

301 2850 547 2910 ἅπαντας
606 2849 744 2919 πρὸς
793 2849 958 2902 αὑτὸν
1021 2848 1148 2910 τοὺς
1204 2848 1304 2917 τῆς
1364 2846 1566 2917 ἀρετῆς
1619 2843 1874 2914 ἐραστάς.

314 2941 598 3007 ’Λφίκοντο
630 2939 687 2992 δέ
723 2940 818 2993 καὶ
847 2937 943 2991 τοῦ
975 2938 1254 2992 θειοτάτου
1294 2935 1584 2990 Ἰουλιανοῦ
1624 2936 1716 2989 τοῦ
1750 2952 1881 3006 πρε-

2013 2756 2024 2766 ’
2053 2753 2181 2808 Hac
2221 2753 2322 2807 viri
2352 2753 2527 2823 gloria
2553 2767 2678 2807 cum
2712 2752 2766 2805 in
2801 2750 3051 2806 omnium
3096 2765 3193 2806 ore
3234 2761 3582 2822 versaretur,

1983 2862 2178 2902 omnes
2218 2846 2441 2901 virtutis
2491 2845 2726 2915 cupidos
2752 2842 2819 2897 ad
2861 2844 3018 2897 illum
3056 2843 3335 2898 trahebat.
3399 2845 3576 2902 Vene-

1982 2945 2116 2990 runt
2147 2935 2344 3006 itaque.
2367 2935 2697 2990 divinissimi
2733 2949 2955 3004 quoque
3000 2931 3206 2988 J'uliani
3239 2935 3423 2996 senis,
3477 2949 3576 2988 cu-

305 3031 523 3094 σὸύτου,
576 3022 636 3082 οὗ
680 3028 915 3100 πρόσθεν
962 3028 1022 3080 τὸ
1066 3029 1309 3098 διήγημα
1344 3025 1730 3096 διεξήλθομεν,
1782 3025 1881 3094 τῆς

1989 3027 2078 3099 ius
2107 3027 2398 3082 historiam
2426 3027 2538 3095 jam
2570 3027 2937 3096 scripsimus,
2973 3027 3417 3095 praestantissimi
3453 3041 3576 3096 gre-

302 3123 532 3194 ἀρίστης
563 3124 583 3154 ⁸
616 3123 852 3192 ποίμνης
883 3123 930 3174 oi
973 3121 1164 3173 κτίλοι.
1211 3118 1427 3188 Ἐπειδὴ
1461 3117 1569 3188 γάρ
1617 3120 1644 3170 ὁ
1688 3115 1880 3170 θεσπέο

1989 3120 2071 3192 gis
2107 3121 2332 3175 arietes.
2369 3119 2668 3190 Postquam
2725 3119 2872 3174 enim
2925 3119 3148 3174 divinus
3192 3119 3271 3174 illi
3330 3121 3414 3173 vir
3461 3121 3588 3176 fato»

306 3229 418 3277 σιος
449 3215 655 3276 ἐκεῖνος
694 3212 834 3283 ἀνὴρ
868 3210 962 3264 τοῦ
991 3211 1105 3281 βίου
1136 3209 1198 3263 τὸ
1242 3210 1421 3279 τέρμα
1448 3206 1768 3262 καταλαϐὼν
1799 3210 1881 3270 είς

302 3307 400 3374 τὴν
443 3305 554 3358 ἄνω
600 3304 800 3376 μετέόη
845 3305 1021 3374 ζωὴν,
1073 3303 1328 3365 Ἰάκωϐος
1354 3302 1374 3332 ⁷
1425 3301 1454 3353 ὁ
1503 3302 1714 3372 Πέρσης
1741 3341 1753 3362 ,
1793 3299 1888 3352 κοιλ⁸

281 3467 284 3470 γ
316 3394 647 3468 Ἀγρίππας,
681 3397 730 3448 oi.
761 3399 860 3466 τῆς
903 3395 1106 3464 ἀγέλης
1140 3395 1353 3464 ἐκείνης
1401 3392 1718 3464 ἡγούμενοι,
1751 3391 1888 3462 πρὸς

304 3488 395 3540 τὸν
431 3487 605 3557 μέγαν
658 3487 916 3541 Εὐσέϐιον
975 3487 1228 3558 ἔδραμον,
1272 3485 1366 3539 τοῦ
1415 3483 1770 3556 ἡγεμονεύειν
1827 3483 1889 3536 τὸ

305 3579 487 3643 καλῶς
537 3578 765 3648 ἄγεσθαι
811 3579 1031 3649 ἄμεινον
1073 3581 1439 3650 ἡγησάμενοι.
1466 3577 1572 3632 Τοῦ
1613 3577 1669 3632 δὲ
1705 3573 1890 3630 Ἰακώ-

305 3673 423 3738 ϐου,
458 3664 518 3725 οὗ
552 3673 645 3726 καὶ
701 3671 938 3744 πρόσθεν
970 3671 1070 3743 ἤδη
1113 3674 1580 3743 ἀπεμνημόνευτα
1610 3673 1669 3722 ἐν
1715 3687 1890 3739 κεφα-

305 3762 440 3835 λαίῳ
473 3762 661 3816 τούτου
693 3761 872 3826 δείξας
905 3761 1002 3832 τὴν
1053 3762 1278 3834 ἀρετὴν,
1307 3762 1403 3816 καὶ
1432 3761 1527 3817 νῦν
1570 3762 1668 3832 τῆς
1714 3762 1891 3832 ἄκρας

307 3857 471 3910 αὑτοῦ
535 3854 856 3924 φιλοσοφίας
925 3855 1226 3926 τεκμήριον
1294 3855 1525 3925 ἐναργὲς
1597 3853 1886 3918 ἀποδείξω.

318 3947 544 4018 Ἐπειδὴ,
572 3947 681 4018 γὰρ
707 3949 736 4001 ὁ
758 3948 900 4010 θεῖος
924 3945 1185 4008 Εὐσέϐιος
1215 3945 1314 4015 τὴν
1351 3943 1598 3996 ἐντεῦθεν
1626 3944 1892 4013 ἐκδημίαν

308 4037 649 4105 ποιούμενος,
675 4038 836 4090 αὑτὸν
862 4037 954 4090 τοῦ
981 4036 1232 4106 ποιμνίου
1261 4036 1631 4104 παρηγγύησε
1657 4051 1892 4103 προστα-

307 4125 506 4191 τεύειν,
538 4127 633 4177 καὶ
677 4127 1113 4196 παραιτούμενος
1142 4126 1239 4196 τὴν
1272 4125 1595 4195 κηδεμονίαν
1625 4126 1751 4188 τοὺς
1779 4128 1878 4197 τῆς

309 4209 628 4286 ἐπιμελείας
659 4216 875 4286 ἐκείνης
905 4215 1228 4284 ἐφιεμένους
1264 4217 1364 4268 ούκ
1402 4215 1638 4281 ἔπειθεν,
1664 4218 1741 4280 εἰς
1772 4218 1890 4269 ἐτέ-

311 4327 410 4378 ραν
443 4306 900 4380 ᾧχετοποίμνην,
921 4306 1181 4378 νέμεσθαι
1217 4306 1474 4379 μᾶλλονῆ
1503 4306 1895 4378 νέμεινάίρού-

311 4418 493 4470 μενος,
531 4401 623 4454 καὶ
647 4400 836 4470 χρόνον
869 4399 1118 4453 πλεῖστον
1147 4399 1438 4470 ἐπιζήσας,
1462 4401 1602 4454 οὕτω
1629 4402 1777 4454 τόνδε
1800 4401 1890 4455 τὸν

1989 3213 2214 3268 functus
2237 3212 2306 3267 ad
2325 3227 2618 3283 supernam
2636 3213 2814 3267 vitam
2829 3211 3111 3282 migravit,
3131 3211 3572 3277 JacobusPersa,

1987 3314 2042 3359 et
2073 3305 2537 3375 Agrippa,grcgis
2559 3304 2712 3360 illius
2749 3305 3132 3376 prapositi,ad
3167 3319 3423 3375 magnum
3463 3307 3574 3361 Eu-

1989 3395 2222 3450 scbiunr
2243 3397 2635 3457 convolarunt,
2659 3406 2806 3452 recte
2835 3397 2950 3466 regi
2991 3396 3167 3450 satius
3194 3412 3360 3466 quam
3387 3412 3587 3465 roget-tr

1989 3488 2266 3544 arbitrati.
2299 3486 2492 3542 Jacobi
2515 3497 2724 3553 autem,
2749 3488 2912 3558 cujus
2940 3489 3103 3544 etiam
3129 3503 3294 3558 supra
3322 3489 3572 3549 memini,

1988 3596 2113 3636 cum
2132 3582 2256 3652 ejus
2280 3582 2539 3636 virtutem
2566 3581 2883 3636 summatim
2905 3581 3148 3644 Ostendi,
3183 3596 3332 3635 nunc
3353 3596 3586 3651 quoque'

1990 3690 2220 3730 summa:
2271 3673 2636 3745 philosophia:
2670 3672 2899 3728 evidens
2947 3673 3226 3744 proferam
3273 3687 3573 3742 argumen-

1989 3777 2126 3824 tum.
2187 3767 2326 3823 Nam
2379 3783 2504 3824 cum
2565 3767 2758 3823 abiens
2797 3783 2830 3822 e
2862 3767 2972 3821 vita
3024 3766 3248 3823 divinus
3303 3765 3588 3822 Eusebius

1991 3877 2227 3932 praeesse
2255 3862 2406 3915 illum
2431 3861 2582 3932 gregi
2623 3862 2906 3929 jussisset,
2957 3860 3456 3931 praefecturamque
3489 3877 3576 3916 re-

1991 3969 2195 4008 cusans
2231 3954 2300 4007 iis
2339 3967 2450 4007 non
2485 3953 2864 4021 persuaderet,
2895 3953 2986 4021 qui
3023 3952 3166 4007 hanc
3196 3953 3265 4008 ab
3297 3967 3364 4007 eo
3395 3953 3575 4007 susci-

1992 4045 2045 4114 pi
2088 4044 2402 4112 cupiebant,
2449 4044 2516 4096 ad
2555 4044 2722 4096 alium
2757 4059 2972 4112 gregem
3009 4059 3070 4099 se
3117 4044 3385 4107 contulit,
3421 4046 3582 4113 pasci

1993 4138 2204 4190 malens
2237 4150 2399 4204 quam
2444 4148 2691 4202 pascere,
2747 4135 2930 4202 ibique
2963 4144 3086 4204 post
3139 4135 3343 4192 multos
3389 4151 3574 4190 annos

1992 4230 2160 4284 vitam
2194 4227 2358 4280 finiit.
2392 4223 2650 4294 Suscepit
2687 4225 2920 4295 proinde
2961 4226 3343 4295 praefecturam
3367 4231 3383 4249 ’
3421 4228 3580 4280 illnnr

1992 4319 2260 4388 Agrippa,
2291 4317 2379 4371 vir
2417 4325 2531 4369 tum
2578 4315 2706 4370 aliis
2741 4315 2927 4370 multis
2961 4316 3262 4372 virtutibus
3303 4325 3584 4379 ornatus,

1992 4420 2109 4465 tum
2168 4411 2442 4480 prmeipue
2497 4409 2698 4462 anima:
2755 4407 3026 4478 puritate,
3085 4421 3188 4478 per
3235 4422 3399 4478 quam
3445 4425 3586 4462 cum

311 4494 422 4562 βίον
473 4494 756 4548 κατέλυσε.
828 4494 1142 4564 Διαδέχεται
1189 4496 1368 4548 τοίνυν
1439 4496 1538 4567 τὴν
1595 4496 1883 4566 ἠγεμονίαν

1993 4503 2233 4557 divinam
2282 4499 2749 4572 pulchritudinem
2805 4498 3026 4554 assidue
3079 4501 3583 4570 contemplaretur,

308 4585 524 4654 ἐκείνην
559 4586 891 4658 Ἀγρίππας,
922 4586 1060 4658 ἀνὴρ
1095 4588 1190 4642 καὶ
1234 4587 1416 4651 ἄλλοις
1449 4587 1658 4650 πολλοῖς
1705 4587 1892 4657 κομῶν

309 4674 567 4742 ἀγαθοῖς,
602 4677 967 4747 διαφερόντως
1001 4677 1056 4728 δέ
1087 4679 1152 4748 τῇ
1177 4678 1276 4748 τῆς
1309 4659 1491 4748 ψυχῆς
1534 4677 1886 4747 καθαρότητι,

309 4767 373 4821 δι’
399 4769 466 4840 ἢν
506 4771 601 4824 καὶ
642 4771 738 4824 τοῦ
769 4770 916 4823 θείου
954 4771 1181 4836 κάλλους
1204 4773 1303 4842 τὴν
1334 4773 1632 4841 φαντασίαν
1666 4772 1884 4843 δεχόμεο

305 4877 416 4925 νος,
455 4863 548 4914 καὶ
584 4860 662 4932 τῷ
686 4862 780 4915 τοῦ
803 4848 1006 4935 ἔρωτος
1031 4863 1243 4917 ἐκείνου
1283 4865 1474 4935 πυρσῷ
1507 4865 1889 4937 πυρπολούμε-

307 4968 394 5014 νος
429 4951 659 5022 δάκρυσι
689 4955 988 5026 κατέϐρεχε
1025 4955 1296 5026 διηνεκέσι
1329 4956 1426 5020 τὰς
1477 4958 1731 5027 παρείας.
1774 4959 1884 5011 Καὶ

306 5039 498 5092 τούτου
527 5041 583 5093 δέ
617 5042 710 5094 ἐπὶ
735 5045 912 5116 χρόνῳ
943 5047 1123 5118 πολλῴ
1150 5046 1248 5118 τὴν
1271 5045 1522 5115 ἔκκριτον
1547 5048 1762 5118 ἐκείνην
1789 5049 1883 5102 καὶ

309 5128 456 5182 θείαν
490 5129 728 5202 ποίμνην
769 5135 1008 5206 ἐννόμως
1057 5138 1442 5208 ποιμάναντος,
1478 5133 1597 5191 εἷτα
1646 5140 1735 5192 τὸν
1769 5139 1883 5209 βίον

307 5221 718 5291 ὑπεξελθόντος,
759 5226 995 5300 Δαυίδης
1038 5232 1067 5284 ὁ
1107 5229 1270 5295 θεῖος,
1309 5226 1369 5286 οὗ
1401 5230 1556 5299 κάγὼ
1605 5231 1705 5301 τῆς
1757 5232 1885 5295 θέας

381 5355 398 5407 ἱ
441 5357 662 5415 Coloss.
701 5377 784 5428 in,
824 5360 876 5420 5.

1995 4605 2048 4650 et
2081 4595 2232 4649 illius
2271 4609 2474 4648 amore-
2497 4593 2774 4662 ﬂagraret.
2799 4592 3076 4662 perpetuis
3117 4593 3374 4664 lacrymis
3403 4607 3586 4662 genasi

1993 4687 2228 4758 rigabat.
2261 4685 2375 4741 lioc
2399 4697 2603 4748 autem,
2629 4700 2752 4739 cum
2775 4684 3015 4739 electum
3054 4685 3206 4740 illum
3237 4693 3292 4740 et
3321 4685 3582 4740 divinum-

1992 4793 2210 4849 gregem
2242 4789 2392 4832 recte
2423 4778 2584 4848 longo
2615 4785 2863 4846 tempore
2897 4779 3174 4846 pavissct,
3209 4777 3320 4830 vita
3355 4774 3584 4838 funczo,

1991 4871 2213 4924 divinus
2253 4869 2519 4932 Davides,
2551 4869 2713 4938 cujus
2753 4877 2980 4937 aspectu
3013 4867 3145 4922 mihi
3188 4881 3408 4938 quoque
3459 4865 3582 4920 frni‘

1991 4963 2250 5031 contigit,
2277 4955 2621 5031 praefectura:
2648 4961 2951 5017 successit:
2973 4961 3057 5014 vir
3079 4961 3170 5028 qui
3204 4973 3388 5015 revera
3414 4959 3582 5026 juxtm

1997 5053 2208 5123 1157
2245 5053 2490 5107 divinum
2538 5053 2895 5122 Apostolum',
2929 5051 3360 5106 mortificaverat
3402 5066 3584 5104 metnv

1993 5146 2088 5200 bra
2123 5162 2245 5216 qua:
2273 5155 2401 5201 sunt
2436 5161 2602 5214 super
2632 5154 2833 5199 terram
2863 5142 2906 5197 i.
2943 5143 3180 5198 Tantum
3207 5144 3354 5199 enim
3389 5145 3588 5213 profc-w

1995 5247 2144 5292 ccrat
2174 5253 2240 5292 ex
2281 5236 2536 5292 doctrina
2574 5235 2753 5304 magni
2813 5234 3074 5301 Eusebii,
3109 5243 3167 5290 ut
3221 5250 3346 5290 eum
3395 5250 3586 5288 annos-

1603 5497 1837 5552 VARIIE
1881 5499 2285 5558 LECTIONES.

386 5581 487 5668 “.ln
516 5588 730 5670 llet'vcti
757 5590 1028 5671 COdit‘c‘St
1049 5591 1253 5671 ripturn
1287 5591 1456 5671 fuisse
1487 5593 1704 5671 videtur
1735 5593 1824 5671 :_oi
1853 5594 1950 5671 τῆς
1974 5595 2202 5671 ἀρίστης
2233 5596 2467 5671 ποίμνης
2495 5596 2830 5671 ἡγούμενοι)
2873 5599 3295 5670 namque'vertit
3325 5619 3338 5657 :
3368 5601 3461 5671 qui
3491 5612 3577 5664 ορ·

315 5657 429 5713 timi
449 5663 618 5731 gregis
649 5671 798 5714 erant
828 5643 1121 5729 pra‘fecli.‘
1160 5662 1177 5693 ⁷
1201 5659 1345 5725 Haec,
1373 5643 2940 5735 ζίάκίυῆξᾷς
