3974 6212
420 305 552 374 ιδιτ

1405 307 1893 371 TllEODORETI
1925 311 2261 373 EPISCOPI
2300 313 2666 381 CYRENSIS

3559 325 3697 389 1348

416 423 662 493 quinque
691 429 739 476 et
778 418 1146 492 quadraginta
1195 418 1368 491 egerit
1414 421 1467 473 in
1509 423 1604 476 illo
1642 424 1982 478 monasterio

2113 425 2425 494 ἀπήλευσα,
2463 430 2562 496 τὴν
2605 433 2902 502 ἠγεμονίαν
2938 434 3269 504 παρέλαϐεν,
3313 437 3452 508 ἀνὴρ
3496 447 3697 512 νεκρὼ-

417 523 592 568 totum
633 514 766 567 illud
796 523 1019 583 tempus
1065 513 1158 566 irze
1199 521 1255 567 et
1287 515 1764 570 excandescentia:
1795 531 2002 569 vacuus

415 608 746 671 traduxerit,
788 619 894 659 nec
929 613 1053 674 post
1078 614 1396 675 susceptam
1430 605 1812 676 praefecturam
1846 608 2000 661 illum

413 700 710 768 quisquam
784 698 854 751 ab
915 697 1018 751 hac
1083 697 1254 752 animi
1312 699 1734 768 perturbatione
1797 701 1998 753 \‘it‘tltnl

415 805 660 860 unquam
693 788 922 853 viderit;
960 787 1127 860 idque
1161 804 1314 854 cum,
1349 797 1408 844 ut
1440 790 1664 846 credere
1699 802 1802 857 est,
1833 791 1999 845 μίτοι·-

414 892 538 936 rent
588 897 648 936 se
686 881 900 935 infinita
955 895 1078 950 qua:
1131 889 1415 950 cogerent.
1468 881 1703 936 Centum
1755 885 1898 936 enim
1947 893 2000 937 et

413 973 814 1044 quinquaginta
873 987 1110 1027 numero
1165 973 1271 1027 sub
1319 973 1467 1028 illius
1527 974 1751 1028 dextera
1805 992 2000 1046 pasce-

413 1065 640 1127 bantur,
681 1065 934 1119 nonnulli
969 1065 1188 1134 quidem
1240 1066 1534 1118 excellenti
1572 1065 1775 1120 virtute
1827 1070 1999 1122 cude-

415 1167 554 1212 stem
585 1157 755 1209 vitam
789 1155 1150 1219 :emulantes,
1187 1155 1281 1208 alii
1330 1171 1460 1209 vero
1514 1157 1998 1214 succresrcmibus

415 1249 596 1304 adhuc
629 1247 826 1318 pennis
859 1255 1063 1302 terram
1100 1247 1387 1301 transilire
1429 1256 1482 1300 et
1516 1248 1874 1316 supervolare
1904 1249 2000 1300 do-

414 1341 703 1394 cebantur.
747 1338 810 1394 Et
856 1347 1081 1404 tamen,
1125 1354 1251 1392 cum
1306 1346 1386 1392 tot
1431 1348 1620 1394 essent
1667 1340 1761 1410 qui
1812 1339 1998 1394 divina

413 1430 781 1490 docebantur.
817 1445 882 1485 ac
907 1445 1308 1500 nonnunquam
1341 1430 1482 1483 haud
1516 1430 1681 1485 dubie
1712 1431 1988 1499 delinque-

411 1529 560 1586 rent,
597 1537 721 1574 cum
759 1519 876 1574 fieri
915 1519 1004 1573 vix
1039 1520 1240 1589 possit,
1277 1525 1338 1572 ut
1389 1519 1480 1587 qui
1527 1534 1706 1588 nuper
1741 1520 1882 1572 venit
1944 1519 1995 1572 in

411 1613 673 1667 omnibus
709 1621 860 1666 recte
896 1626 955 1666 se
983 1618 1161 1681 gerat,
1198 1611 1501 1665 immobilis
1536 1611 1743 1665 mansit
1789 1612 1872 1664 vir
1909 1611 1998 1665 d2-

409 1704 594 1766 vinus.
627 1713 891 1772 tanquam
917 1703 1168 1772 corporis
1204 1719 1426 1772 expers,
1462 1718 1565 1758 nec
1593 1719 1718 1758 eum
1757 1703 1823 1758 ad
1854 1703 1993 1758 iram

410 1795 635 1850 occasio
664 1795 774 1848 ulla
816 1795 1110 1865 pertraxit.

2118 534 2218 580 σας
2247 519 2324 589 τῷ
2355 520 2486 586 om,
2521 524 2659 577 κατά
2692 525 2781 576 τὸν
2817 524 2958 579 θεῖον
2985 515 3336 591 Ἃπόστο).ον,
3367 531 3432 582 τὰ
3464 531 3600 601 μέλη
3629 536 3699 588 τε

2113 607 2206 659 ἐπὶ
2240 609 2340 678 τῆς
2381 611 2505 681 γῆς.
2552 613 2818 668 Τοσοῦτον
2858 616 2969 688 γὰρ
3012 617 3266 672 ἀπώνατο
3296 621 3395 691 τῆς
3436 623 3699 678 Εὑσεὸίου

2110 700 2206 752 τοῦ
2240 703 2480 772 μεγάλου
2529 705 2880 770 διδασκαλίας
2903 750 2918 773 ,
2949 709 3026 772 ὡς
3081 711 3244 765 πέντε
3283 715 3390 766 ’καὶ
3430 717 3701 786 τεσσαράο

2111 809 2277 847 κοντα
2322 793 2419 864 ἔτη
2470 796 2528 848 ὲν
2584 791 2778 869 ἐκείνῴ
2829 800 2908 870 τῷ
2941 807 3347 875 φροντιστηρίῳ
3391 808 3696 878 διαγαγεῖν,

2111 883 2283 954 θυμοῦ
2320 886 2376 939 δὲ
2419 889 2614 959 χωρὶς
2639 892 2733 942 καὶ
2763 891 2933 965 ὀργῆς
2975 895 3154 949 πάντα
3185 897 3374 952 τοῦτον
3411 899 3703 958 διαϐιῶναι

2112 977 2204 1030 τὸν
2232 980 2426 1048 χρόνον
2451 996 2464 1009 θ
2495 981 2616 1034 οὐδὲ
2647 982 2756 1054 γὰρ
2787 985 2928 1053 μετά
2971 986 3072 1057 τὴν
3100 988 3399 1058 ἡγεμονίαν
3425 992 3704 1047 ἐθεάσατό

2119 1083 2202 1130 τις
2226 1069 2388 1121 αὐτὸν
2419 1071 2640 1125 πώποτε
2670 1074 2821 1128 τοῦδε
2851 1075 2944 1129 τοῦ
2977 1078 3184 1143 πάθους
3222 1081 3533 1152 ἡττώμενον
3556 1101 3574 1118 ο
3602 1088 3706 1140 καὶ

2112 1161 2283 1212 ταῦτα
2309 1163 2542 1233 μυρίων,
2566 1164 2640 1228 ὼς
2669 1167 2838 1231 είκος,
2865 1168 3308 1238 ἀναγκαζόντων.
3340 1175 3567 1246 Ἀνδρες
3589 1180 3705 1250 γάρ

2109 1256 2450 1324 πεντήκοντα
2482 1257 2576 1309 καὶ
2607 1259 2802 1311 ἑκατὸν
2827 1261 2931 1313 sua
2957 1261 3058 1330 τῆς
3086 1263 3299 1318 ἐκείνου
3333 1266 3512 1331 δεξιοῖς
3544 1271 3708 1323 saw

2111 1345 2386 1414 μαίνοντο,
2432 1349 2482 1400 οἱ
2525 1349 2622 1419 μὲν
2657 1349 2818 1421 ἄκροι
2851 1351 2952 1423 τὴν
2985 1354 3188 1426 ἀρετὴν
3211 1397 3226 1419 ,
3262 1359 3354 1410 καὶ
3385 1359 3484 1430 τὴν
3511 1361 3575 1414 ἐν
3604 1363 3705 1414 οὐ-

2109 1436 2258 1505 ρανῷ
2310 1437 2592 1492 πολιτείαν
2630 1441 2986 1512 μιμούμενοι,
3014 1447 3062 1497 οἱ
3102 1445 3158 1498 δὲ
3216 1447 3340 1517 ἄρτι
3381 1455 3706 1523 πτεροφυή-

2109 1544 2326 1593 σαντες,
2360 1532 2455 1584 καὶ
2501 1532 2600 1604 τὴν
2643 1533 2748 1605 γῆν
2801 1535 3238 1606 ύπερϐάλλεσθαί
3297 1559 3355 1594 τε
3383 1543 3478 1596 καὶ
3523 1545 3706 1615 ὑπερ-

2108 1619 2367 1674 πέτεσθαι
2419 1623 2825 1697 διδασκόμενοι.
2881 1629 3026 1683 Ἀλλ’
3080 1631 3231 1704 ὅμως
3285 1635 3380 1689 καὶ
3419 1636 3706 1689 τοσούτων

2106 1712 2218 1764 τῶν
2246 1714 2315 1766 τά
2345 1714 2462 1770 θεῖα
2488 1709 3040 1791 παιδευομένων,καί
3077 1741 3131 1778 τι
3182 1728 3280 1780 καὶ
3324 1728 3706 1800 παραϐαινόνο

2027 1790 2064 1843 Β
2097 1821 2226 1868 των,
2260 1806 2336 1871 ὡς
2372 1810 2538 1876 εἰκὸς,
2567 1812 2689 1865 οὐδὲ
2733 1813 2842 1885 γὰρ
2869 1814 2960 1868 τὸν
2998 1815 3123 1888 ἄρτι
3152 1818 3425 1886 φοιτῶντα
3477 1837 3693 1890 κατορ-

413 1885 540 1939 θοῦν
600 1887 822 1941 ἅπαντα
889 1887 1110 1958 ῥᾴδιον,
1171 1887 1364 1958 ἔμενεν
1410 1886 1710 1958 ἀκίνητος,
1765 1884 1854 1941 οἶά
1916 1905 2000 1954 τις
2072 1899 2385 1973 ἀσώματος,
2437 1907 2466 1958 δ
2526 1906 2668 1972 θεῖος
2717 1911 2926 1974 ἐκεῖνος
2977 1912 3147 1984 ἀνὴρ,
3196 1911 3453 1986 οὐδεμιᾶς
3529 1915 3706 1970 αὑτὸν

412 1978 738 2050 προφάσεως
769 1979 848 2040 εἰς
873 1978 1045 2050 ὀργὴν
1075 1977 1420 2049 ἐγειρούσης.

480 2071 640 2138 Quod
672 2087 775 2141 ego
810 2087 922 2126 non
967 2071 1256 2126 auditione
1297 2081 1512 2132 tantum
1544 2075 1750 2144 accepi,
1795 2078 1888 2131 sed
1941 2091 2002 2132 re

408 2160 574 2212 etiam
635 2157 756 2230 ipsa
803 2174 928 2215 sum
987 2167 1271 2230 expertus.
1336 2160 1471 2216 Nam
1525 2178 1648 2217 cum
1697 2166 1998 2236 aliquando

411 2249 622 2304 visendi
655 2250 803 2304 illius
827 2249 1011 2320 gregis
1047 2249 1288 2321 cupidus
1313 2267 1380 2306 eo
1410 2268 1497 2306 me
1529 2269 1654 2307 eum
1687 2257 1813 2310 aliis
1843 2259 1994 2327 ejus-

408 2342 531 2394 dem
568 2356 780 2395 mecum
821 2341 1066 2396 instituti
1097 2343 1396 2398 comitibus
1426 2345 1822 2412 contulissem,
1857 2349 2000 2405 intc-

407 2447 561 2502 gram
621 2431 1017 2487 hcbdomadem
1082 2432 1228 2502 apud
1289 2433 1540 2488 divinum
1604 2437 1759 2491 illum
1817 2441 1996 2496 virum

408 2523 690 2594 degentes,
727 2524 936 2578 vultum
960 2523 1084 2593 ejus
1115 2524 1534 2583 observavimus
1568 2530 1721 2584 nulla
1765 2546 1995 2600 prorsus

409 2615 710 2670 mutatione
737 2613 898 2681 allici,
933 2631 1036 2671 nec
1071 2615 1235 2670 modo
1269 2616 1460 2671 laetitia
1503 2618 1781 2687 diffundi,
1835 2623 1997 2678 modo

407 2708 631 2762 tristitia
683 2706 973 2773 contrahi,
1026 2707 1336 2779 oculosque
1389 2709 1672 2774 similiter,
1713 2728 1820 2768 non
1858 2715 1996 2771 alias

407 2807 599 2854 torvos
637 2814 783 2864 esse,
825 2799 964 2855 alias
1004 2799 1232 2862 hilares,
1284 2800 1376 2855 sed
1428 2802 1482 2856 in
1531 2803 1722 2857 eodem
1775 2817 1997 2877 semper

404 2891 589 2944 decori
630 2900 780 2946 statu
815 2891 1146 2948 consistere.
1179 2889 1320 2946 Sunt
1359 2904 1543 2949 autem
1587 2897 1639 2950 bi
1671 2915 1892 2969 quoque
1927 2902 1991 2956 ad

404 2983 756 3037 indicandam
823 2983 995 3038 animi
1073 2984 1538 3055 tranquillitatem
1609 2987 1811 3044 idonei.
1879 2991 1985 3055 Sed

403 3074 684 3129 existimet
723 3073 960 3129 fortasse
1015 3074 1330 3144 quispiam,
1367 3075 1492 3130 ideo
1527 3079 1690 3133 talem
1733 3095 1856 3136 esse
1902 3085 1984 3137 vi-

2169 2079 2342 2134 Τοῦτο
2371 2083 2428 2136 δὲ
2469 2083 2570 2138 οὐκ
2605 2086 2739 2156 ἀκοῇ
2784 2086 2965 2158 μόνον,
3010 2088 3146 2143 ἀλλὰ
3184 2091 3280 2144 καὶ
3327 2093 3493 2166 πείρα
3533 2115 3703 2168 παρ-

2101 2173 2316 2229 ἐλασον.
2351 2175 2734 2248 Ἐπιθυμήσας
2789 2179 2900 2252 γάρ
2933 2198 3063 2234 ποτε
3092 2182 3190 2252 τὴν
3225 2185 3428 2254 ἀγέλην
3472 2189 3702 2260 ἐκείνην

2100 2264 2424 2329 θεάσασθαι,
2462 2269 2742 2340 ἀφικόμην
2780 2271 3070 2340 κοινωνοὺς
3095 2273 3234 2342 ἔχων
3255 2277 3352 2344 τῆς
3381 2276 3704 2350 ἀπώημὲας

2097 2357 2191 2410 καὶ
2247 2357 2444 2422 ἄλλους
2499 2361 2590 2413 τὸν
2661 2361 2826 2415 αὐτόν
2894 2379 2989 2435 μοι
3055 2365 3171 2436 βίον
3241 2369 3697 2440 ἀσπαζομένους.

2100 2449 2352 2503 Ἀπαντα
2402 2450 2584 2506 τοίνυν
2631 2453 2732 2524 τῆς
2791 2454 3087 2526 ἑϐδομάδος
3132 2458 3224 2512 τὸν
3284 2460 3486 2514 κύκλον
3540 2467 3700 2536 παρὰ

2095 2541 2230 2612 τῷδε
2265 2543 2344 2614 τῷ
2385 2543 2516 2614 θείῳ
2553 2546 2860 2615 διάγοντες,
2883 2548 3169 2621 ἐθεώμεθα
3209 2552 3508 2623 πρόσωπον
3540 2557 3696 2610 οὐδεσ

2097 2631 2230 2700 μίαν
2273 2634 2582 2706 μεταϐολὴν
2617 2637 2928 2710 δεχόμενον,
2966 2641 3088 2696 οὐδὲ
3127 2641 3356 2714 νῠνμὲν
3399 2645 3696 2718 διαχεόμεο

2094 2741 2207 2788 νον,
2233 2725 2330 2778 νῦν
2358 2725 2414 2779 δὲ
2443 2726 2862 2800 σκυθρωπότητι
2891 2733 3284 2804 συναγόμενον,
3317 2736 3415 2790 καὶ
3438 2737 3504 2791 τὸ
3525 2738 3693 2810 Epp:

2091 2813 2149 2868 δέ
2187 2831 2249 2884 γε
2276 2814 2540 2880 ὡσαύτως
2561 2819 2660 2872 οὐκ
2694 2819 2884 2875 ἄλλοτε
2925 2822 3024 2892 μὲν
3069 2822 3350 2896 βλοσυρὸν,
3390 2830 3694 2897 χαροποιδν

2091 2907 2148 2960 δὲ
2179 2907 2390 2970 ἄλλοτε,
2431 2909 2549 2962 ἀλλ’
2589 2911 2686 2964 ἐπὶ
2716 2912 2814 2984 τῆς
2849 2914 3022 2983 αὐτῆς
3074 2916 3162 2970 ἀεὶ
3205 2917 3333 2982 τοὺς
3361 2919 3692 2989 ὀφθαλμοὺς

2099 2998 2360 3067 μένοντας
2389 2999 2709 3073 εὐκοσμίας.
2748 3005 2947 3060 ἰκανοὶ
2969 3007 3026 3060 δὲ
3057 3007 3152 3061 καὶ
3184 3003 3329 3063 οὗτοι
3365 3014 3688 3083 τεκμηριῶ-

2097 3107 2187 3144 σαι
2213 3091 2314 3159 τῆς
2343 3090 2525 3164 ψυχῆς
2553 3094 2654 3166 τὴν
2700 3096 2966 3170 γαλήνην.
3027 3099 3169 3153 Ἀλλ’
3204 3103 3352 3165 είκός
3396 3121 3549 3167 τινας
3593 3118 3696 3158 vo-

405 3181 556 3226 sum.
598 3166 746 3236 quod
783 3165 933 3220 nulla
979 3181 1104 3220 eum
1159 3181 1332 3222 causa
1374 3180 1766 3226 commoveret.
1803 3173 1986 3240 Quare

2097 3181 2252 3250 μίσαι
2303 3182 2544 3237 τοιοῦτον
2595 3186 2760 3240 αὑτὸν
2799 3189 3078 3260 ἑωρᾶσθαι
3130 3193 3398 3262 μηδεμιᾶς
3431 3209 3696 3262 πικρακι⁶

402 3257 535 3328 quid
567 3265 700 3311 tunc
733 3257 898 3312 nobis
940 3257 1309 3327 praesentibus
1349 3259 1625 3314 acciderit
1668 3267 1986 3319 necessario

2091 3274 2290 3342 νούσης
2333 3277 2534 3341 αίτίας.
2563 3274 2637 3335 Ob
2679 3280 2865 3334 εἵνεκα
2912 3283 3283 3353 διηγήσασθαί
3315 3302 3365 3338 τι
3423 3284 3691 3340 τοιοῦτον

402 3346 788 3418 exponendum
837 3355 945 3402 est.
999 3345 1231 3402 Sederat
1291 3349 1509 3420 1158
1561 3351 1849 3408 nobiscum
1906 3357 1988 3408 vir

402 3440 646 3507 divinus,
672 3439 742 3496 de
773 3440 1122 3514 philosophia
1165 3441 1331 3496 verba
1360 3441 1595 3509 faciens,
1623 3453 1678 3499 et
1709 3463 1982 3501 summam

401 3533 733 3605 evangelica:
784 3532 1130 3604 disciplinaa‘
1177 3532 1388 3603 apicem
1444 3521 1805 3606 investigans.
1846 3537 1983 3591 Dum

403 3625 743 3680 haberentur
799 3623 1123 3694 liujnsmodi
1174 3639 1482 3690 sermones,
1535 3625 1824 3696 Olympius
1859 3631 1983 3698 qni-

401 3717 548 3780 dam,
571 3731 770 3787 genere
788 3714 1090 3779 Romanus,
1113 3715 1359 3771 moribus
1381 3723 1435 3771 et
1461 3717 1581 3786 ipse
1605 3719 1982 3786 admirandus,

402 3807 808 3876 sai-erdotiique
835 3807 1046 3861 ltonore
1074 3806 1360 3874 praeditus,
1392 3818 1442 3862 et
1471 3809 1814 3878 praefectum
1839 3813 1985 3868 illius

402 3896 676 3950 secundas
733 3905 918 3966 partes
977 3913 1198 3967 gerens,
1253 3897 1322 3951 ad
1385 3915 1485 3954 nos
1530 3901 1702 3964 venit,
1735 3902 1981 3956 divinum

403 3985 664 4040 Dav-idem
695 3986 806 4038 alta
837 4001 972 4041 voce
1011 3986 1332 4057 increpans,
1377 3995 1432 4042 et
1478 4003 1771 4046 commune
1830 3992 1984 4046 dam-

401 4095 532 4132 nqu
593 4078 876 4132 lenitatem
941 4079 1087 4133 illam
1139 4080 1450 4150 appellans,
1502 4083 1984 4155 perniciosamquo

398 4169 660 4223 oninibus
734 4183 860 4223 esse
917 4168 1110 4225 dicens
1165 4170 1289 4238 ejus
1349 4173 1870 4235 mansuetudinem,
1927 4185 1982 4229 et

399 4260 694 4314 amentiam
747 4245 865 4315 non,
909 4261 1239 4316 modestiam
1285 4277 1555 4318 summam
1586 4266 1736 4319 illam
1771 4281 1980 4323 vocans

2098 3366 2316 3436 συμϐὰν
2349 3369 2434 3437 ἐφ’
2462 3370 2620 3440 ἡμῶν
2657 3371 3057 3443 ἀναγκάζομαι.
3092 3375 3350 3445 Καθῆστο
3371 3394 3436 3428 τις
3449 3376 3492 3447 ρ’
3516 3378 3696 3446 ἡμᾶς

2088 3458 2116 3509 ὁ
2148 3458 2292 3522 θεῖος
2345 3461 2552 3524 ἐκεῖνος
2585 3462 2746 3534 ἀνὴρ,
2788 3465 2915 3528 τοὺς
2947 3467 3077 3537 περὶ
3124 3467 3444 3536 φιλοσοφίας
3481 3468 3695 3536 λόγους

2088 3552 2378 3619 ἀνακινῶν,
2413 3555 2634 3623 καὶτῆς
2667 3556 3035 3628 εὑαγγελικῆς
3076 3559 3355 3624 πολιτείας
3399 3560 3459 3612 τὸ
3507 3562 3695 3632 ἄκρον

2088 3641 2383 3711 ἐπιζητῶν.
2424 3645 2696 3698 Τοιούτων
2748 3648 2805 3700 δὲ
2846 3648 3059 3716 μεταξὺ
3111 3652 3420 3720 γινομένων
3473 3652 3692 3719 λόγων,

2101 3732 2398 3804 Ὀλύμπιός
2447 3737 2470 3769 ⁸
2507 3755 2611 3800 τις,
2662 3744 2724 3793 τὸ
2777 3741 2878 3809 μὲν
2927 3742 3085 3810 γένος
3131 3745 3422 3814 Ῥωμαῖος,
3473 3745 3563 3799 τὸν
3627 3747 3696 3802 δὲ

2083 3824 2286 3896 τρόπον
2329 3829 2424 3881 καὶ
2468 3830 2630 3892 αὐτὸς
2674 3831 3332 3906 ἀξιάγαστος.’ίερωσύνῃ
3373 3839 3698 3908 τετιμημέ-

2084 3932 2193 3978 νος,
2216 3919 2310 3970 καὶ
2331 3919 2431 3988 τῆς
2457 3921 2755 3991 ἡγεμονίας
2781 3924 2997 3995 ἐκείνης
3019 3925 3087 3979 τὰ
3106 3925 3334 3995 δεύτερα
3363 3932 3692 3998 περιέπων,

2081 4002 2186 4078 ἧκε
2233 4012 2364 4080 παρ’
2419 4012 2586 4082 ἡμᾶς,
2627 4010 2721 4066 τοῦ
2765 4012 2909 4066 θείου
2959 4016 3184 4069 Δαυΐδου
3225 4017 3536 4082 καταϐοῶν,
3585 4019 3698 4073 καὶ

2084 4097 2267 4168 λώϐην
2300 4099 2485 4172 κοινὴν
2515 4103 2614 4170 τὴν
2657 4104 2960 4159 ἐπιείκειαν
2992 4105 3275 4177 ὀνομάζων
3305 4108 3549 4179 ἐκείνην,
3585 4113 3702 4165 καὶ

2081 4189 2441 4260 λυμαίνεσθαι
2475 4197 2641 4248 πᾶσιν
2674 4197 2844 4250 αὐτοῦ
2887 4197 2988 4269 τὴν
3032 4201 3313 4272 πραότητα
3343 4201 3542 4270 λέγων,
3591 4207 3706 4259 καὶ

2079 4281 2265 4335 ἄνοιαν
2291 4284 2406 4337 ἀλλ’
2437 4286 2538 4340 οὐκ
2571 4287 2874 4342 ἐπιείκειαν
2916 4291 3016 4361 τὴν
3043 4292 3220 4363 ἄκραν
3269 4294 3496 4364 ἐκείνην
3515 4299 3702 4363 aulo.

398 4351 824 4421 philosOphiam.
876 4350 974 4407 llle
1023 4363 1231 4415 autem.
1289 4356 1434 4410 velut
1475 4357 1714 4410 animam
1769 4358 1979 4415 habens

2096 4376 2276 4444 τοφίαν
2321 4377 2524 4431 καλῶν.
2568 4379 2628 4432 '0
2684 4380 2774 4448 δὲ,
2820 4350 3074 4455 καθάπερ
3107 4350 3480 4455 ἀδαμαντίνην

397 4442 835 4506 adamantinam,
865 4444 1032 4498 verba
1076 4445 1169 4499 illa
1204 4447 1285 4502 sic
1338 4447 1592 4516 accepit,
1635 4459 1694 4502 ut
1739 4450 1810 4504 iis
1857 4468 1978 4520 qine

2096 4465 2175 4535 :i';v
2204 4467 2402 4538 ψυχὴν,
2439 4467 2652 4539 ἐδέχετο
2686 4472 2786 4541 μὲν
2819 4475 2948 4534 τοὺς
2990 4474 3203 4542 λόγους,
3242 4477 3342 4529 οὐκ
3390 4479 3710 4534 ἐκεντείτο

396 4548 642 4604 pungere
683 4543 880 4590 natura
927 4550 1025 4590 sua
1084 4539 1265 4592 solent
1321 4539 1551 4595 minime
1617 4552 1972 4612 pungeretur.

2096 4559 2134 4612 Ξὲ
2161 4560 2265 4612 ὑπὸ
2293 4560 2401 4614 τῶν
2433 4565 2644 4614 κεντεῖν
2670 4565 3024 4633 πεφυκότωνο
3058 4567 3177 4620 οὐδὲ
3215 4569 3602 4638 μετεϐάλλετο
3635 4577 3706 4628 τὺ

398 4628 586 4697 itaque
619 4628 824 4683 vultum
876 4643 984 4682 non
1028 4632 1292 4696 mutavit,
1332 4646 1432 4686 nec
1483 4632 1800 4688 institutum
1859 4652 1978 4690 ser-

2096 4650 2394 4719 πρόσωπον,
2442 4651 2565 4704 οὐδὲ
2614 4651 2714 4724 τὴν
2756 4628 3144 4728 *προκειμένην
3195 4628 3342 4727 ἰξφίει
3398 4659 3706 4734 διάλεξιν,

2071 4739 2207 4794 ἀλλά
2238 4741 2378 4809 μετά
2407 4742 2642 4813 πραείας
2667 4745 2871 4815 φωνῆς,
2896 4748 2992 4799 καί⁸
3021 4747 3195 4817 λόγων
3217 4751 3318 4819 τὴν
3355 4751 3458 4820 τῆς
3479 4751 3709 4827 ψυχῆς

2075 4831 2386 4903 μηνυόντων
2415 4833 2662 4904 αίθρίαν,
2688 4835 2794 4915 τὸν.
2817 4838 3128 4911 πρεσϐύτην
3165 4841 3375 4893 ἐκεῖνον
3403 4843 3712 4920 desim“-

2069 4925 2159 4993 ψε.
2208 4925 2543 4995 παρακαλῶν
2585 4927 2750 4981 αὐτὸν
2802 4928 3199 5002 ἐπιμεληθῆναι
3257 4925 3335 4986 ὧν
3381 4933 3712 5002 βούλεται.

2013 5061 2016 5064 .
2079 5035 2094 5068 ι
2139 5013 2281 5084 Ἐγὼ
2325 5017 2405 5078 δὲ,
2453 5017 2580 5089 ἔφη,
2629 5021 2742 5082 τοῖς
2795 5020 2934 5092 πρὸς
2975 5023 3125 5092 ἡμᾶς
3188 5023 3559 5092 ἀφιγμένοις,
3617 5031 3716 5094 ὡς

2068 5107 2222 5177 ὁρᾷς,
2264 5107 2607 5178 διαλέγομαι,
2640 5111 2946 5180 ἀναγκαίαν
2985 5108 3127 5166 εἶναι
3173 5096 3410 5185 νομίζων
3449 5118 3716 5188 ταύτην

2067 5198 2165 5267 τὴν
2207 5197 2527 5271 θεραπείαν.
2553 5219 2573 5252 ι
2612 5201 2735 5264 Πῶς
2765 5201 2832 5254 ἄν
2862 5218 2945 5266 τις
2972 5203 3198 5272 ἄμεινον
3251 5207 3514 5274 ἐπιδείξαι
3583 5217 3716 5286 τῆς

2065 5288 2245 5362 ψυχῆς
2303 5291 2405 5362 τὴν
2471 5294 2796 5364 πραότητα;
2851 5295 2956 5348 Τὸν
3006 5296 3117 5368 γὰρ
3163 5299 3262 5370 τὴν
3314 5307 3718 5369 προστασίαν

2066 5381 2282 5452 ἐκείνην
2315 5386 2772 5456 πεπιστευμένον,
2804 5387 3062 5459 τοιαύτην
3093 5390 3198 5444 ὑπὸ
3238 5388 3330 5444 τοῦ
3366 5391 3442 5446 τὰ
3471 5393 3716 5456 δευτες

2072 5475 2189 5543 ρεῖα
2234 5473 2445 5543 ἔχοντος
2477 5475 2730 5540 δέξασθαι
2765 5480 3070 5548 παροινίαν,
3107 5481 3343 5552 μάλιστα
3375 5482 3438 5537 δὲ
3483 5485 3714 5550 ξένων

2074 5565 2378 5635 παρόντων,
2411 5567 2503 5620 καὶ
2533 5567 2627 5638 τῆς
2653 5567 2917 5641 λοιδορίας
2950 5571 3339 5642 ἀκροωμένων,
3366 5575 3459 5626 καὶ
3486 5581 3718 5650 gul-{25-

1655 5701 1742 5754 VA
1752 5699 1887 5755 [ιἰῶ
1927 5697 2317 5756 ιειῖτιοδιιςδ.

399 4736 616 4776 mouent
667 4721 912 4790 abrupit,
965 4720 1062 4776 sed
1117 4722 1225 4777 leni
1275 4737 1408 4778 voce
1458 4725 1752 4796 verbisque
1808 4728 1976 4784 animi

397 4809 750 4864 serenitatem
794 4811 1156 4873 testantibus,
1191 4827 1378 4868 senem
1427 4813 1582 4868 illum
1615 4816 1848 4882 dimisit,
1884 4833 1977 4872 ro-

393 4914 528 4968 guns
586 4916 714 4955 eum
774 4910 836 4955 ut
895 4917 957 4957 ea
1017 4911 1347 4972 procuraret
1410 4920 1531 4974 quae
1583 4905 1976 4980 velletziEgo

393 4989 560 5054 enim,
591 4991 793 5061 inquit,
828 5007 954 5046 cum
983 4994 1071 5048 his
1105 4993 1200 5066 qui
1233 4996 1298 5048 ad
1325 5011 1426 5052 nos
1457 5007 1726 5054 venerunt
1759 5002 1972 5070 loquor,

393 5089 455 5134 ut
489 5081 666 5146 vides,
704 5085 1082 5140 necessarium
1105 5101 1230 5142 esse
1261 5097 1464 5157 putans
1512 5089 1620 5146 hoc
1661 5091 1920 5147 oﬂicimn.
1949 5114 1967 5146 ι

391 5187 510 5256 Qua
567 5192 782 5248 ratione
842 5195 1020 5265 possit
1075 5199 1372 5270 quisquam
1440 5201 1611 5256 animi
1685 5202 1967 5256 lenitatem

392 5282 640 5350 apertius
695 5286 1022 5342 ostendere?
1073 5289 1230 5342 Illum
1296 5291 1443 5346 enim
1511 5293 1605 5362 qui
1653 5306 1968 5362 supremam

391 5375 613 5443 gerebat
638 5376 1045 5446 praefecturam,
1071 5380 1166 5435 tali
1196 5383 1264 5437 ab
1287 5397 1355 5438 eo
1391 5383 1652 5439 affectum
1688 5398 1812 5439 esse
1839 5399 1973 5438 con-

391 5465 615 5519 tumelia
643 5469 735 5537 qui
777 5471 1050 5527 secundas
1087 5474 1326 5538 tenebat,
1371 5475 1682 5530 astantibus
1727 5489 1962 5544 praeser-

391 5553 486 5612 tim
537 5560 873 5626 peregrinis,
912 5573 966 5616 et
999 5563 1352 5619 maledictum
1407 5566 1784 5632 audientibus,
1837 5564 1960 5620 nul-

464 5747 484 5774 ⁸
514 5752 777 5821 Πούπλιος
805 5759 899 5812 fuit
935 5763 986 5814 in
1014 5761 1228 5816 llct'veti
1260 5765 1419 5819 libro.
