3974 6212
225 232 348 298 1349.

1439 235 1668 294 RELIG
1683 231 1852 292 108A
1883 229 2268 292 HISTORIA.

3337 225 3484 292 1350.

225 342 336 407 μίαν
377 338 442 390 ἐκ
489 335 584 402 τοῦ
621 337 796 407 Θυμοῦ
846 337 1014 409 ζάλην
1061 340 1350 411 ὑπομεῖναι
1399 345 1493 397 καὶ
1519 349 1786 417 ταραχὴν,

1901 348 2118 412 lamque
2142 343 2234 396 irae
2263 356 2485 410 paSsuni
2515 353 2639 394 esse
2693 336 3161 407 perturbatiom‘m
3193 379 3206 398 ,
3243 355 3472 406 ecquam

222 432 364 483 ποίαν
395 428 620 499 ἀνδρίας
651 430 745 482 καὶ
775 431 1070 501 καρτερίας
1098 432 1402 506 ὑπερϐολὴν
1436 438 1786 500 καταλείπεις

231 521 282 573 ’0
325 517 421 589 μὲν
455 515 549 572 οὖν
588 519 732 581 θεῖος
768 519 1112 586 Ἀπόστολος,
1158 525 1258 594 τῆς
1305 526 1652 599 ἀνθρωπίνης
1683 529 1788 598 φύο

224 628 345 674 σεως
375 611 474 680 τὴν
510 610 800 664 ἀσθένειαν
829 613 1264 687 ὲπεσκεμμένος,
1304 622 1373 690 τῇ
1403 620 1562 688 φύσει
1598 625 1790 696 μετρεῖ

221 701 308 771 τὴν
347 701 702 771 νομοθεσίαν
747 721 764 756 ι
809 705 1123 773 Ὀργίζεσοε
1174 708 1318 780 γάρ,
1349 711 1512 781 φησὶ,
1566 715 1655 766 καὶ
1713 714 1787 784 μὴ

222 795 551 865 ἁμαρτάνετε
577 813 591 824 ’
625 797 652 848 ὸ
677 796 828 867 ἥλιος
868 798 942 869 μὴ
971 800 1235 854 ἐπιδυέτω
1267 802 1360 855 ἐπὶ
1392 803 1471 874 τῷ
1519 822 1788 878 παροργι-

223 884 333 955 σ’μῷ
361 884 534 954 ὑμῶν.
575 905 594 937 ι
634 886 716 938 Τά
748 888 848 956 μὲν
889 890 998 959 γὰρ
1025 889 1118 943 τοῦ
1159 892 1334 963 θυμοῦ
1364 896 1644 964 κινήματα
1687 896 1789 966 τῆς

223 975 422 1044 φύσεως
461 975 638 1040 εἰδὼς,
669 978 785 1032 ἀλλ’
816 980 878 1033 οὐ
932 982 1030 1052 τῆς
1059 972 1308 1056 γνώμης,
1359 987 1596 1041 ἐπίπονα
1644 987 1786 1051 λίαν,

218 1067 346 1138 τάχα
371 1068 428 1120 δέ
486 1069 583 1122 καὶ
615 1069 875 1133 ἀδύνατα,
905 1074 1216 1144 νομοθετεῖν
1255 1078 1355 1131 οὐκ
1393 1079 1685 1150 ἀνέχεται·
1718 1082 1788 1148 τῇ

219 1163 419 1229 κινήσει
451 1160 507 1212 δὲ
537 1162 637 1232 τῆς
677 1163 914 1231 φύσεως,
949 1167 1044 1218 καὶ
1092 1170 1156 1238 τῇ
1185 1167 1324 1241 ζάλῃ
1353 1169 1444 1222 τοῦ
1481 1169 1653 1241 θυμοῦ
1690 1172 1786 1242 μὲ-

218 1269 334 1322 τρον
357 1251 455 1322 τὴν
479 1253 693 1323 ἡμέραν
717 1255 908 1324 ὁρίζει,
943 1255 1134 1327 ἄγχειν
1159 1259 1394 1314 κελεύων
1422 1261 1498 1335 τῷ
1519 1261 1786 1333 λογισμῷ,

217 1345 303 1396 καὶ
331 1343 408 1414 τῷ
467 1343 672 1414 χαλινῷ
705 1345 948 1408 πιέζειν,
985 1348 1078 1400 καὶ
1108 1350 1421 1420 περαιτέρω
1477 1351 1788 1422 προϐαίνειν

215 1436 318 1488 τῶν
353 1437 495 1508 ὅρων
545 1436 619 1508 μὴ
673 1437 992 1508 συγχωρῶν.
1041 1439 1096 1494 Ὀ
1142 1441 1199 1493 δὲ
1257 1441 1400 1504 θεῖος
1449 1437 1602 1508 οὗτος
1648 1445 1790 1518 ἀνὴρ

217 1529 352 1599 ὐπέρ
383 1529 510 1591 τοὺς
541 1527 831 1597 κειμένους
859 1529 1158 1598 ἠγωνίζετο
1181 1531 1398 1602 νόμους,
1426 1533 1521 1587 καὶ
1551 1534 1693 1606 ὑπὲρ
1721 1535 1789 1589 τὰ

219 1621 511 1690 σκάμματα
543 1619 760 1691 ἦλλετο,
796 1619 857 1673 οὐ
892 1620 1052 1691 μέχρι
1084 1621 1184 1692 τῆς
1236 1624 1476 1695 ἑσπέρας
1521 1625 1789 1678 κινεῖσθαι

1896 432 2079 504 magni
2115 442 2168 487 et
2203 431 2408 486 excelsi
2442 428 2612 482 animi
2645 426 3019 481 constantiam
3062 425 3477 480 fortitudinem-

1895 539 2004 594 que
2037 538 2144 577 non
2173 520 2447 591 supcrat?
2485 519 2561 572 Ac
2598 519 2820 572 divinus
2871 517 3092 587 quidem
3152 517 3474 586 Apostolus.

1896 613 2151 680 humanae
2186 621 2399 665 naturae
2423 609 2853 664 imbecillitatem
2885 607 3269 670 considerans,
3303 608 3476 677 legem

1894 713 2092 758 natura
2143 701 2388 768 metitur,
2450 701 2640 755 dicens
2703 713 2716 748 :
2767 716 2784 748 ι
2814 695 3144 758 lrascimini,
3185 705 3240 752 et
3310 697 3480 754 nolite

1895 809 2145 866 peccare,
2211 793 2294 848 sol
2345 809 2455 847 non
2509 791 2726 844 occidat
2778 805 2944 859 super
2992 787 3333 844 iracundiam
3389 805 3479 845 ve-

1894 897 2066 943 stram
2099 885 2148 940 ι.
2188 904 2207 936 ι
2236 884 2366 939 Nam
2399 899 2524 939 cum
2559 883 2652 936 ira-
2686 891 2866 934 motus
2897 889 3106 934 natura;
3137 897 3259 937 esse
3287 883 3478 948 sciret,

1895 996 2002 1033 non
2037 977 2277 1040 arbitrii,
2320 975 2537 1046 1159
2561 973 2738 1028 noluit
2773 987 2834 1026 ea
2868 972 2983 1042 lege
3007 971 3328 1038 decernere,
3356 990 3480 1045 qme

1897 1069 2043 1125 factu
2077 1070 2322 1125 dillicilia
2349 1075 2558 1130 essent,
2587 1082 2649 1120 ac
2675 1064 2914 1119 fortasse
2958 1063 3073 1118 ticri
3109 1065 3336 1119 omnino
3370 1082 3479 1121 non

1897 1169 2122 1230 possent
2167 1177 2181 1214 ε
2225 1159 2320 1214 sed
2373 1157 2547 1211 motui
2605 1164 2837 1218 naturae,
2899 1156 3102 1224 iraeque
3163 1157 3480 1226 tempestati

1897 1267 2210 1308 mensuram
2242 1252 2347 1304 dici
2379 1251 2559 1320 spatio
2599 1249 2866 1304 deﬁnivit:
2894 1245 3100 1302 Jubcns
3131 1247 3273 1302 lianc
3310 1250 3480 1302 ratio-

1898 1364 1966 1402 ne
2001 1345 2316 1416 comprimi,
2349 1352 2403 1398 et
2429 1354 2690 1412 tanquam
2720 1341 2878 1395 freno
2914 1339 3164 1404 retineri,
3201 1355 3303 1394 nec
3340 1339 3484 1395 ultra

1897 1439 2166 1493 terminos
2207 1435 2463 1507 progredi
2521 1434 2862 1504 permittens.
2909 1429 3001 1485 Vir
3039 1441 3218 1487 autem
3257 1433 3348 1489 hic
3399 1433 3484 1489 di-

1896 1531 2060 1584 vinus
2105 1542 2272 1599 supra
2323 1527 2468 1596 leges
2508 1524 2646 1581 latas
2677 1524 3001 1587 decertavit,
3044 1535 3098 1580 et
3130 1533 3284 1598 extra
3319 1527 3484 1582 stadii

1899 1630 2054 1691 septa
2089 1620 2320 1682 desiliit,
2353 1619 2444 1688 qui
2481 1633 2590 1672 non
2622 1633 2798 1688 usque
2851 1616 2918 1671 ad
2950 1604 3235 1687 vesperam
3288 1619 3382 1674 irre
3427 1627 3485 1672 ut

212 1709 290 1779 τῷ
335 1710 492 1780 θυμῷ
544 1711 927 1782 παραχωρῶν,
979 1713 1115 1766 ἀλλά
1177 1713 1424 1784 μηδόλως
1480 1716 1792 1788 ἐπιτρέπων

1901 1709 2496 1772 movereturimlulsit,
2537 1708 2634 1763 sed
2661 1724 2729 1763 ne
2753 1707 2959 1762 moveri
3003 1707 3226 1777 quidem
3251 1708 3484 1764 omnino

216 1801 502 1855 κινεῖσθαι.
534 1803 772 1856 Τοιαῦτα
812 1805 906 1857 καὶ
929 1798 1085 1870 οὗτος
1123 1807 1224 1877 τῆς
1253 1807 1516 1862 Εὐσεϐίου
1545 1809 1640 1863 τοῦ
1683 1828 1788 1882 με-

213 1892 377 1961 γάλου
407 1895 696 1957 συνουσίας
730 1894 1006 1950 ἀπώνατο.

285 2005 518 2068 Πολλοὺς
567 2006 622 2060 δὲ
675 2009 769 2061 καὶ
810 2007 1005 2073 ἄλλους
1049 2011 1284 2082 ἐραστὰς
1330 2013 1432 2084 τῆς
1473 2015 1794 2085 φιλοσοφίας

211 2097 413 2171 ταύτης
445 2099 538 2152 καὶ
570 2098 818 2171 ζηλωτὰς
865 2102 952 2154 ἐπ’
976 2103 1159 2176 ἐκείνῃ
1193 2108 1262 2177 τῇ
1305 2106 1518 2179 καλύϐῃ
1565 2125 1796 2179 γεγενη-

215 2190 410 2261 μένους
445 2191 732 2263 τεθέαμαι,
767 2194 893 2258 τοὺς
947 2195 1046 2265 μὲν
1086 2197 1144 2249 ἐν
1195 2199 1348 2270 ἀκμῇ
1393 2199 1486 2253 τοῦ
1519 2200 1792 2271 σώματος,

212 2283 338 2346 τοὺς
373 2281 430 2334 δὲ
457 2285 551 2336 καὶ
605 2283 664 2336 ἐν
694 2285 843 2356 γήρᾳ
871 2283 1056 2355 βαθεῖ·
1095 2287 1318 2342 πλείονα
1356 2289 1463 2364 γὰρ
1501 2291 1538 2362 ἢ
1578 2293 1797 2364 ἐννενή-

213 2391 376 2428 κοντα
401 2373 496 2447 ἔτη
524 2375 917 2442 διαϐιὼσαντες
946 2378 1244 2451 ἄνθρωποι,
1277 2382 1368 2438 τὸν
1398 2383 1654 2440 ἐπίπονον
1681 2384 1796 2456 βίον

211 2465 532 2519 καταλιπεῖν
579 2467 679 2522 οὐκ
711 2468 1007 2539 ἠθέλησαν,
1053 2469 1191 2526 ἀλλὰ
1243 2476 1358 2538 τοῖς
1402 2475 1503 2544 τῆς
1545 2474 1797 2546 νεότητος

211 2555 400 2624 ἱδρῶσι
426 2556 740 2628 διέπρεπον,
768 2560 1056 2632 παννύχιοι
1087 2563 1189 2634 μὲν
1221 2564 1316 2617 καὶ
1345 2565 1680 2637 πανημέριοι
1705 2566 1797 2622 τὸν

205 2647 342 2699 Θεὸν
366 2647 796 2715 ἀντιϐολοῦντες,
818 2651 916 2705 καὶ
938 2652 1039 2717 τάς
1062 2655 1281 2724 εὐαγεῖς
1312 2655 1528 2722 ἐκείνας
1557 2658 1798 2730 λειτουρ-

206 2737 337 2806 γίας
364 2740 698 2811 ποιούμενοι,
760 2741 850 2796 διά
891 2742 1071 2798 δύοδέ
1125 2746 1349 2817 ἡμερῶν
1403 2747 1513 2801 τῶν
1562 2747 1798 2803 εὐτελῶν

206 2829 439 2883 ἐκείνων
502 2830 704 2906 σιτίων.
739 2833 1279 2904 μεταλαγχάνοντες.
1348 2839 1460 2893 Καὶ
1518 2839 1606 2894 ἵνα
1670 2840 1797 2905 τοὺς

205 2921 407 2984 ἄλλους
435 2922 744 2986 καταλίπω,
779 2924 839 2977 οὐ
873 2926 1029 2996 σιγῆς
1075 2925 1234 2992 ὄντας
1271 2929 1476 2995 ἀξίους,
1520 2932 1797 3004 εὐφημίας

204 3013 266 3068 δὲ
313 3012 409 3065 καὶ
443 3013 680 3068 ἐπαίνων
729 3017 1018 3080 παντοίων,
1068 3018 1185 3072 ἀλλ’
1231 3020 1319 3073 ἵνα
1379 3022 1457 3094 μὴ
1512 3023 1658 3095 πέρα
1699 3025 1796 3080 τοῦ

203 3199 268 3252 ἐν
304 3197 500 3268 ἐκείνῳ
530 3198 608 3270 τῷ
633 3197 762 3270 θείῳ
807 3201 1013 3274 χωρίῳ,
1054 3203 1255 3258 Ἀϐϐἄν
1280 3205 1337 3258 δέ
1384 3206 1547 3260 αὐτὸν
1593 3209 1797 3280 ὀνομά-

203 3289 441 3356 ζουσιν,
501 3291 564 3356 ὃς
622 3293 687 3345 ἐκ
737 3293 839 3364 μὲν
888 3297 989 3364 τῆς
1043 3296 1436 3367 Ἰσμαηλίτιδος
1493 3299 1797 3372 ἐϐλάστησε

205 3381 394 3452 ῥίζης,
427 3382 526 3435 οὐκ
559 3385 847 3458 ἀπῳκίσθη
877 3385 934 3440 δὲ
965 3387 1066 3458 τῆς
1092 3388 1494 3461 ’Δϐρααμιαίας
1539 3394 1680 3448 κατὰ
1705 3393 1796 3449 τὸν

205 3473 482 3543 πρόγονον
509 3475 707 3540 οἰκίας,
733 3477 872 3531 ἀλλά
901 3479 998 3548 τῆς
1028 3479 1290 3552 πατρῴας
1326 3483 1690 3556 κληρονομίας
1718 3483 1798 3556 τῷ

220 3563 417 3618 Ίσαάκ
451 3565 780 3638 ἐκοινώνησε
806 3610 820 3635 ,
859 3570 1063 3638 μᾶλλον
1107 3572 1162 3624 δὲ
1199 3575 1370 3650 αὐτῂν
1420 3577 1638 3648 ἥρπασε
1688 3579 1798 3633 τῶν

203 3655 462 3727 οὐρανῶν
494 3656 592 3730 τὴν
630 3657 938 3730 βασιλείανο
973 3655 1126 3726 οὗτος
1158 3661 1318 3730 εὐθὺς
1355 3668 1455 3738 μέν
1494 3669 1595 3740 τῆς
1625 3673 1798 3742 ἀσκη-

202 3752 373 3821 τικῆς
404 3750 610 3824 ταύτης
639 3751 817 3824 ἥψατο
862 3753 1158 3820 πολιτείας,
1201 3760 1354 3826 παρά
1385 3778 1492 3816 τινι
1540 3763 1798 3833 τηνικάδε

203 3841 311 3912 τὴν
333 3842 541 3915 ἔρημον
571 3845 810 3900 οίκοῦντι
831 3851 1119 3920 γυμναστῇ
1141 3849 1250 3904 τῶν
1275 3851 1533 3907 τοιούτων
1554 3855 1794 3926 ἀρίστῳο

203 3935 494 4006 Μαρωσᾶς
541 3935 598 3990 δὲ
632 3932 700 4008 ἦν
737 3938 908 4011 δνομα
943 3940 1114 4012 αὐτῷ.
1166 3943 1322 3997 Μετά
1370 3943 1428 3996 δὲ
1470 3944 1644 3998 ταῦτα
1704 3947 1799 4000 καὶ

203 4024 459 4090 ἐκεῖνος,
498 4023 562 4077 τδ
633 4027 837 4098 ἐτέρων
890 4031 1248 4100 ἡγεμονεύειν
1299 4033 1653 4098 καταλιπὼν,
1717 4037 1799 4098 είς

201 4113 419 4184 ταύτην
460 4115 558 4167 σὺν
585 4113 664 4186 τῷ
697 4117 868 4190 Ἀϐϐᾷ
903 4121 1004 4190 τὴν
1028 4121 1234 4191 ἀγέλην
1260 4122 1510 4192 ἀφίκετο,
1547 4125 1642 4178 καὶ
1671 4126 1799 4198 χρό-

201 4219 302 4258 νον
336 4206 435 4275 μὲν
463 4205 523 4258 οὐ
562 4205 758 4277 μικρὸν
799 4208 1024 4273 ἐπεϐίω,
1061 4209 1332 4282 λαμπρῶς
1357 4212 1414 4266 δὲ
1444 4215 1800 4288 ἀγωνισάμε-

197 4310 302 4360 νος
344 4297 438 4352 καὶ
487 4297 733 4368 ἀοίδιμος
761 4299 1053 4371 γενόμενος
1095 4301 1364 4376 ὑπεξῆλθε
1420 4305 1511 4382 τὸν
1562 4306 1696 4380 βίον.
1738 4309 1797 4362 Ὀ

1892 1803 2172 1876 permisit.
2210 1800 2398 1856 Talem
2432 1802 2478 1856 is
2507 1800 2750 1855 fructum
2788 1815 2855 1855 ex
2897 1800 3079 1872 magni
3107 1798 3332 1856 Eusebii
3363 1815 3490 1856 con-

1894 1895 2190 1954 suetudine
2233 1893 2501 1964 percepit.

1965 2012 2090 2069 Vidi
2109 2024 2162 2069 et
2179 2014 2318 2067 alios
2335 2026 2557 2083 quoque
2572 2008 2626 2063 in
2649 2007 2843 2064 eodem
2859 2005 3084 2079 tugurio
3104 2005 3338 2078 hujusce
3359 2007 3487 2077 phi-

1894 2105 2160 2178 losophiae
2177 2110 2455 2160 amatores
2466 2110 2519 2158 et
2535 2100 2892 2158 aemulatores
2913 2114 3022 2154 non
3045 2098 3492 2169 paucos,ﬂoreuti

1894 2199 2161 2272 quosdam
2189 2205 2371 2262 aetate,
2397 2195 2541 2250 alios
2565 2191 2845 2265 profunda
2902 2199 3209 2256 senectute,
3235 2192 3329 2265 qui
3358 2207 3488 2246 cum

1895 2307 2074 2348 annos
2105 2296 2330 2361 agerent
2359 2291 2376 2310 ⁶
2407 2301 2576 2358 supra
2602 2284 2928 2354 nonaginta,
2956 2283 3290 2338 laboriosam
3321 2290 3492 2338 vitam

1893 2384 2212 2454 relinquere
2235 2380 2556 2442 noluerunt,
2583 2375 2680 2433 sed
2704 2374 2976 2430 obeundis
2996 2373 3260 2447 juvenum
3286 2373 3493 2429 labori-

1897 2476 2001 2532 bus
2023 2475 2379 2536 claruerunt,
2405 2478 2600 2526 noctes
2623 2467 2854 2536 diesque
2880 2463 3054 2522 Deum
3081 2465 3374 2521 laudantes
3391 2507 3404 2529 .
3437 2474 3507 2522 et‘

1897 2581 2056 2622 sacra
2079 2565 2174 2619 illa
2193 2560 2371 2618 ollicia
2395 2577 2524 2634 pera
2535 2567 2752 2632 gentes,
2769 2558 2979 2630 vilique
2998 2558 3092 2612 illo
3111 2557 3238 2612 cibo
3258 2568 3380 2629 post
3403 2558 3455 2613 bi
3475 2588 3488 2600 -

1897 2655 2067 2710 duum
2093 2653 2430 2708 victitantes.
2468 2649 2540 2704 Ut
2573 2649 2712 2704 alios
2743 2656 2960 2712 autem,
2997 2661 3106 2702 non
3139 2649 3359 2703 εἱιιιιιιευ
3393 2648 3491 2702 sed

1899 2747 2061 2802 laude
2087 2755 2140 2802 et
2169 2743 2654 2800 commendatione
2679 2740 2908 2811 dignos,
2930 2739 3349 2810 praetermittam
3371 2780 3386 2805 ,
3417 2755 3488 2795 no

1897 2840 2168 2912 prolixior
2190 2853 2354 2910 quam
2380 2851 2480 2908 par
2495 2843 2580 2891 est
2597 2834 2690 2889 ﬁat
2711 2834 2981 2894 narratio,
3001 2831 3103 2886 fuit
3123 2833 3176 2886 in
3194 2831 3379 2887 divino
3398 2833 3494 2889 illo

1899 2934 2023 2987 loco
2049 2931 2299 3003 quidam,
2325 2928 2511 2983 Abbas
2541 2927 2786 2988 nomine,
2812 2943 2878 2982 ex
2910 2925 3240 2982 lsmaelitide
3267 2925 3494 2996 quidem

1823 3054 1866 3113 ο
1900 3021 2086 3077 radice
2104 3017 2400 3084 oriundus,
2418 3033 2605 3073 verum
2621 3033 2688 3072 ex
2706 3017 2940 3113 Abrahae
2959 3017 3125 3071 domo
3145 3032 3495 3087 nequaquam

210 3105 423 3178 μέτρου
455 3105 668 3177 μακρὸν
705 3107 1033 3180 ἐργάσωμαι
1071 3110 1130 3164 τδ
1158 3111 1435 3183 διήγημα·
1465 3115 1684 3183 ἐγένετὸ
1710 3133 1796 3182 τις
1830 3105 1844 3168 ἶ

1901 3115 2133 3184 eiectus,
2158 3111 2300 3168 sicut
2321 3112 2412 3166 ille
2443 3126 2472 3164 a
2503 3127 2613 3181 quo
2642 3125 2820 3181 genus
2849 3107 3122 3165 duxerat:
3153 3110 3246 3165 sed
3278 3110 3370 3179 qui
3400 3127 3494 3180 pa-

1902 3213 2076 3261 ternae
2107 3203 2440 3260 licereditatis
2469 3217 2596 3257 cum
2627 3200 2817 3256 lsaaco
2849 3202 3122 3272 particeps
3155 3201 3337 3257 factus
3369 3213 3455 3256 cst
3475 3241 3498 3266 ,

1901 3299 1988 3354 vel
2018 3299 2196 3369 ipsum
2231 3298 2414 3367 potius
2438 3295 2619 3365 rapuit
2644 3309 2869 3364 regnum
2896 3293 3187 3349 calorum.
3217 3294 3269 3350 Is
3294 3310 3496 3349 mona-

1905 3391 2057 3446 stica
2082 3390 2249 3459 hujus
2272 3387 2692 3444 exercitationis
2713 3386 2938 3442 exordia
2962 3385 3119 3442 duxit
3143 3387 3286 3457 apud
3309 3395 3496 3457 quem-

1903 3479 2028 3538 dam
2051 3525 2064 3548 ,
2088 3482 2180 3552 qui
2206 3496 2450 3537 eremum
2483 3490 2616 3534 tunc
2643 3480 2961 3544 habitabat,
2993 3479 3262 3548 Optimum
3297 3479 3497 3533 harum

1904 3591 2088 3631 rerum
2116 3574 2463 3644 magistrum,
2495 3570 2585 3626 cui
2615 3586 2812 3626 nomen
2837 3572 3106 3625 Marosas.
3132 3568 3332 3624 Postea
3361 3585 3498 3624 vero

1904 3667 1996 3723 hic
2018 3681 2242 3738 quoque
2270 3665 2394 3720 aliis
2427 3679 2662 3735 praeesse
2693 3665 2976 3726 desinens,
3009 3662 3074 3717 ad
3105 3678 3321 3734 gregem
3350 3663 3496 3720 hunc

1904 3775 2031 3817 cum
2093 3759 2250 3816 Abba
2303 3759 2454 3815 venit
2502 3776 2518 3814 :
2568 3757 2784 3830 1160
2835 3772 2936 3814 nec
2983 3771 3153 3828 parvo
3201 3766 3492 3828 superstes

1905 3862 2152 3914 tempore
2172 3894 2188 3918 ,
2211 3861 2336 3922 post
2359 3853 2622 3923 pricclara
2646 3850 2952 3906 certamina
2983 3851 3254 3905 celebrem
3289 3850 3491 3904 faniam

1905 3944 2137 4013 adeptus
2159 3945 2398 4000 excessit
2437 3958 2468 4000 e
2525 3944 2660 3998 rita.
2712 3943 2806 3996 llle
2863 3951 3048 3997 autem
3095 3949 3223 3996 octo
3274 3940 3387 4010 jam
3438 3949 3494 3994 et

1906 4035 2130 4106 triginta
2154 4035 2230 4089 ibi
2255 4049 2431 4089 annos
2451 4033 2724 4104 transegit
2748 4071 2768 4097 ,
2797 4041 2852 4087 et
2873 4031 3033 4102 quasi
3063 4032 3315 4085 laborare
3347 4044 3493 4082 nunc

1905 4127 2172 4196 inciperet
2198 4163 2214 4190 ,
2254 4125 2336 4181 sic
2371 4124 2624 4180 laborare
2671 4121 2974 4180 desiderat.
3011 4120 3147 4174 Nam
3182 4122 3236 4176 in
3275 4121 3490 4176 hodier-

1904 4235 2038 4276 num
2073 4232 2248 4288 usque
2291 4216 2436 4272 diem
2487 4213 2656 4287 pedes
2702 4213 2914 4270 calceis
2959 4227 3240 4284 nunquam
3294 4199 3431 4268 texit
3473 4231 3487 4269 :

1903 4329 2031 4370 cum
2086 4311 2265 4381 frigus
2317 4317 2434 4375 est,
2496 4307 2556 4364 in
2605 4307 2800 4364 umbra
2845 4305 3050 4370 haeret,
3107 4321 3232 4360 cum
3289 4315 3493 4369 aestus.

195 4387 262 4485 δέ
302 4387 452 4485 ὀκτὼ
514 4390 613 4485 μὲν
669 4391 771 4464 ήδη
828 4393 924 4448 καὶ
977 4393 1274 4466 τριάκοντα
1321 4398 1441 4452 ἐκεῖ
1496 4399 1795 4456 διετέλεσεν

1905 4405 2080 4462 solem
2116 4411 2334 4475 captat,
2365 4401 2597 4474 ejusque
2635 4399 2837 4456 ardore
2885 4399 3036 4455 velut
3087 4399 3310 4485 zephyri
3357 4415 3491 4476 aura

195 4477 330 4549 ἐτη,
382 4481 463 4546 ὼς
514 4480 742 4554 ἔναγχος
777 4485 836 4538 δὲ
889 4484 983 4540 τοῦ
1029 4489 1212 4543 πονεῖν
1254 4489 1580 4561 ἀρξάμενος,
1627 4495 1800 4560 οὕτως

198 4677 350 4751 μασι
384 4665 482 4735 μὲν
511 4667 637 4731 τοὺς
675 4667 841 4731 πόδας
867 4670 970 4723 οὐκ
1015 4671 1256 4743 ἐκάλυψε
1284 4673 1528 4740 πώποτε,
1566 4679 1634 4749 τῇ
1671 4679 1799 4751 σκιᾷ

191 4750 263 4806 δὲ
316 4757 702 4830 προσεδρεύων
754 4761 815 4814 ἐν
858 4760 937 4834 τῷ
989 4765 1224 4836 κρυμῷ,
1273 4766 1366 4819 τὸν
1411 4767 1566 4838 ἥλιον
1614 4772 1672 4826 ἐν
1718 4750 1799 4843 τῷ

197 4844 447 4918 φλογμῷ
492 4850 872 4923 καταδέχεται,
920 4854 1016 4910 καὶ
1049 4855 1149 4928 ,ὡς
1200 4856 1438 4929 ζεφύρου
1487 4857 1662 4933 αὔραν
1698 4863 1798 4934 τὴν

195 4935 428 4992 ἐκεῖθεν
451 4940 669 5012 δέχεται
696 4943 894 5014 φλόγα.
929 4946 1186 5002 Ἀπαντα
1215 4948 1270 5002 δὲ
1313 4949 1504 5005 τοῦτον
1541 4952 1634 5007 τὸν
1673 4961 1798 5025 χρδ.

195 5041 302 5080 νον
360 5026 550 5094 ὕδατος
606 5034 933 5106 μεταλαχεῖν
986 5038 1088 5092 οὐκ
1128 5040 1410 5110 ἠνέσχετο,
1467 5042 1570 5097 οὐκ
1617 5043 1800 5099 ἐκεῖνα

195 5119 436 5185 ἐσθίων,
472 5121 510 5177 ἀ
533 5126 646 5188 τοῖς
671 5125 732 5178 τδ
763 5126 839 5198 μὴ
871 5127 1048 5184 πίνειν
1087 5129 1467 5203 ἐπιτηδεύουσι
1495 5136 1804 5209 προσφέρεέ

195 5213 339 5269 σθαι
388 5213 656 5286 σύνηθεςσ
717 5219 1031 5294 ὑγροτέρων
1067 5223 1180 5294 γάρ
1231 5218 1378 5279 οὗτοι
1439 5228 1625 5281 σιτίων
1661 5231 1800 5282 ἀπο-

192 5305 400 5362 λαύειν
428 5307 720 5365 είιῦθασινο
762 5310 902 5364 ἀλλά
940 5314 1047 5367 τῶν
1091 5314 1270 5368 αὐτῶν
1313 5321 1423 5382 τοῖς
1453 5319 1631 5382 ἄλλοις
1670 5321 1802 5374 ἀπο-

190 5398 396 5453 λαύων
427 5401 632 5462 σιτίων.
680 5402 876 5457 ἐσθίων
907 5403 965 5458 δὲ
1003 5405 1227 5478 βραχέα,
1266 5412 1359 5462 καὶ
1413 5411 1512 5464 ὃσα
1544 5412 1800 5484 βραχεῖαν

192 5491 457 5565 ἐντίθησι
492 5493 744 5562 δύναμιν,
781 5499 1045 5573 περιττὴν
1091 5502 1304 5572 ἡγεῖται
1352 5503 1450 5576 τὴν
1483 5506 1574 5559 τοῦ
1613 5505 1801 5570 ὓδατος

290 5635 314 5672 λ
383 5649 583 5720 Ειιῐιιιε.
625 5670 693 5720 ιν,
724 5655 818 5709 es.

1865 4547 1872 4556 .
1903 4497 2238 4554 delectatur.
2269 4494 2412 4551 'l'oto
2443 4495 2548 4550 hoc
2577 4503 2826 4564 tempore
2851 4505 3052 4562 aquam
3093 4507 3196 4546 non
3227 4490 3492 4561 gustavit.

194 4569 425 4639 ἐφίεται
453 4573 548 4628 τοῦ
570 4579 774 4632 πονεῖν.
814 4577 993 4651 Μέχρι
1039 4579 1148 4652 γὰρ
1179 4583 1276 4636 καὶ
1317 4583 1558 4655 τήμερον
1601 4586 1800 4658 ὐποδή-
1865 4589 1870 4594 ’

1905 4603 2008 4645 nec
2039 4588 2180 4644 cibis
2214 4588 2325 4644 illis
2369 4601 2503 4643 usus
2531 4594 2648 4653 est,
2707 4584 2911 4657 quibus
2959 4583 3110 4640 vesci
3161 4585 3342 4638 solent
3395 4583 3495 4653 qui

1905 4688 2040 4752 potu
2075 4680 2362 4736 abstinent
2405 4678 2832 4749 (bumidioribus
2862 4676 3010 4732 enim
3061 4677 3140 4730 uti
3185 4689 3492 4730 consueve-

1904 4774 2082 4844 runt),
2113 4773 2208 4830 sed
2242 4772 2440 4830 iisdem
2477 4786 2710 4844 prorsus
2736 4770 2906 4841 ipsis,
2935 4769 3135 4840 quibus
3161 4767 3272 4822 alii.
3309 4763 3498 4821 Pauca

1904 4881 2142 4938 namque
2173 4865 2473 4922 comedens
2498 4908 2512 4931 ,
2546 4874 2601 4920 et
2626 4879 2748 4936 qua:
2783 4863 2929 4918 vires
2963 4861 3190 4930 exiguas
3221 4857 3494 4940 an‘eruut,

1909 4968 2099 5030 potum
2155 4973 2314 5028 aqua:
2365 4971 2840 5026 supervacaneum
2900 4961 3076 5025 putat.
3133 4948 3288 5006 Ferri
3351 4955 3500 5008 mole

1906 5052 2125 5107 lumbos
2153 5051 2489 5120 praecinctus
2539 5063 2668 5103 raro
2707 5045 2904 5114 sedet,
2957 5044 3251 5114 noctisque
3295 5057 3360 5098 ac
3385 5041 3499 5098 diei

1905 5150 2118 5214 partem
2157 5141 2454 5196 maximam
2486 5141 2567 5194 vel
2603 5146 2758 5194 stans
2787 5137 2868 5192 vel
2911 5135 3148 5205 genibus
3189 5134 3352 5187 nixus
3393 5132 3499 5187 Do-

1906 5235 2057 5290 mino
2089 5250 2280 5305 preces
2305 5231 2487 5289 offert.
2529 5230 2862 5287 Accubitum
2913 5227 3020 5283 sibi
3065 5226 3289 5299 penitus
3326 5225 3504 5279 inter-

1904 5326 2080 5392 dixit,
2113 5341 2214 5383 nec
2250 5324 2666 5380 accumbentem
2701 5322 2854 5376 illum
2884 5323 3155 5375 hactenus
3197 5319 3498 5388 quisquam

1916 5417 2042 5471 tidit
2084 5436 2096 5470 :
2132 5417 2226 5472 sed
2259 5433 2326 5472 ex
2354 5431 2466 5486 quo
2498 5417 2758 5486 princeps
2793 5413 2957 5468 chori
2989 5411 3168 5467 factus
3204 5418 3324 5476 est,
3359 5425 3502 5479 pra:-

1913 5507 2293 5580 lecturamqu-e
2327 5509 2587 5574 solitus,
2626 5516 2800 5563 totum
2835 5507 2982 5562 hunc
3032 5503 3276 5560 laborem
3322 5503 3495 5559 alacri
