3974 6212
194 425 197 428 .
285 349 402 416 1353
1470 345 1874 407 numerosa
1918 345 2304 430 HISTORIA.
2605 359 2613 368 -
3371 353 3507 422 135,

283 485 286 488 η
349 461 487 516 Ἀλλά
537 477 641 514 κατ
717 457 893 530 ἀρχὰς
939 459 1036 529 μὲν
1108 457 1299 512 οὐδένα
1349 458 1595 511 σύνοικον
1673 458 1852 528 ἔχειν,

1991 457 2259 513 Caeterum
2299 459 2458 514 initio
2490 461 2700 516 nullum
2736 461 2840 518 sub
2875 464 3067 520 eodem
3122 480 3309 523 secum
3362 477 3507 525 tecto

281 555 537 625 ἠνέσχετο·
575 551 798 622 βραχεῖς
829 551 884 603 δὲ
935 552 1208 614 οίκίσκους
1247 549 1578 620 ἀγχιθύρους
1607 549 1814 602 οἰκοδο-

1943 549 2171 604 tabitare
2197 563 2396 618 passus
2449 560 2534 606 est
2571 569 2585 606 :
2619 551 2714 608 sed
2743 552 2971 625 exiguas
2997 554 3228 612 cellulas
3291 556 3507 615 foribus

277 641 399 713 μῶν,
426 639 578 694 αὐτὸν
624 639 748 693 καθ’
779 637 972 692 ἑαυτὸν
1002 639 1231 702 ἕκαστον
1259 638 1369 691 τῶν
1416 639 1705 691 συνιόντων
1739 639 1818 691 δι-

1934 640 2136 697 vicinas
2161 640 2470 706 aadilicans,
2506 641 2753 713 singulos
2785 645 3014 699 seorsim
3033 643 3234 716 degere
3255 646 3503 716 jubebat,

273 733 409 801 ἀγειν
427 732 654 796 ἐκέλευε,
679 729 889 801 συχνῶς
912 729 1248 794 ἐπισκοπῶν,
1269 731 1364 784 καὶ
1387 732 1513 794 τους
1541 729 1821 792 οίκίσκους

1935 733 2150 788 cellulas
2177 733 2411 788 subinde
2457 735 2724 801 invisens,
2783 742 2839 791 et
2895 737 3200 794 observans
3243 741 3504 810 numquid

268 821 682 895 διερευνώμενος,
729 821 804 892 μή
853 839 906 874 τι
943 820 1088 892 πέρα
1107 823 1204 892 τῆς
1221 821 1410 891 χρείας
1452 821 1820 891 ἀποκείμενον

1932 833 2123 894 praeter
2146 840 2233 880 res
2249 826 2595 879 necessarias
2618 825 2960 881 reconditum
2988 828 3274 885 haberent.
3302 830 3501 886 Fcrum

267 917 436 988 ἔχοιεν.
458 917 591 970 Φασὶ
630 917 684 968 δὲ
713 915 876 969 αὑτὸν
893 917 988 968 καὶ
1005 913 1143 983 ζυγά
1167 915 1560 986 ἐπιφερόμενον
1591 916 1683 968 τὸν
1711 917 1819 971 τῶν

1939 914 2085 967 ιιίεηι
2129 913 2284 967 illum
2320 915 2582 968 trutinam
2614 914 3056 972 circumferendo
3097 919 3255 988 panis
3286 935 3508 974 mensu—

265 1009 424 1080 ἀρτων
469 1009 706 1078 σταθμὸν
769 1008 1250 1079 πολυπραγμονεῖν
1309 1006 1586 1076 ἀκριϐῶς,
1635 1010 1729 1061 καὶ
1771 1007 1825 1060 εί

1936 1016 2042 1054 ram
2077 1001 2365 1072 diligenter
2409 1003 2774 1075 expendisse,
2819 1013 2873 1060 et
2923 1007 2969 1060 si
3031 1007 3174 1060 ultra
3239 1017 3505 1064 statutum

265 1118 378 1155 ποτε
399 1099 540 1173 εὖροι
567 1099 660 1154 τοῦ
693 1099 1001 1172 ὡρισμένου
1043 1099 1280 1164 πλείονα,
1303 1099 1697 1170 δυσχεραίνειν,
1728 1101 1821 1154 καὶ

1936 1092 2141 1162 pondus
2169 1092 2494 1157 invenisset,
2523 1109 2668 1166 aegre
2693 1095 2907 1161 tulisse,
2967 1104 3022 1152 et
3087 1097 3372 1154 helluones
3412 1103 3505 1172 qui

263 1193 686 1264 γαστριμάργους
741 1192 868 1256 τοὺς
934 1190 1092 1244 τοῦτο
1160 1189 1451 1254 ποιοῦντας
1501 1191 1816 1246 ἀποκαλεῖν.

1938 1193 2030 1239 hoc
2060 1184 2305 1240 facerent
2336 1187 2662 1256 appellasse.
2695 1185 3040 1258 Jubebatque
3092 1195 3152 1242 ut
3202 1205 3382 1261 neque
3413 1206 3507 1246 co-

273 1281 533 1335 Ὲκέλευσε
564 1279 671 1351 γάρ
708 1280 844 1350 μήτε
871 1279 1170 1343 ἐσθίοντας,
1219 1283 1355 1350 μήτε
1407 1281 1657 1344 πίνοντας
1691 1282 1822 1335 ἀνα-

1941 1273 2226 1342 nederent,
2265 1289 2442 1345 neque
2480 1275 2735 1332 biberent
2760 1276 2824 1331 ad
2851 1277 3192 1340 satietatem,
3246 1279 3342 1335 sed
3391 1293 3510 1335 tan-

260 1374 426 1443 μένειν
447 1376 538 1427 τδν
565 1374 746 1445 κόρον.
788 1373 924 1427 ἀλλά
961 1372 1230 1427 τοσούτων
1284 1374 1598 1438 ἀπολαύειν,
1649 1377 1824 1432 ὁπόσα

1932 1371 2042 1419 lum
2088 1373 2367 1420 sumerent
2415 1373 2681 1436 quantum
2727 1366 2794 1419 ad
2850 1368 3109 1422 tuendam
3152 1367 3315 1422 vitam
3366 1372 3501 1426 satis

256 1464 328 1536 τῷ
355 1467 560 1536 σώματι
595 1464 855 1535 παρέχειν
899 1463 1114 1536 ἀπόχρη
1155 1463 1252 1536 τήν
1299 1465 1467 1536 ζωήν.
1512 1467 1571 1520 Ei
1601 1466 1657 1520 δέ
1690 1484 1821 1520 ποτε

1939 1464 2095 1512 esset.
2125 1456 2281 1523 Quod
2315 1457 2362 1512 si
2391 1458 2613 1526 quando
2633 1465 2900 1513 secretam
2926 1473 2955 1513 a
3019 1458 3324 1515 furfuribus
3376 1461 3508 1518 fari--

257 1555 343 1608 καὶ
371 1555 474 1608 τῶν
501 1553 744 1623 πιτύρων
802 1553 1244 1624 ἀποκεκριμένον
1287 1553 1349 1607 τὸ
1390 1554 1619 1627 ἄλευρον
1670 1555 1823 1610 ἐθεά-

1939 1560 2052 1600 nam
2079 1547 2551 1617 deprehendisset,
2601 1557 2867 1620 tanquam
2923 1549 3256 1622 Sybariticis
3294 1553 3508 1610 deliciis

259 1661 398 1708 σατο,
427 1645 502 1709 ὼς
530 1645 895 1716 Συϐαριτικῆς
911 1646 1119 1716 τρυφῆς
1140 1645 1495 1710 ἀπολαύουσι,
1530 1649 1642 1712 τοῖς
1666 1648 1823 1702 τοῦτο

1938 1638 2274 1709 indulgentes
2312 1640 2658 1712 ohjurgahat.
2685 1641 2827 1708 Quin
2859 1649 2910 1698 et
2949 1651 3116 1698 noctu
3165 1659 3386 1716 quoque
3438 1661 3507 1702 ex

253 1735 555 1806 δεδρακόσιν
593 1736 930 1806 ἐλοιδορεῖτο.
982 1738 1092 1790 Καὶ
1148 1736 1367 1810 νύκτωρ
1403 1737 1462 1792 δὲ
1495 1738 1822 1804 ἐξαπιναίως

1939 1731 2227 1800 improviso
2256 1735 2482 1788 veniens
2518 1732 2584 1787 ad
2630 1734 2773 1790 ostia
2821 1734 3192 1806 singulorum,
3243 1739 3290 1792 si
3345 1753 3508 1808 quem

253 1801 396 1898 παρά
417 1827 512 1897 τὴν
537 1801 780 1881 ἐκάστουν
816 1827 985 1900 θύραν
1031 1801 1450 1900 ἀφικνούμενος.
1496 1801 1551 1883 εί
1575 1829 1674 1900 μέν
1695 1801 1820 1884 τινα

1942 1823 2236 1893 rigilautem
2272 1835 2332 1881 et
2365 1827 2536 1880 Deum
2582 1801 3257 1896 laudanteni—oﬂ‘enderat,
3311 1801 3511 1886 tacitus

251 1912 398 1990 εὗρεν
451 1918 812 1990 ἐγρηγορότα,
856 1920 952 1972 καὶ
999 1919 1091 1972 τὸν
1135 1919 1270 1974 Θεὸν
1328 1919 1632 1991 ὑμνοῦντα,
1690 1923 1820 1992 σιγῇ

1940 1915 2237 1984 praeteribat
2277 1935 2290 1970 :
2338 1917 2551 1988 1163
2591 1918 2636 1973 si
2668 1933 2863 1974 somno
2903 1934 3226 1990 oppressum
3279 1927 3335 1976 et
3379 1920 3509 1978 dor-

249 2009 403 2064 πάλιν
421 2008 730 2081 ἀπεχώρει·
753 2011 802 2062 εί
824 2010 879 2065 δέ
900 2027 1020 2064 τινα
1039 2009 1191 2082 ὕπνῳ
1219 2012 1583 2083 κατεχόμενον
1603 2011 1818 2084 ᾔσθετο,

1939 2007 2212 2072 mienlem,
2252 2016 2306 2061 et
2343 2023 2507 2062 manu
2546 2007 2692 2065 fores
2733 2010 3005 2080 pulsabat,
3049 2020 3103 2066 et
3141 2011 3324 2083 lingua
3354 2013 3508 2069 illum

245 2103 308 2170 τῇ
339 2101 482 2172 χειρὶ
513 2102 612 2172 μὲν
631 2102 730 2172 τὴν
756 2100 927 2172 θύραν
958 2101 1256 2168 έπάτασσε,
1286 2107 1349 2174 τῇ
1393 2103 1609 2176 γλώττῃ
1645 2105 1701 2158 δὲ
1732 2105 1814 2159 τὸν

1940 2107 1988 2155 ιιι
2010 2103 2232 2170 corpori
2276 2103 2398 2172 plus
2424 2117 2586 2172 aequo
2615 2104 2944 2158 servientem
2979 2104 3317 2176 increpabat.
3339 2106 3509 2173 Quem

247 2193 640 2264 κατακείμενον
671 2193 914 2258 ἔϐαλλεν,
947 2193 1024 2258 ώς
1061 2194 1284 2248 πλείονα
1308 2195 1340 2264 ἢ
1363 2195 1470 2248 ἔδει
1501 2195 1578 2265 τῷ
1610 2195 1816 2264 σώματι

1939 2189 2048 2258 ejus
2090 2190 2332 2244 laborem
2383 2191 2796 2248 considerantes
2852 2194 3074 2264 quidam
3139 2209 3170 2250 e
3205 2186 3508 2260 sodalibus,

247 2283 342 2353 τὴν
373 2283 669 2354 θεραπείαν
690 2284 1087 2355 προσφέροντα.
1123 2283 1322 2338 Τοῦτον
1351 2284 1516 2340 αὐτοῦ
1547 2285 1636 2338 τὸν
1662 2287 1816 2340 πόνον

1938 2298 2270 2353 suggesserc,
2289 2292 2346 2337 ιιι
2366 2301 2533 2340 unum
2557 2285 2816 2342 omnibus
2834 2287 3098 2342 conderet
3115 2287 3507 2344 habitaculum.

247 2373 353 2428 τῶν
378 2375 779 2446 ὁμογνωμόνων
817 2373 963 2438 τινὲς
993 2374 1348 2446 θεασάμενοι,
1397 2376 1456 2428 ἓν
1489 2377 1816 2430 πᾶσινιοίκο-

1941 2371 2020 2425 Sic
2045 2372 2190 2426 enim
2224 2371 2492 2438 futurum,
2517 2383 2651 2428 utet
2687 2374 2780 2446 qui
2813 2374 3050 2445 dispersi
3079 2385 3238 2432 erant
3280 2393 3510 2434 accura-

246 2466 475 2537 δομῆσαι
540 2465 886 2540 καταγώγιον
950 2467 1336 2537 εἰσηγήσαντο.
1405 2465 1815 2538 Ἀκριϐέστερον

1944 2463 2040 2518 .ius
2061 2463 2330 2529 viverent,
2384 2473 2436 2519 et
2479 2465 2597 2536 ipse
2665 2481 2860 2536 magna
2906 2467 3300 2524 sollicitudinis
3355 2481 3513 2540 parte

248 2557 352 2630 γάρ
375 2557 584 2626 ἔφασαν
629 2556 756 2620 τούς
809 2574 869 2610 τε
927 2557 1022 2612 νῦν
1065 2557 1477 2629 δεσπαρμένους
1511 2557 1817 2628 βιώσεσθαι,

1941 2558 2224 2610 levaretur.
2267 2553 2506 2610 Probato
2574 2555 2843 2617 consilio,
2903 2555 2990 2610 vir
3041 2557 3510 2626 sapientissimus.

247 2651 338 2701 καὶ
385 2649 548 2702 αὐτὸν
587 2649 685 2718 τῆς
723 2647 970 2712 πλείονος
1015 2649 1295 2720 φροντίδος
1319 2648 1816 2720 ἀπαλλαγήσεσθαι.

1940 2661 2052 2700 :um
2074 2646 2444 2702 simulomnes
2466 2655 2882 2718 congregasset,
2901 2645 3509 2718 disjectisquecellulis.

258 2741 508 2808 Ἐδέξατο
539 2740 638 2813 τὴν
662 2743 981 2810 παραίνεσιν
1011 2742 1039 2796 6
1081 2741 1413 2812 σοφώτατος,
1446 2743 1540 2796 καὶ
1571 2743 1825 2812 συναγεί-

1944 2753 2220 2795 :ommune
2249 2739 2505 2794 omnibus
2531 2739 2872 2795 domicilium
2903 2740 3252 2806 aedificasset,
3301 2744 3513 2813 rogavit

247 2847 342 2900 ρας
372 2829 641 2894 ἅπαντας,
677 2837 772 2884 καὶ
811 2832 934 2894 τοὺς
967 2831 1196 2902 μικροὺς
1237 2832 1478 2895 ἐκείνους
1516 2833 1816 2898 καταλύσας

1944 2839 1988 2884 ,ιι
2027 2846 2135 2886 una
2176 2831 2441 2897 viverent,
2479 2847 2543 2885 ac
2571 2848 2695 2888 sese
2717 2841 2909 2888 mutuo
2941 2835 3249 2890 eXcitarent
3282 2876 3298 2901 ,
3337 2848 3392 2889 ut
3423 2835 3513 2891 hic

243 2921 540 2986 οίκίσκους,
581 2922 675 2975 ἐνα
728 2922 786 2976 δὲ
839 2924 954 2985 τοῖς
1001 2921 1434 2993 συνειλεγμένοις
1477 2923 1812 2994 δειμάμενος1

1944 2919 2147 2990 ιιιὶιίειιι
2178 2919 2327 2975 illius
2357 2919 2666 2976 imitaretur
2689 2922 3194 3000 mansuetudinem,
3230 2921 3322 2979 ille
3346 2923 3513 2994 hujus

209 2997 400 3084 ’κοινῇ
448 3029 503 3066 τε
558 3012 959 3078 πολιτεύεσθαι,
1009 3013 1104 3066 καὶ
1161 3015 1508 3086 παραθήγειν
1565 3016 1778 3088 ἀλλήλοι

1943 3017 2046 3072 telo
2077 3018 2552 3072 mansuetudinem
2591 2997 2964 3088 temperaret:
2995 3033 3140 3073 unus
3185 3017 3341 3073 alteri
3375 3018 3512 3090 vigi-

235 3105 318 3158 ίκέ
333 3121 478 3166 τευε,
501 3105 595 3158 καὶ
621 3103 808 3158 τοῦτον
838 3104 936 3176 μὲν
970 3104 1068 3178 τὴν
1098 3106 1307 3160 ἐκείνου
1347 3107 1631 3178 μιμεῖσθαι
1656 3110 1798 3180 πραό

1939 3109 2030 3164 lias
2053 3110 2504 3172 communicaret,
2539 3108 2608 3164 ab
2643 3123 2818 3180 eoque
2852 3109 3094 3165 vicissim
3121 3109 3508 3180 jejuniiabsti-

234 3214 405 3268 τητα,
425 3198 629 3251 ἐκεῖνον
649 3195 705 3250 δὲ
732 3196 808 3268 τῷ
819 3195 1010 3251 τούτου
1029 3195 1176 3268 ζήλῳ
1197 3199 1522 3269 κεραννύναι
1552 3199 1611 3252 τὺ
1631 3202 1800 3271 πρᾶον

1938 3199 2164 3255 nentiam
2181 3199 2470 3254 edisceret.
2496 3217 2513 3250 ι
2540 3199 2629 3254 Sic
2646 3200 2814 3268 enim,
2834 3200 3036 3271 inquit,
3053 3215 3086 3255 a
3105 3201 3259 3256 nobis
3275 3200 3507 3257 invicem

239 3292 341 3344 καὶ
373 3290 531 3344 ἄλλον
567 3291 874 3363 ἀγρυπνίας
925 3291 1298 3359 μεταδιδόντα,
1330 3292 1420 3344 τοῦ
1446 3294 1543 3363 τῆς
1571 3295 1808 3363 νηστείας

2018 3290 2144 3360 mod
2165 3289 2314 3345 deest
2342 3300 2678 3358 Illulllalllcs,
2695 3292 2953 3348 virtutem
2977 3295 3240 3349 omnibus
3259 3294 3510 3364 partibus
3581 3273 3587 3292 ’

243 3380 684 3452 μεταλαμϐάνειν
716 3380 1060 3453 μαθήματος.
1100 3399 1118 3434 ι
1156 3379 1312 3440 Οὕτω
1351 3381 1458 3451 γὰρ
1505 3386 1633 3454 παρ’
1665 3385 1812 3456 ἀλλή-

1940 3382 2234 3436 absolutam
2270 3383 2584 3438 reddemus.
2612 3383 2788 3453 Atque
2824 3392 2880 3436 ιιι
2928 3385 2982 3439 in
3033 3384 3155 3441 foro
3183 3400 3369 3442 rerum
3416 3401 3509 3442 ve—

241 3473 374 3538 λων,
436 3471 560 3542 ἔφη,
603 3473 665 3526 τὸ
713 3473 889 3526 ἐνδέον
929 3473 1324 3544 λαμϐάνοντες,
1357 3475 1453 3546 τὴν
1487 3475 1810 3550 τελεωτάτηι

1937 3474 2134 3528 nalium
2162 3473 2302 3527 alius
2335 3489 2503 3544 panes
2527 3475 2732 3538 vendit,
2763 3476 2904 3528 alius
2935 3468 3109 3541 olera,
3142 3475 3230 3532 hic
3277 3477 3506 3533 vestium

244 3563 669 3634 κατορθώσομεν
703 3566 926 3636 ἀρετήν.
963 3565 1226 3637 Καθάπερ
1257 3567 1365 3638 γάρ
1396 3569 1453 3621 ὲν
1483 3572 1604 3634 ταῖς
1624 3569 1813 3623 πολιτιε

1936 3567 2146 3622 institor
2167 3575 2272 3631 est,
2298 3567 2387 3620 ille
2413 3565 2593 3637 Opifex
2617 3568 3142 3634 calceamentorum,
3174 3583 3204 3620 a
3233 3583 3292 3622 se
3319 3575 3505 3622 autem

244 3655 372 3719 κοιῖς
402 3655 646 3725 ἀγοραῖς,
686 3657 713 3708 6
758 3657 857 3726 μὲν
894 3657 1074 3727 ἀρτων
1099 3658 1216 3710 ἐστὶ
1247 3659 1486 3730 πρατὴρ,
1533 3663 1561 3714 6
1585 3661 1640 3714 δὲ
1666 3661 1813 3733 λαχά·

1937 3659 2162 3714 invicem
2196 3659 2246 3712 id
2277 3673 2386 3729 quo
2431 3675 2570 3729 opus
2631 3659 2836 3714 habent
2889 3668 3296 3730 comparantes,
3341 3661 3506 3713 vitam

245 3767 374 3809 νων,
413 3748 442 3800 6
469 3747 522 3801 δὲ
549 3746 777 3818 ἱματίων
826 3747 1087 3819 ἔμπορος.
1143 3749 1300 3814 ἄλλος
1358 3751 1412 3804 δὲ
1465 3751 1814 3823 ὑποδημάτωι

1940 3753 2506 3824 Igutitjucundiorem
2541 3769 2554 3803 :
2589 3753 2682 3822 qui
2728 3753 2875 3807 enim
2926 3754 3021 3807 dat
3058 3757 3074 3774 ‘
3126 3761 3355 3816 vestem,
3410 3767 3509 3822 pro

242 3841 576 3912 δημιουργός
595 3855 608 3868 ⁸
640 3839 772 3910 παρ’
801 3839 1048 3912 ἀλλήλων
1085 3839 1142 3894 δὲ
1170 3841 1268 3911 τὴν
1299 3843 1487 3912 χρείαν
1514 3844 1811 3916 έρανιζόμεε

1933 3861 1992 3902 ea
2031 3846 2249 3901 calceos
2281 3845 2501 3915 accipit,
2536 3851 2589 3900 et
2613 3842 2703 3915 qui
2735 3843 2868 3898 emit
2897 3845 3038 3908 olus,
3057 3842 3244 3898 vendit
3278 3857 3502 3912 panem:

244 3948 328 3985 νοι
357 3931 762 4004 θυμηρέστερον
787 3929 1124 4002 βιοτεύουσιν
1147 3951 1160 3964 ·
1187 3933 1215 3987 6
1247 3935 1344 4004 μὲν
1372 3934 1481 4007 γάρ
1505 3936 1721 4004 ίμάτιον
1750 3937 1813 3990 δι·

2065 3945 2119 3993 et
2174 3955 2278 3993 nos
2306 3936 2547 3991 vicissim
2588 3943 2804 4004 oportet
2833 3933 3268 4004 pretiosissimas
3289 3931 3512 3986 virtutis
3597 3986 3599 3989 .

243 4022 389 4086 δοὺς,
422 4023 810 4094 ἀντιλαμϐάνει
831 4024 1105 4095 ὑπόδημα,
1135 4025 1162 4076 6
1189 4025 1244 4078 δὲ
1269 4027 1498 4095 λάχανον
1525 4027 1812 4097 ὠνούμενος

1938 4039 2115 4099 partes
2142 4033 2286 4084 inter
2309 4045 2408 4084 nos
2433 4036 2764 4098 permutare.
2803 4045 2819 4077 ι
2849 4028 2986 4082 Cum
3022 4027 3076 4080 in
3105 4026 3254 4082 hunc
3286 4026 3507 4080 modum

246 4110 559 4165 ἀποδίδοται
585 4113 782 4182 ἄρτον·
811 4113 984 4177 οὕτως
1021 4115 1168 4184 ἡμᾶς
1205 4114 1457 4182 ἀλλήλοις
1508 4116 1815 4169 ἀντιδιδόναι

1935 4119 2024 4188 qui
2054 4117 2300 4186 ejusdem
2329 4124 2488 4171 erant
2523 4116 2719 4183 linguae
2745 4121 3139 4168 exercerentur
3161 4121 3216 4167 et
3247 4114 3504 4168 decerta-

249 4203 518 4271 προσήκει
536 4201 636 4270 τῆς
657 4203 858 4272 ἀρετῆς
875 4203 945 4255 τὰ
961 4203 1304 4272 πολυτίμητα
1321 4203 1503 4275 μόρια.
1519 4203 1703 4257 »Οὕτω
1722 4204 1818 4256 τῶν

1939 4218 2076 4272 rent,
2104 4208 2307 4277 Deique
2363 4206 2553 4260 laudes
2603 4207 2793 4258 Graeco
2843 4218 3097 4257 sermone
3139 4202 3508 4270 celebrarent,

244 4290 607 4362 ὁμογλώττων
623 4291 1050 4362 γυμναζομένων
1082 4308 1139 4344 τε
1167 4293 1260 4346 καὶ
1285 4295 1720 4365 ἀγωνιζομένων,
1739 4297 1813 4349 κα¹

1941 4299 2076 4369 cepit
2108 4299 2248 4354 alios
2283 4298 2374 4366 qui
2415 4297 2592 4366 patria
2641 4295 2823 4362 lingua
2851 4293 3220 4362 loquebantur
3263 4293 3510 4364 ejusdem

263 4382 474 4438 Ἐλλάδι
498 4385 646 4453 φωνῇ
659 4383 750 4437 τὸν
763 4383 895 4437 Θεὸν
907 4384 1313 4454 ἀνυμνούντων,
1337 4386 1527 4440 ἐλαϐεν
1545 4387 1682 4460 ἔρως
1699 4405 1829 4442 ταυ-

1942 4390 2173 4447 instituti
2215 4388 2595 4444 desiderium:
2650 4386 3088 4455 acccdenlesque
3150 4401 3218 4441 ex
3247 4386 3511 4441 his.non-

245 4478 377 4548 τησι
394 4477 492 4546 τῆς
527 4474 800 4539 πολιτείας
829 4477 922 4530 καὶ
950 4477 1079 4540 τοὺς
1100 4480 1166 4548 τῇ
1185 4479 1434 4550 ἐγχωρίῳ
1456 4482 1814 4552 κεχρημένους

1942 4483 2067 4538 nulli
2097 4488 2356 4552 rogarunt
2386 4489 2444 4533 ut
2473 4480 2524 4532 in
2561 4493 2778 4548 gregem
2811 4485 3226 4547 coaptarentur,
3259 4486 3317 4533 ut
3353 4475 3511 4535 sacra

248 4567 528 4638 φωνῇοκαὶ
551 4564 946 4638 συνδραμόντες
968 4566 1110 4630 τινὲς
1126 4568 1385 4630 ἱκέτευον,
1401 4569 1612 4640 καὶτῆς
1629 4571 1817 4643 ἀγέλης

1938 4575 2056 4639 ejus
2081 4573 2375 4642 disciplina
2413 4569 2746 4626 fruerentur.
2783 4568 2996 4623 Annuit
3054 4569 3147 4624 ille
3189 4571 3507 4641 postulatis.

247 4657 524 4728 γενέσθαι.
549 4659 644 4712 καὶ
673 4657 772 4726 τῆς
814 4660 965 4730 ίερᾶς
994 4659 1160 4713 αὐτοῦ
1200 4660 1552 4726 διδασκαλίας
1590 4665 1816 4733 μεταλα·

1947 4665 2072 4736 legis
2087 4679 2296 4718 memor
2317 4661 2629 4729 Dominicre,
2655 4676 2762 4731 qua
2785 4660 2994 4716 sanctis
3009 4663 3277 4731 apostolis
3302 4661 3516 4735 1165.

243 4753 367 4823 χεῖν
385 4767 398 4780 ·
436 4750 654 4818 ἐδέξατο
671 4751 724 4804 δέ
759 4752 857 4819 τὴν
879 4751 1113 4824 αἴτησιν,
1130 4753 1230 4824 τῆς
1255 4756 1588 4825 Δεσποτικῆς
1626 4773 1812 4827 μεμνηι

1944 4755 2126 4816 edixit,
2165 4772 2184 4806 ι
2212 4753 2416 4810 Euntes
2436 4751 2627 4807 docete
2653 4766 2844 4806 omnes
2869 4759 3058 4821 gentes
3088 4749 3163 4805 ι.»
3194 4751 3258 4806 Et
3281 4753 3513 4807 alterum

251 4847 415 4914 μένος
448 4844 790 4915 νομοθεσίας,
822 4845 888 4916 ἦν
926 4847 1038 4910 τοῖς
1073 4847 1238 4917 ἱεροῖς
1265 4847 1663 4919 προσενήνοχεν
1698 4849 1820 4901 ἀπο·

1944 4859 2104 4916 pr0pe
2137 4853 2356 4900 struens
2390 4842 2786 4909 habitaculum,
2816 4841 2916 4897 hos
2958 4842 3031 4897 ibi
3070 4841 3271 4913 degere
3327 4841 3513 4910 jussit,

251 4935 484 5001 στόλοις,
539 4954 556 4986 ι
593 4936 976 5007 Πορευθέντες,
1008 4937 1204 5006 λέγων,
1239 4939 1617 5009 μαθητεύσατε
1657 4939 1820 4993 πάντα

1948 4951 2268 5006 sacrumque
2293 4937 2553 5006 templum
2577 4933 2880 4999 aediﬁcans,
2917 4949 2984 4988 eo
3039 4943 3304 5004 utrosque
3359 4950 3517 4989 mane

255 5023 330 5078 τὰ
380 5024 528 5090 ἔθνη.
581 5045 599 5078 ι
644 5028 750 5080 Καὶ
803 5029 933 5099 παρ’
979 5030 1156 5096 ἐκεῖνο
1188 5029 1250 5081 τὸ
1288 5028 1630 5098 καταγώγιον
1653 5030 1824 5100 ἕτεροι

1950 5046 2002 5084 ιο
2033 5044 2256 5099 vespere
2285 5027 2583 5082 convenire
2609 5025 2890 5096 praecepit,
2947 5037 3007 5080 ut
3063 5026 3410 5096 vespertinas
3464 5036 3519 5081 et

245 5115 635 5187 οίκοδομήσας,
673 5121 789 5172 ἐκεῖ
808 5119 1032 5185 τούτους
1059 5121 1268 5190 διάγειν
1285 5122 1528 5176 ἐκέλευε·
1566 5122 1701 5175 νεών
1721 5141 1814 5178 τινι

1949 5120 2242 5176 matutinas
2277 5117 2470 5174 laudes
2516 5117 2626 5172 Deo
2697 5116 2862 5173 simul
2928 5115 3211 5184 olferrent,
3264 5117 3518 5172 bifariam

249 5205 398 5260 θεῖον
429 5210 869 5276 κατασκευάσας,
927 5214 1008 5274 εἰς
1071 5212 1130 5266 ὃν
1179 5214 1272 5266 καὶ
1299 5213 1520 5276 τούτους
1554 5213 1818 5267 κάκείνου.

1950 5211 2162 5281 quidem
2194 5209 2395 5274 divisi,
2419 5216 2474 5264 et
2528 5208 2756 5280 propria
2789 5209 2995 5278 quique
3060 5209 3245 5279 lingua
3279 5216 3519 5274 utentes,

253 5299 494 5355 συνιέναι
532 5300 858 5371 προσέταξεν
877 5303 1185 5375 ἀρχομένης
1209 5319 1266 5356 τε
1299 5305 1390 5358 καὶ
1411 5303 1685 5375 ληγούσης
1701 5305 1822 5375 ἡμέ·

1951 5304 2041 5359 sed
2065 5304 2293 5358 alternis
2332 5303 2480 5357 inter
2515 5317 2572 5357 se
2627 5299 3007 5355 concinentes.
3070 5297 3405 5370 [iuravitque
3455 5300 3520 5356 ad

251 5409 382 5462 ρας,
414 5391 502 5444 ῖνα
538 5392 630 5444 καὶ
680 5391 778 5462 τὴν
827 5393 1122 5464 έσπερινὴν
1165 5393 1259 5448 καὶ
1290 5393 1388 5466 τὴν
1428 5394 1657 5466 ἑωθινὴν
1697 5397 1820 5465 ὑμν·

1954 5397 2092 5450 hunc
2125 5410 2297 5466 usque
2321 5395 2464 5449 diem
2499 5393 2622 5462 ejus
2653 5391 2826 5446 forma
2860 5391 3127 5456 instituti,
3153 5391 3230 5446 ita
3265 5400 3523 5464 utneque

251 5481 422 5550 ῳδὶοιν
457 5485 611 5554 κοινῇ
643 5482 995 5553 προσφέρωσι
1025 5483 1101 5553 τῷ
1121 5483 1262 5555 Θεῷ,
1290 5485 1413 5556 διχῆ
1444 5485 1542 5556 μὲν
1574 5486 1820 5557 διῃρημέ·

1955 5498 2208 5556 letnptls,
2266 5485 2411 5556 quod
2467 5485 2583 5540 haec
2644 5483 2862 5553 aliaque
2931 5482 3252 5552 huiusmodi
3313 5494 3524 5540 mutare

253 5588 360 5635 νοι,
388 5572 483 5626 καὶ
513 5574 578 5643 τῇ
608 5571 785 5642 οἰκείᾳ
810 5571 1040 5636 ἕκαστος
1067 5576 1402 5644 κεχρημένος
1428 5579 1599 5646 φωνῇ,
1627 5579 1691 5630 ὲκ
1721 5577 1822 5630 δια-

1956 5580 2106 5642 solet,
2140 5593 2315 5647 neque
2347 5577 2498 5630 illius
2547 5589 2905 5631 successores
2945 5574 3296 5644 praescriptas
3349 5573 3420 5628 ab
3459 5587 3525 5630 eo

357 5735 372 5773 ³
421 5749 616 5804 Matth.
671 5765 866 5814 xxvttt,
925 5750 1011 5803 l9.

500 5841 770 5903 Ρλτιωιι.
809 5843 924 5902 Gn.
961 5841 1259 5903 LXXXII.

3148 5841 3221 5900 k3
