3974 6212
308 313 435 377 ηδτ
986 324 991 325 ’
1531 305 1935 367 RELIGIOSA
1973 304 2359 366 HISTORIA.
3410 293 3540 356 1353

299 426 427 491 ζων.
444 423 599 478 Οὕτω
619 423 708 477 καὶ
728 421 825 494 τήν
855 421 1145 494 προεδρίαν
1180 420 1480 491 κοσμήσας,
1505 420 1596 473 καὶ
1628 420 1726 488 τὴν
1748 420 1873 489 ἀρε-

1990 434 2067 472 ιου
2098 418 2330 485 liquido,
2369 432 2461 469 srtt
2489 422 2782 468 concreto:
2811 414 2887 466 sic
2926 412 3069 467 enim
3091 412 3271 467 vivere
3314 426 3543 481 ntapnus

297 515 397 587 τὴν
421 515 756 585 ὲπαυξήσας.
802 515 941 585 μετά
967 512 1073 566 τῶν
1103 512 1304 583 ταύτης
1336 511 1567 584 φορτίων
1601 511 1691 563 τὸν
1734 510 1873 562 θεῖον

1990 509 2209 563 Publius
2241 506 2503 560 edixerat.
2542 505 2657 559 Oiei
2696 518 2820 558 vero
2848 499 3008 556 usum
3046 511 3291 572 tempore
3347 499 3545 557 Pente-

298 608 493 678 λιμένα
528 606 817 662 κατέλαϐε.
843 606 954 660 Καὶ
988 606 1039 658 τί
1077 605 1155 658 δεῖ
1181 604 1359 672 λέγειν
1401 604 1529 674 περὶ
1554 602 1870 660 Θεοτέκνου.

1990 608 2160 653 rostes
2199 597 2588 658 admittentes,
2629 610 2694 648 eo
2742 602 2928 664 postea
2989 609 3182 648 rursus
3239 592 3538 647 abstinen'.

300 699 392 753 καὶ
423 699 514 753 τοῦ
542 698 657 769 μετ’
681 700 886 751 ἐκεῖνον
910 696 1228 767 Γρηγορίου,
1254 695 1347 748 τοῦ
1381 695 1479 763 μὲν
1505 697 1561 747 ὲν
1586 694 1798 763 νεότητι
1832 693 1937 745 πᾶν
1962 686 2097 753 εἶδος
2132 688 2447 758 φιλοσοφίας
2477 686 2870 757 συνειληχότος,
2896 686 2989 739 καὶ
3012 685 3147 755 μετά
3166 685 3264 754 τῆς
3292 701 3544 754 προγονι-

303 790 405 861 κῆς
428 790 677 853 εὐκλείας
706 788 1200 859 ἀποδεδημηκότος,
1228 787 1321 839 τοῦ
1349 786 1404 838 δὲ
1431 785 1508 838 ἕτι
1539 785 1630 839 καὶ
1663 785 1899 854 σήμερον
1917 785 1972 835 ὲν
1999 782 2145 851 γήρᾳ
2174 778 2345 849 βαθεῖ,
2368 778 2442 838 ὡς
2458 779 2514 828 ἐν
2532 776 2836 846 ἀκμάζοντι
2871 775 3159 838 πονοῦντος
3193 775 3268 845 τῷ
3296 777 3503 845 σώματι
3529 814 3541 834 ,

303 881 545 951 Διέμεινε
561 882 668 951 γὰρ
701 880 978 939 παντελῶς
998 880 1093 948 τῆς
1114 878 1356 948 ἀμπέλου
1387 878 1472 928 τὸν
1496 876 1706 946 καρπον
1729 872 2182 944 παραιτούμενος,
2209 869 2302 923 καὶ
2327 868 2447 921 οὐδὲ
2468 867 2623 930 δξσυς
2661 866 2694 935 ἢ
2721 867 2987 933 σταφίδων
3008 866 3458 935 μεταλαμϐάνων,
3481 866 3542 917 ο)

302 973 592 1040 γάλακτος,
627 973 728 1025 οὐκ
750 971 1208 1043 ἀρτιληφθέντος,
1248 970 1308 1023 οὐ
1334 969 1659 1039 πεπηγότος.
1689 966 1845 1020 Οῦτω
1871 965 1979 1036 γὰρ
2018 963 2167 1034 βιοῦν
2214 964 2243 1015 ὁ
2285 962 2458 1031 μέγας
2503 958 2860 1029 ἐνομοθέτησε
2902 955 3184 1018 Πούπλιος.
3234 955 3444 1009 Ἑλαίον
3491 956 3547 1007 δὲ

302 1063 444 1117 κατά
476 1053 567 1117 τὸν
590 1064 688 1133 τῆς
716 1063 1091 1131 Πεντηκοστῆς
1129 1062 1318 1131 καιρδν
1344 1061 1441 1131 τὴν
1478 1059 1668 1129 χρείαν
1704 1057 2079 1127 μανθάνοντες,
2122 1054 2217 1108 καὶ
2254 1053 2417 1107 πάλιν
2444 1049 2835 1121 παραιτοῦνται
2878 1047 3041 1100 αὑτοῦ
3081 1046 3180 1116 τὴν
3222 1044 3542 1114 μετάληψιν.

374 1155 607 1208 Τοιαῦτα
624 1156 718 1207 καὶ
739 1154 973 1223 περὶτοῦ
1001 1154 1235 1223 μεγάλου
1269 1153 1536 1206 Πουπλίου
1559 1150 1872 1220 μεμάθηκα,

2051 1144 2173 1198 Ilaec
2200 1160 2299 1213 ego
2318 1142 2386 1198 de
2409 1156 2606 1210 magno
2626 1138 2819 1194 Publio
2853 1137 3151 1201 condidici,
3196 1139 3391 1206 partim
3426 1139 3548 1207 qui-

304 1244 372 1298 τά
404 1244 500 1313 μὲν
527 1245 661 1314 ἀκοῇ
692 1243 1004 1312 δεξάμενος,
1036 1243 1101 1295 τά
1131 1242 1187 1294 δὲ
1216 1242 1341 1302 τοὺς
1374 1241 1584 1293 ἐκείνου
1615 1238 1874 1307 φοιτητὰς

1990 1234 2108 1289 dem
2141 1234 2208 1288 ab
2238 1234 2363 1290 aliis
2396 1232 2606 1295 audita,
2642 1231 2841 1302 partim
2906 1228 3027 1298 ejus
3077 1228 3380 1298 discipulos
3410 1230 3428 1248 ‘
3466 1229 3552 1282 in-

302 1334 638 1403 θεασάμενος
666 1334 759 1387 καὶ
778 1334 866 1387 τὸν
881 1333 1218 1393 διδάσκαλον,
1252 1332 1345 1386 καὶ
1374 1331 1461 1384 διὰ
1501 1331 1608 1383 τῶν
1630 1329 1876 1399 ἀθλητῶν

1990 1327 2192 1379 tuendo
2228 1325 2279 1378 in
2318 1323 2602 1393 discipulis
2641 1321 2960 1392 magistrum
3010 1334 3336 1390 agnoscens,
3379 1328 3432 1372 et
3485 1335 3548 1372 ex

303 1427 397 1476 τον
418 1423 769 1494 παιδοτρίϐην
804 1422 1153 1493 καταμαθών.
1185 1422 1404 1476 Ἀδικον
1440 1422 1617 1474 τοίνυν
1648 1421 1875 1491 νομίσας

1990 1416 2199 1471 athletis
2221 1414 2574 1483 pzedotribam
2600 1410 3095 1482 comprehendrns.
3134 1410 3309 1479 Iniqui
3345 1419 3551 1479 ergoet

307 1515 403 1568 xui.
434 1513 721 1583 βάσκανον,
765 1514 1031 1584 τοσαύτην
1089 1513 1357 1582 ὠφέλειαν
1413 1510 1698 1583 προδοῦναι
1723 1513 1875 1581 σιγῇ.

1990 1507 2153 1561 invidi
2189 1522 2312 1561 esse
2369 1520 2604 1560 censens
2674 1511 2881 1557 tantam
2948 1502 3237 1557 utilitatem
3304 1516 3551 1571 premere

308 1606 421 1666 τοῖς
469 1603 719 1671 ἀγνοοῦσι
761 1604 1123 1675 προστέθεικα
1160 1604 1220 1657 τδ
1254 1604 1522 1675 διήγημα,
1562 1604 1655 1657 καὶ
1696 1603 1877 1665 αὐτοῖς

1990 1596 2223 1659 silentio,
2249 1592 2745 1650 nescientibusista
2773 1591 3017 1655 narravi,
3050 1598 3111 1645 ut
3157 1597 3217 1645 et
3263 1589 3372 1643 illis
3435 1602 3544 1640 ma-

307 1691 406 1762 τὴν
434 1692 678 1745 ἐντεῦθεν
707 1692 972 1762 ὠφέλειαν
994 1693 1537 1765 πραγματευόμενος,
1556 1693 1879 1762 καὶὲμαυτῷ

1990 1695 2201 1741 nantem
2238 1686 2363 1740 inde
2392 1684 2629 1739 fructum
2655 1697 2965 1752 procurem,
2999 1688 3057 1737 et
3090 1696 3157 1735 ex
3189 1693 3547 1735 eorumeoru-

308 1780 370 1833 τὸ
402 1782 510 1834 ἀπὸ
530 1783 627 1852 τῆς
653 1784 871 1853 μνήμης
909 1784 1362 1855 περιποιούμενος
1384 1783 1593 1855 κέρδος.
1634 1785 1879 1836 Ἤκουσα

1990 1777 2376 1830 memoratione
2440 1775 2644 1846 aliquid
2720 1774 2843 1842 ipse
2918 1771 3282 1826 litcriiaciam.
3353 1769 3548 1824 Audivi

306 1868 418 1940 γὰρ
445 1869 538 1923 τοῦ
565 1871 834 1924 Δεσπότου
864 1872 1114 1938 λέγοντος
1136 1889 1149 1902 ο
1179 1890 1199 1923 σ
1235 1874 1349 1935 Πᾶς
1387 1874 1534 1935 ὅστις
1557 1872 1880 1942 ὁμολογήσει

1990 1866 2124 1920 enim
2186 1864 2479 1920 Dominum
2524 1866 2829 1920 dicentem:
2869 1880 2889 1913 ι
2955 1861 3056 1928 Qui
3114 1877 3199 1916 me
3254 1861 3549 1916 confessus

308 1963 368 2015 ὲν
400 1963 521 2031 ἐμοὶ
543 1961 849 2032 ἔμπροσθεν
875 1964 981 2016 τῶν
1012 1962 1332 2032 ἀνθρώπων,
1368 1964 1691 2033 ὁμολογήσω
1725 1960 1881 2030 κάγὼ

308 2054 368 2106 ὲν
388 2054 536 2124 αύτῷ
558 2053 862 2126 ἔμπροσθεν
887 2054 981 2107 τοῦ
1003 2054 1216 2125 Πατρός
1236 2072 1357 2125 μου,
1382 2053 1475 2107 τοῦ
1499 2056 1556 2107 ὲν
1574 2054 1632 2107 οὐ
1643 2055 1875 2124 ρανοῖς.ι

309 2141 421 2194 Καὶ
447 2137 562 2194 οἶδα
594 2141 801 2210 σαφῶς,
824 2142 899 2207 ὡς
927 2144 1038 2206 τοῖς
1061 2143 1368 2213 ἀνθρώποις
1401 2143 1497 2215 τὴν
1519 2143 1724 2197 τούτων
1750 2144 1881 2214 μνήο

312 2247 423 2300 μην
445 2230 847 2300 προσενεγκὼν,
880 2231 978 2301 τῆς
1012 2232 1107 2285 ἐπὶ
1146 2232 1241 2284 τοῦ
1270 2232 1405 2287 Θεοῦ
1434 2232 1545 2287 τῶν
1581 2233 1719 2288 ὅλων
1750 2235 1881 2305 παρ’

312 2322 492 2375 αὐτῶν
518 2322 889 2393 ἀπολαύσομαι
920 2324 1162 2394 μνήμης.

593 2415 682 2479 ς’.
704 2443 775 2452 -
810 2413 1178 2467 srmoan
1219 2417 1260 2468 o
1284 2414 1599 2471 ΠΑΛΑΙΟΣ.

383 2502 674 2574 Συμεὼνην
726 2505 782 2557 δὲ
838 2505 928 2558 τὸν
980 2506 1290 2577 πρεσϐύτην
1323 2506 1489 2569 εἴτις
1531 2506 1672 2560 έκὼν
1703 2525 1881 2579 παρα-

313 2590 561 2662 λ[ε]ίποι,
595 2592 687 2644 καὶ
712 2591 846 2662 λήθη
890 2592 990 2663 τῆς
1031 2593 1238 2646 ἐκείνου
1269 2594 1584 2664 φιλοσοφίας
1617 2597 1882 2667 παραδοίη

313 2683 411 2754 τὴν
447 2681 701 2753 μνήμην,
734 2682 945 2746 ἀδικίας
996 2683 1062 2737 ἂν
1110 2686 1334 2748 εἰκότως
1365 2686 1457 2738 καὶ
1492 2685 1792 2754 βασκανίας
1822 2687 1884 2741 οὗ

314 2771 477 2840 φύγοι
518 2772 756 2842 γραφὴν,
807 2772 882 2836 ὡς
934 2775 1071 2845 μήτε
1125 2776 1368 2828 ἐπαινεῖν
1418 2775 1618 2829 ἐθέλων
1662 2777 1729 2829 τὰ
1771 2776 1886 2843 ἀξι-

312 2862 534 2925 έπαινα,
565 2866 699 2932 μήτε
728 2865 838 2925 τοῖς
868 2862 1192 2931 ὠφελεῖσθαι
1226 2864 1572 2934 βουλομένοις
1601 2866 1682 2927 εἰς
1711 2862 1885 2936 μίμη-

318 2966 404 3002 σιν
434 2949 725 3020 ἀξιέραστα
757 2951 1053 3020 προτιθείς.
1094 2951 1235 3020 Ἐγὼ
1262 2953 1318 3005 δὲ
1356 2953 1415 3006 οὐ
1462 2953 1610 3023 φόϐῳ
1636 2954 1733 3024 τῆς
1753 2971 1885 3007 κατ·
1910 2981 1954 3041 C

316 3039 568 3109 ηγορίας,
596 3040 729 3093 ἀλλὰ
764 3040 911 3108 πόθῳ
941 3045 1039 3111 τῆς
1085 3042 1380 3112 εὐφημίας.
1418 3043 1515 3114 τῆς
1555 3042 1706 3096 τοῦδε
1736 3044 1886 3098 πολι-

315 3132 468 3194 τείας
502 3132 792 3203 ποιήσομαι
840 3133 939 3204 τὴν
987 3132 1257 3203 διήγησιν.
1302 3125 1470 3196 Οὗτος
1503 3131 1609 3203 γὰρ
1640 3132 1886 3188 πλεῖστον

315 3226 402 3279 ὖτι
440 3224 671 3294 μάλιστα
694 3223 957 3276 διετέλεσε
999 3224 1187 3295 χρόνον
1220 3223 1309 3277 τὸν
1350 3222 1613 3294 ὲρημικὸν
1651 3223 1890 3289 ἀσπαζὸ-

212 3308 219 3313 ’
321 3332 479 3383 μενος
511 3313 646 3383 βίον,
677 3315 770 3367 καὶ
808 3313 863 3365 ἓν
917 3331 1023 3366 τινι
1065 3313 1257 3384 βραχεί
1290 3310 1642 3382 διαιτώμενος
1685 3315 1884 3385 ἄντρῳ,

319 3400 648 3472 παραψυχῆς
681 3401 777 3472 μὲν
817 3400 1163 3472 ἀνθρωπίνης
1205 3400 1460 3469 οὐδεμιᾶς
1490 3400 1756 3472 ἀπήλαυε·
1793 3401 1889 3471 μό·

318 3508 409 3553 νος
449 3490 556 3562 γάρ
581 3489 838 3561 βιοτεύειν
894 3490 1205 3561 προείλετο,
1239 3489 1316 3561 τῷ
1356 3487 1476 3560 Θεῷ
1503 3490 1558 3543 δὲ
1603 3490 1713 3543 τῶν
1753 3490 1889 3543 ὅλων

320 3579 611 3650 ἐνδελεχῶς
634 3581 933 3647 διελέγετοο
964 3581 1063 3644 τάς
1099 3579 1389 3653 ἐδωδίμους
1416 3580 1475 3634 δὲ
1511 3580 1620 3634 τῶν
1650 3580 1889 3653 βοτανῶν

320 3672 555 3724 ἐποιεῖτο
585 3672 810 3741 τροφήν.
837 3664 1004 3735 Οὗτος
1028 3674 1054 3725 ὁ
1077 3674 1235 3736 πόνος
1270 3670 1416 3742 αὐτῷ
1439 3672 1532 3725 καὶ
1559 3671 1658 3743 τὴν
1685 3671 1890 3727 ἀνωθεν

321 3761 582 3815 πλουσίαν
602 3762 917 3833 ἐδωρήσατο
946 3763 1104 3833 χάριν
1123 3803 1139 3827 ,
1186 3762 1260 3826 ὡς
1306 3763 1399 3817 καὶ
1431 3764 1544 3827 τοῖς
1574 3762 1889 3834 ἀλκιμωτά-

317 3870 433 3915 τοις
472 3853 564 3906 καὶ
598 3853 955 3925 θρασυτάτοις
987 3854 1296 3907 ἐπιτάττειν
1326 3854 1555 3925 θηρίοις.
1593 3856 1700 3908 Καὶ
1732 3855 1891 3909 τοῦτο

319 3943 476 4015 δῆλον
503 3946 563 3997 οὐ
601 3949 711 4009 τοίς
738 3945 985 3999 εὐσεϐέσι
1007 3944 1208 4016 μόνοις,
1231 3945 1365 3999 ἀλλά
1393 3947 1484 3999 καὶ
1507 3949 1618 4009 τοῖς
1640 3946 1890 4009 ἀπίστοις

332 4034 601 4099 Ἰουδαίοις
630 4036 863 4105 ἐγένετο.
910 4036 1112 4108 Χρείας
1139 4034 1239 4105 μὲν
1282 4036 1393 4107 γάρ
1421 4053 1563 4098 τινος
1598 4035 1762 4088 ἕνεκα
1792 4036 1891 4088 ἀπ-

322 4122 557 4192 εδήμουν
575 4124 653 4185 είς
676 4141 728 4177 τι
758 4126 867 4178 τῶν
893 4126 1186 4196 φρουρίων,
1208 4124 1317 4176 τῶν
1339 4124 1443 4188 ἔξω
1470 4123 1570 4193 τῆς
1603 4124 1723 4177 καθ’
1744 4124 1889 4195 ἡμᾶς

320 4212 644 4280 οἰκουμένης
681 4214 1059 4283 διακειμένων.
1109 4213 1297 4266 Ύετοῦ
1327 4213 1385 4266 δὲ
1428 4214 1630 4284 λάϐρου
1668 4215 1891 4283 γενομέ-

1983 1955 2146 2011 fuerit
2184 1969 2369 2008 coram
2428 1954 2765 2019 hominibus,
2817 1951 3121 2007 conﬁtebor
3162 1960 3220 2005 et
3278 1965 3380 2021 ego
3420 1965 3549 2005 eum

1978 2062 2164 2103 coram
2205 2046 2363 2101 Patre
2403 2047 2627 2117 meoqui
2655 2054 2740 2101 est
2764 2045 2817 2100 in
2846 2045 3085 2106 cmlis",
3132 2060 3149 2094 ι
3177 2043 3551 2112 exploratum-

1980 2156 2088 2210 que
2133 2139 2308 2194 babco
2371 2138 2640 2201 futurum,
2688 2147 2747 2193 ut
2797 2137 2841 2192 si
2862 2151 3057 2191 eorum
3114 2134 3255 2204 apud
3303 2133 3552 2187 homines

1980 2231 2318 2286 mentionem
2354 2228 2555 2292 fecero,
2592 2230 2964 2299 ipsi.quoque
3012 2226 3116 2280 mei
3176 2225 3320 2295 apud
3381 2223 3549 2279 Deum

1982 2320 2361 2378 universorum
2396 2320 2768 2376 meminerint.

2177 2412 2387 2483 1167
2421 2412 2590 2466 VI.-—
2623 2408 2990 2475 SYMEONES
3027 2407 3339 2464 PRISCUS.

2054 2502 2386 2573 Symconem
2408 2514 2537 2554 vero
2554 2513 2742 2554 senem
2768 2498 2958 2567 siquis
2982 2511 3080 2551 sua
3107 2504 3304 2566 sponte
3334 2502 3553 2565 praetcr-

1985 2593 2190 2657 mittat,
2232 2593 2611 2659 virtutumque
2637 2588 2763 2658 ejus
2795 2587 3131 2643 mentionem
3165 2585 3389 2641 silentio
3422 2599 3550 2653 pre-

1986 2692 2117 2747 mat,
2154 2682 2370 2752 injuria:
2401 2682 2599 2737 merito
2622 2689 2676 2736 et
2704 2680 2921 2737 invidiae
2948 2686 3135 2733 notam
3167 2691 3275 2732 non
3305 2675 3549 2748 eﬂ‘ugiet,

1986 2781 2044 2826 ut
2068 2772 2162 2842 qui
2196 2786 2295 2826 nec
2323 2769 2547 2825 laudare
2582 2770 2673 2825 illa
2718 2770 2851 2825 velit
2886 2784 3010 2838 qua
3070 2766 3349 2823 laudanda
3400 2774 3549 2829 sunt,

1988 2876 2089 2917 nec
2117 2878 2238 2932 qua:
2265 2861 2449 2917 studio
2478 2861 2641 2932 digna
2664 2861 2733 2917 iis
2761 2860 2856 2931 qui
2881 2860 3147 2931 prolicere
3176 2858 3407 2927 cupiunt
3430 2858 3555 2913 imi-

1986 2952 2154 3007 tanda
2194 2968 2522 3023 proponere.
2575 2951 2688 3024 Ego
2719 2967 2849 3008 vero
2886 2953 3010 3023 ejus
3051 2952 3178 3006 vitae
3234 2950 3550 3006 institutum

1985 3058 2099 3099 non
2148 3042 2597 3114 reprehensionis
2658 3052 2842 3108 metu,
2891 3043 2988 3099 sed
3052 3043 3234 3098 laudis
3281 3041 3556 3098 desiderio

1988 3144 2313 3191 narraturus
2344 3152 2488 3190 sum.
2533 3135 2631 3191 IIic
2655 3135 2803 3191 enim
2845 3135 3013 3191 vitam
3051 3135 3394 3192 eremiticam
3428 3135 3552 3191 lon-

1988 3225 2220 3296 gissimo
2243 3231 2494 3296 tempore
2528 3224 2709 3288 duxit,
2747 3239 3025 3295 parvaque
3066 3224 3120 3279 in
3159 3224 3427 3296 spelunca
3459 3224 3555 3281 de-

1985 3331 2121 3387 gens
2152 3316 2305 3385 nullo
2342 3316 2582 3370 humano
2627 3316 2826 3371 solatio
2870 3316 3174 3381 fruebatur,
3219 3318 3374 3373 solus
3404 3317 3551 3373 enim

1986 3408 2168 3463 vivere
2205 3406 2458 3471 malebat,
2492 3407 2585 3464 sed
2621 3424 2743 3462 cum
2768 3407 2878 3465 Deo
2908 3408 3295 3464 universorum
3323 3409 3549 3466 assidue

1989 3498 2430 3569 colloquebatur.
2453 3497 2651 3555 Herhis
2674 3506 2857 3554 autem
2880 3500 3179 3554 esculentis
3203 3500 3550 3555 vescebatur.

1992 3590 2110 3655 Quo
2137 3606 2201 3646 es
2235 3589 2422 3645 labore
2441 3590 2728 3661 copiosum
2751 3590 2997 3645 cmlestis
3018 3591 3207 3659 gratiae
3236 3591 3551 3645 thesaurum

1991 3679 2229 3751 adeptus
2263 3688 2372 3743 est,
2406 3681 2483 3737 ita
2522 3689 2583 3735 ut
2626 3681 3043 3737 immanissimis
3087 3695 3155 3735 ac
3196 3679 3555 3736 ferocissimis

1984 3771 2184 3828 belluis
2228 3771 2544 3841 imperaret.
2592 3771 2647 3826 Id
2694 3771 2839 3840 quod
2870 3787 2976 3827 non
3034 3770 3287 3827 ﬁdelibus
3317 3778 3552 3834 tantum,

1989 3865 2087 3921 sed
2135 3863 2439 3920 incredulis
2488 3863 2651 3919 etiam
2705 3861 2911 3919 Iudaeis
2957 3862 3311 3919 notissimum
3356 3862 3551 3919 evasit.

1990 3955 2144 4011 Ibant
2166 3956 2310 4010 enim
2346 3955 2644 4025 aliquando
2683 3955 2888 4026 negotii
2925 3954 3239 4023 cuiuspiam
3285 3969 3453 4009 causa
3499 3955 3553 4008 in

1989 4048 2248 4118 oppidum
2300 4047 2577 4116 quoddam
2627 4054 2785 4100 extra
2845 4046 3089 4115 regionis
3153 4054 3358 4101 nostra!
3422 4046 3555 4099 lines

1991 4138 2254 4209 positum.
2283 4134 2460 4190 Imbre
2484 4144 2663 4190 autem
2699 4151 2822 4191 cum
2850 4137 3002 4191 venti
3030 4135 3271 4205 procella
3306 4135 3555 4190 ell'luente

1992 4227 2254 4286 maximo,
2284 4240 2410 4278 eum
2435 4224 2697 4279 ulteriora
2726 4225 2912 4279 videre
2964 4238 3070 4277 non
3100 4232 3347 4292 possent,
3394 4223 3551 4278 aber-

321 4319 439 4365 νου,
470 4303 563 4355 καὶ
587 4301 848 4364 λαίλαπος
870 4302 1304 4373 προσϐαλούσης,
1341 4304 1767 4376 διαμαρτάνουσι
1789 4305 1888 4375 μὲν

1991 4320 2185 4367 rarunt
2243 4327 2270 4364 a
2314 4311 2424 4372 via,
2472 4311 2839 4380 errabantque
2882 4325 2979 4380 per
3029 4310 3403 4372 solitudinem,
3454 4327 3556 4367 nec

322 4390 424 4463 τῆς
452 4392 592 4455 ὀδοῦ,
617 4392 688 4444 τά
734 4391 925 4463 πρόσω
969 4391 1187 4463 βλέπειν
1215 4394 1276 4448 οὐ
1307 4393 1626 4465 δυνάμενοι·
1657 4395 1892 4449 ἀλῶνται

322 4479 379 4533 δὲ
404 4479 544 4533 κατά
594 4478 690 4551 τὴν
722 4479 949 4552 ἔρημον,
975 4480 1097 4534 οὔτε
1126 4480 1337 4552 κώμην,
1376 4482 1499 4536 οὔτε
1527 4484 1737 4556 ἄντρον,
1768 4483 1891 4538 οὔτε

320 4570 505 4639 δδίτην
521 4570 885 4646 εὑρίσκοντες,
921 4572 980 4625 ἐν
1005 4571 1216 4643 ἠπείρῳ
1249 4573 1304 4626 δὲ
1348 4574 1486 4645 μέση
1532 4576 1646 4637 τοῖς
1675 4575 1893 4627 ναυτιλ-

325 4663 571 4733 λομένοις
620 4664 998 4736 παραπλήσιον
1032 4664 1497 4736 κλυδωνιζόμενοι,
1539 4666 1891 4735 καταλαμϐά-

326 4773 505 4811 νουσιν
533 4751 644 4810 οἷόν
678 4774 801 4809 τινα
822 4757 1015 4826 λιμένα
1041 4757 1133 4810 τοῦ
1167 4756 1311 4811 θείου
1351 4757 1639 4826 Συμεώνου
1660 4757 1720 4810 τὸ
1753 4759 1892 4827 σπη-

323 4846 508 4909 λαιον,
543 4849 636 4901 καὶ
684 4848 977 4918 θεωροῦσιν
1017 4848 1300 4920 ἄνθρωπον
1349 4848 1643 4918 αὐχμῶντα
1676 4851 1769 4902 καὶ
1808 4851 1894 4918 ρυ·

327 4940 533 5004 πῶντα,
566 4943 661 4994 καὶ
683 4941 854 5012 βραχύ
879 4959 930 4994 τι
953 4942 1178 5011 σισύρας
1207 4941 1300 4993 ἐπὶ
1324 4941 1430 4994 τῶν
1450 4939 1614 5011 ὤμων
1640 4941 1890 5014 φέροντα.

337 5030 398 5087 '0
421 5032 478 5085 δὲ
500 5028 603 5086 εἶδέ
635 5050 690 5086 τε
736 5033 873 5103 ὁμοῦ
914 5035 1007 5087 καὶ
1042 5034 1347 5106 ἠσπάσατο.
1377 5034 1482 5087 Καὶ
1515 5034 1621 5105 γὰρ
1662 5035 1895 5103 εὐπροσ-

325 5125 526 5195 ήγορος
553 5120 641 5197 ἦν,
671 5127 762 5179 καὶ
782 5129 879 5197 τῆς
901 5127 1135 5195 ἀφίξεως
1163 5127 1326 5198 ήρετο
1354 5128 1451 5196 τὴν
1490 5127 1687 5180 αίτίαν.
1725 5127 1810 5190 Ὠς
1837 5127 1895 5179 δὲ

325 5216 387 5269 τὸ
412 5216 625 5285 συμϐὰν
647 5216 807 5286 διηγή
819 5233 994 5278 σαντο,
1018 5217 1112 5270 καὶ
1140 5218 1238 5287 τήν
1256 5217 1347 5268 ἐπὶ
1368 5217 1427 5269 τὸ
1461 5216 1716 5288 φρούριον
1732 5217 1893 5283 ἄγου-

329 5322 428 5356 σαν
477 5305 594 5356 ὁδον
655 5304 843 5375 μαθεῖν
898 5307 1201 5370 ἱκέτευσαν,
1242 5324 1260 5357 ι
1307 5306 1543 5359 Μείνατε
1570 5346 1582 5370 ,
1625 5308 1763 5377 ἔφη,
1799 5308 1893 5360 καὶ

328 5395 641 5464 παραυτίκα
679 5396 807 5464 ὑμῖν
868 5396 1120 5463 ἀγωγοὺς
1164 5395 1357 5459 δώσω,
1400 5396 1499 5467 τὴν
1552 5397 1893 5467 ποθουμένην

325 5485 443 5537 ὁδὸν
463 5484 858 5551 ἀποδείξοντας.
896 5504 914 5536 ι
947 5487 1008 5539 Οί
1055 5486 1154 5556 μὲν
1190 5484 1281 5540 οὖν
1308 5487 1601 5549 ἐπείθοντο,
1638 5488 1730 5541 καὶ
1756 5488 1895 5541 διαν-

328 5575 622 5628 ιπαύοντοο
669 5576 991 5646 καθημένων
1024 5576 1079 5629 δὲ
1114 5576 1310 5643 αὐτῶν,
1342 5577 1595 5641 ἀφίκοντο
1621 5577 1713 5630 δύο
1742 5578 1891 5633 λέον-

403 5686 441 5712 ’¹³
473 5687 661 5743 Μιιιιίι.
702 5707 750 5755 x,
777 5688 864 5743 σε.

1991 4405 2172 4457 vicum
2215 4402 2408 4467 ullum,
2442 4416 2541 4457 nec
2566 4410 2806 4466 antrum,
2841 4416 2945 4456 nec
2975 4400 3239 4456 viatorem
3278 4400 3555 4457 oﬂ‘enden-

1990 4504 2076 4550 tes
2103 4514 2116 4550 :
2143 4504 2338 4551 etcum
2373 4493 2549 4550 media
2582 4493 2635 4548 in
2665 4493 3001 4557 continente,
3038 4492 3263 4563 perinde
3286 4509 3349 4548 ac
3378 4494 3424 4548 si
3461 4507 3556 4547 na-

1990 4585 2262 4653 vigarent,
2298 4581 3001 4651 tempestatejactarentur,
3029 4582 3095 4636 ad
3123 4580 3295 4637 divini
3329 4580 3555 4652 Symeo-

1991 4674 2080 4731 nis
2099 4675 2419 4741 speluncam
2445 4672 2592 4727 velut
2609 4674 2661 4727 in
2682 4680 2898 4743 portum
2920 4671 3214 4742 quemdam
3235 4672 3552 4736 deveniunt,

1993 4767 2384 4835 hominemque
2417 4773 2655 4819 cernunt
2687 4763 2998 4833 squalidum
3015 4771 3071 4818 et
3091 4763 3351 4819 sordibus
3381 4764 3557 4819 horri-

1992 4860 2142 4923 dum,
2189 4858 2388 4913 laceris
2439 4857 2678 4926 pellibus
2716 4857 2974 4911 humeros
3026 4855 3314 4910 amictum.
3351 4854 3456 4920 Qui
3496 4867 3557 4910 ut

1993 4950 2229 5020 primum
2265 4964 2359 5004 eos
2390 4948 2526 5001 vidit
2559 4947 2854 5010 salutavit,
2882 4954 3001 5000 erat
3026 4946 3169 5001 enim
3199 4945 3434 5001 aﬂ'abilis
3458 4985 3475 5010 ,
3503 4956 3558 5001 et

1994 5042 2261 5095 adventus
2284 5043 2299 5061 ‘
2324 5052 2553 5093 causam
2582 5037 2900 5094 sciscitatus
2929 5044 3034 5094 est.
3086 5036 3150 5091 Et
3175 5052 3299 5093 cum
3326 5052 3440 5092 rem
3478 5037 3555 5092 illi

1994 5140 2052 5185 ut
2078 5139 2333 5188 evenerat
2358 5128 2764 5198 exposuissent,
2796 5136 2850 5183 et
2875 5130 3015 5183 viam
3045 5143 3167 5198 qtne
3200 5127 3267 5189 ad
3299 5127 3556 5199 oppidum

1991 5222 2218 5276 duceret
2248 5219 2459 5275 ostendi
2485 5227 2781 5288 rogarent:
2814 5238 2832 5269 ι
2857 5219 3201 5289 Ειερεοισῑο,
3233 5217 3331 5282 ait,
3360 5218 3557 5273 tantis-

1995 5325 2109 5380 per,
2146 5316 2199 5361 et
2234 5307 2453 5377 1168
2480 5320 2578 5376 ego
2610 5309 2784 5362 duces
2810 5308 2966 5363 vobis
2995 5307 3160 5369 dabo.
3186 5307 3278 5376 qui
3313 5315 3554 5374 Optatum

1995 5401 2139 5455 viam
2163 5405 2618 5452 commonstrent.
2655 5418 2673 5450 ι
2716 5397 3043 5453 Parentibus
3084 5399 3231 5463 illis,
3275 5398 3559 5468 quietique

1996 5487 2430 5559 indulgemibus,
2458 5486 2588 5541 dum
2620 5488 2884 5551 resident,
2907 5490 3175 5545 advenere
3205 5487 3318 5544 duo
3349 5487 3556 5551 leones,

2000 5597 2108 5635 non
2155 5590 2312 5634 torvo
2356 5577 2635 5634 intuentes
2688 5587 2944 5650 aspectu,
3000 5580 3094 5636 sed
3156 5581 3301 5636 velut
3336 5578 3557 5635 domino
