3974 6212
297 230 420 294 1361

1517 240 1916 300 RELIUIOSA
1959 243 2340 302 HISTORIA.

3407 249 3542 318 136.2

292 339 350 390 τὸ
378 337 579 388 Σεναιον
601 327 724 405 ὅρος
753 339 1192 408 καταλαμϐάνειν
1222 342 1555 413 ἐπεθύμησε.
1584 348 1827 400 Μαθὸντε

1968 350 2146 410 multi,
2195 350 2285 416 qui
2345 348 2485 401 idem
2520 347 2638 400 \‘iliD
2687 365 2860 419 genus
2899 352 3278 416 sectabantur,
3320 359 3541 412 advola-

290 429 342 478 δὲ
383 427 560 480 πολλοὶ
618 430 725 480 τῶν
768 429 1036 499 ἀρίστων,
1073 433 1166 484 καὶ
1213 434 1309 504 τὴν
1362 438 1530 505 αὐτὴν
1584 439 1894 506 μετιόντες-

291 517 597 586 φιλοσοερίαν
623 558 637 579 ,
673 520 1009 590 συνέδραμον
1058 525 1383 592 κοινωνῆσαι
1426 528 1574 596 αύτῴ
1604 531 1700 596 τῆς
1728 530 1861 581 ἀπο-

287 609 481 678 δημίας
533 609 844 674 ποθοῦντες.
884 613 1102 667 Πολλῶν
1133 618 1313 670 τοίνυν
1348 620 1569 689 ἡμερῶν
1602 621 1718 672 ὁδὸν
1771 622 1856 685 ἐξ-

285 699 595 764 ανύσαντες,
621 703 808 774 ἐπειδὴ
851 705 988 758 κατὰ
1028 707 1126 777 τὴν
1159 708 1436 778 Σοδομῖτιν
1459 711 1704 778 ἐγένοντο
1726 713 1855 784 ἕρη-

287 805 402 855 μον,
421 791 586 859 δρῶσι
610 793 892 864 πόρρωθεν
914 797 1250 867 ἀπδ,βάθους
1283 803 1469 872 χεῖρας
1502 803 1691 874 ἀνδρὸς
1722 805 1857 875 πρὸς

285 879 414 948 ὕψος
464 883 862 954 ἐκτεινομένας.
919 889 1026 942 Καὶ
1076 889 1138 942 τὸ
1191 891 1288 960 μὲν
1343 892 1558 962 πρῶτον
1605 894 1858 964 δαίμονος

283 969 553 1042 ἐξαπάτην
609 974 860 1044 ἐνόμιζον
891 1015 906 1040 ,
946 980 1378 1050 προσευξάμενοι
1413 982 1469 1034 δὲ
1520 985 1858 1040 σπουδαιότε-

285 1077 394 1126 ρον,
431 1065 524 1115 καὶ
568 1065 637 1117 τά
690 1067 828 1120 αὐτά
863 1068 1210 1140 θεασάμενοι,
1241 1072 1506 1145 ὥρμησαν
1555 1077 1640 1128 ἐπ’
1679 1078 1856 1131 ἐκεῖνο

281 1151 339 1202 τὸ
371 1154 590 1224 χωρίον,
639 1158 734 1209 καὶ
765 1158 937 1230 βραχὺ
975 1162 1073 1231 μὲν
1100 1163 1318 1233 ὄρυγμα
1355 1166 1672 1238 θεωροῦσιν,
1694 1170 1854 1224 ὁποῖα

280 1247 449 1296 ποιεῖν
483 1247 790 1315 πεφύκασιν
831 1253 884 1303 αἱ
917 1251 1212 1317 ,ἀλώπεκες
1264 1257 1588 1322 καταδύσεις
1633 1262 1852 1324 ἑαυταῖς

280 1335 692 1407 μηχανώμεναι,
739 1341 930 1395 οὐδένα
973 1342 1028 1395 δὲ
1075 1339 1214 1398 εἶδον
1259 1349 1372 1400 ἐκεῖ
1399 1351 1847 1419 προφαινόμενον.

277 1425 382 1478 Τοῦ
422 1428 630 1482 κτύπου
649 1431 758 1502 γὰρ
786 1432 893 1485 τῶν
929 1435 1102 1488 ποδῶν
1135 1439 1454 1508 αἰσθόμενος
1479 1445 1506 1494 ὁ
1537 1442 1634 1504 τὰς
1663 1444 1850 1510 χεῖρας

273 1520 647 1589 ἐκτεταμένας
677 1522 835 1593 ἔχων,
855 1525 984 1578 εἴσω
1012 1529 1110 1597 τῆς
1131 1531 1474 1595 καταδύσεως
1511 1536 1844 1608 κατεκρύϐη.

269 1606 554 1676 Διακόψας
609 1611 665 1664 δὲ
697 1614 725 1666 ὁ
778 1615 1108 1687 πρεσϐύτης,
1158 1620 1408 1692 ἐλιπάρει
1477 1625 1622 1694 μάλα
1677 1606 1847 1681 πολλά

1968 449 2096 491 runt
2129 439 2593 508 peregrinationis
2620 441 2801 495 socios
2829 458 2886 496 se
2906 443 3203 513 adjungere
3224 449 3535 516 cupientes.

1967 531 2180 600 1170
2224 529 2523 583 Multorttm
2576 546 2708 600 ergo
2765 531 2977 585 dierum
3016 534 3210 589 itinere
3261 537 3533 604 confecto,

1961 638 2086 674 cum
2113 623 2175 676 ad
2214 621 2577 675 Sodomorum
2604 622 2822 677 deserta
2853 627 3260 692 pervenissent,
3291 629 3393 682 viri
3429 646 3537 683 ma-

1961 730 2066 767 nus
2131 714 2404 782 profundo
2437 731 2499 768 ex
2537 715 2658 767 loro
2703 715 2756 768 in
2811 717 2980 770 altum
3037 719 3285 774 sublatas
3317 722 3534 775 eminus

1960 807 2342 874 prospiciunt:
2379 822 2440 858 ac
2477 807 2654 874 primo
2697 807 2920 876 quidem
2972 808 3238 864 daemonis
3287 808 3532 864 fraudem

1957 897 2196 966 aliquam
2242 898 2503 966 suspicati
2555 907 2708 961 sunt,
2755 897 2952 953 deinde
2996 915 3118 953 eum
3164 903 3530 969 postmultas

1959 1003 2148 1057 preces
2199 987 2388 1042 eadem
2438 995 2752 1050 cernerent,
2806 987 2873 1041 ad
2927 988 3107 1042 locum
3145 989 3430 1054 accedunt,
3468 1004 3529 1042 ac

1959 1076 2169 1132 foveam
2225 1075 2445 1148 quidem
2490 1076 2741 1146 exiguam
2776 1075 2994 1140 vident,
3041 1077 3236 1146 quales
3292 1078 3398 1133 sibi
3463 1079 3528 1131 ad

1955 1185 2094 1240 quas
2133 1185 2192 1225 se
2232 1168 2502 1239 recipiant
2529 1168 2771 1223 eflodere
2797 1171 2985 1238 vulpes
3017 1171 3218 1235 solent,
3255 1172 3528 1225 neminem

1956 1272 2133 1316 tamen
2171 1261 2264 1330 qui
2291 1269 2581 1330 appareret
2615 1259 3060 1329 detpreltetnlunt.
3092 1259 3338 1330 Strepitu
3378 1262 3525 1314 enim

1955 1354 2152 1423 pedum
2190 1352 2402 1415 audito,
2438 1353 2532 1421 qui
2556 1360 2816 1406 extensus
2854 1369 3047 1406 mantis
3093 1354 3348 1416 habebat,
3380 1353 3524 1406 intra

1953 1461 2244 1500 cavernam
2295 1461 2354 1499 se
2395 1444 2703 1499 abdiderat.
2751 1443 3120 1513 Prosper-laus
3177 1459 3304 1499 vero
3357 1460 3522 1497 senex

1954 1538 2141 1592 multis
2166 1538 2359 1591 orabat
2395 1546 2454 1590 ut
2488 1536 2781 1590 videndum
2813 1553 2869 1590 se
2905 1537 3196 1606 praeberet,
3227 1537 3270 1588 si
3300 1536 3520 1604 quidem

1954 1633 2248 1684 humanam
2299 1629 2526 1683 haberet
2582 1637 2858 1692 naturam,
2905 1644 3004 1680 nec
3050 1627 3318 1693 impostor
3376 1627 3525 1695 quis—

269 1696 502 1790 ὀφθῆναι
549 1703 734 1769 αὐτὸν,
773 1707 820 1757 εἰ
854 1707 1199 1779 ἀνθρωπείαν
1243 1713 1354 1782 ἔχει
1392 1718 1490 1787 τὴν
1545 1717 1726 1785 φύσιν,
1755 1723 1829 1772 κα¹

1953 1721 2094 1790 piam
2129 1723 2342 1776 dmmon
2372 1728 2542 1783 esset,
2577 1721 2668 1790 qui
2705 1719 2907 1774 talibus
2954 1721 3190 1789 spectris
3217 1719 3520 1773 .illuderet.

271 1786 346 1855 μὴ
375 1787 586 1856 δαίμων
613 1809 695 1857 τις
721 1794 972 1850 ἀπατεὼν
988 1800 1071 1870 είη
1104 1802 1325 1858 τοιαῦτα
1353 1809 1841 1880 σχηματιζόμενος.

269 1895 290 1928 ε
317 1879 423 1975 Ital
442 1881 570 1975 γὰρ
599 1885 775 1954 ἡμεῖς,
808 1887 930 1958 ἔφη,
963 1890 1053 1944 τὸν
1085 1893 1382 1966 ἀσκητικὸν
1409 1879 1681 1969 μετιόντες
1707 1905 1839 1975 βίον,

259 1970 354 2069 καὶ
391 1974 498 2044 τῆς
529 1976 762 2048 ἡσυχίας
803 1980 1056 2050 ἐρῶντες,
1087 1985 1344 2057 ἀλώμεθα
1376 1991 1515 2044 κατά
1547 1970 1718 2065 τήνδε-
1744 1999 1842 2069 τὴν

258 2061 493 2132 ἔρημον,
538 2065 866 2141 ἐνιτῷ-Σινᾷ
918 2071 1032 2143 δρει
1078 2074 1169 2128 τὸν
1203 2077 1310 2132 τῶν
1346 2061 1611 2136 ἁπάντων-
1655 2061 1841 2140 ἐπιθύ-

265 2153 494 2222 μοῦντες
526 2165 900 2234 προσκυνῆσαι
951 2165 1083 2222 Θεὸν
1107 2208 1121 2232 ,
1158 2169 1218 2222 ἐν
1253 2164 1297 2237 ᾧ
1342 2174 1513 2244 Μωσῇ
1551 2175 1625 2245 τῷ
1677 2176 1839 2247 θερά-

261 2263 419 2300 ποντι
466 2251 567 2320 τὴν
610 2253 818 2308 οἰκείαν
869 2258 1192 2326 ἐπιφάνειαν
1238 2266 1636 2334 ποιησάμενος,
1673 2269 1837 2324 ἔδωκε

177 2348 181 2352 ·
259 2339 360 2409 τῆς
388 2342 709 2410 νομοθεσίας
739 2345 836 2409 τάς
886 2347 1098 2412 πλάκας
1117 2364 1132 2379 ·
1169 2353 1264 2422 οὐχ
1295 2354 1373 2406 ὅτι
1418 2357 1477 2408 τὸ
1505 2357 1656 2411 Θείον
1685 2379 1839 2431 περιτ-

259 2431 568 2500 γεγράφθαι
599 2435 893 2506 νομίζομεν
919 2437 1209 2510 (ἀκούομεν
1235 2445 1342 2513 γάρ
1370 2445 1531 2499 αὑτοῦ
1567 2448 1834 2517 λέγοντος,

254 2521 337 2574 ὅτι
388 2525 503 2576 Τὸν
533 2527 798 2592 οὐρανὸν
843 2519 940 2583 καὶ
985 2531 1101 2598 τὴν
1135 2534 1249 2601 γῆν
1269 2536 1384 2604 ἐγὼ
1419 2540 1833 2612 π.1ηρῶ,.ῑέγει

251 2613 472 2682 Κύριος
491 2632 505 2647 ο
535 2615 628 2669 καὶ⁵
649 2618 729 2672 ὅτι
757 2619 974 2690 κατέχει
995 2623 1085 2676 τὸν
1109 2623 1275 2695 γῦρον
1300 2628 1397 2698 τῆς
1426 2629 1550 2699 γῆς,
1582 2635 1674 2687 καὶ
1711 2637 1834 2700 τοὺς

247 2703 594 2770 ἐνοικοῦντας
624 2708 682 2762 ἐν
719 2709 858 2782 αὐτῇ
898 2711 974 2775 ὡς
1007 2713 1277 2785 ἀκρίδας),
1317 2719 1431 2771 ἀλλ’
1491 2722 1677 2794 ἐπειδὴ
1723 2731 1832 2792 τοῖς

250 2793 718 2889 θερμῶςέρῶσιν
749 2803 808 2854 ού
865 2805 1026 2873 μόνον
1066 2809 1114 2860 oi
1173 2809 1438 2881 ἐρώμενοι
1488 2819 1826 2889 τριπόθητοι,

245 2883 390 2984 ἀλλά
418 2888 512 2941 καὶ⁹
555 2890 606 2942 oi
639 2890 793 2944 τόποι
853 2895 1138 2966 ἐράσμιοι,
1183 2902 1232 2953 οἱ
1269 2903 1366 2971 τὴν
1425 2883 1629 2961 τούτων
1683 2883 1828 2984 παρέ

239 2975 445 3030 ουσίαν
483 2978 576 3030 καὶ
608 2979 824 3049 ὁμιλίαν
869 2982 1166 3054 δεξάμενοι.
1216 3007 1234 3040 ι
1277 2991 1463 3047 Ταῦτα
1497 2998 1590 3049 καὶ
1619 2999 1688 3052 τά
1725 2975 1828 3058 τοι·

237 3067 393 3122 αῦτα
422 3067 676 3137 λέγοντος
715 3071 810 3125 τοῦ
848 3075 1152 3145 πρεσϐύτου
1176 3118 1190 3142 ,
1222 3081 1596 3140 ἀναδείκνυσιν
1639 3091 1827 3148 ἑαυτὸν

245 3158 442 3230 ὲκ’“τῆς
464 3161 812 3228 καταδύσεως
843 3166 870 3219 ὁ
893 3171 1278 3241 κεκρυμμένος
1302 3174 1398 3227 ἄνθ
1409 3193 1609 3246 ρωπος,
1636 3183 1727 3235 καὶ
1761 3181 1828 3256 ἦν

241 3251 438 3344 ἀγριος
475 3251 576 3322 μὲν
624 3254 772 3321 ἰδεῖν,
811 3257 1108 3334 αὐχμηρὰν
1149 3263 1205 3318 δὲ
1239 3264 1379 3336 ἔχων
1408 3267 1504 3340 τὴν
1533 3273 1728 3344 κόμην,
1767 3251 1827 3331 τὸ

241 3342 314 3437 iis
334 3343 625 3414 πρόσωπον
673 3349 1138 3425 ὲρῥυτιδωμένον,
1171 3342 1712 3437 κατεσκηλιτευμένα
1768 3370 1826 3423 δὲ

243 3435 422 3534 πάντα
575 3441 707 3534 μέλη
758 3445 852 3498 τοῦ
896 3447 1180 3518 σώματος,
1209 3452 1378 3522 ῥάκιά
1424 3473 1543 3511 τινα
1575 3435 1824 3534 πενιχρά

244 3527 711 3624 περιόεόλημὲνος
735 3538 1050 3603 φοινικίνοις
1095 3543 1343 3611 βλαστοῖς
1375 3527 1818 3624 συνερραμμένα.

255 3618 776 3716 ςΑσπασάμενοςῄδὲ,
803 3629 896 3681 καὶ
924 3631 1026 3701 τῆς
1055 3635 1280 3709 εἰρήνης
1321 3639 1381 3692 τὸ
1413 3618 1708 3716 πρδσρημα
1735 3648 1820 3702 δε-

237 3709 449 3774 δωκὼς,
482 3714 812 3772 ἐπυνθάνετο
861 3721 1006 3786 τίνες
1037 3741 1097 3777 τε
1133 3722 1262 3796 εἶεν,
1292 3732 1384 3784 καὶ
1417 3733 1580 3789 πόθεν
1611 3737 1819 3807 ἥκοιεν,

238 3801 493 3898 καὶΔὸπου
523 3805 757 3898 ἀπίοιεν.
786 3810 848 3864 OE
876 3812 933 3866 δὲ
976 3817 1069 3868 καὶ
1105 3801 1241 3888 πρὸς
1283 3822 1384 3891 τὴν
1413 3801 1682 3898 ἐρώτησιν
1717 3801 1821 3884 ἀιπἐ

236 3891 541 3989 εκρίναντο,
569 3897 666 3952 καὶ
714 3900 1080 3960 ἀντεπύθοντο
1113 3909 1276 3964 πόθεν
1308 3929 1366 3964 τε
1399 3891 1675 3985 ἐληλυθὼς
1709 3921 1817 3989 εἴη,

237 3981 334 4034 καὶ
357 3983 410 4034 τί
441 3985 639 4055 δήποτε
667 3993 872 4064 ταύτην
904 3997 1076 4051 εἵλετο
1094 4001 1193 4070 τὴν
1223 4001 1386 4073 ζωήν.
1421 3981 1585 4073 Ὀνδὲ,
1629 4027 1646 4057 ι
1674 3981 1818 4062 Ταύ-ὲ

234 4087 337 4170 την
392 4073 736 4170 ἔσχον⁸κάγὼ
767 4083 869 4153 τὴν
903 4087 1245 4158 προθυμίαν,
1275 4092 1398 4165 ἔφη,
1438 4097 1505 4166 ἢν
1545 4099 1636 4152 καὶ
1660 4099 1819 4170 ὑμεῖς

232 4161 449 4232 ἔχοντες
503 4165 716 4232 ἀπίετε,
755 4174 1008 4226 κοινωνὸν
1043 4175 1100 4228 δὲ
1148 4178 1249 4249 τῆς
1305 4161 1424 4236 ὁδοῦ
1466 4185 1671 4258 ταύτης
1697 4161 1819 4243 ’ἐπ-

231 4255 509 4326 εποιήμην
534 4257 736 4331 συνήθη
761 4260 882 4315 τινὰ
913 4264 1007 4318 καὶ
1041 4268 1396 4341 ὁμογνώμονα
1418 4318 1431 4339 ,
1461 4277 1554 4329 καὶ
1584 4255 1672 4332 τδν
1714 4281 1813 4334 αὖ·

1951 1833 1968 1863 ι
2003 1812 2109 1867 Nos
2143 1813 2368 1874 etenim,
2401 1813 2604 1876 aiebat,
2639 1812 2977 1867 eremiticam
3012 1813 3178 1865 vitam
3230 1812 3518 1873 ducentes,

1946 1908 2298 1976 quietemque
2328 1915 2605 1970 amantes,
2636 1921 2732 1976 per
2779 1905 2923 1958 hanc
2979 1903 3333 1958 solitudinem
3365 1919 3518 1956 erra—

1929 2013 2086 2056 rmus,
2113 1996 2282 2050 Deum
2315 1997 2700 2051 universorum
2765 1994 2995 2049 adorare
3040 1995 3093 2048 in
3136 2003 3322 2048 monte
3385 1993 3518 2046 Sina

1942 2089 2250 2157 cupientes,
2286 2088 2338 2140 in
2372 2104 2481 2158 quo
2519 2087 2653 2142 Mosi
2685 2086 2893 2140 famulo
2922 2086 3284 2155 semetipsum
3324 2081 3515 2142 osten-

1941 2177 2082 2232 deus
2100 2179 2244 2247 legis
2283 2179 2498 2233 tabulas
2537 2178 2708 2232 dedit.
2752 2176 2874 2233 Non
2921 2179 3065 2248 quod
3116 2179 3238 2235 loco
3277 2181 3516 2236 circum-

1941 2269 2104 2323 scribi
2150 2269 2348 2322 Deum'
2383 2270 2751 2324 arbitremur:
2785 2271 3104 2327 audivimus
3144 2275 3288 2328 enim
3331 2276 3512 2346 ipsum

1939 2362 2213 2415 dicentem
2241 2380 2254 2414 :
2285 2358 2488 2415 Caelum
2513 2371 2560 2414 et
2609 2371 2811 2414 terram
2836 2379 2930 2432 ego
2964 2365 3158 2432 impleo
3181 2405 3195 2429 ,
3241 2368 3371 2420 dicit
3409 2367 3514 2420 Do-

1938 2449 2111 2501 minus
2133 2456 2183 2510 η.
2216 2457 2269 2500 et
2304 2447 2452 2517 quod
2495 2455 2657 2502 terra:
2689 2450 2955 2504 ambitum
2989 2453 3294 2519 contineat,
3329 2466 3380 2510 et
3418 2458 3514 2510 bo-

1938 2545 2112 2595 mines
2144 2540 2237 2610 qui
2269 2540 2519 2594 habitant
2553 2540 2880 2597 ineasicut
2918 2543 3218 2601 locustaz°z
3259 2547 3351 2602 sed
3383 2551 3510 2618 quia

1934 2633 2026 2703 qui
2055 2632 2311 2687 ardenter
2336 2641 2546 2697 amant,
2588 2647 2696 2686 non
2733 2634 2912 2688 solum
2953 2651 3094 2705 quos
3128 2648 3316 2694 amant
3348 2641 3505 2696 vehe-

1934 2734 2148 2781 menter
2177 2724 2516 2788 desiderant,
2547 2725 2642 2782 sed
2683 2726 2820 2783 locis
2851 2728 3015 2784 etiam
3039 2729 3406 2796 delectantur,
3447 2733 3501 2786 in
3578 2725 3592 2737 ’

1931 2817 2134 2888 quibus
2163 2817 2242 2872 illi
2267 2818 2619 2887 praesentiam
2675 2833 2830 2873 suam
2865 2835 3338 2892 Congressumque
3372 2840 3507 2894 pra:-

1933 2910 2193 2964 buerunt.
2221 2929 2239 2960 ι
2282 2907 2406 2964 llaec
2439 2910 2533 2963 illo
2583 2918 2635 2964 et
2671 2911 2874 2966 similia
2909 2913 3201 2984 loquente,
3251 2916 3509 2986 patefecit

1933 3016 1992 3054 se
2032 2999 2198 3069 homo
2240 3016 2306 3054 ex
2340 3014 2578 3054 caverna
2612 3000 2702 3070 qui
2747 3000 2974 3068 latebat,
3018 3005 3218 3075 agresti
3255 3016 3503 3077 aspectu,

1932 3105 2088 3145 coma
2113 3091 2388 3161 squalida,
2431 3091 2572 3147 facie
2601 3102 2916 3165 eorrugata,
2947 3097 3210 3152 membris
3246 3099 3505 3155 omnibus

1930 3185 2184 3252 corporis
2215 3185 2474 3238 exsuccis
2510 3193 2562 3238 et
2588 3186 2900 3251 exhaustis,
2938 3188 3122 3243 lacero
3175 3205 3237 3244 ac
3289 3191 3499 3261 1171

1930 3275 2020 3329 vili
2080 3277 2316 3331 amictus
2357 3276 2679 3333 indumento
2726 3294 2793 3334 ex
2829 3280 3137 3350 palmarum
3197 3281 3342 3335 foliis
3378 3298 3502 3336 con-

1928 3376 2098 3423 texto.
2131 3369 2198 3423 Et
2225 3384 2348 3424 cum
2376 3385 2470 3425 eos
2494 3370 2620 3425 data
2655 3387 2789 3442 pace
2816 3372 3140 3437 salutasset,
3167 3375 3260 3442 qui
3293 3385 3500 3433 essent.

1929 3461 2074 3516 umle
2103 3463 2355 3518 venirent
2395 3479 2575 3533 quove
2623 3464 2911 3519 tenderent
2955 3466 3338 3535 interrogavit.
3385 3467 3490 3534 lpsi

1925 3567 2058 3607 vero
2087 3560 2141 3607 et
2172 3553 2238 3608 ad
2268 3553 2610 3625 interrogata
2634 3555 3067 3625 responderunt,
3105 3565 3158 3612 et
3191 3557 3498 3626 percontati

1926 3652 2056 3700 stmt
2087 3645 2358 3708 vicissim,
2389 3646 2668 3701 undenam
2699 3660 2768 3701 eo
2792 3647 3024 3710 venerit,
3051 3654 3106 3701 et
3139 3647 3497 3718 quamobrem

1924 3735 2028 3791 hoc
2044 3737 2168 3792 vitae
2189 3753 2363 3810 genus
2384 3738 2667 3809 delegerit.
2685 3740 2822 3794 'l'um
2853 3739 2980 3796 ille:
3012 3760 3028 3792 ι
3052 3740 3277 3802 Eodem,
3299 3740 3502 3811 inquit,

1923 3845 2033 3896 quo
2077 3846 2174 3886 vos
2199 3847 2350 3886 nunc
2373 3832 2664 3896 ducimini,
2692 3833 2917 3888 tenebar
2943 3833 3240 3896 desiderio,
3267 3833 3501 3888 itineris-

1920 3937 2027 3988 que
2052 3923 2214 3991 hujus
2237 3923 2494 3979 comitem
2523 3925 2792 3979 habebam
2846 3942 3014 3980 unum
3043 3942 3074 3981 e
3104 3924 3492 3990 familiaribus,

1921 4011 2009 4064 cui
2041 4011 2229 4067 eadem
2252 4027 2465 4066 mecum
2494 4029 2648 4068 mens
2672 4024 2812 4077 erat,
2839 4015 3092 4084 idemque
3119 4018 3491 4085 propositum‘.

1919 4101 2412 4157 Obstrinxeramus
2447 4112 2634 4158 autem
2668 4113 2860 4158 mutuo
2891 4122 2992 4160 nos
3024 4116 3392 4171 sacramento,
3438 4117 3494 4161 ut

1921 4207 1988 4244 ne
2015 4199 2188 4246 morte
2223 4191 2444 4262 quidem
2498 4192 2820 4249 societatem
2857 4195 3268 4254 divelleremus.
3305 4197 3494 4269 Itaque

1918 4282 2178 4350 quoniam
2213 4282 2312 4348 illi,
2349 4282 2478 4338 dum
2515 4285 2620 4338 iter
2656 4285 2910 4351 facimus,
2949 4287 3050 4341 boc
3097 4289 3150 4342 in
3188 4289 3307 4346 loco
3344 4305 3493 4345 mors

232 4350 329 4402 τόν
389 4366 481 4416 μοι
547 4354 885 4423 κεκτημένον
954 4360 1192 4430 σκοπὸν,
1233 4365 1380 4436 ὅρκῳ
1441 4368 1498 4421 δὲ
1552 4370 1813 4442 ἀλλήλους

1933 4373 2138 4444 obtigit,
2172 4389 2273 4441 ego
2311 4374 2678 4445 jurejurando
2707 4375 3020 4445 devinctus,
3069 4390 3122 4434 et
3172 4388 3375 4434 terram
3408 4380 3490 4436 ef-

229 4440 650 4513 ἐπεπείκειμεν,
696 4446 830 4515 μηδὲ
877 4447 953 4518 τῷ
994 4451 1206 4524 θανάτῳ
1260 4458 1490 4528 χωρίσαι
1534 4461 1630 4533 τὴν
1674 4440 1810 4517 συν-

227 4530 432 4584 ουσίαν.
475 4533 762 4604 Τοιγάρτοι
793 4539 933 4593 κατα
975 4541 1073 4612 τὴν
1116 4545 1425 4617 ἀποδημίαν
1478 4530 1686 4606 ἐκεῖνον
1713 4557 1810 4625 μὲν

225 4623 352 4692 τῇδε
382 4627 579 4696 συνέϐη
605 4629 858 4692 δέξασθαι
894 4632 988 4686 τοῦ
1015 4635 1130 4704 βίου
1164 4638 1225 4690 τὸ
1261 4640 1432 4712 πέρας
1456 4660 1468 4672 ο
1505 4645 1617 4713 ἐγὼ
1647 4623 1808 4720 δὲήτῷ

224 4714 374 4784 ὅρκῳ
408 4720 779 4792 πεπεδημένος
800 4722 983 4795 ὤρυξά
1011 4744 1068 4780 τε
1107 4730 1183 4793 ὡς
1212 4733 1515 4806 ἠδυνάμην,
1541 4740 1634 4792 καὶ
1661 4747 1802 4813 ταφῇ

222 4807 282 4854 τὸ
322 4807 481 4875 σῶμα
517 4812 808 4882 παρέδωκα
833 4831 848 4845 ·
886 4818 1038 4887 παρά
1069 4819 1229 4873 τοῦτο
1260 4823 1316 4876 δὲ
1350 4825 1408 4877 τὸ
1453 4827 1612 4897 σῶμα
1635 4831 1805 4900 τάφον

223 4898 412 4966 ἕτερον
448 4901 668 4973 ἐμαυτῷ
699 4906 1025 4976 κατορύξας,
1057 4910 1182 4981 τῇδε
1243 4918 1521 4987 περιμένω
1559 4923 1652 4975 τοῦ
1687 4923 1803 4993 βίου

219 4988 282 5037 τὸ
326 4987 501 5054 τέλος,
532 4990 627 5043 καὶ
667 4993 744 5063 τῷ
789 4996 1034 5070 Δεσπότῃ
1077 4999 1174 5070 τὴν
1227 5005 1427 5076 συνήθη
1460 4987 1802 5081 λειτουργίαν

223 5078 534 5150 προσῳέρω.
572 5081 788 5152 Τροφὴν
818 5084 873 5139 δὲ
925 5087 1032 5158 ἔχω
1079 5092 1205 5155 τοὺς
1247 5095 1512 5162 φοίνικας,
1536 5099 1627 5165 οὓς
1652 5103 1801 5156 ἀδελ-

219 5184 246 5232 ιτ·
268 5171 319 5230 ἐς
348 5168 437 5236 μοί
467 5185 553 5231 τις
586 5172 833 5240 κομίζειν
858 5177 1008 5247 παρὰ
1040 5179 1138 5232 τοῦ
1186 5184 1480 5255 κηδεμόνος
1510 5190 1734 5262 ἐτάχθη.
1776 5213 1793 5244 ι

218 5257 436 5314 Ὶόύτων
466 5259 612 5315 οὓτω
665 5263 992 5335 λεγομένων,
1029 5270 1166 5324 λέων
1216 5275 1497 5347 πόρρωθεν
1529 5283 1792 5354 ἀνεφάνη,

215 5350 425 5422 ἀγωνίᾳ
454 5352 511 5406 δὲ
537 5354 648 5406 τῶν
689 5356 785 5409 σὺν
817 5358 896 5427 τῷ
948 5363 1227 5438 πρεσϐύτῃ
1267 5373 1686 5440 περιπεσόντων,
1711 5378 1794 5428 αἰ-

217 5442 476 5513 σίλνῧμενος
502 5445 530 5498 ὁ
557 5448 650 5500 ἐπὶ
680 5448 779 5516 τῆς
809 5451 1156 5518 καταδύσεως
1195 5460 1522 5530 καθήμενος,
1554 5468 1792 5530 ἀναστὰς

284 5637 307 5658 ο
341 5619 540 5678 let-em.
581 5642 733 5687 unt,
758 5628 846 5680 '25.
926 5648 940 5660 ν
973 5629 1072 5685 lsu.
1098 5633 1288 5698 xt.,9.:!.

1917 4467 2026 4520 fodi
2056 4475 2112 4520 ut
2141 4468 2317 4536 potui,
2346 4475 2400 4523 et
2433 4468 2732 4538 sepultura:
2761 4485 2963 4538 corpus
2997 4471 3221 4538 tradidi,
3252 4473 3493 4542 mihique

1913 4559 2174 4630 sepulcro
2215 4559 2391 4613 altero
2442 4559 2600 4628 juvta
2633 4560 2858 4622 eil'osso,
2915 4562 3038 4616 vitm
3075 4561 3234 4616 finem
3280 4563 3368 4616 bic
3404 4579 3492 4616 ex-

1913 4658 2120 4717 specto,
2149 4659 2202 4703 et
2245 4661 2574 4706 consuetum
2614 4650 2847 4705 Domino
2885 4637 3256 4707 ministerium
3292 4653 3482 4708 reddo.

1910 4739 2112 4795 Vescor
2132 4749 2313 4795 autem
2342 4743 2642 4811 palmarum
2668 4743 2962 4808 fructibus,
2990 4762 3129 4815 quos
3160 4746 3290 4800 mihi
3319 4746 3487 4802 affert

1912 4831 2080 4885 frater
2103 4833 2325 4900 quidam
2355 4835 2422 4887 ab
2445 4851 2508 4887 eo
2547 4835 2737 4905 jussus
2773 4837 2863 4906 qui
2899 4838 3001 4892 mei
3036 4854 3223 4892 curam
3262 4840 3420 4908 gerit.
3463 4859 3481 4891 ι

1909 4923 2044 4978 Dum
2096 4925 2209 4979 haec
2266 4926 2586 4996 loquuntur,
2649 4930 2734 4982 leo
2768 4931 2958 4998 procul
2997 4931 3272 5000 apparuit.
3312 4931 3485 5000 Cujus

1905 5024 2128 5085 aspectu
2157 5017 2402 5070 exterriti
2431 5019 2577 5074 senis
2605 5020 2834 5074 comites
2857 5035 2982 5073 cum
3006 5031 3207 5084 essent,
3237 5037 3293 5075 re
3317 5023 3486 5074 anim-

1904 5107 2132 5160 adversa
2187 5108 2280 5177 qtti
2342 5107 2395 5160 in
2446 5106 2868 5178 fovea'jarebat,
2921 5111 3183 5172 surrexit,
3230 5119 3283 5162 et
3342 5110 3482 5164 leoni

1904 5197 2086 5251 innuit
2119 5208 2174 5251 ut
2211 5199 2264 5252 in
2299 5200 2528 5253 alteram
2567 5209 2775 5269 partem
2824 5203 3102 5257 transiret.
3142 5201 3330 5256 Paruit
3360 5220 3481 5259 eve-

1906 5291 2090 5359 stigio,
2129 5292 2458 5360 bolrmnque
2489 5293 2672 5345 attulit
2719 5293 3090 5364 dactylorum,
3129 5295 3254 5348 dein
3287 5294 3478 5364 pedem

1906 5381 2109 5434 referre
2142 5384 2332 5449 jussus
2369 5383 2524 5448 abiit,
2568 5393 2616 5438 et
2653 5383 2842 5453 procul
2877 5400 2904 5438 a
2943 5385 3078 5438 viris
3119 5386 3228 5440 illis
3258 5385 3480 5442 decum-

1905 5474 2038 5533 bens
2071 5476 2384 5530 obdormiit.
2425 5478 2557 5530 Cum
2608 5493 2737 5548 ergo
2783 5477 3030 5546 dactylos
3069 5478 3298 5546 singulis
3338 5480 3481 5542 divta
