3974 6212
530 285 665 355 1363

1544 298 2031 361 THEODORETI
2064 299 2397 359 EPISCOPI
2420 298 2788 358 CYRENSIS

3642 289 3784 355 1364

525 402 710 466 sisset,
741 416 1041 474 precesque
1071 412 1124 460 et
1173 404 1417 476 psalmos
1467 423 1591 462 cum
1626 408 1733 462 illis
1783 408 2081 462 communi

2197 408 2273 479 τῷ
2307 409 2480 462 λέοντι
2533 407 2803 461 διένευσεν
2846 405 2923 469 είς
2961 404 3021 457 τὸ
3068 404 3253 473 ἕτερον
3299 402 3552 473 διαϐῆναι
3588 403 3779 472 μέρος,

524 499 725 551 easset.
756 501 810 547 et
842 502 964 563 post
1001 496 1235 566 litnrgias
1269 498 1433 553 linem
1465 514 1562 554 eos
1594 499 1747 554 intus
1773 501 2091 561 salutasset.

525 585 830 651 spectaculi
868 586 1114 643 novitate
1160 587 1501 658 stupefactos
1553 589 1789 645 dimisit.
1847 589 2004 656 Quod
2047 591 2092 646 si

525 675 649 743 quis
681 675 838 730 fidetu
874 677 1037 734 dictis
1076 696 1185 734 non
1216 680 1403 746 habet,
1441 682 1621 751 magni
1656 681 1784 735 Elia:
1824 683 2012 747 vitam,
2040 690 2095 735 et

432 788 438 797 ο
522 781 813 821 corvorum
850 770 1212 824 ministerium
1267 772 1674 835 reminiscatur,
1722 772 1812 843 qui
1847 772 1897 826 ei
1931 787 2094 827 mane

525 876 741 927 panem,
766 861 979 931 1172
1005 879 1234 933 vespere
1253 879 1450 919 carnes
1471 873 1732 933 perpetuo
1752 863 2090 919 deferebant.

525 956 541 971 '
578 949 760 1004 Facie
790 963 872 1005 est
905 961 1084 1006 autem
1126 953 1372 1008 omnium
1402 953 1686 1010 Conditori
1721 953 1787 1008 ad
1830 954 2090 1009 tuendam

523 1056 747 1097 suorum
790 1044 1023 1099 salutem
1055 1044 1175 1100 vias
1228 1061 1421 1101 omnes
1453 1048 1723 1102 invenire.
1777 1046 1867 1101 Sic
1898 1060 2093 1115 nempe

520 1131 714 1186 Jouam
750 1133 803 1188 in
828 1144 1020 1190 ventre
1050 1136 1156 1190 ceti
1206 1145 1315 1191 tres
1349 1138 1467 1193 dies
1501 1150 1801 1209 noetesque
1833 1137 2090 1202 servavit,

526 1221 764 1293 iecitque
797 1235 851 1277 ut
901 1224 1181 1281 Danielem
1225 1227 1278 1280 in
1329 1228 1451 1283 lacu
1501 1229 1690 1284 leones
1729 1230 2089 1299 obstupesce-

525 1323 664 1377 rent,
718 1324 772 1369 et
802 1315 1077 1370 inanimus
1140 1316 1281 1387 ignis
1336 1320 1552 1373 ratione
1609 1326 1955 1387 operaretur,
1996 1332 2093 1371 eos

522 1405 617 1475 qui
667 1406 813 1461 intus
861 1418 1021 1462 erant
1073 1408 1411 1473 illuminans,
1460 1410 1553 1480 qui
1603 1426 1732 1464 vero
1781 1408 1956 1471 foris,
1992 1424 2091 1463 ex-

523 1513 709 1553 urens.
738 1498 844 1553 Sed
869 1515 1336 1569 supervacaneam
1367 1518 1480 1556 rem
1514 1518 1634 1572 ago,
1663 1502 1754 1572 qui
1785 1502 1848 1553 ad
1876 1501 2093 1554 demon-

523 1588 809 1643 strandam
832 1588 1074 1643 divinam
1098 1595 1397 1660 potentiam
1423 1600 1747 1662 argumenta
1768 1591 2089 1661 producam.

524 1679 820 1749 Postquam
870 1698 1001 1751 ergo
1056 1684 1120 1736 ad
1179 1693 1427 1754 optatmn
1481 1692 1722 1740 montem
1765 1697 2086 1753 pervenere,

2205 498 2264 550 '0
2292 497 2347 550 δὲ
2380 497 2691 568 παραυτίκα
2720 493 2944 565 ἐπείσθη
2972 510 3029 546 τε
3058 494 3149 546 καὶ
3168 488 3291 564 ἧκε,
3314 493 3495 562 φέρων
3519 492 3625 544 τῶν
3656 510 3780 562 φοι-

2195 589 2359 644 νίκων
2406 591 2498 641 τὸν
2541 588 2753 660 βότρυν.
2786 581 2919 640 Εἶτα
2952 586 3114 641 πάλιν
3146 584 3386 654 ἀπῆλθεν
3425 586 3777 655 ἐπιτραπεὶς,

2196 682 2290 735 καὶ
2319 680 2600 751 πόρρωθεν
2643 678 2751 731 τῶν
2781 676 2991 749 ἀνδρῶν
3040 675 3388 739 κατακλιθεὶς
3419 675 3780 747 ἐκαθεύδησε.

2194 771 2486 841 Διανείμας
2541 770 2721 823 τοίνυν
2771 769 2899 831 τοὺς
2949 768 3200 836 φοίνικας
3231 767 3431 830 ἀπασι,
3462 766 3786 836 προσευχῆς

2194 881 2251 916 τε
2283 864 2373 916 καὶ
2418 861 2742 932 ψαλμῳδίας
2784 860 3118 929 κοινωνήσας
3147 858 3362 921 αὐτοῖς,
3394 858 3485 909 καὶ
3541 857 3680 925 μετὰ
3714 856 3786 908 τὸ

2193 954 2347 1016 τέλος
2382 954 2480 1025 τῆς
2511 952 2854 1023 λειτουργίας
2900 950 3069 1004 ἕωθεν
3102 949 3488 1018 ἀσπασάμενος
3518 948 3787 1016 ἀπεπέμο

2192 1045 2330 1115 ψατο
2360 1043 2543 1098 καινὸν
2566 1042 2746 1113 θέαμα
2772 1041 3095 1108 τεθηπότας.
3123 1040 3184 1092 Et
3220 1039 3277 1091 δέ
3309 1055 3392 1100 τις
3415 1038 3632 1089 ἀπιστεί
3659 1040 3785 1095 τοίς
3812 1066 3817 1077 ι

2194 1138 2524 1211 εἰρημένοις,
2551 1135 2654 1206 τῆς
2697 1133 2879 1188 Ἦλιοῦ
2909 1132 3002 1186 τοῦ
3045 1132 3184 1186 πάνυ
3217 1129 3511 1192 πολιτείας,
3544 1128 3642 1181 καὶ
3672 1128 3787 1197 τῆς

2192 1232 2300 1285 τῶν
2329 1230 2583 1301 κοράκων
2622 1227 2897 1291 διακονίας
2950 1223 3375 1295 ἀναμνησθήτω,
3407 1222 3455 1273 οἶ
3500 1220 3650 1291 πρωϊ
3676 1222 3787 1290 μὲν

2194 1323 2375 1393 ἄρτον,
2398 1320 2579 1390 δείλης
2616 1319 2672 1373 δὲ
2702 1320 2869 1390 κρέας
2895 1315 3043 1386 αύτῷ
3077 1316 3398 1387 κομίζοντες
3441 1314 3786 1369 διετέλεσαν.

2205 1413 2410 1484 Ῥᾴδιον
2431 1411 2487 1464 δὲ
2514 1411 2589 1481 τῷ
2607 1411 2808 1480 Ποιητῇ
2848 1408 2958 1461 τῶν
2995 1408 3131 1461 δλων
3159 1405 3534 1467 παντοδαπους
3571 1404 3789 1475 πόρους

2195 1505 2272 1565 είς
2297 1501 2395 1572 τὴν
2429 1502 2537 1555 τῶν
2580 1501 2795 1553 οἰκείων
2841 1497 3136 1569 θεραπείαν
3157 1495 3450 1566 εὑρίσκειν.
3477 1493 3637 1546 Οὕτω
3690 1493 3787 1545 τὸν

2207 1594 2390 1646 Ἰωνᾶν
2407 1595 2463 1646 ἐν
2488 1594 2552 1661 τῇ
2577 1591 2753 1661 κοιλία
2772 1590 2869 1643 τοῦ
2884 1589 3083 1659 κήτους
3098 1586 3224 1658 τρία
3242 1585 3482 1655 νυχθήμε
3492 1601 3560 1654 ρα
3586 1584 3784 1649 διεφύ-

2193 1685 2341 1749 λαξε.
2373 1685 2623 1746 καὶτοὺς
2665 1683 2882 1745 λέοντας
2906 1684 2963 1734 ἐν
3005 1679 3083 1749 τῷ
3129 1679 3319 1748 λάκκιρ
3355 1676 3650 1745 τεθηκέναι
3690 1676 3785 1728 τὸν

521 1770 905 1826 admirandum
928 1789 1114 1828 senem
1150 1774 1332 1828 ferunt
1355 1790 1423 1829 eo
1447 1776 1500 1829 in
1525 1775 1669 1839 loco,
1700 1775 1754 1829 in
1787 1790 1899 1844 quo
1918 1772 2081 1827 Deum

2192 1777 2390 1847 Δανιὴλ
2412 1774 2807 1847 παρεσκεύασε,
2826 1773 2919 1827 καὶ
2934 1772 2995 1827 τδ
3016 1771 3221 1841 ἄψυχον
3243 1769 3353 1839 πῦρ
3372 1769 3608 1835 λογικῶς
3624 1770 3787 1836 ἐνερι

522 1861 706 1917 videre
740 1862 917 1919 Moses
944 1865 1143 1919 meruit
1169 1865 1326 1935 (vidit
1362 1874 1542 1921 autem
1572 1874 1839 1935 quantum
1873 1862 2090 1918 mortali

524 1960 733 2008 natura:
767 1954 848 2010 fas
874 1954 1003 2023 est),
1039 1972 1217 2025 genua
1248 1958 1450 2019 fixisse.
1472 1972 1573 2012 nec
1600 1965 1729 2012 ante
1758 1957 2089 2019 surrexisse,

518 2059 681 2114 quam
716 2044 954 2099 divinam
1005 2062 1193 2101 vocem
1231 2046 1445 2103 Domini
1505 2049 1606 2119 ipsi
1650 2047 2088 2107 benevolentiam

520 2136 854 2192 indicantem
886 2136 1127 2192 audiret.
1186 2139 1379 2210 itaque
1410 2153 1534 2193 cum
1570 2138 1839 2211 integram
1886 2138 2091 2194 hebdo-

519 2224 732 2279 madam
766 2242 975 2296 pronus
1004 2228 1107 2283 hoc
1130 2228 1293 2282 modo
1324 2230 1649 2300 peregisset,
1670 2246 1767 2285 nec
1791 2230 2087 2302 quidquam

518 2316 624 2371 tibi
656 2325 959 2386 gustasset,
1013 2334 1118 2373 vox
1156 2318 1349 2390 illapsa
1379 2320 1546 2391 jussit
1579 2329 1637 2376 ut
1687 2336 1809 2391 quae
1837 2322 2086 2391 apposita

514 2415 671 2461 erant
696 2418 961 2471 sumeret.
994 2409 1280 2481 alacrique
1316 2411 1505 2465 animo
1528 2412 1867 2468 comederet.
1904 2413 2088 2480 Quare

515 2513 738 2554 manum
770 2500 1095 2568 extendens,
1129 2516 1256 2556 cum
1300 2502 1405 2556 tria
1452 2517 1611 2573 poma
1642 2503 1969 2570 invenisset,
2002 2504 2087 2559 his

510 2592 672 2657 juxta
709 2588 895 2648 dantis
940 2594 1230 2663 imperium
1275 2602 1467 2665 pastus
1495 2603 1604 2658 est,
1652 2595 1906 2665 viresque
1953 2596 2087 2651 inte-

416 2730 423 2737 .
513 2696 640 2749 gres
678 2683 906 2753 recepit,
946 2692 1001 2739 et
1047 2686 1251 2750 socios,
1303 2692 1361 2739 ut
1404 2701 1505 2757 par
1534 2697 1681 2752 erat,
1718 2701 1921 2759 magno
1960 2703 2082 2745 cum

513 2775 680 2830 animi
713 2776 918 2848 gaudio
947 2778 1233 2834 salutavit.
1291 2777 1370 2833 lta
1422 2779 1581 2835 laetus
1627 2778 1935 2850 hilarisque
1977 2779 2084 2834 dis-

514 2869 720 2934 cessit,
750 2876 808 2922 ut
841 2868 1009 2940 quiet
1037 2868 1279 2924 divinam
1308 2885 1495 2926 vocem
1516 2869 1787 2935 audierat,
1819 2879 1875 2926 et
1896 2871 2082 2926 datum

511 2974 541 3011 ει
575 2957 682 3012 Deo
715 2957 900 3013 cibum
929 2967 1241 3029 acceperat.
1290 2958 1570 3017 Reversus
1604 2968 1783 3016 autem
1815 2959 1926 3016 duo
1953 2961 2081 3016 item

514 3049 784 3121 religiosa:
815 3050 1173 3122 philosophia:
1196 3050 1481 3124 gymnasia
1507 3053 1800 3117 exstruxit,
1831 3069 1999 3108 unum
2028 3054 2080 3108 in

512 3139 683 3197 dorso
703 3143 908 3198 montis
937 3142 1003 3198 de
1035 3159 1146 3214 quo
1174 3144 1517 3207 dicebamus,
1556 3145 1795 3200 alterum
1826 3145 1931 3201 sub
1966 3145 2078 3211 illo,

512 3232 584 3287 ad
616 3234 769 3303 ipsas
800 3235 1011 3291 radices
1055 3236 1295 3293 montis:
1328 3237 1687 3308 collectisque
1738 3236 1791 3291 in
1850 3248 2082 3306 utroque

511 3324 730 3381 virtutis
756 3325 995 3391 athletis,
1022 3334 1381 3398 utrorumque
1407 3329 1673 3399 magister
1693 3344 1757 3383 ac
1780 3327 2082 3399 pzedotriba

514 3417 657 3472 fuit:
699 3427 753 3473 et
806 3418 985 3475 infesti
1050 3419 1230 3474 hostis
1284 3420 1528 3476 insultus
1582 3436 1678 3475 eos
1728 3420 1970 3484 docens,
2029 3427 2082 3473 et

510 3510 852 3579 agmothetze
881 3511 1314 3565 benevolentiam
1346 3510 1557 3581 1173
1579 3510 1880 3579 spondens,
1918 3519 2081 3580 atque

511 3610 568 3655 ut
618 3602 806 3657 ﬁdenti
859 3603 1188 3671 excelsaque
1236 3603 1420 3656 animo
1482 3610 1672 3657 essent
1721 3602 2028 3659 admonens
2060 3644 2075 3668 ,

512 3690 863 3759 suadensque
897 3699 956 3744 ut
990 3705 1117 3762 erga
1154 3692 1337 3745 socios
1369 3689 1692 3744 modestiam
1743 3691 2076 3757 retinerent,

509 3779 780 3836 adversus
835 3781 1045 3836 hostem
1102 3781 1274 3835 animi
1334 3780 1715 3851 magnitudine
1767 3790 2074 3837 uterentur.

509 3871 669 3927 Talia
717 3872 951 3937 docens,
999 3873 1080 3929 sic
1130 3874 1357 3936 vivens.
1409 3874 1581 3929 tantis
1626 3874 1911 3931 miraculis
1961 3875 2079 3945 pol-

509 3965 660 4027 lens.
688 3972 743 4018 et
771 3965 1063 4033 splendore
1092 3964 1240 4019 omni
1270 3979 1603 4030 coruscans,
1639 3966 1928 4022 laboriosa:
1959 3968 2079 4022 vita:

510 4058 669 4111 tinem
701 4056 882 4127 cepit,
926 4056 989 4111 in
1032 4071 1264 4127 eamque
1309 4057 1617 4125 migravit,
1665 4073 1786 4128 quae
1835 4060 1974 4114 senii
2025 4068 2078 4114 et

507 4148 712 4203 doloris
744 4156 829 4203 est
863 4164 1099 4220 expers,
1125 4148 1306 4219 gloria
1347 4150 1645 4205 immortali
1695 4158 1748 4205 et
1795 4168 2075 4222 nunquam

507 4242 787 4296 interitura
819 4241 1083 4296 memoria
1107 4249 1232 4311 post
1276 4257 1336 4296 se
1375 4240 1585 4296 relicta.
1630 4241 1803 4311 llujns
1849 4244 2076 4298 benedi-

504 4331 720 4395 ctione,
778 4332 908 4385 dum
967 4340 1250 4402 superstes
1299 4341 1478 4396 esset,
1527 4335 1697 4403 potita
1749 4342 1834 4389 est
1880 4336 2072 4401 beata,

2193 1870 2437 1938 γεῖν,καὶ
2475 1868 2597 1930 τοὺς
2628 1867 2724 1936 μὲν
2750 1866 2899 1918 ἔνδον
2921 1863 3204 1934 φωτίζειν,
3228 1862 3355 1924 τοὺς
3387 1860 3442 1913 δὲ
3473 1860 3580 1926 ἔξω
3610 1876 3788 1911 κατα-

2193 1961 2368 2014 καίειν
2391 1960 2716 2030 πεποίηκεν.
2734 1957 2894 2011 Ἀλλά
2915 1955 3169 2026 περιττὸν
3192 1954 3330 2007 ποιῶ
3346 1952 3477 2019 περὶ
3500 1953 3600 2021 τῆς
3618 1951 3783 2012 θείας

2189 2051 2470 2122 δυνάμεως
2499 2049 2801 2113 ἀποδείξεις
2848 2047 3193 2118 προσφέρων.
3237 2042 3459 2113 Ἐπειδὴ
3505 2041 3700 2133 fetv-av
3722 2039 3783 2092 τδ

2191 2142 2522 2214 ποθούμενον
2554 2140 2852 2195 κατέλαόεν
2869 2139 3013 2212 ὄρος,
3041 2137 3202 2207 φασὶν
3256 2136 3467 2189 ἑκείνον
3516 2133 3609 2186 τδν
3642 2132 3778 2185 θαυ-

2192 2236 2384 2305 μάσιον
2418 2234 2649 2304 γέροντα
2678 2235 2735 2286 ὲν
2776 2233 2970 2302 ἐκείνῳ
2995 2229 3075 2301 τῷ
3106 2229 3311 2300 χωρίῳ,
3337 2227 3395 2280 ἄν
3432 2220 3477 2294 ᾧ
3509 2224 3603 2277 τὸν
3638 2224 3781 2276 Θεὸν

2188 2328 2426 2396 Μωῦσῆς
2456 2326 2584 2379 ίδείν
2624 2323 2849 2396 ὴξιὼθη,
2884 2318 3027 2378 εἶδεν
3050 2322 3107 2376 δὲ
3139 2322 3214 2386 ὡς
3243 2318 3469 2374 δυνατὸν
3500 2313 3571 2387 ῆν
3608 2316 3777 2383 φύσει

2188 2417 2377 2488 θνητῇ.
2401 2416 2580 2471 κλῖναι
2610 2417 2678 2470 τά
2710 2416 2934 2485 γόνατα,
2966 2414 3061 2467 καὶ
3115 2412 3190 2483 μὴ
3223 2411 3488 2481 πρότερον
3540 2408 3777 2476 ἀναστῆ-

2186 2522 2274 2557 ναι
2303 2546 2317 2570 ,
2351 2503 2457 2566 ἕως
2505 2503 2657 2565 Θείας
2694 2502 2965 2574 ἐπήκουσε
3017 2499 3225 2570 φωνῆς,
3270 2497 3370 2568 τὴν
3424 2496 3774 2561 Auva

2186 2594 2333 2667 αύτῷ
2363 2594 2650 2665 εὐμένειαν
2687 2591 3016 2664 μηνυούσης.
3071 2588 3288 2658 Ἐπειδὴ
3318 2587 3375 2640 δὲ
3419 2585 3646 2639 ἅπαντα
3678 2584 3773 2645 τῆς

2184 2674 2476 2756 ἑϐδομάδος
2527 2686 2621 2739 τὸν
2656 2683 2856 2738 κύκλον
2903 2681 3046 2736 οὕτω
3079 2677 3438 2750 συγκεκυφὼς
3469 2675 3771 2736 διετέλεσε,

2181 2778 2390 2850 τροφῆς
2418 2778 2540 2832 οὐδὲ
2583 2776 2843 2850 βραχείας
2879 2773 3200 2847 μεταλαχὼν
3221 2814 3235 2838 ,
3264 2770 3553 2826 εκέλευσεν
3580 2770 3625 2839 ὴ
3675 2784 3767 2835 τεο

2184 2869 2383 2940 νομένη
2404 2868 2557 2940 φωνὴ
2586 2872 2677 2923 καὶ
2718 2869 2785 2923 τά
2843 2866 3180 2938 προτεθέντα
3216 2863 3365 2932 αύτῷ
3419 2861 3635 2921 λαϐεῖν.
3680 2860 3768 2913 καὶ

2186 2959 2481 3031 προθύμως
2528 2962 2871 3030 καταφαγεῖν
2897 2974 2911 2990 ⁶
2944 2957 3191 3020 ἐκτείνας
3218 2955 3276 3011 δὶ
3305 2956 3405 3024 τὴν
3453 2955 3639 3024 χεῖρα,
3676 2950 3772 3004 καὶ

2183 3052 2309 3124 τρία
2336 3051 2481 3124 μῆλα
2509 3051 2682 3123 εὑρὼν
2702 3092 2716 3117 ,
2742 3052 2835 3105 καὶ
2859 3049 3063 3104 τούτων
3088 3046 3417 3119 ἐμφορηθεὶς
3442 3046 3516 3109 ὼς
3548 3046 3579 3096 ὁ
3605 3044 3771 3096 δεεωο

2186 3142 2298 3207 κὼς
2326 3144 2739 3215 παρηγγύησεν,
2779 3141 2960 3213 ἰσχύος
3008 3157 3068 3194 τε
3111 3140 3331 3208 γέγονεν
3378 3138 3598 3203 ἁπάσης
3638 3138 3770 3189 ἀναν

2187 3237 2384 3303 πλεως,
2417 3238 2507 3291 καὶ
2544 3237 2681 3308 μετά
2711 3236 3010 3306 θυμηδείας
3051 3234 3179 3297 τοὺς
3210 3232 3470 3293 συνόντας,
3498 3229 3575 3291 ὡς
3605 3232 3775 3293 εξκὸς

2181 3324 2272 3402 ἦν,
2310 3330 2612 3398 ὴσπάσατο.
2646 3327 2899 3399 Γεγηθὼς
2929 3327 3106 3380 τοίνυν
3154 3326 3248 3379 καὶ
3296 3320 3630 3391 γαννύμενος
3666 3321 3777 3372 επ.

2183 3420 2354 3492 ανῄει,
2381 3421 2475 3473 ἀτε
2502 3419 2563 3488 δὴ
2587 3420 2681 3473 καὶ
2709 3418 2859 3481 θείας
2888 3417 3201 3479 ἐπακούσας
3230 3414 3428 3483 φωνῆς,
3456 3410 3555 3464 καὶ
3608 3410 3773 3465 0:03-

2181 3512 2336 3565 δότου
2380 3512 2542 3564 πάλιν
2573 3509 2886 3573 ἀπολαύσας
2937 3509 3163 3579 τροφῆς.
3207 3500 3549 3559 Ἐπανελθὼν
3581 3502 3645 3555 δὲ
3680 3502 3773 3555 καὶ

2180 3603 2275 3656 δύο
2303 3604 2621 3673 φιλοσοφίας
2652 3602 2963 3673 ᾠκοδόμησε
2996 3598 3415 3672 φροντιστήρια,
3446 3595 3504 3648 ἓν
3548 3594 3660 3664 μὲν
3693 3596 3767 3654 είς

2182 3693 2278 3764 τὴν
2316 3694 2510 3766 ῥαχίαν
2556 3693 2652 3746 τοῦ
2694 3694 2855 3765 Egon;
2876 3693 3004 3764 περὶ
3040 3684 3103 3744 οὗ
3134 3692 3571 3761 προειρήκαμεν,
3605 3689 3767 3741 θάτεο

2184 3803 2275 3856 ρον
2310 3786 2367 3839 δὲ
2403 3785 2523 3839 κατ’
2551 3785 2716 3849 αὐτὸ,
2746 3786 2875 3858 παρ’
2910 3784 3047 3837 αύτά
3077 3783 3178 3853 τῆς
3197 3782 3477 3851 ὑπωρείας
3513 3780 3593 3832 τὰ
3638 3780 3767 3851 κρά-

2183 3876 2350 3931 σπεδα
2372 3892 2383 3905 ·
2411 3878 2468 3930 ὲν
2498 3876 2744 3948 ἑκατέρῳ
2778 3875 2834 3931 δὲ
2860 3875 3099 3946 ἀθλητὰς
3125 3873 3328 3946 ἀρετῆς
3371 3871 3762 3942 συναθροίσας,

2180 3971 2275 4022 καὶ
2303 3968 2510 4023 τούτων
2538 3970 2807 4023 κάκείνων
2833 3968 3148 4039 γυμναστὴς
3184 3967 3405 4034 ἐγένετο
3443 3966 3541 4017 καὶ
3585 3965 3767 4017 παιδο-

2178 4062 2394 4132 τρίδης.
2444 4062 2538 4115 καὶ
2566 4061 2660 4116 τοῦ
2715 4061 3010 4116 ἀντιπάλου
3040 4061 3134 4113 καὶ
3182 4058 3443 4128 πολεμίου
3488 4058 3767 4111 διδάσκω

2176 4154 2276 4212 τὰς
2297 4153 2622 4220 προσϐολὰς.
2657 4156 2749 4206 καὶ
2780 4153 2875 4206 τοῦ
2902 4151 3239 4221 ἀγωνοθέτου
3268 4150 3367 4220 τὴν
3398 4148 3628 4201 εὔνοιαν
3670 4150 3767 4199 ὑπο

2184 4245 2548 4316 ισχνούμενος,
2582 4246 2675 4299 καὶ
2722 4246 2941 4317 θαρρεῖν
2978 4244 3312 4317 παρακαλῶν
3347 4243 3440 4295 καὶ
3475 4244 3771 4311 φρονήμα-

2179 4354 2266 4398 τος
2294 4336 2570 4407 ὲμφορῶν,
2599 4336 2693 4390 καὶ
2744 4337 2881 4407 πρὸς
2937 4335 3036 4405 μὲν
3073 4337 3199 4398 τοὺς
3249 4335 3512 4404 ὁμοφυεῖς
3546 4334 3773 4402 μέτριαι

506 4425 615 4477 ἰιιιο
645 4425 961 4481 beatissima
989 4434 1162 4480 mater
1194 4441 1311 4480 mea
1334 4442 1357 4487 ς
1379 4441 1541 4495 quam
1584 4426 1790 4490 horum,
1811 4429 2075 4499 pleraque

2187 4429 2293 4492 ζειν
2327 4428 2583 4493 κελεύων,
2624 4428 2759 4499 πρὸς
2787 4428 2843 4482 δὲ
2889 4428 2978 4481 τὸν
3013 4427 3271 4497 πολέμιον
3305 4425 3773 4496 μεγαλοφροσύνῃ

502 4523 819 4571 narrantem
852 4516 1057 4586 smpius
1087 4516 1301 4571 audivi.
1340 4515 1450 4586 Ego
1486 4532 1617 4570 vero
1639 4557 1652 4580 ,
1687 4527 1744 4572 ut
1780 4521 2067 4587 potentiae,

502 4620 609 4677 qua
663 4621 807 4659 nunc
864 4607 1046 4672 valet,
1096 4605 1626 4677 intercessionisque
1667 4608 1789 4677 ejus
1826 4608 2067 4664 fructum

502 4697 713 4767 capiam
745 4712 880 4761 oro,
914 4706 966 4750 et
997 4697 1417 4767 impetraturum
1456 4715 1541 4754 me
1573 4701 1708 4754 scio.
1744 4701 1878 4755 Nam
1916 4706 1932 4722 '
1962 4703 2071 4757 Do-

502 4788 631 4843 mini
678 4790 898 4843 imitans
953 4788 1342 4860 benignitatem
1401 4805 1593 4860 preces
1645 4806 1794 4847 meas
1844 4808 2074 4862 prorsus

509 4881 769 4935 admittet.

2178 4520 2474 4591 κεχρῆσθαι
2508 4520 2853 4592 παρεγγυῶν.
2889 4518 3127 4573 Τοιαῦτα
3166 4517 3450 4576 διδάσκων,
3476 4515 3642 4570 οὕτω
3668 4516 3773 4585 βιο-

2175 4612 2368 4675 τεύων,
2400 4611 2700 4682 τηλικαῦτα
2751 4611 3201 4681 θαυματουργῶν,
3237 4609 3330 4662 καὶ
3352 4608 3450 4669 τὰς
3488 4608 3776 4662 παντοδα-

2178 4703 2284 4766 πὰς
2320 4704 2684 4773 μαρμαρυγὰς
2704 4703 3017 4772 ἀφιεὶς,τῆς
3050 4703 3306 4756 ἐπιπόνου
3340 4699 3491 4769 ζωῆς
3524 4703 3593 4753 τὸ
3617 4701 3777 4759 τέλος

2176 4796 2414 4862 ἐδέξατο,
2443 4797 2536 4849 καὶ
2571 4798 2651 4859 είς
2690 4795 2780 4848 τὸν
2822 4797 3013 4865 ἀγήρω
3044 4796 3138 4849 καὶ
3178 4795 3382 4850 ἄλυπον
3425 4794 3777 4862 ἀπεδήμησε

2179 4889 2311 4955 βίον,
2341 4889 2603 4942 ἀσόεστον
2637 4888 2790 4952 κλέος
2814 4887 3146 4951 καταλιπὼν,
3182 4890 3275 4942 καὶ
3314 4886 3550 4958 μνήμην
3598 4888 3780 4939 εἰσαεὶ

498 4978 874 5048 διαμένουσαν.
902 4980 1013 5049 Τῆς
1050 4978 1239 5031 τούτου
1271 4978 1326 5033 δὲ
1373 4979 1624 5049 εὐλογίας
1653 4981 1935 5053 ἀπήλαυσε
1973 4984 2069 5053 μὲν
2107 4986 2389 5056 περιόντος
2442 4988 2474 5055 ὴ
2514 4984 2759 5056 μακαρία
2826 4984 2917 5038 καὶ
2962 4983 3334 5056 τρισμακαρία
3387 4998 3495 5052 μου
3558 4982 3779 5051 μήτηρ.

499 5068 591 5120 καὶ
638 5067 806 5122 πολλὰ
847 5067 955 5120 τῶν
1002 5067 1192 5121 τούτου
1253 5086 1341 5137 μοι
1391 5070 1744 5141 διηγημάτων
1809 5073 2066 5138 πολλάκις
2106 5079 2499 5147 προσῆνεγκεν.
2544 5074 2687 5145 Ἐγὼ
2705 5075 2763 5130 δὲ
2794 5076 2891 5147 τῆς
2925 5075 3019 5128 νῦν
3044 5074 3362 5137 δυναστείας
3420 5072 3611 5126 αὐτοῦ
3690 5074 3779 5123 καὶ

500 5158 793 5229 πρεσῦείας
842 5158 1150 5213 ἀπολαῦσαι
1192 5160 1473 5225 ἀντιϐολῶ,
1508 5164 1601 5215 καὶ
1639 5159 1755 5216 οἶδα
1793 5164 1867 5226 ὡς
1894 5164 2173 5236 τεύξομαι.
2206 5167 2509 5240 Δώσειγὰρ
2537 5169 2754 5232 πάντως
2782 5168 2879 5238 τὴν
2934 5167 3174 5237 αἴτησιν,
3237 5167 3336 5236 τὴν
3386 5163 3490 5217 τοῦ
3569 5166 3783 5217 Δεσπό-

497 5268 586 5304 του
615 5250 804 5321 φιλανθ
815 5252 1023 5323 ρωπίαν
1060 5253 1415 5324 μιμούμενος.

958 5345 1064 5399 VII.
1100 5378 1169 5389 —
1203 5345 1611 5403 PALLADIUS.

565 5434 846 5492 Palladius
882 5445 1067 5493 autem
1107 5439 1200 5493 ille
1235 5441 1629 5496 celeberrimus
1668 5441 1795 5496 huic
1834 5443 2067 5511 aequalis

498 5529 743 5593 tempore
778 5525 878 5580 fuit
905 5566 919 5589 ,
953 5535 1008 5581 et
1039 5528 1288 5584 moribus
1321 5529 1518 5585 similis
1541 5572 1556 5595 ,
1593 5539 1864 5601 notusque
1894 5548 1959 5587 ac
1988 5533 2067 5586 fa-

502 5613 753 5669 miliaris.
789 5616 867 5669 Ad
900 5633 958 5671 se
994 5621 1140 5673 enim
1165 5663 1178 5683 ,
1223 5630 1284 5673 ut
1331 5619 1552 5687 ferunt,
1610 5623 1845 5678 invicem
1893 5625 2064 5679 venti-

506 5705 721 5769 tantes,
755 5716 999 5760 mutuam
1048 5708 1338 5763 utilitatem
1394 5712 1717 5780 capiebant,
1774 5722 1961 5768 mutuo
2008 5731 2064 5769 se

2666 5353 2811 5405 Z".—
2836 5349 3239 5403 ΠᾹΛΛᾹΔΙΟΣ.

2246 5443 2538 5506 Παλλάδιος
2570 5442 2626 5496 δε
2655 5443 2684 5496 ὁ
2729 5442 3162 5514 πολυθρύλλητος
3213 5442 3516 5511 ὁμὸχῳνος
3566 5446 3785 5500 τοῦτω

2173 5534 2483 5603 γεγένηται,
2516 5533 2607 5587 καὶ
2639 5532 2963 5602 ὁμότροπος,
2998 5535 3091 5585 καὶ
3125 5530 3383 5601 συνήθης,
3415 5533 3521 5584 καὶ
3551 5536 3783 5607 Nam-

2178 5643 2293 5694 μσς,
2332 5625 2466 5694 Παρ*
2497 5623 2760 5694 ἀλλήλους
2811 5623 2939 5694 γὰρ,
2989 5622 3064 5686 ὥς
3109 5639 3260 5692 φασι,
3325 5622 3654 5689 φοιτῶντες
3690 5627 3789 5694 τῆς

2176 5718 2302 5787 παρ’
2356 5716 2596 5784 ἀλλήλων
2650 5714 2912 5783 ὡφελείας
2972 5714 3273 5783 ἀπήλξαυον,
3340 5713 3793 5786 παραθήγοντες
