3974 6212
279 293 409 360 i365

1483 292 1892 354 RELIGIOSA
1932 290 2315 351 HISTORIA.

3385 283 3521 345 lB‘J‘i

272 407 554 475 ἀλλήλους,
588 402 681 456 καὶ
726 405 806 466 είς
838 400 1001 470 ζῆλον
1052 400 1140 454 τὸν
1192 402 1332 454 θεῖον
1391 404 1714 473 ἐγείροντες.
1760 403 1845 453 Ἐν

1974 411 2352 460 n-ovocantes.
2392 411 2442 457 el
2480 403 2544 456 ad
2578 403 2754 456 zelum
2790 400 3036 454 divinum
3071 400 3387 453 imitantes.
3434 400 3517 450 Ιιι-

274 499 499 567 ιίκίσκῳ
533 495 589 547 δέ
620 511 721 546 τινι
762 495 1074 563 καθεῖρκτο,
1099 494 1260 565 κώμῃ
1295 495 1525 566 μεγίστῃ
1556 497 1649 548 καὶ
1681 495 1849 547 πολυ-

276 589 548 660 ανθρώπῳ
583 586 869 650 πελάζοντι
900 603 912 617 ·
954 585 1147 656 Ἴμμαι
1179 586 1236 639 δὲ
1266 586 1436 656 ὄνομα
1480 586 1674 658 ταύτῃ.
1715 588 1850 655 Περὶ

281 683 378 752 μὶν
408 679 516 750 γάρ
564 681 663 748 τῆς
707 678 800 732 τοῦ
832 677 1020 746 ἀνδρὸς
1066 678 1384 748 καρτερίας,
1421 678 1634 741 ἀσιτίας
1663 695 1722 730 τε
1758 678 1851 731 καὶ

278 773 603 842 ἀγρυπνίας.
638 771 732 824 καὶ
762 770 862 837 τῆς
900 768 1179 840 διηνεκοῦς
1212 772 1543 838 προσευχῆς,
1600 769 1853 841 περιττὸν

279 865 517 935 ἡγοῦμαι
539 862 863 930 διηγεῖσθαι.
894 861 995 914 Τὸν
1018 859 1125 931 γὰρ
1159 861 1320 913 αὑτὸν
1352 855 1532 913 εἷλκεν
1561 862 1619 913 ἐν
1644 861 1855 923 τούτοις

277 956 356 1026 τῷ
395 956 525 1025 θείῳ
584 954 831 1024 Συμεῶνι
879 955 1071 1020 ἐκείνῳ
1128 953 1310 1021 ζυγόν.
1357 954 1429 1005 Τὸ
1458 954 1514 1007 δὲ
1560 953 1765 1023 θαῦμα,
1795 954 1855 1005 τὸ

282 1045 441 1115 μέχρι
466 1046 559 1098 καὶ
587 1046 824 1115 τήμερον
853 1043 1132 1111 ᾀδόμενον,
1157 1044 1217 1095 τὸ
1246 1044 1349 1096 ὑπὸ
1379 1046 1477 1113 τῆς
1507 1045 1721 1097 ἐκείνου
1758 1045 1853 1096 καὶ

281 1137 465 1205 φωνῆς
529 1136 819 1206 γενόμενον
878 1136 971 1186 καὶ¹
1019 1134 1232 1204 χειρὸς,
1298 1131 1574 1205 προῦργον
1628 1134 1856 1205 ἐνόμισα

279 1217 646 1299 διηγήσασθαι
657 1267 669 1279 .

350 1321 666 1390 Πανήγυρις
727 1320 806 1381 εἰς
865 1317 961 1387 τὴν
1026 1318 1435 1387 προειρημένην
1508 1319 1857 1390 συνηγείρετο

282 1412 500 1482 κώμην,
527 1412 655 1473 τους
700 1408 964 1463 πάντοθεν
1016 1408 1289 1477 ἐμπόρους
1334 1410 1716 1478 ἐπισπωμένη.
1765 1409 1858 1461 καὶ

283 1502 488 1574 πλῆθος
526 1500 759 1571 ἀριθμοῦ
793 1500 1040 1569 κρεῖττον
1063 1499 1421 1569 ἐφελκομένη.
1457 1495 1549 1552 Ἐν
1583 1499 1754 1571 ταύτῃ
1776 1517 1858 1562 τις

284 1594 546 1663 ἔμπορος,
602 1593 742 1662 άπερ
806 1586 906 1661 ἧκε
964 1592 1144 1660 φέρων
1208 1591 1628 1662 ἀπεμπολήσας.
1679 1594 1771 1644 καὶ
1801 1592 1861 1645 τὸ

283 1685 506 1754 χρυσίον
567 1680 955 1753 συναθροίσας,
1017 1680 1235 1750 νύκτωρ
1283 1681 1538 1751 ἀπαίρειν
1586 1680 1853 1734 ἐϐούλετο.

298 1772 649 1843 Ἀνδροφὸνος
678 1771 737 1824 δὲ
772 1789 876 1834 τις,
906 1771 965 1824 τὸ
994 1754 1253 1838 συλλεγὲν
1302 1774 1477 1824 ἐκεῖνο
1524 1771 1857 1839 θεασάμενος
1890 1754 1931 1807 Β

285 1863 533 1933 χρυσίον,
581 1864 796 1932 οἶστρον
834 1862 978 1923 τινὸς
1021 1862 1116 1914 καὶ
1142 1862 1338 1932 μανίας
1386 1862 1737 1932 ἐμφορηθεὶς,
1769 1864 1859 1915 τὸν

288 1953 388 2022 μὲν
424 1951 588 2004 ὕπνον
640 1951 748 2004 τῶν
795 1951 1078 2022 βλεφάρων
1139 1952 1410 2021 ἀπήλασε,
1443 1952 1535 2004 τοῦ
1565 1953 1621 2005 δὲ
1668 1953 1861 2021 ἀνδρὸς

284 2041 495 2096 ὶκείνου
532 2042 631 2111 τὴν
658 2042 960 2112 ἀποδημίαν
983 2041 1263 2112 ἐφύλαττε.
1300 2045 1452 2097 Μετὰ
1485 2043 1539 2096 δὲ
1570 2044 1862 2113 ἀλεκτρυόο

284 2152 394 2188 νων
425 2133 636 2204 ᾠδὰς,ό
665 2133 764 2204 μὲν
796 2134 973 2204 ἀπῆρε
1021 2133 1271 2204 θαῤῥῷν⁸
1295 2136 1325 2187 ό
1354 2135 1413 2188 δὲ
1453 2134 1740 2206 προλα6ὼν
1770 2136 1867 2189 καὶ

286 2225 453 2278 τόπον
482 2224 605 2277 τινα
650 2228 730 2288 είς
773 2225 995 2295 ἐνέδραν
1048 2226 1352 2297 ἐπιτήδειον
1403 2226 1745 2291 καταλαϐὼν,
1774 2229 1862 2293 ἐξ·

288 2317 560 2380 απιναίως
596 2333 655 2369 τε
684 2317 994 2387 προϐαλὼν,
1038 2320 1313 2389 ἐπήνεγκε
1345 2319 1444 2389 τὴν
1479 2319 1715 2389 πληγὴν,
1771 2320 1865 2373 καὶ

288 2409 393 2479 τὴν
422 2408 733 2478 μιαιφονίαν
756 2408 1023 2479 ἐτόλμησε
1048 2423 1063 2437 ⁸
1102 2409 1428 2479 προστίθησι
1462 2410 1520 2462 δὲ
1553 2412 1647 2463 καὶ
1677 2412 1865 2481 ἕτερον

286 2499 424 2569 τῷδε
453 2498 529 2567 τῷ
571 2498 733 2566 μύσει
764 2499 1105 2570 δυσσέϐημα.
1141 2501 1212 2552 Τὸ
1244 2501 1351 2571 γὰρ
1390 2502 1608 2571 χρυσίον
1661 2500 1862 2564 λαϐὼν,

285 2595 352 2647 τὸ
380 2594 569 2662 νεκρὸν
595 2594 772 2646 ἐκεῖνο
802 2594 961 2663 σῶμα
1011 2594 1161 2663 παρά
1205 2595 1302 2663 τὴν
1329 2594 1422 2647 τοῦ
1452 2593 1692 2663 μεγάλου
1721 2594 1866 2647 Παλο

281 2680 470 2735 λαδὶου
499 2681 832 2753 προσέῤῥιψε
854 2681 1044 2753 θύραν.
1092 2684 1179 2746 Ὠς
1204 2684 1261 2736 δὲ
1302 2684 1485 2754 ἡμέρα
1510 2685 1747 2752 ἐγένετο,
1773 2687 1868 2739 καὶ

280 2773 316 2841 ἡ
353 2772 507 2841 φήμη
531 2770 809 2841 διέδραμε,
844 2772 938 2824 καὶ
966 2772 999 2841 ἡ
1027 2772 1334 2844 πανήγυρις
1371 2773 1556 2827 ἀπασα
1588 2774 1649 2827 τὸ
1704 2790 1866 2843 γεγε⁶

281 2864 521 2932 νημένον
550 2862 794 2933 ὲθρύλλει
814 2902 830 2926 ,
864 2864 1113 2917 συνέθεον
1153 2864 1412 2929 ἅπαντες,
1443 2867 1537 2919 καὶ
1567 2868 1669 2936 τὴν
1693 2867 1867 2937 θύραν

281 2954 696 3027 διαρῤήξαντες,
729 2954 958 3017 εὐθύνας
979 2957 1395 3026 εἰσεπράττοντο
1408 2957 1508 3026 τῆς
1536 2959 1753 3028 σφαγῆς
1779 2959 1869 3012 τὸν

287 3046 439 3099 θεῖον
466 3044 760 3098 Παλλάδιον
778 3061 790 3074 ο
827 3039 920 3108 Εἷς
948 3046 1007 3098 δὲ
1035 3044 1143 3097 τῶν
1172 3046 1332 3099 τοῦτο
1358 3046 1609 3117 δρώντων
1632 3045 1699 3118 ἦν
1720 3051 1748 3101 ό
1770 3051 1873 3120 τὴν

289 3137 507 3207 σςαγὴν
538 3136 934 3207 αύτουργήσας.
963 3136 1504 3207 Περιστοιχιζόμενος
1542 3141 1721 3193 τοίνυν
1767 3142 1871 3194 ὑπὸ
1898 3121 1940 3175 C

287 3229 563 3298 τοσαύτης
612 3227 850 3298 πληθύος
887 3230 916 3281 ό
949 3228 1236 3293 θεσπέσιος
1283 3230 1593 3302 ἄνθρωπος,
1648 3236 1727 3298 εἰς
1780 3235 1871 3289 τὸν

288 3320 520 3394 οὐρανὸν
555 3319 700 3385 ίδὼν,
730 3321 823 3375 καὶ
849 3324 914 3392 τῇ
942 3322 1152 3393 διανοίᾳ
1196 3323 1286 3375 τὸν
1319 3324 1549 3393 οὐρανὸν
1603 3326 1868 3396 ὑπερϐάς,

293 3413 503 3466 ἱκέτευε
530 3414 621 3465 τὸν
646 3413 944 3484 Δεσπότην,
968 3414 1066 3483 τῆς
1104 3416 1470 3485 συκοφαντίας
1508 3417 1775 3486 διελέγξαι
1812 3419 1871 3473 τὸ

288 3500 504 3571 ψεῦδος,
541 3503 630 3554 καὶ
660 3503 825 3574 δήλην
858 3504 1133 3575 ἀποφῆναι
1160 3506 1258 3575 τὴν
1298 3511 1694 3580 κεκρυμμένην
1733 3510 1871 3582 ἀλή-

295 3594 467 3645 θειαν.
499 3591 682 3654 Οὕτως
715 3591 1033 3661 εὐξάμενος,
1066 3596 1159 3648 καὶ
1191 3597 1288 3665 τῆς
1322 3596 1415 3649 τοῦ
1470 3600 1726 3669 κειμένου
1778 3603 1869 3657 λα-

295 3682 523 3753 ϐόμενος
547 3682 744 3745 δεξιᾶς,
784 3701 801 3734 ι
828 3682 1123 3754 Εἰπὲ,ἕφη,
1156 3679 1200 3737 ὦ
1222 3689 1427 3754 νεανία,
1448 3690 1530 3753 τίς
1554 3708 1634 3744 σοι
1662 3693 1870 3765 ταύτην

295 3779 561 3846 ἐπήνεγκε
586 3775 681 3844 τὴν
705 3775 917 3845 πληγήν
937 3791 951 3805 ⁸
986 3776 1155 3841 δεῖξον
1205 3779 1293 3831 τὸν
1334 3781 1426 3833 τοῦ
1460 3783 1662 3852 μύσους
1691 3788 1874 3841 αὐθέν-

292 3885 412 3938 την,
456 3868 548 3922 καὶ
577 3866 668 3919 τὸν
713 3868 889 3921 ἀθῶον
938 3867 1214 3938 ἀπόφηνον
1244 3872 1339 3941 τῆς
1372 3875 1611 3945 πονηρᾶς
1672 3879 1874 3948 ταύτης

295 3959 657 4027 συκοφαντίας
698 3960 1003 4030 ἐλεύθερον.
1046 3962 1361 4017 Ἠκολούθει
1394 3964 1450 4017 δὲ
1473 3966 1550 4035 τῷ
1610 3968 1708 4036 μὲν
1733 3970 1875 4039 λόγῳ

295 4052 325 4102 ὁ
353 4050 530 4117 λόγος,
567 4054 630 4120 τῇ
681 4052 832 4121 δεξιᾷ
888 4054 945 4104 δὲ
982 4056 1011 4106 ὀ
1041 4054 1349 4124 ἄνθρωπος,
1416 4058 1510 4109 καὶ
1567 4060 1876 4129 καθήμενος

298 4140 651 4206 περιεσκόπει
704 4143 802 4211 μὲν
848 4144 972 4206 τοὺς
1025 4144 1329 4211 παρόντας,
1376 4147 1689 4201 ὑπεδείκνυε
1722 4150 1777 4204 δὲ
1801 4153 1876 4222 τῷ

295 4228 542 4300 δακτύλῳ
562 4231 651 4282 τὸν
679 4231 1022 4299 ἀνδροφόνον.
1051 4233 1157 4303 Βοὴ
1186 4234 1242 4286 δὲ
1276 4236 1492 4289 πάντων
1511 4240 1744 4305 ἐγένετο,
1782 4245 1875 4297 καὶ

297 4325 356 4377 τὸ
400 4322 582 4392 θαῦμα
643 4323 1137 4393 ἐκπληττομένων,
1185 4327 1282 4378 καὶ
1340 4327 1437 4398 τὴν
1503 4334 1875 4407 γεγενημένην

1951 496 2140 548 clusus
2181 495 2227 549 is
2266 494 2497 564 degebat
2539 496 2592 547 in
2623 494 2856 554 cellula,
2896 494 3300 563 vieouuaximu
3335 505 3386 545 et
3422 507 3523 561 pu-

1952 586 2151 655 puloso
2179 585 2391 644 vicina.
2443 588 2529 639 cui
2589 603 2785 641 nomen
2835 584 3035 637 human
3086 585 3159 636 Ae
3188 584 3256 636 de
3307 600 3521 637 summa

1952 676 2172 746 quidem
2206 677 2304 731 viri
2338 678 2632 745 patientia,
2670 678 2893 746 cibique
2925 686 2978 731 ct
3012 680 3192 729 s0mni
3230 677 3522 730 abstinen-

1952 770 2050 834 tia,
2085 770 2540 838 dequecoutinua
2580 770 2701 838 ejus
2736 770 3009 834 oratione,
3039 768 3221 822 dicere
3254 782 3522 835 superva-

1954 875 2182 915 caneum
2204 868 2498 931 putu,cum
2532 861 2584 914 in
2608 861 2692 914 his
2723 844 2914 929 jugum
2952 860 3090 913 idem
3129 859 3356 912 traxerit
3397 872 3533 927 cum.

1957 953 2146 1009 divino
2174 953 2267 1005 illo
2295 951 2588 1022 Symcune.
2622 951 2944 1005 Miracnium
2984 959 3186 1011 autem.
3222 948 3362 1019 quod
3401 950 3522 1017 ejus

1958 1059 2087 1099 \‘uce
2117 1059 2384 1113 manuque
2425 1043 2624 1097 factum
2676 1044 2727 1096 in
2776 1042 3101 1096 hodiernum
3151 1057 3322 1111 usque
3376 1041 3519 1095 diem

1956 1135 2291 1199 celebratur,
2323 1150 2502 1202 opera:
2537 1133 2773 1203 pretium
2810 1132 2941 1187 duxi
2981 1146 3291 1187 recensere.

2030 1313 2295 1366 Nundina:
2342 1312 2396 1364 in
2433 1311 2695 1380 praedicto
2729 1309 2848 1363 vico
2882 1309 3208 1377 agebantur,
3238 1324 3356 1377 qua:
3390 1325 3541 1360 ruer-

1958 1413 2172 1458 ralores
2209 1403 2448 1471 undique
2497 1404 2857 1463 acciverant,
2908 1400 3310 1469 hominumque
3348 1401 3526 1452 tntilli-

1959 1498 2090 1550 tudo
2147 1497 2410 1550 immensa
2469 1493 2683 1565 1175
2728 1494 3091 1547 conﬂuxerat.
3126 1484 3205 1545 lbi
3260 1503 3532 1546 mercatur

1968 1588 2226 1657 quidam,
2266 1587 2503 1641 venditis
2539 1586 2820 1641 mercibus
2854 1601 2991 1654 quas
3029 1584 3327 1646 attulerat,
3371 1599 3534 1637 auro-

1962 1698 2067 1749 quc
2098 1688 2410 1741 contracto,
2467 1688 2630 1732 noctu
2682 1678 2832 1733 abire
2884 1685 3173 1731 statuerat.
3225 1676 3527 1729 Collectum

1964 1785 2091 1822 vero
2122 1783 2313 1822 aurum
2347 1766 2617 1822 homicida
2647 1768 2866 1836 quida'n
2888 1766 3261 1835 conspicatus,
3283 1773 3451 1819 uestro
3472 1778 3533 1817 ac

1964 1860 2147 1914 furore
2175 1860 2434 1929 percitus,
2468 1875 2717 1914 somnum
2752 1859 2928 1913 oculis
2962 1857 3185 1925 depulit,
3214 1866 3268 1911 et
3295 1854 3535 1909 hominis

1964 1953 2113 2006 illius
2141 1952 2449 2007 discessum
2484 1951 2814 2007 observavit.
2854 1949 2918 2003 Et
2949 1964 3073 2003 cum
3115 1949 3204 2003 ille
3256 1956 3378 2018 post
3410 1947 3532 2016 galli

1965 2056 2187 2101 cantum
2226 2060 2456 2101 securus
2489 2045 2699 2108 abiret,
2738 2045 2827 2097 hic
2866 2052 3235 2113 prmverteus,
3269 2049 3324 2094 et
3358 2041 3535 2093 locum

1968 2140 2186 2196 insidiis
2220 2146 2405 2208 aptum
2436 2152 2754 2207 occupans,
2804 2146 3029 2206 repetite
3077 2134 3308 2197 insiliit,
3351 2132 3537 2187 incus-

1967 2247 2136 2301 saque
2191 2232 2344 2300 plaga
2399 2230 2601 2285 czedem
2663 2230 3040 2299 perpetravit,
3093 2236 3147 2282 et
3200 2228 3539 2282 exsecranda

1969 2321 2162 2377 sceleri
2220 2318 2368 2371 aliud
2411 2318 2637 2386 impium
2681 2317 2899 2371 facinus
2941 2314 3169 2369 addidit.
3213 2315 3362 2368 Auro
3396 2315 3539 2367 enim

1970 2415 2152 2468 ablato
2172 2452 2186 2475 ,
2221 2411 2454 2464 cadaver
2483 2410 2550 2463 ad
2587 2408 2768 2473 magni
2801 2408 3030 2461 Palladii
3057 2407 3284 2477 jauuam
3315 2405 3537 2474 abiecit.

1972 2503 2075 2559 Ubi
2114 2502 2234 2556 dies
2279 2500 2488 2562 illuxit,
2544 2497 2797 2568 tantaque
2852 2512 3043 2568 sparsa
3101 2511 3187 2552 res
3236 2504 3353 2550 toto
3400 2510 3541 2549 mer-

1970 2605 2096 2651 catu
2128 2595 2344 2664 vulgata
2380 2600 2495 2654 est,
2541 2597 2844 2645 accurrunt
2877 2605 3105 2651 omnes.
3157 2588 3414 2657 ostioque
3460 2585 3545 2640 ef-

1973 2688 2151 2742 fracto
2194 2693 2422 2755 patratae
2465 2682 2635 2738 caedis
2689 2696 2884 2753 poenas
2933 2686 3228 2751 reposcunt
3281 2693 3312 2733 a
3356 2676 3546 2733 divino

1972 2777 2217 2833 Palladio
2246 2795 2258 2830 :
2292 2775 2591 2846 aderatque
2623 2774 2767 2829 inter
2806 2781 3033 2827 caeteros
3074 2772 3120 2826 is
3159 2772 3276 2841 ipse
3308 2770 3400 2842 qui
3441 2783 3546 2824 ρων

1972 2877 2095 2928 dem
2132 2871 2509 2926 commiserat.
2546 2869 2964 2924 Circumsessns
2993 2879 3129 2934 ergo
3154 2879 3185 2919 a
3216 2869 3369 2917 tanta
3405 2861 3546 2916 mul-

1973 2963 2211 3019 titudine
2245 2965 2331 3015 vir
2362 2968 2588 3017 sanctus
2609 2999 2624 3024 ,
2663 2961 2863 3014 cmlum
2899 2957 3209 3026 suspiciens
3230 2994 3245 3020 .
3278 2966 3333 3010 et
3369 2967 3549 3008 mente

1973 3055 2170 3112 cmlum
2203 3053 2604 3108 transcenderis
2625 3090 2642 3115 ,
2672 3050 2960 3104 Dominum
2990 3049 3218 3109 orabat,
3250 3056 3306 3100 ut
3336 3046 3548 3101 calum-

1976 3149 2082 3203 nia:
2122 3146 2420 3202 falsitatem
2464 3145 2854 3214 redargueret,
2891 3149 2944 3196 et
2986 3140 3266 3195 veritatem
3306 3153 3427 3208 quae
3466 3137 3551 3188 la-

1976 3241 2126 3295 tebat
2158 3239 2443 3294 revelaret.
2480 3237 2573 3292 Sic
2610 3243 2891 3306 precatus,
2924 3234 3127 3289 mortui
3157 3231 3350 3286 dextra
3382 3244 3546 3283 manu

1975 3333 2357 3400 apprehensa:
2392 3347 2409 3380 ‹
2446 3328 2584 3392 Dic,
2641 3327 2861 3396 inquit,
2917 3340 2951 3380 ο
3004 3325 3368 3386 adolescens,
3426 3321 3549 3389 quis

1977 3421 2083 3476 hoc
2136 3421 2235 3474 tibi
2292 3420 2495 3474 vulnus
2532 3418 2776 3473 inﬂixit?
2830 3419 3057 3473 ostende
3095 3416 3320 3472 sceleris
3361 3422 3553 3467 auem-

1978 3531 2128 3577 rem,
2195 3523 2249 3568 et
2304 3514 2657 3568 innocentem
2723 3512 2793 3566 ab
2849 3510 3037 3581 iniqua
3091 3509 3363 3563 calumnia
3414 3506 3550 3560 libe-

1976 3624 2097 3663 rum
2131 3606 2368 3662 declara.
2403 3624 2420 3656 ι
2455 3604 2779 3660 Sermonem
2822 3617 3004 3658 sermo
3054 3608 3277 3656 secutus
3330 3606 3443 3660 est,
3497 3606 3544 3648 et

1975 3701 2222 3757 dextram
2254 3701 2417 3754 homo
2438 3741 2451 3763 ,
2485 3700 2503 3721 ⁶
2532 3706 2588 3753 et
2618 3697 2818 3754 sedens
2849 3703 3094 3750 astantes
3118 3689 3549 3759 circumspexit,

1978 3794 2369 3862 hominemque
2417 3790 2593 3861 digito
2627 3787 3049 3845 demonstravit.
3106 3783 3247 3838 llinc
3301 3781 3553 3836 sublatus

1976 3890 2222 3942 omnium
2254 3888 2485 3947 clamor,
2519 3893 2573 3940 et
2603 3882 2932 3939 miraculum
2966 3877 3307 3950 stupentinm
3329 3917 3344 3941 ,
3381 3884 3435 3929 ct
3464 3874 3554 3926 in-

1975 3977 2177 4046 jectam
2210 3975 2541 4030 calumniam
2582 3974 2994 4030 detestantium.
3032 3968 3245 4040 1175
3279 3965 3553 4020 Sicarium

1978 4078 2158 4123 autem
2193 4068 2344 4121 illum
2379 4075 2677 4131 ementes,
2712 4076 2767 4120 et
2802 4065 3045 4135 gladium
3086 4075 3287 4114 cruore
3318 4059 3571 4110 tinctum

1980 4160 2336 4221 invenerunt,
2372 4164 2426 4210 et
2459 4171 2653 4208 aurum
2696 4153 2841 4222 quod
2884 4152 2950 4204 ad
2993 4146 3198 4203 caedem
3239 4146 3554 4213 instigarat.

1982 4249 2209 4303 Divinns
2242 4264 2370 4301 vero
2418 4244 2736 4306 Palladius,
2783 4257 2906 4297 cum
2958 4237 3305 4293 admirabilis
3351 4234 3559 4288 dudum

1978 4342 2296 4401 haberetur,
2351 4337 2546 4391 merito
2578 4332 2779 4390 exinde
2820 4332 2975 4386 visus
3024 4338 3106 4384 est
3157 4327 3556 4381 admirabilior.

239 4443 250 4454 -
300 4414 667 4480 συκοςραντίαν
715 4412 1201 4485 ὲκθαμϐουμένων.
1257 4418 1650 4488 Ἀποδύσαντες
1693 4426 1747 4479 δὲ
1783 4428 1867 4480 τὸν

1985 4436 2095 4489 lloc
2128 4448 2298 4487 unum
2332 4431 2536 4500 quippe
2568 4426 2892 4480 miraculum
2925 4420 2990 4475 ad
3024 4418 3418 4476 ostendendam
3451 4419 3565 4471 viri.

300 4505 581 4576 μεαιφόνον
642 4509 881 4569 ἐκεῖνον,
942 4507 1035 4559 καὶ
1088 4506 1186 4578 τὴν
1244 4511 1519 4581 μάχαιραν
1574 4511 1730 4588 εὖρον
1795 4522 1872 4576 ἔτι

1981 4529 2123 4599 apud
2160 4527 2329 4581 Deum
2364 4522 2619 4578 ﬁduciam
2649 4517 2799 4573 satis
2815 4523 2967 4571 erat.

299 4603 723 4673 πεφοινιγμένην
748 4601 821 4672 τῷ
858 4601 1071 4672 αἵματι,
1107 4607 1201 4659 καὶ
1225 4607 1285 4659 τὸ
1313 4611 1535 4679 χρυσίον
1591 4617 1766 4673 ἐκεῖνο
1803 4625 1863 4677 τὸ
1900 4630 1999 4698 τῆς
2056 4626 2270 4696 aea-77;;
2308 4617 2681 4690 γεγενημένον
2721 4614 2999 4685 πρόξενον.
3047 4616 3106 4668 '0
3136 4614 3189 4667 δὲ
3240 4614 3379 4673 θεῖος
3417 4607 3560 4662 Παλ-

296 4701 473 4763 λάδιος
503 4700 666 4751 πάλαι
695 4698 1016 4765 ἀΞιάγαστος
1042 4697 1137 4762 ὢν,
1172 4700 1626 4777 ἀξιαγαστότερος
1652 4712 1877 4780 είκότως
1915 4697 2164 4772 ἐντεῦθεν
2210 4714 2449 4783 ἐγένετο.
2484 4708 2687 4764 Ἱκανὸν
2733 4709 2840 4780 γὰρ
2885 4701 2953 4777 ἧν
3023 4707 3083 4759 τὸ
3151 4703 3334 4773 θαῦμα
3391 4700 3559 4766 δεῖξαι

295 4794 395 4862 τὴν
430 4793 579 4861 παρά
604 4790 681 4861 τῷ
709 4788 829 4859 Θεῷ
866 4788 959 4843 τοῦ
988 4790 1178 4861 ἀνδρὸς
1206 4793 1536 4863 παρρησίαν.

377 4885 485 4937 Καὶ
509 4882 825 4953 Ἀδραάμης
856 4881 913 4934 δὲ
932 4885 960 4935 ό
981 4882 1284 4953 θαυμάσιος
1316 4886 1415 4954 τῆς
1439 4888 1608 4959 αὐτῆς
1632 4887 1699 4961 ἦν
1733 4910 1872 4964 συμ-

304 4977 519 5047 μορίας,
546 4975 605 5039 ὃς
628 4976 717 5028 τὸν
751 4976 848 5045 μὲν
899 4975 1230 5046 καλούμενον
1292 4978 1615 5049 Παράτομον
1668 4982 1876 5056 ᾤκησε,

300 5070 533 5123 πάντοσε
556 5068 611 5120 δὲ
640 5067 739 5136 τῆς
775 5067 977 5136 ἀρετῆς
1014 5068 1112 5129 τὰς
1154 5072 1521 5141 μαρμαρυγὰς
1577 5073 1873 5145 ἐξέπεμψε.

300 5162 585 5228 Μαρτυρεῖ
637 5157 693 5210 δὲ
753 5160 821 5228 τῇ
877 5158 1237 5228 λαμπρότητα
1279 5159 1378 5229 τῆς
1429 5163 1572 5230 ζωῆς
1617 5166 1685 5217 τά
1739 5168 1877 5235 μετά

298 5252 555 5321 τελευτὴν
611 5248 973 5320 ἐνεργούμενα
1026 5251 1301 5321 θαύματα.
1345 5254 1659 5318 Ἀναὸλύζει
1712 5260 1872 5328 γάρή

300 5346 509 5399 ἐκείνου
550 5342 690 5414 θήκη
726 5342 885 5413 μέχρι
921 5344 1014 5397 καὶ
1048 5346 1284 5415 τήμερον
1315 5348 1664 5411 παντοδαπάς
1714 5349 1876 5419 θερα-

301 5438 483 5498 πείας,
521 5437 615 5489 καὶ
653 5436 930 5505 μάρτυρες
952 5438 1001 5488 οἱ
1033 5436 1235 5501 ταύτας
1261 5437 1469 5491 ἐκεῖθεν
1496 5440 1750 5509 ἀφθόνως
1781 5442 1869 5495 δια

299 5532 400 5599 τῆς
426 5530 661 5591 πίστεως
679 5527 991 5599 ἀρυόμενοι.
1037 5530 1189 5599 Ἐμοὶ
1217 5531 1272 5583 δὲ
1303 5531 1388 5601 εἴη
1422 5532 1515 5584 καὶ
1548 5532 1643 5603 τῆς
1673 5534 1878 5586 τούτων

301 5622 621 5692 ἰτεικουρίας
657 5622 860 5691 τυχεῖν,
901 5623 966 5690 τῇ
999 5621 1202 5675 τούτων
1254 5624 1442 5694 μνήμῃ
1484 5624 1582 5693 τὴν
1634 5622 1879 5688 γλῶτταν

301 5712 714 5774 καθαγῑὰσαντι.

2058 4889 2316 4960 Ejusdem
2345 4901 2568 4959 quoque
2595 4883 2807 4940 ordinis
2841 4882 2943 4936 fuit
2966 4881 3325 4936 admirandus
3354 4882 3563 4936 Abraa-

1985 5000 2136 5046 mes,
2172 4980 2263 5051 qui
2302 4978 2651 5035 Paratomum
2690 4973 2842 5046 quod
2876 4980 3071 5025 vocant
3102 4972 3413 5034 exstruxit,
3448 4976 3564 5026 vir-

1985 5077 2232 5145 tutisque
2280 5088 2395 5127 sme
2442 5070 2631 5123 radios
2679 5081 2899 5121 omnem
2960 5066 3013 5118 in
3067 5074 3276 5133 partem
3320 5064 3561 5120 diﬂ'udit.

1990 5168 2121 5224 Vita:
2152 5174 2335 5221 autem
2389 5163 2540 5217 illius
2590 5160 2895 5214 claritatem
2945 5165 3221 5211 testantur
3266 5172 3388 5225 qua:
3444 5166 3563 5226 post.

1988 5268 2220 5313 mortem
2262 5256 2398 5309 ﬁunt
2434 5251 2724 5307 miracula.
2764 5247 2949 5303 Scatet
2993 5248 3136 5301 enim
3175 5247 3447 5318 hodieque
3480 5248 3560 5301 lo-

1983 5352 2143 5404 culus
2169 5349 2291 5418 ejus
2316 5345 2560 5399 omnium
2589 5357 2851 5413 generum
2880 5340 3260 5395 curationibus
3281 5381 3294 5404 ,
3326 5355 3560 5409 quarum

1986 5451 2157 5497 testes
2197 5447 2328 5493 sunt
2368 5436 2461 5507 qui
2505 5436 2605 5488 has
2644 5431 2773 5487 inde
2815 5446 2908 5501 per
2960 5430 3115 5484 [idem
3170 5431 3375 5483 aﬂ'alim
3427 5430 3565 5484 bau-

1984 5536 2154 5588 rinnt.
2188 5530 2319 5585 Mihi
2350 5544 2478 5583 vero
2507 5527 2713 5580 utinam
2746 5538 2937 5578 eorum
2968 5540 3072 5592 0pc
3108 5523 3211 5576 frui
3245 5523 3561 5592 conlingat,

1987 5626 2079 5695 qui
2114 5626 2308 5677 horum
2347 5620 2626 5675 mentione
2658 5616 2899 5686 linguam
2937 5615 3298 5670 sanetil‘tcavi.
