3974 6212
499 253 640 321 1367
1495 261 1982 326 TliEODORETl
2019 263 2354 328 EPISCOPI
2388 267 2753 330 CYRENSIS
3621 266 3770 334 1368

933 366 1072 422 Vill.
1109 398 1176 408 —-
1213 368 1645 427 APHRAATES.
2102 380 2142 433 Α

2102 380 2142 433 Α
2670 379 2750 432 ιιι.
2784 407 2852 418 —-
2878 378 3259 435 ΔΦΡΑΛΤΗΣ.

565 453 724 523 Quod
755 455 1005 512 omnium
1038 457 1322 512 hominum
1355 476 1463 516 una
1497 462 1571 517 sit
1600 472 1796 517 natura
1819 505 1834 527 ,
1867 475 1920 519 et
1953 464 2072 534 phi-

2251 469 2375 520 Ὀτι
2423 469 2518 539 μέν
2576 469 2674 539 μία
2725 471 2942 524 πάντων
2994 469 3296 537 ἀνθρώπων
3338 471 3372 541 ἡ
3433 469 3618 539 φύσις,
3660 472 3763 525 καὶ

494 546 774 616 losophari
825 544 990 601 facile
1029 548 1100 602 sit
1135 549 1483 614 volentibus,
1535 552 1650 607 sive
1701 554 1812 607 sint
1856 553 2063 619 Graeci,

2190 560 2362 630 ῥᾴδιόν
2392 563 2510 614 ἐστι
2541 564 2653 624 τοῖς
2680 561 3032 634 βουλομένοις
3055 563 3388 634 φιλοσοφεῖν,
3415 565 3522 618 sive
3553 563 3759 635 Ἐλλη-

493 641 612 698 sive
643 639 901 704 barbari,
931 648 985 694 et
1018 655 1084 695 ex
1113 640 1238 696 aliis
1263 657 1399 698 sane
1426 644 1615 698 multis
1645 659 1956 716 promplum
1985 655 2062 702 est

2190 667 2266 713 νες
2299 646 2428 718 εἷεν,
2465 651 2574 704 εἴτε
2601 652 2889 726 βάρϐαροι,
2921 654 3246 725 πολλαχόθεν
3280 656 3378 726 μὲν
3407 656 3501 708 καὶ
3533 655 3759 710 ἄλλοθεν

492 746 866 802 cognoscere.
896 742 950 787 et
981 741 1173 803 aperte
1213 745 1527 790 monstrare
1571 736 1879 806 Aphraates
1927 755 2061 795 unus

2191 742 2516 812 καταμαθεῖν
2548 743 2794 808 εὐπετὲς,
2827 746 3040 816 ἀπόχρη
3060 745 3118 800 δὲ
3140 747 3235 800 καὶ
3264 747 3425 817 μόνος
3440 747 3760 819 Ἀφραάτης

494 832 696 896 potest.
759 822 933 878 Natus
987 825 1133 880 enim
1191 825 1572 897 educatusque
1627 828 1768 898 apud
1831 831 2063 896 Persas,

2192 831 2334 885 τοῦτο
2374 833 2614 904 δηλῶσαι
2663 837 2872 904 σαφῶς.
2921 830 3090 902 Οὗτος
3120 836 3229 907 γὰρ
3257 839 3314 890 ἐν
3344 837 3582 907 Πέρσαις
3637 841 3761 901 τοῖς

492 927 708 989 gentem
735 917 1163 990 iniquissimam,
1189 930 1243 976 et
1265 938 1294 976 a
1318 923 1518 978 talibus
1549 927 1868 994 parentibus
1893 936 2061 995 ortus,

2191 927 2669 994 παρανομωτάτοις
2718 928 2810 982 καὶ
2864 928 3075 998 τεχθεὶς
3120 931 3214 982 καὶ
3260 931 3522 999 τραφεὶς,
3562 932 3658 984 καὶ
3691 934 3760 984 ἐκ

492 1018 548 1063 et
582 1009 638 1064 in
667 1025 858 1066 eorum
894 1014 1146 1070 moribus
1181 1016 1469 1072 institutus
1490 1058 1505 1083 ,
1538 1018 1603 1072 ad
1636 1026 1843 1074 tantam
1879 1037 2061 1091 perve-

2191 1016 2433 1070 τοιούτων
2468 1019 2670 1086 γονέων
2701 1019 3031 1090 βλαστήσας,
3062 1021 3157 1073 καὶ
3186 1021 3254 1074 τὰ
3280 1021 3504 1075 ἐκείνων
3545 1023 3760 1093 νόμιμα

494 1105 576 1160 nit
609 1104 870 1160 virtutem
893 1145 909 1172 ,
937 1114 997 1160 ιιι
1022 1123 1119 1164 eos
1150 1110 1501 1177 obscurarit,
1539 1112 1632 1182 qui
1664 1128 1729 1167 ex
1759 1114 1865 1184 piis
1899 1116 2063 1185 geniti

2190 1108 2504 1173 παιδευθεὶς,
2534 1111 2614 1174 εἰς
2646 1109 2916 1181 τοσαύτην
2981 1110 3182 1181 ἧλασεν
3239 1112 3464 1182 ἀρετὴν,
3516 1111 3592 1174 ώς
3613 1113 3759 1164 ἀπο·

495 1196 806 1266 religiosam
839 1199 1222 1263 educationem
1253 1217 1280 1256 a
1314 1203 1487 1270 prima
1514 1211 1675 1260 aetate
1705 1208 1884 1261 sortiti
1917 1217 2064 1262 sunt.

2192 1199 2378 1269 ιρύψαι
2419 1201 2513 1253 καὶ
2549 1202 2676 1265 τοὺς
2704 1201 2762 1266 ἐξ
2809 1202 3051 1254 εὐσεϐῶν
3106 1201 3331 1270 φύντας,
3397 1201 3493 1255 καὶ
3543 1203 3761 1273 τροφὴν

495 1283 737 1341 Primum
766 1290 939 1356 enim,
967 1302 1154 1362 spreta
1182 1309 1378 1364 genere
1399 1337 1411 1360 ,
1439 1296 1582 1365 quod
1613 1297 1688 1351 illi
1719 1297 1927 1352 clarum
1954 1307 2064 1354 erat

2190 1292 2375 1362 εὐσεϐῆ
2429 1291 2756 1358 δεξαμένους
2795 1292 3068 1346 παιδόθεν.
3123 1293 3348 1364 Πρῶτον
3385 1295 3483 1363 μὲν
3519 1291 3627 1362 γάρ
3658 1294 3759 1346 τοῦ

491 1384 552 1430 et
579 1378 808 1444 illustre,
841 1381 1075 1451 majores
1105 1399 1292 1453 magos
1317 1385 1560 1442 imitatus
1583 1430 1596 1454 ,
1650 1388 1716 1442 ad
1777 1388 2060 1444 Dominum

2194 1382 2368 1451 γένους
2421 1387 2838 1455 καταφρονήσας
2888 1384 3195 1455 (ἐπίσημον
3240 1385 3297 1438 δὲ
3339 1381 3406 1455 ἦν
3455 1385 3612 1438 τοῦτο
3661 1385 3763 1437 καὶ

495 1465 836 1523 adorandum
877 1486 936 1525 se
973 1476 1241 1528 convertit
1270 1493 1284 1530 :
1318 1475 1520 1532 deinde
1555 1479 1904 1548 popularium
1940 1497 2064 1536 suo-

2191 1475 2474 1546 λαμπρὸν),
2490 1479 2571 1538 εἰς
2596 1476 2689 1545 τὴν
2711 1476 2806 1529 τοῦ
2825 1477 3094 1529 Δεσπότου
3123 1475 3496 1547 προσκύνησιν
3523 1477 3760 1545 ἔδραμε,

495 1572 617 1612 rum
667 1559 1006 1629 impietatem
1064 1574 1422 1632 exsecratus,
1476 1570 1760 1639 regionem
1819 1583 2064 1627 exteram

2196 1569 2300 1629 ποὺς
2329 1568 2684 1638 προπάτορας
2742 1568 3123 1640 μιμησάμενος
3191 1569 3396 1639 μάγους
3437 1583 3450 1596 ’
3483 1562 3604 1619 εἶτα
3649 1569 3765 1620 τῶν

497 1649 689 1717 patriae
724 1653 997 1720 praetulit,
1045 1655 1260 1728 1176
1299 1657 1673 1731 Edessamque
1711 1670 1905 1731 petens
1943 1674 1956 1729 ι
1987 1670 2066 1718 est

2197 1660 2462 1729 ipoqnilwv
2485 1659 2582 1730 τὴν
2605 1659 2858 1713 ἀσέϐειαν
2887 1659 3300 1735 βδελυξάμενος,
3325 1661 3422 1730 τὴν
3448 1658 3766 1728 ἀλλοδαπὴν

495 1748 678 1796 autem
707 1741 842 1799 urbs
871 1743 966 1798 illa
991 1747 1232 1801 maxima
1261 1756 1315 1802 et
1344 1751 1642 1821 populosa,
1675 1753 2064 1824 religionisque

2198 1751 2273 1820 τῆς
2303 1751 2508 1814 οἰκείας
2539 1747 2838 1822 προείλετο,
2871 1752 2964 1803 καὶ
2994 1751 3093 1822 τὴν
3135 1751 3396 1804 Ἔδεσσαν
3427 1750 3767 1804 καταλαϐὼν

495 1835 652 1891 cultu
689 1836 852 1909 longe
883 1837 1278 1908 clarissima),
1316 1842 1708 1898 domunculam
1745 1854 1899 1899 extra
1937 1861 2064 1900 inm-

2203 1841 2355 1904 πόλις
2387 1842 2443 1895 δέ
2483 1841 2624 1912 αὕτη
2661 1842 2892 1914 μεγίστη
2939 1843 3032 1894 καὶ
3064 1841 3513 1912 πολυάνθρωπος,
3563 1842 3664 1893 καὶ
3695 1843 3766 1910 τῇ

499 1926 589 1980 nia
624 1935 844 1997 nactus,
878 1929 933 1984 in
973 1946 1092 1996 eam
1117 1948 1176 1988 se
1216 1933 1478 2002 inclusit,
1504 1923 1576 1990 in
1601 1939 1797 1990 anima:
1825 1955 1938 1993 suae
1975 1955 2068 1992 cu-

2204 1934 2423 2006 ὑσεϐείᾳ
2450 1919 2815 2006 διαφερόντως
2847 1933 3325 2006 λαμπρυνομένη),
3349 1933 3453 1998 ἔξω
3472 1933 3584 1986 τῶν
3607 1950 3769 2002 step-.-

497 2032 626 2088 ram_
658 2018 1023 2087 incumbens,
1069 2024 1380 2096 eptimique
1421 2027 1598 2083 instar
1628 2030 1886 2098 agricola:
1944 2030 2066 2086 alie‘

2201 2028 2344 2081 ἰόλων
2398 2029 2620 2082 οἰκίδιον
2675 2029 2873 2101 εὑρὼν,
2915 2029 3009 2082 καὶ
3055 2027 3244 2083 ἐαυτὸν
3285 2025 3601 2096 καθείρξας,
3665 2025 3770 2092 τῆς

494 2117 685 2164 ctuum
714 2111 906 2182 spinas
938 2115 1308 2182 exscindens,
1343 2125 1398 2172 et
1450 2117 1788 2173 Dominicam
1833 2132 2063 2191 segetem

2198 2121 2379 2184 ιίκείας
2423 2121 2743 2192 ἐπεμελεῖτο
2769 2120 2947 2190 ψυχῆς
2972 2136 2987 2150 '
3019 2114 3109 2173 οἷά
3130 2137 3212 2183 τις
3241 2119 3464 2189 ἄριστος
3510 2117 3767 2186 γεωργὸς

494 2217 844 2274 expurgans,
885 2215 935 2258 et
977 2209 1422 2279 evangelicorum
1469 2212 1744 2266 seminum
1788 2213 2063 2282 tempesti«

2197 2212 2506 2285 τρορῥίζους
2539 2213 2650 2266 τῶν
2683 2211 2874 2266 παθῶν
2900 2211 3000 2275 τὰς
3053 2209 3291 2272 ἀκάνθας
3321 2209 3631 2278 ἐκτέμνων,
3671 2209 3766 2258 καὶ

493 2309 593 2350 vos
649 2294 884 2354 Domino
941 2298 1155 2356 fruetus
1213 2303 1474 2358 oiTerens.
1534 2302 1664 2360 Inde
1718 2304 2062 2358 Antiochiam

2195 2305 2232 2357 τὸ
2253 2304 2393 2358 θεῖον
2422 2304 2573 2376 λήϊον
2597 2304 2964 2376 ἐκκαθαίρων,
2992 2301 3228 2364 καὶτοὺς
3245 2301 3353 2353 τῶν
3378 2298 3764 2366 εὐαγγελικῶν

493 2387 680 2452 venit,
719 2388 977 2447 haeretica
1010 2399 1144 2448 tunc
1173 2395 1415 2464 procella
1442 2396 1799 2450 vehementer
1840 2401 1854 2419 ⁴
1895 2397 2062 2467 agita-

2193 2396 2504 2467 ππερμάτων
2560 2397 2806 2466 καρποὺς
2859 2393 3103 2465 ώρίμους
3149 2393 3231 2462 τῷ
3273 2391 3522 2463 Δεσπότῃ
3581 2407 3762 2460 προσ-

491 2491 600 2536 tam
623 2523 639 2548 ,
676 2483 1102 2554 diversatusque
1133 2497 1261 2543 ante
1291 2489 1481 2544 urbem
1518 2491 1571 2544 iu
1605 2490 1895 2560 gymnasio
1932 2505 2060 2560 quo-

2189 2488 2376 2558 ρέρων.
2417 2486 2660 2541 Ἐκεῖθεν
2695 2486 2752 2539 δὲ
2784 2483 3192 2554 καταλαμϐάνει
3254 2481 3352 2552 τὴν
3393 2480 3758 2550 Ἀντιόχειαν,

490 2571 616 2626 dam
646 2573 1038 2646 philosophize,
1072 2594 1196 2633 cum
1234 2579 1437 2635 Grmcae
1472 2580 1669 2649 linguae
1700 2595 1872 2650 pauca
1904 2582 2059 2636 verba

2188 2577 2280 2631 ὕπὸ
2317 2577 2416 2648 τῆς
2473 2577 2760 2648 αἰρετικῆς
2817 2574 2987 2645 ζάλης
3041 2572 3294 2644 χαλεπῶς
3349 2571 3757 2641 κυκλουμένην,

490 2663 817 2730 didicisset,
879 2670 1152 2738 plurimos
1190 2672 1376 2724 statim
1420 2671 1488 2726 ad
1527 2673 1747 2729 divinos
1781 2689 2059 2730 sermones

2188 2669 2267 2722 ιαὶ
2297 2669 2403 2740 πρὸ
2431 2668 2524 2722 τοῦ
2552 2669 2743 2731 ἄστεος
2772 2666 2829 2720 ἐν
2865 2684 2970 2720 τινι
3010 2664 3304 2734 καταχθεὶς
3349 2664 3757 2735 φροντιστηρὲφ

491 2754 800 2812 audiendos
851 2760 1153 2828 pertraxit,
1206 2771 1260 2814 et
1311 2762 1688 2817 semibarbara
1743 2765 1929 2836 lingua
1981 2767 2060 2821 lo-

2188 2761 2512 2829 ριλοσοφίας,
2559 2760 2654 2813 καὶ
2686 2759 2786 2829 τῆς
2831 2758 3081 2821 Ἑλλάδος
3132 2757 3315 2827 φωνῆς
3357 2753 3548 2826 μαθὼν
3598 2755 3757 2821 όλξγα

489 2863 704 2918 quens,
734 2851 905 2906 animi
940 2867 1100 2907 sensa
1137 2854 1508 2924 exprimebat,
1543 2872 1608 2911 ex
1650 2857 1824 2913 divini
1872 2874 2058 2929 nempe

2188 2852 2307 2906 ἰττα
2337 2851 2602 2924 ῥημάτια,
2651 2846 2800 2902 εἷλκε
2836 2850 2936 2919 μὲν
2974 2849 3056 2902 ὅτι
3085 2848 3372 2910 πλείστους
3406 2849 3487 2910 εἰς
3513 2845 3620 2916 τὴν
3651 2846 3757 2897 τῶν

491 2939 734 3010 Spiritus
788 2943 962 3014 gratia
1022 2943 1204 3002 fontes
1261 2948 1386 3003 illos
1427 2947 1706 3005 derivans.
1744 2949 1881 3016 Quis
1914 2952 2060 3006 enim

2188 2942 2332 2996 Ιείων
2359 2943 2556 3012 λογίων
2602 2940 2868 3012 ἀκρόασιν
2887 2957 2898 2969 ’
2923 2943 2989 3012 τῇ
3024 2940 3082 2993 δι
3111 2937 3501 3010 μιξοϐαρϐάρῳ
3544 2953 3757 3006 aes.qu-

486 3048 678 3090 corum
733 3036 827 3106 qui
884 3036 1254 3108 eloquentiam
1307 3047 1618 3106 ostentant,
1673 3049 1727 3096 et
1780 3053 2055 3100 contracta

2184 3035 2334 3106 μένος
2375 3010 2608 3108 γλώττῃ,
2635 3010 2849 3104 τάςτῆς
2880 3010 3119 3096 διανοίας
3165 3031 3366 3094 ὠδῖνας
3418 3029 3753 3099 προέφερεν,

488 3128 791 3198 supercilio
839 3139 1167 3200 arroganter
1197 3131 1521 3202 loquuntur,
1553 3141 1606 3189 et
1635 3142 1862 3206 propter
1891 3135 2057 3207 syllo-

2188 3145 2236 3181 ικ
2272 3129 2372 3200 τῆς
2412 3127 2507 3180 τοῦ
2567 3125 2714 3178 θείου
2771 3125 3088 3195 Πνεύματος
3147 3121 3366 3193 χάριτος
3398 3122 3465 3174 τά
3519 3119 3757 3172 τοιαῦτα

486 3219 790 3288 gismorum
822 3219 1053 3292 laqueos
1078 3221 1402 3293 juvenililcr
1444 3226 1746 3291 exsultant,
1783 3226 2055 3282 inerudita

2191 3221 2454 3292 ἱεχόμενος
2509 3219 2746 3292 νάματα.
2804 3218 2899 3282 Τίς
2955 3218 3065 3288 γὰρ
3118 3215 3226 3270 τῶν
3293 3213 3378 3267 ἐπ’
3435 3210 3760 3281 εὐγλωττιᾉ

485 3317 540 3360 ct
570 3309 806 3364 barbara
839 3310 992 3368 illius
1031 3327 1167 3368 voce
1202 3316 1456 3386 superior
1489 3314 1594 3371 fuit
1624 3315 1912 3386 unquam?
1957 3315 2054 3370 [ia-

2191 3313 2600 3386 ιρενθυομένων,
2631 3314 2724 3366 καὶ
2763 3311 2862 3374 τὰς
2900 3309 3072 3382 ὀφρῦς
3123 3307 3469 3374 συναγόντων,
3511 3303 3611 3355 καὶ
3647 3320 3760 3356 σο-

488 3401 734 3459 tionibus
769 3405 914 3459 enim
951 3406 1230 3473 rationes,
1261 3415 1316 3464 et
1359 3407 1565 3464 divinis
1609 3410 1842 3480 eloquiis
1879 3409 2057 3481 philo-

2190 3407 2351 3479 ἲαρῶς
2377 3404 2782 3476 φθεγγομένων,
2818 3403 2911 3456 καὶ
2941 3403 3033 3455 ἐπὶ
3058 3403 3180 3463 ταῖς
3213 3399 3320 3453 τῶν
3358 3395 3759 3467 συλλογισμῶν

486 3493 748 3565 sopbicas
798 3496 1218 3556 dissertationes
1271 3499 1619 3566 debellabat,
1678 3517 1804 3556 cum
1863 3518 2055 3574 magno

2188 3500 2374 3568 τάγαις
2423 3497 2872 3567 νεανιευομένων,
2903 3496 3002 3567 τῆς
3037 3493 3368 3547 ἀπαιδεύτου
3411 3489 3505 3543 καὶ
3533 3488 3757 3558 βαρϐά-

485 3585 654 3643 i’aulo
686 3589 967 3648 clamans:
993 3610 1012 3644 ι
1044 3591 1162 3648 Etsi
1195 3593 1486 3665 imperitus
1517 3608 1790 3655 sermone.
1822 3596 1918 3651 sed
1951 3613 2054 3652 non

2186 3611 2266 3648 nou
2303 3593 2486 3664 φωνῆς
2521 3590 2738 3661 ἐκείνης
2765 3589 3118 3662 περιεγένετο
3165 3585 3383 3639 πώποτε
3409 3602 3424 3649 ;
3452 3584 3755 3652 Δογισμοῖς

485 3679 718 3734 scientia
747 3691 796 3743 ι’,
829 3701 846 3734 ι
874 3690 930 3736 et
961 3683 1064 3738 hoc
1098 3682 1262 3738 modo
1315 3685 1711 3753 perseverabat
1759 3687 1920 3755 juxta
1978 3688 2054 3742 di-

2188 3686 2272 3739 t‘sv
2296 3685 2404 3756 γὰρ
2434 3683 2754 3755 λογισμοὺς,
2791 3682 2956 3745 θείοις
2991 3680 3049 3734 δέ
3072 3679 3276 3748 λογίοις
3306 3678 3430 3739 τοὺς
3460 3674 3573 3728 τῶν
3603 3674 3757 3744 φιλο-

483 3777 634 3825 ctum
665 3772 913 3842 Apostoli
944 3793 957 3828 :
991 3793 1009 3826 ι
1035 3773 1283 3830 Consilia
1312 3775 1668 3833 destruentes
1688 3819 1702 3842 ,
1749 3787 1802 3833 et
1843 3794 2052 3836 omnem

2186 3779 2348 3848 τόφων
2365 3775 2767 3848 κατηγωνίζετο
2779 3773 2987 3843 λόγους,
3007 3772 3144 3843 μετά
3161 3769 3254 3824 τοῦ
3277 3768 3515 3840 μεγάλου
3531 3766 3755 3821 Παύλου

482 3861 833 3918 altitudinem
861 3865 1215 3922 extollentem
1244 3883 1304 3924 se
1334 3868 1603 3925 adversus
1627 3869 1914 3925 scientiam
1942 3871 2051 3936 Dei,

2183 3870 2308 3923 Βοῶν
2325 3885 2338 3898 ⁸
2376 3889 2395 3922 ι
2415 3870 2478 3923 Εἰ
2500 3868 2592 3923 καὶ
2622 3866 2839 3936 ἰδιώτης
2860 3864 2938 3936 τῷ
2963 3865 3129 3934 λόγῳ,
3162 3861 3276 3916 ἀλλ’
3301 3862 3362 3913 οὐ
3383 3862 3449 3930 τῇ
3475 3859 3711 3928 γνώσει.
3735 3876 3752 3908 ι

480 3961 536 4009 et
565 3956 621 4010 in
645 3956 1017 4027 captivitatem
1051 3957 1360 4031 redigeutes
1387 3975 1603 4016 onmem
1637 3961 1975 4018 intellectum
2007 3965 2049 4019 ir

2190 3961 2280 4014 {ai
2309 3959 2496 4014 τοῦτον
2530 3959 2619 4014 ἀεὶ
2659 3957 2887 4012 διετέλει
2922 3955 3013 4009 τὸν
3046 3954 3252 4026 τρόπον
3310 3950 3456 4005 κατά
3479 3950 3588 4020 τὴν
3625 3950 3759 4002 ἀπδ-

480 4048 809 4121 obsequiunn
837 4049 1045 4106 Christi
1075 4061 1125 4106 ς.
1159 4071 1176 4103 ι
1207 4051 1392 4124 Itaque
1419 4055 1608 4111 videre
1639 4064 1755 4111 erat
1785 4057 2049 4114 conﬂuen-

2188 4051 2423 4123 ιτολικὴν
2464 4054 2647 4121 φωνήν
2675 4067 2689 4081 ο
2745 4068 2763 4102 ι
2801 4049 3110 4118 Λογισμοὺς
3170 4042 3604 4114 καθαιροῦντες,
3669 4041 3757 4140 και

482 4147 566 4197 tes
596 4148 650 4196 et
681 4142 1041 4214 magistratus
1071 4142 1483 4214 dignitatesque
1508 4187 1523 4210 ,
1556 4155 1610 4203 et
1647 4148 1700 4202 in
1733 4149 1917 4219 aliqua
1955 4151 2051 4203 mi-

2188 4146 2278 4199 τᾶν
2324 4143 2524 4215 ὕψωμα
2596 4141 2958 4213 ἐπαιρόμενον
3006 4137 3149 4193 κατά
3203 4138 3303 4206 τῆς
3352 4133 3626 4202 γνώσεως
3668 4133 3757 4184 τοῦ

481 4231 596 4286 litia
625 4235 996 4301 constitutos,
1033 4241 1088 4289 et
1132 4251 1296 4291 manu
1345 4237 1452 4292 sibi
1503 4239 1710 4293 victum
1761 4250 2050 4309 parantes.

2189 4237 2325 4303 D306,
2378 4237 2475 4289 καὶ
2525 4233 3021 4305 αἰχμαλωτίζοντες
3069 4231 3177 4284 πᾶν
3207 4229 3385 4298 νόημα
3408 4227 3490 4288 εἰς
3516 4226 3630 4296 τὴν
3662 4227 3758 4278 ὐπ-

479 4331 644 4395 atque
674 4341 787 4382 uno
811 4325 980 4381 verbo
1010 4326 1212 4382 idiotas
1243 4337 1296 4382 et
1332 4328 1568 4392 milites,
1603 4329 1798 4385 doctos
1843 4331 2048 4385 doctri-

2190 4329 2336 4399 ικοὴν
2359 4328 2454 4382 τοῦ
2507 4325 2768 4398 Χριστοῦ.
2829 4324 2938 4378 Καὶ
2976 4320 3047 4394 ἦν
3078 4323 3204 4376 ἰδεῖν
3256 4318 3614 4380 συνθέοντας,
3671 4317 3759 4371 κεί

479 4430 674 4484 nmque
728 4425 1024 4486 expertes,
1083 4417 1312 4486 penuria
1369 4418 1582 4488 1177
1633 4420 1947 4476 laborantes
2000 4430 2048 4475 el

2190 4421 2292 4484 τοὺς
2320 4423 2378 4474 ἐν
2411 4419 2554 4471 τέλει
2598 4417 2691 4470 καὶ
2731 4415 3022 4486 ἀξιώματι,
3075 4414 3166 4468 καὶ
3205 4413 3330 4475 τοὺς
3357 4411 3412 4463 εν
3445 4429 3559 4464 τινι
3595 4429 3759 4483 στρα-

477 4506 680 4578 opibus
728 4507 1120 4564 abundantes:
1165 4519 1332 4579 atque
1378 4512 1522 4565 alios
1567 4513 1788 4580 quidem
1837 4515 2046 4569 silentit

2200 4511 2287 4581 είᾳ
2340 4509 2728 4578 τεταγμένους,
2771 4507 2864 4561 καὶ
2918 4507 3044 4569 τοὺς
3095 4502 3628 4574 ἀποχειροϐιώτους.
3671 4503 3763 4555 καὶ

476 4613 601 4667 qua:
643 4597 1070 4668 proferebantur
1103 4601 1334 4666 audire,
1372 4602 1511 4658 alios
1545 4621 1679 4660 vero
1715 4607 2045 4678 interrogare

2194 4602 2500 4668 ιπαξαπλῶς
2525 4601 2738 4664 ἰδιώτας
2771 4617 2830 4652 τε
2866 4600 2959 4652 καὶ
2988 4597 3348 4667 στρατιώτας,
3371 4595 3763 4665 πεπαιδευμέ-

475 4699 530 4746 ct
588 4695 934 4761 percontari,
995 4695 1329 4766 dicendique
1391 4699 1679 4752 materiam
1739 4715 2044 4771 suggerere

2195 4711 2287 4757 ους
2341 4694 2435 4747 καὶ
2500 4692 2677 4760 λόγων
2742 4691 3062 4761 ἀμυήτους,
3121 4688 3278 4758 πενίᾳ
3320 4684 3619 4749 συζῶντας
3675 4689 3763 4739 καὶ

477 4782 713 4838 Tantum
763 4799 933 4855 porro
983 4786 1227 4842 laborem
1281 4804 1408 4843 cum
1460 4791 1798 4858 sustineret,
1855 4793 2046 4850 adduci

2196 4787 2378 4855 τλούτῖρ
2423 4786 2726 4856 κομῶντας,
2760 4783 3006 4844 καὶτοὺς
3038 4781 3138 4852 μὲν
3181 4782 3305 4850 σιγῇ
3330 4779 3676 4847 δεχομένους
3698 4778 3765 4832 τὰ

477 4889 764 4945 nunquam
834 4879 1016 4950 potuit
1079 4885 1138 4932 ut
1185 4880 1642 4936 contubernalem
1699 4883 2046 4949 admitteret,

2194 4881 2606 4954 τροσφερομένα,
2660 4878 2786 4942 τοὺς
2815 4877 2872 4930 δέ
2900 4879 2994 4930 καὶ
3025 4874 3364 4948 ἐρωτῶντας,
3403 4873 3501 4925 καὶ
3547 4875 3763 4929 πυνθα-

477 4966 572 5022 sed
603 4967 786 5022 omnia
829 4968 948 5038 ipse
982 4980 1246 5039 praestare
1284 4972 1558 5036 malebat,
1599 4991 1762 5044 quam
1818 4980 2046 5033 aliorum

2196 4974 2437 5042 ομὲνους,
2469 4972 2562 5024 καὶ
2592 4969 2847 5041 ἀφορμὰς
2871 4968 2948 5038 τῷ
2977 4968 3120 5038 λόγῳ
3153 4966 3514 5036 παρέχοντας.
3551 4966 3765 5020 Τοσοῦ-

478 5057 556 5112 uti
589 5058 920 5114 ministerio.
949 5059 1200 5130 Cumque
1230 5064 1296 5115 ad
1327 5064 1452 5116 atrii
1480 5065 1706 5134 januam
1739 5083 1862 5120 cum
1893 5069 2047 5124 advc-

2196 5084 2249 5117 ον
2296 5066 2352 5118 δὲ
2401 5062 2822 5133 ἀναδεδεγμένος
2871 5061 3061 5123 πόνον,
3121 5059 3363 5112 σύνοικον
3421 5057 3628 5112 λαϐεῖν
3665 5063 3765 5113 οὐκ

474 5150 562 5207 nis
586 5151 789 5208 habere
809 5151 1085 5222 colloquia
1113 5155 1347 5220 soleret,
1376 5155 1606 5226 ipsemet
1629 5159 2043 5216 adventantibus

2198 5159 2417 5228 νέσχετο
2480 5156 2718 5216 πώποτε,
2767 5155 2901 5208 ἀλλά
2942 5156 3036 5224 τὴν
3092 5151 3424 5222 αὐτουργίαν
3461 5152 3581 5220 τῆς
3629 5154 3765 5225 παρ’

474 5241 786 5311 aperiebat,
837 5245 1217 5314 abeuntesque
1260 5245 1590 5302 dimittebat.
1649 5247 1795 5304 Nihil
1843 5268 1872 5305 a
1917 5269 2043 5321 quo-

2196 5253 2364 5323 τέρων
2395 5251 2544 5320 αὐτῷ
2571 5248 3021 5321 προσφερομένης
3079 5245 3372 5316 θεραπείας
3419 5247 3765 5314 προείλετιγ

476 5349 643 5401 quam
675 5335 890 5404 accepit
942 5352 1220 5407 unquam,
1271 5353 1382 5392 non
1436 5355 1670 5410 panem,
1725 5358 1831 5397 non
1887 5345 2045 5400 obso-

2200 5345 2254 5398 αἱ
2285 5346 2437 5411 παρὰ
2465 5345 2564 5414 τὴν
2600 5340 2862 5412 αὖλ[ε]ιον
2890 5338 3062 5408 θύραν
3085 5336 3182 5398 τὰς
3229 5336 3523 5395 συνουσίας
3565 5335 3767 5391 amoto-3-

477 5423 667 5488 nium,
701 5441 809 5480 non
850 5435 1094 5492 vestem,
1148 5427 1244 5482 sed
1296 5430 1452 5486 solus
1499 5448 1644 5488 unus
1696 5433 2046 5492 farniliarium

2196 5455 2347 5502 .ενος,
2389 5438 2550 5501 αὐτὸς
2583 5435 2822 5505 ἀνεῲγνυ
2857 5435 2968 5496 τοῖς
3023 5429 3285 5512 εἰσιοῦσι,
3334 5428 3430 5482 καὶ
3478 5430 3765 5497 ἀπιόντες

476 5527 672 5584 panem
706 5515 784 5571 illi
823 5518 1256 5591 suppeditabat:
1296 5521 1403 5576 nisi
1439 5525 1585 5594 quod
1625 5526 1677 5582 in
1714 5543 1924 5585 summa
1962 5548 2045 5588 se-

2207 5533 2542 5606 ρούπεμπεν.
2583 5526 2830 5594 Ἐδέξατο
2859 5527 2916 5580 δὲ
2949 5507 3099 5598 παρά
3129 5540 3272 5588 τινος
3301 5522 3457 5578 οὐδὲν
3501 5523 3775 5588 πώποτε,

542 5686 566 5722 ι’
609 5687 648 5740 ll
674 5689 798 5743 Cor.
826 5707 880 5754 ll,
902 5692 954 5745 ϐ.
1062 5700 1086 5738 ’ἲ
1109 5692 1289 5748 “Cur.
1314 5712 1368 5758 κ,
1401 5696 1452 5748 5.
