3974 6212
300 203 416 285 1389

1483 222 1891 283 RELIGIOSA
1928 223 2314 290 HISTORIA.

3391 229 3528 294 1370

295 334 382 389 οὐκ
409 333 584 406 ἄρτον,
633 332 734 384 οὐκ
771 329 936 399 ὄψον,
985 330 1082 398 ούχ
1144 330 1378 398 ἱμάτιον,
1421 329 1536 382 ἁλλ’
1570 323 1652 393 εἷς
1698 327 1848 398 αύτῷ

1962 342 2176 388 aectute
2203 335 2354 390 olera
2393 334 2559 390 etiam
2597 342 2722 404 pust
2757 333 2891 389 solis
2939 349 3199 392 occasum
3249 339 3526 394 adhibuit.

296 429 440 498 μόνος
465 426 573 482 τῶν
600 424 892 496 γνωρίμων
925 423 1180 496 ἐχορήγει
1204 422 1296 475 τὸν
1329 423 1514 492 ἀρτονο
1552 422 1632 485 είς
1660 421 1718 474 δὲ
1747 421 1850 490 γῆ-

295 534 384 586 ρας
405 515 596 578 ἐλάσας
643 513 802 584 βαθὺ,
841 512 934 564 καὶ
975 511 1212 581 λαχάνου
1241 513 1380 581 μετὰ
1432 509 1584 582 ἡλίου
1635 508 1849 580 δυσμάς

298 605 676 677 μετελάμϐανε.
734 603 872 656 Φασὶ
919 601 978 656 δὲ
1027 599 1328 670 Ἀνθέμιον,
1363 599 1422 662 ὃς
1461 598 1556 652 καὶ
1605 597 1850 669 ὕπαρχος

291 701 342 760 ἐς
369 695 584 765 ὕστερον
626 693 892 762 ἐγεγόνει,
917 693 1012 744 καὶ
1038 690 1263 755 ὕπατος,
1292 689 1454 760 ἡνίκα
1505 687 1851 760 πρεσϐευτὴς

291 785 666 859 χειροτονηθεὶς
691 783 787 854 τὴν
810 787 887 846 εἰς
910 781 1122 852 Πέρσας
1147 779 1455 850 ἀποδημίαν
1479 777 1848 842 άνεστείλατο,

289 879 472 949 χιτῶνα
495 876 644 947 αὐτῷ
671 875 896 946 κομίσαι
927 874 1080 943 παρὰ
1117 873 1354 943 Πέρσαις
1387 870 1722 941 ὑφασμένον,
1753 868 1848 922 καὶ

289 971 465 1034 εἰπεῖν,
497 969 578 1022 ὅτι
613 985 632 1018 ι
670 963 740 1020 Ὦ
776 965 979 1038 Πάτερ,
1021 963 1176 1026 εἰδὼς
1209 963 1424 1032 ἑκάστῳ
1474 961 1582 1014 τῶν
1641 959 1851 1030 ἀνθρώ-

293 1079 398 1114 πων
422 1058 521 1133 τὴν
581 1057 788 1112 οἰκείαν
855 1057 1088 1127 πατρίδα
1159 1056 1432 1124 γλυκεῖαν,
1466 1053 1706 1115 καὶτοὺς
1735 1051 1852 1107 ἐκεῖ

287 1151 574 1222 φυομένους
623 1151 871 1220 ἠδίστους
929 1147 1197 1218 καρποὺς,
1222 1148 1286 1198 ἐκ
1317 1145 1415 1214 τῆς
1466 1143 1722 1214 πατρίδος
1769 1159 1851 1196 σοι

285 1239 459 1292 τοῦτον
514 1239 787 1308 κεκόμικα
812 1237 901 1289 τὸν
948 1235 1172 1306 χιτῶνα,
1235 1233 1329 1286 καὶ
1386 1231 1614 1285 ἱκετεύω
1658 1247 1716 1284 σε
1753 1232 1852 1301 μέν

282 1330 461 1384 τοῦτον
485 1331 692 1392 λαϐεῖν,
729 1328 826 1399 ἐμὲ
852 1327 908 1381 δὲ
940 1328 1038 1396 τὴν
1063 1326 1161 1397 σὴν
1189 1324 1439 1392 εὐλογίαν
1468 1322 1797 1378 ἀντιλαϐεῖν.
1827 1341 1844 1374 ι

293 1423 348 1476 '0
369 1424 418 1477 δὲ
449 1421 665 1493 πρῶτον
695 1419 793 1490 μὲν
836 1417 1022 1471 τοῦτον
1047 1419 1104 1470 ἐν
1135 1415 1212 1487 τῷ
1239 1417 1426 1486 βάθρῳ
1482 1415 1652 1468 θεῖναι
1684 1430 1853 1486 προσ-

281 1512 463 1577 ίταξεν
489 1529 502 1544 ο
533 1507 650 1564 εἶτα
688 1510 860 1578 λόγων
882 1509 1086 1580 ἐτέρων
1119 1507 1322 1578 μεταξὺ
1357 1506 1685 1576 γενομένων,
1722 1506 1853 1559 ἀθυ-

285 1607 399 1674 μεῖν
431 1603 582 1670 ἔλεγε
611 1600 734 1672 διχῆ
773 1599 1128 1670 μεριζομένου
1155 1598 1248 1651 τοῦ
1273 1597 1558 1667 λογισμοῦ.
1611 1597 1852 1650 Ἐκείνου

1951 426 2309 480 Anthemium
2346 436 2528 481 autem
2567 425 2787 488 ferunt,
2827 425 2982 480 illum
3016 426 3109 496 qui
3153 436 3342 496 postea
3391 445 3532 498 pra:-

1955 517 2132 572 fecttts
2159 525 2212 572 et
2241 517 2436 572 consul
2466 516 2569 570 fuit
2589 555 2603 579 ,
2633 531 2758 572 cum
2786 531 2850 570 ex
2878 513 3102 570 Persica
3135 517 3406 586 legatione
3441 535 3532 573 re-

1952 607 2130 676 diret,
2169 607 2412 662 tunicam
2448 606 2591 678 apud
2641 607 2841 662 Persas
2878 614 3192 662 contextam
3241 609 3320 662 illi
3372 618 3521 664 attu-

1954 700 2104 765 lisse,
2141 699 2488 770 dixisseque:
2521 717 2540 750 ι
2572 698 2801 762 Sciens,
2842 707 3025 768 pater,
3066 699 3272 754 homini
3322 703 3525 769 cuique

1953 790 2170 846 dulcem
2200 805 2325 846 esse
2359 791 2592 860 patriam
2623 803 2778 844 suam
2801 828 2815 852 ,
2841 789 3392 860 jttcundissimosqne
3424 791 3533 846 fru-

1953 887 2076 936 ctus
2104 882 2195 951 qui
2231 881 2285 936 in
2321 895 2383 935 ea
2428 886 2762 942 nascuntur,
2805 894 2868 933 ex
2916 880 3098 949 patria
3144 889 3238 935 tua
3290 883 3532 937 tunicam

1954 973 2095 1028 hanc
2131 973 2292 1026 attuli
2329 971 2426 1025 tihi
2457 990 2471 1025 :
2508 985 2672 1040 quam
2706 984 2806 1022 oro
2839 979 2897 1022 ut
2930 969 3170 1038 accipias
3194 1007 3209 1032 ,
3245 980 3300 1025 et
3341 987 3426 1026 me
3457 973 3536 1026 vi-

1953 1062 2142 1118 cissim
2172 1061 2558 1116 benedictione
2589 1067 2679 1113 tua
2712 1057 3018 1128 impertias.
3053 1077 3069 1108 ι
3104 1057 3199 1113 ille
3229 1074 3360 1114 vero
3392 1059 3536 1114 hanc

1954 1151 2190 1221 primum
2229 1149 2284 1204 in
2315 1149 2583 1205 subsellio
2611 1152 2629 1171 ‘
2659 1147 2940 1218 deposuit.
2975 1147 3185 1202 Deinde
3214 1147 3359 1203 inter
3390 1149 3533 1204 alios

1953 1257 2238 1298 sermones
2261 1282 2276 1307 ,
2313 1241 2438 1313 angi
2476 1257 2536 1297 se
2570 1250 2625 1296 et
2657 1240 2888 1310 ancipiti
2927 1240 3266 1310 cogitatione
3304 1240 3534 1295 distrahi

1953 1333 2113 1386 dixit.
2149 1332 2211 1386 Et
2260 1331 2356 1386 illo
2404 1346 2628 1386 causam
2681 1341 2946 1400 rogante:
2984 1348 3002 1382 ι
3033 1329 3534 1393 Contubernalem,

1955 1422 2158 1491 inquit,
2189 1420 2413 1474 unicum
2447 1434 2665 1488 semper
2697 1419 2900 1474 habere
2927 1419 3221 1484 constitui,
3252 1417 3539 1488 legemque

1955 1512 2087 1566 mihi
2125 1511 2243 1582 ipse
2278 1512 2554 1580 imposui,
2588 1521 2648 1564 ιιι
2703 1510 2942 1564 duorum
2996 1524 3229 1580 prorsus
3274 1523 3536 1579 respuam

1955 1603 2402 1659 contubernium.
2440 1603 2691 1657 Sedecitn
2730 1602 2896 1672 igitur
2942 1616 3117 1656 annos
3143 1615 3271 1655 uno
3321 1613 3536 1654 mecum

278 1696 334 1750 δέ
377 1697 475 1768 τὴν
520 1695 699 1749 αἰτίαν
761 1692 1083 1763 πυθομένου,
1127 1709 1145 1742 ι
1189 1692 1364 1756 Ἕνα,
1424 1689 1550 1761 ἔφη,
1609 1688 1854 1742 σύνοικον

1962 1698 2226 1751 hactenus
2253 1695 2534 1750 habitante
2554 1735 2570 1761 ,
2599 1709 2776 1765 eoque
2808 1695 2941 1749 tnilti
2974 1694 3298 1765 gratissimo
3319 1733 3334 1760 ,
3365 1707 3539 1763 popu-

276 1789 416 1860 ἔχειν
475 1786 696 1857 εἱλόμην
735 1785 840 1847 ἀεὶ,
893 1783 986 1838 καὶ
1020 1784 1186 1854 νόμον
1237 1781 1460 1853 ἐμαυτῷ
1507 1781 1728 1834 τέθεικα
1745 1779 1854 1832 τῶν

274 1881 368 1934 δύο
423 1879 657 1950 πάμπαν
718 1875 1020 1947 ἀρνηθῆναι
1046 1875 1106 1927 τὸ
1142 1873 1494 1928 συνοικέσιον.
1528 1869 1854 1926 Ἑκκαίδεκα

269 1970 449 2026 τοίνυν
488 1971 580 2041 ἔτη
631 1969 721 2039 μοί
760 1985 901 2031 τινος
951 1965 1404 2036 συνοικήσαντος,
1445 1964 1540 2017 καὶ
1575 1961 1856 2033 θυμήρους

266 2063 446 2127 ὄντος,
503 2059 735 2130 ἀφίκετό
768 2075 850 2122 τις
881 2055 1117 2128 φυλέτης
1155 2057 1299 2126 ἐμοὶ.
1354 2057 1620 2109 συνοικεῖν
1659 2053 1853 2118 θέλων,

270 2156 362 2209 καὶ
419 2153 610 2207 τούτου
674 2153 852 2222 τυχεῖν
891 2148 1079 2214 ἀξιῶν.
1131 2147 1303 2201 Τοῦτό
1360 2164 1450 2217 μοι
1507 2144 1734 2222 μερίζει⁴
1763 2144 1856 2198 τὸν

272 2247 398 2302 νοῦν
431 2264 446 2279 ο
481 2244 574 2298 δύο
603 2243 701 2315 μὲν
726 2243 835 2312 γάρ
862 2241 1006 2312 ἔχειν
1031 2240 1170 2294 κατὰ
1193 2239 1392 2293 ταυτὸν
1422 2238 1524 2292 οὐκ
1548 2236 1808 2308 ἀνέξομαι
1835 2250 1849 2265 ⁸

270 2339 361 2392 τὸν
373 2338 483 2407 γὰρ
503 2335 736 2408 φυλέτην
752 2335 826 2399 ὼς
849 2332 1084 2404 φυλέτην
1101 2331 1415 2401 ἀσπάζομαι
1430 2347 1442 2359 ·
1462 2329 1556 2383 τὸν
1583 2329 1640 2382 δέ
1661 2329 1856 2400 πρότε-

275 2445 368 2497 ρον
386 2429 461 2490 ὼς
487 2423 822 2494 καταθύμιόν
839 2439 927 2488 μοι
940 2421 1302 2490 γεγενημένον
1325 2418 1574 2474 ἐκϐαλεῖν
1590 2419 1682 2472 καὶ
1706 2421 1858 2472 ἀνια-

271 2514 365 2586 ρὸν
395 2513 633 2584 ἠγοῦμαι
653 2510 750 2564 καὶ
777 2511 978 2564 ἄδικον.
1006 2527 1024 2561 ι
1072 2508 1128 2561 ’0
1159 2508 1236 2574 δὲ,
1283 2527 1300 2558 ι
1326 2508 1563 2572 Εἰκότως
1585 2547 1602 2572 ,
1629 2508 1732 2579 ἔφη
1754 2548 1768 2573 ,
1813 2501 1858 2562 ὧ

269 2605 480 2676 Πάτερο
506 2602 626 2656 οὐδὲ
661 2601 770 2672 γὰρ
792 2602 958 2662 ὅσιον,
986 2599 1076 2654 τὸν
1108 2599 1206 2669 μὲν
1240 2598 1590 2652 ἐπιπλείστον
1628 2599 1858 2670 τεθερα-

264 2695 519 2750 πευκότα
549 2693 761 2765 χρόνον,
803 2691 878 2756 ὡς
927 2691 1027 2745 οὐκ
1068 2689 1372 2760 ἐπιτήδειον
1401 2688 1856 2762 ἀποπέμψασθαι,

263 2790 360 2844 τὸν
390 2787 447 2842 δδ
473 2787 686 2841 οὐδέπω
714 2787 909 2850 πείραν
934 2783 1044 2837 τῶν
1065 2782 1282 2837 οἰκείων
1339 2781 1613 2836 δεδωκότα
1641 2782 1859 2852 τρόπων

263 2883 359 2937 διὰ
396 2879 562 2952 μόνην
594 2877 933 2944 εἰσδέξασθαι
975 2875 1074 2946 τὴν
1119 2874 1376 2944 πατρίδα.
1405 2893 1423 2927 ι
1460 2875 1602 2947 Πρὸς
1634 2874 1808 2930 ταῦτα
1829 2877 1858 2930 ὁ

265 2975 419 3036 θεῖος
456 2969 793 3042 Ἀφραᾶτης,
831 2986 850 3020 ι
875 2966 1108 3028 Ούκοῦν,
1165 2966 1293 3037 ἔφη,
1328 2960 1372 3019 ὦ
1423 2967 1720 3037 θαυμάσιε,
1764 2967 1857 3023 τὸν

266 3064 479 3137 χιτῶνα
495 3061 684 3116 τοῦτον
709 3061 772 3114 οὐ
802 3059 1048 3132 λήψομαι
1077 3075 1091 3088 °
1117 3057 1211 3111 δύο
1264 3057 1363 3128 μὲν
1425 3057 1534 3128 γάρ
1588 3057 1734 3128 ἔχειν
1759 3058 1859 3112 οὐκ

268 3154 574 3224 ἀνέξομαιο
625 3151 792 3224 ἡδίων
823 3150 880 3205 δέ
910 3147 1053 3202 κατὰ
1109 3147 1206 3218 τὴν
1245 3149 1410 3220 ἐμὴν.
1457 3149 1552 3201 καὶ
1599 3149 1859 3220 κρείττων

267 3245 419 3302 κατὰ
445 3244 542 3314 τὴν
569 3242 666 3316 σὴν
685 3243 865 3314 ψῆφον
897 3242 926 3294 ὀ
954 3238 1213 3293 τοσοῦτόν
1245 3256 1333 3309 μοι
1381 3238 1704 3308 διακονήσας
1732 3239 1859 3310 χρό-

267 3355 386 3389 νον.
421 3355 438 3387 t
497 3333 654 3388 Οὕτω
705 3331 1218 3401 κατασοφισάμενος
1265 3330 1358 3383 τὸν
1403 3329 1710 3400 Ἀνθέμιον,
1767 3330 1862 3385 καὶ

269 3426 464 3496 θαῦμα
486 3426 583 3495 τῆς
616 3426 896 3496 ἀγχινοίας
957 3422 1346 3496 παρεσχηκὼς,
1398 3422 1584 3475 ἔπεισε
1651 3423 1857 3496 μηδένα

268 3517 465 3573 λοιπὸν
496 3516 644 3587 αύτῷ
681 3517 808 3588 περὶ
842 3515 934 3568 τοῦ
965 3515 1191 3586 χιτῶνος
1233 3514 1440 3568 ἐκείνου
1479 3514 1656 3583 λόγον·
1686 3531 1857 3588 προσ-

269 3612 539 3680 ενεγκεῖν.
584 3607 727 3677 Ἐγὼ
755 3609 810 3662 δὲ
838 3607 1012 3660 ταῦτα
1050 3606 1345 3677 διεξῆλθον,
1371 3606 1462 3660 δύο
1490 3605 1632 3661 κατὰ
1663 3608 1859 3662 ταυτὸν

269 3701 541 3767 ἐπιδείξαι
573 3698 918 3770 βουλόμενος,
948 3697 1042 3753 καὶ
1064 3699 1147 3752 ὅτι
1180 3699 1313 3770 παρ’
1357 3699 1474 3764 ἐνδς
1518 3700 1732 3773 ἐδέχετο
1764 3701 1859 3773 μό-

267 3811 369 3847 νου
411 3792 511 3865 τὴν
547 3791 876 3862 ἀποχρῶσαν
905 3789 982 3860 τῷ
1006 3787 1220 3861 σώματι
1278 3788 1598 3859 θεραπείαν,
1648 3791 1745 3846 καὶ
1774 3793 1857 3846 δτι

267 3883 548 3956 τοσαύτης
589 3879 657 3955 ἧν
704 3882 899 3953 σοφίας
955 3881 1272 3947 ἇνάπλεως,
1315 3882 1391 3946 ὡς
1437 3883 1855 3956 παρασκευάσαι

1958 1787 2094 1843 laris
2123 1802 2278 1842 meus
2309 1787 2445 1842 alter
2473 1785 2728 1850 advenit,
2757 1785 2850 1856 qui
2882 1785 3047 1841 simul
3076 1785 3326 1840 habitare
3354 1785 3537 1854 cupit,

1956 1887 2013 1933 et
2045 1879 2150 1932 hoc
2183 1877 2290 1932 sibi
2309 1876 2537 1932 concedi
2568 1884 2743 1948 rogat.
2773 1876 2847 1930 Ea
2875 1891 2965 1932 res
2997 1885 3234 1932 mentem
3263 1875 3396 1930 mihi
3425 1874 3541 1929 dis-

1957 1967 2130 2023 trahit
2171 1984 2185 2021 :
2233 1968 2376 2022 duos
2401 1967 2548 2021 enim
2581 1966 2744 2022 simul
2777 1966 2981 2021 habere
3007 1981 3114 2020 non
3143 1965 3340 2035 patiar.
3367 1962 3542 2032 Papu-

1959 2060 2129 2114 larem
2183 2073 2315 2113 sane
2368 2065 2428 2112 ut
2480 2058 2803 2129 popularem
2858 2057 3242 2128 complector:
3298 2057 3540 2126 priorent

1961 2167 2092 2208 vero
2115 2190 2130 2215 ,
2165 2159 2224 2205 ιιι
2256 2152 2350 2220 qui
2383 2150 2539 2206 cordi
2572 2151 2706 2206 mihi
2741 2151 2958 2222 1178
2995 2149 3197 2214 fuerit,
3229 2148 3539 2221 expellere.

1957 2251 2014 2299 et
2041 2258 2206 2315 grave
2234 2241 2482 2297 arbitror
2509 2250 2564 2298 et
2598 2241 2889 2313 injustum.
2921 2260 2940 2294 ι
2969 2240 3125 2298 Tunc
3158 2241 3286 2296 ille:
3319 2258 3339 2292 ι
3373 2239 3541 2296 Meri-

1959 2341 2052 2400 to,
2085 2333 2196 2400 ait,
2228 2348 2262 2388 o
2298 2342 2456 2404 pater
2485 2351 2500 2388 :
2533 2348 2637 2388 nec
2669 2333 2818 2388 enim
2856 2333 2941 2389 fas
2974 2341 3082 2396 est,
3119 2333 3275 2388 illum
3311 2333 3404 2402 qui
3441 2329 3542 2384 tibi

1957 2425 2222 2480 diuturno
2249 2432 2496 2494 tempore
2522 2423 2824 2479 famulatus
2850 2423 2958 2486 sit,
2993 2417 3258 2494 tanquam
3297 2423 3542 2492 ineptum

1959 2517 2257 2574 amandare
2277 2559 2293 2584 ,
2324 2531 2450 2572 eum
2481 2529 2610 2570 vero
2639 2514 2733 2584 qui
2764 2529 2978 2569 morum
3008 2527 3232 2569 suorum
3264 2510 3543 2582 specimen

1959 2609 2208 2666 nondum
2245 2607 2495 2673 dederit,
2525 2607 2698 2662 solius
2731 2607 2924 2678 patria:
2947 2606 3170 2662 nomine
3197 2603 3538 2659 admittere.»

1958 2701 2041 2756 Ad
2074 2701 2190 2756 haec
2226 2714 2361 2756 vero
2410 2698 2636 2753 divinus
2664 2697 2977 2768 Aphraates
3013 2715 3026 2752 :
3060 2715 3078 2749 t
3115 2695 3380 2751 Tunicam
3415 2709 3545 2764 ergo

1962 2793 2124 2848 istam
2145 2831 2160 2858 ,
2190 2791 2274 2846 vir
2307 2805 2538 2862 magne,
2574 2805 2683 2846 non
2716 2789 3007 2860 accipiam.
3042 2787 3188 2843 Duas
3219 2800 3456 2857 namque
3488 2792 3549 2839 ut

1961 2883 2190 2941 habeam
2223 2883 2372 2939 ferre
2403 2899 2512 2939 non
2550 2897 2805 2954 possum.
2837 2881 2940 2936 Est
2986 2895 3116 2937 vero
3163 2894 3282 2935 mea
3324 2877 3544 2948 quidem

1962 2973 2232 3032 sententia
2285 2976 2517 3045 gratior,
2568 2988 2632 3029 ac
2680 2980 2778 3027 tua
2829 2973 2995 3028 etiam
3027 2973 3212 3043 potior
3257 2970 3383 3036 illa,
3425 2983 3548 3040 qua:

1963 3067 2128 3134 longo
2157 3065 2290 3119 mihi
2325 3074 2576 3136 tempore
2622 3064 2897 3122 inserviit.
2934 3083 2953 3117 ι
3001 3062 3138 3118 Cum
3189 3060 3546 3116 Anthemium

1963 3160 2068 3214 hac
2099 3157 2315 3228 argutia
2347 3157 2759 3222 conclusisset,
2797 3155 3150 3226 solertiaeque
3198 3169 3314 3209 suae
3351 3153 3404 3207 in
3451 3151 3548 3205 ad-

1963 3250 2313 3305 mirationem
2365 3249 2697 3312 exeitasset,
2749 3263 2817 3304 eo
2871 3247 3084 3318 adegit,
3141 3254 3200 3300 ut
3245 3245 3312 3300 de
3361 3243 3547 3298 tunica

1962 3341 2192 3396 verbum
2239 3340 2484 3411 amplius
2533 3339 2746 3394 nullum
2803 3339 3028 3396 faceret.
3083 3337 3196 3408 ligo
3247 3350 3382 3391 vero
3432 3335 3550 3392 haec

1965 3432 2090 3488 ideo
2121 3431 2586 3497 commemoravi,
2623 3431 2731 3487 duo
2764 3438 2823 3484 ut
2854 3430 3044 3486 eadem
3079 3443 3249 3499 opera
3283 3428 3547 3483 ostende.

1963 3509 2081 3579 rem
2111 3544 2124 3578 :
2157 3522 2306 3594 quod
2340 3522 2506 3578 unius
2535 3530 2747 3577 tantum
2775 3536 2941 3592 opera
2971 3522 3026 3575 in
3073 3519 3389 3576 necessario
3420 3531 3548 3572 cor-

1964 3614 2116 3684 poris
2145 3613 2412 3686 obsequio
2445 3631 2582 3672 usus
2615 3615 2720 3681 sit,
2751 3613 3012 3685 quodque
3043 3626 3108 3668 ea
3141 3610 3408 3683 praeditus
3456 3622 3549 3662 sa-

1963 3705 2170 3777 pientia
2201 3704 2410 3774 fuerit,
2445 3716 2507 3761 ut
2541 3720 2666 3762 eum
2699 3705 2793 3776 qui
2851 3703 3082 3774 rogabat
3130 3713 3192 3756 ιιι
3243 3700 3547 3770 acciperet,

1962 3811 2034 3852 ne
2064 3797 2338 3867 acciperet
2366 3796 2642 3853 sententia
2693 3810 2794 3852 sua
2832 3783 3067 3850 delinire
3115 3790 3382 3864 coegerit.
3441 3785 3548 3843 Sed

1964 3888 2052 3944 his
2081 3889 2324 3952 omissis,
2355 3889 2563 3958 majora
2590 3897 2917 3942 narraturus
2941 3903 3087 3942 sum.

272 3977 369 4030 τὸν
396 3977 703 4032 ἱκετεύοντα
728 3976 985 4043 δέξασθαι
1015 3975 1358 4049 ψηφίσασθαι
1381 3977 1442 4030 τὸ
1471 3977 1545 4047 μὴ
1607 3975 1887 4044 δέξασθαι.
1939 3978 2102 4034 Ἀλλά
2153 3979 2220 4035 τά
2281 3979 2509 4034 τοιαῦτα
2561 3980 2900 4043 καταλιπὼν,
2946 3978 3018 4032 τὰ
3073 3978 3298 4049 μείζονα
3352 3970 3550 4042 διηγή-

277 4085 466 4140 σομαι.

362 4161 650 4216 Ἰουλιανοῦ
673 4161 766 4214 τοῦ
791 4161 1083 4230 θεομισοῦς
1106 4161 1263 4226 δίκας
1287 4160 1385 4230 τῆς
1419 4162 1674 4226 ἀσεϐείας
1705 4165 1761 4216 ἐν
1788 4165 1856 4236 τῇ

278 4253 545 4326 βαρϐάρῳ
569 4252 880 4316 δεδωκότος,
919 4251 1106 4321 ὀλίγης
1138 4253 1234 4322 μὲν
1271 4253 1512 4325 γαλήνης
1539 4255 1858 4326 ἀπήλαυσαν

273 4349 380 4419 τῆς
399 4345 680 4409 εὐσεϐείας
711 4347 759 4398 οί
787 4331 1062 4415 τρόφίμοι,
1106 4343 1379 4398 Ἰωσιανοῦ
1422 4345 1531 4415 τῆς
1573 4346 1862 4418 Ῥωμαίων

275 4436 579 4508 ἡγεμονίας
634 4435 937 4507 δεξαμένου
985 4436 1111 4500 τοὺς
1145 4435 1356 4499 οἴακας.
1407 4437 1626 4508 Ἐπειδὴ
1665 4437 1720 4491 δὲ
1769 4439 1862 4492 καὶ

270 4527 434 4595 οὗτος
467 4530 673 4602 βραχὺν
704 4529 898 4600 κομιδῇ
936 4527 1261 4599 βασιλεύσας
1294 4529 1486 4599 χρόνον
1529 4529 1622 4583 τοῦ
1659 4528 1774 4599 βίου
1801 4530 1863 4582 τὸ

273 4624 456 4696 πέρας
493 4622 742 4688 ἐδέξατο,
781 4620 994 4693 Οὐάλης
1041 4620 1097 4674 δὲ
1125 4621 1224 4691 τῆς
1256 4622 1369 4673 Ἕω
1415 4620 1512 4692 τὴν
1563 4621 1861 4694 ἡγεμονίαν

271 4715 520 4783 ἐδέξατο,
556 4714 862 4782 καταιγῖδες
902 4713 1060 4768 πάλιν
1094 4713 1185 4766 καὶ
1219 4712 1436 4766 θύελλαι
1468 4713 1528 4766 τὸ
1561 4714 1682 4768 καθ’
1714 4714 1862 4786 ἡμᾶς

269 4806 629 4878 ἀνερρίπιζον
665 4806 922 4874 πέλαγος,
953 4807 1048 4860 καὶ
1071 4805 1279 4861 κλύδων
1307 4805 1580 4877 ἐγήγερτο
1599 4805 1858 4876 χαλεπδς,

271 4898 377 4952 καὶ
426 4898 712 4968 τρικυμίαι
769 4895 1034 4951 πάντοθεν
1089 4895 1169 4968 τῷ
1223 4895 1420 4966 σκάφει
1469 4896 1856 4968 προσέϐαλλον.

273 4987 675 5058 Χαλεπώτερον
727 4988 784 5042 δὲ
833 4988 925 5042 τὸν
963 4988 1209 5060 χειμῶνα
1261 4989 1294 5058 ἡ
1343 4988 1452 5042 τῶν
1508 4988 1858 5061 κυϐερνητῶν

269 5080 487 5152 ἐρημία
515 5081 709 5135 ἐποίει.
749 5081 983 5147 Τούτους
1015 5082 1124 5152 γὰρ
1153 5085 1182 5136 ὁ
1212 5081 1353 5136 κατὰ
1383 5082 1551 5153 μόνης
1573 5082 1670 5154 τῆς
1707 5081 1862 5135 εὐσε-

270 5175 434 5238 ϐείας
458 5173 485 5226 0
493 5175 663 5244 ρασὺς
683 5172 936 5243 βασιλεὺς
954 5175 1052 5246 τὴν
1076 5174 1371 5247 ὑπερορίαν
1388 5176 1557 5229 οἰκεῖν
1587 5175 1862 5246 κατηνάγ-

268 5266 438 5332 καζε.
475 5266 586 5320 Καὶ⁸
622 5265 860 5338 τοσαύτῃ
911 5267 1225 5340 παρανομίᾳ
1280 5267 1646 5338 χρησάμενος,
1701 5266 1861 5336 κόρον

265 5357 380 5427 τῆς
423 5355 742 5416 δυσσεϐείας
797 5357 899 5410 οὐκ
937 5357 1245 5427 ἐλάμϐανε·
1298 5356 1432 5410 ἀλλὰ
1481 5357 1699 5410 πάντων
1751 5356 1860 5408 τῶν

268 5449 522 5503 εὐσεϐῶν
550 5449 840 5504 ἐσκεδάννυ
872 5447 962 5502 τὸν
983 5448 1260 5517 σύλλογον,
1295 5449 1458 5521 om;
1482 5449 1636 5519 δίκην
1667 5448 1861 5519 ἀγρίου

265 5541 339 5593 τὸ
367 5540 614 5610 ποίμνιον
636 5541 1040 5597 διασπάσασθαι
1076 5542 1412 5611 φιλονεικῶν.
1444 5541 1646 5594 Τούτου
1680 5542 1862 5594 εἵνεκα

272 5633 346 5684 οὐ
387 5632 550 5703 μόνον
581 5633 778 5698 αὐτοὺς
823 5633 1042 5704 ἀπάσης
1077 5634 1367 5704 ἐκκλησίας
1404 5634 1684 5705 ἑξηλασεν,
1727 5631 1857 5686 ἀλλὰ

2037 4162 2334 4233 Postquam
2371 4163 2482 4218 Deo
2543 4160 2759 4217 invisus
2794 4159 3047 4214 Julianus
3083 4156 3383 4228 impietatis
3437 4171 3552 4212 suae

1967 4257 2022 4312 in
2054 4257 2173 4313 solo
2207 4255 2498 4311 barbarico
2530 4267 2724 4326 poenas
2753 4252 2926 4317 dedit,
2971 4250 3394 4320 tranquilliores
3442 4249 3550 4303 ali-

1884 4328 2186 4422 anando
2241 4347 2466 4417 pietatis
2520 4347 2872 4402 alumnarum
2938 4359 3028 4400 res
3092 4343 3264 4409 fuere,
3317 4340 3555 4397 Joviano

1971 4441 2184 4511 imperii
2209 4437 2440 4495 Romani
2465 4437 2707 4494 habenas
2737 4435 3074 4493 moderante.
3097 4433 3396 4501 Postquam
3427 4447 3555 4488 vero

1972 4533 2019 4588 is
2050 4533 2215 4590 etiam
2257 4537 2382 4602 post
2413 4528 2603 4599 exigui
2629 4527 2897 4600 temporis
2921 4526 3294 4597 principatum
3322 4525 3431 4578 vita
3460 4539 3556 4578 ex-

1971 4623 2156 4688 cessit,
2194 4631 2250 4679 et
2289 4619 2485 4676 Valens
2515 4618 2763 4676 Orientis
2818 4617 3112 4688 imperium
3147 4623 3235 4672 est
3294 4614 3552 4683 adeptus,

1970 4717 2223 4789 procellae
2247 4715 2444 4771 iterum
2468 4723 2525 4771 et
2542 4713 2793 4768 turbines
2812 4720 3101 4766 ventorum
3125 4722 3276 4762 mare
3300 4714 3554 4762 nostrum

1974 4808 2273 4880 agitaruttt,
2321 4815 2730 4877 tempestasque
2759 4810 2880 4858 orta
2917 4811 3000 4857 est
3055 4797 3402 4870 gravissima,
3431 4809 3555 4864 qua:

1973 4898 2296 4954 decumanis
2329 4895 2590 4951 ﬂuctibus
2623 4893 2884 4964 scapham
2925 4889 3243 4962 impetebat.
3303 4885 3538 4954 Tempe-

1975 4993 2140 5048 statis
2178 5007 2345 5062 porro
2373 4990 2727 5045 acerbitatem
2763 4985 2996 5056 augebat
3025 4981 3248 5054 penuria
3279 4979 3554 5050 guberna-

1971 5095 2176 5148 torum,
2214 5097 2357 5154 quos
2390 5081 2445 5136 itt
2477 5080 2678 5136 exsilio
2734 5077 3021 5133 detinebat
3049 5074 3152 5130 soli
3183 5071 3378 5143 pietati
3413 5069 3553 5124 infe-

1969 5187 2087 5231 stus
2139 5177 2456 5246 imperator.
2514 5171 2695 5242 Neque
2728 5170 2880 5224 illum
2943 5175 3067 5237 post
3107 5173 3321 5218 tantutn
3372 5159 3554 5216 scelus

1970 5269 2267 5337 impietatis
2303 5269 2319 5288 ⁶
2355 5265 2587 5322 satietas
2618 5260 2891 5332 capiebat,
2921 5255 3138 5326 1179
3177 5252 3273 5309 sed
3301 5251 3547 5306 omnium

1971 5359 2181 5429 piorum
2251 5347 2450 5412 eretum
2497 5353 2776 5417 divellere,
2804 5361 2858 5405 et
2879 5349 3115 5420 agrestis
3185 5344 3314 5400 ferte
3367 5344 3542 5398 instar
3617 5413 3620 5416 γ

1971 5466 2188 5521 gregem
2224 5447 2497 5518 dissipare
2551 5444 2876 5500 conabatur.
2937 5440 3123 5506 Quare
3162 5437 3289 5492 illos
3321 5449 3432 5490 non
3479 5448 3548 5487 ex

1970 5541 2228 5597 omnibus
2291 5539 2468 5594 solum
2519 5533 2776 5592 ecclesiis
2817 5530 3051 5602 expulit,
3121 5543 3312 5583 verum
3376 5525 3543 5580 etiam

1970 5647 2036 5686 ex
2097 5629 2230 5699 pede
2265 5629 2468 5684 montis
2515 5636 2568 5681 et
2600 5641 2662 5682 ex
2699 5625 2812 5694 ripa
2852 5621 3130 5688 numinis,
3177 5630 3228 5675 et
3254 5633 3317 5676 ex
3360 5614 3564 5674 bellico
