3974 6212
479 236 606 315 1371

1457 249 1944 312 THEODORE’FI
1974 251 2310 314 EPISCOPI
2339 255 2702 318 CYRENSIS

3588 257 3724 322 1372

473 343 786 439 gymnasio.
815 366 1012 419 Omnia
1074 365 1219 419 enim
1271 364 1383 418 haec
1443 365 1560 419 loca
1598 366 2037 420 vieissimmuta-

2149 366 2234 416 καὶ
2267 368 2329 419 ἐκ
2349 367 2447 437 τῆς
2471 370 2764 441 ὑπωρείας,
2796 370 2890 422 καὶ
2919 371 2981 422 tat
3007 370 3107 440 τῆς
3133 370 3297 442 ὄχθης
3327 371 3423 424 τοῦ
3447 376 3714 444 ποταμοζ,

473 471 778 525 runt,cum
837 465 1043 510 armata
1089 456 1212 509 illos
1274 469 1470 510 manus
1525 456 1908 512 insectaretur.
1966 458 2046 513 Ac

475 551 690 624 Scythae
714 549 958 620 quidem,
1005 547 1209 618 aliique
1248 549 1485 614 barbari,
1511 549 1799 603 Thraciam
1825 552 2045 604 univer-

473 661 590 698 sam
615 643 685 697 ab
708 644 848 698 Istro
877 642 1100 697 ﬂumine
1128 645 1192 695 ad
1218 641 1604 710 Pr0pontidem
1633 659 1808 713 usque
1827 644 2049 714 impune

475 735 878 806 populabantur
913 754 926 790 :
963 735 1048 788 hic
1091 750 1219 789 vero
1250 751 1348 788 nec
1387 735 1636 798 arrectis,
1675 734 1822 804 quod
1871 737 2044 800 aiunt,

474 829 698 884 auribus
741 829 856 883 hzec
901 829 1089 882 audire
1129 829 1430 890 sustinens,
1470 827 1524 880 in
1574 828 1720 882 solos
1755 828 2048 896 p0pulares

473 937 604 977 suos
634 931 685 976 et
709 921 978 985 subditos,
1011 930 1064 975 et
1099 921 1358 990 religione
1389 920 1593 982 claros,
1635 935 1786 972 arma
1816 933 2045 974 conver-

474 1013 640 1067 tebat.
709 1011 934 1066 Divinus
989 1023 1167 1066 autem
1203 1014 1438 1083 populus
1499 1013 1767 1066 malorum
1823 1013 2042 1068 illorum

475 1103 941 1173 importunitatem
975 1105 1268 1172 deplorans
1305 1103 1617 1158 Davidicum
1660 1119 1880 1160 carmen
1915 1121 2046 1160 con-

473 1193 691 1247 cincbat
722 1212 736 1249 :
785 1212 802 1244 t
832 1193 908 1247 Ad
943 1193 1166 1248 ﬂumina
1217 1192 1534 1264 Babylonis,
1570 1195 1684 1247 illic
1717 1194 1963 1250 sedimus
1991 1205 2046 1250 et

401 1305 406 1319 -
474 1283 741 1348 "erimus,
779 1286 906 1339 dum
937 1286 1362 1341 recordaremur
1395 1287 1582 1343 Sionis
1606 1288 1678 1340 τί
1708 1307 1724 1339 ι
1768 1287 1874 1343 Sed
1916 1289 2044 1343 reli-

473 1390 578 1444 qua
628 1377 825 1430 cantici
855 1377 1080 1432 minime
1109 1377 1219 1432 illis
1243 1378 1663 1432 conveniebant.
1689 1377 1874 1448 Neque
1897 1379 2042 1432 enim

475 1467 841 1537 permiserunt
873 1467 1197 1537 Aphraates,
1239 1475 1293 1523 et
1318 1466 1638 1532 Flavianus,
1661 1477 1716 1523 et
1747 1467 2043 1531 Diodorus,

474 1557 618 1612 utin
671 1558 933 1613 salicibus
995 1559 1466 1628 suspenderentur
1507 1575 1712 1630 organa
1759 1562 2043 1627 doctrinae,

471 1665 570 1702 nec
599 1648 739 1703 ferre
783 1657 1081 1719 potuerunt
1118 1659 1174 1704 ut
1205 1650 1454 1704 dicerent
1487 1670 1499 1706 :
1548 1672 1566 1703 ι
1592 1651 1880 1717 Quomodo
1909 1668 2038 1707 can-

469 1737 708 1792 tabimus
739 1741 1016 1792 canticum
1046 1739 1257 1792 Domini
1283 1741 1334 1792 in
1371 1749 1514 1794 terra
1553 1741 1843 1796 aliena‘?»
1870 1741 2044 1797 Sedet

471 1830 532 1881 in
558 1829 860 1893 montibus,
889 1838 944 1884 et
973 1830 1028 1883 in
1063 1831 1295 1900 campis,
1329 1840 1383 1886 et
1418 1832 1472 1885 in
1501 1833 1656 1895 urbe,
1689 1832 1814 1887 etin
1838 1835 2042 1888 subur-

469 1920 648 1982 banis,
684 1927 737 1973 et
767 1919 820 1972 in
858 1919 1114 1974 domibus
1149 1928 1205 1974 et
1236 1921 1290 1975 in
1332 1921 1468 1977 l'oris
1503 1925 1780 1978 canticum
1825 1924 2044 1980 Domini

467 2010 686 2065 assidue
711 2011 1096 2066 decantabaut.
1135 2012 1394 2068 ADavide
1428 2030 1662 2086 namque
1693 2018 1997 2072 didicerant
2027 2039 2039 2074 :

480 2122 497 2152 ι
528 2102 739 2158 Domini
773 2113 858 2159 est
897 2112 1066 2171 terra,
1103 2114 1155 2160 et
1197 2106 1478 2176 plenitudo
1525 2109 1646 2178 ejus
1682 2129 1696 2166 :
1750 2112 1903 2168 orbis
1934 2121 2046 2169 ter-

473 2207 683 2258 rarum,
729 2201 783 2249 et
827 2209 1016 2250 omnes
1045 2197 1140 2266 qui
1183 2195 1498 2252 babitantin
1523 2214 1588 2254 eo
1619 2202 1662 2253 ι.
1686 2221 1703 2253 ι
1742 2203 2046 2260 Audierant

471 2299 668 2339 rursus
731 2284 984 2340 eumdem
1028 2287 1425 2343 vaticinantem
1465 2308 1476 2344 :
1523 2289 1882 2350 «Benedicite
1939 2293 2046 2349 Do-

467 2375 636 2438 mino,
659 2376 844 2430 omnia
873 2391 1039 2446 opera
1067 2377 1210 2448 ejus,
1237 2379 1288 2432 in
1323 2381 1471 2434 onml
1499 2383 1618 2437 loco
1636 2383 2039 2440 dominationis

465 2465 589 2536 ejus
608 2477 654 2522 ιι.
689 2484 708 2519 ι
748 2466 1056 2524 Audierant
1087 2478 1144 2525 et
1173 2471 1418 2526 divinum
1445 2475 1674 2529 Paulum
1718 2478 2045 2547 praecipien-

466 2567 572 2614 tem
617 2576 631 2612 :
669 2576 688 2610 ι
717 2560 878 2615 Viros
904 2576 1063 2617 orare
1104 2563 1158 2617 in
1193 2565 1344 2618 omni
1400 2566 1540 2630 loco,
1591 2568 1836 2624 levantes
1875 2586 2043 2640 puras

469 2664 684 2715 manus,
713 2652 835 2708 sine
877 2655 960 2708 ira
982 2662 1037 2708 et
1063 2653 1465 2726 disceptatione
1483 2668 1565 2712 ν.»
1601 2660 1816 2731 1180
1847 2660 1953 2717 Sed
1989 2671 2044 2719 et

469 2741 734 2799 Dominus
755 2745 870 2818 ipse
890 2746 1293 2803 Samaritanam
1319 2749 1608 2820 alloquens
1628 2753 1678 2806 id
1699 2756 1874 2822 ipsmn
1894 2771 2046 2825 aper-

467 2837 578 2892 tius
601 2838 891 2907 praedixit:
926 2838 1176 2904 «Mulier,
1209 2843 1373 2897 crede
1403 2843 1535 2898 mihi
1557 2845 1684 2912 quia
1712 2845 1859 2902 venit
1883 2847 2041 2915 hora,

465 2927 687 2996 quando
701 2945 876 2999 neque
895 2931 948 2984 in
971 2931 1074 2985 hoc
1089 2933 1228 2996 loco,
1246 2935 1490 3004 nequein
1511 2934 1924 3009 Hierosolymis,
1945 2940 2040 2995 sed

2147 459 2240 510 καὶ
2273 461 2335 511 ὲκ
2354 460 2444 512 τοῦ
2478 461 2771 530 πολεμικοῦ
2797 461 3117 531 γυμνασίου.
3148 461 3336 516 Ταῦτα
3365 464 3474 532 γάρ
3503 463 3718 520 ἅπαντα

2146 549 2466 618 ἀμείϐοντες
2490 550 2794 605 διετέλεσαν
2827 552 2894 605 τὰ
2927 552 3122 623 χωρία,
3162 554 3260 624 τῆς
3293 554 3576 624 ὁπλιτικῆς
3607 574 3722 626 χει-

2149 641 2241 711 ρὸς
2291 643 2575 708 γενόμενοι
2627 645 2924 715 πάρεργον.
2989 644 3098 698 Καὶ
3124 645 3329 699 Σκύθαι
3365 648 3483 716 μὲν,
3541 648 3634 700 καὶ
3666 651 3720 700 ei

2145 729 2295 783 ἄλλοι
2327 731 2609 802 βάρϐαροι,
2633 733 2730 805 τὴν
2757 735 2977 806 Θρᾴκην
2999 735 3222 788 ἃπασαν
3244 736 3353 788 ἀπὸ
3378 735 3476 789 τοῦ
3504 738 3721 804 Ἵστρον

2148 820 2310 891 μέχρι
2340 822 2439 892 τῆς
2488 824 2846 895 Προποντίδος
2885 824 3056 888 ἀδεῶς
3103 824 3414 895 ἐληΐζοντο·
3447 828 3475 878 ό
3510 825 3566 878 δὲ
3595 829 3720 879 τού-

2145 927 2252 965 των
2287 914 2384 983 μὲν
2405 915 2525 968 οὐδὲ
2556 917 2654 987 τὴν
2674 916 2841 988 ἀκοὴν
2870 917 3068 970 ἑστῶσι
3087 920 3199 977 τοῖς
3229 915 3355 981 ὠσὶ,
3386 917 3444 971 τὸ
3464 918 3525 988 δὴ
3558 919 3722 986 λεγό-

2151 1021 2330 1075 μενον,
2368 1005 2599 1074 ἠδύνατο
2642 1007 2934 1078 δέχεσθαι,
2970 1009 3108 1062 κατά
3159 1009 3216 1062 δὲ
3249 1009 3357 1062 τῶν
3406 1010 3721 1079 ὁμοφύλων,

2151 1095 2248 1147 καὶ
2281 1096 2557 1166 ὑπηκόων,
2617 1099 2712 1152 καὶ
2761 1099 3013 1172 εὐσεϐείᾳ
3062 1099 3548 1172 λαμπρυνομένων,
3605 1105 3725 1164 τοῖς

2146 1183 2329 1247 ὅπλοις
2362 1186 2646 1257 ἐκέχρητο.
2693 1187 2749 1241 '0
2785 1188 2843 1241 δὲ
2873 1188 3014 1252 θεῖος
3039 1189 3196 1252 λεὼς,
3225 1189 3336 1243 τῶν
3363 1190 3547 1243 κακῶν
3571 1189 3725 1244 ὲκεί-

2159 1293 2264 1328 νων
2294 1277 2393 1346 τὴν
2425 1278 2635 1347 ἀωρίαν
2667 1279 3083 1351 ὀλοφυρόμενος,
3122 1281 3221 1351 τὴν
3250 1282 3539 1351 Δαυῖτικὴν
3573 1282 3728 1334 tatel-

2149 1383 2245 1436 νην
2283 1367 2507 1437 ἔψαλλεν
2527 1369 2704 1442 ᾠδήνο
2751 1391 2769 1424 ι
2817 1371 2939 1424 Ἐπὶ
2970 1371 3077 1426 τῶν
3111 1373 3372 1442 ποταμῶν
3401 1373 3728 1435 Βαϐυλῶνος

2149 1455 2266 1507 ἐκεῖ
2283 1457 2641 1529 ἐκαθίσαμεν,
2681 1462 2774 1514 καὶ
2804 1462 3170 1533 ὲκλαύσαμεν,
3203 1465 3264 1516 ὲν
3304 1463 3382 1533 τῷ
3418 1465 3734 1534 μνησθῆναι

2149 1547 2296 1616 ἡμᾶς
2321 1549 2420 1619 τῆς
2452 1551 2610 1606 Σιών.
2637 1572 2654 1604 ι
2681 1553 2762 1606 Τὰ
2779 1553 2834 1606 δὲ
2863 1553 3026 1607 λοιπὰ
3042 1555 3142 1624 τῆς
3171 1555 3312 1625 ᾠδῆς
3334 1555 3515 1608 οὐκέτι
3537 1555 3740 1618 αὐτοῖς

2151 1640 2382 1710 ἁρμόδια
2417 1638 2487 1713 ἦν
2511 1659 2525 1673 ·
2553 1645 2613 1697 ού
2637 1645 2742 1715 γὰρ
2766 1646 2947 1700 είασεν
2981 1648 3292 1718 Ἀφραάτης
3312 1688 3327 1712 ,
3359 1648 3451 1702 καὶ
3479 1647 3734 1700 Φλασια-

2153 1732 2260 1796 νὸς,
2293 1732 2389 1785 καὶ
2431 1735 2713 1805 Διόδωρος,
2745 1737 2836 1789 ἐπὶ
2884 1739 3002 1800 ταῖς
3044 1738 3215 1801 ίτέαις
3249 1737 3634 1808 κρεμασθῆναι
3664 1738 3738 1791 τὰ

2148 1822 2354 1893 ὄργανα
2380 1826 2474 1895 τῆς
2499 1827 2864 1893 διδασκαλίας,
2885 1829 3006 1882 οὐδὲ
3026 1830 3198 1882 εἰπεῖν
3219 1830 3525 1900 ἠνέσχοντο·
3553 1849 3572 1880 ι
3597 1829 3738 1894 ιιῶς

2147 1912 2349 1984 ᾁσομεν
2379 1915 2475 1986 τὴν
2499 1915 2642 1988 ᾠδὴν
2669 1918 2872 1988 Κυρίου
2916 1919 3009 1972 ἐπὶ
3043 1920 3144 1988 γῆς
3179 1918 3496 1989 ἀλλοτρίας;
3535 1939 3552 1968 ι
3585 1919 3744 1971 ἀλλὰ

2148 2009 2239 2061 καὶ
2263 2009 2321 2060 ἐν
2367 2007 2536 2078 ὄρεσι,
2574 2010 2668 2062 καὶ
2713 2012 2771 2062 ὲν
2811 2010 3039 2076 πεδίοις,
3072 2012 3165 2064 καὶ
3199 2015 3256 2063 ὲν
3307 2011 3486 2072 ἄστει,
3524 2011 3623 2063 καὶ
3677 2013 3739 2064 ἐν

2147 2098 2510 2167 προαστείοις,
2537 2099 2630 2152 καὶ
2662 2101 2719 2152 ἐν
2742 2101 2960 2165 οἰκίαις,
2998 2104 3092 2154 καὶ
3124 2104 3180 2156 ὲν
3216 2102 3442 2173 ἀγοραῖς
3482 2097 3615 2174 ᾖδον
3651 2103 3742 2156 δι-

2146 2189 2356 2259 ηνεκῶς
2388 2190 2485 2262 τὴν
2505 2191 2645 2263 ᾠδὴν
2678 2193 2904 2265 Κυρίου.
2933 2194 3174 2264 Ἐμαθον
3192 2195 3300 2264 γάρ
3323 2197 3476 2267 παρὰ
3503 2195 3601 2249 τοῦ
3627 2201 3742 2250 Au-

2146 2279 2253 2345 ὁὶδ,
2276 2283 2358 2336 ὃτι
2381 2303 2398 2334 ‹
2423 2282 2528 2336 Τοῦ
2561 2285 2784 2354 Κυρίου,
2805 2287 2837 2356 ἡ
2863 2288 2954 2356 γῆ,
2975 2287 3068 2340 καὶ
3090 2286 3152 2339 τὸ
3173 2287 3441 2358 πλήρωμα
3473 2289 3679 2359 αὐτῆς,
3705 2293 3740 2360 ἡ

2145 2372 2435 2444 οἰκουμένη
2461 2415 2476 2440 ,
2511 2376 2604 2428 καὶ
2627 2375 2826 2439 πάντες
2888 2377 2937 2428 οἱ
2971 2376 3352 2440 κατοικοῦντες
3401 2380 3458 2431 ὲν
3497 2380 3674 2450 αὐτῇ.
3711 2401 3730 2432 ι

2151 2463 2431 2516 ’Ἤκουσαν
2493 2463 2653 2518 πάλιν
2708 2465 2803 2518 τοῦ
2860 2466 3024 2520 αὐτοῦ
3091 2467 3370 2537 προφήτου
3429 2467 3738 2535 λέγοντοςο

2153 2569 2172 2602 t
2216 2552 2497 2618 Εὑλογεῖτε
2529 2553 2617 2606 τὸν
2661 2553 2887 2625 Κύριον,
2917 2555 3094 2609 πάντα
3122 2555 3190 2608 τὰ
3239 2555 3374 2628 ἔργα
3422 2556 3626 2620 αὐτοῦ,
3678 2561 3738 2610 εν

2145 2643 2309 2696 παντὶ
2344 2643 2493 2714 τόπῳ
2523 2645 2622 2715 τῆς
2652 2644 2969 2708 δεσποτείας
3007 2645 3191 2700 αὑτοῦ.
3227 2665 3245 2698 ι
3297 2648 3583 2701 Ἤκουσαν
3637 2650 3735 2701 καὶ

2146 2735 2240 2788 τοῦ
2286 2735 2575 2788 θεσπεσίου
2623 2738 3043 2808 παρεγγυῶντος
3085 2738 3328 2792 Παύλου·
3362 2758 3381 2791 t
3416 2739 3736 2810 Προσεύχε-

2149 2827 2272 2882 σθαι
2316 2826 2440 2889 τοὺς
2482 2826 2680 2899 ἄνδρας
2725 2830 2783 2881 ἐν
2807 2829 2969 2882 παντὶ
3001 2829 3171 2900 τόπῳ,
3211 2829 3535 2902 ἐπαίροντας
3572 2831 3736 2896 ὁσίας

2147 2925 2336 2993 χεῖρας
2365 2922 2534 2994 χωρὶς
2563 2921 2731 2993 ὀργῆς
2763 2923 2856 2976 καὶ
2875 2922 3258 2993 διαλογισμῶν.
3297 2943 3315 2975 ι
3347 2924 3454 2976 Καὶ
3485 2924 3736 2988 αΰτδςδὲ

467 3020 520 3072 in
549 3021 699 3074 omni
722 3023 844 3075 loco
861 3023 1172 3078 adorabunt
1194 3024 1406 3082 Patrem
1432 3035 1476 3080 ι.
1495 3047 1512 3080 ι
1548 3027 1672 3084 lla-e
1690 3029 1763 3084 illi
1790 3042 2043 3104 percepta

2150 3017 2178 3068 ό
2208 3016 2503 3087 Δεσπότης,
2541 3015 2678 3087 πρὸς
2710 3015 2810 3086 τὴν
2849 3017 3178 3086 Σαμαρεῖτιν
3205 3015 3616 3088 διαλεγόμενος,
3637 3035 3738 3072 σα-

467 3122 589 3160 cum
614 3106 896 3175 haberent,
918 3122 970 3165 et
992 3111 1139 3166 domi
1166 3121 1220 3168 et
1243 3113 1396 3179 l'oris,
1421 3127 1581 3188 atque
1602 3131 1656 3172 ut
1681 3123 1915 3190 apostoli
1934 3139 2045 3177 ver-

470 3197 553 3252 bis
577 3206 717 3265 utar,
743 3199 992 3270 «publice
1007 3210 1060 3257 et
1087 3220 1184 3273 per
1201 3206 1395 3263 domus
1415 3216 1473 3259 γ»
1501 3209 1782 3265 testiﬁcari
1804 3227 1910 3266 non
1931 3230 2048 3270 ces-

471 3288 689 3352 sabant,
730 3296 1309 3361 prmstautissimorum
1348 3299 1525 3354 instar
1561 3303 1789 3368 ducum,
1824 3315 1877 3360 et
1913 3323 2046 3364 suos

469 3391 772 3448 armantes,
802 3392 856 3438 et
885 3386 1230 3446 adversarios
1267 3393 1664 3470 confodientes.
1693 3397 1848 3464 Quod
1882 3403 2048 3470 igitur

471 3474 583 3529 haec
609 3491 731 3545 qua:
749 3477 859 3531 dixi
880 3482 1236 3549 praestiterint
1255 3465 1484 3557 magnus
1511 3485 1804 3546 Flavianus
1824 3501 1878 3546 et
1904 3465 2048 3550 divi-

467 3579 572 3619 nus
595 3565 886 3632 Diodorus,
913 3573 1004 3640 qui
1033 3573 1137 3626 sub
1153 3574 1258 3628 alio
1284 3591 1500 3644 gregem
1528 3579 1846 3646 pascebant,
1879 3591 1933 3636 et
1956 3599 2045 3638 se-

465 3654 656 3710 cunda:
674 3657 950 3712 cathedrm
983 3661 1248 3716 honorem
1283 3666 1559 3734 gert-bant,
1585 3670 1967 3726 admirandum
1995 3674 2046 3729 id

467 3758 600 3798 sane
615 3759 678 3798 ac
699 3746 857 3802 laude
877 3751 1096 3820 dignum
1124 3768 1136 3804 :
1165 3754 1258 3808 sed
1281 3763 1459 3810 tamen
1479 3759 1612 3814 ‘hoc
1630 3761 1862 3832 agebant
1882 3765 2049 3821 duces

466 3831 682 3899 delecti,
708 3834 1243 3910 ducumquclegibus
1262 3843 1514 3913 obnoxii;
1537 3858 1591 3902 at
1607 3851 2049 3920 sapientissimus

465 3925 772 3995 Aphraates
799 3945 899 3984 sua
921 3940 1116 4000 sponte
1145 3934 1200 3988 in
1231 3934 1346 3990 haac
1375 3943 1678 3996 certamina
1704 3949 1966 4015 prosiliit.
1993 3951 2048 4007 In

463 4018 644 4085 quiete
655 4018 921 4090 siquidem
938 4023 1350 4087 educatus.cum
1368 4031 1633 4099 privatam
1651 4038 1793 4106 apud
1808 4055 1867 4094 se
1885 4044 2050 4098 vitam

466 4109 813 4175 instituisset,
861 4127 924 4167 ac
955 4113 1067 4179 teli,
1095 4118 1238 4185 quod
1269 4118 1442 4184 aiunt,
1461 4135 1614 4178 extra
1649 4126 1856 4195 jactum
1883 4141 2050 4198 esset,

469 4202 593 4256 nelli
628 4205 969 4260 atrocitatem
1007 4209 1388 4278 considerans,
1444 4217 1718 4285 propriam
1755 4226 2030 4280 securita-

470 4309 580 4349 rem
612 4299 960 4367 contempsit,
1013 4301 1292 4373 quietique
1329 4305 1396 4359 ad
1449 4314 1663 4378 tempus
1710 4314 2042 4381 valedicens,

469 4384 679 4452 piorum
713 4387 970 4460 phalangi
1002 4394 1429 4463 antesignanum
1459 4413 1519 4452 se
1537 4401 1790 4470 praahuit,
1823 4405 2044 4478 vitaque

466 4485 519 4529 et
545 4477 723 4532 verbis
751 4493 817 4533 ac
848 4482 1125 4539 miraculis
1152 4484 1375 4552 feriens,
1403 4503 1578 4546 cmsus
1598 4493 1713 4563 ipse
1759 4477 2040 4568 nunquam

466 4577 572 4622 est.
610 4568 764 4623 Illum
800 4587 954 4641 ergo,
983 4587 1106 4630 cum
1137 4578 1204 4630 ad
1238 4581 1492 4636 bellicum
1530 4590 1882 4657 gymnasium
1914 4592 2038 4658 iret,

467 4659 820 4728 conspicatus
881 4665 1181 4733 aliquando
1249 4673 1408 4740 plane
1455 4675 1680 4733 demens
1742 4681 2042 4752 imperator

469 4749 565 4818 (ibi
586 4754 730 4804 enim
757 4760 870 4808 tum
899 4753 1039 4811 forte
1061 4757 1352 4818 Trinitatis
1381 4765 1625 4824 cultores
1645 4749 2038 4843 convenerant,

468 4859 522 4905 et
549 4851 701 4907 illum
732 4854 1007 4923 quiSpiam
1048 4855 1115 4909 ad
1175 4858 1350 4928 ripam
1385 4857 1629 4916 [luminis
1665 4864 2039 4923 ambulantem

467 4944 787 5014 imperatori
841 4949 1162 5002 osleuderat
1203 4949 1246 5018 ),
1279 4951 1640 5026 interrogavit
1669 4974 1906 5028 quonam
1965 4961 2043 5016 ire

469 5033 775 5094 festinaret.
810 5041 1018 5111 1181
1056 5040 1305 5114 Curaque
1335 5044 1414 5100 ire
1460 5063 1519 5102 se
1554 5051 1947 5120 respondisset,
1985 5061 2042 5108 ut

545 5254 1024 5319 'l‘sal.cxxxvt,l
1096 5256 1116 5280 '
1183 5262 1313 5317 ibid.
1345 5263 1399 5319 4.

1519 5264 1535 5302 ί
1580 5265 1721 5321 l’sal.
1779 5285 1934 5336 mu,
1968 5273 2013 5325 l.

471 5333 496 5370 ἔ
549 5328 664 5376 Act.
707 5342 792 5388 xx,
827 5330 919 5379 ‘20.

2150 3106 2410 3177 φὲστερον
2440 3105 2595 3158 τοῦτο
2620 3105 2982 3177 προείρηκεν*
3008 3124 3026 3156 ι
3065 3105 3234 3176 ’Δμὴν
3254 3108 3380 3177 γὰρ,
3415 3107 3537 3175 ἔφη,
3580 3107 3742 3176 λέγω

2150 3215 2252 3261 σοι,
2281 3198 2460 3265 γύναι,
2493 3199 2574 3252 δτι
2609 3198 2829 3269 ἔρχεται
2859 3196 2998 3269 ὥρα,
3035 3199 3129 3251 καὶ
3159 3198 3254 3251 νῦν
3287 3201 3443 3261 ἐστιν,
3472 3200 3560 3250 ὅτε
3593 3201 3741 3256 οὔτε

2149 3289 2206 3341 ὲν
2244 3289 2323 3360 τῷ
2366 3288 2517 3361 τόπῳ
2564 3288 2736 3359 τούτῳ
2760 3330 2774 3353 ,
2809 3288 2933 3342 οὗτε
2983 3291 3039 3342 ὲν
3079 3288 3480 3360 Ἱεροσολύμοις,
3506 3287 3638 3341 ἀλλ’
3663 3293 3738 3342 ἐν

2151 3383 2315 3434 παντὶ
2346 3383 2497 3451 τόπῳ
2528 3384 2965 3452 προσκυνήσουσι
3006 3381 3080 3450 τῷ
3115 3382 3305 3452 Πατρί.
3343 3401 3360 3434 ι
3392 3379 3589 3434 Ταῦτα
3627 3401 3741 3437 τεε-

2151 3471 2514 3541 παιδευμένοι,
2547 3472 2641 3524 καὶ
2661 3473 2718 3524 ὲν
2744 3471 2910 3541 οἰκίᾳ,
2943 3470 3037 3524 καὶ
3063 3473 3119 3524 ὲν
3145 3473 3339 3540 ἀγορᾷ,
3368 3471 3458 3524 καὶ
3483 3472 3740 3525 unos-.0-

2148 3565 2314 3628 λικῶς
2351 3568 2554 3628 εἰπεῖν,
2608 3584 2625 3616 ι
2665 3565 2902 3636 δημοσίᾳ.
2947 3565 3042 3619 καὶ
3073 3569 3194 3618 κατ’
3219 3565 3400 3629 οἴκους
3439 3585 3456 3616 ι
3489 3565 3740 3636 διαμαρ-
3807 3575 3810 3578 ’

2148 3660 2435 3728 τυρόμενοι
2477 3658 2743 3712 διετέλουν
2768 3699 2782 3722 ,
2840 3653 2951 3712 οἷόν
2981 3675 3126 3721 τινες
3157 3659 3364 3728 ἄριστοι
3406 3663 3737 3728 στρατηγοὶ,

2149 3749 2274 3809 τοὺς
2290 3750 2388 3818 μὲν
2418 3749 2650 3813 οἰκείους
2665 3749 2995 3814 ὁπλίζοντες,
3014 3750 3140 3813 τοὺς
3168 3749 3226 3802 δὲ
3256 3750 3538 3811 ἐναντίους
3562 3767 3737 3802 κατα-

2151 3842 2488 3906 κεντοῦντες.
2523 3842 2628 3895 Τδν
2674 3841 2772 3912 μὲν
2803 3837 2894 3896 οὖν
2926 3842 3101 3913 μέγαν
3141 3841 3462 3904 Φλαειανὸν,
3501 3843 3608 3896 καὶ
3647 3843 3742 3896 τὸν

2152 3932 2291 3988 θεῖον
2325 3934 2588 4005 Διόδωρον
2615 3935 2636 3965 ⁵
2670 3934 3159 4004 ύποποιμαίνοντας
3186 3935 3472 4005 τηνικάδε,
3506 3936 3608 3988 καὶ
3639 3937 3742 4006 τῆς

2150 4027 2406 4096 δευτέρας
2438 4028 2772 4098 ἠξιωμένους
2799 4028 3088 4098 καθέδρας,
3118 4029 3290 4083 ταῦτα
3312 4029 3444 4100 δρᾷν
3479 4031 3520 4084 ὂ.
3551 4035 3741 4102 xposi-

2156 4138 2321 4192 ρηκα,
2345 4121 2655 4191 θαυμαστὸν
2683 4121 2782 4190 μὲν
2800 4122 2894 4174 καὶ
2911 4121 3185 4192 εὐφημίας
3210 4122 3378 4189 ἀξιον.
3414 4124 3567 4177 Ἀλλ’
3587 4126 3742 4195 63m;

2151 4214 2326 4268 ταῦτα
2359 4213 2629 4284 ἔπραττον
2663 4213 2960 4284 στρατηγοὶ
2994 4213 3455 4284 προϐεϐλημένοι,
3493 4218 3594 4269 καὶ
3633 4221 3744 4280 τοῖς

2157 4306 2540 4376 στρατηγικοῖς
2571 4303 2918 4374 ύποκείμενοι
2967 4303 3183 4373 νόμοις·
3223 4307 3267 4358 ηό
3314 4303 3370 4358 δὲ
3413 4306 3742 4374 σοφώτατος

2161 4398 2474 4466 Ἀφραάτης
2512 4394 2792 4465 ἐθελοντὴς
2832 4394 2923 4447 ἐπὶ
2951 4396 3173 4458 τούτους
3219 4395 3578 4466 κατεπήδησε
3619 4403 3742 4460 τοὶς

2151 4490 2386 4560 ἀγῶνας.
2428 4487 2656 4558 Ἡσυχία
2677 4487 2786 4556 γὰρ
2814 4485 3305 4556 συντεθραμμένος,
3328 4487 3422 4539 καί⁵
3451 4487 3588 4539 καθ’
3620 4491 3746 4542 ἑαυ-

2150 4584 2240 4637 τὸν
2267 4579 2797 4654 ζῇνιπροῃρημένος.
2827 4580 2921 4631 καὶ
2959 4578 3066 4644 ἔξω
3096 4577 3284 4646 βελῶν,
3306 4577 3366 4631 τὸ
3397 4579 3466 4648 δὴ
3501 4579 3746 4647 λεγέμε.

2151 4695 2261 4741 νον,
2294 4675 2624 4746 καθήμενος,
2646 4671 2740 4726 τοῦ
2762 4672 2890 4727 πολέ
2901 4689 3000 4742 μου
3026 4671 3086 4724 τὸ
3110 4673 3336 4740 σφοδρὸν
3363 4671 3748 4741 θεασάμενος,

2143 4770 2244 4840 τὴν
2277 4769 2480 4823 οίκείαν
2516 4766 2818 4836 ἀσφάλειαν
2855 4765 2956 4818 ούκ
2990 4763 3296 4834 ἠγάπησεν,
3326 4763 3446 4817 ἀλλ’
3493 4767 3580 4827 είς
3628 4784 3752 4819 xu:-

2148 4863 2237 4934 ρὸν
2277 4860 2550 4933 ἐρρῶσθαι
2583 4862 2650 4929 τῇ
2675 4857 2877 4929 ἡσυχίᾳ
2899 4856 3134 4927 φράσας,
3164 4854 3455 4926 πρόμαχος
3493 4857 3604 4924 τῆς
3643 4859 3758 4909 τῶν

2144 4955 2385 5011 εὐσεϐῶν
2406 4955 2622 5022 ἐγένετο
2653 4952 2954 5020 φάλαγγος,
2986 4949 3194 5022 βάλλων
3221 4950 3318 5019 μὲν
3345 4949 3446 5000 καὶ
3480 4949 3618 5019 βίῳ,
3661 4955 3756 5005 χιὶ

2142 5051 2305 5121 λόγῳ,
2341 5050 2433 5102 καὶ
2463 5046 2724 5116 θαύμασι,
2757 5043 3084 5114 βαλλόμενος
3113 5041 3169 5094 δὲ
3186 5040 3472 5094 οὐδέποτε.
3517 5045 3648 5096 Καὶ
3669 5045 3760 5112 δή-

2142 5284 2166 5310 υ
2206 5273 2349 5328 Psal.
2385 5287 2484 5336 cu,
2547 5269 2621 5324 22
2730 5280 2754 5307 '
2795 5271 2810 5324 l
2847 5269 2990 5323 Tim.
3028 5285 3087 5332 ιι,
3123 5271 3176 5324 8.
3257 5277 3279 5303 ι
3311 5267 3482 5322 Joan.
3521 5288 3614 5334 tv,
3689 5271 3742 5322 ἰ.

1749 5489 1982 5545 VARUS
2019 5491 2421 5546 LECTIONES.

543 5624 562 5651 ’
598 5623 865 5706 Qf’»?»f9;
890 5623 1114 5706 rl‘lcrveli
1147 5627 1304 5706 liber,
1328 5631 1486 5706 male.
1513 5629 1636 5687 \‘id.
1667 5629 1996 5687 Theodoreti
2031 5631 2093 5685 Η.
2125 5631 2184 5685 Ε.
2227 5649 2299 5697 tv,
2326 5632 2416 5698 ἓξ,
2449 5634 2536 5688 ubi
2569 5643 2621 5690 et
2645 5651 2692 5686 (ξ.
2729 5634 2798 5688 2.3
2832 5636 3029 5706 repetit
3074 5637 3448 5692 narrationem
3513 5642 3604 5697 de
3643 5645 3758 5700 eui-

475 5686 658 5755 loquio
693 5689 983 5756 Aphraatis
1018 5709 1139 5744 rum
1178 5692 1399 5751 Valente
1429 5699 1568 5768 Aug.

3193 5873 3220 5893 κ
