3974 6212
285 272 410 337 1373

1472 279 1881 363 RELIGIOSA
1914 282 2296 346 HISTORIA.

3394 289 3548 354 1370-

279 403 398 439 ποτε
423 384 759 455 θεασάμενος
789 384 952 437 αὐτὸν
983 384 1205 440 όπάντα
1232 388 1457 458 ἀνόητος
1487 389 1738 458 βασιλεὺς
1761 391 1840 453 εἰς

1965 409 2047 447 >ro
2081 396 2214 450 orbe
2245 403 2522 449 terrarum
2551 403 2606 450 et
2659 410 2757 464 pro
2804 394 3036 465 imperio
3063 410 3254 465 preces
3283 395 3472 451 oﬂerat
3509 415 3526 452 :

281 477 336 531 τὸ
353 477 642 547 πολεμικόν
668 477 878 542 δξιόντα
903 478 1202 546 γυμνάσιον
1241 480 1394 547 (ἐκεῖ
1431 480 1541 550 γάρ
1566 481 1686 535 τότε
1717 498 1843 534 συν-

287 570 382 640 έϐη
431 570 559 631 τοὺς
612 567 714 637 τῆς
760 567 989 638 Τριάδος
1036 568 1484 640 συναθροίζεσθαι
1511 571 1840 642 θιασώτας),

281 659 519 725 ὑπέδειξε
547 660 603 714 δέ
643 677 728 724 τις
756 659 918 712 αὐτὸν
956 660 1106 730 παρά
1141 659 1238 731 τὴν
1273 661 1439 734 ὄχθην
1474 663 1569 716 τοῦ
1599 663 1844 733 ποταμοῦ

282 751 564 824 βαδίζοντα
594 751 657 804 ὲκ
685 749 794 802 τῶν
825 749 1114 819 βασιλείων
1138 749 1218 820 τῷ
1244 749 1454 820 βασιλεῖ
1475 753 1843 806 διακόπτοντιο

280 844 437 914 ἤρετο
466 844 558 894 ποῖ
579 841 674 910 τὴν
711 838 890 912 ὁρμὴν
918 841 1211 907 ἐπείγοιτο.
1237 842 1342 895 Τοῦ
1362 842 1418 895 δὲ
1447 844 1751 913 εἰρηκότος,
1773 841 1849 906 ὡς

279 931 374 996 τὰς
405 932 546 1002 ὑπὲρ
587 932 688 1000 τῆς
719 929 1045 1000 οἰκουμένης
1094 929 1191 983 καὶ
1217 931 1316 1001 τῆς
1360 931 1636 1002 βασιλείας
1662 931 1848 985 ἄπεισι

283 1025 587 1096 προσευχὰς
625 1022 1008 1094 ποιησόμενος,
1059 1022 1224 1078 πάλιν
1265 1026 1297 1078 0
1327 1023 1575 1093 βασιλεὺς
1621 1024 1853 1095 ἀπεκρί-

281 1133 441 1171 νατο·
482 1135 501 1168 ι
541 1115 656 1170 Καὶ
672 1116 724 1169 τί
757 1115 977 1186 δήποτε,
1004 1115 1097 1168 τδν
1137 1115 1348 1186 μονήρη
1381 1115 1491 1184 βίον
1521 1115 1856 1184 ἐπαγγελλό-

285 1224 466 1276 μενος,
484 1206 655 1270 ἀδεῶς
678 1206 822 1260 κατά
855 1207 956 1276 τὴν
983 1205 1188 1276 ἀγοράν
1233 1205 1468 1275 βαδίζεις
1498 1207 1598 1277 τὴν
1622 1207 1854 1277 ἡσυχίαν

279 1297 626 1363 καταλιταὶινς
662 1315 680 1347 ι
726 1296 786 1351 ’0
811 1296 869 1350 δὲ
918 1297 1038 1364 (καὶ
1061 1295 1172 1368 γὰρ
1205 1296 1388 1350 εἰώθει
1434 1297 1527 1350 τδν
1575 1298 1856 1370 Δεσπότην

283 1387 617 1460 μιμούμενος
648 1385 1032 1457 παραϐολικῶς
1051 1385 1509 1456 συλλογίζεσθαι),
1535 1405 1555 1437 ι
1584 1386 1719 1439 Εἰπέ
1739 1404 1852 1456 μοι,

278 1478 408 1550 ιφη,
435 1476 482 1531 ὦ
515 1477 756 1548 βασιλεῦ,
803 1477 850 1530 εἰ
907 1475 1176 1545 παρθένος
1215 1476 1509 1547 ἐτύγχανον
1540 1477 1598 1529 ὲν
1628 1476 1857 1548 θαλάμῳ

277 1569 387 1621 τινὶ
403 1586 406 1588 ⁷
423 1569 772 1639 κρυπτομένη
796 1607 812 1630 ,
837 1567 1147 1637 ἐθεασάμην
1170 1566 1228 1620 δέ
1248 1584 1369 1621 τινα
1390 1566 1502 1638 πῦρ
1521 1567 1858 1638 ἐμϐάλλοντα

279 1662 348 1730 τῇ
381 1659 471 1714 τοῦ
502 1659 707 1730 πατρὸς
737 1657 904 1729 οἰκία,
926 1659 979 1711 τί
1000 1659 1065 1712 ἀν
1091 1676 1180 1729 μοι
1208 1658 1632 1722 συνεϐούλευσας
1662 1659 1858 1730 δράσαι

1945 492 2275 552 percontans
2360 485 2556 540 iterum
2623 485 2920 556 imperator
2981 505 2994 540 :
3065 489 3191 541 tEt
3260 503 3523 558 quursnm

1947 573 2190 639 tandem,
2240 575 2336 640 ait,
2391 577 2486 644 qui
2538 577 2702 630 vitam
2753 577 3056 631 solitariam
3113 577 3403 647 professus
3439 598 3523 646 es,

1945 665 2130 734 quiete
2176 666 2392 726 relicta,
2437 666 2616 721 l'orum
2673 683 2903 722 securus
2936 668 3304 725 obambulas?
3335 691 3350 720 ι
3391 669 3528 725 Τυιιι

1948 757 2062 820 ille,
2093 758 2187 826 qui
2223 756 2442 812 Domini
2472 760 2730 828 exemplo
2764 759 3080 828 parabolice
3114 761 3264 831 loqui
3293 778 3532 818 consue-

1947 856 2134 900 verat:
2168 865 2186 898 ι
2214 846 2326 910 Dic,
2355 847 2556 918 inquit.
2581 849 2734 912 mihi,
2757 850 3080 920 imperator,
3105 851 3155 905 si
3179 853 3330 923 virgo
3351 869 3529 908 essent

1950 935 2003 989 in
2033 935 2276 990 thalamo
2300 937 2562 1007 quopiam
2584 937 2794 1004 abdita,
2829 948 2884 994 et
2917 939 2970 994 in
3000 950 3283 1010 paternam
3308 944 3531 1000 domum

1953 1021 2102 1090 injici
2140 1025 2210 1078 ab
2246 1023 2433 1094 aliquo
2490 1024 2741 1081 ﬂammas
2785 1025 3051 1090 viderem,
3106 1027 3238 1096 quid
3274 1030 3406 1083 mihi
3443 1047 3529 1085 ar-

1951 1113 2167 1166 dentem
2229 1111 2502 1169 ﬂammam
2561 1115 2896 1187 domumque
2953 1117 3234 1173 incensam
3289 1125 3532 1176 cernenti

1955 1206 2263 1260 faciendum
2315 1207 2631 1264 suaderes?
2679 1209 2902 1264 lutusne
2935 1210 3210 1278 desidere,
3256 1228 3320 1266 ac
3374 1213 3538 1268 deﬂa-

1954 1308 2202 1368 grantem
2234 1298 2460 1354 domum
2521 1303 2796 1374 negligere
2825 1304 3022 1374 iatqui
3055 1304 3139 1359 sic
3176 1321 3277 1374 ego
3304 1323 3531 1375 quoque

1959 1388 2213 1444 incendio
2237 1391 2494 1460 perirem.
2521 1391 2617 1447 Sin
2647 1399 2828 1448 autem
2856 1408 3077 1449 currere
3102 1394 3243 1450 dicis
3262 1405 3546 1465 oportere,

1959 1485 2019 1531 et
2054 1493 2252 1546 aquam
2289 1480 2506 1543 aﬂerre,
2548 1495 2613 1535 ac
2651 1497 2872 1537 sursum
2924 1484 3179 1538 deorsum
3233 1488 3536 1555 perrolare.

1959 1579 2012 1624 et
2042 1567 2316 1624 ﬂammam
2347 1573 2720 1644 exstinguere,
2743 1575 2882 1640 noli,
2919 1576 3236 1645 imperator,
3269 1578 3423 1643 mihi,
3445 1581 3538 1648 qui

1960 1661 2067 1716 hoc
2102 1663 2278 1732 ipsum
2315 1664 2539 1730 faciam,
2572 1681 2922 1721 succensere.
2961 1666 3116 1733 Quod
3155 1669 3302 1723 enim
3335 1669 3538 1740 virgini

281 1751 658 1821 ιξαπτομένην
715 1748 966 1822 θεωμένῃ
1019 1749 1120 1821 τὴν
1165 1749 1360 1819 φλόγα,
1397 1751 1492 1804 καὶ
1533 1750 1634 1820 τὴν
1679 1751 1854 1804 οίκίαν

1965 1753 2198 1807 thalamo
2228 1755 2456 1811 inclusae
2491 1758 2836 1821 consuleres,
2885 1758 2988 1813 hoc
3034 1775 3135 1828 ego
3179 1763 3538 1815 monasticam

282 1843 714 1914 ἒμπιπραμένην
755 1841 969 1916 ὁρώσης
1001 1841 1146 1895 ἔνδον
1184 1841 1488 1912 καθῆσθαι,
1520 1841 1614 1896 καὶ
1643 1859 1862 1912 πυρπο-

281 1935 552 2004 λουμένην
571 1932 672 2004 τὴν
702 1932 882 1986 οἰκίαν
902 1935 1178 2003 παρορᾷν;
1224 1932 1366 1985 Ἀλλ’
1397 1931 1570 1994 οὕτως
1598 1931 1664 1985 ἂν
1687 1931 1864 1999 ἐγενόο

286 2039 398 2095 μην
421 2021 580 2092 κάγὼ
599 2023 699 2092 τῆς
721 2021 994 2092 πυρκαϊᾶς
1020 2021 1426 2092 παρανάλωμα.
1469 2022 1534 2077 Εἰ
1558 2020 1614 2073 δὲ
1642 2019 1822 2087 λέγεις
1841 2061 1858 2085 ,

281 2116 367 2169 ὅτι
393 2113 620 2184 δραμεῖν
649 2112 778 2176 ἔδει,
807 2111 903 2166 καὶ
933 2111 1077 2182 ὕδωρ
1104 2111 1314 2181 φέρειν,
1356 2111 1458 2165 καὶ
1479 2110 1716 2165 διαθέειν
1743 2111 1859 2166 ἄνω

281 2205 380 2259 καὶ
404 2206 577 2267 κάτω,
605 2205 700 2258 καὶ
731 2203 832 2275 τὴν
856 2203 1028 2272 φλόγα
1059 2202 1367 2265 σϐεννύναι,
1397 2203 1474 2274 μὴ
1499 2203 1716 2274 μέμφου
1743 2219 1858 2273 μοι,

279 2291 328 2352 ὦ
359 2297 599 2369 βασιλεῦ,
633 2296 792 2350 τοῦτο
809 2296 940 2349 αὐτὸ
971 2295 1236 2350 ποιοῦντι.
1274 2297 1340 2349 Ὃ
1368 2294 1480 2366 γὰρ
1506 2294 1572 2348 ἂν
1599 2293 1858 2348 συνεϐού-

278 2390 478 2452 λευσας
501 2387 918 2460 θαλαμιυομένῃ
947 2385 1201 2459 παρθένῳ
1222 2428 1237 2452 ,
1267 2385 1427 2440 τοῦτο
1453 2385 1587 2457 δρᾷν
1615 2385 1861 2452 ἀναγκά-

279 2482 450 2554 ζομαι
481 2482 576 2535 τὸν
612 2480 825 2550 μονήρη
865 2479 979 2550 βίον
1011 2479 1443 2550 ὶπηγγελμένος.
1476 2478 1540 2532 Ei
1578 2478 1635 2532 δὲ
1668 2477 1864 2550 μέμφῃ

280 2589 376 2643 μοι
431 2573 532 2641 τὴν
580 2570 814 2642 ἡσυχίαν
867 2571 1264 2637 καταλιπόντι,
1312 2571 1628 2642 ἑπιμέμφου
1679 2567 1862 2638 σαυτῷ

283 2661 484 2733 σαύτην
521 2661 602 2725 εἰς
631 2661 724 2714 τὸν
752 2661 898 2714 θεῖον
923 2655 1071 2715 οἶκον
1097 2661 1388 2732 ἐμϐαλόντι
1411 2661 1514 2732 τὴν
1539 2660 1736 2729 φλόγα,
1768 2659 1863 2712 καὶ

270 2755 363 2824 μὴ
390 2754 515 2824 ἐμοὶ
546 2751 828 2806 σϐεννύναι
866 2751 1195 2823 βιαζομένῳ.
1233 2752 1358 2806 Ὀτι
1390 2751 1488 2823 μὲν
1508 2750 1617 2821 γὰρ
1656 2749 1858 2820 δήπου-

263 2841 375 2897 θεν
401 2841 697 2912 ὶπαμύνειν
717 2843 984 2912 ⁴προσήκει
1006 2842 1141 2912 οίκῳ
1163 2840 1402 2914 πατρῴῳ
1424 2839 1856 2912 ἐμπιπραμένῳ,

1952 1843 2120 1896 vitam
2161 1843 2368 1900 ducens
2399 1845 2581 1899 facere
2611 1861 2800 1915 cogor.
2826 1846 2982 1912 Quod
3006 1849 3052 1902 si
3086 1849 3218 1903 vitio
3247 1851 3346 1905 das
3374 1851 3532 1918 mihi,

1951 1929 2098 1998 quod
2116 1929 2352 2000 quietem
2379 1932 2720 2000 reliquerim,
2745 1933 2946 1988 damna
2965 1935 3230 2007 teipsum,
3247 1939 3340 2007 qui
3369 1939 3422 1992 in
3446 1937 3540 1992 Del

1953 2020 2180 2075 domum
2204 2020 2476 2076 ﬂammam
2513 2025 2672 2079 istam
2715 2025 2978 2096 injeeisti,
3019 2043 3128 2082 non
3161 2045 3246 2083 me
3281 2031 3376 2099 qui
3419 2044 3538 2084 eam

1955 2125 2124 2182 cogor
2152 2113 2516 2184 restinguere.
2550 2113 2683 2169 Nam
2704 2125 2943 2187 paternae
2975 2117 3164 2173 domui
3183 2119 3543 2191 conﬂagranti

1957 2204 2396 2259 succurrendum
2411 2221 2534 2260 esse
2554 2213 2668 2262 tute
2685 2207 2978 2264 confessus
2989 2223 3050 2264 es
3070 2227 3084 2264 :
3111 2210 3346 2265 terrenis
3364 2219 3545 2263 autem

1959 2293 2288 2362 parentibus
2319 2294 2587 2349 veriorem
2611 2293 2830 2350 Patrem
2851 2295 3023 2352 Deum
3049 2313 3197 2364 esse,
3231 2299 3315 2353 vel
3334 2297 3518 2352 divina
3535 2326 3548 2336 -

1957 2398 2080 2439 rum
2106 2369 2287 2438 reruni
2303 2383 2574 2454 imperitis
2598 2385 2952 2456 perspicuum
2979 2394 3086 2443 est.
3114 2386 3390 2453 Quocirca
3411 2387 3549 2440 nihil

1960 2473 2262 2529 absurdum
2313 2489 2414 2530 nec
2445 2490 2472 2528 a
2501 2475 2688 2546 priore
2723 2476 2978 2531 instituto
3021 2477 3260 2532 alienum
3292 2476 3548 2539 facimus.

1957 2566 2276 2638 imperator,
2290 2567 2420 2622 dum
2440 2568 2659 2638 pietatis
2676 2568 2934 2624 alumnos
2949 2569 3004 2624 in
3019 2587 3194 2626 unum
3211 2571 3481 2640 cogimus,
3495 2577 3552 2624 et

1959 2655 2262 2726 pascimus,
2299 2657 2690 2728 ctelestemque
2714 2657 2825 2714 illis
2854 2657 3083 2714 herbam
3131 2659 3489 2730 porrigimus.
3524 2678 3544 2709 ι

1967 2745 2062 2802 llis
2082 2746 2451 2813 dictis,tacite
2473 2763 2737 2805 assensus
2759 2750 2874 2804 est‘
2898 2749 3218 2822 imperator,
3239 2749 3542 2819 responsio-

1965 2840 2056 2896 nis
2076 2841 2334 2912 aaquitate
2357 2841 2670 2900 convictus.

265 2934 378 2991 καὶ
406 2933 568 2998 αὐτὸς
595 2934 976 3004 ὡμολόγησαν
1013 2935 1094 2987 δτι
1123 2934 1180 2986 δὲ
1213 2934 1323 2988 τῶν
1343 2934 1436 2987 ἐπὶ
1464 2935 1566 3003 γῆς
1601 2933 1854 3003 πατέρων
1893 2933 2260 3005 γνησιώτερος
2293 2935 2321 2987 0
2347 2933 2502 3000 Θεὸς,
2536 2933 2700 2987 παντί
2726 2950 2828 2987 που
2855 2933 3034 3005 δῆλον,
3067 2935 3158 2987 καὶ
3222 2932 3302 3005 τῷ
3359 2947 3548 2986 παντε-

265 3024 392 3088 λῶς
425 3025 658 3096 ἀμυήτῳ
683 3025 792 3078 τῶν
820 3024 1003 3079 θείων.
1052 3023 1218 3077 Οὐδὲν
1252 3024 1433 3078 τοίνυν
1476 3023 1588 3077 ἀπὸ
1628 3021 1859 3084 σκοποῦ,
1929 3021 2050 3076 οὐδὲ
2077 3023 2176 3095 τῆς
2239 3021 2478 3096 ὲξαρχῆς
2525 3023 2896 3096 προαιρέσεως
2936 3023 3178 3078 ἐναντίον
3217 3022 3548 3094 πράττομεν,

269 3111 333 3172 ὦ
358 3115 598 3187 βασιλεῦ,
629 3117 754 3179 τοὺς
789 3115 887 3186 τῆς
933 3114 1211 3178 εὐσεϐείας
1251 3114 1547 3186 τροφίμους
1575 3109 2012 3184 συναθροίζοντές
2033 3130 2090 3166 τε
2118 3113 2214 3168 καὶ
2241 3115 2516 3185 νέμοντες,
2584 3114 2677 3168 καὶ
2742 3115 2841 3184 τὴν
2917 3112 3069 3168 θείαν
3116 3114 3300 3178 αὐτοῖς
3377 3130 3551 3184 προσ-

273 3209 543 3282 φέροντες
575 3209 735 3262 πόαν.
765 3227 784 3260 ι
816 3205 1032 3261 Τούτων
1061 3206 1386 3278 εἰρημένων,
1420 3209 1449 3260 0
1484 3207 1580 3278 μὲν
1606 3205 1856 3272 βασιλεὺς
1891 3203 2258 3276 ἐπεψηφίζετο
2288 3206 2364 3278 τῷ
2386 3210 2484 3278 τῆς
2503 3207 2795 3274 ἀπολογίας
2822 3205 3014 3278 δικαίῳ
3042 3204 3432 3275 συλλογισθείς.

359 3294 454 3361 Εἷς
480 3298 540 3353 δέ
563 3315 648 3360 τις
671 3284 780 3351 τῶν
804 3295 937 3350 οῦτέ
955 3297 1036 3359 είς
1060 3295 1280 3368 ἄνδρας,
1320 3295 1444 3350 οὔτε
1485 3298 1565 3360 εἰς
1607 3297 1862 3364 γυναῖκας

2041 3295 2276 3361 Quidam
2303 3307 2483 3350 autem
2513 3311 2578 3350 ex
2617 3295 2688 3350 iis
2712 3297 2805 3366 qui
2832 3311 2932 3351 nec
2967 3296 3070 3350 viri
3101 3305 3419 3361 censentur,
3456 3311 3504 3348 ni
3525 3309 3556 3349 c

275 3387 607 3452 τελούντων,
633 3387 746 3441 ἀλλ’
776 3388 1146 3459 ἀφῃρημένων
1179 3388 1240 3442 τὸ
1268 3387 1347 3458 τῷ
1385 3387 1562 3458 χρόνῳ
1604 3385 1858 3456 γενέσθαι

279 3480 552 3549 πατέρας,
581 3479 672 3532 καὶ
702 3478 892 3532 τούτου
930 3479 1116 3534 εῖνεκα
1147 3478 1323 3533 εὔνοοι
1353 3474 1493 3532 εἶναι
1532 3477 1743 3549 βασιλεί
1775 3493 1858 3529 νο-

285 3571 598 3644 μιζόμενοι,
623 3570 717 3622 καὶ
745 3569 842 3639 τὴν
870 3571 1238 3640 προσηγορίαν
1265 3570 1514 3624 ἐντεῦθεν
1544 3567 1861 3641 καρπούμε-

280 3678 390 3724 νοι,
411 3655 565 3723 οὗτος
595 3659 798 3714 ἄνωθεν
827 3658 906 3730 τῷ
933 3659 1062 3729 θείῳ
1091 3659 1364 3732 ἀνθρώπῳ
1385 3660 1860 3731 λοιδορησάμενος,

287 3751 384 3808 at
413 3750 1156 3822 θάνατονπροσηπείλησεν·
1210 3750 1326 3804 ἀλλ’
1375 3751 1475 3805 οὐκ
1523 3751 1604 3814 είς
1643 3749 1862 3822 μακρὰν

286 3843 432 3898 ἔτισε
452 3845 550 3916 τῆς
582 3843 920 3916 θρασύτητος
949 3843 1130 3914 δίκην.
1164 3842 1271 3897 Τοῦ
1298 3845 1407 3916 γὰρ
1453 3842 1714 3914 βασιλέως
1763 3841 1862 3912 βα-

287 3936 486 4006 λανείῳ
535 3935 598 3988 τὸ
647 3935 807 4005 σῶμα
859 3934 1196 4008 θεραπεῦσαι
1227 3934 1574 4006 θελήσαντος,
1626 3931 1865 4005 προῆλθε

293 4027 391 4095 μὲν
421 4029 450 4079 0
476 4027 725 4090 δείλαιος,
755 4029 827 4090 ὡς
856 4026 954 4096 τὴν
981 4025 1182 4078 πύελον
1211 4024 1500 4094 ὀψόμενος,
1538 4025 1585 4076 εἰ
1613 4018 1672 4077 εὖ
1704 4038 1865 4074 κεκε-

291 4119 540 4186 ρασμένη
569 4119 652 4187 εἴη
674 4134 686 4148 ⁸
722 4117 999 4187 πηρωθεὶς
1028 4117 1085 4169 δὲ
1108 4117 1206 4178 τὰς
1245 4117 1469 4185 φρένας,
1503 4117 1569 4184 τῇ
1606 4114 1666 4167 τὸ
1693 4114 1866 4184 ἄκραι

287 4223 382 4260 ⁴τον
410 4206 672 4276 δεχομένη
705 4205 906 4275 θερμὸν
954 4205 1099 4274 ὓδωρ
1154 4205 1500 4275 ὲπεπήδησεν
1542 4204 1866 4276 ἀσαμίνθῳ,

291 4299 387 4353 καὶ
413 4295 624 4360 οὐδενὸς
653 4297 802 4349 ἔνδον
848 4295 1113 4366 παρόντος
1167 4294 1352 4366 (μόνος
1393 4295 1503 4367 γὰρ
1532 4295 1792 4366 ὀψόμενος
1822 4297 1870 4348 εἰ

289 4389 555 4460 εὐτρεπὲς
577 4389 660 4455 εῐη
689 4386 1042 4458 εἰσελήλυθε),
1063 4387 1328 4456 διέμεινεν
1354 4388 1618 4458 ἑψόμενος
1640 4389 1733 4441 καὶ
1756 4387 1873 4441 δια-

299 4481 574 4551 λυόμενος.
601 4481 811 4548 Χρόνου
850 4478 908 4531 δὲ
941 4477 1143 4548 μεταξὺ
1194 4478 1541 4550 τριϐομένου,
1574 4479 1872 4549 εἰσπέμπει

294 4571 452 4627 ἄλλον
478 4575 506 4625 0
531 4571 784 4642 βασιλεὺς
809 4573 1015 4624 ἐκεῖνον
1045 4570 1368 4636 καλέσοντα,
1407 4571 1600 4625 οὐδένα
1631 4572 1687 4626 δὲ
1717 4566 1874 4636 οὗτος

1963 3389 2203 3453 ίοιιιίιιω,
2251 3389 2564 3460 quibusque
2588 3389 2902 3459 ademptum
2933 3397 3104 3445 estne
3126 3389 3339 3458 1182
3365 3397 3550 3458 patres

1964 3481 2078 3536 lieri
2110 3497 2346 3551 unquam
2369 3481 2600 3550 possint,
2616 3495 2792 3551 eoque
2815 3481 3061 3536 benevoli
3080 3480 3394 3550 imperatori
3419 3494 3544 3532 esse

1961 3573 2281 3638 creduntur,
2304 3573 2534 3645 indeque
2547 3588 2744 3628 nomen
2763 3571 3064 3642 accipiunt,
3084 3586 3206 3648 cum
3229 3570 3405 3622 virutu
3426 3584 3558 3624 san-

1962 3676 2109 3722 ctmn
2130 3666 2390 3722 conviciis
2409 3664 2612 3720 dudum
2630 3672 2776 3720 esset
2793 3665 3115 3723 insectatus,
3139 3662 3300 3717 etiam
3327 3669 3556 3714 mortem

1963 3759 2326 3817 comminatus
2353 3765 2454 3814 est.
2479 3755 2586 3811 Sed
2618 3756 2860 3812 audaciae
2891 3769 3079 3827 ptenas
3106 3769 3214 3809 non
3246 3753 3415 3806 multo
3435 3759 3557 3821 post

1965 3850 2131 3906 dedit.
2161 3847 2292 3903 Nam
2344 3863 2466 3903 cum
2506 3847 2559 3902 in
2579 3847 2773 3902 balneo
2795 3862 2993 3917 corpus
3010 3845 3191 3899 lavare
3213 3842 3371 3897 vellet
3391 3842 3562 3912 impe-

1965 3947 2118 3996 rator
2148 3939 2452 4008 ,przecessit
2474 3937 2682 4001 infelix,
2703 3938 2900 3993 solium
2919 3938 3290 4008 inspecturus,
3317 3950 3384 3986 an
3415 3926 3562 3986 recte

1965 4037 2111 4084 esset
2134 4037 2514 4098 temperatum,
2533 4037 2823 4098 emotaque
2851 4035 3028 4080 mente
3047 4026 3248 4080 desiliit
3271 4025 3324 4077 in
3349 4024 3558 4078 labrum

1973 4121 2120 4189 quod
2151 4117 2452 4173 ferventem
2479 4132 2678 4187 aquam
2713 4117 3032 4170 continebat
3069 4134 3082 4168 :
3119 4123 3174 4167 et
3205 4130 3328 4166 cum
3369 4115 3556 4169 nullus

1971 4212 2216 4276 adesset,
2253 4210 2382 4280 quia
2410 4209 2560 4262 solus
2615 4207 2682 4261 ad
2721 4207 3121 4276 explorandum
3154 4205 3412 4268 intrarat,
3445 4220 3542 4258 co—

1971 4316 2092 4360 ctus
2147 4303 2410 4359 remansit
2440 4309 2493 4354 et
2533 4298 2860 4353 labefactus.
2913 4296 3209 4366 Aliquanto
3251 4304 3376 4364 post
3422 4296 3561 4350 alte-

1975 4415 2097 4454 rum
2135 4396 2282 4450 misit
2315 4394 2638 4462 imperator,
2668 4390 2772 4459 qui
2805 4404 2927 4443 eum
2962 4395 3183 4442 vocaret
3219 4405 3231 4440 :
3278 4387 3372 4457 qui
3425 4403 3548 4441 cum

1975 4505 2072 4560 per
2103 4487 2271 4544 cellas
2301 4499 2494 4541 omnes
2534 4481 2806 4536 neminem
2841 4479 3164 4550 reperisset,
3202 4478 3438 4549 principi
3471 4494 3558 4530 re-

1976 4579 2269 4636 nuntiavit.
2323 4579 2634 4630 Aceurrunt
2684 4571 2883 4626 exinde
2938 4571 3273 4639 complures,
3321 4579 3374 4625 et
3416 4571 3554 4625 solia

296 4665 355 4716 tv
382 4663 560 4717 οὐδενὶ
589 4661 698 4715 τῶν
730 4664 894 4715 οεκων
924 4661 1120 4733 εὑρὼν,
1157 4663 1496 4732 ἀπαγγέλλει
1527 4663 1604 4735 τῷ
1639 4663 1862 4734 βασιλεῖ.

1973 4672 2155 4727 omnia
2209 4669 2566 4740 perlustrant,
2601 4662 2934 4734 tandemque
2977 4662 3042 4718 ad
3081 4663 3211 4717 illud
3256 4663 3558 4727 venientes,

306 4753 404 4807 Ἐκ
447 4753 636 4807 τούτου
693 4752 909 4815 πλείους
954 4753 1191 4806 είσέθεον
1247 4754 1344 4817 τὰς
1389 4755 1618 4818 πυέλους
1654 4756 1871 4818 ἁπάσας

292 4844 727 4915 διερευνώμενοι,
761 4845 854 4898 καὶ
887 4844 947 4896 τὸ
974 4844 1282 4898 τελευταῖον
1312 4847 1390 4908 εἰς
1425 4846 1639 4916 ἐκείνην
1677 4849 1873 4914 ἀφικό-

299 4952 471 5002 μενοι,
503 4937 700 5007 ὁρῶσιν
726 4936 886 4989 αὑτὸν
919 4936 1268 5008 ἐρριμμένον,
1301 4937 1394 4990 καὶ
1424 4941 1523 5009 τῆς
1550 4938 1694 5010 ζωῆς
1726 4942 1876 4992 ἐστε·

300 5030 553 5101 ρημένον.
589 5029 828 5100 Θορύϐου
862 5029 919 5082 δὲ
953 5029 1266 5099 γενομένου,
1299 5028 1393 5080 καὶ
1440 5029 1656 5082 πάντων
1689 5029 1874 5100 όδνροο

301 5121 498 5190 μένων,
523 5121 572 5172 οἱ
606 5121 700 5189 μὲν
731 5121 788 5172 τὶ)
819 5119 1019 5189 θερμὸν
1049 5122 1223 5173 έκεῖνο
1254 5119 1584 5190 ἐξήντλησαν
1619 5119 1782 5191 ὕδωρ.
1822 5121 1871 5172 οἶ

294 5212 444 5265 δὲτὸ
473 5209 778 5282 τρισάθλιον
825 5212 1155 5282 ἀνεκόμισαν
1188 5211 1364 5278 σῶμα.
1429 5210 1709 5264 Ἐντεῦθεν
1757 5210 1874 5274 δέος

300 5303 585 5355 ἐπιπίπτει
610 5301 684 5368 τῷ
719 5301 948 5370 βασιλεῖ,
985 5305 1078 5356 καὶ
1105 5305 1236 5356 πᾶσι
1263 5306 1375 5366 τοῖς
1408 5301 1545 5356 κατὰ
1590 5302 1688 5373 τῆς
1727 5303 1879 5355 εὐσε-

299 5395 453 5457 ϐείας
477 5394 876 5464 ὁπλιζομὲνοις.
930 5396 1090 5465 Φήμη
1116 5396 1172 5448 δὲ
1223 5395 1308 5448 διὰ
1362 5395 1543 5464 πάσης
1574 5395 1758 5463 ὴχεῖτο
1781 5394 1876 5463 τῆς

301 5486 526 5549 πόλεως,
558 5487 673 5548 οἵας
697 5488 901 5548 ἐκεῖνος
923 5487 950 5537 ὁ
971 5486 1312 5556 ταλαίπωρος
1343 5490 1436 5556 τῆς
1466 5486 1604 5538 κατὰ
1636 5486 1877 5555 Ἀφραέι·

298 5593 392 5628 του
433 5577 713 5647 παροινίας
746 5576 884 5628 ἔτισε
917 5575 1091 5638 δίκας,
1126 5577 1221 5628 καὶ
1255 5578 1452 5639 πάντες
1487 5576 1574 5628 τὸν
1625 5575 1872 5646 Ἀφραά-

299 5685 392 5725 του
422 5670 686 5723 δεῖέἰεουν
721 5667 1012 5737 ὑμνοῦντες
1053 5666 1202 5721 Θεόν.
1254 5667 1423 5721 τοῦτο
1470 5666 1576 5721 τῶν
1619 5669 1876 5724 ἐναντίων

1980 4772 2313 4835 prOStratum
2341 4769 2392 4816 et
2409 4758 2712 4815 exanimem
2733 4757 3101 4826 conspiciunt.
3129 4755 3394 4809 Tumultu
3427 4771 3559 4808 con.

1981 4855 2172 4914 citato,
2204 4849 2464 4904 ﬂentibus
2491 4847 2794 4908 universis,
2831 4846 2921 4899 alii
2981 4846 3282 4901 ferventem
3313 4845 3458 4899 illam
3498 4862 3555 4896 a-

1983 4960 2142 5016 quam
2175 4942 2526 5003 exhauriunt,
2554 4939 2644 4993 alii
2667 4937 3038 4992 miserrimum
3065 4953 3264 5007 corpus
3294 4937 3560 4990 educunt.

1992 5036 2129 5090 llinc
2167 5046 2344 5089 terror
2399 5034 2786 5103 imperatorem
2848 5031 3082 5096 invadit,
3139 5040 3191 5083 et
3239 5045 3430 5083 outnvs
3465 5028 3558 5099 qui

1990 5130 2262 5183 adversus
2287 5127 2544 5194 pietatem
2579 5124 2784 5179 bellum
2824 5135 3020 5192 gerunt
3055 5141 3068 5176 :
3100 5137 3436 5191 sparsusque
3469 5135 3563 5190 per

1985 5219 2174 5274 urbem
2202 5225 2286 5271 est
2336 5229 2546 5278 rumor,
2583 5231 2746 5284 quam
2786 5228 2979 5281 graves
3011 5228 3198 5282 pomus
3223 5211 3383 5265 luerit
3420 5211 3561 5263 infe-

1988 5310 2061 5364 lix
2112 5309 2223 5372 ille,
2264 5306 2358 5376 qui
2399 5305 2728 5375 Aphraatem
2763 5305 3096 5374 petulantius
3136 5304 3463 5373 emgitarat.
3501 5314 3555 5357 ct

1983 5399 2151 5455 Deum
2182 5396 2473 5468 Apbraatis
2537 5395 2784 5450 certatim
2839 5410 3029 5447 clunes
3085 5392 3336 5448 laudibus
3371 5394 3560 5448 eﬂere-

1987 5492 2136 5544 bant.
2171 5491 2303 5556 Quae
2334 5504 2420 5542 res
2445 5487 2678 5548 obstitit,
2715 5503 2799 5549 ne,
2830 5486 2975 5555 quod
3009 5485 3309 5539 adversarii
3335 5495 3556 5538 Ctllllt'lt-

1985 5583 2210 5644 dobant,
2246 5581 2299 5632 in
2329 5579 2586 5632 exsilium
2622 5580 2963 5648 relegaretur
2995 5578 3077 5631 vir
3111 5576 3226 5632 Dei.
3251 5576 3561 5632 Exterritus

1989 5689 2223 5744 namque
2255 5673 2572 5744 imperator,
2609 5685 2703 5725 eos
2729 5669 2824 5744 qui
2854 5667 2906 5724 id
2939 5669 3231 5725 suaderent
3273 5669 3566 5725 aversam.
