3974 6212
439 299 578 364 i375

1431 302 1920 364 THEODORETI
1954 302 2292 365 EPISCOPI
2322 304 2687 365 CYRENSIS

3573 304 3710 371 i376

435 419 551 478 tur,
594 412 770 468 virum
801 421 982 468 autem
1013 412 1323 468 reverentia
1350 415 1808 484 prosequebatur.
1849 412 2008 483 Cujus

2125 415 2489 484 ἐπικειμένων
2512 416 2997 488 ἐξοστρακισθῆναι
3023 415 3116 470 τὸν
3134 416 3230 470 τοῦ
3251 417 3389 471 Θεοῦ
3421 416 3710 489 ἄνθρωπον

432 503 695 560 virtutem
727 504 895 559 etiam
933 504 1157 558 aliunde
1183 505 1465 574 cognovit.

2119 505 2466 559 διεκώλυσεν.
2501 506 2986 576 ’Ἒκδειματωθείς
3041 505 3205 578 γὰρϐ
3260 507 3540 578 βασιλεὺς,
3579 510 3706 570 τοὺς

441 595 543 664 μὲν
579 595 754 650 ταῦτα
784 595 1190 666 παραινοῦντας
1232 595 1645 667 ἀπεστρέφετο,
1688 597 1748 648 ἐν
1794 596 1934 650 αἰδοί
1961 595 2020 648 δέ
2055 595 2146 649 τὸν
2180 596 2349 668 ἄνδρα
2382 594 2545 667 εἶχεν.
2587 599 2801 668 Ἔμαθε
2866 599 2923 652 δὲ
2977 598 3076 669 τὴν
3124 598 3325 669 ἀρετὴν
3368 599 3532 652 αὑτοῦ
3611 599 3708 654 καὶ

436 691 727 764 ἑτέρωθεν.

509 785 698 854 Equus
728 791 848 838 erat
870 799 1074 854 genere
1104 785 1328 849 nobilis,
1355 795 1412 840 et
1446 785 1808 850 exercitatus,
1838 785 2016 854 impe-

435 876 606 931 ratori
644 876 806 944 longe
834 875 1215 932 charissimus.
1246 879 1295 932 ls
1326 878 1518 932 morbo
1564 887 1851 950 correptus
1880 893 2016 933 mm-

433 981 562 1021 rore
589 965 862 1020 alliciebat
923 965 1312 1033 imperatorem
1347 986 1360 1021 :
1401 969 1616 1039 1183
1666 971 1894 1025 morbus
1919 984 2017 1024 an-

433 1064 541 1112 tein
571 1068 689 1113 erat
723 1057 1013 1114 reddendae
1035 1059 1208 1114 urina:
1237 1059 1552 1115 diliicultas.
1588 1059 1729 1114 Huic
1756 1063 2019 1116 curanda:

434 1150 852 1206 advocabantur
912 1152 1006 1221 qui
1053 1159 1225 1206 artem
1288 1152 1434 1206 illam
1471 1152 1764 1220 callebant,
1796 1163 1849 1208 et
1892 1171 2018 1208 cum

435 1258 527 1298 ars
608 1243 852 1306 cederet,
917 1244 1224 1313 angebatur
1293 1244 1637 1314 imperator,
1690 1246 2020 1317 lugebatque

439 1347 712 1402 equorum
749 1342 994 1390 curator.
1047 1333 1150 1399 Qui
1209 1334 1334 1404 pius
1378 1349 1503 1388 cum
1549 1348 1717 1399 esset,
1751 1351 1814 1390 ac
1862 1337 2019 1391 ﬁrma

445 1423 550 1478 tide
578 1425 861 1494 praeditus,
921 1425 1097 1478 media
1129 1425 1249 1480 luce
1281 1441 1405 1479 cum
1439 1441 1582 1496 equo
1608 1426 1676 1480 ad
1732 1428 1914 1498 magni
1945 1429 2022 1481 A-

435 1517 690 1585 phraatis
723 1517 1098 1572 habitaculum
1136 1533 1195 1573 se
1225 1519 1484 1582 contulit,
1514 1520 1816 1589 morboque
1847 1535 2018 1590 expo-

433 1607 637 1673 sito,et
669 1607 771 1664 llde
797 1623 894 1662 sua
919 1609 1184 1671 indicata,
1216 1610 1410 1664 orabat
1440 1618 1500 1664 ut
1530 1612 1735 1665 malum
1765 1613 2019 1667 oratione

433 1712 536 1750 sua
572 1696 891 1767 depelleret.
917 1697 1022 1764 Qui
1046 1703 1061 1720 ‘
1100 1698 1238 1752 nihil
1275 1707 1592 1765 cunctatus,
1621 1701 1714 1755 sed
1735 1701 1800 1755 ad
1823 1716 2015 1772 preces

2194 778 2389 842 Ἵππος
2415 796 2498 842 τις
2522 780 2630 834 τῶν
2658 777 2718 834 εὖ
2752 782 3092 850 πεφυκότων,
3129 784 3222 835 καὶ
3253 783 3444 853 φέρειν
3471 783 3530 839 εὖ
3556 789 3706 855 μάλα

2120 868 2522 939 δεδιδαγμένος.
2551 871 2852 942 ἐπέραστος
2881 869 2950 944 ἦν
2983 872 3105 927 λίαν
3143 873 3220 944 τῷ
3255 873 3481 944 βασιλεῖ.
3515 879 3716 950 Τούτῳ-

2124 961 2294 1024 πάθος
2314 979 2367 1015 τι
2402 963 2614 1034 συμϐὰν
2646 964 2886 1034 ἀνιαρῶς
2907 965 3124 1019 διετίθει
3151 966 3242 1019 τὸν
3271 967 3493 1037 βασιλέα
3513 985 3526 997 ·
3553 971 3706 1024 ἐπεί·

2123 1069 2250 1122 χετο
2281 1053 2338 1105 δὲ
2366 1054 2531 1106 αὑτοῦ
2559 1054 2669 1108 τῶν
2696 1056 2880 1126 ὑγρῶν
2902 1059 3336 1128 περιττωμάτων
3362 1062 3394 1128 ἡ
3428 1061 3696 1132 ἔκκρισις.

2124 1142 2267 1214 Πρὸς
2315 1144 2520 1215 ταύτην
2569 1146 2861 1200 ἐκαλοῦντο
2893 1149 2994 1217 τὴν
3049 1149 3347 1220 θεραπείαν
3400 1152 3449 1204 οἰ
3494 1154 3704 1224 ταύτην

2115 1236 2421 1306 ἠσκημένοι
2469 1237 2568 1308 τὴν
2599 1239 2817 1309 τέχνην.
2873 1241 3221 1312 Ἠττωμένης
3247 1243 3305 1294 δέ
3349 1244 3442 1295 καὶ
3469 1245 3702 1316 ταύτης,

2115 1329 2304 1398 ἠνιᾶτο
2328 1333 2355 1383 6
2389 1329 2661 1400 βασιλεὺς,
2693 1334 2787 1382 καὶ
2807 1330 3122 1402 ὠλοφύρετο
3141 1333 3168 1383 6
3191 1332 3299 1384 τῶν
3329 1334 3512 1386 ἵππων
3533 1352 3710 1388 πεπι-

2117 1418 2412 1487 στευμένος
2440 1418 2540 1488 τὴν
2575 1418 2915 1488 ἐπιμέλειαν.
2953 1419 3196 1490 Εὐσεϐὴς
3225 1421 3281 1474 δὲ
3307 1419 3403 1486 ὢν,
3435 1424 3530 1476 καὶ
3557 1428 3706 1479 κατὰ

2112 1507 2212 1578 τὴν
2243 1509 2426 1563 πίστιν
2456 1510 2788 1580 ἐρρωμένος,
2844 1510 3116 1581 μεσούσης
3159 1511 3374 1583 ἡμέρας
3417 1515 3708 1585 καταλαμο

2121 1601 2272 1654 ϐάνει
2301 1603 2396 1655 σὺν
2424 1602 2500 1672 τῷ
2527 1602 2680 1672 ἵππῳ
2703 1601 2798 1654 τοῦ
2825 1601 3061 1671 μεγάλου
3109 1602 3414 1674 ’Δφραάτου
3438 1607 3500 1659 τὸ
3530 1625 3702 1660 κατα-

2123 1692 2345 1761 γώγιον,
2379 1695 2472 1746 καὶ
2501 1693 2562 1746 τὸ
2595 1693 2766 1756 πάθος
2796 1691 2998 1758 εἰπὼν,
3038 1693 3132 1746 καὶ
3165 1693 3263 1764 τὴν
3309 1697 3492 1748 πίστιν
3523 1697 3702 1767 δηλώ-

433 1791 621 1846 statim
645 1806 971 1856 conversus,
994 1805 1190 1860 aquam
1210 1807 1276 1846 ex
1303 1801 1468 1861 puteo
1494 1794 1722 1853 hauriri,
1748 1794 2008 1864 signoque

2120 1800 2236 1847 σας,
2270 1783 2480 1834 ἱκέτευε
2509 1785 2783 1854 προσευχῇ
2815 1781 2974 1836 λῦσαι
3020 1783 3121 1852 τὴν
3152 1782 3325 1837 νόσον.
3374 1785 3431 1837 '0
3457 1785 3514 1836 δὲ
3544 1786 3706 1838 οὐδὲν

436 1881 698 1936 salutaris
729 1883 910 1939 crucis
938 1882 1219 1952 imposito,
1245 1884 1310 1937 ad
1342 1901 1545 1953 equum
1575 1884 1757 1939 allerri
1797 1886 1968 1954 jussit
1999 1904 2012 1939 :

432 1989 596 2044 quam
619 1980 816 2042 praeter
836 1988 1042 2027 morem
1072 1990 1196 2027 mox
1231 1975 1388 2028 hihit.
1423 1974 1626 2029 Deinde
1652 1976 1774 2030 oleo
1801 1976 2019 2031 invoca-

432 2063 580 2116 tione
609 2061 795 2115 divina
831 2061 1118 2116 benedicta
1149 2062 1275 2130 equi
1299 2063 1480 2117 alvum
1522 2064 1768 2130 inunxit,
1797 2080 2020 2120 manus-

431 2167 538 2222 qne
563 2158 819 2208 contactu
851 2151 1076 2208 morbus
1109 2153 1241 2207 abiit
1267 2154 1547 2224 evestigio,
1578 2162 1632 2208 et
1663 2157 1836 2208 urina:
1863 2165 2020 2210 natu-

442 2243 578 2298 ralis
617 2243 830 2314 egestio
863 2251 1052 2300 secuta
1079 2251 1186 2300 est.
1218 2242 1400 2302 Laetus
1435 2247 1600 2316 igitur
1622 2247 1710 2303 ille
1734 2264 1857 2302 cum
1879 2263 2020 2320 equo

431 2333 499 2388 ad
559 2335 840 2389 stabulum
864 2334 1043 2390 rediit.
1072 2335 1186 2390 Sub
1203 2351 1488 2406 vesperam
1522 2349 1724 2404 autem,
1753 2354 1858 2409 qua
1887 2340 2018 2395 hora

429 2425 705 2481 stabulum
769 2427 950 2482 visere
979 2427 1192 2482 solebat
1246 2428 1564 2498 imperator,
1606 2445 1733 2484 cum
1765 2431 1832 2486 de
1871 2447 2020 2488 more

431 2517 688 2585 venisset,
711 2518 778 2574 de
801 2533 945 2590 equo
969 2529 1323 2590 percontatus
1350 2529 1434 2575 est
1455 2522 1546 2589 qut
1566 2522 1790 2577 valeret.
1811 2523 2016 2578 Etcum

439 2610 533 2666 ille
552 2611 861 2667 restitutam
893 2611 945 2666 ci
979 2611 1344 2666 valetudinem
1369 2613 1766 2682 respondisset,
1789 2628 2020 2684 equum-

428 2717 540 2772 que
592 2701 960 2772 produxisset,
1013 2710 1072 2757 ut
1117 2703 1385 2758 valentem
1428 2703 1601 2769 illum,
1637 2713 1692 2759 et
1737 2706 2020 2761 exsultan-

429 2801 539 2849 tem
590 2791 1040 2864 binnientemque
1107 2805 1161 2850 et
1186 2794 1456 2850 cervicem
1505 2798 1736 2866 superhe
1769 2798 2020 2852 attollen-

426 2896 533 2940 tem
565 2885 736 2950 vidit,
773 2884 967 2941 salutis
1001 2900 1226 2942 causam
1259 2889 1633 2959 interrOgavit.
1686 2889 1784 2944 Diu
1837 2900 2016 2946 autem

428 2976 520 3031 ille
552 2978 970 3048 tergiversatus,
991 2979 1134 3049 quod
1171 2981 1440 3035 medicum
1483 2982 1714 3052 prodere
1735 2983 2020 3039 nonaude-

426 3075 529 3135 ret,
565 3067 838 3124 infensum
859 3069 937 3126 illi
968 3086 1092 3128 esse
1113 3072 1295 3129 sciens
1333 3088 1457 3128 eum
1491 3077 1583 3146 qui
1608 3076 2012 3144 sciscitabatur,

429 3171 621 3212 verum
676 3160 896 3214 tandem
957 3161 1110 3216 ellari
1145 3174 1371 3218 coactus
1429 3174 1534 3231 est,
1601 3168 2012 3238 curationisque

430 3247 656 3301 modum
704 3249 950 3305 edocuit.
977 3250 1276 3323 Obstupuit
1307 3254 1528 3325 quidem
1563 3255 1878 3327 imperator,
1911 3259 2011 3315 ab-

425 3338 852 3412 mirandumque
915 3358 1145 3413 prorsus
1209 3347 1382 3400 vit-um
1417 3361 1540 3403 esse
1563 3348 1850 3404 confessus
1879 3355 1965 3404 est
1994 3366 2010 3404 :

427 3447 458 3485 a
489 3432 727 3504 pristina
773 3445 960 3491 tamen
1001 3437 1216 3493 insania
1250 3455 1358 3494 non
1387 3439 1617 3506 destitit,
1671 3441 1767 3496 sed
1814 3441 2011 3497 adver-

428 3540 526 3581 sus
559 3524 917 3599 Unigenitum
951 3529 1137 3587 furere
1196 3533 1457 3602 perstitit,
1491 3531 1670 3600 quoad
1719 3532 2008 3588 barbarico

421 3617 637 3674 tandem
669 3620 794 3692 igne
819 3631 1203 3693 consumptus,
1228 3635 1280 3679 et
1303 3639 1565 3680 concessa
1590 3624 1807 3696 1185
1829 3623 2007 3679 famu-

423 3707 491 3763 lis
529 3723 594 3764 ac
651 3712 926 3769 mendicis
987 3713 1274 3784 sepultura
1329 3715 1576 3781 privatus
1623 3723 1728 3770 est.
1775 3715 2005 3772 Divinus

420 3813 554 3854 vero
593 3801 903 3871 Apbraates
927 3804 1058 3858 etin
1094 3804 1186 3858 illa
1215 3813 1539 3876 tempestate
1570 3807 1824 3860 virtutem
1849 3820 2004 3862 suam

420 3889 694 3962 patefecit,
727 3900 783 3948 et
815 3893 1032 3950 reddita
1068 3898 1465 3966 tranquillitate
1507 3898 1697 3952 eadem
1743 3907 2006 3968 praestare

420 3983 790 4050 perseveravit
839 4003 853 4040 :
899 3985 1115 4058 aliaque
1167 3988 1452 4043 innumera
1499 3989 1671 4044 edidit
1712 3990 1999 4056 miracula,

416 4086 481 4126 ex
526 4073 728 4144 quibus
751 4092 917 4132 unum
939 4087 1034 4134 aut
1057 4079 1290 4135 alterum
1314 4082 1782 4138 commemorabo.

2122 1873 2413 1944 μελλήσας,
2441 1873 2575 1926 ἀλλὰ
2615 1875 2931 1942 παραυτίκα
2957 1872 3048 1926 τὸν
3069 1872 3204 1927 Θεὸν
3230 1875 3536 1942 ἱκετεύσας,
3552 1876 3706 1949 ὕδωρ

2119 1966 2404 2020 ἐκέλευσεν
2452 1967 2514 2018 ἐκ
2556 1963 2650 2017 τοῦ
2690 1965 2929 2035 φρέατος
2955 1965 3351 2036 ἀνιμήσασθαι,
3390 1971 3486 2021 καὶ
3521 1969 3706 2040 τούτῳ

2117 2056 2212 2108 τοῦ
2239 2055 2510 2125 σωτηρίου
2541 2054 2772 2125 σταυροῦ
2794 2055 2856 2106 τὸ
2884 2054 3153 2124 σύμϐολον
3187 2056 3417 2122 ἐπιθεὶς,
3453 2059 3702 2129 προσερέ-

2123 2164 2235 2216 ρειν
2260 2147 2336 2218 τῷ
2384 2147 2535 2218 ἵππῳ
2588 2145 2940 2218 προσέταξεν.
2989 2146 3049 2199 '0
3099 2147 3156 2200 δὲ
3209 2149 3359 2218 παρά
3395 2148 3458 2200 τὸ
3506 2149 3702 2213 εἰωθὸς

2119 2237 2291 2290 επιεν.
2336 2233 2468 2292 Εἶτα
2504 2237 2681 2291 έλαιον
2725 2239 2789 2307 τῇ
2825 2235 3112 2307 ἐπικλήσει
3145 2239 3210 2308 τῇ
3250 2237 3372 2308 θεία
3402 2237 3702 2308 πληρώσας

2119 2330 2370 2398 εὐλογίας
2396 2371 2410 2394 ,
2455 2328 2692 2400 ἐπιχρίει
2741 2327 2840 2399 τὴν
2863 2327 2957 2380 τοῦ
2989 2328 3158 2380 ἵππου
3187 2328 3453 2399 γαστέρα,
3499 2331 3594 2382 καὶ
3625 2334 3697 2400 τῇ

2120 2425 2230 2494 ἁφῇ
2254 2422 2354 2492 τῆς
2373 2421 2554 2493 χειρὸς
2573 2420 2734 2483 εὐθὺς
2750 2417 2915 2490 ἐλύθη
2941 2419 3002 2472 τὸ
3016 2418 3206 2483 πάθος,
3236 2421 3331 2472 καὶ
3352 2421 3704 2490 παραχρῆμα

2118 2515 2430 2586 ήέκκρισις
2475 2514 2616 2568 κατὰ
2661 2511 2824 2581 φύσιν
2879 2513 3117 2580 ἐγένετο.
3176 2511 3427 2582 Γεγηθὼς
3463 2513 3641 2565 τοίνυν
3671 2516 3706 2566 ἁ

2118 2607 2422 2679 ἄνθρωπος,
2449 2605 2542 2658 τὸν
2572 2606 2736 2658 ἵππον
2767 2604 2968 2668 λαϐὼν,
2995 2604 3088 2656 ἐπὶ
3116 2603 3206 2658 τὸν
3240 2603 3459 2656 ἰππῶνα
3481 2604 3694 2674 ἔτρεχε.

2118 2697 2305 2767 Δείλης
2334 2696 2392 2750 δέ
2419 2695 2580 2765 ὀψίας
2615 2695 2781 2765 (κατά
2813 2695 3002 2748 τοῦτον
3033 2694 3141 2766 γὰρ
3172 2694 3264 2747 τὸν
3295 2695 3485 2766 καιρὸν
3513 2695 3697 2750 εἰώθει

2116 2792 2145 2844 6
2176 2788 2426 2860 βασιλεὺς
2458 2788 2551 2841 ἐπὶ
2569 2788 2661 2841 τὸν
2697 2787 2914 2841 ἰππῶνα
2948 2790 3161 2859 φοιτᾷν)
3192 2782 3298 2859 ἦκέ
3317 2805 3376 2840 τε
3413 2789 3507 2842 καὶ
3528 2788 3699 2859 ἤρετο

2118 2881 2265 2944 ὅπως
2288 2879 2400 2950 ἔχει
2427 2881 2455 2933 6
2487 2880 2672 2944 ἵππος.
2709 2878 2816 2932 Τοῦ
2849 2879 2907 2932 δέ
2951 2879 3050 2950 τὴν
3082 2880 3294 2948 ὑγίειαν
3323 2881 3694 2950 σημάναντος,

2119 2976 2214 3028 καὶ
2245 2973 2335 3026 τὸν
2364 2973 2530 3026 ῐππον
2570 2972 2950 3040 ἐξαγαγόντος,
2978 2974 3289 3046 ἐρρωμένον
3315 2974 3506 3027 τοῦτον
3544 2973 3696 3040 ἰδὼν,

2119 3067 2213 3120 καὶ
2238 3065 2550 3137 γαυριῶντα
2572 3109 2588 3129 ,
2641 3065 2734 3118 καὶ
2769 3064 3180 3135 χρεμετίζοντα,
3230 3065 3326 3119 καὶ
3371 3065 3459 3118 τὸν
3485 3067 3696 3136 αὐχένα

2121 3157 2367 3229 σοϐαρῶς
2392 3156 2739 3210 ἀνατείνοντα
2763 3196 2778 3219 ,
2817 3155 2918 3224 τῆς
2947 3155 3156 3223 ὑγιείας
3208 3155 3532 3209 ἐπυνθάνετο
3578 3159 3694 3228 τὴν

2116 3250 2313 3305 αἰτίαν.
2363 3249 2450 3312 Ὠς
2475 3247 2532 3302 δὲ
2560 3247 2820 3311 πολλάκις
2851 3247 3026 3300 εἰπεῖν
3060 3246 3485 3318 ἀναϐαλλόμενος
3520 3249 3698 3316 (ἐδε-

2113 3344 2213 3397 δίει
2239 3342 2347 3416 γάρ
2379 3340 2654 3404 ὑποδεῖξαι
2681 3339 2772 3393 τὸν
2808 3340 3012 3410 ἰατρὸν,
3043 3339 3284 3410 δυσμενῆ
3306 3341 3390 3392 τὸν
3416 3339 3695 3409 ἐρόμενον

2114 3432 2522 3504 ἐπιστάμενος),
2552 3431 2649 3500 ὀψέ
2680 3447 2809 3483 ποτε
2825 3431 3059 3501 τάληθὲς
3091 3433 3264 3485 εἰπεῖν
3294 3430 3538 3501 ἐϐιάσθη,
3587 3434 3698 3486 καὶ

2111 3525 2214 3595 τῆς
2258 3524 2554 3595 θεραπείας
2602 3524 2694 3578 ’τὸν
2742 3525 2943 3596 τρόπον
2985 3525 3241 3590 ἐδίδαξεν.
3295 3526 3696 3596 Ἐκπλήττσται

2116 3617 2214 3689 μὲν
2235 3618 2264 3670 ό
2297 3615 2568 3687 βασιλεὺς,
2593 3617 2687 3670 καί⁵
2708 3616 3037 3685 άξιάγαστον
3065 3613 3202 3671 εἶναι
3232 3621 3322 3672 τὸν
3348 3618 3518 3691 ἄνδρα
3547 3621 3693 3673 καθ-

2111 3709 2380 3780 ομολογεῐ.
2419 3709 2493 3764 Ού
2527 3707 2636 3780 μὴν
2675 3711 2774 3779 τῆς
2821 3711 3093 3780 προτέρας
3142 3711 3433 3782 ἀπηλλάγη
3463 3712 3693 3781 μανίας,

2112 3799 2228 3855 ἀλλ’
2257 3799 2492 3875 ἐπέμενε
2519 3800 2662 3854 κατά
2688 3798 2782 3852 τοῦ
2811 3800 3150 3869 Μονογενοῦς
3177 3801 3414 3863 λυττῶν,
3454 3803 3559 3865 ἕως
3601 3805 3694 3858 ὅτε

2115 3889 2448 3964 βαρϐαρικοῦ
2480 3891 2650 3961 πυρδς
2675 3890 2892 3960 ἐγένετο
2919 3893 3320 3964 παρανάλωμα,
3359 3894 3481 3948 ούδέ
3507 3897 3696 3964 ταφῆς

2113 3988 2204 4041 ῐσα
2226 3986 2338 4048 τοῖς
2367 3983 2606 4048 οἰκέταις
2633 3983 2665 4054 ἢ
2707 3983 3029 4055 προσαίταις
3069 3983 3339 4049 ἀξιωθείς.
3374 3986 3433 4040 ’0
3463 3985 3522 4038 δὲ
3542 3985 3695 4050 θεῖος

2116 4078 2447 4150 ’Δφραάτης,
2470 4077 2565 4130 καὶ
2589 4077 2646 4130 ἐν
2667 4077 2850 4148 ἐκείνῃ
2876 4079 2942 4147 τῇ
2975 4076 3112 4150 ζάλῃ
3137 4077 3237 4150 τὴν
3255 4079 3460 4131 οἰκείαν
3487 4078 3694 4146 ἔδειξεν

414 4165 615 4238 ἀρετὴν
649 4167 743 4220 καὶ
795 4169 1039 4243 γαλήνης
1066 4172 1366 4244 γενομένης
1437 4173 1507 4228 τά
1565 4175 1654 4229 ἶσα
1716 4175 1859 4244 δρῶν
1923 4173 2210 4228 διετέλεσε.
2279 4170 2390 4225 Καὶ
2435 4169 2569 4224 ἄλλα
2599 4168 2654 4222 δὲ
2687 4168 2854 4241 μυρία
2918 4169 3213 4240 εἰργάσατο
3279 4167 3536 4240 θαύματα
3570 4212 3589 4237 ,
3619 4167 3698 4226 ὧν

417 4256 537 4320 ἐνὸς
563 4257 596 4327 ἢ
623 4257 716 4313 δύο
741 4260 1146 4332 μνησθήσομαι.

487 4347 684 4405 Mulier
721 4352 971 4422 quzedam
1030 4354 1205 4424 stirpe
1257 4354 1484 4417 illustri.
1547 4359 1666 4413 viro
1723 4359 1994 4428 intempe-

2176 4357 2315 4428 Γυνή
2347 4373 2432 4418 τις
2458 4355 2566 4407 τῶν
2589 4353 2950 4423 εὐπατριδῶν,
2989 4353 3272 4425 ἀκολάστῳ
3314 4356 3466 4426 ἀνδρὶ
3499 4359 3690 4414 συνέλ-

417 4445 561 4497 rauti
589 4443 778 4513 juncta
812 4446 1187 4510 matrimonio,
1230 4448 1294 4502 ad
1331 4449 1550 4503 beatum
1614 4451 1792 4504 virum
1828 4452 1997 4516 venit,

2114 4464 2275 4500 κουσα
2306 4446 2392 4499 τὸν
2423 4445 2516 4499 τοῦ
2545 4445 2723 4516 γάμου
2748 4447 2932 4513 ζυγὸν,
2957 4445 3187 4514 ἀφίκετο
3215 4447 3352 4519 πρὸς
3381 4449 3472 4502 τὸν
3501 4457 3696 4521 μακά-

417 4537 716 4607 deplorans
771 4537 1140 4594 calamitatem
1169 4555 1350 4594 suam.
1409 4540 1600 4595 Aiebat
1630 4544 1773 4597 enim
1816 4544 1996 4613 pellici

2114 4556 2219 4606 οιον
2259 4539 2466 4591 ἐκεῖνον
2517 4538 2824 4608 ἄνθρωπον,
2854 4537 2952 4608 τὴν
2982 4538 3189 4592 οἰκείαν
3225 4543 3516 4594 κωκύουσα
3556 4562 3701 4616 συμ-

415 4628 698 4683 addictum
742 4630 978 4695 magicis
1011 4631 1340 4700 quibusdam
1377 4635 1677 4704 praestigiis
1709 4634 1882 4690 fuisse
1911 4637 1998 4690 in-

416 4728 718 4786 cantatnm,
784 4730 840 4776 et
873 4723 997 4777 odio
1038 4722 1237 4778 habere
1267 4739 1324 4778 se
1350 4725 1588 4794 legitimo
1615 4728 1868 4799 conjugio
1896 4730 1996 4800 ipsi

417 4812 752 4882 copulatam.
785 4811 911 4868 litec
943 4823 1125 4870 autem
1150 4815 1218 4869 ad
1252 4815 1554 4871 atriensem
1577 4818 1804 4886 jannam
1842 4830 1997 4878 stans

418 4904 618 4959 mulier
665 4905 904 4961 dicehat.
937 4907 1012 4961 lbi
1046 4908 1193 4962 enim
1225 4906 1467 4964 feminas
1498 4911 1702 4980 alloqui
1761 4915 1992 4982 solebat,

416 5013 594 5067 neque
631 4998 801 5052 ullam
836 4999 982 5053 intra
1015 4999 1242 5069 jannam
1268 5003 1476 5074 recepit
1511 5020 1775 5073 unquam.
1802 5006 1995 5063 Mulie-

415 5103 529 5141 rem
561 5103 694 5158 ergo
743 5089 1042 5158 ejulantem
1077 5089 1401 5156 miseratus,
1437 5095 1840 5165 praestigiarum
1883 5098 1991 5151 vim

416 5179 673 5248 precibus
703 5183 989 5252 repressit,
1027 5191 1083 5238 et
1111 5183 1336 5237 allatutn
1363 5184 1431 5238 ab
1470 5201 1532 5240 ea
1569 5187 1856 5241 vasculum
1887 5189 1991 5243 olei

413 5271 599 5325 divina
636 5272 980 5330 invocatione
1038 5274 1420 5340 sanetilicans,
1453 5293 1520 5331 eo
1564 5278 1740 5332 virum
1799 5279 1991 5349 inungi

427 5361 608 5431 jussit.
639 5365 794 5430 Quod
832 5367 922 5420 illa
955 5382 1078 5420 cum
1127 5366 1370 5433 fecisset,
1400 5369 1502 5423 viri
1540 5385 1779 5426 amorem
1836 5371 1890 5425 in
1935 5389 1994 5428 se

417 5455 723 5520 transtulit,
755 5458 914 5529 eique
947 5459 1226 5529 persuasit
1258 5471 1318 5516 ut
1353 5461 1639 5532 illegititnn
1683 5470 1805 5519 ιοιό
1855 5465 1991 5534 legi-

420 5541 612 5596 timum
656 5555 1032 5615 anteponeret.
1080 5547 1495 5620 Feruntetiam,
1534 5569 1658 5608 cum
1715 5555 1767 5608 in
1812 5558 1990 5626 regio-

417 5651 536 5690 nem
590 5651 812 5706 repente
873 5641 1168 5710 aliquando
1229 5643 1517 5700 irruissth
1553 5649 1567 5666 ‘
1630 5647 1882 5711 locustae,
1941 5656 1990 5700 et

415 5726 555 5792 ignis
617 5729 788 5781 instar
821 5732 1000 5783 omnia
1037 5745 1438 5790 consumerent,
1483 5746 1711 5802 segrtcs,
1744 5741 1986 5793 πείνη-(ης.

2101 4629 2294 4700 φοράν.
2332 4630 2578 4697 Ἔφασκε
2617 4627 2726 4698 γάρ
2759 4627 2850 4679 τὸν
2882 4627 3049 4700 ἄνδρα
3097 4628 3387 4683 παλλακίδι
3420 4639 3694 4703 προσκεξ-

2103 4739 2262 4794 μενον
2306 4724 2536 4792 γοητικῇ
2587 4738 2692 4774 τινι
2745 4721 3060 4792 μαγγανεία
3115 4725 3695 4794 καταγεγοητεῦσθαι,

2100 4815 2195 4868 καὶ
2233 4813 2636 4885 ἀπεχθάνεσθαι
2660 4814 2796 4882 πρὸς
2826 4814 2995 4884 αὐτὴν
3033 4814 3211 4883 γάμου
3236 4816 3386 4886 νόμῳ
3426 4821 3697 4879 συνεζευ-

2097 4909 2330 4978 γμένην.
2369 4908 2559 4977 Ἔλεγε
2591 4908 2646 4960 δὲ
2676 4907 2903 4978 ταῦταῆ
2939 4908 3073 4978 γυνὴ
3119 4908 3225 4978 πρὸ
3267 4909 3364 4979 τῆς
3411 4909 3694 4982 «suam.

2101 5002 2271 5072 θύρας
2325 5001 2556 5055 ἑστῶσα.
2589 5000 2746 5056 Οῦτω
2779 5003 2887 5070 γὰρ
2917 5001 3094 5056 εἰώθει
3145 5003 3244 5073 τὴν
3276 5002 3412 5074 πρὸς
3444 5003 3502 5055 τὸ
3549 5005 3694 5074 θῆλυ

2097 5095 2369 5148 ποιεῖσθαι
2419 5092 2687 5158 διάλεξιν·
2732 5095 2864 5148 εἴσω
2908 5093 3016 5165 γάρ
3048 5094 3149 5163 τῆς
3196 5093 3367 5166 θύρας
3417 5095 3692 5165 οὐδεμίαν

2096 5187 2401 5252 εἰσεδέξατο
2422 5185 2661 5241 πώποτε,
2692 5186 2823 5238 Τότε
2845 5187 3023 5239 τοίνυν
3047 5187 3318 5257 οἰκτείρας
3347 5186 3445 5256 τὴν
3483 5193 3689 5254 γυναῖ-

2096 5297 2166 5332 κα
2190 5277 2584 5348 ποτνιωμένη-ι,
2646 5277 2778 5347 εὐχῇ
2829 5277 2929 5345 τῆς
2974 5276 3228 5347 γοητείας
3283 5277 3527 5347 ἀμαυροῖ
3584 5281 3690 5347 riu

2096 5373 2395 5443 ἐνέργειαν,
2427 5371 2519 5422 καὶ
2565 5369 2746 5422 ἐλαίου
2801 5367 3052 5439 ληκύθιον
3089 5369 3180 5421 ὑπ’
3211 5369 3381 5438 αὐτῆς
3409 5386 3692 5439 προσενε-

2097 5465 2222 5536 χθὲν
2256 5467 2318 5536 τῇ
2349 5465 2466 5535 θεία
2498 5463 2784 5534 ἐπικλήσει
2808 5460 3171 5528 καθαγιάσας,
3196 5461 3485 5533 χρίσασθαι
3514 5464 3690 5517 τοῦτο

2099 5558 2413 5629 προσέταξε.
2446 5559 2720 5626 Ταύταςή
2761 5557 2895 5625 γυνὴ
2940 5556 3276 5628 πληρώσασα
3320 5557 3417 5621 τὰς
3459 5557 3684 5630 ὑποθή-

2097 5665 2216 5710 κας,
2251 5645 2550 5718 μετέθηκεν
2582 5648 2660 5709 εἰς
2693 5646 2890 5715 ἑαυτὴν
2925 5647 3013 5698 τὸν
3044 5645 3136 5698 τοῦ
3165 5645 3433 5716 ὁμοζύγου
3465 5646 3686 5716 ἔρωτα,

2100 5742 2188 5791 καί.
2224 5741 2446 5791 πέπεικε
2479 5739 2852 5808 προαιρεῖσθαι
2885 5738 2982 5806 τῆς
3018 5739 3333 5810 παρανόμου
3359 5739 3547 5809 κοίτης
3575 5740 3684 5809 τὴν
