3974 6212
297 250 438 317 πει-ιτ

1464 259 1878 320 RELIGIOSA
1919 259 2306 320 HISTORIA.

3385 247 3518 314 1378

279 381 516 451 ῑννομον.
548 379 682 432 Φασὶ
704 377 760 432 δέ
792 395 921 431 ποτε
950 377 1046 431 καὶ
1069 375 1294 449 ἀκρίδας
1318 373 1642 439 ἐξαπιναίως
1666 391 1838 446 προσ-

1951 375 2189 444 palude-5,
2247 381 2422 443 prata,
2498 378 2553 425 et
2633 380 2856 425 nemora
2891 406 2904 431 ,
2961 366 3174 421 venisse
3243 363 3311 420 ad
3357 365 3518 420 illum

280 472 538 534 ϐαλούσας
584 473 650 542 τῇ
686 472 778 540 γῇ,
842 469 938 523 καὶ
991 470 1126 538 πυρὶ
1177 467 1576 541 παραπλησίως
1631 467 1842 520 ἅπαντα

281 559 765 631 προσδαπανώσας,
799 559 895 612 καὶ
919 558 1069 628 λήῖα,
1105 558 1199 610 καὶ
1237 558 1402 626 φυτά,
1438 557 1530 610 καὶ
1577 555 1694 622 ἕλη,
1750 555 1842 608 καὶ

280 651 434 719 ἀλση,
468 650 562 702 καὶ
597 648 908 719 λειμῶνας,
959 643 1062 719 ἧκέ
1113 665 1194 710 τις
1245 648 1372 719 παρ’
1420 645 1582 700 αὐτὸν
1615 643 1843 714 εὐσεϐὴς

279 739 432 810 ἀνὴρ,
464 737 755 792 ἀντιϐολῶν
783 737 1079 810 ἐπαμῦναι,
1108 738 1203 791 ἕνα
1239 738 1338 808 μὲν
1370 736 1536 810 ἀγρὸν
1556 735 1752 806 ἔχοντι,
1779 737 1844 788 ἐκ

279 830 462 884 τούτου
490 829 546 882 δὲ
572 831 666 883 καὶ
693 829 904 893 ἑαυτὸν,
944 830 1040 884 καὶ
1069 831 1324 898 γυναῖκα,
1354 829 1448 882 καὶ
1475 830 1692 890 παῖδας,
1753 826 1845 878 καὶ

279 921 505 985 οἰκείους
531 920 804 991 τρέφοντι,
845 923 940 974 καὶ
981 920 1118 990 πρὸς
1169 920 1382 983 τούτοις
1428 918 1528 989 τὴν
1560 917 1844 988 βασιλικὴν

279 1011 534 1082 εἰσφορὰν
562 1011 1029 1082 είσπραττομένῳ.
1066 1009 1234 1063 Πάλιν
1259 1009 1437 1061 τοίνυν
1461 1009 1488 1060 ὁ
1518 1007 1614 1078 τὴν
1641 1010 1840 1058 Δεσπο-

245 1157 248 1163 ,
277 1101 433 1168 τικὴν
461 1100 875 1172 φιλανθρωπίαν
913 1100 1268 1172 μιμούμενος.
1307 1099 1436 1169 χόαν
1477 1097 1665 1162 ’ύδατος
1695 1097 1845 1168 αὐτῷ

276 1191 698 1261 προσενεχθῆναι
749 1192 1100 1264 προσέταξεν.
1141 1191 1229 1254 Ὠς
1276 1191 1332 1244 δὲ
1365 1191 1455 1243 τὸν
1506 1191 1634 1261 χόαν
1674 1208 1844 1263 προσ-

276 1280 508 1350 ήνεγκεν
528 1282 556 1332 ὸ
574 1280 669 1351 τὴν
698 1282 864 1351 εὐχὴν
891 1281 1259 1348 ἐπαγγέλλων,
1284 1279 1520 1332 ἐπετίθει
1549 1280 1647 1350 μὲν
1672 1279 1845 1352 τούτῳ

277 1371 374 1441 τὴν
414 1373 588 1441 χεῖρα,
625 1371 832 1424 ἱκέτευε
859 1369 914 1423 δὲ
947 1371 1039 1422 τὸν
1065 1370 1197 1424 Θεὸν
1242 1370 1526 1440 δυνάμεως
1559 1370 1710 1433 θείας
1743 1371 1846 1442 ἐμ-

278 1461 579 1530 φορηθῆναι
630 1461 690 1513 τὸ
743 1461 910 1531 νᾶμα.
961 1456 1094 1514 Εἶτα
1137 1460 1233 1531 τὴν
1259 1462 1423 1531 εὐχὴν
1467 1461 1844 1530 συμπεράνας,

277 1551 640 1622 παρηγγύησε
697 1554 808 1614 τοῖς
867 1550 961 1604 τοῦ
1015 1552 1214 1623 χωρίου
1271 1553 1416 1624 ὅροις
1446 1553 1737 1624 ὲπιρρἄαι
1787 1553 1848 1606 τὸ

280 1645 443 1717 ὓδωρσ
474 1648 742 1714 πεποίηκε
772 1647 828 1699 δὲ
864 1649 892 1700 ὁ
923 1647 1080 1700 τοῦτο
1111 1648 1480 1718 κομισάμενος
1579 1647 1846 1718 προσετά-

1944 465 2231 536 quemdam
2265 473 2428 519 recte
2455 462 2904 518 ﬁdeihominem.
2959 467 3014 514 et
3069 473 3258 514 orasse
3317 467 3373 512 ut
3418 459 3522 528 ipsi

1943 573 2100 628 opem
2133 556 2315 616 ferret.
2350 571 2537 627 agrum
2570 555 2791 609 unicum
2828 552 3072 617 habenti,
3096 567 3206 621 quo
3234 566 3294 606 se
3340 551 3519 619 ipsum

1949 658 2004 702 et
2038 665 2286 708 uxorem,
2320 657 2372 702 et
2401 648 2626 711 liberos,
2665 655 2719 702 et
2751 645 3010 700 familiam
3035 644 3227 704 aleret,
3263 658 3327 696 ac
3355 642 3523 710 impeo

1944 733 2203 794 ratoria’m
2253 748 2515 810 praeterea
2570 739 2870 792 illationem
2926 736 3209 806 penderet.
3283 734 3522 787 Rursum

1945 846 2095 900 ergo,
2130 831 2220 900 qui
2253 829 2588 884 Dominicam
2631 829 2953 881 imitabatur
2984 826 3401 892 benignitatem,
3430 839 3523 876 vos

1948 941 2105 995 aquae
2179 924 2362 978 afferri
2395 925 2460 976 ad
2495 937 2553 976 se
2602 921 2782 988 iussit.
2822 918 2924 973 Ubi
2956 933 3054 973 vas
3086 917 3267 970 attulit
3304 917 3396 986 qui
3429 930 3524 968 ro-

1949 1016 2138 1086 gabat,
2171 1030 2392 1068 manum
2425 1027 2580 1082 aqua:
2612 1011 2896 1080 imposuit,
2920 1010 3199 1078 Deumque
3227 1007 3429 1070 oravit,
3466 1014 3525 1059 ut

1947 1109 2131 1162 divina
2174 1107 2377 1161 virtute
2443 1105 2660 1176 1185
2726 1103 2990 1157 ﬂuentum
3023 1101 3298 1172 impleret.
3339 1098 3522 1152 Finita

1949 1207 2129 1253 autem
2161 1198 2430 1261 oratione,
2471 1195 2731 1265 praecepit
2758 1201 2817 1248 ut
2849 1208 3046 1262 aquam
3097 1206 3192 1261 per
3231 1190 3349 1260 agri
3385 1188 3522 1241 lines

1947 1293 2279 1356 aspergeret.
2331 1283 2520 1338 Paruit
2563 1283 2729 1338 homo
2766 1281 3072 1352 imperatis,
3115 1288 3170 1334 et
3223 1277 3370 1349 agris
3415 1276 3524 1330 illis

1949 1375 2048 1428 fuit
2086 1389 2224 1443 aqua
2256 1388 2354 1443 pro
2387 1374 2526 1428 vallo
2594 1371 3004 1442 inexpugnabili
3061 1377 3224 1439 atque
3279 1367 3516 1422 inviola-

1949 1465 2066 1521 bili.
2100 1465 2179 1518 Ad
2205 1465 2470 1518 terminos
2490 1464 2634 1518 enim
2665 1463 2787 1518 illos
2810 1476 2984 1532 usque
2999 1468 3276 1531 reptantes
3293 1458 3528 1512 circum-

1949 1556 2312 1624 volantesque
2353 1555 2530 1608 instar
2583 1555 2863 1610 exercitus
2909 1553 3161 1614 locustae,
3220 1548 3528 1604 retrocede-

1953 1647 2085 1702 bant
2109 1647 2240 1700 hinc
2269 1661 2486 1710 rursus,
2527 1645 2756 1700 inditam
2807 1642 3248 1700 benedictionem
3298 1642 3528 1695 extime-

278 1737 405 1808 χθη,
454 1738 547 1790 καὶ
591 1739 712 1792 ἀντὶ
765 1738 961 1808 ἕρκους
1009 1738 1225 1809 ἀμάχου
1266 1756 1326 1792 τε
1371 1739 1468 1793 καὶ
1505 1739 1706 1792 ἀσύλου
1727 1741 1846 1802 ταῖς

1951 1746 2190 1804 scentes,
2231 1745 2285 1792 et
2332 1749 2592 1807 tanquam
2626 1737 2781 1792 freno
2813 1735 3052 1807 quodam
3077 1733 3340 1797 inhibita,
3367 1739 3529 1802 atque

277 1829 540 1902 ἀρούραις
585 1831 821 1894 ἐκείναις
877 1831 1114 1901 ἐγένετο.
1166 1832 1345 1904 Μέχρι
1393 1832 1502 1904 γάρ
1551 1831 1661 1886 τῶν
1709 1832 1850 1902 ὅρων

273 1920 499 1975 ἐκείνων
555 1921 820 1993 ἕρπουσαί
855 1939 915 1975 τε
955 1924 1048 1977 καὶ
1081 1923 1508 1994 περιπετόμεναι
1550 1924 1849 1995 στρατοπέ-

273 2010 382 2064 δων
411 2011 568 2084 δίκην
601 2013 658 2066 αί
705 2012 945 2085 ἀκρίδες,
990 2015 1072 2078 είς
1107 2013 1349 2068 τούπίσω
1392 2014 1552 2068 πάλιν
1586 2013 1848 2087 ἐχώρουν,

275 2103 375 2174 τὴν
403 2102 744 2157 ἐπιτεθεῐσαν
797 2104 1046 2174 εὐλογίαν
1099 2105 1493 2175 δειμαίνουσαι,
1523 2107 1618 2160 καὶ
1659 2106 1850 2179 ὥσπερ

273 2192 389 2247 τινι
409 2192 608 2264 χαλινῷ
646 2193 947 2265 ἀγχόμεναι
973 2237 989 2261 ,
1030 2197 1124 2249 καὶ
1178 2195 1272 2248 ἐπὶ
1308 2194 1371 2248 τὺ
1417 2199 1603 2266 πρόσω
1653 2200 1852 2267 χωρεῖν

279 2282 642 2353 κωλυόμεναι.
699 2285 808 2336 Καὶ⁸
855 2283 908 2337 τί
960 2284 1042 2338 δεῖ
1087 2285 1268 2339 πάντα
1310 2285 1486 2352 λέγειν
1515 2285 1584 2338 τά
1626 2286 1854 2356 ὑπὸτῆς

280 2372 559 2442 μακαρίας
593 2374 811 2444 ἐκείνης
839 2373 1239 2444 ἐξειργασμένα
1267 2375 1476 2447 ψυχῆςς
1532 2377 1713 2431 Ἱκανὰ
1745 2377 1852 2448 γάρ

277 2465 374 2518 καὶ
408 2463 580 2518 ταῦτα
629 2465 730 2534 τῆς
755 2465 1076 2535 ὲνοικούσης
1109 2467 1259 2537 αὐτῷ
1316 2468 1538 2538 χάριτος
1587 2469 1852 2536 ἐπιδεῖξαι

276 2556 375 2625 τὴν
409 2555 622 2625 αἴγλην.
657 2556 859 2609 Τούτου
889 2555 1047 2624 κάγὼ
1081 2557 1280 2628 θεατὴς
1310 2559 1598 2630 ἐγενόμην,
1629 2559 1724 2613 καὶ
1754 2559 1854 2629 τῆς

274 2645 438 2711 ἁγίας
468 2645 681 2715 ἐκείνης
711 2645 891 2710 δεξιᾶς
923 2645 1021 2716 τὴν
1042 2645 1293 2715 εὐλογίαν
1328 2647 1624 2718 έτρύγησα,
1656 2648 1852 2719 μειρά-

269 2751 394 2786 κιον
419 2735 515 2802 μὲν
535 2733 610 2787 ὢν
645 2734 743 2798 έτι,
782 2739 847 2808 τῇ
872 2735 927 2788 δὲ
967 2737 1137 2808 μητρὶ
1187 2738 1522 2808 κοινωνήσας
1566 2738 1662 2808 τῆς
1712 2737 1850 2809 πρὸς

270 2824 366 2876 τὸν
396 2825 562 2895 ἄνδρα
613 2828 858 2898 πορείας.
897 2830 1003 2882 Καὶ
1043 2827 1212 2899 αὐτὴν
1257 2828 1355 2900 μὲν
1403 2828 1543 2882 κατὰ
1574 2829 1636 2882 τὸ
1663 2828 1851 2892 εἰωθὸς

272 2917 571 2982 ὐπανοίξας
620 2919 720 2980 τὴν
771 2919 941 2990 θύραν
998 2921 1284 2987 διαλέξεώς
1332 2939 1392 2974 τε
1452 2923 1546 2975 καὶ
1599 2922 1852 2990 εὐλογίας

273 3007 508 3076 ἠξίωσεν
533 3023 546 3036 ·
579 3009 679 3078 ἐμὲ
701 3008 758 3060 δὲ
778 3009 1155 3080 είσδεξάμενος
1181 3011 1350 3075 ἔνδον,
1377 3010 1473 3064 τοῦ
1493 3012 1596 3082 τῆς
1621 3031 1852 3084 προσευ-

1955 1829 2190 1884 ulterius
2227 1830 2484 1899 progredi
2516 1829 2715 1884 vetitae.
2749 1827 2894 1894 Quid
2922 1841 3090 1898 porro
3119 1826 3314 1880 attinet
3342 1826 3528 1880 onmia

1952 1934 2072 1989 qua:
2101 1933 2131 1972 a
2167 1919 2323 1973 beata
2378 1919 2471 1972 illa
2526 1919 2712 1972 anima
2759 1927 2913 1989 gesta
2960 1926 3088 1972 sunt
3135 1917 3342 1981 dicere,
3402 1929 3528 1968 cum

1955 2007 2228 2064 sutIiciant
2262 2009 2388 2074 ista,
2425 2015 2482 2062 ut
2515 2009 2850 2064 habitantem
2882 2009 2937 2063 in
2968 2023 3034 2064 eo
3071 2009 3259 2079 gratia
3278 2007 3532 2077 splendo-

1952 2115 2068 2156 rem
2093 2099 2474 2157 demonstrent
2497 2101 2520 2154 ?
2542 2098 2731 2156 Oculis
2762 2099 2914 2154 illum
2957 2099 3072 2169 ipse
3089 2099 3372 2168 conspexi,
3402 2111 3532 2152 san-

1953 2199 2164 2261 ctaeque
2203 2191 2354 2245 illius
2388 2192 2628 2247 dexterae
2658 2192 3100 2248 benedictionem
3133 2193 3373 2263 percepi,
3401 2207 3528 2248 cum

1955 2283 2408 2338 adolescentulus
2443 2283 2624 2338 adhuc
2658 2292 2889 2338 matrem
2947 2283 3014 2337 ad
3043 2298 3167 2338 eum
3227 2283 3529 2354 profectam

1953 2385 2133 2428 essem
2191 2371 2508 2425 comitatus.
2573 2373 2754 2442 Atque
2810 2373 2957 2426 illam
2997 2372 3215 2443 quidem
3268 2372 3336 2428 de
3378 2388 3532 2429 more

1956 2471 2146 2534 aperta
2201 2461 2371 2532 janua
2409 2462 2688 2532 colloquio
2733 2471 2786 2518 et
2819 2463 3212 2519 benedictione
3271 2463 3530 2535 dignatus

1953 2567 2036 2612 est
2069 2574 2083 2610 :
2115 2570 2200 2609 me
2235 2570 2365 2610 vero
2395 2556 2780 2612 intromissum
2821 2573 3052 2626 precum
3078 2571 3306 2612 suarum
3330 2558 3529 2629 opibus

1955 2646 2236 2716 impertiit.
2285 2645 2497 2712 Quibus
2542 2648 2750 2702 utinam
2792 2662 2936 2702 nunc
2967 2662 3184 2718 quoque
3211 2646 3384 2716 fruar,
3434 2647 3530 2718 qui

1952 2737 2135 2793 vivere
2167 2739 2344 2808 ipsum
2385 2738 2571 2806 credo,
2599 2747 2651 2794 et
2677 2740 2998 2810 angelorum
3023 2739 3210 2796 choris
3261 2743 3530 2796 interesse

1954 2831 2260 2900 tnajoriqne
2281 2845 2442 2900 quam
2477 2831 2608 2884 olim
2640 2832 2784 2902 apud
2806 2831 2975 2888 Deum
3008 2832 3215 2888 fiducia
3238 2834 3338 2888 uti.
3377 2833 3531 2888 Tunc

1951 2921 2172 2992 quidem
2207 2923 2442 2977 mortale
2485 2923 2632 2976 illam
2667 2938 2868 2994 corpus
2899 2925 3246 2990 metiebatur,
3280 2940 3349 2981 ne
3375 2941 3532 2982 arro-

1954 3014 2148 3092 gantiae
2205 3015 2553 3069 occasionem
2618 3015 2936 3072 redundans
2989 3017 3186 3073 fiducia
3240 3018 3527 3088 praeberet.

272 3099 375 3168 χῆς
408 3115 495 3169 μοι
527 3099 798 3168 μετέδωκε
826 3100 1078 3154 πλούτου.
1108 3101 1324 3168 Ταύτης
1357 3104 1450 3156 καὶ
1487 3103 1582 3156 νῦν
1613 3103 1846 3158 ἀπολαύ-

1955 3103 2112 3158 Nunc
2170 3120 2322 3170 vero,
2380 3107 2857 3176 perturbationum
2916 3125 3084 3166 onere
3131 3109 3411 3181 deposito,
3467 3119 3527 3166 ut

274 3204 456 3257 σαιμι,
487 3190 586 3260 ζῇν
619 3190 780 3244 αὐτὸν
804 3191 1074 3244 πιστεύων
1098 3231 1112 3254 ,
1157 3193 1250 3246 καὶ
1278 3194 1392 3256 τοῖς
1432 3193 1683 3262 ἀγγέλοις
1717 3211 1847 3264 συγ-

270 3281 536 3352 χορεύειν,
570 3284 665 3337 καὶ
691 3284 893 3337 πλείονι
922 3285 954 3356 ἦ
984 3286 1152 3339 πάλαι
1182 3287 1318 3357 πρὸς
1347 3287 1436 3340 τὸν
1458 3287 1590 3342 Θεὸν
1626 3289 1842 3359 παρρη-

1953 3194 2160 3248 athleta
2217 3194 2392 3247 victor
2427 3195 2570 3264 apud
2620 3199 3007 3267 agonothetam
3058 3201 3233 3255 utitur
3298 3200 3523 3266 ﬁducia,

1951 3285 2131 3352 Quare
2145 3285 2262 3356 ejus
2281 3302 2500 3358 quoque
2523 3289 2969 3348 intercessionem
3003 3302 3060 3348 ut
3080 3309 3384 3366 consequar
3408 3310 3531 3350 oro.

273 3371 368 3440 σίᾳ
429 3373 752 3443 κεχρῆσθαι.
807 3375 942 3429 Τότε
991 3377 1091 3447 μὲν
1139 3378 1247 3449 γὰρ
1293 3379 1430 3451 αὐτη
1489 3379 1567 3450 τῷ
1612 3379 1790 3450 θνητῷ
1819 3377 1913 3431 τοῦ
1939 3377 2189 3449 σώματος
2239 3379 2553 3450 ὲμετρεῖτο,
2617 3382 2702 3434 ἵνα
2733 3383 2808 3455 μὴ
2859 3385 3130 3457 πρόφασις
3185 3387 3443 3449 ἀπονοίας
3495 3388 3529 3456 ἠ

1349 3469 1374 3482 ιο

273 3462 472 3514 πλείων
497 3465 717 3534 γένηται
749 3468 1048 3538 παρρησία.
1079 3468 1194 3522 Νῦν
1226 3471 1282 3524 δὲ
1310 3469 1416 3523 τῶν
1483 3469 1669 3523 παθῶν
1740 3469 2076 3539 ἀποθέμενος
2113 3468 2173 3522 τδ
2217 3471 2458 3540 φορτίον,
2493 3472 2568 3536 ὼς
2613 3475 2909 3546 νικηφόρος
2960 3476 3196 3548 ἀθλητὴς
3257 3477 3392 3549 πρὸς
3437 3477 3529 3530 τὸν

269 3551 612 3622 ἀγωνοθέτην
649 3556 1098 3626 παρρησιάζεται.
1135 3551 1209 3610 Οὐ
1250 3559 1407 3630 χάριν
1446 3561 1537 3613 καὶ
1567 3560 1666 3630 τῆς
1704 3561 1834 3632 παρ’
1875 3558 2038 3614 αὐτοῦ
2067 3559 2360 3631 πρεσϐείας
2394 3561 2619 3618 ἱκετεύω
2642 3567 2842 3636 τυχεῖν.

812 3645 886 3700 ΕΥ.
912 3676 980 3684 -
998 3647 1286 3703 ΠΕΤΡΟΣ.

343 3733 588 3799 Γαλάτας
612 3736 882 3808 ἀκούομεν
914 3739 1040 3802 τοὺς
1077 3741 1134 3791 ὲν
1163 3743 1227 3810 τῇ
1259 3741 1494 3815 Εὐρώπῃ
1527 3745 1655 3806 τούς
1682 3745 1845 3798 ἑσπε-

273 3826 424 3896 ρίους
452 3842 466 3856 °
507 3828 666 3897 ἴσμεν
698 3830 754 3883 δὲ
780 3831 904 3894 τοὺς
952 3833 1008 3884 ἐν
1039 3834 1103 3903 τῇ
1138 3833 1313 3906 Ἀσίᾳ,
1344 3838 1469 3898 τούς
1501 3837 1726 3890 ἐκείνων
1757 3839 1847 3891 ἐκ·

273 3917 488 3982 γόνους,
515 3918 564 3971 οἳ
593 3920 750 3990 παρά
782 3921 872 3974 τὸν
905 3920 1154 3986 Εὔξεινον
1180 3925 1599 3996 κατῳκίσθησαν
1627 3925 1846 3978 Πόντον.

286 4005 380 4058 Ἐκ
409 4007 610 4060 τούτων
632 4013 659 4063 ὁ
693 4012 958 4081 μακάριος
998 4014 1089 4066 καὶ
1124 4015 1242 4083 τρὶς
1266 4014 1424 4066 τοῦτο
1469 4015 1563 4067 καὶ
1591 4015 1848 4078 πολλάκις

271 4095 570 4165 ἐϐλάστησε
595 4099 818 4169 Πέτρος.
849 4101 1021 4154 Ἐπτά
1045 4105 1124 4167 δὲ,
1141 4103 1216 4165 ὥς
1244 4121 1428 4171 φασιν,
1453 4105 1729 4168 ὲξὼδίνων
1748 4106 1842 4178 ἔτη

271 4187 424 4257 παρά
453 4191 563 4249 τοῖς
602 4189 819 4254 γονεῦσι
852 4193 1104 4260 τραφεὶς,
1136 4192 1226 4244 τὸν
1273 4193 1458 4246 λοιπὸν
1491 4195 1705 4248 ἅπαντα
1729 4195 1840 4266 βίον

273 4281 330 4333 ὲν
362 4283 475 4343 τοῖς
502 4283 600 4349 τῆς
617 4281 934 4349 φιλοσοφίας
950 4284 1248 4336 διετέλεσεν
1269 4285 1448 4348 ἄθλοις
1480 4303 1494 4318 ο
1519 4287 1840 4356 τελευτῆσαι

2477 3655 2566 3712 IX.
2596 3687 2665 3699 --
2691 3656 2986 3714 PETRUS.

2015 3746 2201 3806 Gallos
2225 3752 2480 3808 audimus
2513 3769 2609 3808 eos
2635 3753 2727 3824 qui
2767 3752 2820 3807 in
2847 3751 3065 3823 Europa
3100 3761 3232 3808 sunt
3271 3751 3528 3807 occiden-

1949 3840 2086 3895 tales
2117 3860 2130 3895 :
2173 3845 2426 3901 novimus
2473 3857 2532 3901 et
2578 3863 2676 3902 eos
2721 3848 2814 3916 qui
2868 3856 2996 3902 sum
3031 3848 3084 3900 in
3119 3848 3283 3913 Asia,
3318 3847 3387 3902 ab
3418 3848 3524 3902 illis

1952 3931 2236 3999 oriundos,
2260 3937 2434 4005 quiad
2457 3936 2688 3992 Pontum
2708 3939 2976 3992 Euxinum
2997 3939 3153 3992 sedes
3172 3939 3426 3992 fixerunt.
3447 3939 3526 3992 Ex

1951 4021 2038 4076 his
2061 4023 2249 4080 beatus
2271 4041 2334 4081 ac
2355 4035 2438 4079 tur
2472 4029 2687 4098 1186
2714 4032 3023 4097 saepiusque
3045 4029 3238 4082 beatus
3261 4041 3415 4083 ortus
3443 4039 3526 4083 est

1949 4113 2162 4169 Petrus.
2186 4119 2202 4137 ‘
2233 4115 2334 4181 Qui
2358 4127 2588 4185 septem,
2610 4127 2668 4170 ut
2690 4117 2894 4183 ferunt,
2915 4119 3073 4172 annis
3105 4119 3243 4188 apud
3272 4130 3525 4189 parentes

1946 4203 2235 4268 educatus,
2261 4207 2526 4277 reliquam
2552 4216 2720 4262 totam
2746 4209 2910 4264 vitam
2943 4209 2996 4262 in
3029 4202 3385 4280 phil050phia3
3407 4226 3528 4266 cer-

1949 4298 2248 4354 taminihus
2274 4301 2612 4368 consumpsit
2643 4319 2654 4355 :
2699 4301 2904 4356 obiisse
2931 4310 3112 4356 autem
3143 4302 3367 4367 dicitur,
3400 4319 3523 4358 cum

268 4371 327 4424 δὲ
384 4372 600 4440 λέγεται
635 4372 727 4444 ἔτη
776 4371 978 4442 βιώσας
1011 4375 1166 4428 ἐννέα
1197 4376 1290 4428 καὶ
1320 4377 1691 4449 ἐννενήκοντα.
1739 4380 1842 4432 Τὸν

1951 4387 2174 4444 vixisset
2227 4405 2401 4445 almus
2429 4406 2624 4446 novem
2657 4401 2711 4446 et
2741 4394 3058 4464 nonaginta.
3102 4395 3234 4448 Eum
3269 4410 3400 4466 ergo
3433 4399 3524 4466 qui

268 4464 450 4516 τοίνυν
499 4463 592 4516 δύο
628 4466 717 4517 καὶ
750 4465 1106 4536 ἐννενήκοντα
1141 4467 1547 4538 ἀγωνισάμενον
1595 4469 1711 4541 έτη,
1753 4472 1845 4523 καὶ

267 4552 357 4604 διὰ
421 4554 599 4623 πάσης
641 4555 851 4628 ἡμέρας
906 4573 964 4608 τε
1017 4557 1110 4609 καὶ
1143 4557 1332 4620 νυκτὸς
1378 4559 1670 4628 νικηφόρον
1701 4561 1844 4613 ὁδεύ-

271 4661 463 4709 σαντα,
501 4646 584 4709 τίς
615 4647 680 4700 ἂν
703 4647 866 4713 ἀξίως
902 4648 1203 4720 θαυμάσειε
1232 4665 1245 4714 ;
1283 4651 1412 4702 ποία
1434 4651 1477 4702 δ’
1501 4650 1564 4703 ἂν
1591 4652 1844 4722 ἀρκέσειε

269 4739 407 4809 πρὸς
439 4739 688 4810 διήγησιν
714 4739 947 4808 γλῶττα,
972 4743 1081 4796 τῶν
1114 4743 1172 4794 ὲν
1203 4743 1474 4813 μειρακίῳ
1505 4745 1595 4796 καὶ
1627 4745 1842 4816 παιδίῳ,

268 4826 367 4876 καὶ
399 4825 551 4896 ἀνδρὶ
588 4827 798 4898 τελείῳ,
827 4829 921 4880 καὶ
957 4829 1260 4900 πρεσϐύτῃ,
1289 4831 1385 4883 καὶ
1419 4832 1633 4902 γέροντι
1674 4851 1844 4906 πονη-

269 4913 470 4969 θέντων
527 4917 968 4988 κατορθωμάτων
996 4936 1010 4983 ;
1038 4921 1132 4983 Τίς
1175 4921 1242 4972 ἂν
1272 4923 1480 4976 ἐκείνου
1524 4915 1618 4976 τὸν
1649 4925 1844 4996 ἱδρῶτα

274 5004 561 5073 μετρήσειε
589 5021 602 5069 ;
637 5006 717 5069 τίς
749 5007 792 5059 δ’
821 5009 886 5061 ἂν
909 5009 1003 5072 τὰς
1025 5011 1082 5062 ἐν
1103 5011 1846 5086 τοσούτῳθχρόνῳγενομένας

269 5094 594 5163 ἀριθμήσειε
623 5097 798 5161 πάλας
828 5116 842 5164 ;
868 5103 1018 5164 ποῖος
1048 5102 1092 5154 δ’
1123 5102 1186 5155 ἂν
1217 5103 1456 5171 ἐφίκοιτο
1477 5105 1652 5174 λόγος,
1683 5107 1844 5178 ῆτῶν

266 5186 362 5236 ὑπ’
409 5187 572 5240 αὐτοῦ
607 5189 1057 5262 καταϐληθέντων
1107 5195 1454 5264 σπερμάτων,
1501 5197 1532 5267 ἢ
1580 5199 1685 5252 τῶν
1716 5199 1843 5252 συλ-

263 5277 532 5346 λεγέντων
576 5280 948 5352 δραγμάτων;
988 5285 1084 5348 Τίς
1132 5284 1304 5348 οὓτως
1359 5287 1558 5357 ὑψηλὸς
1593 5273 1845 5359 τῆν’διέμ

263 5385 436 5432 νοιαν,
480 5369 555 5432 ὡς
599 5371 833 5425 κατιδεῖν
873 5373 1118 5444 ἀκριϐῶς
1161 5376 1259 5446 τὴν
1290 5378 1354 5428 ἐκ
1384 5378 1482 5445 τῆς
1525 5379 1694 5449 καλῆς
1747 5383 1844 5452 ἑμ-

263 5461 464 5532 πορίας
495 5463 972 5533 συναθροισθεῖσαν
1001 5469 1318 5535 περιουσίαν
1344 5485 1357 5531 ;
1392 5464 1524 5523 Οἶδα
1555 5473 1663 5523 τῶν
1702 5474 1844 5526 ἐκεί-

262 5571 360 5605 νιιυ
379 5554 820 5626 κατςρθωμάτων
833 5556 896 5608 τὸ
921 5557 1180 5624 πέλαγος,
1201 5559 1293 5611 καὶ
1309 5559 1394 5611 διὰ
1412 5561 1568 5616 τοῦτο
1591 5563 1843 5628 πελάζειν

259 5647 328 5712 τῇ
365 5645 462 5715 τῆς
493 5645 796 5716 διηγήσεως
834 5647 1042 5721 ἱστορία
1080 5648 1356 5718 δειμαίνω,
1404 5651 1592 5723 ἵναμὴ
1625 5653 1651 5704 ὁ
1687 5653 1842 5722 λόγος

1951 4480 2245 4548 nonaginta
2269 4490 2320 4535 et
2339 4483 2478 4537 duos
2497 4499 2673 4540 annos
2692 4483 3012 4551 decertavit,
3028 4487 3208 4541 etdies
3231 4496 3526 4558 noctesque

1949 4584 2166 4640 semper
2185 4575 2362 4629 victor
2396 4575 2651 4641 incessit,
2685 4592 2784 4648 pro
2809 4578 3072 4648 dignitate
3101 4580 3226 4650 quis
3247 4579 3528 4636 laudabit?

1949 4671 2043 4715 aut
2066 4680 2186 4732 quae
2225 4666 2408 4737 lingua
2441 4669 2719 4736 prreclaris
2751 4670 3117 4735 facinoribus,
3152 4686 3271 4742 qua:
3305 4687 3440 4742 puer
3469 4683 3523 4727 et

1949 4753 2287 4820 adulescens,
2313 4761 2610 4830 quaequein
2630 4762 2774 4816 virili
2799 4764 2878 4818 vel
2895 4763 3214 4834 alfectajam
3231 4773 3411 4828 aetate,
3429 4775 3523 4820 aut

1950 4844 2001 4896 in
2024 4845 2213 4900 ultima
2230 4850 2337 4918 egit
2356 4859 2659 4916 senectute,
2677 4852 3176 4908 commemorandis
3193 4867 3292 4922 par
3318 4852 3522 4911 fuerit?

1954 4936 2090 5001 Quis
2117 4939 2348 4995 sudores
2368 4940 2486 5008 ejus
2503 4942 2854 4997 dimetiatur?
2876 4942 3000 5010 quis
3019 4944 3345 5002 commissas
3369 4955 3521 5000 tanto

1949 5032 2054 5077 tem
2065 5042 2194 5094 pore
2217 5028 2391 5084 luctas
2407 5033 2722 5086 enumeret?
2737 5047 2859 5099 qua:
2880 5033 3056 5087 oratio
3075 5034 3156 5088 vel
3169 5049 3361 5104 sparsa
3375 5035 3442 5090 ab
3457 5051 3522 5090 eo

1949 5119 2174 5179 semina,
2233 5121 2313 5174 vel
2350 5123 2608 5178 collectos
2645 5123 2954 5193 manipulos
2991 5127 3350 5195 percenseat?
3386 5128 3522 5194 Quis

1948 5215 2056 5259 tam
2071 5208 2174 5261 alta
2202 5217 2381 5264 mente
2412 5211 2690 5279 praaditus,
2711 5219 2769 5265 ut
2790 5223 3080 5282 congestas
3093 5228 3157 5268 ex
3181 5214 3349 5270 nobill
3375 5230 3520 5269 mer-

1947 5305 2134 5352 catura
2157 5301 2445 5356 facultates
2471 5302 2678 5371 liquido
2701 5303 3027 5373 perspiciat?
3050 5302 3236 5360 Sentio
3254 5321 3431 5359 rerum
3453 5308 3522 5359 ali

1946 5404 2012 5442 eo
2030 5401 2302 5458 gestarum
2323 5393 2550 5462 pelagus
2573 5395 2938 5449 immensum:
2971 5395 3206 5466 ideoque
3240 5399 3305 5452 ad
3332 5412 3519 5453 earum

1946 5481 2321 5548 explicandam
2350 5483 2632 5538 historiam
2664 5486 2924 5541 accedere
2953 5487 3301 5557 pertimesco,
3331 5503 3400 5544 ne
3422 5505 3523 5544 un-

1947 5568 2032 5623 dis
2065 5571 2332 5625 obruatur
2362 5576 2559 5628 oratio.
2597 5571 2778 5639 Quare
2808 5584 3031 5646 propter
3077 5576 3232 5631 littus
3269 5577 3523 5636 incedant

1947 5669 1998 5714 et
2032 5662 2202 5717 maris
2237 5681 2357 5734 quze
2413 5667 2719 5722 continenti
2763 5667 3014 5739 proxima
3050 5675 3178 5722 sunt
3213 5666 3528 5728 admirabor
