3974 6212
465 342 485 405 1
499 345 599 407 379

1444 322 1930 386 THEODORETI
1968 316 2308 380 EPISCOPI
2337 314 2699 375 CYRENSIS

3574 300 3717 366 1380

461 464 517 509 et
546 464 811 520 exponam
854 464 865 499 :
900 441 1234 515 profundum
1274 445 1457 491 autem
1493 435 1569 488 illi
1603 433 1912 499 relinquam
1944 428 2037 498 qui
2068 434 2087 487 ,ι

2189 423 2471 496 ποϐρύχιος
2524 422 2770 491 γένηται.
2825 410 2899 471 Οὗ
2957 416 3144 468 ἕνεκεν
3196 412 3345 483 παρὰ
3410 411 3504 481 τὴν
3562 412 3719 479 ηῖὸνα

465 546 623 615 juxta
661 541 874 595 divinas
909 536 1146 590 Litteras
1174 541 1197 570 ι
1231 527 1500 602 profunda
1532 532 1832 583 scrutatur,
1866 528 1917 573 et
1949 533 2043 572 oc-

467 636 613 690 culta
638 628 944 701 cognoscit.

556 889 656 943 Hic
702 888 865 958 igitur
901 882 1094 951 primis
1129 878 1287 933 annis
1320 877 1372 929 in
1394 874 1607 928 Galatia
1644 869 1895 927 certavit.
1925 867 2054 921 inde

474 981 685 1038 visendi
714 977 899 1033 studio
927 976 1062 1029 abiit
1086 976 1136 1026 in
1155 969 1529 1026 Palzestinam,
1551 971 1610 1017 ut
1632 961 1942 1030 conspectis
1971 960 2050 1012 lo-

475 1075 557 1129 cis
588 1074 644 1127 in
674 1071 874 1141 quibus
904 1065 1163 1123 salutaris
1217 1060 1401 1131 passio
1428 1063 1684 1126 suscepta
1724 1063 1833 1115 est,
1860 1050 2055 1105 Serva-

478 1177 654 1223 torrm
708 1162 876 1217 Deum
929 1160 984 1213 in
1028 1156 1138 1210 illis
1205 1154 1485 1213 adoraret,
1542 1163 1652 1201 non
1714 1143 1874 1216 quasi
1934 1144 2055 1195 loco

479 1253 965 1321 circumscriptum
1050 1239 1655 1313 (incircumscriptam
1736 1235 1880 1289 enim
1936 1232 2057 1299 ejus

480 1357 733 1403 naturam
774 1357 882 1396 non
909 1340 1200 1411 ignorabat
1226 1346 1265 1399 ),
1298 1332 1392 1388 sed
1423 1340 1482 1385 ut
1512 1330 1702 1383 oculos
1722 1327 1885 1380 etiam
1910 1324 2058 1393 ipsos

481 1442 559 1496 rei
600 1441 862 1492 adamata:
926 1426 1385 1497 contemplatione
1449 1426 1735 1491 pasceret,
1796 1432 1897 1471 nec
1944 1415 2060 1468 sola

483 1534 683 1588 mentis
714 1518 860 1583 acies
885 1527 1003 1581 sine
1040 1523 1162 1576 visu
1204 1514 1588 1588 spiritualibus
1644 1526 1739 1581 per
1772 1509 1931 1563 iidem
1968 1506 2062 1561 de-

482 1627 627 1682 liciis
652 1620 865 1692 1187
886 1618 1183 1672 frueretur.
1220 1610 1415 1667 Solent
1442 1619 1678 1672 namque
1708 1603 1799 1673 qui
1826 1601 2063 1668 aliquem

484 1730 673 1770 amore
706 1716 1144 1782 prosequuntur,
1174 1720 1280 1758 non
1316 1716 1380 1756 ex
1416 1699 1569 1753 illius
1598 1704 1809 1750 tantum
1842 1698 2063 1761 aspectu

495 1811 543 1858 ai
555 1808 637 1860 tici
703 1764 911 1864 lmtitia',
945 1800 1040 1855 sed
1068 1806 1121 1852 et
1149 1797 1394 1859 domum,
1422 1799 1479 1846 et
1509 1796 1711 1852 vestes,
1769 1792 1823 1839 et
1850 1783 2065 1838 calcea-
2097 1764 2140 1818 Β

485 1908 669 1954 menta
710 1909 925 1953 summa
954 1908 1078 1948 cum
1120 1890 1401 1957 voluptate
1451 1879 1835 1949 contemplari.
1878 1875 2063 1930 Talem

484 2008 614 2061 erga
646 1992 920 2059 Sponsum
948 1998 1191 2039 amorem
1229 1994 1426 2049 gerens
1458 1978 1512 2030 in
1537 1972 1769 2030 Cantico
1800 1967 2068 2024 cantico-

488 2099 610 2138 rum
652 2085 950 2135 memorata
989 2074 1203 2143 Sponsa
1260 2070 1516 2123 clamans
1558 2063 1737 2118 aiebat
1791 2079 1804 2114 :
1867 2078 1887 2110 ι
1916 2057 2070 2112 Sicut

452 2220 457 2221 κ
493 2175 671 2229 malus
715 2172 855 2223 inter
882 2169 1025 2236 ligna
1057 2165 1344 2226 silvarum,
1371 2160 1453 2213 sic
1479 2157 1713 2211 dilectus
1740 2166 1897 2207 meus
1931 2151 2071 2205 inter

493 2267 656 2319 tilias.
693 2262 805 2317 Sub
836 2259 1035 2314 umbra
1094 2256 1242 2309 illius
1267 2268 1427 2323 quem
1461 2249 1899 2305 desideraveram
1930 2241 2069 2308 sedi,

490 2367 547 2410 ct
582 2355 793 2409 fructus
824 2353 948 2420 ejus
986 2348 1167 2403 dulcis
1190 2344 1396 2415 gutturi
1456 2356 1578 2395 meo
1597 2351 1645 2390 ι.
1691 2357 1709 2387 ι
1746 2336 1893 2391 Nihil
1941 2346 2073 2401 ergo

497 2445 722 2504 absurdi
754 2444 863 2514 egit
893 2442 976 2495 vir
1013 2440 1101 2493 bic
1133 2438 1379 2497 divinus,
1409 2434 1499 2502 qui
1528 2429 1717 2484 eodem
1746 2441 1876 2497 erga
1899 2424 2075 2494 Spon-

498 2554 621 2595 sum
662 2549 850 2591 amore
902 2539 1120 2600 captus,
1169 2526 1362 2581 iisdem
1406 2522 1610 2591 quibus
1642 2516 1860 2587 Sponsa
1896 2511 2076 2567 verbis

508 2629 668 2688 dixit,
704 2644 723 2676 ι
764 2623 1060 2676 Vulnerata
1092 2631 1279 2670 amore
1312 2628 1432 2665 sum
1455 2611 1502 2676 ιι,
1531 2629 1548 2660 ι
1589 2621 1654 2661 ac
1683 2603 1849 2661 veluti
1876 2601 2062 2671 sponsi

504 2720 757 2774 umbram
806 2715 1047 2781 aliquam
1092 2708 1274 2762 videre
1303 2704 1641 2761 desiderans.
1686 2699 1805 2753 loca
1838 2693 2079 2765 inquire-

505 2813 617 2875 bat,
662 2823 729 2863 ex
790 2804 996 2874 quibus
1062 2800 1334 2854 salutares
1388 2793 1648 2849 omnibus
1690 2791 1706 2809 ‘
1766 2774 2081 2845 hominibus

506 2902 688 2956 fontes
740 2898 1139 2966 proﬂuxerunt.
1172 2888 1390 2959 Optatis
1433 2886 1618 2956 itaque
1648 2880 1857 2953 potitus
1891 2877 2084 2931 Antio-

506 2995 686 3049 cliiam
719 3004 779 3043 se
818 2984 1076 3046 contulit,
1142 2980 1404 3048 urbisque
1460 2975 1771 3045 religiosam
1827 2969 2082 3041 pietatem

504 3081 887 3140 considerans.
937 3084 1219 3131 externam
1275 3069 1553 3139 regionem
1606 3064 1797 3135 patria:
1851 3069 2085 3129 antepo-

511 3176 642 3240 suit,
675 3174 823 3227 cives
855 3177 1142 3239 reputans,
1181 3178 1290 3218 non
1319 3178 1416 3217 eos
1446 3159 1542 3230 qui
1571 3173 1638 3214 ex
1673 3155 1865 3212 eadem
1899 3157 2088 3208 essent

510 3277 673 3338 gente
701 3279 766 3318 ac
820 3275 1046 3333 genere,
1089 3257 1186 3312 sed
1218 3255 1312 3325 qui
1343 3252 1591 3322 ejusdem
1624 3246 1912 3305 sententiae
1941 3243 2093 3299 tidei-

510 3336 622 3429 que
652 3354 948 3427 participes
970 3345 1182 3412 esSent,
1213 3355 1269 3401 et
1304 3346 1493 3416 jugum
1519 3342 1664 3398 idem
1692 3336 1975 3394 traherent
2006 3349 2095 3390 re-

515 3450 756 3522 ligionis.
812 3444 891 3500 lbi
946 3450 1131 3497 autem
1176 3438 1424 3495 habitare
1463 3451 1587 3493 cum
1624 3431 1932 3492 statuisset,
1986 3440 2094 3481 non

517 3538 936 3600 tabernaculum
994 3531 1263 3595 extendit,
1319 3544 1427 3585 non
1462 3526 1739 3596 tugurium
1795 3522 1929 3583 linit,
1988 3532 2097 3571 non

515 3632 907 3691 domuuculam
958 3624 1237 3688 excitavit,
1297 3620 1391 3677 sed
1442 3622 1496 3673 in
1532 3612 1988 3682 alienosepulcro
2017 3618 2102 3662 to-

520 3738 633 3781 tum
666 3733 885 3788 tempus
918 3714 1209 3784 transegit.
1240 3710 1414 3779 Cujus
1443 3722 1570 3778 pars
1593 3702 1847 3772 superior
1881 3698 2090 3770 promi-

520 3833 659 3871 nens
691 3814 923 3868 habebat
948 3807 1273 3867 tabulatum,
1304 3802 1392 3857 cui
1416 3814 1675 3854 connexa:
1705 3794 1871 3850 scala}
1890 3791 2098 3846 aditum

523 3910 594 3965 iis
622 3907 849 3966 dabant,
889 3900 982 3970 qui
1017 3896 1317 3953 ascendere
1364 3890 1648 3946 volebant.
1691 3886 1805 3941 lloc
1866 3884 1988 3938 loco
2022 3886 2106 3937 in-

523 4002 711 4055 clusus
745 3991 1070 4062 longissimo
1092 3996 1333 4057 tempore
1352 3982 1608 4053 perstitit,
1637 3977 1889 4049 frigidam
1914 3973 2107 4029 bibens

527 4103 749 4161 aquam,
763 4094 813 4139 ct
829 4083 945 4138 solo
958 4093 1099 4151 pane
1115 4090 1363 4139 vescens,
1382 4086 1557 4141 neque
1572 4068 1623 4123 id
1638 4067 1899 4139 quotidie,
1915 4064 2009 4120 sed
2022 4062 2110 4117 die

528 4155 638 4238 uno
655 4180 1136 4252 jejunusmanens,
1156 4167 1420 4240 postridie
1451 4166 1565 4219 haec
1586 4161 1855 4217 sumebat.
1880 4158 2016 4213 Cum
2042 4155 2110 4207 ad

2152 516 2459 588 βαδιοῦμαι,
2506 513 2600 567 καὶ
2642 512 2713 566 τὰ
2763 509 2915 580 παρὰ
2940 507 3041 577 τὴν
3070 507 3298 576 ἠπειρον
3328 502 3421 557 τοῦ
3448 501 3724 570 πελάγους

2145 605 2499 677 θαυμάσομαι
2518 622 2577 659 τε
2623 604 2717 657 καὶ⁵
2750 600 3083 671 διηγήσομαι
3107 615 3121 629 ·
3148 596 3243 649 τὸν
3263 594 3324 648 δὲ
3353 594 3514 665 βυθὸν
3546 610 3714 647 καταο

2148 701 2320 769 λείψω
2344 700 2422 770 τῷ
2453 697 2593 752 κατὰ
2623 694 2721 765 τὴν
2739 693 2887 747 θείαν
2906 690 3126 762 Γραφὴν
3146 687 3217 742 τὰ
3242 686 3381 757 βάθη
3405 685 3725 756 ἑρευνῶντι,

2151 795 2249 848 καὶ
2304 792 2375 845 τὰ
2411 790 2704 861 ἀπόκρυφα
2754 785 3098 854 γινώσκοντι.

2231 879 2398 946 Οὗτος
2420 881 2598 935 τοίνυν
2622 882 2679 931 ὲν
2696 878 2935 946 Γαλατία
2958 874 3049 927 τὸν
3068 872 3281 943 πρῶτον
3292 870 3495 940 ῆθλησε
3514 869 3729 939 χρόνον.
3758 888 3767 894 ·

2167 971 2409 1027 Ἐκεῖθεν
2464 968 2706 1040 ἱστορίας
2758 967 2943 1020 εἵνεκα
2967 962 3065 1035 τὴν
3094 959 3462 1029 Παλαιστίνην
3491 959 3727 1012 κατέλα-

2156 1067 2272 1130 ϐεν,
2304 1064 2392 1117 ἵνα
2433 1063 2559 1124 τοὺς
2597 1060 2665 1113 τὰ
2698 1059 2940 1128 σωτήρια
2972 1054 3119 1124 πάθη
3165 1050 3495 1121 δεξαμένους
3532 1050 3729 1102 θεασὰιο

2162 1172 2318 1226 μενος
2342 1154 2565 1215 τόπους,
2608 1153 2664 1204 ὲν
2710 1151 2889 1213 αὐτοῖς
2930 1147 3023 1201 τὸν
3069 1144 3347 1199 σεσωκότα
3377 1140 3740 1213 προσκυνήσει

2158 1246 2290 1300 Θεόν
2321 1261 2333 1274 '
2361 1245 2458 1314 οὐχ
2496 1243 2570 1307 ὡς
2598 1243 2747 1311 τόπῳ
2798 1237 3274 1310 περιγραφόμενον
3302 1235 3596 1305 (ἠπίστατο
3623 1233 3741 1301 γὰρ

2161 1336 2327 1390 αὐτοῦ
2365 1336 2426 1388 τὸ
2461 1335 2563 1405 τῆς
2603 1333 2819 1403 φύσεως
2870 1328 3297 1400 ἀπερίγραφον),
3337 1325 3455 1379 ἀλλ’
3492 1326 3585 1378 ἵνα
3642 1326 3745 1378 καὶ

2160 1430 2288 1493 τοὺς
2319 1427 2632 1498 ὀφθαλμοὺς
2661 1426 2888 1494 ἑστιάσῃ
2913 1425 2978 1493 τῇ
2995 1420 3202 1492 θεωρίᾳ
3222 1418 3330 1471 τῶν
3358 1418 3743 1488 ποθουμένων,

2165 1518 2259 1570 καὶ
2300 1518 2375 1586 μὴ
2403 1517 2561 1585 μόνον
2587 1515 2645 1567 τὸ
2675 1515 2769 1583 τῆς
2791 1511 2973 1581 ψυχῆς
2987 1510 3233 1570 όπτικὺν,
3260 1509 3387 1578 δίχα
3411 1509 3511 1577 τῆς
3535 1508 3743 1577 ὅψεως,

2165 1609 2264 1679 τῆς
2318 1605 2694 1675 πνευματικῆς
2719 1603 2806 1657 διὰ
2827 1605 2927 1673 τῆς
2951 1601 3188 1663 πίστεως
3215 1598 3467 1670 ἀπολαύῃ
3504 1598 3751 1668 τρυφῆς.

2167 1696 2452 1766 Πεφύκασι
2498 1697 2607 1766 γάρ
2646 1711 2763 1757 πως
2786 1696 2834 1747 οἱ
2872 1693 3244 1762 φιλοστόργως
3292 1691 3417 1760 περί
3459 1707 3584 1742 τινα
3632 1689 3755 1743 δια-

2172 1795 2432 1864 κείμενοι,
2489 1791 2588 1844 οὒκ
2617 1789 2724 1843 ἀπὸ
2760 1790 2859 1858 τῆς
2890 1788 3018 1850 θέας
3050 1783 3217 1840 αὐτοῦ
3262 1784 3432 1854 μόνης
3474 1783 3755 1853 θυμηδίαν

2172 1882 2537 1956 καρποῦσθαι,
2568 1880 2710 1935 ἀλλά
2741 1880 2838 1933 καὶ
2867 1880 2965 1950 τὴν
2982 1878 3182 1940 οἰκίαν,
3205 1876 3298 1929 καὶ
3330 1874 3641 1943 ἐσθήματα.
3662 1876 3757 1927 καὶ

2175 1974 2517 2045 ὑποδήματα,
2558 1972 2696 2041 μετὰ
2730 1970 2911 2040 πάσης
2958 1969 3184 2039 θεωρεῖν
3212 1965 3573 2037 εὐφροσύνης.
3609 1964 3756 2020 T93-

2172 2083 2265 2119 τον
2291 2065 2489 2135 ἔχουσα
2533 2061 2625 2114 τὸν
2679 2061 2858 2131 ἔρωτα
2907 2060 3036 2131 περὶ
3084 2057 3174 2111 τὸν
3222 2056 3455 2127 νυμφίον
3488 2058 3523 2124 ἠ
3550 2058 3608 2108 ἐν
3644 2059 3761 2117 τοῖς

2182 2158 2427 2227 ’ᾼσμασι
2454 2154 2565 2207 τῶν
2587 2154 2844 2225 ᾀσμάτων
2866 2151 3139 2221 φερομένη
3155 2149 3215 2201 νύ
3226 2167 3339 2220 μφη
3364 2149 3463 2219 βοᾷ
3479 2149 3725 2216 λέγουσα
3742 2165 3759 2179 ’

2185 2268 2202 2301 ι
2255 2250 2343 2312 Ὠς
2409 2247 2575 2318 μῆλον
2639 2248 2696 2298 ὲν
2740 2248 2853 2307 τοῖς
2904 2243 3081 2308 ξύλοις
3135 2243 3230 2295 τοῦ
3287 2241 3516 2312 δρυμοῦ,
3578 2241 3761 2305 οὕτως

2178 2344 2207 2395 ό
2238 2339 2548 2410 ἀδελφιδοῦς
2596 2355 2697 2408 μου
2748 2335 3020 2407 ἀναμέσον
3063 2334 3172 2388 τῶν
3202 2334 3358 2388 υἱῶν,
3396 2335 3485 2388 Ἐν
3527 2338 3593 2404 τῇ
3633 2337 3763 2403 σκιᾷ

2179 2432 2349 2488 αὐτοῦ
2373 2430 2693 2500 ἐπεθύμησα
2720 2428 2813 2483 καὶ
2836 2428 3087 2491 ἐκάθισα,
3119 2426 3331 2495 καρπὸς
3355 2425 3521 2478 αὑτοῦ
3556 2426 3762 2493 γλυκὶς

2180 2523 2241 2576 ὲν
2289 2518 2524 2593 λάρυγγί
2569 2535 2691 2589 μου.
2730 2536 2748 2569 ι
2792 2517 2959 2570 Οὐδὲν
2999 2511 3092 2570 οὖν
3142 2516 3367 2579 ἀπεικὸς
3412 2516 3535 2568 οὐδὲ
3561 2518 3589 2568 ὁ
3618 2516 3761 2577 θεῖος

2183 2608 2339 2677 οὗτος
2372 2611 2669 2681 πεποίηκεν
2698 2608 3004 2680 ἄνθρωπος,
3036 2608 3126 2660 τὸν
3164 2607 3325 2661 αὑτὸν
3357 2607 3482 2676 περὶ
3517 2607 3610 2661 τὸν
3634 2625 3765 2676 νυμ-

2186 2706 2308 2775 φίον
2354 2703 2647 2773 δεξάμενος
2678 2700 2877 2774 ἔρωτα,
2913 2701 3144 2762 καὶτοῖς
3181 2699 3279 2769 τῆς
3306 2697 3526 2768 νύμφης
3555 2698 3765 2768 χρησά-

2192 2814 2353 2869 μενος
2403 2796 2633 2868 ῥήμασι⁹
2666 2793 2997 2863 Τετρωμένη
3024 2792 3247 2861 ἀγάπης
3263 2792 3394 2859 ἐγώ.
3437 2790 3765 2859 Ποθήσαςδὲ

2189 2888 2441 2958 καθάπερ
2497 2886 2621 2938 τινὰ
2665 2882 2760 2937 τοῦ
2803 2882 3037 2953 νυμφίου
3091 2881 3366 2953 θεωρῆσαι
3421 2881 3602 2943 σκιὰν,
3641 2880 3765 2941 τοὺς

2190 2980 2399 3035 ἅπασιν
2449 2974 2764 3047 ἀνθρώποις
2813 2973 2913 3037 τὰς
2967 2973 3263 3043 σωτηρίους
3311 2972 3496 3042 πηγὰς
3532 2970 3764 3023 sum.

2195 3087 2394 3133 σαντας
2446 3066 2755 3138 ἐπεζήτησε
2805 3066 3026 3129 τόπους.
3089 3063 3428 3127 ’Δπολαύσας
3476 3062 3771 3134 τοιγαροῦν

2188 3157 2264 3217 ὧν
2318 3159 2651 3231 ἐπεπόθησε,
2714 3156 2959 3228 κατήχθη
3005 3157 3107 3228 μὲν
3140 3157 3220 3219 εἰς
3245 3157 3342 3226 τὴν
3378 3155 3725 3224 Ἀντιόχειαν
3753 3172 3767 3187 ⁸

2188 3253 2524 3322 θεασάμενος
2574 3248 2631 3301 δὲ
2660 3247 2761 3317 τῆς
2788 3246 2999 3308 πόλεως
3020 3245 3081 3297 τὸ
3103 3243 3363 3314 φιλόθεον,
3388 3242 3481 3311 τῆς
3504 3242 3777 3311 πατρίδος

2191 3345 2289 3418 τὴν
2332 3344 2490 3413 ξένην
2536 3339 2838 3413 προείλετο,
2890 3338 3115 3396 πολίτας
3159 3337 3465 3408 ἡγούμενος,
3519 3335 3580 3386 ού
3637 3335 3779 3397 τοὺς

2192 3436 2497 3509 ὁμοφύλους
2542 3434 2637 3487 καὶ
2678 3432 2987 3502 συγγενεῖς,
3019 3429 3156 3484 ἀλλὰ
3204 3429 3329 3489 τοὺς
3359 3424 3773 3496 ὁμογνώμονας,

2196 3532 2293 3586 καὶ
2328 3529 2431 3600 τῆς
2483 3527 2720 3590 πίστεως
2748 3524 3058 3589 κοινωνοὺς,
3087 3521 3182 3576 καὶ
3209 3521 3300 3574 τον
3322 3519 3483 3573 αὐτὸν
3516 3518 3775 3587 ἐφέλκον-

2194 3643 2295 3688 τας
2317 3624 2426 3692 ,τῆς
2462 3620 2742 3683 εύσεόείας
2781 3616 2964 3685 ζυγόν.
3001 3615 3223 3683 Ταύτην
3251 3611 3310 3666 δὲ
3353 3611 3451 3683 τὴν
3484 3610 3772 3680 διατριϐὴν

2200 3713 2513 3782 ἀγαπήσας,
2567 3710 2629 3763 οὐ
2674 3707 2881 3777 σκηνὴν
2925 3704 3209 3771 ἐξέτεινεν,
3250 3702 3314 3756 οὒ
3347 3699 3594 3767 καλύὸην
3646 3699 3776 3768 imi,-

2201 3802 2352 3870 ξατο,
2385 3802 2486 3854 οὐκ
2517 3798 2758 3855 οἰκίσκον
2779 3798 3093 3867 ἀνήγειρεν,
3115 3793 3227 3848 ἀλλ’
3254 3794 3312 3845 ὲν
3336 3790 3609 3862 ἀλλοτρίῳ
3629 3790 3777 3856 ταφῳ

2202 3893 2295 3946 τὸν
2327 3892 2503 3945 πάντα
2530 3888 2796 3943 διετέλεσε
2823 3886 3034 3958 χρόνον.
3065 3882 3344 3953 ’Υπερῷον
3363 3882 3420 3937 δὲ
3438 3879 3590 3951 εἶχεν
3606 3875 3774 3941 οὗτος.

2206 3987 2299 4040 καὶ
2330 3984 2637 4057 δρύφακτόν
2670 3998 2795 4034 τινα
2842 3976 3304 4051 προϐεϐλημένον,
3430 3972 3643 4040 κλίμαξ
3693 3989 3775 4025 cv-

2208 4074 2562 4149 νηρμοσμένη
2592 4074 2716 4135 τοὺς
2748 4070 3014 4139 ἀναϐῆναι
3054 4067 3409 4139 βουλομένους
3430 4064 3675 4134 ἐδέχετο.
3703 4063 3779 4115 Ἑν

2208 4168 2382 4237 τούτῳ
2430 4164 2829 4234 καθειργμένος
2862 4162 2946 4214 ὅτι
2984 4159 3234 4213 πλεῖστον
3271 4155 3537 4210 διετέλεσε
3569 4154 3777 4224 χρόνον,

527 4242 1009 4331 ουιιι-[ιιιὶιιιιιιιιυε
1028 4263 1249 4336 quidam
1264 4260 1366 4329 et],
1377 4257 1541 4328 188
1559 4253 1859 4313 insaniens,
1877 4249 2087 4317 maliqui

2212 4260 2364 4314 ὕδατι
2407 4257 2506 4328 μὲν
2545 4253 2738 4325 ψυχρῷ
2782 4251 3085 4324 χρώμενος,
3129 4249 3294 4320 ἄρτον
3330 4247 3389 4300 δὲ
3422 4246 3589 4317 μόνον
3619 4242 3781 4299 astati-

530 4363 797 4422 daamouis
820 4370 989 4415 (nstro
1008 4355 1245 4428 agitatus
1268 4351 1530 4413 venisset,
1550 4346 1665 4400 suis
1689 4344 1839 4397 illum
1861 4338 2081 4410 precibu

2218 4365 2397 4420 μενος,
2451 4346 2549 4399 καὶ
2592 4344 2763 4398 ταῦτα
2813 4344 2876 4397 ού
2915 4342 3039 4397 καθ’
3088 4342 3325 4410 ἑκάστην
3369 4337 3614 4410 ἡμέραν,
3663 4333 3783 4390 am

533 4456 840 4519 inundavit,
854 4464 907 4508 et
927 4452 994 4504 ab
1014 4448 1111 4504 illo
1126 4444 1326 4502 diaboli
1350 4436 1813 4496 iuroreliberavit.
1839 4431 1943 4487 Sed
1963 4430 2087 4484 abin

2222 4440 2345 4509 μίαν
2389 4438 2489 4509 μὲν
2532 4438 2717 4499 ἄσιτος
2761 4434 3052 4505 διαμόνων,
3095 4436 3162 4503 τῇ
3209 4432 3267 4485 δὲ
3294 4429 3561 4499 ὑστεραίᾳ
3590 4428 3784 4481 τούτων

535 4552 834 4611 nolentem,
864 4551 1256 4613 rogantemque
1281 4535 1386 4590 sibi
1423 4540 1483 4587 ut
1510 4527 1862 4585 liberationis
1895 4538 2108 4579 merce-

534 4643 658 4697 dem
697 4651 856 4693 suum
888 4612 994 4704 ipsi
1017 4627 1389 4684 ministerium
1420 4620 1720 4691 rependere
1756 4618 1968 4677 liceret,
2002 4612 2106 4667 ad-

537 4733 689 4787 misit
715 4732 767 4782 iu
799 4703 1248 4779 contubernium.
1278 4716 1343 4770 Et
1372 4714 1522 4767 hunc
1549 4710 1717 4766 etiam
1748 4721 1849 4779 ego
1886 4703 2031 4769 novi,
2057 4712 2113 4757 et

538 4822 791 4879 miraculi
824 4815 1069 4881 memini,
1099 4820 1154 4869 et
1188 4804 1495 4865 curationis
1542 4801 1852 4859 mercedem
1903 4798 2035 4862 vidi,
2060 4804 2113 4852 et

539 4915 719 4968 audivi
742 4926 865 4966 cum
891 4908 994 4977 ipsi
1029 4907 1095 4960 de
1125 4919 1212 4958 me
1242 4912 1550 4957 sermonem
1581 4894 1721 4948 inter
1743 4908 1801 4946 se
1829 4890 2113 4944 haberent.

541 5008 764 5062 Dicebat
791 5004 935 5058 enim
972 4996 1183 5058 Daniel,
1234 4995 1337 5048 hoc
1392 4990 1591 5059 quippe
1624 4987 1700 5039 illi
1728 4999 1950 5045 nomen,
1983 4995 2117 5050 pne-

541 5097 679 5153 clari
718 5094 880 5160 hujus
905 5086 1200 5144 ministerii
1226 5098 1311 5137 me
1344 5093 1566 5151 quoque
1596 5075 1916 5146 participem
1958 5072 2111 5124 futu-

546 5203 688 5241 rum.
724 5186 792 5236 At
842 5181 928 5234 vir
967 5179 1215 5237 divinus,
1279 5176 1564 5243 parentum
1600 5181 1725 5234 erga
1762 5178 1848 5216 me
1878 5174 2115 5214 amorem

547 5275 931 5337 considerans,
968 5271 1020 5324 id
1052 5268 1300 5322 futurum
1345 5260 1600 5331 negabat.
1642 5254 1796 5323 Saepe
1827 5260 2008 5306 autem
2036 5266 2122 5304 me

548 5373 781 5441 genibus
830 5370 947 5425 suis
977 5366 1301 5434 impositum
1336 5372 1440 5412 uva
1489 5370 1649 5426 passa
1690 5367 1934 5421 paneque
1965 5349 2121 5402 aluit.

549 5465 722 5520 Mater
747 5464 917 5525 enim,
960 5457 1307 5530 spiritualem
1346 5452 1469 5520 ejus
1491 5448 1723 5518 gratiam
1751 5452 2000 5513 experta,
2032 5457 2121 5496 se-

552 5558 657 5612 mel
687 5558 740 5610 in
770 5552 1110 5610 liebdomada
1156 5545 1597 5604 benedictionem
1637 5540 1783 5595 illam
1847 5537 2125 5605 percipere

632 5728 697 5779 zl
733 5727 859 5780 Cor.
892 5742 949 5786 ιι,
997 5723 1079 5775 l0.
1158 5734 1182 5762 ιι
1216 5719 1375 5775 Cant.
1406 5735 1465 5785 ιι,
1503 5717 1553 5770 ’6.
1634 5715 1659 5753 ι’
1689 5713 1845 5768 Cant.
1878 5721 1930 5774 ν,
1960 5700 2017 5758 8.

2214 4531 2392 4586 αὐτῶν
2434 4528 2872 4601 μεταλαγχάνων.
2917 4524 3133 4594 Ἐπειδὴ
3164 4523 3221 4577 δέ
3252 4539 3336 4583 τις
3374 4519 3614 4589 ἀφίκετο
3644 4535 3789 4587 κορυ-

2214 4622 2447 4677 ϐαντιῶν
2472 4621 2568 4675 καὶ
2601 4618 2881 4690 μεμηνὼς,
2908 4618 3004 4670 καὶ
3028 4617 3126 4685 τῆς
3149 4613 3246 4667 τοῦ
3276 4610 3512 4681 πονηροῦ
3535 4610 3788 4679 δαίμονος

2216 4713 2493 4785 ἐνεργείας
2528 4712 2838 4773 ἀνάπλεως,
2889 4708 3126 4775 ἑκάθαρε
3154 4706 3255 4776 μὲν
3291 4704 3453 4760 αὐτὸν
3490 4701 3790 4771 προσευξεὶο

2224 4819 2382 4873 μενος
2405 4842 2419 4866 ,
2453 4802 2549 4854 καὶ
2574 4802 2675 4870 τῆς
2713 4798 3027 4867 διαδολικῆς
3056 4797 3271 4869 ἐκείνης
3293 4791 3645 4863 ἠλευθέρωσε
3673 4792 3791 4861 ﬁu-
3902 4784 3903 4799 ¹

2221 4894 2391 4964 χείας.
2444 4891 2689 4944 ’Δπιέναι
2725 4890 2782 4941 δὲ
2816 4890 2889 4959 μὴ
2944 4887 3290 4958 βουλόμενον,
3340 4881 3476 4935 ἀλλὰ
3505 4881 3615 4951 τῆς
3646 4882 3795 4950 θερα-

2222 4988 2381 5049 πείας
2419 4986 2631 5056 ἐκείνης
2683 4984 2989 5036 ἀντιδοῦναι
3024 4980 3124 5049 τὴν
3167 4976 3443 5033 διακονίαν
3484 4972 3796 5027 καθικετεύ-

2223 5095 2410 5141 σαντα,
2466 5076 2712 5129 σύνοικον
2762 5075 3074 5143 ἐποιήσατο.
3122 5065 3255 5123 Οἶδα
3286 5068 3382 5121 καὶ
3434 5065 3637 5119 τοῦτον
3678 5061 3796 5128 ἐγὼ,
3902 5061 3903 5099 ἰ

2222 5171 2318 5223 καὶ
2360 5169 2453 5221 τοῦ
2483 5167 2763 5237 θαύματος
2800 5168 3106 5235 μέμνημαι,
3135 5162 3232 5213 καὶ
3260 5159 3350 5213 τὸν
3377 5159 3473 5227 τῆς
3501 5156 3798 5227 θεραπείας

2224 5260 2536 5331 ἐθεασάμην
2592 5257 2804 5329 μισθὸν,
2856 5257 3078 5317 καὶτῆς
3134 5252 3266 5321 περὶ¹
3314 5249 3449 5318 ὲμοῦ
3498 5249 3799 5317 γενομένης

2225 5352 2409 5413 αὐτοῖς
2458 5350 2669 5419 ἀκήκοα
2699 5344 3005 5409 διαλέξεως.
3037 5343 3097 5396 '0
3135 5342 3233 5412 μὲν
3254 5342 3361 5411 γὰρ
3393 5337 3601 5406 Δανιὴλ
3656 5337 3799 5399 ἔλεγε

2227 5441 2407 5512 (τοῦτο
2442 5440 2548 5511 γὰρ
2595 5437 2743 5508 αὐτῷ
2767 5437 2984 5506 ὄνομα),
3013 5436 3088 5499 ὡς
3118 5452 3137 5484 ι
3169 5434 3279 5503 Τῆς
3309 5429 3482 5498 καλῆς
3513 5427 3678 5497 αὐτῷ
3704 5427 3803 5478 Eu-

2230 5532 2411 5595 κονίας
2460 5531 2774 5599 κοινωνήσω
2815 5528 2989 5595 κάγώ.
3032 5546 3051 5579 ι
3102 5526 3161 5579 '0
3183 5524 3240 5578 δὲ
3268 5522 3555 5582 θεσπέσιος
3599 5520 3803 5577 ἐκεῖνος
