  <div class='ocr_page' id='page_1' title='image "/cluster/home/n/w/nwhite01/storage/ocr_20150623/82/hvd.32044020703054/770.png"; bbox 0 0 3974 6212; ppageno 0'>
   <div class='ocr_carea' id='block_1_1' title="bbox 313 252 430 314">
    <p class='ocr_par' dir='ltr' id='par_1_1' title="bbox 313 252 430 314">
     <span class='ocr_line' id='line_1_1' title="bbox 313 252 430 314; baseline 0 -2"><span class='ocrx_word' id='word_1_1' title='bbox 313 252 430 314; x_wconf 75' lang='lat' dir='ltr'><strong>i381</strong></span> 
     </span>
    </p>
   </div>
   <div class='ocr_carea' id='block_1_2' title="bbox 1505 234 2337 314">
    <p class='ocr_par' dir='ltr' id='par_1_2' title="bbox 1505 234 2337 314">
     <span class='ocr_line' id='line_1_2' title="bbox 1505 234 2337 314; baseline 0 0"><span class='ocrx_word' id='word_1_2' title='bbox 1505 234 1916 314; x_wconf 77' lang='lat' dir='ltr'><strong>RELIGIOSA</strong></span> <span class='ocrx_word' id='word_1_3' title='bbox 1949 253 2337 314; x_wconf 78' lang='lat' dir='ltr'><strong>HISTORIA.</strong></span> 
     </span>
    </p>
   </div>
   <div class='ocr_carea' id='block_1_3' title="bbox 3411 257 3549 320">
    <p class='ocr_par' dir='ltr' id='par_1_3' title="bbox 3411 257 3549 320">
     <span class='ocr_line' id='line_1_3' title="bbox 3411 257 3549 320; baseline 0.022 -3"><span class='ocrx_word' id='word_1_4' title='bbox 3411 257 3549 320; x_wconf 76' lang='lat'><strong>1332</strong></span> 
     </span>
    </p>
   </div>
   <div class='ocr_carea' id='block_1_4' title="bbox 301 363 1861 438">
    <p class='ocr_par' dir='ltr' id='par_1_4' title="bbox 301 363 1861 436">
     <span class='ocr_line' id='line_1_4' title="bbox 301 363 1861 436; baseline 0 -18"><span class='ocrx_word' id='word_1_5' title='bbox 301 364 431 434; x_wconf 72' lang='grc' dir='ltr'>ἀνὴρ</span> <span class='ocrx_word' id='word_1_6' title='bbox 463 364 524 416; x_wconf 73' lang='grc' dir='ltr'>οὗ</span> <span class='ocrx_word' id='word_1_7' title='bbox 569 364 934 434; x_wconf 81' lang='grc' dir='ltr'><strong>συνωμολόγει</strong></span> <span class='ocrx_word' id='word_1_8' title='bbox 968 363 1126 419; x_wconf 84' lang='grc' dir='ltr'>τοῦτο</span> <span class='ocrx_word' id='word_1_9' title='bbox 1169 365 1442 433; x_wconf 75' lang='grc' dir='ltr'>γενέσθαι,</span> <span class='ocrx_word' id='word_1_10' title='bbox 1481 365 1542 418; x_wconf 59' lang='grc' dir='ltr'><strong>τι</strong></span> <span class='ocrx_word' id='word_1_11' title='bbox 1589 367 1720 436; x_wconf 78' lang='grc' dir='ltr'>περὶ</span> <span class='ocrx_word' id='word_1_12' title='bbox 1767 366 1861 434; x_wconf 77' lang='grc' dir='ltr'>ἐμὲ</span> 
     </span>
    </p>
   </div>
   <div class='ocr_carea' id='block_1_5' title="bbox 1963 363 3550 438">
    <p class='ocr_par' dir='ltr' id='par_1_5' title="bbox 1969 366 3550 438">
     <span class='ocr_line' id='line_1_5' title="bbox 1969 366 3550 438; baseline 0.002 -21"><span class='ocrx_word' id='word_1_13' title='bbox 1969 381 2056 420; x_wconf 88' lang='lat' dir='ltr'><strong>me</strong></span> <span class='ocrx_word' id='word_1_14' title='bbox 2107 366 2356 435; x_wconf 82' lang='lat' dir='ltr'><strong>jnbebat.</strong></span> <span class='ocrx_word' id='word_1_15' title='bbox 2414 367 2545 436; x_wconf 80' lang='lat' dir='ltr'><strong>Ejus</strong></span> <span class='ocrx_word' id='word_1_16' title='bbox 2601 381 2765 438; x_wconf 87' lang='lat' dir='ltr'><strong>porro</strong></span> <span class='ocrx_word' id='word_1_17' title='bbox 2815 366 3062 422; x_wconf 73' lang='lat' dir='ltr'><strong>notitiam</strong></span> <span class='ocrx_word' id='word_1_18' title='bbox 3117 367 3550 422; x_wconf 72' lang='lat' dir='ltr'><strong>liae-occasione</strong></span> 
     </span>
    </p>
   </div>
   <div class='ocr_carea' id='block_1_6' title="bbox 302 455 1868 526">
    <p class='ocr_par' dir='ltr' id='par_1_6' title="bbox 302 455 1868 526">
     <span class='ocr_line' id='line_1_6' title="bbox 302 455 1868 526; baseline 0.002 -20"><span class='ocrx_word' id='word_1_19' title='bbox 302 456 406 508; x_wconf 83' lang='grc' dir='ltr'><strong>τῶν</strong></span> <span class='ocrx_word' id='word_1_20' title='bbox 431 455 833 525; x_wconf 72' lang='grc' dir='ltr'><strong>γεγεννηκότων</strong></span> <span class='ocrx_word' id='word_1_21' title='bbox 859 455 1212 524; x_wconf 74' lang='grc' dir='ltr'><strong>λογιζόμενος</strong></span> <span class='ocrx_word' id='word_1_22' title='bbox 1247 457 1486 526; x_wconf 78' lang='grc' dir='ltr'>φίλτρον.</span> <span class='ocrx_word' id='word_1_23' title='bbox 1527 456 1790 519; x_wconf 76' lang='grc' dir='ltr'><strong>Πολλάκις</strong></span> <span class='ocrx_word' id='word_1_24' title='bbox 1811 457 1868 510; x_wconf 86' lang='grc' dir='ltr'><strong>δέ</strong></span> 
     </span>
    </p>
   </div>
   <div class='ocr_carea' id='block_1_7' title="bbox 260 547 1870 620">
    <p class='ocr_par' dir='ltr' id='par_1_7' title="bbox 260 547 1870 620">
     <span class='ocr_line' id='line_1_7' title="bbox 260 547 1870 620; baseline 0.004 -26"><span class='ocrx_word' id='word_1_25' title='bbox 260 583 266 594; x_wconf 78' lang='grc'>.</span> <span class='ocrx_word' id='word_1_26' title='bbox 305 564 368 616; x_wconf 90' lang='grc' dir='ltr'><strong>με</strong></span> <span class='ocrx_word' id='word_1_27' title='bbox 416 550 525 610; x_wconf 83' lang='grc' dir='ltr'>τοῖς</span> <span class='ocrx_word' id='word_1_28' title='bbox 571 547 793 614; x_wconf 82' lang='grc' dir='ltr'>γόνασιν</span> <span class='ocrx_word' id='word_1_29' title='bbox 837 547 1186 610; x_wconf 86' lang='grc' dir='ltr'>ἐπικαθίσας,</span> <span class='ocrx_word' id='word_1_30' title='bbox 1219 548 1461 619; x_wconf 80' lang='grc' dir='ltr'>σταφυλῇ</span> <span class='ocrx_word' id='word_1_31' title='bbox 1500 566 1566 618; x_wconf 86' lang='grc' dir='ltr'><strong>με</strong></span> <span class='ocrx_word' id='word_1_32' title='bbox 1598 549 1692 601; x_wconf 82' lang='grc' dir='ltr'>καὶ</span> <span class='ocrx_word' id='word_1_33' title='bbox 1721 550 1870 620; x_wconf 81' lang='grc' dir='ltr'>ἄρτῳ</span> 
     </span>
    </p>
   </div>
   <div class='ocr_carea' id='block_1_8' title="bbox 305 637 1868 710">
    <p class='ocr_par' dir='ltr' id='par_1_8' title="bbox 305 637 1868 710">
     <span class='ocr_line' id='line_1_8' title="bbox 305 637 1868 710; baseline -0.001 -17"><span class='ocrx_word' id='word_1_34' title='bbox 305 639 564 709; x_wconf 77' lang='grc' dir='ltr'>διέθρεψε.</span> <span class='ocrx_word' id='word_1_35' title='bbox 597 640 800 709; x_wconf 82' lang='grc' dir='ltr'>Πεῖραν</span> <span class='ocrx_word' id='word_1_36' title='bbox 831 640 937 710; x_wconf 85' lang='grc' dir='ltr'>γὰρ</span> <span class='ocrx_word' id='word_1_37' title='bbox 975 637 1141 694; x_wconf 72' lang='grc' dir='ltr'>αὐτοῦ</span> <span class='ocrx_word' id='word_1_38' title='bbox 1166 639 1264 707; x_wconf 86' lang='grc' dir='ltr'>τῆς</span> <span class='ocrx_word' id='word_1_39' title='bbox 1307 639 1680 708; x_wconf 72' lang='grc' dir='ltr'><strong>πνευματικῆς</strong></span> <span class='ocrx_word' id='word_1_40' title='bbox 1709 639 1868 709; x_wconf 82' lang='grc' dir='ltr'>χάρι-</span> 
     </span>
    </p>
   </div>
   <div class='ocr_carea' id='block_1_9' title="bbox 303 730 1871 803">
    <p class='ocr_par' dir='ltr' id='par_1_9' title="bbox 303 730 1871 803">
     <span class='ocr_line' id='line_1_9' title="bbox 303 730 1871 803; baseline 0.001 -20"><span class='ocrx_word' id='word_1_41' title='bbox 303 749 384 795; x_wconf 77' lang='grc' dir='ltr'><strong>τος</strong></span> <span class='ocrx_word' id='word_1_42' title='bbox 413 733 444 802; x_wconf 78' lang='grc' dir='ltr'><strong>ὴ</strong></span> <span class='ocrx_word' id='word_1_43' title='bbox 477 733 659 802; x_wconf 80' lang='grc' dir='ltr'><strong>μήτηρ</strong></span> <span class='ocrx_word' id='word_1_44' title='bbox 693 731 985 801; x_wconf 75' lang='grc' dir='ltr'><strong>δεξαμένη,</strong></span> <span class='ocrx_word' id='word_1_45' title='bbox 1021 730 1166 796; x_wconf 76' lang='grc' dir='ltr'>ἅπαξ</span> <span class='ocrx_word' id='word_1_46' title='bbox 1197 749 1264 803; x_wconf 85' lang='grc' dir='ltr'><strong>με</strong></span> <span class='ocrx_word' id='word_1_47' title='bbox 1291 734 1390 802; x_wconf 85' lang='grc' dir='ltr'>τῆς</span> <span class='ocrx_word' id='word_1_48' title='bbox 1422 732 1710 803; x_wconf 71' lang='grc' dir='ltr'>ἑϐδομάδος</span> <span class='ocrx_word' id='word_1_49' title='bbox 1741 732 1871 784; x_wconf 77' lang='grc' dir='ltr'>ἑκά-</span> 
     </span>
    </p>
   </div>
   <div class='ocr_carea' id='block_1_10' title="bbox 301 822 1866 896">
    <p class='ocr_par' dir='ltr' id='par_1_10' title="bbox 301 822 1866 896">
     <span class='ocr_line' id='line_1_10' title="bbox 301 822 1866 896; baseline -0.002 -18"><span class='ocrx_word' id='word_1_50' title='bbox 301 841 428 894; x_wconf 86' lang='grc' dir='ltr'>στης</span> <span class='ocrx_word' id='word_1_51' title='bbox 475 825 681 896; x_wconf 86' lang='grc' dir='ltr'>τρυγᾷν</span> <span class='ocrx_word' id='word_1_52' title='bbox 715 824 928 894; x_wconf 82' lang='grc' dir='ltr'>ἐκείνην</span> <span class='ocrx_word' id='word_1_53' title='bbox 971 822 1071 892; x_wconf 79' lang='grc' dir='ltr'>τὴν</span> <span class='ocrx_word' id='word_1_54' title='bbox 1107 823 1360 891; x_wconf 78' lang='grc' dir='ltr'>εὐλογίαν</span> <span class='ocrx_word' id='word_1_55' title='bbox 1405 824 1642 876; x_wconf 81' lang='grc' dir='ltr'>ἐκέλευε.</span> <span class='ocrx_word' id='word_1_56' title='bbox 1674 823 1866 890; x_wconf 79' lang='grc' dir='ltr'>Γέγονε</span> 
     </span>
    </p>
   </div>
   <div class='ocr_carea' id='block_1_11' title="bbox 297 913 1866 986">
    <p class='ocr_par' dir='ltr' id='par_1_11' title="bbox 297 913 1866 986">
     <span class='ocr_line' id='line_1_11' title="bbox 297 913 1866 986; baseline -0.002 -18"><span class='ocrx_word' id='word_1_57' title='bbox 297 917 348 968; x_wconf 80' lang='grc' dir='ltr'>δὲ</span> <span class='ocrx_word' id='word_1_58' title='bbox 399 917 531 986; x_wconf 84' lang='grc' dir='ltr'>αὐτῇ</span> <span class='ocrx_word' id='word_1_59' title='bbox 589 914 864 985; x_wconf 82' lang='grc' dir='ltr'>γνώριμος</span> <span class='ocrx_word' id='word_1_60' title='bbox 915 914 974 981; x_wconf 79' lang='grc' dir='ltr'>ἐξ</span> <span class='ocrx_word' id='word_1_61' title='bbox 1019 915 1195 978; x_wconf 84' lang='grc' dir='ltr'>αίτίας</span> <span class='ocrx_word' id='word_1_62' title='bbox 1239 913 1470 967; x_wconf 77' lang='grc' dir='ltr'>τοιᾶσδεο</span> <span class='ocrx_word' id='word_1_63' title='bbox 1520 913 1696 977; x_wconf 81' lang='grc' dir='ltr'>Πάθος</span> <span class='ocrx_word' id='word_1_64' title='bbox 1729 915 1866 984; x_wconf 75' lang='grc' dir='ltr'>αὐτῇ</span> 
     </span>
    </p>
   </div>
   <div class='ocr_carea' id='block_1_12' title="bbox 297 1005 1866 1078">
    <p class='ocr_par' dir='ltr' id='par_1_12' title="bbox 297 1005 1866 1078">
     <span class='ocr_line' id='line_1_12' title="bbox 297 1005 1866 1078; baseline -0.001 -18"><span class='ocrx_word' id='word_1_65' title='bbox 297 1006 506 1078; x_wconf 84' lang='grc' dir='ltr'>θατέρῳ</span> <span class='ocrx_word' id='word_1_66' title='bbox 528 1007 636 1060; x_wconf 84' lang='grc' dir='ltr'><strong>τῶν</strong></span> <span class='ocrx_word' id='word_1_67' title='bbox 681 1007 976 1077; x_wconf 79' lang='grc' dir='ltr'>ὀφθαλμῶν</span> <span class='ocrx_word' id='word_1_68' title='bbox 1024 1005 1357 1076; x_wconf 70' lang='grc' dir='ltr'>ἐπισκῆψαν,</span> <span class='ocrx_word' id='word_1_69' title='bbox 1406 1009 1653 1078; x_wconf 81' lang='grc' dir='ltr'>κρεῖττον</span> <span class='ocrx_word' id='word_1_70' title='bbox 1693 1007 1866 1078; x_wconf 79' lang='grc' dir='ltr'>ἐφάνη</span> 
     </span>
    </p>
   </div>
   <div class='ocr_carea' id='block_1_13' title="bbox 297 1093 1867 1172">
    <p class='ocr_par' dir='ltr' id='par_1_13' title="bbox 297 1093 1867 1172">
     <span class='ocr_line' id='line_1_13' title="bbox 297 1093 1867 1172; baseline -0.002 -20"><span class='ocrx_word' id='word_1_71' title='bbox 297 1099 546 1172; x_wconf 80' lang='grc' dir='ltr'>ίατρικῆς</span> <span class='ocrx_word' id='word_1_72' title='bbox 579 1100 888 1170; x_wconf 78' lang='grc' dir='ltr'><strong>ἐπιστήμης</strong></span> <span class='ocrx_word' id='word_1_73' title='bbox 916 1114 930 1128; x_wconf 74' lang='grc' dir='ltr'><strong>ο</strong></span> <span class='ocrx_word' id='word_1_74' title='bbox 969 1098 1120 1152; x_wconf 75' lang='grc' dir='ltr'>οὐδὲν</span> <span class='ocrx_word' id='word_1_75' title='bbox 1152 1098 1262 1166; x_wconf 83' lang='grc' dir='ltr'>γὰρ</span> <span class='ocrx_word' id='word_1_76' title='bbox 1289 1093 1380 1168; x_wconf 75' lang='grc' dir='ltr'>ἦν,</span> <span class='ocrx_word' id='word_1_77' title='bbox 1419 1097 1453 1168; x_wconf 80' lang='grc' dir='ltr'>ἢ</span> <span class='ocrx_word' id='word_1_78' title='bbox 1481 1101 1593 1160; x_wconf 85' lang='grc' dir='ltr'>τοῖς</span> <span class='ocrx_word' id='word_1_79' title='bbox 1621 1097 1867 1160; x_wconf 82' lang='grc' dir='ltr'>παλαιοῖς</span> 
     </span>
    </p>
   </div>
   <div class='ocr_carea' id='block_1_14' title="bbox 295 1187 1868 1260">
    <p class='ocr_par' dir='ltr' id='par_1_14' title="bbox 295 1187 1868 1260">
     <span class='ocr_line' id='line_1_14' title="bbox 295 1187 1868 1260; baseline -0.003 -16"><span class='ocrx_word' id='word_1_80' title='bbox 295 1190 802 1260; x_wconf 82' lang='grc' dir='ltr'>συγγεγραμμένον,</span> <span class='ocrx_word' id='word_1_81' title='bbox 835 1191 868 1260; x_wconf 80' lang='grc' dir='ltr'>ἢ</span> <span class='ocrx_word' id='word_1_82' title='bbox 899 1191 1012 1253; x_wconf 87' lang='grc' dir='ltr'>τοῖς</span> <span class='ocrx_word' id='word_1_83' title='bbox 1032 1187 1257 1258; x_wconf 83' lang='grc' dir='ltr'>ὕστερον</span> <span class='ocrx_word' id='word_1_84' title='bbox 1299 1189 1614 1258; x_wconf 77' lang='grc' dir='ltr'>γενομένοις</span> <span class='ocrx_word' id='word_1_85' title='bbox 1643 1187 1868 1260; x_wconf 77' lang='grc' dir='ltr'>ἐξευρηο</span> 
     </span>
    </p>
   </div>
   <div class='ocr_carea' id='block_1_15' title="bbox 295 1277 1868 1352">
    <p class='ocr_par' dir='ltr' id='par_1_15' title="bbox 295 1277 1868 1352">
     <span class='ocr_line' id='line_1_15' title="bbox 295 1277 1868 1352; baseline -0.002 -19"><span class='ocrx_word' id='word_1_86' title='bbox 295 1283 474 1350; x_wconf 84' lang='grc' dir='ltr'>μένον,</span> <span class='ocrx_word' id='word_1_87' title='bbox 511 1280 540 1332; x_wconf 82' lang='grc' dir='ltr'><strong>ὃ</strong></span> <span class='ocrx_word' id='word_1_88' title='bbox 574 1281 647 1352; x_wconf 84' lang='grc' dir='ltr'>μὴ</span> <span class='ocrx_word' id='word_1_89' title='bbox 687 1278 1031 1350; x_wconf 82' lang='grc' dir='ltr'>προσηνέχθη</span> <span class='ocrx_word' id='word_1_90' title='bbox 1067 1281 1134 1349; x_wconf 81' lang='grc' dir='ltr'>τῇ</span> <span class='ocrx_word' id='word_1_91' title='bbox 1178 1277 1337 1348; x_wconf 82' lang='grc' dir='ltr'>νόσῳ.</span> <span class='ocrx_word' id='word_1_92' title='bbox 1372 1278 1591 1347; x_wconf 85' lang='grc' dir='ltr'>Ἐπειδὴ</span> <span class='ocrx_word' id='word_1_93' title='bbox 1633 1277 1690 1330; x_wconf 78' lang='grc' dir='ltr'>δὲ</span> <span class='ocrx_word' id='word_1_94' title='bbox 1713 1277 1868 1347; x_wconf 74' lang='grc' dir='ltr'>ἦλεγ-</span> 
     </span>
    </p>
   </div>
   <div class='ocr_carea' id='block_1_16' title="bbox 292 1370 1862 1441">
    <p class='ocr_par' dir='ltr' id='par_1_16' title="bbox 292 1370 1862 1441">
     <span class='ocr_line' id='line_1_16' title="bbox 292 1370 1862 1441; baseline -0.003 -13"><span class='ocrx_word' id='word_1_95' title='bbox 292 1373 381 1441; x_wconf 85' lang='grc' dir='ltr'>ξεν</span> <span class='ocrx_word' id='word_1_96' title='bbox 428 1374 663 1436; x_wconf 73' lang='grc' dir='ltr'>ἅπαντα,</span> <span class='ocrx_word' id='word_1_97' title='bbox 707 1373 802 1426; x_wconf 64' lang='grc' dir='ltr'><strong>κοιλ⁵</strong></span> <span class='ocrx_word' id='word_1_98' title='bbox 843 1371 1078 1436; x_wconf 79' lang='grc' dir='ltr'>ἐδίδαξεν</span> <span class='ocrx_word' id='word_1_99' title='bbox 1125 1370 1380 1439; x_wconf 79' lang='grc' dir='ltr'>οὐδεμίαν</span> <span class='ocrx_word' id='word_1_100' title='bbox 1426 1371 1613 1440; x_wconf 75' lang='grc' dir='ltr'>ὄνησιν</span> <span class='ocrx_word' id='word_1_101' title='bbox 1648 1371 1862 1440; x_wconf 74' lang='grc' dir='ltr'>ἔχοντα,</span> 
     </span>
    </p>
   </div>
   <div class='ocr_carea' id='block_1_17' title="bbox 291 1460 1868 1537">
    <p class='ocr_par' dir='ltr' id='par_1_17' title="bbox 291 1460 1868 1537">
     <span class='ocr_line' id='line_1_17' title="bbox 291 1460 1868 1537; baseline -0.004 -16"><span class='ocrx_word' id='word_1_102' title='bbox 291 1460 395 1537; x_wconf 80' lang='grc' dir='ltr'><strong>ἧκέ</strong></span> <span class='ocrx_word' id='word_1_103' title='bbox 418 1483 502 1529; x_wconf 88' lang='grc' dir='ltr'><strong>τις</strong></span> <span class='ocrx_word' id='word_1_104' title='bbox 530 1465 638 1518; x_wconf 79' lang='grc' dir='ltr'>τῶν</span> <span class='ocrx_word' id='word_1_105' title='bbox 669 1463 915 1532; x_wconf 86' lang='grc' dir='ltr'>συνήθων</span> <span class='ocrx_word' id='word_1_106' title='bbox 943 1463 1036 1518; x_wconf 73' lang='grc' dir='ltr'>τὸν</span> <span class='ocrx_word' id='word_1_107' title='bbox 1071 1463 1212 1518; x_wconf 85' lang='grc' dir='ltr'>θεῖον</span> <span class='ocrx_word' id='word_1_108' title='bbox 1239 1462 1407 1533; x_wconf 78' lang='grc' dir='ltr'>ἄνδρα</span> <span class='ocrx_word' id='word_1_109' title='bbox 1440 1461 1742 1532; x_wconf 80' lang='grc' dir='ltr'>μηνύουσα,</span> <span class='ocrx_word' id='word_1_110' title='bbox 1772 1461 1868 1514; x_wconf 60' lang='grc' dir='ltr'><strong>καλ⁵</strong></span> 
     </span>
    </p>
   </div>
   <div class='ocr_carea' id='block_1_18' title="bbox 290 1551 1866 1626">
    <p class='ocr_par' dir='ltr' id='par_1_18' title="bbox 290 1551 1866 1626">
     <span class='ocr_line' id='line_1_18' title="bbox 290 1551 1866 1626; baseline -0.002 -18"><span class='ocrx_word' id='word_1_111' title='bbox 290 1557 352 1610; x_wconf 73' lang='grc' dir='ltr'>τὸ</span> <span class='ocrx_word' id='word_1_112' title='bbox 402 1553 770 1626; x_wconf 79' lang='grc' dir='ltr'>γεγενημένον</span> <span class='ocrx_word' id='word_1_113' title='bbox 811 1555 904 1608; x_wconf 78' lang='grc' dir='ltr'><strong>ὑπ’</strong></span> <span class='ocrx_word' id='word_1_114' title='bbox 933 1553 1102 1607; x_wconf 86' lang='grc' dir='ltr'>αὐτοῦ</span> <span class='ocrx_word' id='word_1_115' title='bbox 1147 1552 1475 1608; x_wconf 79' lang='grc' dir='ltr'>διδάσκουσα</span> <span class='ocrx_word' id='word_1_116' title='bbox 1513 1551 1718 1621; x_wconf 88' lang='grc' dir='ltr'>θαῦμα.</span> <span class='ocrx_word' id='word_1_117' title='bbox 1754 1552 1866 1622; x_wconf 76' lang='grc' dir='ltr'><strong>Τὴν</strong></span> 
     </span>
    </p>
   </div>
   <div class='ocr_carea' id='block_1_19' title="bbox 289 1625 1865 1719">
    <p class='ocr_par' dir='ltr' id='par_1_19' title="bbox 289 1625 1865 1719">
     <span class='ocr_line' id='line_1_19' title="bbox 289 1625 1865 1719; baseline -0.002 -18"><span class='ocrx_word' id='word_1_118' title='bbox 289 1625 421 1719; x_wconf 75' lang='grc' dir='ltr'><strong>γὰρ</strong></span> <span class='ocrx_word' id='word_1_119' title='bbox 445 1625 690 1718; x_wconf 78' lang='grc' dir='ltr'>ὁμόζυγα</span> <span class='ocrx_word' id='word_1_120' title='bbox 739 1645 894 1714; x_wconf 78' lang='grc' dir='ltr'>ἔλεγε</span> <span class='ocrx_word' id='word_1_121' title='bbox 924 1645 1017 1699; x_wconf 82' lang='grc' dir='ltr'><strong>τοῦ</strong></span> <span class='ocrx_word' id='word_1_122' title='bbox 1051 1645 1304 1716; x_wconf 81' lang='grc' dir='ltr'>τηνικάδε</span> <span class='ocrx_word' id='word_1_123' title='bbox 1329 1645 1430 1714; x_wconf 83' lang='grc' dir='ltr'>τῆς</span> <span class='ocrx_word' id='word_1_124' title='bbox 1455 1644 1570 1698; x_wconf 84' lang='grc' dir='ltr'>Ἕω</span> <span class='ocrx_word' id='word_1_125' title='bbox 1609 1644 1865 1715; x_wconf 86' lang='grc' dir='ltr'>κατέχον-</span> 
     </span>
    </p>
   </div>
   <div class='ocr_carea' id='block_1_20' title="bbox 1974 458 3551 527">
    <p class='ocr_par' dir='ltr' id='par_1_20' title="bbox 1974 458 3551 527">
     <span class='ocr_line' id='line_1_20' title="bbox 1974 458 3551 527; baseline 0.003 -17"><span class='ocrx_word' id='word_1_126' title='bbox 1974 458 2166 527; x_wconf 81' lang='lat' dir='ltr'><strong>adepta</strong></span> <span class='ocrx_word' id='word_1_127' title='bbox 2205 465 2334 512; x_wconf 87' lang='lat' dir='ltr'><strong>est:</strong></span> <span class='ocrx_word' id='word_1_128' title='bbox 2375 458 2687 515; x_wconf 85' lang='lat' dir='ltr'><strong>Laborabat</strong></span> <span class='ocrx_word' id='word_1_129' title='bbox 2722 459 2796 513; x_wconf 91' lang='lat' dir='ltr'><strong>illi</strong></span> <span class='ocrx_word' id='word_1_130' title='bbox 2851 461 2988 513; x_wconf 96' lang='lat' dir='ltr'><strong>alter</strong></span> <span class='ocrx_word' id='word_1_131' title='bbox 3015 458 3301 512; x_wconf 88' lang='lat' dir='ltr'><strong>oculorum</strong></span> <span class='ocrx_word' id='word_1_132' title='bbox 3353 465 3551 514; x_wconf 86' lang='lat' dir='ltr'><strong>morbo</strong></span> 
     </span>
    </p>
   </div>
   <div class='ocr_carea' id='block_1_21' title="bbox 1975 547 3547 618">
    <p class='ocr_par' dir='ltr' id='par_1_21' title="bbox 1975 547 3547 618">
     <span class='ocr_line' id='line_1_21' title="bbox 1975 547 3547 618; baseline 0 -16"><span class='ocrx_word' id='word_1_133' title='bbox 1975 549 2268 618; x_wconf 75' lang='lat' dir='ltr'><strong>ejusmodi,</strong></span> <span class='ocrx_word' id='word_1_134' title='bbox 2301 550 2391 603; x_wconf 92' lang='lat' dir='ltr'><strong>cui</strong></span> <span class='ocrx_word' id='word_1_135' title='bbox 2421 549 2618 605; x_wconf 83' lang='lat' dir='ltr'><strong>cedere</strong></span> <span class='ocrx_word' id='word_1_136' title='bbox 2657 565 2750 606; x_wconf 85' lang='lat' dir='ltr'><strong>ars</strong></span> <span class='ocrx_word' id='word_1_137' title='bbox 2800 550 3009 603; x_wconf 86' lang='lat' dir='ltr'><strong>medica</strong></span> <span class='ocrx_word' id='word_1_138' title='bbox 3045 547 3357 603; x_wconf 77' lang='lat' dir='ltr'><strong>videbatur.</strong></span> <span class='ocrx_word' id='word_1_139' title='bbox 3403 550 3547 604; x_wconf 74' lang='lat' dir='ltr'><strong>Nihil</strong></span> 
     </span>
    </p>
   </div>
   <div class='ocr_carea' id='block_1_22' title="bbox 1972 641 3550 711">
    <p class='ocr_par' dir='ltr' id='par_1_22' title="bbox 1972 641 3550 711">
     <span class='ocr_line' id='line_1_22' title="bbox 1972 641 3550 711; baseline 0.001 -16"><span class='ocrx_word' id='word_1_140' title='bbox 1972 641 2119 695; x_wconf 90' lang='lat' dir='ltr'><strong>enim</strong></span> <span class='ocrx_word' id='word_1_141' title='bbox 2157 649 2298 703; x_wconf 87' lang='lat' dir='ltr'><strong>erat,</strong></span> <span class='ocrx_word' id='word_1_142' title='bbox 2332 642 2414 694; x_wconf 89' lang='lat' dir='ltr'><strong>vel</strong></span> <span class='ocrx_word' id='word_1_143' title='bbox 2445 641 2820 710; x_wconf 88' lang='lat' dir='ltr'><strong>conscriptum</strong></span> <span class='ocrx_word' id='word_1_144' title='bbox 2855 642 2924 693; x_wconf 88' lang='lat' dir='ltr'><strong>ab</strong></span> <span class='ocrx_word' id='word_1_145' title='bbox 2963 641 3245 711; x_wconf 76' lang='lat' dir='ltr'><strong>antiquis.</strong></span> <span class='ocrx_word' id='word_1_146' title='bbox 3288 641 3424 695; x_wconf 89' lang='lat' dir='ltr'><strong>vela</strong></span> <span class='ocrx_word' id='word_1_147' title='bbox 3460 657 3550 696; x_wconf 88' lang='lat' dir='ltr'><strong>re-</strong></span> 
     </span>
    </p>
   </div>
   <div class='ocr_carea' id='block_1_23' title="bbox 1967 730 3546 800">
    <p class='ocr_par' dir='ltr' id='par_1_23' title="bbox 1967 730 3546 800">
     <span class='ocr_line' id='line_1_23' title="bbox 1967 730 3546 800; baseline -0.001 -16"><span class='ocrx_word' id='word_1_148' title='bbox 1967 731 2316 785; x_wconf 83' lang='lat' dir='ltr'><strong>centioribus</strong></span> <span class='ocrx_word' id='word_1_149' title='bbox 2341 731 2644 794; x_wconf 85' lang='lat' dir='ltr'><strong>inventum,</strong></span> <span class='ocrx_word' id='word_1_150' title='bbox 2671 731 2814 800; x_wconf 84' lang='lat' dir='ltr'><strong>quod</strong></span> <span class='ocrx_word' id='word_1_151' title='bbox 2841 731 2970 784; x_wconf 78' lang='lat' dir='ltr'><strong>huic</strong></span> <span class='ocrx_word' id='word_1_152' title='bbox 2987 730 3237 784; x_wconf 88' lang='lat' dir='ltr'><strong>curando</strong></span> <span class='ocrx_word' id='word_1_153' title='bbox 3263 731 3546 784; x_wconf 86' lang='lat' dir='ltr'><strong>admotum</strong></span> 
     </span>
    </p>
   </div>
   <div class='ocr_carea' id='block_1_24' title="bbox 1982 819 3548 892">
    <p class='ocr_par' dir='ltr' id='par_1_24' title="bbox 1982 819 3548 892">
     <span class='ocr_line' id='line_1_24' title="bbox 1982 819 3548 892; baseline 0.001 -17"><span class='ocrx_word' id='word_1_154' title='bbox 1982 837 2092 875; x_wconf 89' lang='lat' dir='ltr'><strong>non</strong></span> <span class='ocrx_word' id='word_1_155' title='bbox 2114 821 2330 876; x_wconf 82' lang='lat' dir='ltr'><strong>fuisset.</strong></span> <span class='ocrx_word' id='word_1_156' title='bbox 2353 819 2646 889; x_wconf 75' lang='lat' dir='ltr'><strong>Postquam</strong></span> <span class='ocrx_word' id='word_1_157' title='bbox 2675 831 2855 875; x_wconf 89' lang='lat' dir='ltr'><strong>autem</strong></span> <span class='ocrx_word' id='word_1_158' title='bbox 2879 823 3066 874; x_wconf 85' lang='lat' dir='ltr'><strong>omnia</strong></span> <span class='ocrx_word' id='word_1_159' title='bbox 3087 823 3302 886; x_wconf 90' lang='lat' dir='ltr'><strong>revicit,</strong></span> <span class='ocrx_word' id='word_1_160' title='bbox 3321 831 3371 876; x_wconf 93' lang='lat' dir='ltr'><strong>et</strong></span> <span class='ocrx_word' id='word_1_161' title='bbox 3392 837 3548 892; x_wconf 79' lang='lat' dir='ltr'><strong>opem</strong></span> 
     </span>
    </p>
   </div>
   <div class='ocr_carea' id='block_1_25' title="bbox 1971 911 3548 976">
    <p class='ocr_par' dir='ltr' id='par_1_25' title="bbox 1971 911 3548 976">
     <span class='ocr_line' id='line_1_25' title="bbox 1971 911 3548 976; baseline 0.001 -10"><span class='ocrx_word' id='word_1_162' title='bbox 1971 913 2176 967; x_wconf 81' lang='lat' dir='ltr'><strong>nullam</strong></span> <span class='ocrx_word' id='word_1_163' title='bbox 2229 911 2426 968; x_wconf 66' lang='lat' dir='ltr'><strong>afferre</strong></span> <span class='ocrx_word' id='word_1_164' title='bbox 2479 912 2692 976; x_wconf 87' lang='lat' dir='ltr'><strong>docuit,</strong></span> <span class='ocrx_word' id='word_1_165' title='bbox 2757 913 3022 966; x_wconf 80' lang='lat' dir='ltr'><strong>indicavit</strong></span> <span class='ocrx_word' id='word_1_166' title='bbox 3073 913 3224 966; x_wconf 86' lang='lat' dir='ltr'><strong>illum</strong></span> <span class='ocrx_word' id='word_1_167' title='bbox 3283 915 3548 969; x_wconf 78' lang='lat' dir='ltr'><strong>arcedens</strong></span> 
     </span>
    </p>
   </div>
   <div class='ocr_carea' id='block_1_26' title="bbox 1971 1002 3550 1072">
    <p class='ocr_par' dir='ltr' id='par_1_26' title="bbox 1971 1002 3550 1072">
     <span class='ocr_line' id='line_1_26' title="bbox 1971 1002 3550 1072; baseline 0.001 -16"><span class='ocrx_word' id='word_1_168' title='bbox 1971 1004 2168 1057; x_wconf 89' lang='lat' dir='ltr'><strong>mulier</strong></span> <span class='ocrx_word' id='word_1_169' title='bbox 2197 1002 2502 1072; x_wconf 70' lang='lat' dir='ltr'><strong>quaedam‘e</strong></span> <span class='ocrx_word' id='word_1_170' title='bbox 2531 1002 2873 1064; x_wconf 83' lang='lat' dir='ltr'><strong>domesticis,</strong></span> <span class='ocrx_word' id='word_1_171' title='bbox 2921 1002 3158 1072; x_wconf 74' lang='lat' dir='ltr'><strong>factique</strong></span> <span class='ocrx_word' id='word_1_172' title='bbox 3185 1004 3256 1057; x_wconf 90' lang='lat' dir='ltr'><strong>ab</strong></span> <span class='ocrx_word' id='word_1_173' title='bbox 3285 1019 3351 1058; x_wconf 91' lang='lat' dir='ltr'><strong>eo</strong></span> <span class='ocrx_word' id='word_1_174' title='bbox 3381 1005 3550 1057; x_wconf 88' lang='lat' dir='ltr'><strong>mira-</strong></span> 
     </span>
    </p>
   </div>
   <div class='ocr_carea' id='block_1_27' title="bbox 1969 1092 3553 1148">
    <p class='ocr_par' dir='ltr' id='par_1_27' title="bbox 1969 1092 3553 1148">
     <span class='ocr_line' id='line_1_27' title="bbox 1969 1092 3553 1148; baseline 0 -2"><span class='ocrx_word' id='word_1_175' title='bbox 1969 1093 2076 1147; x_wconf 92' lang='lat' dir='ltr'><strong>culi</strong></span> <span class='ocrx_word' id='word_1_176' title='bbox 2134 1095 2466 1148; x_wconf 84' lang='lat' dir='ltr'><strong>mentionem</strong></span> <span class='ocrx_word' id='word_1_177' title='bbox 2523 1092 2671 1148; x_wconf 82' lang='lat' dir='ltr'><strong>fecit.</strong></span> <span class='ocrx_word' id='word_1_178' title='bbox 2703 1093 2900 1146; x_wconf 83' lang='lat' dir='ltr'><strong>Aiebat</strong></span> <span class='ocrx_word' id='word_1_179' title='bbox 2927 1093 3072 1146; x_wconf 87' lang='lat' dir='ltr'><strong>enim</strong></span> <span class='ocrx_word' id='word_1_180' title='bbox 3119 1107 3346 1146; x_wconf 73' lang='lat' dir='ltr'><strong>uxorem</strong></span> <span class='ocrx_word' id='word_1_181' title='bbox 3406 1093 3553 1146; x_wconf 77' lang='lat' dir='ltr'><strong>illius</strong></span> 
     </span>
    </p>
   </div>
   <div class='ocr_carea' id='block_1_28' title="bbox 1961 1183 3547 1256">
    <p class='ocr_par' dir='ltr' id='par_1_28' title="bbox 1961 1183 3547 1256">
     <span class='ocr_line' id='line_1_28' title="bbox 1961 1183 3547 1256; baseline -0.001 -18"><span class='ocrx_word' id='word_1_182' title='bbox 1961 1186 2059 1255; x_wconf 86' lang='lat' dir='ltr'><strong>qui</strong></span> <span class='ocrx_word' id='word_1_183' title='bbox 2095 1194 2228 1239; x_wconf 90' lang='lat' dir='ltr'><strong>tunc</strong></span> <span class='ocrx_word' id='word_1_184' title='bbox 2275 1186 2504 1256; x_wconf 80' lang='lat' dir='ltr'><strong>regebat</strong></span> <span class='ocrx_word' id='word_1_185' title='bbox 2561 1185 2860 1247; x_wconf 81' lang='lat' dir='ltr'><strong>Orientem,</strong></span> <span class='ocrx_word' id='word_1_186' title='bbox 2901 1183 3225 1254; x_wconf 72' lang='lat' dir='ltr'><strong>Pergamius</strong></span> <span class='ocrx_word' id='word_1_187' title='bbox 3261 1193 3444 1237; x_wconf 82' lang='lat' dir='ltr'><strong>autem</strong></span> <span class='ocrx_word' id='word_1_188' title='bbox 3500 1185 3547 1237; x_wconf 69' lang='lat' dir='ltr'><strong>is</strong></span> 
     </span>
    </p>
   </div>
   <div class='ocr_carea' id='block_1_29' title="bbox 1973 1275 3552 1346">
    <p class='ocr_par' dir='ltr' id='par_1_29' title="bbox 1973 1275 3552 1346">
     <span class='ocr_line' id='line_1_29' title="bbox 1973 1275 3552 1346; baseline -0.003 -14"><span class='ocrx_word' id='word_1_189' title='bbox 1973 1289 2115 1342; x_wconf 84' lang='lat' dir='ltr'><strong>erat,</strong></span> <span class='ocrx_word' id='word_1_190' title='bbox 2149 1293 2275 1331; x_wconf 89' lang='lat' dir='ltr'><strong>eum</strong></span> <span class='ocrx_word' id='word_1_191' title='bbox 2298 1278 2489 1332; x_wconf 86' lang='lat' dir='ltr'><strong>eodem</strong></span> <span class='ocrx_word' id='word_1_192' title='bbox 2521 1277 2716 1332; x_wconf 81' lang='lat' dir='ltr'><strong>tltO‘l‘bO</strong></span> <span class='ocrx_word' id='word_1_193' title='bbox 2743 1283 3088 1346; x_wconf 79' lang='lat' dir='ltr'><strong>premeretur</strong></span> <span class='ocrx_word' id='word_1_194' title='bbox 3121 1275 3188 1328; x_wconf 82' lang='lat' dir='ltr'><strong>ab</strong></span> <span class='ocrx_word' id='word_1_195' title='bbox 3206 1290 3274 1329; x_wconf 85' lang='lat' dir='ltr'><strong>eo</strong></span> <span class='ocrx_word' id='word_1_196' title='bbox 3301 1283 3552 1329; x_wconf 83' lang='lat' dir='ltr'><strong>curatam</strong></span> 
     </span>
    </p>
   </div>
   <div class='ocr_carea' id='block_1_30' title="bbox 1971 1367 3553 1439">
    <p class='ocr_par' dir='ltr' id='par_1_30' title="bbox 1971 1367 3553 1439">
     <span class='ocr_line' id='line_1_30' title="bbox 1971 1367 3553 1439; baseline -0.003 -16"><span class='ocrx_word' id='word_1_197' title='bbox 1971 1369 2146 1424; x_wconf 81' lang='lat' dir='ltr'><strong>fuisse</strong></span> <span class='ocrx_word' id='word_1_198' title='bbox 2179 1369 2438 1439; x_wconf 83' lang='lat' dir='ltr'><strong>precibus</strong></span> <span class='ocrx_word' id='word_1_199' title='bbox 2466 1379 2518 1424; x_wconf 88' lang='lat' dir='ltr'><strong>et</strong></span> <span class='ocrx_word' id='word_1_200' title='bbox 2549 1369 2732 1422; x_wconf 74' lang='lat' dir='ltr'><strong>crucis</strong></span> <span class='ocrx_word' id='word_1_201' title='bbox 2761 1367 3073 1436; x_wconf 77' lang='lat' dir='ltr'><strong>signaculo.</strong></span> <span class='ocrx_word' id='word_1_202' title='bbox 3100 1367 3324 1420; x_wconf 84' lang='lat' dir='ltr'><strong>Audivit</strong></span> <span class='ocrx_word' id='word_1_203' title='bbox 3355 1375 3553 1430; x_wconf 86' lang='lat' dir='ltr'><strong>mater,</strong></span> 
     </span>
    </p>
   </div>
   <div class='ocr_carea' id='block_1_31' title="bbox 1959 1455 3552 1530">
    <p class='ocr_par' dir='ltr' id='par_1_31' title="bbox 1959 1455 3552 1530">
     <span class='ocr_line' id='line_1_31' title="bbox 1959 1455 3552 1530; baseline -0.003 -16"><span class='ocrx_word' id='word_1_204' title='bbox 1959 1461 2372 1530; x_wconf 79' lang='lat' dir='ltr'><strong>confestimque</strong></span> <span class='ocrx_word' id='word_1_205' title='bbox 2393 1461 2457 1513; x_wconf 82' lang='lat' dir='ltr'><strong>ad</strong></span> <span class='ocrx_word' id='word_1_206' title='bbox 2481 1459 2727 1514; x_wconf 81' lang='lat' dir='ltr'><strong>divinum</strong></span> <span class='ocrx_word' id='word_1_207' title='bbox 2759 1458 3035 1512; x_wconf 74' lang='lat' dir='ltr'><strong>hominem</strong></span> <span class='ocrx_word' id='word_1_208' title='bbox 3069 1474 3130 1512; x_wconf 80' lang='lat' dir='ltr'><strong>se</strong></span> <span class='ocrx_word' id='word_1_209' title='bbox 3156 1457 3413 1512; x_wconf 80' lang='lat' dir='ltr'><strong>contulit.</strong></span> <span class='ocrx_word' id='word_1_210' title='bbox 3441 1455 3552 1510; x_wconf 78' lang='lat' dir='ltr'><strong>Ha-</strong></span> 
     </span>
    </p>
   </div>
   <div class='ocr_carea' id='block_1_32' title="bbox 1970 1547 3552 1607">
    <p class='ocr_par' dir='ltr' id='par_1_32' title="bbox 1970 1547 3552 1607">
     <span class='ocr_line' id='line_1_32' title="bbox 1970 1547 3552 1607; baseline -0.003 -1"><span class='ocrx_word' id='word_1_211' title='bbox 1970 1551 2130 1606; x_wconf 81' lang='lat' dir='ltr'><strong>bebat</strong></span> <span class='ocrx_word' id='word_1_212' title='bbox 2155 1557 2340 1605; x_wconf 87' lang='lat' dir='ltr'><strong>autem</strong></span> <span class='ocrx_word' id='word_1_213' title='bbox 2397 1551 2490 1604; x_wconf 82' lang='lat' dir='ltr'><strong>illa</strong></span> <span class='ocrx_word' id='word_1_214' title='bbox 2521 1549 2672 1604; x_wconf 85' lang='lat' dir='ltr'><strong>circa</strong></span> <span class='ocrx_word' id='word_1_215' title='bbox 2703 1564 2763 1604; x_wconf 87' lang='lat' dir='ltr'><strong>se</strong></span> <span class='ocrx_word' id='word_1_216' title='bbox 2790 1555 2848 1602; x_wconf 89' lang='lat' dir='ltr'><strong>et</strong></span> <span class='ocrx_word' id='word_1_217' title='bbox 2895 1551 3137 1607; x_wconf 84' lang='lat' dir='ltr'><strong>inaures.</strong></span> <span class='ocrx_word' id='word_1_218' title='bbox 3165 1558 3222 1602; x_wconf 90' lang='lat' dir='ltr'><strong>et</strong></span> <span class='ocrx_word' id='word_1_219' title='bbox 3251 1547 3474 1602; x_wconf 83' lang='lat' dir='ltr'><strong>monilia</strong></span> <span class='ocrx_word' id='word_1_220' title='bbox 3499 1557 3552 1602; x_wconf 81' lang='lat' dir='ltr'><strong>et</strong></span> 
     </span>
    </p>
   </div>
   <div class='ocr_carea' id='block_1_33' title="bbox 1965 1638 3554 1704">
    <p class='ocr_par' dir='ltr' id='par_1_33' title="bbox 1965 1638 3554 1704">
     <span class='ocr_line' id='line_1_33' title="bbox 1965 1638 3554 1704; baseline -0.003 -10"><span class='ocrx_word' id='word_1_221' title='bbox 1965 1641 2073 1694; x_wconf 88' lang='lat' dir='ltr'><strong>alia</strong></span> <span class='ocrx_word' id='word_1_222' title='bbox 2102 1657 2168 1695; x_wconf 81' lang='lat' dir='ltr'><strong>ex</strong></span> <span class='ocrx_word' id='word_1_223' title='bbox 2186 1655 2346 1704; x_wconf 90' lang='lat' dir='ltr'><strong>auro,</strong></span> <span class='ocrx_word' id='word_1_224' title='bbox 2371 1649 2425 1695; x_wconf 87' lang='lat' dir='ltr'><strong>et</strong></span> <span class='ocrx_word' id='word_1_225' title='bbox 2455 1647 2660 1695; x_wconf 82' lang='lat' dir='ltr'><strong>vestem</strong></span> <span class='ocrx_word' id='word_1_226' title='bbox 2722 1638 2926 1692; x_wconf 84' lang='lat' dir='ltr'><strong>variam</strong></span> <span class='ocrx_word' id='word_1_227' title='bbox 2958 1653 3026 1692; x_wconf 78' lang='lat' dir='ltr'><strong>ex</strong></span> <span class='ocrx_word' id='word_1_228' title='bbox 3056 1638 3248 1692; x_wconf 78' lang='lat' dir='ltr'><strong>sericis</strong></span> <span class='ocrx_word' id='word_1_229' title='bbox 3288 1638 3396 1691; x_wconf 80' lang='lat' dir='ltr'><strong>litis</strong></span> <span class='ocrx_word' id='word_1_230' title='bbox 3421 1653 3554 1690; x_wconf 77' lang='lat' dir='ltr'><strong>cott-</strong></span> 
     </span>
    </p>
   </div>
   <div class='ocr_carea' id='block_1_34' title="bbox 286 1719 1861 1809">
    <p class='ocr_par' dir='ltr' id='par_1_34' title="bbox 286 1728 1861 1809">
     <span class='ocr_line' id='line_1_34' title="bbox 286 1728 1861 1809; baseline -0.001 -19"><span class='ocrx_word' id='word_1_231' title='bbox 286 1753 380 1800; x_wconf 88' lang='grc' dir='ltr'><strong>τος</strong></span> <span class='ocrx_word' id='word_1_232' title='bbox 397 1737 466 1792; x_wconf 73' lang='grc' dir='ltr'><strong>τὰ</strong></span> <span class='ocrx_word' id='word_1_233' title='bbox 482 1738 716 1806; x_wconf 79' lang='grc' dir='ltr'>πηδάλια</span> <span class='ocrx_word' id='word_1_234' title='bbox 739 1737 1074 1809; x_wconf 84' lang='grc' dir='ltr'>(Περγάμιος</span> <span class='ocrx_word' id='word_1_235' title='bbox 1087 1737 1144 1790; x_wconf 80' lang='grc' dir='ltr'>δὲ</span> <span class='ocrx_word' id='word_1_236' title='bbox 1169 1733 1238 1808; x_wconf 81' lang='grc' dir='ltr'>ἦν</span> <span class='ocrx_word' id='word_1_237' title='bbox 1261 1728 1463 1804; x_wconf 76' lang='grc' dir='ltr'>οὗτος),</span> <span class='ocrx_word' id='word_1_238' title='bbox 1481 1734 1558 1805; x_wconf 85' lang='grc' dir='ltr'>τῷ</span> <span class='ocrx_word' id='word_1_239' title='bbox 1574 1736 1861 1806; x_wconf 77' lang='grc' dir='ltr'>παθήματι</span> 
     </span>
    </p>
   </div>
   <div class='ocr_carea' id='block_1_35' title="bbox 1963 1719 3550 1809">
    <p class='ocr_par' dir='ltr' id='par_1_35' title="bbox 1965 1727 3550 1800">
     <span class='ocr_line' id='line_1_35' title="bbox 1965 1727 3550 1800; baseline -0.002 -16"><span class='ocrx_word' id='word_1_240' title='bbox 1965 1740 2192 1785; x_wconf 62' lang='lat' dir='ltr'><strong>textam.</strong></span> <span class='ocrx_word' id='word_1_241' title='bbox 2282 1729 2535 1786; x_wconf 84' lang='lat' dir='ltr'><strong>Nondum</strong></span> <span class='ocrx_word' id='word_1_242' title='bbox 2593 1731 2740 1786; x_wconf 90' lang='lat' dir='ltr'><strong>enim</strong></span> <span class='ocrx_word' id='word_1_243' title='bbox 2822 1727 3204 1800; x_wconf 74' lang='lat' dir='ltr'><strong>perfectiorem</strong></span> <span class='ocrx_word' id='word_1_244' title='bbox 3279 1729 3550 1796; x_wconf 71' lang='lat' dir='ltr'><strong>;virtutem</strong></span> 
     </span>
    </p>
   </div>
   <div class='ocr_carea' id='block_1_36' title="bbox 285 1825 1860 1899">
    <p class='ocr_par' dir='ltr' id='par_1_36' title="bbox 285 1825 1860 1899">
     <span class='ocr_line' id='line_1_36' title="bbox 285 1825 1860 1899; baseline 0 -19"><span class='ocrx_word' id='word_1_245' title='bbox 285 1827 426 1898; x_wconf 82' lang='grc' dir='ltr'>τῷδε</span> <span class='ocrx_word' id='word_1_246' title='bbox 471 1826 892 1899; x_wconf 80' lang='grc' dir='ltr'>περιπεσοῦσαν,</span> <span class='ocrx_word' id='word_1_247' title='bbox 923 1825 1174 1880; x_wconf 74' lang='grc' dir='ltr'>ἰάσασθαι</span> <span class='ocrx_word' id='word_1_248' title='bbox 1198 1827 1357 1880; x_wconf 77' lang='grc' dir='ltr'>αὑτὸν</span> <span class='ocrx_word' id='word_1_249' title='bbox 1400 1827 1532 1897; x_wconf 79' lang='grc' dir='ltr'><strong>εὑχῇ</strong></span> <span class='ocrx_word' id='word_1_250' title='bbox 1559 1827 1653 1880; x_wconf 67' lang='grc' dir='ltr'><strong>καὶ¹</strong></span> <span class='ocrx_word' id='word_1_251' title='bbox 1684 1841 1860 1897; x_wconf 75' lang='grc' dir='ltr'>σφραο</span> 
     </span>
    </p>
   </div>
   <div class='ocr_carea' id='block_1_37' title="bbox 285 1916 1862 1991">
    <p class='ocr_par' dir='ltr' id='par_1_37' title="bbox 285 1916 1862 1991">
     <span class='ocr_line' id='line_1_37' title="bbox 285 1916 1862 1991; baseline -0.003 -19"><span class='ocrx_word' id='word_1_252' title='bbox 285 1919 398 1987; x_wconf 80' lang='grc' dir='ltr'>γῖδι</span> <span class='ocrx_word' id='word_1_253' title='bbox 445 1919 808 1991; x_wconf 79' lang='grc' dir='ltr'>χρησάμενον.</span> <span class='ocrx_word' id='word_1_254' title='bbox 867 1919 1137 1972; x_wconf 85' lang='grc' dir='ltr'>Ἤκουσεν</span> <span class='ocrx_word' id='word_1_255' title='bbox 1178 1918 1214 1986; x_wconf 83' lang='grc' dir='ltr'><strong>ἠ</strong></span> <span class='ocrx_word' id='word_1_256' title='bbox 1260 1917 1464 1987; x_wconf 79' lang='grc' dir='ltr'>μήτηρ,</span> <span class='ocrx_word' id='word_1_257' title='bbox 1506 1916 1600 1968; x_wconf 76' lang='grc' dir='ltr'><strong>καὶ</strong></span> <span class='ocrx_word' id='word_1_258' title='bbox 1648 1931 1862 1986; x_wconf 84' lang='grc' dir='ltr'>παραυ-</span> 
     </span>
    </p>
   </div>
   <div class='ocr_carea' id='block_1_38' title="bbox 285 2006 1864 2081">
    <p class='ocr_par' dir='ltr' id='par_1_38' title="bbox 285 2006 1864 2081">
     <span class='ocr_line' id='line_1_38' title="bbox 285 2006 1864 2081; baseline -0.003 -17"><span class='ocrx_word' id='word_1_259' title='bbox 285 2009 418 2064; x_wconf 87' lang='grc' dir='ltr'>τίκα</span> <span class='ocrx_word' id='word_1_260' title='bbox 450 2011 586 2081; x_wconf 80' lang='grc' dir='ltr'>πρὸς</span> <span class='ocrx_word' id='word_1_261' title='bbox 613 2009 708 2062; x_wconf 83' lang='grc' dir='ltr'><strong>τὸν</strong></span> <span class='ocrx_word' id='word_1_262' title='bbox 741 2008 884 2062; x_wconf 83' lang='grc' dir='ltr'>θεῖον</span> <span class='ocrx_word' id='word_1_263' title='bbox 921 2007 1208 2079; x_wconf 79' lang='grc' dir='ltr'>ἄνθρωπον</span> <span class='ocrx_word' id='word_1_264' title='bbox 1239 2006 1462 2078; x_wconf 76' lang='grc' dir='ltr'>έδραμε.</span> <span class='ocrx_word' id='word_1_265' title='bbox 1494 2007 1864 2077; x_wconf 83' lang='grc' dir='ltr'>Περικείμενα</span> 
     </span>
    </p>
   </div>
   <div class='ocr_carea' id='block_1_39' title="bbox 285 2097 1860 2174">
    <p class='ocr_par' dir='ltr' id='par_1_39' title="bbox 285 2097 1860 2174">
     <span class='ocr_line' id='line_1_39' title="bbox 285 2097 1860 2174; baseline -0.001 -19"><span class='ocrx_word' id='word_1_266' title='bbox 285 2102 346 2155; x_wconf 78' lang='grc' dir='ltr'>δὲ</span> <span class='ocrx_word' id='word_1_267' title='bbox 381 2097 529 2172; x_wconf 68' lang='grc' dir='ltr'>εἶχεν</span> <span class='ocrx_word' id='word_1_268' title='bbox 554 2101 790 2174; x_wconf 75' lang='grc' dir='ltr'>ἕρματα.</span> <span class='ocrx_word' id='word_1_269' title='bbox 823 2102 915 2155; x_wconf 74' lang='grc' dir='ltr'>καὶ</span> <span class='ocrx_word' id='word_1_270' title='bbox 944 2099 1286 2172; x_wconf 79' lang='grc' dir='ltr'>περιδέραια,</span> <span class='ocrx_word' id='word_1_271' title='bbox 1319 2103 1415 2154; x_wconf 70' lang='grc' dir='ltr'><strong>καλ</strong></span> <span class='ocrx_word' id='word_1_272' title='bbox 1443 2100 1608 2154; x_wconf 73' lang='grc' dir='ltr'>τᾶλλα</span> <span class='ocrx_word' id='word_1_273' title='bbox 1639 2101 1860 2170; x_wconf 78' lang='grc' dir='ltr'>χρυσία,</span> 
     </span>
    </p>
   </div>
   <div class='ocr_carea' id='block_1_40' title="bbox 287 2192 1902 2276">
    <p class='ocr_par' dir='ltr' id='par_1_40' title="bbox 287 2192 1902 2276">
     <span class='ocr_line' id='line_1_40' title="bbox 287 2192 1902 2276; baseline -0.002 -29"><span class='ocrx_word' id='word_1_274' title='bbox 287 2193 389 2247; x_wconf 72' lang='grc' dir='ltr'>καὶ</span> <span class='ocrx_word' id='word_1_275' title='bbox 431 2193 530 2264; x_wconf 80' lang='grc' dir='ltr'>τὴν</span> <span class='ocrx_word' id='word_1_276' title='bbox 559 2194 812 2264; x_wconf 79' lang='grc' dir='ltr'>ποικίλην</span> <span class='ocrx_word' id='word_1_277' title='bbox 847 2192 1052 2262; x_wconf 79' lang='grc' dir='ltr'>ἐσθῆτα</span> <span class='ocrx_word' id='word_1_278' title='bbox 1087 2192 1186 2263; x_wconf 84' lang='grc' dir='ltr'>τὴν</span> <span class='ocrx_word' id='word_1_279' title='bbox 1215 2194 1280 2248; x_wconf 85' lang='grc' dir='ltr'><strong>ἐκ</strong></span> <span class='ocrx_word' id='word_1_280' title='bbox 1313 2193 1560 2262; x_wconf 80' lang='grc' dir='ltr'>σηρικῶν</span> <span class='ocrx_word' id='word_1_281' title='bbox 1605 2192 1863 2263; x_wconf 76' lang='grc' dir='ltr'>νημάτων</span> <span class='ocrx_word' id='word_1_282' title='bbox 1897 2273 1902 2276; x_wconf 59' lang='lat'><em>_</em></span> 
     </span>
    </p>
   </div>
   <div class='ocr_carea' id='block_1_41' title="bbox 288 2277 1862 2355">
    <p class='ocr_par' dir='ltr' id='par_1_41' title="bbox 288 2277 1862 2355">
     <span class='ocr_line' id='line_1_41' title="bbox 288 2277 1862 2355; baseline 0.002 -20"><span class='ocrx_word' id='word_1_283' title='bbox 288 2283 630 2355; x_wconf 80' lang='grc' dir='ltr'>ὑφασμένην.</span> <span class='ocrx_word' id='word_1_284' title='bbox 654 2283 878 2337; x_wconf 82' lang='grc' dir='ltr'>Οὐδέπω</span> <span class='ocrx_word' id='word_1_285' title='bbox 919 2277 1040 2353; x_wconf 74' lang='grc' dir='ltr'>γὰρ’</span> <span class='ocrx_word' id='word_1_286' title='bbox 1059 2283 1159 2352; x_wconf 82' lang='grc' dir='ltr'>τῆς</span> <span class='ocrx_word' id='word_1_287' title='bbox 1180 2283 1382 2353; x_wconf 77' lang='grc' dir='ltr'>ἀρετῆς</span> <span class='ocrx_word' id='word_1_288' title='bbox 1401 2285 1498 2354; x_wconf 80' lang='grc' dir='ltr'>τῆς</span> <span class='ocrx_word' id='word_1_289' title='bbox 1522 2283 1862 2354; x_wconf 77' lang='grc' dir='ltr'>τελειοτέρας</span> 
     </span>
    </p>
   </div>
   <div class='ocr_carea' id='block_1_42' title="bbox 287 2374 1864 2445">
    <p class='ocr_par' dir='ltr' id='par_1_42' title="bbox 287 2374 1864 2445">
     <span class='ocr_line' id='line_1_42' title="bbox 287 2374 1864 2445; baseline 0.001 -19"><span class='ocrx_word' id='word_1_290' title='bbox 287 2374 528 2444; x_wconf 74' lang='grc' dir='ltr'>ἐγεύετο·</span> <span class='ocrx_word' id='word_1_291' title='bbox 558 2374 711 2445; x_wconf 77' lang='grc' dir='ltr'>ἧνθει</span> <span class='ocrx_word' id='word_1_292' title='bbox 745 2374 804 2428; x_wconf 79' lang='grc' dir='ltr'>δὲ</span> <span class='ocrx_word' id='word_1_293' title='bbox 862 2377 957 2428; x_wconf 75' lang='grc' dir='ltr'>καὶ</span> <span class='ocrx_word' id='word_1_294' title='bbox 1007 2374 1084 2443; x_wconf 81' lang='grc' dir='ltr'>τῷ</span> <span class='ocrx_word' id='word_1_295' title='bbox 1123 2375 1320 2444; x_wconf 78' lang='grc' dir='ltr'>χρόνῳ,</span> <span class='ocrx_word' id='word_1_296' title='bbox 1361 2374 1454 2426; x_wconf 76' lang='grc' dir='ltr'>καὶ</span> <span class='ocrx_word' id='word_1_297' title='bbox 1487 2375 1581 2427; x_wconf 88' lang='grc' dir='ltr'><strong>τοῦ</strong></span> <span class='ocrx_word' id='word_1_298' title='bbox 1615 2375 1714 2444; x_wconf 79' lang='grc' dir='ltr'>τῆς</span> <span class='ocrx_word' id='word_1_299' title='bbox 1750 2375 1864 2428; x_wconf 84' lang='grc' dir='ltr'>νεό-</span> 
     </span>
    </p>
   </div>
   <div class='ocr_carea' id='block_1_43' title="bbox 283 2462 1862 2536">
    <p class='ocr_par' dir='ltr' id='par_1_43' title="bbox 283 2462 1862 2536">
     <span class='ocr_line' id='line_1_43' title="bbox 283 2462 1862 2536; baseline 0.001 -20"><span class='ocrx_word' id='word_1_300' title='bbox 283 2480 449 2532; x_wconf 86' lang='grc' dir='ltr'>τητος</span> <span class='ocrx_word' id='word_1_301' title='bbox 484 2464 730 2536; x_wconf 73' lang='grc' dir='ltr'>ἠνείχετο</span> <span class='ocrx_word' id='word_1_302' title='bbox 760 2464 988 2534; x_wconf 86' lang='grc' dir='ltr'>κόσμου.</span> <span class='ocrx_word' id='word_1_303' title='bbox 1033 2465 1092 2516; x_wconf 84' lang='lat' dir='ltr'><strong>&#39;H</strong></span> <span class='ocrx_word' id='word_1_304' title='bbox 1138 2462 1401 2518; x_wconf 75' lang='grc' dir='ltr'>θεσπεσία</span> <span class='ocrx_word' id='word_1_305' title='bbox 1437 2464 1614 2518; x_wconf 81' lang='grc' dir='ltr'>τοίνυν</span> <span class='ocrx_word' id='word_1_306' title='bbox 1650 2464 1862 2535; x_wconf 73' lang='grc' dir='ltr'>κεφαλὴ</span> 
     </span>
    </p>
   </div>
   <div class='ocr_carea' id='block_1_44' title="bbox 281 2554 1862 2627">
    <p class='ocr_par' dir='ltr' id='par_1_44' title="bbox 281 2554 1862 2627">
     <span class='ocr_line' id='line_1_44' title="bbox 281 2554 1862 2627; baseline 0 -19"><span class='ocrx_word' id='word_1_307' title='bbox 281 2554 354 2608; x_wconf 74' lang='grc' dir='ltr'><strong>τὰ</strong></span> <span class='ocrx_word' id='word_1_308' title='bbox 403 2555 628 2609; x_wconf 82' lang='grc' dir='ltr'>τοιαῦτα</span> <span class='ocrx_word' id='word_1_309' title='bbox 687 2555 1021 2624; x_wconf 79' lang='grc' dir='ltr'>θεασαμένη,</span> <span class='ocrx_word' id='word_1_310' title='bbox 1069 2558 1168 2625; x_wconf 83' lang='grc' dir='ltr'>τῆς</span> <span class='ocrx_word' id='word_1_311' title='bbox 1205 2555 1560 2625; x_wconf 78' lang='grc' dir='ltr'>φιλοκοσμίας</span> <span class='ocrx_word' id='word_1_312' title='bbox 1595 2555 1862 2627; x_wconf 86' lang='grc' dir='ltr'>πρότερον</span> 
     </span>
    </p>
   </div>
   <div class='ocr_carea' id='block_1_45' title="bbox 276 2645 1863 2719">
    <p class='ocr_par' dir='ltr' id='par_1_45' title="bbox 276 2645 1863 2719">
     <span class='ocr_line' id='line_1_45' title="bbox 276 2645 1863 2719; baseline 0.001 -19"><span class='ocrx_word' id='word_1_313' title='bbox 276 2647 384 2718; x_wconf 77' lang='grc' dir='ltr'>τὴν</span> <span class='ocrx_word' id='word_1_314' title='bbox 430 2646 741 2719; x_wconf 72' lang='grc' dir='ltr'>ἀρρωστίαν</span> <span class='ocrx_word' id='word_1_315' title='bbox 804 2647 1012 2709; x_wconf 72' lang='grc' dir='ltr'>ἰάσατο,</span> <span class='ocrx_word' id='word_1_316' title='bbox 1079 2645 1306 2699; x_wconf 81' lang='grc' dir='ltr'>τοιοῖσδε</span> <span class='ocrx_word' id='word_1_317' title='bbox 1354 2645 1534 2714; x_wconf 85' lang='grc' dir='ltr'>λόγοις</span> <span class='ocrx_word' id='word_1_318' title='bbox 1577 2649 1863 2718; x_wconf 85' lang='grc' dir='ltr'>χρησάμε-</span> 
     </span>
    </p>
   </div>
   <div class='ocr_carea' id='block_1_46' title="bbox 277 2733 1864 2808">
    <p class='ocr_par' dir='ltr' id='par_1_46' title="bbox 277 2733 1864 2808">
     <span class='ocr_line' id='line_1_46' title="bbox 277 2733 1864 2808; baseline -0.003 -16"><span class='ocrx_word' id='word_1_319' title='bbox 277 2755 396 2802; x_wconf 81' lang='grc' dir='ltr'>νος·</span> <span class='ocrx_word' id='word_1_320' title='bbox 431 2757 449 2788; x_wconf 76' lang='grc' dir='ltr'><strong>ι</strong></span> <span class='ocrx_word' id='word_1_321' title='bbox 485 2737 617 2790; x_wconf 80' lang='grc' dir='ltr'>Εἰπέ</span> <span class='ocrx_word' id='word_1_322' title='bbox 666 2755 776 2807; x_wconf 86' lang='grc' dir='ltr'>μοι,</span> <span class='ocrx_word' id='word_1_323' title='bbox 805 2736 934 2806; x_wconf 80' lang='grc' dir='ltr'>ἔφη,</span> <span class='ocrx_word' id='word_1_324' title='bbox 993 2737 1182 2790; x_wconf 88' lang='grc' dir='ltr'>τέκνον</span> <span class='ocrx_word' id='word_1_325' title='bbox 1224 2738 1310 2807; x_wconf 82' lang='grc' dir='ltr'>(τῇ</span> <span class='ocrx_word' id='word_1_326' title='bbox 1355 2733 1467 2806; x_wconf 66' lang='grc' dir='ltr'>’γὰρ</span> <span class='ocrx_word' id='word_1_327' title='bbox 1514 2736 1678 2790; x_wconf 77' lang='grc' dir='ltr'>αὑτοῦ</span> <span class='ocrx_word' id='word_1_328' title='bbox 1731 2737 1864 2808; x_wconf 80' lang='grc' dir='ltr'><strong>χρή-</strong></span> 
     </span>
    </p>
   </div>
   <div class='ocr_carea' id='block_1_47' title="bbox 279 2829 1862 2900">
    <p class='ocr_par' dir='ltr' id='par_1_47' title="bbox 279 2829 1862 2900">
     <span class='ocr_line' id='line_1_47' title="bbox 279 2829 1862 2900; baseline 0.001 -19"><span class='ocrx_word' id='word_1_329' title='bbox 279 2845 454 2896; x_wconf 88' lang='grc' dir='ltr'>σομαι</span> <span class='ocrx_word' id='word_1_330' title='bbox 497 2831 670 2899; x_wconf 77' lang='grc' dir='ltr'>φωνῇ,</span> <span class='ocrx_word' id='word_1_331' title='bbox 729 2830 824 2882; x_wconf 77' lang='grc' dir='ltr'>καὶ</span> <span class='ocrx_word' id='word_1_332' title='bbox 873 2831 974 2882; x_wconf 83' lang='grc' dir='ltr'>οὐκ</span> <span class='ocrx_word' id='word_1_333' title='bbox 1037 2829 1256 2900; x_wconf 77' lang='grc' dir='ltr'>ἀμείψω</span> <span class='ocrx_word' id='word_1_334' title='bbox 1288 2829 1388 2896; x_wconf 80' lang='grc' dir='ltr'>τῆς</span> <span class='ocrx_word' id='word_1_335' title='bbox 1441 2829 1601 2898; x_wconf 85' lang='grc' dir='ltr'>ἁγίας</span> <span class='ocrx_word' id='word_1_336' title='bbox 1647 2829 1862 2899; x_wconf 76' lang='grc' dir='ltr'>ἐκείνης</span> 
     </span>
    </p>
   </div>
   <div class='ocr_carea' id='block_1_48' title="bbox 274 2912 1864 2990">
    <p class='ocr_par' dir='ltr' id='par_1_48' title="bbox 274 2912 1864 2990">
     <span class='ocr_line' id='line_1_48' title="bbox 274 2912 1864 2990; baseline 0.002 -18"><span class='ocrx_word' id='word_1_337' title='bbox 274 2912 533 2988; x_wconf 76' lang='grc' dir='ltr'>γλώττης</span> <span class='ocrx_word' id='word_1_338' title='bbox 571 2919 631 2972; x_wconf 77' lang='grc' dir='ltr'>τὸ</span> <span class='ocrx_word' id='word_1_339' title='bbox 673 2919 1014 2990; x_wconf 83' lang='grc' dir='ltr'>πρόσρημα),</span> <span class='ocrx_word' id='word_1_340' title='bbox 1051 2920 1103 2972; x_wconf 84' lang='grc' dir='ltr'><strong>εί</strong></span> <span class='ocrx_word' id='word_1_341' title='bbox 1128 2937 1212 2983; x_wconf 88' lang='grc' dir='ltr'><strong>τις</strong></span> <span class='ocrx_word' id='word_1_342' title='bbox 1257 2919 1568 2990; x_wconf 75' lang='grc' dir='ltr'>ζωγράφος,</span> <span class='ocrx_word' id='word_1_343' title='bbox 1604 2915 1661 2974; x_wconf 80' lang='grc' dir='ltr'>εὖ</span> <span class='ocrx_word' id='word_1_344' title='bbox 1716 2919 1864 2989; x_wconf 84' lang='grc' dir='ltr'>μάλα</span> 
     </span>
    </p>
   </div>
   <div class='ocr_carea' id='block_1_49' title="bbox 1967 1820 3550 1893">
    <p class='ocr_par' dir='ltr' id='par_1_49' title="bbox 1967 1820 3550 1893">
     <span class='ocr_line' id='line_1_49' title="bbox 1967 1820 3550 1893; baseline -0.001 -17"><span class='ocrx_word' id='word_1_345' title='bbox 1967 1822 2190 1892; x_wconf 73' lang='grc'><strong>1189</strong></span> <span class='ocrx_word' id='word_1_346' title='bbox 2216 1821 2552 1893; x_wconf 84' lang='lat' dir='ltr'><strong>degustarat,</strong></span> <span class='ocrx_word' id='word_1_347' title='bbox 2585 1830 2642 1878; x_wconf 90' lang='lat' dir='ltr'><strong>et</strong></span> <span class='ocrx_word' id='word_1_348' title='bbox 2686 1821 2786 1877; x_wconf 81' lang='lat' dir='ltr'><strong>llos</strong></span> <span class='ocrx_word' id='word_1_349' title='bbox 2811 1831 2930 1876; x_wconf 77' lang='lat' dir='ltr'><strong>erat</strong></span> <span class='ocrx_word' id='word_1_350' title='bbox 2977 1821 3181 1878; x_wconf 66' lang='lat' dir='ltr'><strong>aetatis.</strong></span> <span class='ocrx_word' id='word_1_351' title='bbox 3213 1820 3550 1890; x_wconf 77' lang='lat' dir='ltr'><strong>iuventutis—</strong></span> 
     </span>
    </p>
   </div>
   <div class='ocr_carea' id='block_1_50' title="bbox 1967 1910 3552 1982">
    <p class='ocr_par' dir='ltr' id='par_1_50' title="bbox 1967 1910 3552 1982">
     <span class='ocr_line' id='line_1_50' title="bbox 1967 1910 3552 1982; baseline -0.001 -15"><span class='ocrx_word' id='word_1_352' title='bbox 1967 1925 2075 1982; x_wconf 81' lang='lat' dir='ltr'><strong>que</strong></span> <span class='ocrx_word' id='word_1_353' title='bbox 2105 1925 2301 1967; x_wconf 88' lang='lat' dir='ltr'><strong>ornatu</strong></span> <span class='ocrx_word' id='word_1_354' title='bbox 2333 1913 2729 1968; x_wconf 88' lang='lat' dir='ltr'><strong>delectabatur.</strong></span> <span class='ocrx_word' id='word_1_355' title='bbox 2760 1911 3018 1965; x_wconf 79' lang='lat' dir='ltr'><strong>Divinum</strong></span> <span class='ocrx_word' id='word_1_356' title='bbox 3061 1926 3192 1980; x_wconf 78' lang='lat' dir='ltr'><strong>ergo</strong></span> <span class='ocrx_word' id='word_1_357' title='bbox 3218 1919 3384 1980; x_wconf 86' lang='lat' dir='ltr'><strong>caput</strong></span> <span class='ocrx_word' id='word_1_358' title='bbox 3436 1910 3552 1965; x_wconf 71' lang='lat' dir='ltr'><strong>haec</strong></span> 
     </span>
    </p>
   </div>
   <div class='ocr_carea' id='block_1_51' title="bbox 1965 2002 3549 2073">
    <p class='ocr_par' dir='ltr' id='par_1_51' title="bbox 1965 2002 3549 2073">
     <span class='ocr_line' id='line_1_51' title="bbox 1965 2002 3549 2073; baseline -0.003 -15"><span class='ocrx_word' id='word_1_359' title='bbox 1965 2003 2210 2067; x_wconf 79' lang='lat' dir='ltr'><strong>intuens,</strong></span> <span class='ocrx_word' id='word_1_360' title='bbox 2237 2003 2425 2057; x_wconf 79' lang='lat' dir='ltr'><strong>nimia:</strong></span> <span class='ocrx_word' id='word_1_361' title='bbox 2453 2002 2742 2073; x_wconf 68' lang='lat' dir='ltr'><strong>elegantia:</strong></span> <span class='ocrx_word' id='word_1_362' title='bbox 2779 2002 3017 2072; x_wconf 86' lang='lat' dir='ltr'><strong>primum</strong></span> <span class='ocrx_word' id='word_1_363' title='bbox 3041 2002 3429 2071; x_wconf 64' lang='lat' dir='ltr'><strong>aegritudinem</strong></span> <span class='ocrx_word' id='word_1_364' title='bbox 3457 2015 3549 2056; x_wconf 88' lang='lat' dir='ltr'><strong>sa-</strong></span> 
     </span>
    </p>
   </div>
   <div class='ocr_carea' id='block_1_52' title="bbox 1966 2090 3550 2163">
    <p class='ocr_par' dir='ltr' id='par_1_52' title="bbox 1966 2090 3550 2163">
     <span class='ocr_line' id='line_1_52' title="bbox 1966 2090 3550 2163; baseline -0.004 -13"><span class='ocrx_word' id='word_1_365' title='bbox 1966 2095 2138 2158; x_wconf 87' lang='lat' dir='ltr'><strong>navit,</strong></span> <span class='ocrx_word' id='word_1_366' title='bbox 2171 2096 2228 2150; x_wconf 88' lang='lat' dir='ltr'><strong>in</strong></span> <span class='ocrx_word' id='word_1_367' title='bbox 2250 2094 2399 2150; x_wconf 84' lang='lat' dir='ltr'><strong>hunc</strong></span> <span class='ocrx_word' id='word_1_368' title='bbox 2423 2095 2574 2149; x_wconf 88' lang='lat' dir='ltr'><strong>illam</strong></span> <span class='ocrx_word' id='word_1_369' title='bbox 2603 2095 2825 2150; x_wconf 82' lang='lat' dir='ltr'><strong>modum</strong></span> <span class='ocrx_word' id='word_1_370' title='bbox 2851 2095 3139 2163; x_wconf 81' lang='lat' dir='ltr'><strong>alloquens</strong></span> <span class='ocrx_word' id='word_1_371' title='bbox 3168 2112 3182 2147; x_wconf 85' lang='lat'><strong>:</strong></span> <span class='ocrx_word' id='word_1_372' title='bbox 3212 2111 3233 2146; x_wconf 73' lang='grc' dir='ltr'><strong>ι</strong></span> <span class='ocrx_word' id='word_1_373' title='bbox 3271 2090 3369 2147; x_wconf 89' lang='lat' dir='ltr'><strong>Dic</strong></span> <span class='ocrx_word' id='word_1_374' title='bbox 3397 2091 3550 2154; x_wconf 81' lang='lat' dir='ltr'><strong>mihi.</strong></span> 
     </span>
    </p>
   </div>
   <div class='ocr_carea' id='block_1_53' title="bbox 1966 2185 3554 2258">
    <p class='ocr_par' dir='ltr' id='par_1_53' title="bbox 1966 2185 3554 2258">
     <span class='ocr_line' id='line_1_53' title="bbox 1966 2185 3554 2258; baseline -0.002 -17"><span class='ocrx_word' id='word_1_375' title='bbox 1966 2186 2166 2258; x_wconf 86' lang='lat' dir='ltr'><strong>inquit,</strong></span> <span class='ocrx_word' id='word_1_376' title='bbox 2231 2187 2342 2240; x_wconf 82' lang='lat' dir='ltr'><strong>ﬁlia</strong></span> <span class='ocrx_word' id='word_1_377' title='bbox 2377 2188 2542 2257; x_wconf 85' lang='lat' dir='ltr'><strong>(ipsa</strong></span> <span class='ocrx_word' id='word_1_378' title='bbox 2578 2188 2724 2241; x_wconf 92' lang='lat' dir='ltr'><strong>enim</strong></span> <span class='ocrx_word' id='word_1_379' title='bbox 2783 2187 2903 2256; x_wconf 87' lang='lat' dir='ltr'><strong>ejus</strong></span> <span class='ocrx_word' id='word_1_380' title='bbox 2949 2186 3116 2240; x_wconf 88' lang='lat' dir='ltr'><strong>verba</strong></span> <span class='ocrx_word' id='word_1_381' title='bbox 3151 2185 3452 2254; x_wconf 77' lang='lat' dir='ltr'><strong>proferam,</strong></span> <span class='ocrx_word' id='word_1_382' title='bbox 3499 2192 3554 2238; x_wconf 76' lang='lat' dir='ltr'><strong>et</strong></span> 
     </span>
    </p>
   </div>
   <div class='ocr_carea' id='block_1_54' title="bbox 1963 2279 3549 2351">
    <p class='ocr_par' dir='ltr' id='par_1_54' title="bbox 1963 2279 3549 2351">
     <span class='ocr_line' id='line_1_54' title="bbox 1963 2279 3549 2351; baseline -0.001 -14"><span class='ocrx_word' id='word_1_383' title='bbox 1963 2288 2173 2338; x_wconf 57' lang='lat' dir='ltr'><strong>sancta;</strong></span> <span class='ocrx_word' id='word_1_384' title='bbox 2209 2282 2358 2336; x_wconf 86' lang='lat' dir='ltr'><strong>illius</strong></span> <span class='ocrx_word' id='word_1_385' title='bbox 2380 2282 2582 2351; x_wconf 62' lang='lat' dir='ltr'><strong>linguae</strong></span> <span class='ocrx_word' id='word_1_386' title='bbox 2611 2281 2992 2335; x_wconf 86' lang='lat' dir='ltr'><strong>allocutionem</strong></span> <span class='ocrx_word' id='word_1_387' title='bbox 3017 2295 3130 2334; x_wconf 85' lang='lat' dir='ltr'><strong>non</strong></span> <span class='ocrx_word' id='word_1_388' title='bbox 3161 2279 3506 2348; x_wconf 86' lang='lat' dir='ltr'><strong>immutabo)</strong></span> <span class='ocrx_word' id='word_1_389' title='bbox 3533 2317 3549 2336; x_wconf 84' lang='lat'><strong>.</strong></span> 
     </span>
    </p>
   </div>
   <div class='ocr_carea' id='block_1_55' title="bbox 1967 2372 3542 2446">
    <p class='ocr_par' dir='ltr' id='par_1_55' title="bbox 1967 2372 3542 2446">
     <span class='ocr_line' id='line_1_55' title="bbox 1967 2372 3542 2446; baseline -0.006 -13"><span class='ocrx_word' id='word_1_390' title='bbox 1967 2377 2012 2433; x_wconf 89' lang='lat' dir='ltr'><strong>si</strong></span> <span class='ocrx_word' id='word_1_391' title='bbox 2036 2377 2160 2446; x_wconf 88' lang='lat' dir='ltr'><strong>quis</strong></span> <span class='ocrx_word' id='word_1_392' title='bbox 2195 2376 2376 2445; x_wconf 85' lang='lat' dir='ltr'><strong>pictor</strong></span> <span class='ocrx_word' id='word_1_393' title='bbox 2425 2376 2564 2428; x_wconf 86' lang='lat' dir='ltr'><strong>artis</strong></span> <span class='ocrx_word' id='word_1_394' title='bbox 2615 2389 2729 2429; x_wconf 66' lang='lat' dir='ltr'><strong>suae</strong></span> <span class='ocrx_word' id='word_1_395' title='bbox 2795 2373 3186 2441; x_wconf 82' lang='lat' dir='ltr'><strong>peritissimus,</strong></span> <span class='ocrx_word' id='word_1_396' title='bbox 3251 2372 3542 2441; x_wconf 74' lang='lat' dir='ltr'><strong>imaginem</strong></span> 
     </span>
    </p>
   </div>
   <div class='ocr_carea' id='block_1_56' title="bbox 1966 2462 3592 2537">
    <p class='ocr_par' dir='ltr' id='par_1_56' title="bbox 1966 2462 3592 2537">
     <span class='ocr_line' id='line_1_56' title="bbox 1966 2462 3592 2537; baseline -0.007 -13"><span class='ocrx_word' id='word_1_397' title='bbox 1966 2468 2202 2537; x_wconf 82' lang='lat' dir='ltr'><strong>aliquam</strong></span> <span class='ocrx_word' id='word_1_398' title='bbox 2225 2481 2291 2520; x_wconf 80' lang='lat' dir='ltr'><strong>ex</strong></span> <span class='ocrx_word' id='word_1_399' title='bbox 2317 2466 2456 2520; x_wconf 83' lang='lat' dir='ltr'><strong>artis</strong></span> <span class='ocrx_word' id='word_1_400' title='bbox 2481 2465 2692 2536; x_wconf 79' lang='lat' dir='ltr'><strong>legibus</strong></span> <span class='ocrx_word' id='word_1_401' title='bbox 2723 2473 2979 2519; x_wconf 85' lang='lat' dir='ltr'><strong>accurate</strong></span> <span class='ocrx_word' id='word_1_402' title='bbox 2999 2464 3281 2533; x_wconf 79' lang='lat' dir='ltr'><strong>depingat,</strong></span> <span class='ocrx_word' id='word_1_403' title='bbox 3323 2473 3376 2516; x_wconf 89' lang='lat' dir='ltr'><strong>et</strong></span> <span class='ocrx_word' id='word_1_404' title='bbox 3410 2462 3552 2514; x_wconf 83' lang='lat' dir='ltr'><strong>Itane</strong></span> <span class='ocrx_word' id='word_1_405' title='bbox 3589 2521 3592 2524; x_wconf 36' lang='grc'><strong>,</strong></span> 
     </span>
    </p>
   </div>
   <div class='ocr_carea' id='block_1_57' title="bbox 1966 2553 3549 2628">
    <p class='ocr_par' dir='ltr' id='par_1_57' title="bbox 1966 2553 3549 2628">
     <span class='ocr_line' id='line_1_57' title="bbox 1966 2553 3549 2628; baseline -0.004 -14"><span class='ocrx_word' id='word_1_406' title='bbox 1966 2561 2153 2616; x_wconf 85' lang='lat' dir='ltr'><strong>videre</strong></span> <span class='ocrx_word' id='word_1_407' title='bbox 2182 2559 2494 2614; x_wconf 85' lang='lat' dir='ltr'><strong>volentibus</strong></span> <span class='ocrx_word' id='word_1_408' title='bbox 2531 2556 2880 2628; x_wconf 84' lang='lat' dir='ltr'><strong>spectandam</strong></span> <span class='ocrx_word' id='word_1_409' title='bbox 2907 2562 3177 2627; x_wconf 89' lang='lat' dir='ltr'><strong>proponat</strong></span> <span class='ocrx_word' id='word_1_410' title='bbox 3205 2572 3219 2608; x_wconf 88' lang='lat'><strong>:</strong></span> <span class='ocrx_word' id='word_1_411' title='bbox 3251 2553 3549 2621; x_wconf 78' lang='lat' dir='ltr'><strong>veniatque</strong></span> 
     </span>
    </p>
   </div>
   <div class='ocr_carea' id='block_1_58' title="bbox 1967 2642 3532 2722">
    <p class='ocr_par' dir='ltr' id='par_1_58' title="bbox 1967 2642 3532 2722">
     <span class='ocr_line' id='line_1_58' title="bbox 1967 2642 3532 2722; baseline -0.008 -14"><span class='ocrx_word' id='word_1_412' title='bbox 1967 2654 2112 2708; x_wconf 81' lang='lat' dir='ltr'><strong>alius</strong></span> <span class='ocrx_word' id='word_1_413' title='bbox 2139 2651 2416 2722; x_wconf 85' lang='lat' dir='ltr'><strong>quispiam</strong></span> <span class='ocrx_word' id='word_1_414' title='bbox 2445 2651 2504 2704; x_wconf 88' lang='lat' dir='ltr'><strong>in</strong></span> <span class='ocrx_word' id='word_1_415' title='bbox 2537 2659 2655 2703; x_wconf 87' lang='lat' dir='ltr'><strong>arte</strong></span> <span class='ocrx_word' id='word_1_416' title='bbox 2689 2648 2866 2712; x_wconf 87' lang='lat' dir='ltr'><strong>rudis,</strong></span> <span class='ocrx_word' id='word_1_417' title='bbox 2905 2646 2972 2701; x_wconf 88' lang='lat' dir='ltr'><strong>ad</strong></span> <span class='ocrx_word' id='word_1_418' title='bbox 3017 2645 3298 2700; x_wconf 79' lang='lat' dir='ltr'><strong>libidinen</strong></span> <span class='ocrx_word' id='word_1_419' title='bbox 3327 2660 3394 2698; x_wconf 83' lang='lat' dir='ltr'><strong>ea</strong></span> <span class='ocrx_word' id='word_1_420' title='bbox 3431 2642 3532 2696; x_wconf 89' lang='lat' dir='ltr'><strong>tin-</strong></span> 
     </span>
    </p>
   </div>
   <div class='ocr_carea' id='block_1_59' title="bbox 1965 2734 3546 2816">
    <p class='ocr_par' dir='ltr' id='par_1_59' title="bbox 1965 2734 3546 2816">
     <span class='ocr_line' id='line_1_59' title="bbox 1965 2734 3546 2816; baseline -0.01 -14"><span class='ocrx_word' id='word_1_421' title='bbox 1965 2761 2098 2816; x_wconf 76' lang='lat' dir='ltr'><strong>gens</strong></span> <span class='ocrx_word' id='word_1_422' title='bbox 2129 2760 2250 2814; x_wconf 70' lang='lat' dir='ltr'><strong>quae</strong></span> <span class='ocrx_word' id='word_1_423' title='bbox 2286 2745 2511 2813; x_wconf 80' lang='lat' dir='ltr'><strong>pingere</strong></span> <span class='ocrx_word' id='word_1_424' title='bbox 2551 2741 2828 2796; x_wconf 87' lang='lat' dir='ltr'><strong>voluerit:</strong></span> <span class='ocrx_word' id='word_1_425' title='bbox 2865 2737 3063 2794; x_wconf 87' lang='lat' dir='ltr'><strong>deinde</strong></span> <span class='ocrx_word' id='word_1_426' title='bbox 3091 2736 3450 2790; x_wconf 74' lang='lat' dir='ltr'><strong>artiﬁciosam</strong></span> <span class='ocrx_word' id='word_1_427' title='bbox 3483 2734 3546 2787; x_wconf 88' lang='lat' dir='ltr'><strong>i1—</strong></span> 
     </span>
    </p>
   </div>
   <div class='ocr_carea' id='block_1_60' title="bbox 1967 2825 3536 2909">
    <p class='ocr_par' dir='ltr' id='par_1_60' title="bbox 1967 2825 3536 2909">
     <span class='ocr_line' id='line_1_60' title="bbox 1967 2825 3536 2909; baseline -0.008 -16"><span class='ocrx_word' id='word_1_428' title='bbox 1967 2839 2074 2893; x_wconf 90' lang='lat' dir='ltr'><strong>lam</strong></span> <span class='ocrx_word' id='word_1_429' title='bbox 2109 2839 2380 2909; x_wconf 85' lang='lat' dir='ltr'><strong>picturam</strong></span> <span class='ocrx_word' id='word_1_430' title='bbox 2439 2832 2870 2904; x_wconf 86' lang='lat' dir='ltr'><strong>reprehendens,</strong></span> <span class='ocrx_word' id='word_1_431' title='bbox 2923 2828 3234 2900; x_wconf 78' lang='lat' dir='ltr'><strong>superciliis</strong></span> <span class='ocrx_word' id='word_1_432' title='bbox 3287 2840 3343 2881; x_wconf 86' lang='lat' dir='ltr'><strong>et</strong></span> <span class='ocrx_word' id='word_1_433' title='bbox 3392 2825 3536 2880; x_wconf 82' lang='lat' dir='ltr'><strong>ciliis</strong></span> 
     </span>
    </p>
   </div>
   <div class='ocr_carea' id='block_1_61' title="bbox 1967 2917 3543 2997">
    <p class='ocr_par' dir='ltr' id='par_1_61' title="bbox 1967 2917 3543 2997">
     <span class='ocr_line' id='line_1_61' title="bbox 1967 2917 3543 2997; baseline -0.009 -13"><span class='ocrx_word' id='word_1_434' title='bbox 1967 2930 2144 2984; x_wconf 89' lang='lat' dir='ltr'><strong>lineas</strong></span> <span class='ocrx_word' id='word_1_435' title='bbox 2197 2928 2361 2983; x_wconf 87' lang='lat' dir='ltr'><strong>addat</strong></span> <span class='ocrx_word' id='word_1_436' title='bbox 2427 2927 2727 2997; x_wconf 80' lang='lat' dir='ltr'><strong>longiores,</strong></span> <span class='ocrx_word' id='word_1_437' title='bbox 2795 2932 2847 2982; x_wconf 88' lang='lat' dir='ltr'><strong>et</strong></span> <span class='ocrx_word' id='word_1_438' title='bbox 2898 2919 3275 2978; x_wconf 87' lang='lat' dir='ltr'><strong>candidiorem</strong></span> <span class='ocrx_word' id='word_1_439' title='bbox 3334 2917 3543 2970; x_wconf 77' lang='lat' dir='ltr'><strong>vultum</strong></span> 
     </span>
    </p>
   </div>
   <div class='ocr_carea' id='block_1_62' title="bbox 268 3008 1861 3114">
    <p class='ocr_par' dir='ltr' id='par_1_62' title="bbox 268 3010 1861 3082">
     <span class='ocr_line' id='line_1_62' title="bbox 268 3010 1861 3082; baseline 0.001 -20"><span class='ocrx_word' id='word_1_440' title='bbox 268 3012 387 3079; x_wconf 71' lang='grc' dir='ltr'>τὴν</span> <span class='ocrx_word' id='word_1_441' title='bbox 423 3010 620 3080; x_wconf 82' lang='grc' dir='ltr'>τέχνην</span> <span class='ocrx_word' id='word_1_442' title='bbox 652 3011 985 3081; x_wconf 67' lang='grc' dir='ltr'><strong>⁴ιισκημιὲνος,</strong></span> <span class='ocrx_word' id='word_1_443' title='bbox 1037 3011 1221 3064; x_wconf 74' lang='grc' dir='ltr'>εἰκόνα</span> <span class='ocrx_word' id='word_1_444' title='bbox 1275 3010 1397 3064; x_wconf 76' lang='grc' dir='ltr'>τινὰ</span> <span class='ocrx_word' id='word_1_445' title='bbox 1447 3011 1730 3082; x_wconf 56' lang='grc' dir='ltr'>γράψειεν,</span> <span class='ocrx_word' id='word_1_446' title='bbox 1785 3011 1861 3072; x_wconf 84' lang='grc' dir='ltr'>ὼς</span> 
     </span>
    </p>
   </div>
   <div class='ocr_carea' id='block_1_63' title="bbox 1963 3008 3544 3114">
    <p class='ocr_par' dir='ltr' id='par_1_63' title="bbox 1964 3008 3544 3088">
     <span class='ocr_line' id='line_1_63' title="bbox 1964 3008 3544 3088; baseline -0.01 -11"><span class='ocrx_word' id='word_1_447' title='bbox 1964 3021 2179 3084; x_wconf 88' lang='lat' dir='ltr'><strong>reddat,</strong></span> <span class='ocrx_word' id='word_1_448' title='bbox 2219 3028 2273 3074; x_wconf 87' lang='lat' dir='ltr'><strong>et</strong></span> <span class='ocrx_word' id='word_1_449' title='bbox 2307 3019 2534 3075; x_wconf 85' lang='lat' dir='ltr'><strong>rubrum</strong></span> <span class='ocrx_word' id='word_1_450' title='bbox 2565 3017 2720 3088; x_wconf 79' lang='lat' dir='ltr'><strong>genis</strong></span> <span class='ocrx_word' id='word_1_451' title='bbox 2749 3015 2985 3070; x_wconf 85' lang='lat' dir='ltr'><strong>colorem</strong></span> <span class='ocrx_word' id='word_1_452' title='bbox 3019 3010 3264 3075; x_wconf 88' lang='lat' dir='ltr'><strong>inducat,</strong></span> <span class='ocrx_word' id='word_1_453' title='bbox 3297 3024 3366 3064; x_wconf 88' lang='lat' dir='ltr'><strong>an</strong></span> <span class='ocrx_word' id='word_1_454' title='bbox 3404 3008 3544 3078; x_wconf 80' lang='lat' dir='ltr'><strong>prio-</strong></span> 
     </span>
    </p>
   </div>
   <div class='ocr_carea' id='block_1_64' title="bbox 269 3101 1861 3182">
    <p class='ocr_par' dir='ltr' id='par_1_64' title="bbox 269 3101 1858 3175">
     <span class='ocr_line' id='line_1_64' title="bbox 269 3101 1858 3175; baseline 0 -19"><span class='ocrx_word' id='word_1_455' title='bbox 269 3101 450 3172; x_wconf 74' lang='grc' dir='ltr'>νὸμος</span> <span class='ocrx_word' id='word_1_456' title='bbox 488 3101 820 3172; x_wconf 80' lang='grc' dir='ltr'>ὑπαγορεύει</span> <span class='ocrx_word' id='word_1_457' title='bbox 861 3102 961 3170; x_wconf 81' lang='grc' dir='ltr'>τῆς</span> <span class='ocrx_word' id='word_1_458' title='bbox 999 3101 1216 3172; x_wconf 86' lang='grc' dir='ltr'>τέχνης,</span> <span class='ocrx_word' id='word_1_459' title='bbox 1250 3101 1342 3155; x_wconf 72' lang='grc' dir='ltr'>καὶ</span> <span class='ocrx_word' id='word_1_460' title='bbox 1387 3102 1590 3173; x_wconf 86' lang='grc' dir='ltr'>ταύτην</span> <span class='ocrx_word' id='word_1_461' title='bbox 1631 3103 1858 3175; x_wconf 82' lang='grc' dir='ltr'>προθείη</span> 
     </span>
    </p>
   </div>
   <div class='ocr_carea' id='block_1_65' title="bbox 1963 3101 3546 3182">
    <p class='ocr_par' dir='ltr' id='par_1_65' title="bbox 1964 3105 3546 3182">
     <span class='ocr_line' id='line_1_65' title="bbox 1964 3105 3546 3182; baseline -0.01 -13"><span class='ocrx_word' id='word_1_462' title='bbox 1964 3129 2077 3169; x_wconf 90' lang='lat' dir='ltr'><strong>rem</strong></span> <span class='ocrx_word' id='word_1_463' title='bbox 2136 3113 2394 3182; x_wconf 87' lang='lat' dir='ltr'><strong>pictorem</strong></span> <span class='ocrx_word' id='word_1_464' title='bbox 2434 3121 2596 3180; x_wconf 89' lang='lat' dir='ltr'><strong>putas</strong></span> <span class='ocrx_word' id='word_1_465' title='bbox 2643 3124 2752 3163; x_wconf 91' lang='lat' dir='ltr'><strong>non</strong></span> <span class='ocrx_word' id='word_1_466' title='bbox 2791 3105 3186 3162; x_wconf 83' lang='lat' dir='ltr'><strong>su&#39;ccensurum</strong></span> <span class='ocrx_word' id='word_1_467' title='bbox 3213 3143 3230 3167; x_wconf 93' lang='lat'><strong>,</strong></span> <span class='ocrx_word' id='word_1_468' title='bbox 3289 3109 3546 3170; x_wconf 80' lang='lat' dir='ltr'><strong>tanquam</strong></span> 
     </span>
    </p>
   </div>
   <div class='ocr_carea' id='block_1_66' title="bbox 271 3190 1858 3265">
    <p class='ocr_par' dir='ltr' id='par_1_66' title="bbox 271 3190 1858 3265">
     <span class='ocr_line' id='line_1_66' title="bbox 271 3190 1858 3265; baseline 0.001 -19"><span class='ocrx_word' id='word_1_469' title='bbox 271 3195 398 3257; x_wconf 84' lang='grc' dir='ltr'>τοῖς</span> <span class='ocrx_word' id='word_1_470' title='bbox 446 3190 791 3264; x_wconf 82' lang='grc' dir='ltr'>βουλομένοις</span> <span class='ocrx_word' id='word_1_471' title='bbox 841 3193 994 3264; x_wconf 75' lang='grc' dir='ltr'>όρᾷνο</span> <span class='ocrx_word' id='word_1_472' title='bbox 1045 3193 1378 3263; x_wconf 83' lang='grc' dir='ltr'>ἀφικόμενος</span> <span class='ocrx_word' id='word_1_473' title='bbox 1421 3193 1478 3246; x_wconf 84' lang='grc' dir='ltr'><strong>δέ</strong></span> <span class='ocrx_word' id='word_1_474' title='bbox 1527 3211 1609 3257; x_wconf 89' lang='grc' dir='ltr'><strong>τις</strong></span> <span class='ocrx_word' id='word_1_475' title='bbox 1653 3194 1858 3265; x_wconf 77' lang='grc' dir='ltr'>ἕτερος,</span> 
     </span>
    </p>
   </div>
   <div class='ocr_carea' id='block_1_67' title="bbox 275 3284 1858 3356">
    <p class='ocr_par' dir='ltr' id='par_1_67' title="bbox 275 3284 1858 3356">
     <span class='ocr_line' id='line_1_67' title="bbox 275 3284 1858 3356; baseline 0.001 -18"><span class='ocrx_word' id='word_1_476' title='bbox 275 3285 499 3352; x_wconf 78' lang='grc' dir='ltr'>ἐκείνην</span> <span class='ocrx_word' id='word_1_477' title='bbox 535 3285 634 3354; x_wconf 83' lang='grc' dir='ltr'>μὲν</span> <span class='ocrx_word' id='word_1_478' title='bbox 669 3284 767 3356; x_wconf 79' lang='grc' dir='ltr'>τὴν</span> <span class='ocrx_word' id='word_1_479' title='bbox 815 3285 1008 3356; x_wconf 85' lang='grc' dir='ltr'>τέχνην</span> <span class='ocrx_word' id='word_1_480' title='bbox 1039 3285 1140 3338; x_wconf 85' lang='grc' dir='ltr'>οὐκ</span> <span class='ocrx_word' id='word_1_481' title='bbox 1195 3284 1437 3356; x_wconf 78' lang='grc' dir='ltr'>ἀκριϐῶς</span> <span class='ocrx_word' id='word_1_482' title='bbox 1478 3285 1858 3356; x_wconf 83' lang='grc' dir='ltr'>ἐπιστάμενος,</span> 
     </span>
    </p>
   </div>
   <div class='ocr_carea' id='block_1_68' title="bbox 281 3375 1856 3448">
    <p class='ocr_par' dir='ltr' id='par_1_68' title="bbox 281 3375 1856 3448">
     <span class='ocr_line' id='line_1_68' title="bbox 281 3375 1856 3448; baseline 0.001 -20"><span class='ocrx_word' id='word_1_483' title='bbox 281 3375 579 3444; x_wconf 75' lang='grc' dir='ltr'>σχεδιάζων</span> <span class='ocrx_word' id='word_1_484' title='bbox 600 3376 655 3429; x_wconf 82' lang='grc' dir='ltr'>δὲ</span> <span class='ocrx_word' id='word_1_485' title='bbox 688 3376 822 3448; x_wconf 78' lang='grc' dir='ltr'>πρὸς</span> <span class='ocrx_word' id='word_1_486' title='bbox 857 3376 915 3430; x_wconf 62' lang='grc' dir='ltr'><strong>τὸ</strong></span> <span class='ocrx_word' id='word_1_487' title='bbox 939 3376 1128 3430; x_wconf 76' lang='grc' dir='ltr'>δοκοῦν</span> <span class='ocrx_word' id='word_1_488' title='bbox 1160 3376 1196 3431; x_wconf 77' lang='grc' dir='ltr'><strong>ἃ.</strong></span> <span class='ocrx_word' id='word_1_489' title='bbox 1223 3376 1539 3448; x_wconf 71' lang='grc' dir='ltr'>ἀναγράψαι</span> <span class='ocrx_word' id='word_1_490' title='bbox 1563 3377 1856 3448; x_wconf 81' lang='grc' dir='ltr'>θελήσειεν·</span> 
     </span>
    </p>
   </div>
   <div class='ocr_carea' id='block_1_69' title="bbox 279 3461 1862 3542">
    <p class='ocr_par' dir='ltr' id='par_1_69' title="bbox 279 3461 1862 3542">
     <span class='ocr_line' id='line_1_69' title="bbox 279 3461 1862 3542; baseline 0.002 -22"><span class='ocrx_word' id='word_1_491' title='bbox 279 3461 406 3520; x_wconf 76' lang='grc' dir='ltr'>εἶτα</span> <span class='ocrx_word' id='word_1_492' title='bbox 435 3467 785 3537; x_wconf 77' lang='grc' dir='ltr'>μεμψάμενος</span> <span class='ocrx_word' id='word_1_493' title='bbox 812 3471 878 3539; x_wconf 77' lang='grc' dir='ltr'><strong>τῇ</strong></span> <span class='ocrx_word' id='word_1_494' title='bbox 904 3471 1124 3540; x_wconf 81' lang='grc' dir='ltr'>τεχνικῇ</span> <span class='ocrx_word' id='word_1_495' title='bbox 1157 3468 1342 3542; x_wconf 74' lang='grc' dir='ltr'>ἐκείνῃ</span> <span class='ocrx_word' id='word_1_496' title='bbox 1363 3469 1679 3541; x_wconf 78' lang='grc' dir='ltr'>ζωγραφίᾳ,</span> <span class='ocrx_word' id='word_1_497' title='bbox 1698 3487 1862 3542; x_wconf 81' lang='grc' dir='ltr'>προσ·</span> 
     </span>
    </p>
   </div>
   <div class='ocr_carea' id='block_1_70' title="bbox 284 3559 1860 3633">
    <p class='ocr_par' dir='ltr' id='par_1_70' title="bbox 284 3559 1860 3633">
     <span class='ocr_line' id='line_1_70' title="bbox 284 3559 1860 3633; baseline 0.003 -22"><span class='ocrx_word' id='word_1_498' title='bbox 284 3559 406 3628; x_wconf 85' lang='grc' dir='ltr'>θείη</span> <span class='ocrx_word' id='word_1_499' title='bbox 442 3559 539 3628; x_wconf 78' lang='grc' dir='ltr'>μὲν</span> <span class='ocrx_word' id='word_1_500' title='bbox 571 3562 690 3621; x_wconf 78' lang='grc' dir='ltr'>ταῖς</span> <span class='ocrx_word' id='word_1_501' title='bbox 722 3559 920 3628; x_wconf 77' lang='grc' dir='ltr'>ὀφρύσι</span> <span class='ocrx_word' id='word_1_502' title='bbox 971 3561 1065 3614; x_wconf 78' lang='grc' dir='ltr'>καὶ</span> <span class='ocrx_word' id='word_1_503' title='bbox 1101 3564 1220 3624; x_wconf 84' lang='grc' dir='ltr'>ταῖς</span> <span class='ocrx_word' id='word_1_504' title='bbox 1258 3560 1542 3632; x_wconf 84' lang='grc' dir='ltr'>βλεφαρίσι</span> <span class='ocrx_word' id='word_1_505' title='bbox 1591 3560 1860 3633; x_wconf 85' lang='grc' dir='ltr'>μακροτέ-</span> 
     </span>
    </p>
   </div>
   <div class='ocr_carea' id='block_1_71' title="bbox 290 3651 1856 3725">
    <p class='ocr_par' dir='ltr' id='par_1_71' title="bbox 290 3651 1856 3725">
     <span class='ocr_line' id='line_1_71' title="bbox 290 3651 1856 3725; baseline 0.003 -21"><span class='ocrx_word' id='word_1_506' title='bbox 290 3667 391 3722; x_wconf 80' lang='grc' dir='ltr'><strong>ρας</strong></span> <span class='ocrx_word' id='word_1_507' title='bbox 403 3651 688 3721; x_wconf 72' lang='grc' dir='ltr'>γραμμὰς,</span> <span class='ocrx_word' id='word_1_508' title='bbox 711 3651 1029 3722; x_wconf 81' lang='grc' dir='ltr'>λευκότερον</span> <span class='ocrx_word' id='word_1_509' title='bbox 1051 3652 1106 3705; x_wconf 72' lang='grc' dir='ltr'>δὲ</span> <span class='ocrx_word' id='word_1_510' title='bbox 1127 3653 1187 3705; x_wconf 81' lang='grc' dir='ltr'>τὸ</span> <span class='ocrx_word' id='word_1_511' title='bbox 1216 3653 1506 3723; x_wconf 82' lang='grc' dir='ltr'>πρόσωπον</span> <span class='ocrx_word' id='word_1_512' title='bbox 1536 3656 1856 3725; x_wconf 79' lang='grc' dir='ltr'>ἀποφήνειε,</span> 
     </span>
    </p>
   </div>
   <div class='ocr_carea' id='block_1_72' title="bbox 283 3741 1859 3815">
    <p class='ocr_par' dir='ltr' id='par_1_72' title="bbox 283 3741 1859 3815">
     <span class='ocr_line' id='line_1_72' title="bbox 283 3741 1859 3815; baseline 0 -19"><span class='ocrx_word' id='word_1_513' title='bbox 283 3742 381 3796; x_wconf 74' lang='grc' dir='ltr'>καὶ</span> <span class='ocrx_word' id='word_1_514' title='bbox 408 3745 524 3802; x_wconf 70' lang='grc' dir='ltr'>ταῖς</span> <span class='ocrx_word' id='word_1_515' title='bbox 559 3744 809 3808; x_wconf 80' lang='grc' dir='ltr'>παρειαῖς</span> <span class='ocrx_word' id='word_1_516' title='bbox 832 3741 924 3795; x_wconf 85' lang='grc' dir='ltr'><strong>τοῦ</strong></span> <span class='ocrx_word' id='word_1_517' title='bbox 960 3742 1190 3813; x_wconf 81' lang='grc' dir='ltr'>ἐρυθροῦ</span> <span class='ocrx_word' id='word_1_518' title='bbox 1220 3743 1507 3814; x_wconf 78' lang='grc' dir='ltr'>χρώματος</span> <span class='ocrx_word' id='word_1_519' title='bbox 1536 3745 1859 3815; x_wconf 75' lang='grc' dir='ltr'>ἐπεμϐάλοι,</span> 
     </span>
    </p>
   </div>
   <div class='ocr_carea' id='block_1_73' title="bbox 281 3828 1860 3903">
    <p class='ocr_par' dir='ltr' id='par_1_73' title="bbox 281 3828 1860 3903">
     <span class='ocr_line' id='line_1_73' title="bbox 281 3828 1860 3903; baseline 0.001 -19"><span class='ocrx_word' id='word_1_520' title='bbox 281 3828 346 3884; x_wconf 71' lang='grc' dir='ltr'>οὗ</span> <span class='ocrx_word' id='word_1_521' title='bbox 387 3848 468 3884; x_wconf 91' lang='grc' dir='ltr'><strong>σοι</strong></span> <span class='ocrx_word' id='word_1_522' title='bbox 507 3831 654 3883; x_wconf 83' lang='grc' dir='ltr'>δοκεῖ</span> <span class='ocrx_word' id='word_1_523' title='bbox 677 3830 770 3883; x_wconf 71' lang='grc' dir='ltr'><strong>τὸν</strong></span> <span class='ocrx_word' id='word_1_524' title='bbox 796 3832 1062 3902; x_wconf 80' lang='grc' dir='ltr'>πρότερον</span> <span class='ocrx_word' id='word_1_525' title='bbox 1088 3832 1314 3892; x_wconf 77' lang='grc' dir='ltr'>εἰκότως</span> <span class='ocrx_word' id='word_1_526' title='bbox 1345 3833 1726 3903; x_wconf 79' lang='grc' dir='ltr'>ἀγανακτῆσαι</span> <span class='ocrx_word' id='word_1_527' title='bbox 1755 3833 1860 3896; x_wconf 80' lang='grc' dir='ltr'><strong>ζω-</strong></span> 
     </span>
    </p>
   </div>
   <div class='ocr_carea' id='block_1_74' title="bbox 284 3922 1860 3995">
    <p class='ocr_par' dir='ltr' id='par_1_74' title="bbox 284 3922 1860 3995">
     <span class='ocr_line' id='line_1_74' title="bbox 284 3922 1860 3995; baseline 0.001 -21"><span class='ocrx_word' id='word_1_528' title='bbox 284 3922 515 3992; x_wconf 79' lang='grc' dir='ltr'>γράφον,</span> <span class='ocrx_word' id='word_1_529' title='bbox 546 3923 621 3986; x_wconf 87' lang='grc' dir='ltr'>ὼς</span> <span class='ocrx_word' id='word_1_530' title='bbox 649 3923 748 3992; x_wconf 80' lang='grc' dir='ltr'>τῆς</span> <span class='ocrx_word' id='word_1_531' title='bbox 793 3925 986 3994; x_wconf 82' lang='grc' dir='ltr'>τέχνης</span> <span class='ocrx_word' id='word_1_532' title='bbox 1033 3923 1182 3993; x_wconf 76' lang='grc' dir='ltr'>αὐτῷ</span> <span class='ocrx_word' id='word_1_533' title='bbox 1213 3925 1334 3977; x_wconf 83' lang='grc' dir='ltr'>λίαν</span> <span class='ocrx_word' id='word_1_534' title='bbox 1375 3925 1729 3995; x_wconf 79' lang='grc' dir='ltr'>ὑϐρισμένης,</span> <span class='ocrx_word' id='word_1_535' title='bbox 1765 3924 1860 3978; x_wconf 68' lang='grc' dir='ltr'><strong>καὶ</strong></span> 
     </span>
    </p>
   </div>
   <div class='ocr_carea' id='block_1_75' title="bbox 287 4007 1859 4085">
    <p class='ocr_par' dir='ltr' id='par_1_75' title="bbox 287 4007 1859 4085">
     <span class='ocr_line' id='line_1_75' title="bbox 287 4007 1859 4085; baseline 0.003 -21"><span class='ocrx_word' id='word_1_536' title='bbox 287 4013 603 4084; x_wconf 79' lang='grc' dir='ltr'>προσθήκας</span> <span class='ocrx_word' id='word_1_537' title='bbox 644 4007 719 4067; x_wconf 83' lang='grc' dir='ltr'>ὧν</span> <span class='ocrx_word' id='word_1_538' title='bbox 749 4015 847 4068; x_wconf 73' lang='grc' dir='ltr'>οὐκ</span> <span class='ocrx_word' id='word_1_539' title='bbox 878 4016 1045 4068; x_wconf 72' lang='grc' dir='ltr'>ἐδεῖτο</span> <span class='ocrx_word' id='word_1_540' title='bbox 1075 4017 1178 4068; x_wconf 82' lang='grc' dir='ltr'><strong>ὑπὸ</strong></span> <span class='ocrx_word' id='word_1_541' title='bbox 1215 4014 1459 4085; x_wconf 81' lang='grc' dir='ltr'>ἀμαθοῦς</span> <span class='ocrx_word' id='word_1_542' title='bbox 1487 4016 1664 4082; x_wconf 77' lang='grc' dir='ltr'>δεξιᾶς</span> <span class='ocrx_word' id='word_1_543' title='bbox 1705 4015 1859 4080; x_wconf 77' lang='grc' dir='ltr'>δεξα-</span> 
     </span>
    </p>
   </div>
   <div class='ocr_carea' id='block_1_76' title="bbox 289 4101 1861 4178">
    <p class='ocr_par' dir='ltr' id='par_1_76' title="bbox 289 4101 1861 4178">
     <span class='ocr_line' id='line_1_76' title="bbox 289 4101 1861 4178; baseline 0.004 -24"><span class='ocrx_word' id='word_1_544' title='bbox 289 4101 490 4172; x_wconf 85' lang='grc' dir='ltr'>μένης;</span> <span class='ocrx_word' id='word_1_545' title='bbox 525 4103 753 4168; x_wconf 76' lang='grc' dir='ltr'>Οὐκοῦν,</span> <span class='ocrx_word' id='word_1_546' title='bbox 782 4105 906 4173; x_wconf 76' lang='grc' dir='ltr'>ἔφη,</span> <span class='ocrx_word' id='word_1_547' title='bbox 932 4109 1024 4158; x_wconf 77' lang='grc' dir='ltr'>καὶ</span> <span class='ocrx_word' id='word_1_548' title='bbox 1057 4106 1148 4157; x_wconf 79' lang='grc' dir='ltr'>τὸν</span> <span class='ocrx_word' id='word_1_549' title='bbox 1173 4105 1280 4158; x_wconf 83' lang='grc' dir='ltr'><strong>τῶν</strong></span> <span class='ocrx_word' id='word_1_550' title='bbox 1315 4107 1567 4160; x_wconf 82' lang='grc' dir='ltr'>ἁπάντων</span> <span class='ocrx_word' id='word_1_551' title='bbox 1595 4109 1861 4178; x_wconf 84' lang='grc' dir='ltr'>Δημιουρ-</span> 
     </span>
    </p>
   </div>
   <div class='ocr_carea' id='block_1_77' title="bbox 284 4193 1860 4270">
    <p class='ocr_par' dir='ltr' id='par_1_77' title="bbox 284 4193 1860 4270">
     <span class='ocr_line' id='line_1_77' title="bbox 284 4193 1860 4270; baseline 0.006 -25"><span class='ocrx_word' id='word_1_552' title='bbox 284 4193 403 4262; x_wconf 85' lang='grc' dir='ltr'>γὸν,</span> <span class='ocrx_word' id='word_1_553' title='bbox 438 4194 530 4247; x_wconf 80' lang='grc' dir='ltr'>καὶ</span> <span class='ocrx_word' id='word_1_554' title='bbox 569 4194 667 4263; x_wconf 81' lang='grc' dir='ltr'>τῆς</span> <span class='ocrx_word' id='word_1_555' title='bbox 699 4196 970 4265; x_wconf 81' lang='grc' dir='ltr'>ἡμετέρας</span> <span class='ocrx_word' id='word_1_556' title='bbox 1022 4196 1234 4262; x_wconf 82' lang='grc' dir='ltr'>φύσεως</span> <span class='ocrx_word' id='word_1_557' title='bbox 1258 4196 1507 4270; x_wconf 71' lang='grc' dir='ltr'>Πλάστην</span> <span class='ocrx_word' id='word_1_558' title='bbox 1537 4215 1597 4251; x_wconf 89' lang='grc' dir='ltr'><strong>τε</strong></span> <span class='ocrx_word' id='word_1_559' title='bbox 1637 4201 1730 4254; x_wconf 78' lang='grc' dir='ltr'>καὶ</span> <span class='ocrx_word' id='word_1_560' title='bbox 1751 4203 1860 4254; x_wconf 84' lang='grc' dir='ltr'><strong>Ζω-</strong></span> 
     </span>
    </p>
   </div>
   <div class='ocr_carea' id='block_1_78' title="bbox 284 4283 1856 4362">
    <p class='ocr_par' dir='ltr' id='par_1_78' title="bbox 284 4283 1856 4362">
     <span class='ocr_line' id='line_1_78' title="bbox 284 4283 1856 4362; baseline 0.008 -29"><span class='ocrx_word' id='word_1_561' title='bbox 284 4284 494 4356; x_wconf 85' lang='grc' dir='ltr'>γράφον</span> <span class='ocrx_word' id='word_1_562' title='bbox 525 4283 852 4350; x_wconf 82' lang='grc' dir='ltr'>ἀγανακτεῖν</span> <span class='ocrx_word' id='word_1_563' title='bbox 887 4285 1195 4348; x_wconf 84' lang='grc' dir='ltr'>πιστεύετε,</span> <span class='ocrx_word' id='word_1_564' title='bbox 1233 4287 1319 4339; x_wconf 76' lang='grc' dir='ltr'>ὅτι</span> <span class='ocrx_word' id='word_1_565' title='bbox 1350 4288 1446 4356; x_wconf 78' lang='grc' dir='ltr'>τῆς</span> <span class='ocrx_word' id='word_1_566' title='bbox 1491 4291 1732 4362; x_wconf 72' lang='grc' dir='ltr'>ἀρρήτου</span> <span class='ocrx_word' id='word_1_567' title='bbox 1769 4309 1856 4345; x_wconf 84' lang='grc' dir='ltr'>σο-</span> 
     </span>
    </p>
   </div>
   <div class='ocr_carea' id='block_1_79' title="bbox 1961 3191 3548 3273">
    <p class='ocr_par' dir='ltr' id='par_1_79' title="bbox 1961 3191 3548 3273">
     <span class='ocr_line' id='line_1_79' title="bbox 1961 3191 3548 3273; baseline -0.007 -15"><span class='ocrx_word' id='word_1_568' title='bbox 1961 3204 2066 3258; x_wconf 79' lang='lat' dir='ltr'><strong>arti</strong></span> <span class='ocrx_word' id='word_1_569' title='bbox 2098 3218 2212 3258; x_wconf 77' lang='lat' dir='ltr'><strong>sute</strong></span> <span class='ocrx_word' id='word_1_570' title='bbox 2243 3203 2396 3273; x_wconf 81' lang='lat' dir='ltr'><strong>gravi</strong></span> <span class='ocrx_word' id='word_1_571' title='bbox 2429 3201 2571 3255; x_wconf 81' lang='lat' dir='ltr'><strong>facta</strong></span> <span class='ocrx_word' id='word_1_572' title='bbox 2605 3199 2826 3270; x_wconf 78' lang='lat' dir='ltr'><strong>injuria,</strong></span> <span class='ocrx_word' id='word_1_573' title='bbox 2847 3207 2902 3252; x_wconf 90' lang='lat' dir='ltr'><strong>et</strong></span> <span class='ocrx_word' id='word_1_574' title='bbox 2924 3193 3308 3252; x_wconf 83' lang='lat' dir='ltr'><strong>additamentis</strong></span> <span class='ocrx_word' id='word_1_575' title='bbox 3347 3191 3548 3261; x_wconf 65' lang='lat' dir='ltr'><strong>quibus</strong></span> 
     </span>
    </p>
   </div>
   <div class='ocr_carea' id='block_1_80' title="bbox 1959 3281 3546 3363">
    <p class='ocr_par' dir='ltr' id='par_1_80' title="bbox 1959 3281 3546 3363">
     <span class='ocr_line' id='line_1_80' title="bbox 1959 3281 3546 3363; baseline -0.01 -15"><span class='ocrx_word' id='word_1_576' title='bbox 1959 3308 2099 3363; x_wconf 89' lang='lat' dir='ltr'><strong>opus</strong></span> <span class='ocrx_word' id='word_1_577' title='bbox 2137 3308 2246 3346; x_wconf 90' lang='lat' dir='ltr'><strong>non</strong></span> <span class='ocrx_word' id='word_1_578' title='bbox 2279 3299 2399 3345; x_wconf 86' lang='lat' dir='ltr'><strong>erat</strong></span> <span class='ocrx_word' id='word_1_579' title='bbox 2435 3290 2506 3343; x_wconf 87' lang='lat' dir='ltr'><strong>ab</strong></span> <span class='ocrx_word' id='word_1_580' title='bbox 2537 3288 2758 3344; x_wconf 89' lang='lat' dir='ltr'><strong>indocta</strong></span> <span class='ocrx_word' id='word_1_581' title='bbox 2798 3303 2962 3341; x_wconf 88' lang='lat' dir='ltr'><strong>manu</strong></span> <span class='ocrx_word' id='word_1_582' title='bbox 3003 3283 3280 3354; x_wconf 79' lang='lat' dir='ltr'><strong>impositis</strong></span> <span class='ocrx_word' id='word_1_583' title='bbox 3308 3284 3335 3337; x_wconf 74' lang='grc'><strong>’1</strong></span> <span class='ocrx_word' id='word_1_584' title='bbox 3383 3281 3546 3351; x_wconf 69' lang='lat' dir='ltr'><strong>Ergo,</strong></span> 
     </span>
    </p>
   </div>
   <div class='ocr_carea' id='block_1_81' title="bbox 1959 3378 3544 3453">
    <p class='ocr_par' dir='ltr' id='par_1_81' title="bbox 1959 3378 3544 3453">
     <span class='ocr_line' id='line_1_81' title="bbox 1959 3378 3544 3453; baseline -0.006 -15"><span class='ocrx_word' id='word_1_585' title='bbox 1959 3383 2159 3453; x_wconf 88' lang='lat' dir='ltr'><strong>inquit,</strong></span> <span class='ocrx_word' id='word_1_586' title='bbox 2179 3381 2531 3437; x_wconf 86' lang='lat' dir='ltr'><strong>Conditorem</strong></span> <span class='ocrx_word' id='word_1_587' title='bbox 2549 3395 2768 3451; x_wconf 91' lang='lat' dir='ltr'><strong>quoque</strong></span> <span class='ocrx_word' id='word_1_588' title='bbox 2782 3378 3050 3442; x_wconf 85' lang='lat' dir='ltr'><strong>omnium,</strong></span> <span class='ocrx_word' id='word_1_589' title='bbox 3095 3383 3420 3443; x_wconf 74' lang='lat' dir='ltr'><strong>naturtnque</strong></span> <span class='ocrx_word' id='word_1_590' title='bbox 3445 3388 3544 3428; x_wconf 85' lang='lat' dir='ltr'><strong>no-</strong></span> 
     </span>
    </p>
   </div>
   <div class='ocr_carea' id='block_1_82' title="bbox 1959 3465 3546 3545">
    <p class='ocr_par' dir='ltr' id='par_1_82' title="bbox 1959 3465 3546 3545">
     <span class='ocr_line' id='line_1_82' title="bbox 1959 3465 3546 3545; baseline -0.009 -16"><span class='ocrx_word' id='word_1_591' title='bbox 1959 3473 2344 3545; x_wconf 72' lang='lat' dir='ltr'><strong>straeFigulum</strong></span> <span class='ocrx_word' id='word_1_592' title='bbox 2361 3470 2718 3538; x_wconf 80' lang='lat' dir='ltr'><strong>etPirtorem,</strong></span> <span class='ocrx_word' id='word_1_593' title='bbox 2738 3469 3008 3540; x_wconf 74' lang='lat' dir='ltr'><strong>indignari</strong></span> <span class='ocrx_word' id='word_1_594' title='bbox 3025 3467 3251 3533; x_wconf 88' lang='lat' dir='ltr'><strong>credite,</strong></span> <span class='ocrx_word' id='word_1_595' title='bbox 3269 3465 3414 3536; x_wconf 88' lang='lat' dir='ltr'><strong>quod</strong></span> <span class='ocrx_word' id='word_1_596' title='bbox 3439 3465 3546 3518; x_wconf 76' lang='lat' dir='ltr'><strong>im-</strong></span> 
     </span>
    </p>
   </div>
   <div class='ocr_carea' id='block_1_83' title="bbox 1958 3552 3542 3632">
    <p class='ocr_par' dir='ltr' id='par_1_83' title="bbox 1958 3552 3542 3632">
     <span class='ocr_line' id='line_1_83' title="bbox 1958 3552 3542 3632; baseline -0.007 -13"><span class='ocrx_word' id='word_1_597' title='bbox 1958 3579 2199 3620; x_wconf 84' lang='lat' dir='ltr'><strong>mensam</strong></span> <span class='ocrx_word' id='word_1_598' title='bbox 2219 3563 2364 3618; x_wconf 88' lang='lat' dir='ltr'><strong>illam</strong></span> <span class='ocrx_word' id='word_1_599' title='bbox 2383 3561 2706 3632; x_wconf 87' lang='lat' dir='ltr'><strong>sapientiam</strong></span> <span class='ocrx_word' id='word_1_600' title='bbox 2727 3558 3016 3630; x_wconf 70' lang='lat' dir='ltr'><strong>imperitia:</strong></span> <span class='ocrx_word' id='word_1_601' title='bbox 3069 3555 3322 3626; x_wconf 80' lang='lat' dir='ltr'><strong>argnitis.</strong></span> <span class='ocrx_word' id='word_1_602' title='bbox 3359 3552 3542 3622; x_wconf 76' lang='lat' dir='ltr'><strong>Neque</strong></span> 
     </span>
    </p>
   </div>
   <div class='ocr_carea' id='block_1_84' title="bbox 1957 3645 3544 3722">
    <p class='ocr_par' dir='ltr' id='par_1_84' title="bbox 1957 3645 3544 3722">
     <span class='ocr_line' id='line_1_84' title="bbox 1957 3645 3544 3722; baseline -0.01 -6"><span class='ocrx_word' id='word_1_603' title='bbox 1957 3659 2101 3715; x_wconf 89' lang='lat' dir='ltr'><strong>enim</strong></span> <span class='ocrx_word' id='word_1_604' title='bbox 2121 3658 2436 3721; x_wconf 85' lang='lat' dir='ltr'><strong>rubeum,et</strong></span> <span class='ocrx_word' id='word_1_605' title='bbox 2463 3656 2739 3721; x_wconf 88' lang='lat' dir='ltr'><strong>album,et</strong></span> <span class='ocrx_word' id='word_1_606' title='bbox 2771 3653 2991 3722; x_wconf 80' lang='lat' dir='ltr'><strong>nigrum</strong></span> <span class='ocrx_word' id='word_1_607' title='bbox 3020 3649 3261 3704; x_wconf 86' lang='lat' dir='ltr'><strong>colorem</strong></span> <span class='ocrx_word' id='word_1_608' title='bbox 3284 3645 3544 3701; x_wconf 78' lang='lat' dir='ltr'><strong>infunde-</strong></span> 
     </span>
    </p>
   </div>
   <div class='ocr_carea' id='block_1_85' title="bbox 1959 3737 3546 3815">
    <p class='ocr_par' dir='ltr' id='par_1_85' title="bbox 1959 3737 3546 3815">
     <span class='ocr_line' id='line_1_85' title="bbox 1959 3737 3546 3815; baseline -0.006 -11"><span class='ocrx_word' id='word_1_609' title='bbox 1959 3751 2110 3815; x_wconf 88' lang='lat' dir='ltr'><strong>retis,</strong></span> <span class='ocrx_word' id='word_1_610' title='bbox 2131 3749 2234 3804; x_wconf 87' lang='lat' dir='ltr'><strong>nisi</strong></span> <span class='ocrx_word' id='word_1_611' title='bbox 2255 3749 2359 3803; x_wconf 87' lang='lat' dir='ltr'><strong>hoc</strong></span> <span class='ocrx_word' id='word_1_612' title='bbox 2381 3746 2753 3802; x_wconf 90' lang='lat' dir='ltr'><strong>additamento</strong></span> <span class='ocrx_word' id='word_1_613' title='bbox 2771 3759 2931 3815; x_wconf 77' lang='lat' dir='ltr'><strong>egere</strong></span> <span class='ocrx_word' id='word_1_614' title='bbox 2943 3758 3040 3798; x_wconf 83' lang='lat' dir='ltr'><strong>vos</strong></span> <span class='ocrx_word' id='word_1_615' title='bbox 3057 3740 3340 3808; x_wconf 87' lang='lat' dir='ltr'><strong>putaretis.</strong></span> <span class='ocrx_word' id='word_1_616' title='bbox 3375 3737 3546 3809; x_wconf 80' lang='lat' dir='ltr'><strong>Egere</strong></span> 
     </span>
    </p>
   </div>
   <div class='ocr_carea' id='block_1_86' title="bbox 1958 3832 3546 3910">
    <p class='ocr_par' dir='ltr' id='par_1_86' title="bbox 1958 3832 3546 3910">
     <span class='ocr_line' id='line_1_86' title="bbox 1958 3832 3546 3910; baseline -0.008 -13"><span class='ocrx_word' id='word_1_617' title='bbox 1958 3853 2136 3897; x_wconf 84' lang='lat' dir='ltr'><strong>autem</strong></span> <span class='ocrx_word' id='word_1_618' title='bbox 2177 3843 2264 3896; x_wconf 84' lang='lat' dir='ltr'><strong>his</strong></span> <span class='ocrx_word' id='word_1_619' title='bbox 2276 3857 2480 3910; x_wconf 80' lang='lat' dir='ltr'><strong>corpus</strong></span> <span class='ocrx_word' id='word_1_620' title='bbox 2499 3840 2627 3894; x_wconf 89' lang='lat' dir='ltr'><strong>dum</strong></span> <span class='ocrx_word' id='word_1_621' title='bbox 2646 3837 2891 3902; x_wconf 86' lang='lat' dir='ltr'><strong>creditis,</strong></span> <span class='ocrx_word' id='word_1_622' title='bbox 2905 3834 3294 3892; x_wconf 85' lang='lat' dir='ltr'><strong>imbecillitatis</strong></span> <span class='ocrx_word' id='word_1_623' title='bbox 3316 3832 3546 3888; x_wconf 86' lang='lat' dir='ltr'><strong>damna—</strong></span> 
     </span>
    </p>
   </div>
   <div class='ocr_carea' id='block_1_87' title="bbox 1957 3925 3538 4001">
    <p class='ocr_par' dir='ltr' id='par_1_87' title="bbox 1957 3925 3538 4001">
     <span class='ocr_line' id='line_1_87' title="bbox 1957 3925 3538 4001; baseline -0.007 -14"><span class='ocrx_word' id='word_1_624' title='bbox 1957 3935 2028 3988; x_wconf 90' lang='lat' dir='ltr'><strong>tis</strong></span> <span class='ocrx_word' id='word_1_625' title='bbox 2049 3941 2348 3987; x_wconf 88' lang='lat' dir='ltr'><strong>auctorem.</strong></span> <span class='ocrx_word' id='word_1_626' title='bbox 2389 3933 2553 4001; x_wconf 85' lang='lat' dir='ltr'><strong>Atqui</strong></span> <span class='ocrx_word' id='word_1_627' title='bbox 2575 3930 2857 3986; x_wconf 84' lang='lat' dir='ltr'><strong>sciendum</strong></span> <span class='ocrx_word' id='word_1_628' title='bbox 2891 3937 2998 3991; x_wconf 80' lang='lat' dir='ltr'><strong>est,</strong></span> <span class='ocrx_word' id='word_1_629' title='bbox 3029 3925 3290 3982; x_wconf 78' lang='lat' dir='ltr'><strong>voluntati</strong></span> <span class='ocrx_word' id='word_1_630' title='bbox 3353 3938 3538 3994; x_wconf 85' lang='lat' dir='ltr'><strong>parem</strong></span> 
     </span>
    </p>
   </div>
   <div class='ocr_carea' id='block_1_88' title="bbox 1957 4015 3549 4091">
    <p class='ocr_par' dir='ltr' id='par_1_88' title="bbox 1957 4015 3549 4091">
     <span class='ocr_line' id='line_1_88' title="bbox 1957 4015 3549 4091; baseline -0.008 -11"><span class='ocrx_word' id='word_1_631' title='bbox 1957 4024 2106 4080; x_wconf 89' lang='lat' dir='ltr'><strong>illum</strong></span> <span class='ocrx_word' id='word_1_632' title='bbox 2163 4023 2363 4078; x_wconf 80' lang='lat' dir='ltr'><strong>habere</strong></span> <span class='ocrx_word' id='word_1_633' title='bbox 2424 4029 2766 4091; x_wconf 86' lang='lat' dir='ltr'><strong>potestatem.</strong></span> <span class='ocrx_word' id='word_1_634' title='bbox 2801 4039 2820 4072; x_wconf 77' lang='grc' dir='ltr'><strong><em>ς</em></strong></span> <span class='ocrx_word' id='word_1_635' title='bbox 2857 4017 3049 4074; x_wconf 88' lang='lat' dir='ltr'><strong>Omnia</strong></span> <span class='ocrx_word' id='word_1_636' title='bbox 3101 4019 3271 4080; x_wconf 90' lang='lat' dir='ltr'><strong>enim,</strong></span> <span class='ocrx_word' id='word_1_637' title='bbox 3309 4035 3328 4068; x_wconf 75' lang='grc' dir='ltr'><strong>ι</strong></span> <span class='ocrx_word' id='word_1_638' title='bbox 3367 4015 3549 4084; x_wconf 79' lang='lat' dir='ltr'><strong>inquit</strong></span> 
     </span>
    </p>
   </div>
   <div class='ocr_carea' id='block_1_89' title="bbox 1957 4107 3544 4182">
    <p class='ocr_par' dir='ltr' id='par_1_89' title="bbox 1957 4107 3544 4182">
     <span class='ocr_line' id='line_1_89' title="bbox 1957 4107 3544 4182; baseline -0.004 -14"><span class='ocrx_word' id='word_1_639' title='bbox 1957 4114 2148 4180; x_wconf 79' lang='lat' dir='ltr'><strong>David,</strong></span> <span class='ocrx_word' id='word_1_640' title='bbox 2171 4132 2190 4165; x_wconf 76' lang='grc' dir='ltr'><strong>σ</strong></span> <span class='ocrx_word' id='word_1_641' title='bbox 2213 4128 2552 4182; x_wconf 68' lang='lat' dir='ltr'><strong>quaecunque</strong></span> <span class='ocrx_word' id='word_1_642' title='bbox 2567 4109 2878 4166; x_wconf 83' lang='lat' dir='ltr'><strong>voluitt&#39;ecit</strong></span> <span class='ocrx_word' id='word_1_643' title='bbox 2899 4120 2920 4148; x_wconf 76' lang='grc' dir='ltr'><strong>ε</strong></span> <span class='ocrx_word' id='word_1_644' title='bbox 2946 4128 2959 4163; x_wconf 91' lang='lat'><strong>:</strong></span> <span class='ocrx_word' id='word_1_645' title='bbox 2989 4128 3007 4160; x_wconf 73' lang='grc' dir='ltr'><strong>ι</strong></span> <span class='ocrx_word' id='word_1_646' title='bbox 3027 4109 3120 4164; x_wconf 87' lang='lat' dir='ltr'><strong>sed</strong></span> <span class='ocrx_word' id='word_1_647' title='bbox 3138 4108 3379 4162; x_wconf 88' lang='lat' dir='ltr'><strong>omnium</strong></span> <span class='ocrx_word' id='word_1_648' title='bbox 3393 4107 3544 4161; x_wconf 81' lang='lat' dir='ltr'><strong>utili-</strong></span> 
     </span>
    </p>
   </div>
   <div class='ocr_carea' id='block_1_90' title="bbox 1956 4197 3541 4269">
    <p class='ocr_par' dir='ltr' id='par_1_90' title="bbox 1956 4197 3541 4269">
     <span class='ocr_line' id='line_1_90' title="bbox 1956 4197 3541 4269; baseline -0.003 -11"><span class='ocrx_word' id='word_1_649' title='bbox 1956 4205 2053 4259; x_wconf 87' lang='lat' dir='ltr'><strong>tati</strong></span> <span class='ocrx_word' id='word_1_650' title='bbox 2093 4205 2393 4260; x_wconf 87' lang='lat' dir='ltr'><strong>consulens</strong></span> <span class='ocrx_word' id='word_1_651' title='bbox 2439 4219 2502 4260; x_wconf 88' lang='lat' dir='ltr'><strong>ea</strong></span> <span class='ocrx_word' id='word_1_652' title='bbox 2565 4218 2667 4258; x_wconf 89' lang='lat' dir='ltr'><strong>non</strong></span> <span class='ocrx_word' id='word_1_653' title='bbox 2707 4201 2801 4256; x_wconf 87' lang='lat' dir='ltr'><strong>dat</strong></span> <span class='ocrx_word' id='word_1_654' title='bbox 2834 4215 2957 4269; x_wconf 68' lang='lat' dir='ltr'><strong>qua:</strong></span> <span class='ocrx_word' id='word_1_655' title='bbox 2991 4199 3251 4255; x_wconf 89' lang='lat' dir='ltr'><strong>damnum</strong></span> <span class='ocrx_word' id='word_1_656' title='bbox 3283 4197 3541 4255; x_wconf 77' lang='lat' dir='ltr'><strong>aiIernnt.</strong></span> 
     </span>
    </p>
   </div>
   <div class='ocr_carea' id='block_1_91' title="bbox 1954 4291 3537 4365">
    <p class='ocr_par' dir='ltr' id='par_1_91' title="bbox 1954 4291 3537 4365">
     <span class='ocr_line' id='line_1_91' title="bbox 1954 4291 3537 4365; baseline -0.004 -15"><span class='ocrx_word' id='word_1_657' title='bbox 1954 4299 2137 4362; x_wconf 79' lang='lat' dir='ltr'><strong>Quare</strong></span> <span class='ocrx_word' id='word_1_658' title='bbox 2193 4295 2482 4365; x_wconf 81' lang='lat' dir='ltr'><strong>imaginem</strong></span> <span class='ocrx_word' id='word_1_659' title='bbox 2526 4294 2616 4348; x_wconf 93' lang='lat' dir='ltr'><strong>Dei</strong></span> <span class='ocrx_word' id='word_1_660' title='bbox 2646 4309 2714 4349; x_wconf 91' lang='lat' dir='ltr'><strong>ne</strong></span> <span class='ocrx_word' id='word_1_661' title='bbox 2733 4291 3124 4361; x_wconf 77' lang='lat' dir='ltr'><strong>corrumpatis,</strong></span> <span class='ocrx_word' id='word_1_662' title='bbox 3160 4306 3340 4361; x_wconf 83' lang='lat' dir='ltr'><strong>neque</strong></span> <span class='ocrx_word' id='word_1_663' title='bbox 3395 4291 3537 4358; x_wconf 89' lang='lat' dir='ltr'><strong>adji-</strong></span> 
     </span>
    </p>
   </div>
   <div class='ocr_carea' id='block_1_92' title="bbox 284 4375 1861 4462">
    <p class='ocr_par' dir='ltr' id='par_1_92' title="bbox 284 4375 1856 4457">
     <span class='ocr_line' id='line_1_92' title="bbox 284 4375 1856 4457; baseline 0.005 -30"><span class='ocrx_word' id='word_1_664' title='bbox 284 4375 413 4444; x_wconf 82' lang='grc' dir='ltr'>φίας</span> <span class='ocrx_word' id='word_1_665' title='bbox 459 4375 672 4446; x_wconf 75' lang='grc' dir='ltr'>ἐκείνης</span> <span class='ocrx_word' id='word_1_666' title='bbox 706 4375 945 4445; x_wconf 82' lang='grc' dir='ltr'>ἀμαθίαν</span> <span class='ocrx_word' id='word_1_667' title='bbox 996 4379 1376 4457; x_wconf 75' lang='grc' dir='ltr'>κατηγορεῖτε.</span> <span class='ocrx_word' id='word_1_668' title='bbox 1412 4380 1486 4432; x_wconf 75' lang='grc' dir='ltr'><strong>Οὔ</strong></span> <span class='ocrx_word' id='word_1_669' title='bbox 1537 4383 1642 4453; x_wconf 81' lang='grc' dir='ltr'><strong>γὰρ</strong></span> <span class='ocrx_word' id='word_1_670' title='bbox 1683 4381 1748 4434; x_wconf 82' lang='grc' dir='ltr'>ἂν</span> <span class='ocrx_word' id='word_1_671' title='bbox 1793 4383 1856 4435; x_wconf 73' lang='grc' dir='ltr'>τὸ</span> 
     </span>
    </p>
   </div>
   <div class='ocr_carea' id='block_1_93' title="bbox 1963 4375 3547 4462">
    <p class='ocr_par' dir='ltr' id='par_1_93' title="bbox 1963 4385 3547 4458">
     <span class='ocr_line' id='line_1_93' title="bbox 1963 4385 3547 4458; baseline -0.003 -13"><span class='ocrx_word' id='word_1_672' title='bbox 1963 4407 2082 4445; x_wconf 77' lang='lat' dir='ltr'><strong>cere</strong></span> <span class='ocrx_word' id='word_1_673' title='bbox 2134 4390 2414 4446; x_wconf 84' lang='lat' dir='ltr'><strong>conemini</strong></span> <span class='ocrx_word' id='word_1_674' title='bbox 2489 4403 2608 4458; x_wconf 71' lang='lat' dir='ltr'><strong>qua:</strong></span> <span class='ocrx_word' id='word_1_675' title='bbox 2666 4387 2940 4456; x_wconf 85' lang='lat' dir='ltr'><strong>sapienter</strong></span> <span class='ocrx_word' id='word_1_676' title='bbox 2985 4399 3098 4442; x_wconf 87' lang='lat' dir='ltr'><strong>non</strong></span> <span class='ocrx_word' id='word_1_677' title='bbox 3144 4385 3314 4449; x_wconf 85' lang='lat' dir='ltr'><strong>dedit,</strong></span> <span class='ocrx_word' id='word_1_678' title='bbox 3363 4401 3547 4455; x_wconf 86' lang='lat' dir='ltr'><strong>neque</strong></span> 
     </span>
    </p>
   </div>
   <div class='ocr_carea' id='block_1_94' title="bbox 280 4468 1853 4546">
    <p class='ocr_par' dir='ltr' id='par_1_94' title="bbox 280 4468 1853 4546">
     <span class='ocr_line' id='line_1_94' title="bbox 280 4468 1853 4546; baseline 0.001 -22"><span class='ocrx_word' id='word_1_679' title='bbox 280 4469 532 4541; x_wconf 81' lang='grc' dir='ltr'>ἐρυθρὸν,</span> <span class='ocrx_word' id='word_1_680' title='bbox 573 4468 668 4522; x_wconf 73' lang='grc' dir='ltr'><strong>καὶ</strong></span> <span class='ocrx_word' id='word_1_681' title='bbox 702 4468 916 4532; x_wconf 80' lang='grc' dir='ltr'>λευκὸν,</span> <span class='ocrx_word' id='word_1_682' title='bbox 949 4469 1043 4522; x_wconf 79' lang='grc' dir='ltr'>καὶ</span> <span class='ocrx_word' id='word_1_683' title='bbox 1069 4469 1237 4538; x_wconf 82' lang='grc' dir='ltr'>μέλαν</span> <span class='ocrx_word' id='word_1_684' title='bbox 1262 4470 1523 4542; x_wconf 81' lang='grc' dir='ltr'>ἐπεχέατε</span> <span class='ocrx_word' id='word_1_685' title='bbox 1558 4473 1776 4546; x_wconf 82' lang='grc' dir='ltr'>χρῶμα,</span> <span class='ocrx_word' id='word_1_686' title='bbox 1806 4477 1853 4527; x_wconf 79' lang='grc' dir='ltr'>εἰ</span> 
     </span>
    </p>
   </div>
   <div class='ocr_carea' id='block_1_95' title="bbox 283 4559 1852 4636">
    <p class='ocr_par' dir='ltr' id='par_1_95' title="bbox 283 4559 1852 4636">
     <span class='ocr_line' id='line_1_95' title="bbox 283 4559 1852 4636; baseline -0.006 -20"><span class='ocrx_word' id='word_1_687' title='bbox 283 4561 362 4632; x_wconf 82' lang='grc' dir='ltr'>μὴ</span> <span class='ocrx_word' id='word_1_688' title='bbox 403 4559 570 4614; x_wconf 77' lang='grc' dir='ltr'>ἐνδεῖν</span> <span class='ocrx_word' id='word_1_689' title='bbox 620 4560 749 4631; x_wconf 82' lang='grc' dir='ltr'>ὑμῖν</span> <span class='ocrx_word' id='word_1_690' title='bbox 807 4559 1011 4630; x_wconf 78' lang='grc' dir='ltr'>ταύτης</span> <span class='ocrx_word' id='word_1_691' title='bbox 1054 4560 1331 4631; x_wconf 73' lang='grc' dir='ltr'>ἐνομίζετε</span> <span class='ocrx_word' id='word_1_692' title='bbox 1366 4564 1464 4632; x_wconf 82' lang='grc' dir='ltr'>τῆς</span> <span class='ocrx_word' id='word_1_693' title='bbox 1514 4565 1852 4636; x_wconf 65' lang='grc' dir='ltr'>προσθήκης</span> 
     </span>
    </p>
   </div>
   <div class='ocr_carea' id='block_1_96' title="bbox 277 4651 1854 4725">
    <p class='ocr_par' dir='ltr' id='par_1_96' title="bbox 277 4651 1854 4725">
     <span class='ocr_line' id='line_1_96' title="bbox 277 4651 1854 4725; baseline 0.003 -19"><span class='ocrx_word' id='word_1_694' title='bbox 277 4653 484 4708; x_wconf 81' lang='grc' dir='ltr'>δεῖσθαι</span> <span class='ocrx_word' id='word_1_695' title='bbox 531 4653 588 4706; x_wconf 81' lang='grc' dir='ltr'>δὲ</span> <span class='ocrx_word' id='word_1_696' title='bbox 626 4652 831 4707; x_wconf 84' lang='grc' dir='ltr'>τούτων</span> <span class='ocrx_word' id='word_1_697' title='bbox 853 4651 1336 4723; x_wconf 72' lang='grc' dir='ltr'>ύπολαμϐάνουσαι</span> <span class='ocrx_word' id='word_1_698' title='bbox 1374 4653 1439 4707; x_wconf 73' lang='grc' dir='ltr'>τὸ</span> <span class='ocrx_word' id='word_1_699' title='bbox 1473 4655 1656 4725; x_wconf 84' lang='grc' dir='ltr'>σῶμα,</span> <span class='ocrx_word' id='word_1_700' title='bbox 1690 4655 1854 4710; x_wconf 84' lang='grc' dir='ltr'>ἀσθέ-</span> 
     </span>
    </p>
   </div>
   <div class='ocr_carea' id='block_1_97' title="bbox 277 4743 1857 4818">
    <p class='ocr_par' dir='ltr' id='par_1_97' title="bbox 277 4743 1857 4818">
     <span class='ocr_line' id='line_1_97' title="bbox 277 4743 1857 4818; baseline 0.001 -18"><span class='ocrx_word' id='word_1_701' title='bbox 277 4763 430 4800; x_wconf 85' lang='grc' dir='ltr'>νειαν</span> <span class='ocrx_word' id='word_1_702' title='bbox 475 4744 920 4816; x_wconf 54' lang='grc' dir='ltr'>καταψηφίζεσθε</span> <span class='ocrx_word' id='word_1_703' title='bbox 973 4745 1068 4798; x_wconf 86' lang='grc' dir='ltr'><strong>τοῦ</strong></span> <span class='ocrx_word' id='word_1_704' title='bbox 1111 4743 1356 4816; x_wconf 83' lang='grc' dir='ltr'>ποιητοῦ.</span> <span class='ocrx_word' id='word_1_705' title='bbox 1392 4747 1664 4818; x_wconf 73' lang='grc' dir='ltr'>Προσήκει</span> <span class='ocrx_word' id='word_1_706' title='bbox 1697 4748 1752 4800; x_wconf 81' lang='grc' dir='ltr'>δὲ</span> <span class='ocrx_word' id='word_1_707' title='bbox 1781 4750 1857 4801; x_wconf 78' lang='grc' dir='ltr'><strong>εἰ-</strong></span> 
     </span>
    </p>
   </div>
   <div class='ocr_carea' id='block_1_98' title="bbox 275 4837 1851 4911">
    <p class='ocr_par' dir='ltr' id='par_1_98' title="bbox 275 4837 1851 4911">
     <span class='ocr_line' id='line_1_98' title="bbox 275 4837 1851 4911; baseline 0.002 -19"><span class='ocrx_word' id='word_1_708' title='bbox 275 4837 448 4902; x_wconf 82' lang='grc' dir='ltr'>δέναι,</span> <span class='ocrx_word' id='word_1_709' title='bbox 499 4839 578 4892; x_wconf 84' lang='grc' dir='ltr'>ὃτι</span> <span class='ocrx_word' id='word_1_710' title='bbox 611 4839 924 4909; x_wconf 82' lang='grc' dir='ltr'>σύμμετρον</span> <span class='ocrx_word' id='word_1_711' title='bbox 949 4838 1062 4908; x_wconf 76' lang='grc' dir='ltr'>ἔχει</span> <span class='ocrx_word' id='word_1_712' title='bbox 1093 4841 1158 4908; x_wconf 85' lang='grc' dir='ltr'>τῇ</span> <span class='ocrx_word' id='word_1_713' title='bbox 1198 4837 1448 4909; x_wconf 84' lang='grc' dir='ltr'>βουλήσει</span> <span class='ocrx_word' id='word_1_714' title='bbox 1477 4838 1576 4910; x_wconf 78' lang='grc' dir='ltr'>τὴν</span> <span class='ocrx_word' id='word_1_715' title='bbox 1602 4840 1851 4911; x_wconf 82' lang='grc' dir='ltr'>δύναμιν.</span> 
     </span>
    </p>
   </div>
   <div class='ocr_carea' id='block_1_99' title="bbox 285 4925 1858 5003">
    <p class='ocr_par' dir='ltr' id='par_1_99' title="bbox 285 4925 1858 5003">
     <span class='ocr_line' id='line_1_99' title="bbox 285 4925 1858 5003; baseline 0.004 -26"><span class='ocrx_word' id='word_1_716' title='bbox 285 4946 303 4977; x_wconf 75' lang='grc' dir='ltr'><strong>ι</strong></span> <span class='ocrx_word' id='word_1_717' title='bbox 345 4929 528 4982; x_wconf 82' lang='grc' dir='ltr'>Πάντα</span> <span class='ocrx_word' id='word_1_718' title='bbox 559 4925 743 5003; x_wconf 83' lang='grc' dir='ltr'>γάρ,ᾖ</span> <span class='ocrx_word' id='word_1_719' title='bbox 781 4945 946 4998; x_wconf 83' lang='grc' dir='ltr'>φησιν</span> <span class='ocrx_word' id='word_1_720' title='bbox 991 4931 1020 4982; x_wconf 85' lang='grc' dir='ltr'><strong>ό</strong></span> <span class='ocrx_word' id='word_1_721' title='bbox 1045 4928 1228 4989; x_wconf 65' lang='lat' dir='ltr'><strong>nam,</strong></span> <span class='ocrx_word' id='word_1_722' title='bbox 1270 4929 1368 4981; x_wconf 82' lang='grc' dir='ltr'>ὅσα</span> <span class='ocrx_word' id='word_1_723' title='bbox 1407 4929 1670 4998; x_wconf 74' lang='grc' dir='ltr'>ἠθέλησεν</span> <span class='ocrx_word' id='word_1_724' title='bbox 1693 4932 1722 4983; x_wconf 87' lang='grc' dir='ltr'>ὁ</span> <span class='ocrx_word' id='word_1_725' title='bbox 1753 4931 1858 4984; x_wconf 83' lang='grc' dir='ltr'><strong>Κύ-</strong></span> 
     </span>
    </p>
   </div>
   <div class='ocr_carea' id='block_1_100' title="bbox 277 5019 1855 5093">
    <p class='ocr_par' dir='ltr' id='par_1_100' title="bbox 277 5019 1855 5093">
     <span class='ocr_line' id='line_1_100' title="bbox 277 5019 1855 5093; baseline 0.002 -21"><span class='ocrx_word' id='word_1_726' title='bbox 277 5035 394 5090; x_wconf 85' lang='grc' dir='ltr'>ριος</span> <span class='ocrx_word' id='word_1_727' title='bbox 428 5019 668 5089; x_wconf 82' lang='grc' dir='ltr'>ἐποίησε·</span> <span class='ocrx_word' id='word_1_728' title='bbox 713 5040 731 5072; x_wconf 74' lang='grc' dir='ltr'><strong>ι</strong></span> <span class='ocrx_word' id='word_1_729' title='bbox 767 5020 827 5073; x_wconf 81' lang='grc' dir='ltr'>τὸ</span> <span class='ocrx_word' id='word_1_730' title='bbox 860 5020 916 5074; x_wconf 82' lang='grc' dir='ltr'>δὲ</span> <span class='ocrx_word' id='word_1_731' title='bbox 965 5023 1207 5075; x_wconf 84' lang='grc' dir='ltr'>συνοῖσον</span> <span class='ocrx_word' id='word_1_732' title='bbox 1247 5019 1418 5073; x_wconf 78' lang='grc' dir='ltr'>ἅπασι</span> <span class='ocrx_word' id='word_1_733' title='bbox 1468 5022 1855 5093; x_wconf 77' lang='grc' dir='ltr'>προμηθούμε-</span> 
     </span>
    </p>
   </div>
   <div class='ocr_carea' id='block_1_101' title="bbox 277 5109 1854 5183">
    <p class='ocr_par' dir='ltr' id='par_1_101' title="bbox 277 5109 1854 5183">
     <span class='ocr_line' id='line_1_101' title="bbox 277 5109 1854 5183; baseline 0.002 -20"><span class='ocrx_word' id='word_1_734' title='bbox 277 5127 389 5172; x_wconf 83' lang='grc' dir='ltr'>νος,</span> <span class='ocrx_word' id='word_1_735' title='bbox 423 5111 522 5162; x_wconf 80' lang='grc' dir='ltr'>ὅσα</span> <span class='ocrx_word' id='word_1_736' title='bbox 551 5109 790 5164; x_wconf 74' lang='grc' dir='ltr'>λωϐᾶται</span> <span class='ocrx_word' id='word_1_737' title='bbox 844 5112 906 5164; x_wconf 81' lang='grc' dir='ltr'>οὐ</span> <span class='ocrx_word' id='word_1_738' title='bbox 954 5112 1159 5165; x_wconf 85' lang='grc' dir='ltr'>δίδωσι.</span> <span class='ocrx_word' id='word_1_739' title='bbox 1194 5111 1286 5182; x_wconf 83' lang='grc' dir='ltr'><strong>Μὴ</strong></span> <span class='ocrx_word' id='word_1_740' title='bbox 1317 5113 1492 5166; x_wconf 89' lang='grc' dir='ltr'>τοίνυν</span> <span class='ocrx_word' id='word_1_741' title='bbox 1514 5111 1854 5183; x_wconf 79' lang='grc' dir='ltr'>διαφθείρετε</span> 
     </span>
    </p>
   </div>
   <div class='ocr_carea' id='block_1_102' title="bbox 275 5199 1854 5275">
    <p class='ocr_par' dir='ltr' id='par_1_102' title="bbox 275 5199 1854 5275">
     <span class='ocr_line' id='line_1_102' title="bbox 275 5199 1854 5275; baseline 0.002 -23"><span class='ocrx_word' id='word_1_742' title='bbox 275 5199 374 5254; x_wconf 87' lang='grc' dir='ltr'><strong>τοῦ</strong></span> <span class='ocrx_word' id='word_1_743' title='bbox 435 5201 569 5253; x_wconf 84' lang='grc' dir='ltr'>Θεοῦ</span> <span class='ocrx_word' id='word_1_744' title='bbox 615 5201 713 5271; x_wconf 82' lang='grc' dir='ltr'>τὴν</span> <span class='ocrx_word' id='word_1_745' title='bbox 759 5202 962 5268; x_wconf 77' lang='grc' dir='ltr'>εἰκόνα,</span> <span class='ocrx_word' id='word_1_746' title='bbox 1019 5202 1156 5275; x_wconf 79' lang='grc' dir='ltr'>μηδὲ</span> <span class='ocrx_word' id='word_1_747' title='bbox 1203 5202 1464 5274; x_wconf 84' lang='grc' dir='ltr'>πειρᾶσθε</span> <span class='ocrx_word' id='word_1_748' title='bbox 1507 5203 1854 5274; x_wconf 79' lang='grc' dir='ltr'>προστιθέναι</span> 
     </span>
    </p>
   </div>
   <div class='ocr_carea' id='block_1_103' title="bbox 278 5288 1859 5364">
    <p class='ocr_par' dir='ltr' id='par_1_103' title="bbox 278 5288 1859 5364">
     <span class='ocr_line' id='line_1_103' title="bbox 278 5288 1859 5364; baseline 0.003 -22"><span class='ocrx_word' id='word_1_749' title='bbox 278 5288 424 5358; x_wconf 83' lang='grc' dir='ltr'>ἇπερ</span> <span class='ocrx_word' id='word_1_750' title='bbox 455 5291 482 5342; x_wconf 90' lang='grc' dir='ltr'><strong>ό</strong></span> <span class='ocrx_word' id='word_1_751' title='bbox 521 5289 686 5358; x_wconf 81' lang='grc' dir='ltr'>σοφὸς</span> <span class='ocrx_word' id='word_1_752' title='bbox 720 5290 820 5343; x_wconf 79' lang='grc' dir='ltr'>οὐκ</span> <span class='ocrx_word' id='word_1_753' title='bbox 875 5291 1063 5356; x_wconf 78' lang='grc' dir='ltr'>ἔδωκε,</span> <span class='ocrx_word' id='word_1_754' title='bbox 1097 5292 1232 5364; x_wconf 82' lang='grc' dir='ltr'>μηδὲ</span> <span class='ocrx_word' id='word_1_755' title='bbox 1269 5291 1331 5344; x_wconf 87' lang='grc' dir='ltr'>τὸ</span> <span class='ocrx_word' id='word_1_756' title='bbox 1362 5293 1512 5346; x_wconf 86' lang='grc' dir='ltr'>νόθον</span> <span class='ocrx_word' id='word_1_757' title='bbox 1549 5292 1710 5346; x_wconf 87' lang='grc' dir='ltr'>τοῦτο</span> <span class='ocrx_word' id='word_1_758' title='bbox 1741 5295 1859 5346; x_wconf 81' lang='grc' dir='ltr'>ἐπι-</span> 
     </span>
    </p>
   </div>
   <div class='ocr_carea' id='block_1_104' title="bbox 277 5382 1855 5457">
    <p class='ocr_par' dir='ltr' id='par_1_104' title="bbox 277 5382 1855 5457">
     <span class='ocr_line' id='line_1_104' title="bbox 277 5382 1855 5457; baseline 0.004 -25"><span class='ocrx_word' id='word_1_759' title='bbox 277 5383 450 5433; x_wconf 85' lang='grc' dir='ltr'>νοεῖτε</span> <span class='ocrx_word' id='word_1_760' title='bbox 492 5382 706 5444; x_wconf 82' lang='grc' dir='ltr'>κάλλος.</span> <span class='ocrx_word' id='word_1_761' title='bbox 757 5382 785 5435; x_wconf 84' lang='grc' dir='ltr'><strong>δ</strong></span> <span class='ocrx_word' id='word_1_762' title='bbox 815 5383 908 5435; x_wconf 69' lang='grc' dir='ltr'>καὶ</span> <span class='ocrx_word' id='word_1_763' title='bbox 950 5387 1069 5448; x_wconf 88' lang='grc' dir='ltr'>ταῖς</span> <span class='ocrx_word' id='word_1_764' title='bbox 1101 5384 1506 5456; x_wconf 79' lang='grc' dir='ltr'>σωφρονούσαις</span> <span class='ocrx_word' id='word_1_765' title='bbox 1530 5385 1855 5457; x_wconf 86' lang='grc' dir='ltr'>λυμαίνεται</span> 
     </span>
    </p>
   </div>
   <div class='ocr_carea' id='block_1_105' title="bbox 274 5472 1854 5547">
    <p class='ocr_par' dir='ltr' id='par_1_105' title="bbox 274 5472 1854 5547">
     <span class='ocr_line' id='line_1_105' title="bbox 274 5472 1854 5547; baseline 0.003 -23"><span class='ocrx_word' id='word_1_766' title='bbox 274 5473 390 5536; x_wconf 77' lang='grc' dir='ltr'>τοῖς</span> <span class='ocrx_word' id='word_1_767' title='bbox 421 5472 619 5543; x_wconf 83' lang='grc' dir='ltr'>ὁρῶσιν</span> <span class='ocrx_word' id='word_1_768' title='bbox 649 5472 1022 5530; x_wconf 79' lang='grc' dir='ltr'>ἐπιϐουλεῦον.</span> <span class='ocrx_word' id='word_1_769' title='bbox 1057 5494 1077 5527; x_wconf 74' lang='grc' dir='ltr'><strong>ι</strong></span> <span class='ocrx_word' id='word_1_770' title='bbox 1113 5476 1350 5530; x_wconf 85' lang='grc' dir='ltr'>Ἤκουσε</span> <span class='ocrx_word' id='word_1_771' title='bbox 1377 5475 1582 5531; x_wconf 81' lang='grc' dir='ltr'>τούτων</span> <span class='ocrx_word' id='word_1_772' title='bbox 1603 5479 1642 5547; x_wconf 70' lang='grc' dir='ltr'><strong>ἡ</strong></span> <span class='ocrx_word' id='word_1_773' title='bbox 1678 5477 1854 5531; x_wconf 85' lang='grc' dir='ltr'>πάντα</span> 
     </span>
    </p>
   </div>
   <div class='ocr_carea' id='block_1_106' title="bbox 353 5641 815 5718">
    <p class='ocr_par' dir='ltr' id='par_1_106' title="bbox 353 5641 815 5718">
     <span class='ocr_line' id='line_1_106' title="bbox 353 5641 815 5718; baseline 0.015 -14"><span class='ocrx_word' id='word_1_774' title='bbox 353 5661 378 5688; x_wconf 73' lang='grc' dir='ltr'><strong>α</strong></span> <span class='ocrx_word' id='word_1_775' title='bbox 401 5649 542 5708; x_wconf 81' lang='lat' dir='ltr'><strong>Psal.</strong></span> <span class='ocrx_word' id='word_1_776' title='bbox 575 5666 736 5718; x_wconf 72' lang='lat' dir='ltr'><strong>cvm,</strong></span> <span class='ocrx_word' id='word_1_777' title='bbox 757 5641 815 5711; x_wconf 58' lang='grc' dir='ltr'><strong>δέ</strong></span> 
     </span>
    </p>
   </div>
   <div class='ocr_carea' id='block_1_107' title="bbox 1961 4477 3542 4549">
    <p class='ocr_par' dir='ltr' id='par_1_107' title="bbox 1961 4477 3542 4549">
     <span class='ocr_line' id='line_1_107' title="bbox 1961 4477 3542 4549; baseline -0.004 -15"><span class='ocrx_word' id='word_1_778' title='bbox 1961 4477 2322 4535; x_wconf 84' lang='lat' dir='ltr'><strong>adulterinam</strong></span> <span class='ocrx_word' id='word_1_779' title='bbox 2393 4479 2608 4549; x_wconf 74' lang='lat'><strong>1190</strong></span> <span class='ocrx_word' id='word_1_780' title='bbox 2671 4477 2993 4548; x_wconf 75' lang='lat' dir='ltr'><strong>excogitetis</strong></span> <span class='ocrx_word' id='word_1_781' title='bbox 3041 4477 3542 4547; x_wconf 68' lang='lat' dir='ltr'><strong>pulchritudinem,</strong></span> 
     </span>
    </p>
   </div>
   <div class='ocr_carea' id='block_1_108' title="bbox 1961 4568 3540 4641">
    <p class='ocr_par' dir='ltr' id='par_1_108' title="bbox 1961 4568 3540 4641">
     <span class='ocr_line' id='line_1_108' title="bbox 1961 4568 3540 4641; baseline -0.001 -15"><span class='ocrx_word' id='word_1_782' title='bbox 1961 4588 2080 4641; x_wconf 75' lang='lat' dir='ltr'><strong>qua:</strong></span> <span class='ocrx_word' id='word_1_783' title='bbox 2111 4579 2167 4626; x_wconf 91' lang='lat' dir='ltr'><strong>et</strong></span> <span class='ocrx_word' id='word_1_784' title='bbox 2201 4570 2427 4640; x_wconf 85' lang='lat' dir='ltr'><strong>pudicas</strong></span> <span class='ocrx_word' id='word_1_785' title='bbox 2483 4569 2758 4632; x_wconf 84' lang='lat' dir='ltr'><strong>label‘acit,</strong></span> <span class='ocrx_word' id='word_1_786' title='bbox 2791 4568 3108 4625; x_wconf 85' lang='lat' dir='ltr'><strong>videntibus</strong></span> <span class='ocrx_word' id='word_1_787' title='bbox 3139 4569 3372 4624; x_wconf 86' lang='lat' dir='ltr'><strong>tendens</strong></span> <span class='ocrx_word' id='word_1_788' title='bbox 3400 4570 3540 4624; x_wconf 61' lang='lat' dir='ltr'><strong>insi-</strong></span> 
     </span>
    </p>
   </div>
   <div class='ocr_carea' id='block_1_109' title="bbox 1961 4659 3545 4732">
    <p class='ocr_par' dir='ltr' id='par_1_109' title="bbox 1961 4659 3545 4732">
     <span class='ocr_line' id='line_1_109' title="bbox 1961 4659 3545 4732; baseline -0.001 -15"><span class='ocrx_word' id='word_1_789' title='bbox 1961 4664 2104 4718; x_wconf 87' lang='lat' dir='ltr'><strong>dias.</strong></span> <span class='ocrx_word' id='word_1_790' title='bbox 2147 4682 2165 4716; x_wconf 74' lang='grc' dir='ltr'><strong>ι</strong></span> <span class='ocrx_word' id='word_1_791' title='bbox 2219 4662 2410 4716; x_wconf 83' lang='lat' dir='ltr'><strong>Audiit</strong></span> <span class='ocrx_word' id='word_1_792' title='bbox 2437 4661 2554 4716; x_wconf 72' lang='lat' dir='ltr'><strong>haec</strong></span> <span class='ocrx_word' id='word_1_793' title='bbox 2581 4661 2791 4716; x_wconf 74' lang='lat' dir='ltr'><strong>femina</strong></span> <span class='ocrx_word' id='word_1_794' title='bbox 2827 4660 2994 4732; x_wconf 71' lang='lat' dir='ltr'><strong>longe</strong></span> <span class='ocrx_word' id='word_1_795' title='bbox 3023 4659 3249 4730; x_wconf 85' lang='lat' dir='ltr'><strong>optima,</strong></span> <span class='ocrx_word' id='word_1_796' title='bbox 3281 4660 3545 4730; x_wconf 79' lang='lat' dir='ltr'><strong>Petrique</strong></span> 
     </span>
    </p>
   </div>
   <div class='ocr_carea' id='block_1_110' title="bbox 1961 4751 3538 4822">
    <p class='ocr_par' dir='ltr' id='par_1_110' title="bbox 1961 4751 3538 4822">
     <span class='ocr_line' id='line_1_110' title="bbox 1961 4751 3538 4822; baseline -0.001 -16"><span class='ocrx_word' id='word_1_797' title='bbox 1961 4755 2060 4809; x_wconf 88' lang='lat' dir='ltr'><strong>reti</strong></span> <span class='ocrx_word' id='word_1_798' title='bbox 2095 4768 2218 4806; x_wconf 81' lang='lat' dir='ltr'><strong>mox</strong></span> <span class='ocrx_word' id='word_1_799' title='bbox 2257 4761 2416 4822; x_wconf 87' lang='lat' dir='ltr'><strong>capta</strong></span> <span class='ocrx_word' id='word_1_800' title='bbox 2446 4759 2555 4809; x_wconf 87' lang='lat' dir='ltr'><strong>est.</strong></span> <span class='ocrx_word' id='word_1_801' title='bbox 2591 4751 2725 4806; x_wconf 86' lang='lat' dir='ltr'><strong>Nam</strong></span> <span class='ocrx_word' id='word_1_802' title='bbox 2763 4759 2820 4806; x_wconf 89' lang='lat' dir='ltr'><strong>et</strong></span> <span class='ocrx_word' id='word_1_803' title='bbox 2843 4751 2934 4806; x_wconf 75' lang='lat' dir='ltr'><strong>hic</strong></span> <span class='ocrx_word' id='word_1_804' title='bbox 2969 4767 3190 4822; x_wconf 83' lang='lat' dir='ltr'><strong>quoque</strong></span> <span class='ocrx_word' id='word_1_805' title='bbox 3250 4751 3538 4821; x_wconf 75' lang='lat' dir='ltr'><strong>cognomi-</strong></span> 
     </span>
    </p>
   </div>
   <div class='ocr_carea' id='block_1_111' title="bbox 1965 4841 3538 4919">
    <p class='ocr_par' dir='ltr' id='par_1_111' title="bbox 1965 4841 3538 4919">
     <span class='ocr_line' id='line_1_111' title="bbox 1965 4841 3538 4919; baseline -0.004 -21"><span class='ocrx_word' id='word_1_806' title='bbox 1965 4845 2052 4899; x_wconf 89' lang='lat' dir='ltr'><strong>nis</strong></span> <span class='ocrx_word' id='word_1_807' title='bbox 2085 4845 2168 4900; x_wconf 90' lang='lat' dir='ltr'><strong>sui</strong></span> <span class='ocrx_word' id='word_1_808' title='bbox 2199 4844 2450 4912; x_wconf 81' lang='lat' dir='ltr'><strong>exemplo</strong></span> <span class='ocrx_word' id='word_1_809' title='bbox 2482 4844 2818 4919; x_wconf 85' lang='lat' dir='ltr'><strong>piscabatur,</strong></span> <span class='ocrx_word' id='word_1_810' title='bbox 2843 4841 3181 4912; x_wconf 81' lang='lat' dir='ltr'><strong>pedibusque</strong></span> <span class='ocrx_word' id='word_1_811' title='bbox 3219 4843 3342 4911; x_wconf 87' lang='lat' dir='ltr'><strong>ejus</strong></span> <span class='ocrx_word' id='word_1_812' title='bbox 3370 4841 3538 4896; x_wconf 70' lang='lat' dir='ltr'><strong>advo-</strong></span> 
     </span>
    </p>
   </div>
   <div class='ocr_carea' id='block_1_112' title="bbox 1959 4934 3536 5006">
    <p class='ocr_par' dir='ltr' id='par_1_112' title="bbox 1959 4934 3536 5006">
     <span class='ocr_line' id='line_1_112' title="bbox 1959 4934 3536 5006; baseline 0.001 -17"><span class='ocrx_word' id='word_1_813' title='bbox 1959 4936 2072 4989; x_wconf 83' lang='lat' dir='ltr'><strong>luta</strong></span> <span class='ocrx_word' id='word_1_814' title='bbox 2105 4943 2156 4988; x_wconf 86' lang='lat' dir='ltr'><strong>et</strong></span> <span class='ocrx_word' id='word_1_815' title='bbox 2179 4935 2484 4997; x_wconf 73' lang='lat' dir='ltr'><strong>obtestans,</strong></span> <span class='ocrx_word' id='word_1_816' title='bbox 2517 4935 2810 5006; x_wconf 82' lang='lat' dir='ltr'><strong>sanitatem</strong></span> <span class='ocrx_word' id='word_1_817' title='bbox 2841 4935 3006 4988; x_wconf 82' lang='lat' dir='ltr'><strong>oculo</strong></span> <span class='ocrx_word' id='word_1_818' title='bbox 3033 4934 3248 4991; x_wconf 87' lang='lat' dir='ltr'><strong>restitui</strong></span> <span class='ocrx_word' id='word_1_819' title='bbox 3283 4935 3536 5001; x_wconf 82' lang='lat' dir='ltr'><strong>rogabat.</strong></span> 
     </span>
    </p>
   </div>
   <div class='ocr_carea' id='block_1_113' title="bbox 1962 5025 3539 5096">
    <p class='ocr_par' dir='ltr' id='par_1_113' title="bbox 1962 5025 3539 5096">
     <span class='ocr_line' id='line_1_113' title="bbox 1962 5025 3539 5096; baseline -0.001 -17"><span class='ocrx_word' id='word_1_820' title='bbox 1962 5026 2139 5080; x_wconf 81' lang='lat' dir='ltr'><strong>Atille</strong></span> <span class='ocrx_word' id='word_1_821' title='bbox 2172 5025 2448 5080; x_wconf 79' lang='lat' dir='ltr'><strong>hominem</strong></span> <span class='ocrx_word' id='word_1_822' title='bbox 2486 5041 2546 5082; x_wconf 85' lang='lat' dir='ltr'><strong>se</strong></span> <span class='ocrx_word' id='word_1_823' title='bbox 2572 5025 2788 5082; x_wconf 86' lang='lat' dir='ltr'><strong>dicebat</strong></span> <span class='ocrx_word' id='word_1_824' title='bbox 2815 5041 2961 5088; x_wconf 87' lang='lat' dir='ltr'><strong>esse,</strong></span> <span class='ocrx_word' id='word_1_825' title='bbox 2993 5032 3158 5096; x_wconf 90' lang='lat' dir='ltr'><strong>atque</strong></span> <span class='ocrx_word' id='word_1_826' title='bbox 3179 5025 3372 5080; x_wconf 87' lang='lat' dir='ltr'><strong>eadem</strong></span> <span class='ocrx_word' id='word_1_827' title='bbox 3408 5041 3539 5079; x_wconf 85' lang='lat' dir='ltr'><strong>cum</strong></span> 
     </span>
    </p>
   </div>
   <div class='ocr_carea' id='block_1_114' title="bbox 1959 5115 3538 5187">
    <p class='ocr_par' dir='ltr' id='par_1_114' title="bbox 1959 5115 3538 5187">
     <span class='ocr_line' id='line_1_114' title="bbox 1959 5115 3538 5187; baseline -0.002 -17"><span class='ocrx_word' id='word_1_828' title='bbox 1959 5115 2074 5187; x_wconf 85' lang='lat' dir='ltr'><strong>ipsa</strong></span> <span class='ocrx_word' id='word_1_829' title='bbox 2111 5116 2399 5186; x_wconf 70' lang='lat' dir='ltr'><strong>praeditum</strong></span> <span class='ocrx_word' id='word_1_830' title='bbox 2433 5125 2631 5172; x_wconf 89' lang='lat' dir='ltr'><strong>natura</strong></span> <span class='ocrx_word' id='word_1_831' title='bbox 2664 5136 2677 5172; x_wconf 88' lang='lat'>:</span> <span class='ocrx_word' id='word_1_832' title='bbox 2705 5131 2870 5186; x_wconf 72' lang='lat' dir='ltr'><strong>grave</strong></span> <span class='ocrx_word' id='word_1_833' title='bbox 2889 5124 3152 5186; x_wconf 74' lang='lat' dir='ltr'><strong>praeterea</strong></span> <span class='ocrx_word' id='word_1_834' title='bbox 3188 5126 3538 5184; x_wconf 74' lang='lat' dir='ltr'><strong>peccatorum</strong></span> 
     </span>
    </p>
   </div>
   <div class='ocr_carea' id='block_1_115' title="bbox 1960 5207 3538 5279">
    <p class='ocr_par' dir='ltr' id='par_1_115' title="bbox 1960 5207 3538 5279">
     <span class='ocr_line' id='line_1_115' title="bbox 1960 5207 3538 5279; baseline -0.002 -16"><span class='ocrx_word' id='word_1_835' title='bbox 1960 5210 1976 5228; x_wconf 84' lang='lat'><strong><em>&#39;</em></strong></span> <span class='ocrx_word' id='word_1_836' title='bbox 2007 5223 2148 5264; x_wconf 90' lang='lat' dir='ltr'><strong>onus</strong></span> <span class='ocrx_word' id='word_1_837' title='bbox 2171 5210 2464 5271; x_wconf 84' lang='lat' dir='ltr'><strong>sustinere,</strong></span> <span class='ocrx_word' id='word_1_838' title='bbox 2484 5225 2718 5279; x_wconf 87' lang='lat' dir='ltr'><strong>eamque</strong></span> <span class='ocrx_word' id='word_1_839' title='bbox 2753 5209 2823 5262; x_wconf 87' lang='lat' dir='ltr'><strong>ob</strong></span> <span class='ocrx_word' id='word_1_840' title='bbox 2887 5223 3110 5264; x_wconf 81' lang='lat' dir='ltr'><strong>causam</strong></span> <span class='ocrx_word' id='word_1_841' title='bbox 3167 5208 3290 5263; x_wconf 88' lang='lat' dir='ltr'><strong>sine</strong></span> <span class='ocrx_word' id='word_1_842' title='bbox 3335 5207 3538 5262; x_wconf 75' lang='lat' dir='ltr'><strong>fiducia</strong></span> 
     </span>
    </p>
   </div>
   <div class='ocr_carea' id='block_1_116' title="bbox 1958 5298 3534 5368">
    <p class='ocr_par' dir='ltr' id='par_1_116' title="bbox 1958 5298 3534 5368">
     <span class='ocr_line' id='line_1_116' title="bbox 1958 5298 3534 5368; baseline 0.001 -17"><span class='ocrx_word' id='word_1_843' title='bbox 1958 5299 2103 5368; x_wconf 83' lang='lat' dir='ltr'><strong>apud</strong></span> <span class='ocrx_word' id='word_1_844' title='bbox 2127 5298 2292 5354; x_wconf 89' lang='lat' dir='ltr'><strong>Deum</strong></span> <span class='ocrx_word' id='word_1_845' title='bbox 2323 5314 2469 5354; x_wconf 86' lang='lat' dir='ltr'><strong>esse.</strong></span> <span class='ocrx_word' id='word_1_846' title='bbox 2494 5299 2746 5368; x_wconf 84' lang='lat' dir='ltr'><strong>Cumque</strong></span> <span class='ocrx_word' id='word_1_847' title='bbox 2769 5298 2976 5368; x_wconf 76' lang='lat' dir='ltr'><strong>lugeret</strong></span> <span class='ocrx_word' id='word_1_848' title='bbox 3005 5307 3177 5354; x_wconf 87' lang='lat' dir='ltr'><strong>mater</strong></span> <span class='ocrx_word' id='word_1_849' title='bbox 3203 5306 3258 5352; x_wconf 88' lang='lat' dir='ltr'><strong>et</strong></span> <span class='ocrx_word' id='word_1_850' title='bbox 3275 5299 3534 5354; x_wconf 57' lang='lat' dir='ltr'><strong>obsecra.</strong></span> 
     </span>
    </p>
   </div>
   <div class='ocr_carea' id='block_1_117' title="bbox 1959 5388 3537 5458">
    <p class='ocr_par' dir='ltr' id='par_1_117' title="bbox 1959 5388 3537 5458">
     <span class='ocr_line' id='line_1_117' title="bbox 1959 5388 3537 5458; baseline -0.002 -16"><span class='ocrx_word' id='word_1_851' title='bbox 1959 5399 2066 5455; x_wconf 87' lang='lat' dir='ltr'><strong>ret,</strong></span> <span class='ocrx_word' id='word_1_852' title='bbox 2101 5405 2199 5443; x_wconf 82' lang='lat' dir='ltr'><strong>nec</strong></span> <span class='ocrx_word' id='word_1_853' title='bbox 2231 5390 2408 5458; x_wconf 84' lang='lat' dir='ltr'><strong>ipsum</strong></span> <span class='ocrx_word' id='word_1_854' title='bbox 2443 5389 2761 5444; x_wconf 81' lang='lat' dir='ltr'><strong>relicturam</strong></span> <span class='ocrx_word' id='word_1_855' title='bbox 2801 5405 2864 5444; x_wconf 85' lang='lat' dir='ltr'><strong>se</strong></span> <span class='ocrx_word' id='word_1_856' title='bbox 2896 5388 3192 5444; x_wconf 81' lang='lat' dir='ltr'><strong>aliirmaret</strong></span> <span class='ocrx_word' id='word_1_857' title='bbox 3233 5389 3348 5444; x_wconf 83' lang='lat' dir='ltr'><strong>nisi</strong></span> <span class='ocrx_word' id='word_1_858' title='bbox 3379 5389 3537 5443; x_wconf 87' lang='lat' dir='ltr'><strong>sani—</strong></span> 
     </span>
    </p>
   </div>
   <div class='ocr_carea' id='block_1_118' title="bbox 1963 5479 3540 5545">
    <p class='ocr_par' dir='ltr' id='par_1_118' title="bbox 1963 5479 3540 5545">
     <span class='ocr_line' id='line_1_118' title="bbox 1963 5479 3540 5545; baseline -0.001 -14"><span class='ocrx_word' id='word_1_859' title='bbox 1963 5486 2127 5532; x_wconf 88' lang='lat' dir='ltr'><strong>tatem</strong></span> <span class='ocrx_word' id='word_1_860' title='bbox 2159 5479 2460 5544; x_wconf 63' lang='lat' dir='ltr'><strong>obtinet-ct,</strong></span> <span class='ocrx_word' id='word_1_861' title='bbox 2481 5479 2649 5534; x_wconf 81' lang='lat' dir='ltr'><strong>Deum</strong></span> <span class='ocrx_word' id='word_1_862' title='bbox 2676 5480 2870 5534; x_wconf 87' lang='lat' dir='ltr'><strong>horum</strong></span> <span class='ocrx_word' id='word_1_863' title='bbox 2902 5490 3212 5536; x_wconf 80' lang='lat' dir='ltr'><strong>curatorem</strong></span> <span class='ocrx_word' id='word_1_864' title='bbox 3229 5493 3354 5536; x_wconf 82' lang='lat' dir='ltr'><strong>esse</strong></span> <span class='ocrx_word' id='word_1_865' title='bbox 3376 5479 3540 5545; x_wconf 73' lang='lat' dir='ltr'><strong>dixit,</strong></span> 
     </span>
    </p>
   </div>
  </div>
