3974 6212
467 325 608 390 i383

1487 318 1977 380 THEODORE'I‘I
2003 317 2342 381 EPISCOPI
2370 320 2736 384 CYRENSIS

3583 322 3726 391 1384

447 449 773 506 semperque
802 431 1158 489 credentibus
1189 445 1310 503 quae
1370 431 1653 502 postulant
1700 432 2022 487 concedere.

2150 430 2329 501 ἰρίστη
2389 430 2550 502 γυνὴ,
2607 431 2702 484 καὶ
2729 427 3043 501 παραυτίκα
3083 427 3216 482 εἵσω
3243 429 3342 501 τῆς
3377 427 3474 482 τοῦ
3515 430 3718 501 Πέτρου

452 546 472 580 ι
516 528 752 584 Proinde
789 527 943 582 dabit
975 540 1122 581 nunc
1151 525 1340 590 etiam,
1375 524 1576 594 inquit,
1601 541 1710 580 non
1747 525 1880 579 mihi
1903 540 2036 596 gra-

449 623 582 676 tiam
625 622 895 686 tribuens,
922 617 1019 676 sed
1044 618 1202 673 [idem
1258 626 1404 672 tuam
1436 616 1820 673 considerans.
1855 615 2037 683 Quare

450 715 495 768 si
533 715 673 766 hanc
723 713 990 782 integram
1045 709 1214 764 habes
1245 716 1299 763 et
1332 709 1629 772 sinceram,
1690 717 1745 762 et
1772 709 1840 763 ab
1889 708 2035 762 omni

448 804 790 859 dubitatione
821 804 1072 864 liberam,
1105 799 1418 855 valedicens
1447 808 1503 852 et
1529 797 1759 853 medicis
1793 806 1848 852 et
1879 797 2038 868 phar-

451 896 647 962 macis,
675 894 942 949 divinitus
985 893 1176 947 datum
1233 891 1422 960 accipe
1481 891 1586 944 hoc
1646 890 1972 945 remedium.
2013 907 2032 941 ι

453 988 549 1044 llis
566 987 752 1051 dictis,
776 986 939 1041 oculo
957 999 1176 1039 manum
1203 981 1488 1053 imposuit,
1519 988 1572 1035 et
1599 979 1860 1036 salutaris
1881 980 2038 1052 signo

451 1080 636 1135 crucis
663 1093 930 1148 expresso
965 1077 1217 1132 morbum
1242 1075 1474 1146 depulit.
1510 1072 1639 1129 Inde
1671 1074 1894 1128 domum
1950 1089 2038 1128 re-

449 1185 630 1238 versa,
690 1170 838 1224 eluto
874 1169 1198 1238 pharmace,
1247 1165 1598 1234 ascititioque
1655 1165 1804 1218 omni
1841 1174 2038 1219 ornatu

458 1258 698 1326 abiecto,
733 1257 900 1311 vitam
930 1271 998 1310 ex
1030 1255 1374 1327 praescriptis
1404 1268 1434 1307 a
1462 1253 1680 1308 medico
1708 1255 1922 1326 legibus
1947 1255 2036 1309 in-

453 1349 656 1411 stituit,
689 1363 791 1402 nec
814 1347 1020 1402 variam
1067 1345 1304 1401 induens
1365 1352 1598 1409 vestem,
1657 1360 1756 1400 nec
1797 1360 1934 1399 auro
1981 1361 2040 1402 se

452 1449 882 1498 convenustans.
943 1443 1120 1512 Atque
1172 1441 1287 1496 bac
1321 1454 1446 1494 cum
1491 1438 1714 1508 juvenis
1747 1439 2037 1495 admodum

452 1545 621 1600 esset,
666 1550 873 1590 annum
925 1534 1136 1590 scilicet
1177 1532 1357 1588 relatis
1397 1531 1899 1602 agensvicesimum
1931 1539 2041 1587 ter-

2140 524 2385 593 σαγήνης
2408 523 2646 591 ἐγένετο.
2703 521 2794 591 Τῷ
2823 522 2932 592 γὰρ
2983 521 3262 593 ὁμωνύμῳ
3313 523 3722 592 παραπλησίως

2138 614 2235 667 καὶ
2279 607 2435 676 οὗτος
2468 612 2674 684 ήλίευε,
2737 613 2833 664 καὶ
2894 611 3004 664 τῶν
3052 611 3228 665 ποδῶν
3284 612 3590 682 ἁπτομένη.
3621 614 3723 665 καὶ

2139 704 2488 773 ποτνιωμένη
2553 703 2631 774 τῷ
2685 701 2948 774 ὀφθαλμῷ
2999 702 3219 774 δοθῆναι
3261 703 3362 774 τὴν
3423 704 3724 770 θεραπείαν

2140 797 2408 851 ἱκέτευεν.
2472 796 2536 848 ⁸0
2574 795 2632 849 δὲ
2664 793 2949 865 ἄνθρωπος
2990 794 3090 865 μὲν
3120 795 3307 862 ἔλεγεν
3336 790 3592 848 εἶναικαὶ
3617 797 3724 864 τὴν

2137 887 2308 958 αὐτὴν
2366 887 2510 958 ἔχειν
2558 885 2722 955 φύσιν
2762 886 2926 957 αὐτῇ,
2981 886 3145 940 πολὺν
3199 886 3258 939 δὲ
3311 886 3726 956 ἁμαρτημάτων

2139 980 2370 1050 φορυτδν
2411 979 2794 1050 ἐπιφέρεσθαι,
2848 980 2945 1034 καὶ
2997 978 3186 1033 τούτου
3231 978 3417 1033 εῖνεκα
3456 979 3555 1047 τῆς
3583 979 3725 1049 πρὸς

2137 1072 2232 1125 τὸν
2274 1069 2406 1125 Θεὸν
2450 1071 2764 1141 παρρησίας
2799 1071 3244 1142 ἀποστερεῖσθαι.
3289 1071 3378 1135 Ὣς
3415 1071 3472 1124 δὲ
3509 1069 3727 1124 ἔκλαιεν

2139 1163 2174 1232 ἡ
2214 1163 2417 1233 μήτηρ,
2455 1162 2549 1215 καὶ
2567 1161 2860 1231 ἠντιϐόλει.
2899 1163 2992 1216 καὶ
3016 1163 3219 1231 ἔφασκε
3256 1162 3332 1234 μὴ
3350 1163 3726 1232 καταλείψειν,

2139 1257 2188 1308 εί
2221 1254 2297 1326 μὴ
2325 1255 2480 1325 τύχοι
2512 1255 2612 1326 τῆς
2640 1257 2902 1325 ἰατρείας.
2937 1255 3028 1310 τὸν
3066 1255 3199 1308 Θεδν
3225 1255 3328 1326 ἔφη
3353 1255 3558 1310 τούτων
3579 1251 3730 1309 εἶναι

2140 1347 2505 1420 θεραπευτὴν,
2568 1351 2822 1418 χορηγεῖν
2866 1347 2924 1401 δὲ
2978 1347 3066 1400 ἀεὶ
3111 1349 3227 1412 τοῖς
3260 1347 3578 1402 πιστεύουσι
3626 1349 3734 1412 τὰς

2139 1441 2405 1511 αἰτήσεις.
2442 1456 2461 1490 ι
2507 1436 2678 1490 Δώσει
2722 1437 2924 1502 τοίνυν,
2975 1433 3117 1502 εἷπε,
3160 1439 3254 1491 καὶ
3303 1437 3419 1502 νῦν,
3461 1439 3565 1492 οὐκ
3600 1440 3737 1509 ἐμοὶ

2140 1529 2243 1601 τὴν
2280 1529 2442 1600 χάριν
2475 1528 2837 1600 δωρούμενος.
2867 1529 3003 1584 ἀλλά
3031 1531 3128 1602 τὴν
3173 1530 3271 1602 σὴν
3296 1532 3478 1585 πίστιν
3511 1531 3738 1602 θεώμε-

454 1629 615 1693 tium,
646 1627 877 1682 necdum
909 1626 1076 1682 etiam
1103 1634 1280 1680 mater
1312 1623 1480 1686 facta,
1513 1629 1636 1695 post
1665 1632 1871 1694 septem
1893 1624 2040 1679 enim

2150 1638 2250 1685 νος.
2279 1621 2342 1674 Ei
2377 1621 2558 1675 τοίνυν
2592 1620 2797 1692 ταύτην
2821 1620 2967 1693 ἔχεις
2994 1623 3274 1693 ἀκραιφνῆ
3302 1624 3397 1677 καὶ
3432 1623 3736 1697 εἰλικρινῆ,

457 1721 595 1775 alios
622 1734 799 1776 annos
831 1733 918 1774 me
950 1716 1171 1772 tandem
1201 1716 1367 1772 enixa
1409 1723 1513 1783 est,
1569 1714 1665 1786 qui
1713 1715 1924 1785 primus
1963 1715 2040 1769 illi

2150 1715 2238 1769 καὶ
2271 1713 2453 1784 πάσης
2480 1714 2813 1786 ἀμφιϐολίας
2848 1713 3297 1786 ἀπηλλαγμένην,
3331 1714 3605 1787 ἐρρῶσθαι
3639 1716 3739 1768 καὶ

455 1815 622 1879 atque
648 1808 875 1863 ultimus
925 1816 1117 1876 partus
1142 1803 1264 1859 fuit.
1296 1779 1534 1858 Tantum
1577 1779 1654 1857 illi
1681 1779 1862 1874 magni
1893 1802 2038 1859 Petri

2150 1808 2350 1879 ἰατροῖς
2399 1779 2654 1879 φράσασα
2703 1809 2802 1862 καὶ
2855 1779 3187 1879 φαρμάκοις,
3230 1779 3409 1861 τοῦτο.
3467 1807 3620 1872 δέξαι
3675 1809 3740 1861 τὸ

456 1899 748 1971 disciplina
795 1897 1025 1970 profuit,
1061 1904 1122 1952 ut
1152 1895 1424 1967 duplicem
1454 1895 1649 1963 adepta
1703 1893 1775 1948 sit
1801 1894 2045 1948 curatio—

2150 1898 2422 1953 θεόσδοτον
2471 1899 2784 1970 φάρμακον.
2817 1917 2836 1951 ι
2889 1898 3054 1953 Ταῦτ’
3103 1899 3294 1963 εἰπὼν,
3335 1898 3575 1969 ἐπέθηκε
3629 1900 3740 1970 τὴν

455 2007 602 2047 nem.
650 1991 880 2061 Corpori
926 1989 1070 2045 enim
1125 1986 1447 2044 medicinam
1489 2001 1760 2076 quaerens,
1823 1985 2033 2056 1191

2150 1992 2305 2063 χεῖρα
2336 1989 2416 2062 τῷ
2453 1990 2739 2062 ὀφθαλμῷ,
2772 1991 2869 2046 καὶ
2919 1991 3014 2044 τοῦ
3064 1991 3333 2063 σωτηρίου
3383 1991 3622 2064 σταυροῦ
3675 1993 3742 2045 τὸ

459 2085 656 2138 animae
709 2081 871 2138 simul
907 2080 1348 2134 incolumitatem
1403 2085 1698 2132 consecuta
1751 2086 1856 2132 est.
1887 2076 2039 2132 Talia

2150 2083 2374 2153 σημεῖον
2397 2081 2690 2150 τυπώσας,
2712 2081 2810 2155 τὴν
2847 2081 3001 2136 νόσον
3030 2082 3329 2154 ἀπήλασεν.
3373 2081 3624 2137 Ἐκεῖθεν
3655 2085 3743 2146 εἰς

459 2176 551 2231 ille
587 2175 820 2246 loquens
841 2171 1217 2246 operabatur:
1269 2170 1432 2225 talem
1487 2183 1655 2225 orans
1709 2178 2037 2242 potestatem

2150 2172 2243 2244 τὴν
2271 2172 2447 2228 οἰκίαν
2490 2173 2880 2239 ἱπανελθοῦσα,
2917 2175 3012 2228 καὶ
3042 2175 3104 2228 τὺ
3137 2175 3430 2247 φάρμακον
3468 2175 3743 2244 ἀπονιψα-

459 2267 714 2322 habebat.
2149 2266 2307 2336 μένη,
2325 2265 2526 2320 καὶτὸν
2547 2266 2868 2338 ιπείσακτον
2889 2267 3102 2322 ἅπαντα
3124 2266 3478 2338 ἀπορρίψασα
3499 2267 3740 2344 κόσμον,

459 2359 600 2414 κατά
629 2358 755 2422 τοὺς
793 2356 900 2411 ύπδ
962 2355 1055 2410 τοῦ
1105 2354 1291 2427 ἰατροῦ
1339 2353 1594 2420 τεθέντας
1643 2355 1842 2426 νόμους
1892 2355 2256 2424 ἐπολιτεύετο,
2327 2357 2449 2412 οὔτε
2527 2357 2778 2430 ποικίλην
2821 2357 3025 2429 εσθῆτα
3075 2357 3534 2430 περιϐαλλομένη,
3606 2357 3742 2411 οὕτε

466 2449 715 2521 χρυσίοις
752 2447 1134 2520 ώραῖζομένη·
1168 2447 1262 2501 καὶ
1297 2445 1468 2500 ταῦτα
1497 2447 1622 2500 νέαν
1654 2446 1862 2514 ἄγουσα
1914 2447 2016 2519 τὴν
2052 2449 2270 2520 ἠλικίαν
2320 2453 2539 2522 κομιδῇ·
2584 2451 2768 2523 τρίτον
2814 2451 2923 2521 γάρ
2971 2451 3067 2505 καὶ
3114 2450 3356 2504 εἰκοστὸν
3401 2453 3466 2506 ἐκ
3499 2449 3741 2519 γενετῆς

409 2599 412 2602 ,
457 2539 594 2614 ἦγεν
633 2542 769 2606 ἔτος,
802 2543 983 2613 μήτηρ
1019 2541 1234 2594 ούδέπω
1261 2538 1551 2608 γενομένη⁸
1596 2538 1737 2592 ἐπτά
1766 2541 1874 2612 γὰρ
1901 2541 2037 2596 ἄλλα
2074 2541 2416 2597 ἐπιϐιώσασα
2448 2544 2568 2614 ἔτη,
2607 2543 2750 2598 οῦτω
2783 2542 2884 2608 τάς
2921 2542 3061 2614 ὲμάς
3125 2542 3319 2606 ὠδῖνας
3361 2540 3607 2606 ἔδέξατο,
3673 2539 3741 2604 ἃς

459 2636 557 2690 καὶ
597 2635 818 2706 πρώτας
861 2636 956 2688 καὶ
1005 2633 1172 2704 μόνας
1219 2633 1457 2700 ἐδέξατο.
1499 2632 1766 2687 Τοσοῦτον
1801 2634 1903 2704 τῆς
1946 2636 2040 2690 τοῦ
2083 2638 2323 2708 μεγάλου
2396 2639 2605 2712 Πέτρου
2655 2638 3006 2702 διδασκαλίας
3066 2637 3341 2692 ἀπώνατο·
3395 2638 3488 2691 καὶ
3535 2637 3738 2708 διπλῆν

461 2724 678 2792 ἐδέξατο
705 2725 1020 2797 θεραπείαν,
1057 2725 1151 2779 καὶ
1175 2723 1254 2795 τῷ
1296 2721 1512 2794 σώματι
1538 2724 1638 2796 τὴν
1662 2724 1908 2796 ἰατρείαν
1938 2727 2306 2799 μαστεύουσα,
2363 2732 2459 2784 καὶ
2509 2731 2608 2802 τὴν
2645 2731 2745 2801 τῆς
2764 2729 2945 2802 ψυχῆς
3007 2732 3419 2802 προσεκτήσατο
3489 2730 3734 2795 εὐεξίαν.

462 2816 700 2871 Τοιαῦτα
722 2819 817 2871 καὶ
839 2817 1016 2886 λέγων
1049 2819 1254 2882 ἐκεῖνος
1282 2819 1374 2889 ὲνή
1386 2835 1522 2890 ργει,
1554 2821 1648 2874 καὶ
1670 2823 2106 2894 προσευχόμενος
2148 2827 2355 2898 ίσχυεν.

532 2911 652 2966 Alio
677 2925 806 2965 vero
840 2919 1082 2980 tempore
1110 2909 1371 2966 famulum
1395 2927 1632 2983 coquum
1679 2929 1707 2968 ε
1739 2917 1882 2969 malo
1907 2932 2048 2987 quo-

463 3003 589 3057 dam
619 3003 875 3058 demone
928 3011 1208 3069 vexatum,
1255 3019 1379 3059 cum
1407 3003 1474 3059 ad
1508 3021 1630 3060 eum
1675 3005 2045 3076 perduxisset,

464 3096 692 3165 ejusque
720 3109 877 3163 opem
900 3095 1268 3164 implorasset,
1304 3097 1550 3152 oratione
1585 3097 1746 3163 facta,
1773 3101 1856 3154 vir
1905 3099 2048 3154 divi-

467 3203 570 3243 nus
600 3187 888 3260 imperavit
918 3187 1149 3242 daemonii
1205 3197 1265 3242 ut
1304 3189 1444 3245 datae
1492 3191 1596 3246 sibi
1650 3191 1918 3248 adversus
1953 3191 2044 3246 Dei

466 3289 778 3334 creaturam
826 3282 1118 3348 potestatis
1151 3295 1372 3337 causam
1425 3282 1710 3340 eﬂ'aretur.
1748 3282 1886 3338 Tum
1935 3285 2046 3348 ille,

469 3383 726 3441 tanquam
772 3369 1045 3424 homicida
1079 3369 1348 3443 quispiam
1417 3374 1498 3428 vel
1566 3377 1706 3429 muri
1768 3374 2051 3445 perfossor

470 3477 654 3518 coram
671 3463 875 3534 judicis
909 3474 1064 3519 stans
1097 3463 1388 3530 tribunali,
1422 3475 1476 3520 et
1500 3482 1527 3519 a
1549 3482 1607 3522 se
1625 3476 1837 3536 patrata
1861 3464 2046 3536 eloqui

466 3557 678 3627 jussus,
713 3556 905 3612 ordine
935 3558 1140 3620 omnia,
1176 3571 1362 3612 verum
1402 3566 1599 3626 praeter
1635 3573 1842 3613 morem
1867 3558 2052 3612 dicere

472 3658 618 3702 metu
651 3655 894 3712 coactus,
935 3647 1238 3702 enarravit.
1301 3646 1568 3717 l~leli0poli
1622 3648 1802 3702 aiebat
1858 3647 2051 3703 famuli

475 3740 638 3808 hujus
666 3739 944 3792 dominum
983 3745 1302 3808 aegrotasse,
1350 3745 1405 3792 et
1430 3737 1706 3793 dominam
1739 3739 1963 3809 conjugi
1995 3747 2054 3794 ut

473 3839 677 3898 aegroto
706 3828 1005 3892 assedisse,
1066 3829 1294 3884 ancillas
1348 3843 1512 3898 porro
1545 3827 1743 3884 domus
1799 3830 1967 3892 illius,
1998 3830 2054 3886 in

474 3936 581 3991 qua
609 3919 920 3983 manebant,
962 3921 1378 3986 monachorum,
1406 3919 1500 3991 qui
1524 3921 1827 3976 Antiochiae
1878 3921 2056 3990 philo-

475 4012 872 4082 sophabantur,
907 4013 1071 4067 vitam
1107 4027 1598 4079 commemorasse,
1651 4022 1706 4070 et
1755 4021 1962 4086 quanta
2001 4015 2054 4071 in

473 4103 751 4158 daemones
775 4103 989 4174 praediti
1041 4111 1231 4159 essent
1261 4113 1554 4174 potestate.
1586 4105 1695 4160 Has
1727 4107 1947 4171 deinde,
2001 4114 2060 4160 ut

478 4195 688 4264 puellas
721 4196 849 4249 ludo
878 4195 1201 4267 gaudentes,
1234 4195 1606 4253 daemoniacas
1629 4205 1684 4252 et
1714 4197 1953 4253 l'uriosas
1981 4197 2058 4251 si-

477 4289 736 4352 mulasse,
758 4287 1022 4343 famulum
1056 4297 1236 4344 autem
1263 4290 1415 4344 illum
1445 4289 1644 4360 ipsum,
1671 4290 1890 4360 pellicea
1911 4297 2060 4344 veste

475 4381 758 4443 amictum,
811 4381 1211 4435 monachorum
1266 4381 1379 4435 ritu
1436 4396 1534 4437 eos
1581 4381 1889 4450 adjurasse.
1926 4378 2060 4447 Quae

2229 2921 2451 2975 Ἀλλοτε
2507 2921 2562 2976 δὲ
2600 2919 2818 2992 οἰκέτην
2863 2918 3119 2989 ὀψοποιὸν
3161 2918 3266 2972 ὑπό
3314 2935 3460 2982 τινος
3491 2917 3736 2987 πονηροῦ

2151 3012 2402 3084 δαίμονος
2437 3012 2822 3083 ἐνοχλούμενον
2849 3008 3236 3078 ἀπαγαγοῦσα,
3269 3008 3371 3079 τῆς
3396 3011 3528 3076 παρ’
3562 3009 3738 3062 αὑτοῦ

2152 3108 2334 3177 τυχεῖν
2367 3104 2686 3174 ἐπικουρίας
2723 3101 2954 3156 ἱκέτευε.
2985 3099 3430 3172 Προσευξάμενος
3458 3100 3514 3153 δὲ
3534 3103 3561 3153 ὁ
3589 3101 3741 3161 θεῖος

2151 3197 2310 3268 ἀνὴρ,
2344 3193 2595 3250 ἐκέλευσε
2627 3193 2704 3264 τῷ
2734 3193 2948 3264 δαίμονι
2975 3193 3074 3263 τῆς
3107 3191 3248 3246 κατά
3270 3192 3361 3246 τοῦ
3392 3191 3534 3244 θείου
3567 3195 3746 3264 armi.-

2156 3303 2321 3359 ματος
2356 3285 2602 3352 ἐξουσίας
2653 3285 2753 3354 τὴν
2800 3283 2980 3337 αἰτίαν
3029 3284 3219 3336 εἰπεῖν.
3270 3284 3326 3333 ὐ
3350 3279 3425 3345 δὲ,
3467 3279 3745 3347 καθάπερ

2151 3396 2237 3441 τις
2274 3375 2598 3449 ἀνδροφόνος
2625 3375 2660 3447 ἢ
2705 3377 3040 3446 τοιχωρύχος
3069 3374 3177 3446 πρὸ
3201 3370 3504 3427 δικαστικοῦ
3535 3370 3746 3443 βήμα-

2151 3486 2244 3532 τος
2279 3466 2473 3532 ἐστὼς,
2511 3465 2608 3520 καὶ
2664 3465 2848 3535 λέγειν
2879 3465 2917 3520 ἀ
2961 3465 3189 3536 δέδρακε
3240 3461 3741 3534 προσταττόμενος,

2153 3561 2326 3624 οῦτως
2380 3558 2597 3613 ἅπαντα
2627 3557 2848 3630 διεξῄει,
2884 3556 3036 3628 παρὰ
3067 3556 3129 3610 τὸ
3196 3557 3386 3619 εἰωθὸς
3434 3554 3540 3607 ὑπὸ
3580 3555 3743 3616 δέους

2155 3651 2436 3724 ἀληθεύειν
2473 3650 2932 3721 ἀναγκαζόμενος,
2965 3649 3060 3702 καὶ
3087 3648 3321 3718 ἔφασκεν
3350 3649 3406 3702 ἑν
3453 3647 3746 3702 Ἥλιουπδο

2154 3746 2236 3798 λει
2263 3746 2352 3798 τὸν
2390 3744 2487 3814 μὲν
2515 3742 2608 3796 τοῦ
2642 3743 2854 3796 οἰκέτου
2893 3741 3253 3816 ἀρῤωστῆσαι
3293 3740 3587 3811 δεσπότην,
3643 3742 3745 3810 τὴν

2155 3836 2210 3890 δέ
2246 3853 2310 3905 γε
2357 3836 2642 3889 δέσποιναν
2697 3833 2776 3905 τῷ
2812 3833 3041 3904 ὁμόζυγι
3087 3833 3182 3887 ἆτε
3237 3833 3302 3904 δὴ
3363 3831 3746 3904 ἀρῥωστοῦντι

2158 3926 2602 3998 παρακαθῆσθαι·
2645 3926 2742 3989 τάς
2791 3925 2850 3978 δὲ
2891 3924 3184 3988 παιδίσκας
3220 3925 3319 3994 τῆς
3373 3924 3578 3986 οἰκίας,
3614 3925 3675 3975 ἰν

2158 4020 2475 4092 κατέμενον,
2508 4018 2616 4072 τῶν
2652 4019 2708 4072 ὲν
2758 4017 3059 4088 Ἀντιοχείᾳ
3099 4016 3530 4086 φιλοσοφούντων
3580 4034 3745 4086 μονα-

2158 4111 2268 4183 χῶν
2314 4111 2618 4182 διηγεῖσθαι
2647 4110 2738 4164 τδν
2769 4109 2904 4180 βίον,
2958 4109 3052 4162 καὶ
3099 4109 3230 4178 ὅσην
3277 4107 3415 4161 κατὰ
3466 4107 3747 4177 δαιμόκων

2159 4201 2342 4272 ἔχουσι
2373 4201 2472 4272 τὴν
2496 4198 2670 4270 ἰσχύν.
2709 4195 2842 4254 Εἶτα
2871 4198 3094 4264 ταύτας,
3129 4191 3216 4252 οἶα
3241 4197 3303 4268 δὴ
3349 4197 3516 4265 κόρας
3553 4199 3749 4268 παιδιᾷ

2159 4291 2476 4364 χαιρούσας,
2502 4288 2888 4362 ὑποκρίνεσθαι
2913 4288 3012 4351 τὰς
3040 4284 3401 4358 δαιμονιώσας
3422 4285 3516 4338 καὶ
3565 4303 3748 4355 μεμη-

2158 4384 2332 4449 νυίας,
2361 4382 2524 4436 αὑτὸν
2565 4381 2623 4434 δὲ
2667 4382 2876 4435 ἐκεῖνον
2919 4380 3009 4432 τὸν
3051 4371 3270 4447 οἰκέτην
3313 4375 3546 4447 σισύραν
3589 4393 3750 4447 mps-

476 4473 610 4527 dum
655 4472 874 4537 tierent,
915 4490 933 4524 ι
973 4487 1094 4544 ego,
1152 4473 1350 4543 inquit,
1407 4482 1532 4526 ante
1572 4471 1719 4527 fores
1775 4479 1952 4535 stans,
2003 4481 2045 4524 el

2161 4474 2510 4545 ϐαλλόμενον,
2572 4472 2879 4545 μοναχικῶς
2921 4470 3224 4544 ὲξορκίζειν
3267 4467 3499 4530 ὲκείνας.
3539 4485 3564 4517 ε
3617 4469 3756 4520 τού-

477 4563 714 4632 gloriosa
745 4565 761 4583 ‘
789 4563 881 4616 illa
921 4562 986 4619 de
1009 4563 1298 4618 monachis
1325 4563 1489 4618 verba
1521 4577 1630 4618 non
1653 4561 1854 4620 ferens.
1886 4579 2045 4633 expe-

2161 4583 2290 4629 των,
2323 4564 2506 4634 φησιν,
2553 4560 3004 4632 ἐπιτελουμένων,
3045 4555 3307 4629 παρὰτὴν
3342 4553 3510 4625 θύραν
3549 4553 3755 4616 ἑστὼς,

480 4653 576 4711 riri
597 4656 773 4724 reipsa
801 4654 972 4723 volui,
999 4669 1166 4726 quam
1198 4654 1326 4710 illos
1349 4655 1550 4710 habere
1577 4655 1862 4724 jactabant
1893 4664 2045 4726 pote-

2160 4655 2254 4709 καὶ
2282 4656 2404 4718 τοὺς
2440 4652 2795 4716 ἀλαζονικοῦς
2825 4652 2954 4722 περὶ
2995 4649 3103 4703 τῶν
3138 4646 3384 4718 μοναχῶν
3415 4645 3624 4711 λόγους
3659 4646 3760 4698 οὒκ

480 4752 701 4801 etatem.
735 4744 921 4815 Itaque
954 4745 1155 4801 missas
1173 4741 1382 4801 faciens
1413 4745 1664 4808 ancillas.
1690 4747 1745 4800 in
1778 4745 1921 4800 hunc
1973 4759 2045 4800 me

2159 4746 2417 4815 ἐνεγκὼν,
2447 4748 2513 4814 τῇ
2553 4743 2717 4815 πείρᾳ
2755 4742 2945 4813 μαθεῖν
2971 4737 3300 4810 ἠϐουλήθην,
3325 4739 3389 4808 ἢν
3431 4736 3588 4805 ἒχειν
3613 4737 3762 4790 ὲκεί-

479 4836 706 4897 intrusi,
750 4837 893 4891 scire
934 4836 1163 4906 cupiens
1209 4851 1321 4906 quo
1373 4844 1534 4906 pacto
1568 4851 1597 4890 a
1630 4836 1917 4891 monachis
1964 4851 2045 4890 ex-

2159 4853 2282 4900 νους
2314 4833 2716 4889 ὲνεανιεύσαντο
2754 4831 3004 4903 δύναμιν.
3031 4830 3233 4884 Τούτου
3258 4828 3440 4882 εἵνεκα
3481 4825 3598 4891 τὰς
3625 4844 3764 4881 παι-

482 4928 728 4998 pellerer.
754 4927 914 4981 Nunc
943 4943 1072 4982 vero
1100 4925 1388 4998 perdidici,
1417 4941 1518 4982 nec
1553 4927 1657 4980 alia
1685 4941 1825 4998 opus
1883 4927 2045 4982 habet

2160 4929 2355 4994 δίσκας
2400 4925 2738 4987 καταλιπὼν,
2787 4929 2866 4989 εἰς
2911 4923 3098 4978 τοῦτον
3139 4924 3372 4994 ἐμαυτὸν
3413 4921 3764 4994 είσέφρησα,

481 5017 816 5087 experientia
851 5031 1058 5086 :quare
1083 5017 1244 5086 jussu
1297 5027 1392 5072 tuo
1441 5033 1565 5072 mox
1611 5032 1767 5074 exeo.
1801 5037 1821 5071 ι
1883 5020 2045 5089 Atque

2165 5021 2356 5092 μαθεῖν
2384 5019 2667 5090 ἐθελήσας,
2702 5018 2850 5082 ὅπως
2891 5017 2996 5070 ὑπὸ
3036 5014 3145 5070 τῶν
3183 5013 3432 5086 μοναχῶν
3460 5011 3770 5078 ἐξελαύνο-

483 5109 598 5163 Ιι.ιοε
625 5109 813 5164 dicens
844 5108 1000 5179 fugit,
1018 5117 1074 5162 et
1099 5108 1336 5165 famulus
1369 5109 1677 5164 libertatem
1706 5109 1938 5181 adeptus
1955 5120 2045 5165 est.

2167 5128 2285 5182 μαι.
2323 5109 2434 5163 Καὶ
2459 5107 2575 5172 νῦν,
2607 5107 2733 5178 ἔφη,
2761 5105 3078 5178 μεμάθηκα,
3112 5107 3209 5157 καὶ
3242 5105 3436 5175 πείρας
3462 5103 3682 5175 ἐτέρας
3705 5107 3768 5158 εὖ

482 5202 725 5256 Alterum
758 5217 976 5272 quoque
996 5201 1261 5257 rusticum
1281 5203 1473 5258 matris
1501 5203 1622 5273 ejus
1653 5211 1846 5268 mater,
1875 5204 2045 5258 nutrix

2161 5200 2370 5270 δέομαυ
2391 5199 2707 5270 παραυτίκα
2737 5198 2793 5251 δὲ
2827 5197 2921 5251 σοῦ
2955 5194 3268 5259 κελεύοντος
3296 5195 3489 5265 ἔξειμι.
3517 5213 3540 5245 ι
3569 5195 3772 5248 Ταῦτα

485 5307 614 5348 vero
647 5309 788 5356 mea,
823 5293 1226 5349 daemoniacum
1255 5293 1323 5348 ad
1348 5294 1613 5348 vitiorum
1653 5294 1860 5348 hostem
1891 5293 2045 5347 addu‘

2160 5293 2337 5362 λέγων
2390 5289 2739 5362 ὲδραπέτευε,
2795 5289 2891 5342 καὶ
2927 5288 3027 5358 τῆς
3079 5285 3393 5358 ἐλευθερίας
3451 5285 3479 5335 ὁ
3531 5286 3774 5354 οἰκέτης

485 5399 638 5450 cens,
669 5387 848 5440 oravit
881 5392 940 5438 ut
965 5385 1015 5441 ei
1049 5400 1208 5455 opem
1263 5387 1450 5459 ferret.
1510 5386 1682 5450 Quem
1730 5385 1823 5441 ille
1872 5401 2045 5440 rursus

2165 5382 2429 5451 ἀπήλαυε.
2457 5381 2565 5433 Καὶ
2597 5380 2785 5450 ἕτερον
2804 5380 2860 5432 δὲ
2893 5379 3152 5450 ἄγροικον
3181 5377 3282 5447 τῆς
3335 5374 3550 5447 μητρὸς
3587 5380 3702 5446 μὲν
3737 5379 3778 5447 ἡ

488 5477 862 5544 interrogavit,
885 5477 1046 5546 cujus
1079 5487 1248 5543 esset,
1287 5485 1341 5531 et
1372 5493 1401 5531 a
1444 5463 1685 5546 quonam
1734 5485 2045 5548 potestate"

2169 5473 2375 5544 μήτηρ,
2427 5471 2533 5542 ἐμὴ
2583 5470 2641 5524 δὲ
2693 5470 2869 5540 τιτθὴ,
2927 5468 3264 5541 δαιμονῶντα
3316 5467 3784 5538 προσαγαγοῦσα

493 5565 705 5636 1192
756 5569 811 5621 in
879 5566 972 5622 Dei
1029 5578 1340 5624 creaturam
1399 5570 1756 5640 accepisset?
1817 5568 2045 5640 Cumqm

2167 5565 2446 5637 ἐπαμῦναι
2484 5561 2784 5635 παρεκάλει
2816 5563 2908 5614 τὸν
2941 5562 3042 5631 τῆς
3087 5561 3284 5624 κακίας
3335 5558 3673 5614 ἀντίπαλον.
3717 5560 3781 5613 'U

489 5663 690 5707 tacitus
731 5654 820 5709 ille
851 5659 1200 5722 subsisteret,
1253 5659 1502 5728 nihilque
1538 5660 1918 5732 responderet,
1970 5675 2045 5730 ge‘

2166 5657 2221 5710 δὲ
2258 5657 2418 5710 πάλιν
2457 5654 2806 5720 ἐπυνθάνετο,
2856 5655 3018 5708 πόθεν
3052 5673 3111 5708 τε
3155 5656 3261 5724 εἴη,
3297 5654 3389 5708 καὶ
3430 5653 3594 5724 παρά
3621 5656 3785 5717 τίνος

493 5743 654 5796 nibus
679 5743 830 5798 ﬂexis
860 5746 1028 5800 Deum
1080 5750 1280 5813 oravit,
1329 5750 1628 5806 obsecrans
1698 5760 1754 5805 ut
1794 5753 2045 5807 scelerati

2171 5751 2327 5805 ἔλαϐε
2363 5751 2460 5821 τὴν
2505 5751 2644 5804 κατά
2680 5749 2774 5802 τοῦ
2812 5750 2955 5806 θείου
2993 5751 3294 5822 ποιήματος
3335 5747 3616 5813 ἐξουσίαν.
3685 5752 3785 5814 Ὡς
