3974 6212
300 180 432 245 Ῑ385

1511 177 1620 239 RE
1630 168 1925 239 LIGIOSA
1956 178 2343 271 HISTORIA.

3422 190 3554 256 I386

295 298 350 353 δὲ
381 295 544 366 σιγῶν
592 296 798 359 ἐκεῖνος
828 294 1070 366 εἱστήκει
1115 292 1215 366 τὴν
1248 292 1541 365 ἀπόκρισιν
1578 294 1657 363 μὴ’
1680 291 1849 381 ποιού·

1976 292 2310 351 famulorum
2358 311 2586 353 suorum
2646 299 2792 355 vires
2845 303 3178 359 ostenderet.
3242 304 3555 381 lterunique

299 406 469 461 μενος,
491 386 560 440 τά
609 386 812 454 γόνατα
858 384 1046 447 κλίνας
1076 382 1439 454 προσηύχετο,
1488 381 1700 434 καὶτὸν
1733 380 1869 434 Θεὸν

296 476 555 549 ἠντιϐόλει
593 474 761 539 δεῖξαι
802 472 882 544 τῷ
921 471 1185 543 ἀλιτηρίῳ
1214 472 1321 525 τῶν
1353 470 1569 529 οἰκείων
1603 469 1869 539 θεραπόν-

294 587 399 621 των
442 552 831 639 «ursam.
879 564 991 617 Kal.
1034 563 1197 617 πάλιν
1247 563 1521 626 ἀνίστατο,
1570 563 1666 615 καὶ
1706 560 1869 615 πάλιν

296 662 493 723 ίκεῖνος
522 657 837 712 ἀντιτείνων
878 656 1056 723 ἐσίγα,
1088 656 1182 709 καὶ
1217 655 1394 710 ταῦτα
1424 654 1867 725 μέχριςέννάτης

291 752 513 819 ἐγίνετο.
558 749 783 819 Ἐπειδὴ
832 748 890 800 δὲ
912 746 1262 819 θερμοτέραν
1304 748 1399 800 καὶ
1441 746 1868 817 σπουδαιοτέραν

290 842 363 912 τῷ
391 842 637 913 Δεσπότῃ
682 840 1043 912 προσενήνοχε
1081 837 1406 909 προσευχὴν,
1438 838 1682 901 ἀναστάς
1713 837 1866 906 ἔλεγε

293 930 422 1001 πρὸς
455 931 544 983 τὸν
574 930 877 1001 ἀλιτήριον
916 948 935 980 ι
970 926 1044 982 Ού
1070 944 1160 1013 ,σοι
1184 928 1465 981 ἐπιτάττει
1495 928 1723 999 Πέτρος,
1749 927 1866 981 ἀλλ’

285 1027 311 1078 ὁ
350 1023 556 1093 Πέτρου
610 1021 763 1084 Θεόςο
800 1020 1092 1091 ἀπόκριναι
1142 1020 1325 1074 τοίνυν
1363 1020 1467 1073 ὑπὸ
1519 1021 1619 1091 τῆς
1654 1022 1865 1077 ἐκείνου

281 1114 564 1184 δυνάμεως
620 1111 1196 1182 καταναγκαζόμενος.
1254 1129 1272 1162 ι
1339 1111 1590 1183 ᾘδέσθη,
1658 1113 1864 1184 καίπερ

283 1206 635 1276 ἀναίσχυντος
664 1203 761 1269 ὢν,
780 1207 808 1257 ὁ
831 1203 1088 1272 ἀλάστωρ
1111 1204 1209 1275 τὴν
1234 1203 1328 1256 τοῦ
1360 1204 1514 1273 ἀγίου
1539 1205 1861 1269 ἐπιείκειαν,

280 1298 374 1351 καὶ
422 1300 573 1367 φωνῇ
611 1296 840 1367 μεγίστῃ
886 1295 1232 1366 χρησάμενος
1286 1295 1437 1359 ὲὸόα,
1501 1295 1576 1359 ὡς
1619 1296 1697 1367 τῷ
1737 1297 1862 1366 ’ὄρει

284 1390 383 1460 μὲν
442 1389 522 1461 τῷ
566 1387 786 1459 Ἀμανῷ
845 1386 1116 1459 σχολάζοι·
1176 1407 1195 1439 ι
1226 1387 1426 1441 Τοῦτον
1456 1389 1522 1442 ’δὲ
1576 1389 1717 1443 κατά
1763 1390 1862 1461 τὴν

277 1480 395 1534 ὁδὸν
440 1480 777 1551 θεασάμενος
819 1479 963 1551 ὕδωρ
1014 1479 1123 1533 ἀπό
1161 1496 1308 1543 τινος
1351 1481 1533 1551 πηγῆς
1558 1481 1860 1552 ἀρυόμενόν

276 1589 337 1625 τε
370 1572 466 1625 καὶ
493 1572 735 1636 πίνοντα,
774 1571 1023 1642 ἠθέλησα
1040 1572 1367 1643 οἰκητήριον
1392 1574 1591 1625 οἰκεῖον
1624 1575 1861 1644 ποιήσα-

1973 387 2237 451 surrexit,
2260 396 2325 441 et
2355 388 2445 444 ille
2471 399 2664 444 contra
2715 393 2958 449 renitens
3012 396 3209 450 iterum
3256 399 3550 467 obmutuit,

1972 486 2135 547 atque
2157 478 2259 533 hoc
2278 482 2440 536 modo
2463 482 2530 535 ad
2564 483 2753 537 horam
2783 500 2957 556 usque
2988 503 3187 544 nouam
3220 504 3310 548 res
3333 509 3553 563 proces—

1972 567 2064 622 sit.
2092 568 2296 624 Postea
2320 586 2607 635 vero,'eum
2631 574 3227 635 ardentiores‘boniino
3267 592 3322 637 et
3374 585 3553 642 inten-

1972 658 2143 713 tiores
2175 674 2367 729 preces
2428 662 2744 729 obtulisset,
2805 680 3059 737 surgens,
3112 675 3553 748 sceleratumque

1971 752 2328 822 compellans,
2369 772 2387 803 ‹
2422 751 2538 808 Non
2558 754 2779 817 Petrus.
2837 759 2936 825 ait,
2984 761 3089 816 tibi
3148 763 3398 833 imperat,
3456 771 3549 826 sed

1970 842 2127 898 Petri
2143 842 2311 911 Deus;
2334 860 2505 916 quare
2522 846 2673 903 illius
2692 849 2921 905 adactus
2944 854 3186 922 potentia
3205 861 3492 929 responde.
3524 884 3543 913 ι

1968 930 2260 989 Reveritus
2286 945 2373 991 est
2404 936 2667 1003 nefarius,
2708 940 3007 1010 impudens
3052 944 3197 1015 licet,
3235 953 3411 1007 sancti
3446 956 3546 1009 viri

1966 1022 2313 1091 modestiam,
2348 1041 2650 1098 magnaque
2683 1044 2816 1086 voce
2845 1033 3195 1091 exclamans:
3231 1056 3248 1089 ι
3290 1040 3348 1093 1η
3380 1043 3548 1099 Ama-

1966 1131 2059 1181 no,
2097 1117 2294 1185 inquit,
2325 1130 2508 1175 monte
2530 1136 2720 1177 versor
2751 1139 2766 1187 ;
2824 1122 2971 1179 hunc
3005 1133 3186 1182 autem
3236 1144 3434 1199 aquam
3490 1136 3545 1189 in

1966 1208 2050 1260 via
2082 1224 2110 1262 e
2144 1209 2292 1265 fonte
2318 1211 2663 1267 haurientem
2701 1224 2757 1270 et
2793 1216 3074 1272 bibentem
3102 1235 3227 1273 cum
3262 1221 3541 1289 vidissem,
3649 1281 3653 1284 .

1965 1298 2021 1353 in
2072 1315 2137 1355 eo
2198 1302 2329 1357 mihi
2396 1305 2733 1360 domicilium
2781 1312 3126 1366 constituere
3180 1314 3546 1373 volni.—At

1963 1389 2243 1459 egredere,
2297 1393 2375 1447 ait
2430 1394 2592 1449 homo
2649 1396 2761 1463 Dei,
2818 1399 2913 1452 tibi
2956 1399 3058 1454 hoc
3093 1402 3184 1457 illo
3216 1404 3540 1475 imperante.

1963 1482 2176 1553 quipro
2198 1485 2333 1540 orbe
2373 1493 2642 1541 terrarum
2674 1489 2901 1549 suffrxus
2933 1502 3017 1546 est
3068 1495 3241 1551 cruci.
3280 1516 3298 1549 ι
3358 1499 3542 1555 Audiit

1961 1571 2055 1626 ille
2092 1581 2147 1627 et
2176 1573 2336 1644 fugit,
2363 1578 2676 1649 nutricique
2710 1581 2849 1636 liber
2876 1597 2905 1637 a
2948 1583 3143 1639 furore
3181 1587 3427 1647 redditus
3456 1606 3540 1647 est

278 1660 422 1714 σθαι.
483 1689 551 1700 -
618 1659 757 1712 Ἀλλ’
801 1657 956 1724 ἔξιθι,
1019 1660 1207 1729 ἔλεγεν
1268 1663 1296 1714 ὁ
1328 1661 1422 1715 τοῦ
1463 1661 1598 1715 Θεοῦ
1646 1662 1849 1734 ἄνθρω-

1964 1664 2228 1733 agricola.
2264 1666 2414 1724 Alias
2437 1670 2490 1724 id
2524 1686 2698 1743 genus
2721 1673 3043 1731 innumeras
3087 1679 3157 1734 dc
3227 1682 3384 1737 beata
3442 1685 3534 1739 illa

276 1765 399 1813 πος,
436 1748 532 1801 τοῦ
566 1748 971 1819 παυρωθέντος
1016 1750 1159 1822 ὑπὲρ
1204 1750 1308 1821 τῆς
1332 1751 1658 1822 οἰκουμένης
1700 1752 1858 1806 τοῦτό

274 1855 357 1893 σοι
409 1840 853 1912 παρεγγυῶντος.
904 1861 923 1893 ι
962 1842 1198 1895 Ἥκουεν
1239 1845 1467 1910 ἐκεῖνος,
1498 1845 1593 1898 καὶ
1632 1843 1853 1914 ἔφευγε,

270 1932 365 1984 καὶ
396 1932 497 2002 τῆς
522 1932 720 2003 λύττης
747 1933 1027 2005 ἐλεύθερος
1050 1934 1329 1989 ἀπεδίδοτο
1353 1938 1417 2007 τῇ
1449 1936 1601 2007 τιτθῇ
1629 1937 1661 1987 ό
1682 1953 1856 2009 γεωρ-

267 2024 384 2092 γός.
448 2025 559 2079 Καὶ
603 2025 768 2096 ἕτερα
804 2026 872 2079 ’δὲ
941 2026 1111 2098 μυρία
1154 2028 1260 2098 τῆς
1314 2027 1591 2098 μακαρίας
1638 2028 1855 2098 ἐκείνης

268 2116 454 2187 ψυχῆς
479 2118 703 2173 τοιαῦτα
730 2118 865 2189 ἔχων
888 2117 1229 2191 διηγήματα,
1256 2118 1576 2189 παραλείψω
1607 2118 1673 2171 τά
1705 2118 1855 2172 πλεῖ-

1963 1755 2147 1809 anima
2166 1758 2512 1817 narrationes
2544 1762 2773 1827 habens.
2794 1767 3064 1835 plurimas
3097 1776 3533 1841 praetermittam.

1967 1846 2265 1902 multorum
2298 1859 2549 1909 metuens
2603 1855 2923 1925 inﬁrmitati,
2959 1865 3054 1932 qui
3096 1865 3148 1919 in
3185 1869 3395 1939 seipsos
3449 1874 3533 1927 in-

1961 1940 2202 2000 tuentes,
2221 1950 2535 1999 sanctorum
2560 1945 2797 2003 virorum
2823 1952 3106 2010 miraculis
3132 1957 3286 2014 [idem
3311 1974 3531 2033 negant,

1962 2041 2243 2098 unumque
2297 2041 2352 2086 et
2401 2034 2636 2091 alterum
2689 2039 2783 2095 ubi
2830 2058 3175 2116 exposuero,
3244 2052 3311 2107 ad
3364 2056 3531 2110 alium

1960 2118 2223 2175 athletam
2270 2128 2615 2196 progrediar.

276 2229 397 2280 στα,
429 2213 539 2266 τῶν
572 2213 780 2268 πολλῶν
809 2213 996 2277 δεδιὼς
1023 2215 1122 2285 τὴν
1146 2214 1448 2270 ἀσθένειαν
1484 2215 1564 2277 εἰς
1589 2214 1730 2283 σφᾶς
1753 2213 1862 2284 γὰρ
1900 2214 2235 2287 ἀφορῶντες.
2270 2221 2391 2283 ταῖς
2424 2221 2534 2276 τῶν
2589 2223 2750 2280 θείων
2813 2229 3023 2301 ἀνδρῶν
3071 2234 3358 2294 ἀπιστοῦσι
3403 2240 3533 2297 θαυ-

278 2307 654 2378 ματουργίαις.
693 2309 799 2361 *Ἑν
826 2309 883 2361 δὲ
918 2308 952 2379 ἢ
983 2307 1076 2362 δύο
1101 2309 1523 2380 διηγησάμενος,
1555 2308 1640 2377 ἐφ’
1671 2307 1858 2378 ἕτερον
1893 2308 2198 2380 ἀγωνιστὴν
2224 2313 2622 2387 μεταϐήσομαι.

340 2393 453 2453 Ἤν
480 2417 562 2463 τις
580 2396 901 2463 ἀκόλαστος,
935 2400 1241 2471 στρατηγὸς
1271 2400 1462 2462 ἐντοῖς
1493 2397 1605 2452 ἀνω
1622 2396 1853 2467 χρόνοις.

270 2492 426 2563 Κόρη
451 2493 627 2545 τοίνυν
665 2509 748 2554 τις
780 2478 1178 2562 ἀπειρόγαμος,
1212 2491 1375 2563 ’ὥραν
1407 2490 1606 2560 ἔχουσα
1646 2489 1852 2560 γάμου,

269 2583 375 2635 ὑπὸ
408 2582 509 2651 τὴν
538 2582 731 2635 τούτου
757 2582 1086 2635 ⁴δεσποτείαν
1116 2582 1364 2646 τελοῦσα,
1398 2580 1499 2652 τὴν
1524 2579 1731 2652 μητέρα
1756 2596 1854 2635 κα-

265 2669 593 2734 ταλιποῦσα,
634 2670 729 2725 καὶ
763 2670 890 2731 τοὺς
918 2670 1176 2733 οἰκείους,
1208 2671 1288 2733 είς
1323 2670 1689 2738 γυναικονῖτιν
1714 2684 1852 2720 κατ-

264 2762 438 2830 έφυγε
493 2761 803 2833 συμμορίαν
853 2760 1083 2831 ἔχουσαν
1132 2759 1402 2830 ἀθλητῶν.
1469 2756 1850 2827 Ἀγωνίζονται

263 2852 378 2922 γάρ
408 2853 502 2904 καί
523 2855 781 2919 γυναῖκες
800 2854 911 2914 τοῖς
931 2850 1155 2921 ἀνδράσι
1186 2849 1602 2920 παραπλησίως,
1633 2849 1728 2905 καὶ
1765 2850 1849 2912 είς

2034 2395 2141 2452 Vir-
2175 2410 2294 2455 erat
2348 2402 2678 2462 libidinosus
2712 2448 2727 2474 ,
2782 2413 3016 2469 militum
3052 2418 3181 2473 olim
3218 2425 3478 2493 magister
3512 2445 3528 2482 :

1958 2490 2136 2560 puella
2191 2499 2371 2548 autem
2414 2498 2657 2567 quaedam
2713 2504 2953 2560 nondum
2992 2518 3180 2579 nupta,
3243 2490 3338 2569 sed
3369 2519 3531 2573 nubi-

1959 2581 2048 2647 lis,
2082 2598 2205 2653 qua:
2237 2586 2343 2640 sub
2399 2588 2520 2657 ejus
2555 2598 2675 2645 erat
2713 2594 2980 2663 domi-nio,
3023 2611 3197 2657 matre
3237 2607 3427 2661 relicta
3473 2620 3530 2665 et

1959 2673 2100 2735 suis,
2137 2674 2207 2729 ad
2249 2676 2565 2749 gynaeceum
2616 2686 2893 2753 quoddam
2915 2705 2984 2746 se
3020 2697 3274 2763 contulit,
3312 2699 3365 2754 iu
3420 2718 3531 2772 quo

1958 2775 2137 2821 coitus
2170 2780 2289 2823 erat
2321 2770 2675 2830 athletarum.
2716 2776 3009 2837 Becertant
3063 2787 3209 2841 enim
3248 2791 3411 2845 etiam
3438 2770 3529 2849 fe-

1959 2854 2142 2923 minae,
2175 2858 2637 2925 quemadmodum
2697 2867 2822 2932 viri,
2855 2881 2909 2925 et
2934 2873 2999 2927 in
3028 2876 3264 2932 stadium
3299 2881 3523 2940 virtutis

257 2945 328 3017 τὸ
357 2945 458 3014 τῆς
488 2944 689 3013 ἀρετῆς
721 2942 1109 3016 καταβαίνουσι
1154 2942 1385 2995 στάδιον.
1413 2937 1849 3043 Ταύτηςιμαθὼν

1954 2941 2315 3002 descendunt.
2358 2948 2530 3021 Hujus
2567 2957 2790 3027 cognita
2831 2959 2977 3031 fuga,
3016 2967 3278 3036 magister
3299 2937 3525 3029 matrem

253 3040 284 3091 ὁ
330 3036 637 3107 στρατηγὸς
666 3036 765 3105 τὴν
806 3034 1009 3104 φυγὴν,
1043 3033 1343 3105 ἐμαστίγου
1391 3031 1488 3129 τὴν
1518 3031 1727 3129 μητέρα
1758 3030 1849 3129 καί

1953 3029 2141 3104 ﬂagris
2178 3040 2408 3106 cecidit,
2456 3053 2509 3098 et
2546 3045 2760 3118 1193
2787 3029 3029 3107 vinctam
3082 3029 3390 3129 suspendit,
3420 3080 3523 3120 nec

259 3129 607 3200 ἐκρεμάννυ·
641 3127 736 3179 καὶ
769 3127 830 3179 ού
891 3125 1156 3196 πρότερον
1184 3124 1365 3193 ἀφῆκε
1391 3121 1625 3192 δεσμῶν,
1643 3121 1749 3185 ’ἕως
1790 3121 1852 3175 τὸ

255 3220 376 3275 τῶν
427 3218 668 3272 εὐσεϐῶν
718 3216 994 3287 γυναικῶν
1049 3216 1295 3280 ὑπέδειξε
1350 3213 1717 3282 καταγώγιον.
1770 3212 1848 3284 Τῇ

256 3309 437 3380 λύττῃ
480 3308 659 3362 τοίνυν
716 3312 779 3380 τῇ
807 3307 983 3380 οἰκείᾳ
1026 3308 1388 3379 χρησάμενος,
1424 3307 1675 3377 ἡρπασεν
1708 3307 1852 3358 ἐκεῖ·

260 3400 360 3451 θεν
426 3398 523 3469 τὴν
583 3400 770 3470 κόρην,
821 3400 917 3453 καὶ
946 3401 1027 3462 είς
1052 3397 1150 3468 τὴν
1187 3397 1396 3451 οἰκείαν
1440 3397 1647 3450 οἱκίαν“
1680 3397 1848 3448 ἐπαν-

260 3492 464 3561 ήγαγε·
495 3490 587 3543 καί
616 3484 841 3560 ἧλπίσεν
883 3493 911 3544 ό
957 3491 1187 3554 δείλαιος
1219 3490 1319 3561 τὴν
1360 3488 1568 3543 οἰκείαν
1602 3487 1849 3559 κορέσειν

260 3582 581 3635 ἀκολασίαν.
638 3582 777 3635 Ἀλλ’
825 3583 853 3633 ό
891 3582 981 3635 τὸν
1025 3582 1227 3653 Φαραὼ
1272 3583 1533 3653 ἑτασμοῖς
1590 3581 1849 3651 μεγάλοις

262 3676 362 3729 καὶ
396 3676 651 3745 πονηροῖς
675 3674 876 3737 έτάσας
911 3674 1040 3744 περὶ
1070 3674 1288 3745 Σάρρας
1315 3673 1413 3742 τῆς
1455 3672 1713 3740 γυναικὸς
1756 3674 1847 3725 Ἀ-

263 3762 475 3831 δραάμ,
532 3762 629 3814 καὶ
678 3761 957 3828 ἀνέπαφον
1001 3759 1241 3828 φυλάξας
1276 3760 1375 3829 τὴν
1417 3759 1691 3830 σώφρονα,
1750 3762 1845 3813 καὶ

261 3854 392 3916 τοὺς
441 3852 734 3923 Σοδομίτας
778 3851 1030 3917 πατάξας
1064 3850 1320 3922 ἀορασίᾳ,
1358 3852 1716 3922 ἑμπαροινείν
1767 3853 1846 3914 ὡς

265 3942 434 4007 ξένοις
462 3948 572 4007 τοῖς
595 3946 906 4015 ἀσωμάτοις
933 3944 1409 4015 ἐπιχειρήσαντας,
1431 3936 1587 4005 οὗτος
1605 3942 1701 3995 καὶ
1724 3940 1847 3995 τού-

262 4049 357 4084 του
380 4034 440 4085 τὸ
460 4035 680 4086 ὀπτικὺν
697 4034 934 4104 ἀορασίᾳ
965 4031 1163 4103 βαλὼν,
1197 4036 1261 4085 ὲκ
1296 4032 1461 4101 μέσου
1484 4032 1592 4083 τῶν
1611 4029 1844 4083 δικτύων

262 4122 323 4174 τδ
350 4122 573 4192 θήραμα
614 4123 901 4192 διαφυγεῖν
931 4121 1336 4193 παρεσκεύασε·
1366 4122 1460 4175 καὶ
1496 4123 1576 4183 είς
1613 4120 1704 4173 τὸν
1743 4120 1843 4173 θά-

261 4209 437 4280 λαμον
471 4210 634 4274 αύτδς
674 4211 771 4279 μὲν
803 4207 998 4278 εἰσῄει,
1019 4208 1202 4278 εκείνη
1229 4209 1286 4260 δὲ
1318 4208 1466 4261 ἔνδον
1497 4209 1843 4277 διαφυλαττό-

265 4298 401 4369 μένη
433 4301 744 4369 παραυτίκα
787 4296 933 4368 ἐξῄει
969 4298 1063 4349 καὶ
1096 4297 1326 4367 φροῦδος
1373 4294 1462 4369 ἦν,
1512 4299 1693 4352 καὶτὸ
1722 4316 1840 4368 τρι-

260 4390 495 4462 πόθητον
535 4392 672 4462 αὐτῇ
699 4389 966 4443 κατέλαϐε
1006 4388 1369 4457 καταγώγιον.
1400 4387 1556 4445 υύτω
1601 4388 1839 4460 μαθὼνό

260 4482 508 4552 ἀνόητος,
556 4481 631 4545 ὡς
664 4483 763 4553 τῆς
806 4481 898 4535 τὸν
933 4481 1073 4535 θεῖον
1122 4482 1413 4553 μνηστῆρα
1466 4482 1839 4554 προελομένης

259 4573 320 4625 ού
344 4575 648 4646 περιέσται,
690 4574 920 4645 ἡσυχίαν
948 4574 1102 4642 ἄγειν
1129 4574 1494 4644 ἠναγκάζετο,
1525 4575 1709 4627 ούκέτι
1741 4574 1838 4645 τὴν

260 4662 503 4718 ἀλοῦσαν»
551 4665 646 4718 καὶ
695 4664 815 4736 θείᾳ
864 4664 1091 4734 δυνάμει
1135 4664 1502 4733 διαφυγοῦσαν
1541 4664 1834 4736 ἐπιζητῶν.

258 4756 406 4817 Αὕτη
431 4758 624 4830 χρόνου
652 4757 951 4821 διελθόντος
972 4758 1254 4828 παθήματι
1276 4758 1571 4830 περιέπεσε
1595 4758 1835 4829 χαλεπῴο

259 4853 516 4921 καρκίνος
544 4851 602 4904 δὲ
631 4850 692 4904 τὸ
726 4849 897 4915 πάθος
926 4846 1015 4921 ἦν·
1049 4850 1127 4921 τῷ
1153 4850 1209 4904 δὲ
1242 4849 1428 4921 μαστῷ
1457 4850 1836 4923 ὲξογκουμένῳ

257 4941 357 4995 καὶ
391 4943 424 5012 η
453 4942 610 5014 ὀδύνη
651 4944 965 5013 συνηύξετο.
1011 4942 1174 4997 Ἀλλά
1199 4943 1291 4996 τὸν
1328 4945 1502 5013 μέγαν
1524 4944 1705 4998 ἐκάλει
1729 4946 1833 4999 Πέ-

256 5048 385 5103 τρον
410 5035 469 5086 έν
497 5036 562 5105 τῇ
588 5034 688 5105 τῆς
710 5036 902 5107 ὀδύνης
930 5038 1105 5107 ἀκμῇ,
1132 5036 1225 5092 καὶ
1272 5036 1509 5105 ἔφασκεν
1531 5038 1691 5103 εὐθὺς
1736 5039 1833 5108 τῆς

259 5126 411 5196 legi;
440 5126 655 5211 ὲκείνρης
693 5129 877 5199 φωνῆς
906 5132 983 5195 είς
1023 5130 1091 5183 τά
1134 5124 1250 5184 ὦτα
1275 5128 1626 5200 βαλλομένης,
1652 5130 1833 5184 πᾶσαν

256 5217 474 5290 ἐκείνην
502 5218 600 5290 τὴν
637 5220 829 5292 ὀδύνην
877 5222 1244 5294 κοιμίζεσθαι,
1277 5223 1369 5276 καὶ
1402 5222 1534 5293 μηδὲ
1572 5222 1831 5293 βραχεῖαν

256 5307 508 5380 αἴσθησιν
533 5311 740 5364 ἐκεῖθεν
776 5313 1006 5389 ἀνιαράν
1038 5313 1411 5385 ὑποδέχεσθαι.
1444 5313 1644 5368 Τούτου
1672 5314 1831 5385 χάριν

255 5400 416 5454 αὑτὸν
462 5403 556 5457 καὶ
604 5403 823 5473 συχνότε
834 5420 924 5474 ρον
968 5407 1437 5478 μεταπεμπομένη
1475 5404 1828 5476 ψυχαγωγίας

254 5490 550 5565 ἀπήλαυεν.
580 5496 833 5552 ’Δπαντα
864 5497 974 5570 γὰρ
1008 5499 1160 5568 ἔλεγε
1186 5500 1277 5553 τὸν
1314 5501 1411 5570 τῆς
1453 5499 1658 5555 ἑκείνου
1687 5517 1828 5572 παρ’

251 5585 439 5649 θυσίας
483 5588 676 5659 καιρὸν
703 5588 980 5653 παντελῶς
1023 5592 1123 5655 τὰς
1150 5590 1443 5661 ἀλγηδόνας
1474 5589 1823 5660 ἀφίστασθαι.

570 5679 844 5744 ΡΔτοοι..
890 5681 1008 5744 Gn.
1045 5681 1363 5745 LXXXII.

1953 3128 2191 3187 vinculis
2238 3134 2394 3202 prius
2425 3141 2654 3203 exeruit,
2684 3147 2893 3211 'quam
2962 3148 3346 3219 religiosarum
3404 3171 3526 3210 mu-

1952 3218 2147 3275 lierum
2211 3224 2584 3283 habitaculum
2621 3234 2885 3288 ostendit.
2949 3237 3106 3295 Illinc
3141 3256 3294 3313 ergo,
3348 3246 3524 3303 fni-ori

1950 3310 2286 3384 obsequens,
2314 3319 2551 3387 puellam
2578 3324 2784 3394 rapuit,
2806 3334 2861 3381 et
2886 3328 3106 3385 domum
3131 3310 3295 3409 suam
3323 3339 3527 3405 perdu-

1949 3402 2052 3468 xit,
2082 3421 2310 3475 sperans
2339 3409 2533 3467 infelix
2564 3429 2623 3469 se
2654 3416 2939 3474 libidinem
2972 3406 3135 3476 suam
3152 3428 3520 3496 expleturum.

1952 3494 2056 3551 Sed
2080 3501 2172 3568 qui
2205 3501 2549 3561 Pharaonem
2586 3512 2798 3578 magnis
2828 3522 2882 3567 et
2915 3516 3176 3582 gravibus
3222 3494 3523 3591 suppliciis

1896 3606 1921 3613 '
1950 3589 2130 3648 alI'ecit
2158 3604 2380 3665 prapter
2414 3597 2608 3654 Saram
2641 3602 2876 3658 Abrahrc
2901 3607 3213 3679 conjugem,
3283 3589 3346 3667 et
3377 3615 3522 3669 iuta-

1947 3691 2090 3740 ctam
2126 3690 2363 3744 servavit
2413 3694 2813 3763 continentem;
2850 3700 2942 3769 qui
2980 3713 3033 3755 et
3068 3700 3377 3763 Sodomitas
3414 3723 3521 3764 caa-

1946 3776 2109 3831 citate
2133 3780 2484 3847 perstrinxit,
2514 3798 2639 3839 cum
2668 3787 2938 3844 adversus
2956 3793 3210 3862 corporis
3229 3806 3503 3865 expertes.

1945 3876 2207 3938 tanquam
2256 3872 2310 3925 in
2358 3873 2607 3944 hospites
2636 3879 2916 3935 ~iusanire
2962 3896 3312 3949 conarentur,
3352 3888 3517 3946 idem

1946 3959 2112 4029 hujus
2141 3978 2362 4032 quoque
2391 3969 2569 4023 oculis
2613 3972 2900 4039 caliginem
2954 3974 3262 4044 effundens,
3296 3981 3428 4034 fecit
3457 3991 3518 4035 ut

1944 4051 2125 4118 prmda
2146 4052 2341 4109 mediis
2373 4070 2437 4109 ex
2463 4058 2673 4112 retibus
2696 4063 3011 4118 elaberetur
3042 4085 3055 4121 :
3086 4070 3157 4120 ita
3187 4080 3245 4123 nt
3277 4072 3364 4124 ille
3388 4076 3514 4141 qui-

1943 4141 2064 4194 dem
2098 4143 2401 4197 thalamum
2455 4148 2710 4214 intraret,
2745 4152 2859 4205 haac
2887 4169 3034 4221 vero,
3063 4173 3184 4239 qua:
3230 4160 3513 4239 intus-cu-

1944 4233 2306 4297 stodiebatur,
2340 4236 2521 4291 subito
2550 4240 2814 4302 evolaret.
2847 4258 3025 4312 eoque
3056 4233 3319 4306 frustrato
3347 4234 3511 4324 espe-

1871 4324 1915 4377 D
1943 4321 2100 4377 litum
2130 4322 2233 4379 sibi
2258 4327 2678 4383 contubernium
2709 4337 3183 4402 repeteret.Quare
3209 4321 3511 4411 agnoscens

1940 4423 2151 4473 vecors,
2180 4427 2238 4466 se
2270 4413 2416 4468 illam
2468 4432 2589 4487 qua
2616 4416 2861 4475 divinum
2896 4421 3165 4494 Sponsum
3200 4436 3511 4500 praetulerat

1936 4500 2159 4557 vincere
2189 4520 2297 4560 non
2334 4521 2515 4575 posse,
2550 4512 2837 4581 quiescere
2871 4526 3100 4573 coactus
3122 4529 3226 4587 est,
3257 4539 3359 4579 nec
3389 4541 3508 4581 am-

1940 4591 2084 4656 plius
2112 4610 2233 4649 eam
2293 4602 2575 4669 persequi,
2609 4619 2734 4672 qua:
2768 4613 2925 4675 capta
2960 4623 3084 4662 cum
3119 4621 3267 4668 esset
3299 4632 3394 4685 per
3425 4619 3508 4674 di-

1935 4680 2116 4735 vinam
2178 4687 2477 4752 potentiam
2532 4700 2804 4746 evaserat.
2868 4692 2993 4750 Haec
3028 4696 3145 4767 ipsa
3177 4680 3508 4770 procedente

1937 4780 2181 4841 tempore
2201 4791 2420 4845 gravem
2440 4781 2494 4836 in
2520 4783 2770 4838 morbum
2804 4786 2997 4841 incidit
3035 4790 3109 4861 (et
3137 4807 3337 4849 cancer
3358 4812 3512 4851 mor.

1936 4863 2038 4919 bus
2063 4866 2152 4921 hic
2167 4869 2330 4939 erat),
2347 4874 2699 4946 mamillaque
2714 4876 3111 4936 intumescente
3127 4881 3284 4938 dolor
3302 4889 3508 4955 pariter

1935 4953 2301 5014 increscebat.
2336 4959 2443 5016 Sed
2474 4978 2598 5019 cum
2628 4965 2837 5022 doloris
2855 4971 3090 5025 maxima
3110 4973 3192 5029 vis
3222 4953 3365 5041 erat,
3390 4993 3507 5033 ma~

1934 5059 2097 5114 gnum
2120 5046 2343 5105 Petrum
2376 5052 2687 5116 invocabat.
2713 5057 3023 5128 aiebatqne,
3056 5063 3221 5118 simul
3248 5079 3313 5119 ac
3344 5082 3503 5126 sacra

1935 5135 2027 5191 illa
2062 5153 2168 5194 vox
2211 5142 2440 5198 auribus
2473 5144 2822 5213 insonuerat,
2857 5157 3031 5205 totum
3065 5152 3218 5207 illum
3255 5154 3501 5215 dolorem

1933 5229 2117 5285 sedari
2152 5231 2351 5297 solere,
2385 5235 2707 5307 nullumque
2741 5254 2807 5293 ex
2840 5254 2906 5295 eo
2951 5243 3243 5302 molestum
3275 5261 3500 5305 sensum

1934 5322 2195 5378 residere.
2230 5322 2385 5380 L'nde
2412 5324 2754 5396 frequentius
2784 5329 2941 5384 illum
2963 5347 3182 5405 quoque
3208 5352 3500 5398 accersens

1930 5413 2312 5471 consolatione
2370 5414 2678 5476 fruebatur.
2767 5420 3084 5479 Affirmabat
3161 5428 3332 5497 enim,
3384 5447 3497 5504 quo

1932 5509 2178 5573 tempore
2240 5520 2485 5574 praesens
2516 5508 2729 5576 aderat,
2764 5526 3226 5586 omnesprorsus
3276 5520 3496 5581 dolores

1931 5595 2292 5653 abscessisse.
2327 5599 2529 5658 Verum
2563 5602 2715 5660 illam
2758 5605 2983 5679 quidem
3004 5620 3130 5681 post
3161 5612 3288 5668 talia
3319 5623 3507 5671 certa.

3076 5702 3149 5762 lii
