3974 6212
454 177 586 238 i387

1489 177 1978 239 THEODORETI
2009 176 2348 240 EPISCOPI
2386 175 2749 241 CYRENSIS

3579 182 3728 246 1338

449 293 596 349 mina
639 307 703 350 ex
763 293 866 347 hac
903 293 1014 347 vita
1066 293 1422 351 excedentem
1482 295 1731 351 victoria:
1765 279 1990 352 laudibu

2141 293 2281 348 Ἀλλ’
2311 297 2526 367 ἐκείνην
2579 289 2676 367 μὲν
2726 294 2897 359 οὕτως
2948 297 3371 367 ἀγωνισαμένην
3411 298 3550 368 μετὰ
3597 297 3724 352 τῶν

447 395 778 456 prosecutus
809 397 915 444 est.
950 390 1166 444 [tursus-
1196 404 1325 444 vero
1358 396 1591 444 matrem
1637 404 1836 455 meam,
1903 398 2029 460 post

445 487 661 548 partum
695 495 804 548 quo
837 495 923 534 me
949 480 1114 534 enixa
1151 487 1238 534 est
1278 479 1444 534 morti
1481 480 1814 548 proximam,
1844 482 2025 536 nutri-

444 571 525 625 cis
564 570 778 642 1194
809 573 1064 642 precibus
1125 582 1404 639 exoratus,
1437 573 1736 628 adveniens
1767 589 1795 627 e
1831 574 2026 629 mortis

441 663 695 733 faucibus
747 665 970 734 eripuit.
1041 665 1407 722 Decumbebat
1481 665 1627 720 enim
1680 665 1928 731 medicis,
1963 673 2026 722 ut

443 756 649 818 ferunt,
700 757 1145 826 desperantibus,
1199 757 1516 827 lugentibus
1574 757 1919 820 domesticis,
1967 765 2024 812 et

442 849 652 904 obitum
691 851 1164 921 prmstolantibus,
1207 852 1415 905 clausis
1449 850 1628 905 oculis
1657 865 1851 920 ntagna
1892 865 2022 904 cum

439 939 592 996 febre
619 941 966 1006 conflictans,
999 942 1352 996 familiarium
1387 942 1658 995 neminem
1692 955 2015 1010 agnoscens.

437 1028 510 1086 Ut
539 1039 722 1086 autem
759 1033 978 1088 advenit
1013 1033 1126 1098 ille,
1160 1034 1253 1102 qui
1276 1033 1647 1102 apostolicum
1686 1047 1885 1088 nomen
1917 1047 2016 1102 ge-

436 1125 592 1178 rebat
628 1131 682 1178 et
713 1125 968 1194 gratiam,
1019 1132 1072 1178 et
1106 1145 1124 1176 ι
1148 1123 1262 1178 Pax
1309 1125 1428 1189 tibi,
1486 1124 1594 1178 lilia
1629 1143 1647 1175 ι
1679 1124 1814 1178 dixit
1876 1123 2015 1192 (hac

433 1217 582 1270 cnim
641 1217 763 1285 ejus
799 1226 916 1271 erat
973 1217 1297 1287 salutatio),
1357 1216 1653 1272 confestim
1714 1217 2009 1287 palpebras

431 1323 711 1363 reserasse
736 1307 962 1371 dicitur,
991 1320 1043 1364 et
1075 1309 1127 1364 in
1167 1310 1320 1364 illum
1355 1311 1477 1366 lixis
1503 1309 1679 1364 oculis
1703 1309 2007 1378 aspexisse,

430 1401 943 1471 benedictionisque
1006 1401 1246 1456 fructum
1301 1382 1636 1472 postulasse.
1709 1400 2006 1470 Postquam

431 1497 659 1550 ululavit
692 1495 1020 1551 feminarum
1051 1495 1258 1550 chorus
1312 1493 1512 1565 (mista
1547 1494 1694 1549 enim
1727 1509 1851 1548 cum
1905 1493 2006 1548 do-

427 1589 543 1642 lore
575 1588 746 1641 animi
781 1587 967 1642 laetitia
1011 1587 1309 1644 clamorem
1342 1590 1359 1610 ⁶
1391 1588 1546 1641 illum
1603 1595 2002 1656 expresserat),

2134 389 2414 442 ἐπινικίων
2449 389 2683 445 ἐπαίνων
2717 387 2870 442 τοῦδε
2895 389 2985 441 τ,ῦ
3023 387 3137 458 βίου
3173 389 3517 460 προέπεμψε.
3544 393 3723 445 Πάλιν

2131 481 2187 535 δὲ
2233 481 2332 553 τὴν
2383 481 2599 552 μητέρα
2650 481 2748 551 τὴν
2795 481 2955 551 ἐμὴν,
2989 483 3123 552 μετά
3175 483 3272 546 τὰς
3324 484 3463 555 ἐμὰς
3515 485 3724 549 ὠδῖνας

2130 570 2260 640 παρ’
2300 569 2464 623 αὐτοῦ
2494 571 2794 641 γενομένην
2831 570 2926 624 τοῦ
2973 571 3201 625 θανάτου
3236 574 3335 636 τὰς
3377 572 3574 638 πύλας,
3605 575 3728 627 ὑπὸ

2126 661 2226 731 τῆς
2273 661 2460 728 τιτθῆς
2504 661 2828 733 λιπαρηθεὶς
2874 663 3227 732 ἀφικόμενος,
3271 665 3546 735 ἐξήρπασε
3601 665 3728 717 τῶν

2125 752 2218 807 τοῦ
2267 753 2497 808 θανάτου
2536 755 2754 825 χειρῶν.
2811 755 3029 808 ’Έκειτο
3071 755 3199 827 γὰρ,
3370 774 3556 825 φασιν,
3596 759 3726 811 άπ-

2125 845 2427 915 ειρηκότων
2473 848 2571 916 μὲν
2612 847 2720 900 τῶν
2763 848 2984 918 ἰατρῶν,
3016 849 3125 902 τῶν
3161 849 3218 902 δὲ
3252 850 3466 903 οἰκείων
3511 851 3728 919 ὀλοφυ-

2127 937 2392 1007 ρομένων,
2433 937 2528 990 καὶ
2570 937 3021 1006 προσδεχομένων
3062 937 3123 990 τὸ
3161 937 3334 1001 τέλος,
3389 941 3727 1008 μεμυκότας

2122 1027 2321 1097 ἔχουσα
2353 1027 2476 1092 τοὺς
2507 1027 2846 1097 ὀφθαλμοὺς,
2879 1028 3066 1098 λάϐρῳ
3093 1029 3310 1100 πυρετῷ
3338 1034 3726 1103 κατεχομένη,

2120 1119 2308 1172 οὐδένα
2342 1119 2449 1172 τῶν
2489 1119 2738 1191 συνήθων
2772 1121 3229 1189 ἐπιγινώσκουσα.
3284 1124 3372 1187 Ὠς
3405 1125 3460 1177 δὲ
3485 1120 3624 1196 ἧκεν
3695 1129 3728 1177 ὁ

2117 1211 2217 1289 τῆς
2265 1211 2629 1280 ἀποπολικῆς
2678 1210 2774 1265 καὶ
2827 1213 3202 1283 προσηγορίας
3257 1211 3554 1285 ἠξιωμένος
3613 1218 3730 1267 καὶ

2105 1299 2358 1372 χάριτος,
2421 1301 2535 1362 καὶ,
2594 1318 2612 1351 ι
2645 1301 2850 1372 Εἰρήνη
2904 1318 3009 1365 σοι,
3058 1303 3290 1367 τεκνίον,
3326 1323 3344 1356 ι
3403 1303 3726 1373 ἐφθέγξατο

2115 1395 2296 1466 (τοῦτο
2323 1396 2430 1469 γὰρ
2484 1391 2553 1467 ἦν
2591 1395 2742 1466 αὐτῷ
2777 1397 3117 1472 πρόσρημα),
3151 1398 3464 1469 παραυτίκα
3485 1397 3725 1466 Mys-.54

2115 1491 2212 1542 καὶ
2262 1489 2330 1541 τε
2367 1488 2616 1560 βλέφαρα
2674 1489 2998 1556 ἀναπτύξαι,
3048 1489 3142 1543 καὶ
3189 1489 3376 1552 ἀτενὲς
3406 1491 3484 1553 εἰς
3539 1489 3722 1543 αὐτὸν

2117 1583 2266 1644 ἰδεῖν,
2329 1584 2422 1636 καὶ¹
2479 1582 2581 1652 τῆς
2633 1583 2885 1650 εὐλογίας
2931 1583 3022 1636 τὸν
3085 1583 3298 1654 καρπὸν
3350 1585 3717 1651 ἐπαγγεῖλαι.

425 1677 686 1748 praecepit
716 1678 798 1731 vir
830 1677 1052 1731 divinus
1077 1687 1131 1731 ut
1159 1684 1384 1730 orarent
1409 1692 1535 1731 cum
1570 1677 1690 1746 ipso
1708 1676 1996 1731 universa}.

2118 1670 2206 1734 Ὠς
2240 1672 2296 1725 δὲ
2325 1671 2623 1737 ἀνολὼλυξε
2663 1672 2773 1726 τῶν
2819 1673 3108 1740 ,γυναικῶν
3148 1676 3180 1726 ό
3224 1673 3402 1744 χορὸς,
3459 1673 3718 1743 (ἀθυμία.

422 1771 514 1822 Sic
552 1771 697 1824 enim
728 1770 962 1826 salutem
999 1770 1278 1839 recepisse
1311 1770 1532 1824 dicebat
1569 1767 1884 1833 Tabitbam,
1917 1768 2002 1822 vi.

423 1862 550 1917 duis
584 1861 1022 1932 lacrymantibus
1053 1869 1108 1916 et
1142 1875 1339 1931 magno
1397 1860 1563 1914 Petro
1617 1859 1835 1913 illarum
1895 1857 2002 1912 Deo

420 1953 696 2022 lacrymas
720 1951 1041 2007 olferente‘.
1065 1953 1324 2017 Orarunt,
1349 1951 1685 2020 utjusserat,
1715 1957 1770 2003 et
1794 1949 2002 2018 adeptae

420 2052 549 2098 sunt
572 2052 630 2098 ut
657 2043 928 2113 praedixit.
951 2041 1130 2096 Finita
1158 2043 1304 2096 enim
1345 2043 1618 2109 oratione,
1680 2042 1840 2096 ﬁnem
1861 2055 1998 2109 quo-

322 2145 336 2157 '
417 2152 526 2204 que
563 2135 788 2190 morbus
817 2134 1027 2202 accepit
1061 2152 1077 2192 :
1109 2134 1391 2204 sudorque
1426 2149 1550 2190 mox
1591 2133 1837 2202 undique
1869 2146 1998 2200 pro-

415 2226 594 2286 ﬂuens
625 2225 880 2281 ardorem
913 2226 1067 2280 illum
1116 2226 1404 2291 exstinxit,
1433 2234 1494 2280 et
1519 2239 1824 2294 apparuere
1851 2223 2000 2278 indi-

419 2318 505 2371 cia
542 2317 819 2373 sanitatis.
849 2315 973 2372 Haec
1015 2317 1226 2373 nostris
1253 2319 1418 2372 etiam
1469 2316 1806 2386 temporibus
1830 2317 1998 2370 mit-av

415 2409 536 2462 cuia
569 2423 663 2476 per
701 2406 949 2466 famulos
984 2423 1114 2463 suos
1143 2407 1274 2461 facit
1308 2407 1589 2462 Dominus.
1637 2405 1812 2475 llujus
1858 2421 1996 2477 quo-

414 2515 542 2568 quc,
578 2499 722 2555 sicut
755 2498 1064 2555 beatissimi
1095 2497 1271 2566 Pauli,
1307 2499 1632 2556 vestimenta
1684 2499 1996 2567 operaban-

412 2601 503 2646 tur
533 2603 554 2630 θ
592 2610 606 2646 :
669 2590 814 2660 quod
845 2593 1065 2660 quidem
1114 2607 1220 2646 non
1275 2572 1718 2661 exaggerationis
1759 2591 1994 2659 alicujus

414 2685 598 2746 studio
655 2687 838 2756 posui,
874 2685 968 2742 sed
995 2685 1246 2740 veritatis
1279 2683 1453 2739 fretus
1485 2683 1828 2739 testimonio.
1857 2681 1992 2738 Nam

413 2795 551 2834 zona
613 2795 714 2842 sua
767 2777 1024 2832 bifariam
1078 2776 1276 2842 divisa,
1332 2777 1444 2832 lata
1503 2778 1710 2846 quippe
1739 2783 1794 2829 et
1832 2775 1991 2844 longa

408 2881 548 2933 erat,
582 2885 772 2925 crasso
801 2885 830 2923 e
859 2869 969 2923 lino
993 2876 1273 2932 contexta,
1303 2879 1456 2938 parte
1482 2884 1588 2922 una
1615 2869 1836 2924 lumbos
1855 2885 1989 2924 suos

408 2964 602 3024 cinxit,
668 2962 838 3018 altera
893 2977 1065 3017 meos.
1093 2960 1247 3016 lianc
1303 2970 1478 3016 mater
1506 2961 1791 3032 aagrotanti
1853 2960 1990 3018 mihi

2111 1763 2220 1834 γὰρ
2268 1761 2364 1816 καὶ⁸
2395 1761 2633 1833 εὐθυμία
2671 1762 2814 1816 κατὰ
2845 1762 3044 1818 ταυτὸν
3088 1761 3448 1832 ἐκράθησαν),
3479 1763 3580 1815 καὶ
3603 1763 3718 1832 τὴν

2110 1854 2236 1925 βοὴν
2283 1854 2499 1925 ἐκείνην
2545 1855 2891 1925 εἰργάσαντο,
2925 1855 3216 1925 παρεγγυᾷ
3253 1856 3281 1908 ὁ
3309 1855 3450 1916 θεῖος
3481 1854 3714 1924 ἄνθρω-

2107 1963 2208 2010 πος
2233 1946 2558 2016 κοινωνῆσαι
2595 1945 2744 2014 αὐτῷ
2785 1945 2888 2013 τῆς
2915 1945 3226 2016 προσευχῆς
3262 1947 3503 2009 ἀπάσαςο
3555 1947 3720 1999 οὓτω

2107 2036 2216 2107 γὰρ
2267 2036 2417 2105 ἔλεγε
2451 2039 2544 2090 καὶ
2571 2037 2668 2107 τὴν
2709 2035 2949 2090 Ταϐίθαν
2995 2037 3094 2107 τῆς
3143 2037 3418 2108 σωτηρίας
3447 2056 3700 2109 τετυχη-

2106 2129 2282 2182 κέναι·
2316 2129 2425 2182 τῶν
2456 2129 2553 2198 μὲν
2605 2127 2786 2199 χηρῶν
2826 2128 3188 2199 ὀδυρομένων,
3220 2129 3316 2182 τοῦ
3345 2129 3403 2181 δὲ
3454 2131 3708 2200 μεγάλου

2106 2221 2313 2290 Πέτρου
2345 2219 2415 2273 τὰ
2473 2220 2697 2273 ἐκείνων
2730 2220 2942 2292 δάκρυα
2987 2220 3388 2292 προσφέροντος
3443 2221 3522 2290 τῷ
3552 2223 3707 2294 Θεῷ.

2115 2314 2381 2367 Ἰκέτευον
2408 2313 2482 2378 ὼς
2500 2313 2773 2375 ἐκέλευσε,
2809 2315 2899 2368 καὶ
2926 2313 3232 2382 ἐλάμϐανον
3251 2313 3327 2377 ὠς
3366 2315 3704 2386 προείρηκε.

2103 2404 2266 2468 Τέλος
2299 2406 2404 2476 γὰρ
2446 2406 2541 2474 τῆς
2576 2406 2737 2477 εὐχῆς
2769 2405 3090 2476 δεξαμένης,
3144 2407 3297 2469 τέλος
3330 2408 3423 2460 καὶ
3538 2408 3707 2472 νόσος

2087 2485 2338 2567 ἐδέχετο,
2375 2498 2466 2551 καὶ
2500 2497 2659 2567 ἱδρὼς
2704 2498 2968 2555 πάντοθεν
3013 2498 3273 2569 ἐξαίφνης
3312 2501 3488 2572 ἔρρει,
3518 2503 3615 2554 καὶ
3641 2503 3706 2555 τὸ

2102 2589 2212 2660 πῦρ
2248 2591 2422 2644 ἐκεῖνο
2453 2589 2760 2652 ἐσϐέννυτο,
2795 2593 2888 2644 καὶ
2913 2592 2980 2644 τὰ
3010 2591 3108 2661 τῆς
3142 2592 3326 2661 ὐγείας
3371 2593 3704 2661 ἀνεφαίνετο

2101 2685 2320 2752 σημεῖα.
2352 2682 2590 2736 Τοιαῦτα
2621 2683 2714 2735 καὶ
2748 2685 2805 2735 ἐν
2855 2686 2967 2746 τοῖς
2998 2685 3287 2754 ἡμετέροις
3337 2685 3555 2755 χρόνοις
3603 2687 3702 2740 διὰ

2097 2773 2207 2825 τῶν
2260 2773 2403 2826 ἰδίων
2461 2773 2624 2826 αὐτοῦ
2669 2774 3024 2844 θεραπόντων
3067 2778 3095 2828 ὀ
3143 2777 3424 2845 Δεσπότης
3471 2777 3698 2848 θαυμα-

2095 2868 2336 2935 τουργεί.
2366 2863 2566 2917 Τούτου
2591 2864 2688 2917 καὶ⁵
2737 2866 2764 2917 ὁ
2788 2864 2932 2934 χρὼς
2971 2865 3076 2919 τῶν
3108 2867 3336 2934 ἱματίων
3367 2869 3409 2898 ¹⁰
3437 2868 3520 2938 τῷ
3547 2869 3603 2921 θε
3617 2889 3700 2924 ισ-

2096 2954 2244 3024 τάτῳ
2284 2953 2480 3024 Παύλῳ
2527 2954 2924 3025 παραπλησίως
2968 2958 3209 3026 ἐνήργει·
3250 2959 3342 3010 καὶ
3372 2958 3532 3012 τοῦτο
3585 2963 3696 3031 οὐχ

409 3071 551 3124 ειῐιρε
580 3057 888 3124 imponens,
929 3053 1140 3124 1195
1175 3068 1319 3122 saepe
1347 3053 1510 3108 etiam
1541 3023 1706 3123 patri,
1743 3054 1993 3108 morbum

2103 3045 2374 3116 ὑπερϐολῇ
2402 3064 2506 3099 τινι
2537 3045 2816 3117 χρώμενος
2841 3039 3105 3111 τέθεικα,¹
3129 3049 3266 3101 ἀλλὰ
3297 3052 3395 3117 τὴν
3423 3052 3694 3122 ἀλήθειαν

407 3145 634 3212 depulit,
681 3144 982 3212 eodemque
1017 3144 1081 3196 ad
1113 3143 1400 3198 sanitatem
1425 3143 1539 3212 ipsa
1567 3143 1728 3196 etiam
1758 3155 1997 3211 persaepe

409 3254 507 3294 usa
563 3244 646 3290 est
706 3235 967 3290 remedio.
1033 3233 1137 3288 Sed
1167 3243 1220 3288 et
1264 3235 1570 3289 amicorum
1603 3235 1860 3304 permulti
1893 3235 1992 3289 hoc

345 3346 348 3350 ·
407 3327 666 3391 scientes,
698 3341 890 3380 zonam
923 3324 991 3378 ad
1040 3340 1218 3394 aegros
1249 3325 1621 3380 sublevandos
1667 3325 1984 3380 identidem

407 3405 765 3489 accipiebant,
802 3427 856 3474 et
901 3420 1091 3489 gratia:
1121 3418 1268 3474 illius
1300 3419 1406 3471 vim
1436 3418 1638 3487 ubique
1654 3405 1987 3474 declarabat.

405 3516 525 3578 Quo
559 3513 704 3566 illam
740 3511 902 3566 modo
931 3527 1058 3566 cum
1091 3509 1314 3580 quidam
1367 3509 1722 3573 obtinuisset,
1763 3523 1860 3565 eos
1891 3509 1982 3578 qui

405 3605 668 3659 dederant
695 3603 945 3674 ingratus
974 3617 1104 3672 erga
1153 3600 1430 3656 beneﬁcos
1462 3600 1553 3653 illa
1589 3600 1864 3668 privavit:
1901 3601 1984 3652 at-

403 3710 512 3763 que
553 3695 629 3748 ita
657 3708 758 3748 nos
788 3693 930 3747 dono
959 3691 1314 3761 istospoliati
1340 3706 1555 3746 sumus.
1595 3688 1688 3744 Sic
1723 3690 1817 3744 ille
1843 3705 1969 3744 cum

401 3783 942 3854 resplenduisset,vet
975 3781 1321 3836 Antiochiam
1345 3781 1514 3835 radiis
1549 3780 1666 3835 suis
1701 3780 1980 3837 illustras-

403 3885 506 3934 set.
571 3875 932 3929 certaminum
989 3875 1148 3927 linem
1197 3880 1538 3935 naclusesl,
1576 3873 1868 3941 repositam
1901 3872 1980 3928 vi-

401 3966 588 4021 ctoria:
617 3979 876 4020 coronam
912 3971 1262 4035 exspectans.
1301 3963 1413 4034 Ego
1464 3979 1593 4019 vero
1623 3979 1788 4035 quam
1817 3965 1886 4018 ab
1914 3980 1980 4020 eo

398 4058 841 4114 benedictionem
862 4057 989 4110 dum
1014 4069 1294 4126 superstes
1313 4062 1459 4120 esset
1473 4064 1808 4112 consecutus
1831 4073 1980 4124 sum,

398 4147 586 4202 eadem
621 4157 679 4202 ut
723 4162 870 4200 [tunc
904 4148 1069 4200 etiam
1110 4145 1215 4198 frui
1278 4145 1438 4200 liceat
1477 4147 1798 4210 obsecrans,
1855 4147 2010 4201 huic-

397 4253 616 4308 qnoque
647 4238 944 4291 narrationi
981 4239 1142 4291 linem
1181 4237 1478 4306 imponam.

2102 3138 2569 3207 συνομολογοῦσαν
2624 3139 2783 3209 ἔχων.
2816 3141 2927 3211 Τὴν
2959 3141 3066 3213 γὰρ
3098 3142 3301 3195 οἰκείαν
3353 3143 3527 3214 ζώνην
3556 3145 3694 3216 διχῆ

2099 3229 2280 3300 τεμὼν
2313 3230 2562 3300 (πλατεῖα
2594 3231 2648 3284 δὲ
2676 3227 2743 3303 ἦν
2783 3233 2875 3286 καὶ
2922 3233 3130 3304 μακρὰ,
3165 3234 3271 3288 ἀπὸ
3304 3235 3695 3304 λίνου-παχέος

2097 3323 2494 3394 πεπλεγμένη),
2540 3323 2618 3393 τῷ
2683 3325 2779 3392 μέν
2830 3325 3018 3394 ἡμίσει
3068 3328 3271 3396 ταύτης
3315 3326 3408 3395 τὴν
3453 3328 3686 3382 οἰκείαν

2094 3415 2288 3482 ὀσφὺν,
2346 3415 2422 3485 τῷ
2479 3414 2650 3485 ἑτέρῳ
2696 3415 2751 3467 δὲ
2799 3415 3023 3480 διέζωσε
3087 3417 3186 3487 τὴν
3235 3417 3387 3488 ἐμήν.
3443 3417 3688 3489 Ταύτην

2091 3507 2354 3570 πολλάκις
2385 3509 2482 3577 μὲν
2511 3508 2635 3578 ἐμοὶ
2671 3505 2917 3561 νοσοῦντι
2961 3509 3209 3561 ἐπιθεῖσα
3241 3511 3274 3578 ἡ
3311 3511 3511 3579 μήτηρ,
3539 3512 3686 3563 πολ-

2087 3597 2244 3659 λάκις
2272 3596 2329 3648 δὲ
2366 3596 2445 3665 τῷ
2471 3596 2660 3664 πατρὶ,
2686 3596 2785 3667 τὴν
2825 3597 2977 3652 νόσον
3008 3597 3280 3668 ἀπήλασε·
3305 3598 3394 3650 καὶ
3443 3597 3583 3668 αὐτὴ
3621 3599 3685 3652 δὲ

2088 3687 2266 3757 τούτῳ
2290 3686 2369 3756 τῷ
2399 3687 2677 3757 φαρμάκῳ
2718 3686 2854 3757 πρδς
2896 3685 3084 3754 ὐγείαν
3135 3687 3422 3758 ἐχρήσατο.
3481 3687 3685 3740 Πολλοὶ

2082 3778 2140 3831 δὲ
2160 3778 2256 3831 καὶ
2279 3777 2386 3830 τῶν
2410 3776 2702 3847 γνωρίμων
2742 3777 2900 3830 τοῦτο
2924 3777 3304 3848 μεμαθηκότες
3332 3779 3569 3848 συνεχῶς
3597 3783 3687 3842 εἷς

2086 3870 2404 3940 ἐπικουρίαν
2421 3868 2531 3922 τῶν
2556 3867 2856 3923 νοσούντων
2899 3870 2998 3939 τὴν
3027 3867 3205 3940 ζώνην
3225 3870 3549 3940 ἐλάμόανονο
3580 3873 3688 3924 καὶ

2088 3960 2366 4032 πανταχοῦ
2391 3963 2488 4031 τῆς
2509 3963 2718 4016 ἐκείνου
2755 3961 2974 4033 χάριτος
2993 3962 3237 4017 ἐδίδασκε
3253 3963 3348 4033 τὴν
3365 3964 3682 4034 ἐνέργειαν.

2088 4053 2244 4108 Οθτω
2275 4072 2356 4119 τις
2393 4054 2566 4124 αὐτὴν
2613 4053 2793 4108 λαϐὼν
2833 4056 2960 4118 τοὺς
3005 4055 3308 4119 δεδωκότας
3349 4057 3683 4127 ἐπέρησεν,

2091 4147 2360 4216 ἀγνώμων
2420 4147 2551 4219 περὶ
2601 4146 2730 4210 τοὺς
2775 4147 3071 4219 εὐεργέτας
3119 4150 3428 4218 γενόμενος’
3482 4148 3688 4203 τοῦτον

2083 4239 2174 4291 τὸν
2231 4243 2432 4310 τρόπον
2505 4239 2720 4310 ἐκείνης
2779 4239 2878 4309 τῆς
2941 4239 3150 4308 δωρεᾶς
3246 4240 3682 4312 ἐγυμνώθημεν.

398 4329 555 4383 Οὕτω
618 4329 863 4400 λάμψας,
936 4330 1040 4391 καὶ,
1065 4327 1162 4398 τὴν
1211 4327 1484 4398 Ἀντιόχου
1533 4330 1652 4392 ταῖς
1690 4328 1872 4381 ἀκτῖσι
1897 4329 2162 4398 φωτίσας,
2196 4330 2301 4396 ἔξω
2325 4329 2431 4382 τῶν
2466 4329 2696 4399 ἀγώνων
2726 4331 2966 4400 ἐγένετο,
2990 4331 3081 4384 τὸν
3139 4333 3500 4402 ἀποκείμενον
3549 4337 3676 4396 τοῖς

394 4425 708 4502 νικηφόροις
755 4424 1018 4493 στέφανον
1041 4424 1349 4494 ἀναμένων.
1409 4422 1548 4494 Ἐγὼ
1600 4425 1659 4478 δέ
1702 4418 1770 4496 ἧς
1821 4425 2106 4496 περιόντος
2149 4427 2442 4498 ἀπήλαυσα
2485 4426 2757 4493 εὐλογίας,
2805 4415 3010 4499 ταύτης
3073 4429 3167 4482 καὶ
3206 4429 3302 4483 νῦν
3361 4429 3684 4484 ἀπολαῦσαι

395 4519 810 4584 καθικετεύσας,
843 4520 1015 4590 πέρας
1045 4515 1294 4590 ἐπιθήσω
1366 4521 1460 4572 καὶ
1503 4518 1638 4589 τῷδε
1689 4519 1766 4588 τῷ
1840 4520 2158 4592 διηγήματι.
3129 4525 3135 4530 ’

861 4609 930 4664 Χ.
967 4640 1032 4651 --
1076 4608 1540 4666 THEODOSIUS.

466 4699 684 4754 [thosus
718 4697 950 4754 Cilicum
982 4699 1113 4753 urbs
1169 4707 1272 4761 est,
1329 4699 1396 4752 ad
1453 4699 1700 4756 dextram
1765 4703 1830 4759 iis
1879 4702 1971 4772 qui

392 4792 600 4853 Cilicia)
647 4791 827 4846 sinum
879 4789 1283 4859 ingrediuntur.
1331 4788 1507 4858 Hujus
1558 4791 1624 4845 ad
1682 4801 1860 4846 ortum
1917 4801 1971 4847 et

393 4883 673 4938 meridiem
699 4895 855 4936 mons
883 4890 968 4936 est
1005 4881 1172 4946 altus,
1214 4880 1492 4952 spatiosus
1566 4890 1618 4937 et
1653 4883 1970 4950 utnbrosus,

391 4973 482 5041 qui
509 4980 562 5026 et
594 4971 735 5027 feras
765 4986 982 5041 quoque
1023 4978 1265 5040 agrestes
1293 4971 1346 5026 in
1395 4972 1548 5029 silvis
1605 4975 1720 5029 alit.
1777 4975 1835 5029 In
1869 4975 1984 5029 hec.

392 5064 590 5130 saltum
625 5061 914 5132 quemdam
937 5061 1002 5115 ad
1040 5076 1190 5116 mare
1250 5071 1559 5132 vergentem
1594 5075 1811 5131 nactus,
1854 5083 1967 5120 ma-

391 5173 530 5227 gnus
599 5156 1095 5225 celeberrimusque
1173 5154 1568 5222 Theodosius,
1624 5174 1787 5229 parva
1863 5161 1968 5214 sibi

459 5334 484 5374 ἀ
507 5334 625 5390 Act.
647 5350 722 5399 Ix,
747 5335 834 5391 40.
914 5344 934 5366 ⁸
965 5334 1085 5389 Act.
1109 5349 1223 5398 xxx,
1257 5334 1339 5388 12.

2577 4616 2633 4668 I'.
2667 4643 2736 4654 -—
2774 4613 3163 4669 ΘΕΟΔΟΣΙΟΣ.

2157 4703 2493 4768 Ῥὦσόςέστι
2525 4705 2819 4758 Κιλίκισσα
2847 4705 3022 4772 πόλις,
3067 4707 3125 4757 ὲν
3156 4708 3306 4778 δεξιᾷ
3351 4708 3677 4764 εἰσπλέοντι

2074 4795 2164 4846 τὸν
2194 4795 2438 4848 Κιλίκιον
2481 4796 2678 4850 κόλπον
2707 4799 2769 4850 ⁸³.
2798 4796 3012 4867 Ταύτης
3040 4799 3175 4867 πρὸς
3201 4797 3276 4852 ἕω
3307 4801 3400 4853 καὶ
3447 4817 3678 4872 μεσημ-

2077 4887 2257 4957 ϐρίαν,
2289 4888 2412 4958 όρος
2434 4889 2583 4941 ἐστὶν
2603 4889 3176 4960 ὐψῴὸνβμφιλαφὲς,
3209 4893 3302 4944 καὶ
3339 4892 3674 4949 κατάσκιονο

2074 4980 2264 5049 τρέφει
2294 4982 2349 5033 δὲ
2403 4982 2494 5034 καὶ
2519 4982 2689 5052 θῆρας
2738 4984 2794 5034 ἐν
2829 4985 2948 5046 ταῖς
2995 4983 3227 5052 λόχμαις
3275 4985 3523 5056 ἀγρίους.
3577 4988 3680 5040 Ἐν

2075 5071 2250 5142 τούτῳ
2270 5075 2447 5143 νάπην
2475 5073 2648 5144 εὑρών
2685 5090 2826 5138 τινα,
2873 5076 3008 5144 πρὸς
3035 5075 3308 5130 θάλασσαν
3333 5076 3678 5130 ἀποκλίνου-

2080 5179 2196 5226 σαν,
2239 5165 2266 5216 ὁ
2309 5163 2480 5233 μέγας
2520 5165 2614 5218 κοιλ⁵
2645 5163 3082 5236 πολυ-θρύλ).ητος
3120 5167 3419 5230 Θεοδόσιος,
3453 5167 3676 5237 βραχύν

1659 5449 1890 5504 VARI/8
1937 5449 2318 5510 LECTIONES

463 5543 504 5618 f'
534 5546 616 5618 _An
643 5546 931 5616 legendum
964 5547 1088 5602 ςδιὰ
1122 5547 1230 5601 τῶν
1268 5526 1517 5618 ἱματίων,
1543 5561 1597 5616 q,
1631 5546 1684 5600 d.
1723 5563 1920 5617 corpus
1952 5563 1996 5603 s.
2043 5550 2181 5603 cutis
2211 5567 2294 5618 pet
2345 5553 2561 5606 vestes?

391 5613 658 5673 habuisse.

2677 5553 2716 5584 “
2776 5554 2970 5606 πόντον
3017 5555 3232 5609 videtur
3264 5553 3478 5609 Ποιναὶ
3509 5553 3664 5609 lLbcr

3917 4221 3919 4296 l

3917 4377 3919 4440 l

3917 4445 3919 4530 l
