3974 6212
201 229 325 296 Ῐ389

1414 234 1820 294 RELIGIOSA
1862 234 2246 295 HISTORIA.

3317 239 3450 306 1300

196 369 310 406 τινα
337 349 578 404 οἰκίσκον
631 349 1014 419 οἶκοεομῆσας,
1071 348 1228 419 μόνος
1263 350 1359 420 τὴν
1404 351 1760 422 εύαγγελικὴν

1871 357 2157 404 exstructa
2218 349 2588 412 domuncula,
2634 348 2801 403 vitam
2851 350 3004 406 solus
3032 335 3310 420 ampliatus
3365 365 3448 411 est

195 442 459 511 ἠσπάζετο
518 440 810 494 πολιτείαν.
861 440 1026 510 Ἀνὴρ
1075 441 1139 492 ὲκ
1215 441 1315 510 τῆς
1357 443 1628 512 Ἀντιόχου
1668 442 1764 512 μὲν

192 533 540 603 ὁρμώμενος,
602 529 870 602 ἐπίσημος
921 531 980 583 δὲ
1029 530 1104 584 ὣν
1157 533 1265 586 ἀπὸ
1301 533 1402 602 τῆς
1446 533 1539 586 τοῦ
1574 533 1765 602 γένους

192 622 563 693 λαμπρότητος
589 636 602 651 ·
633 620 748 674 ἀλλ’
770 621 922 691 ὅμως
943 622 1037 674 καὶ
1061 621 1260 685 οἰκίαν,
1295 624 1390 678 καὶ
1421 625 1762 694 συγγένειαν,

189 718 280 768 κοιλ⁸
300 701 464 770 τάλλα
491 715 670 768 πάντα
699 712 1036 778 καταλιπὼν,
1067 714 1160 773 τὸν
1205 715 1570 788 πολυτίμητον
1597 716 1764 784 εὐαγ-

187 805 414 873 γελικῶς
455 806 628 858 εἰπεῖν
654 805 885 876 ἐπρίατο
941 805 1310 877 μαργαρίτην.
1341 807 1478 878 Περὶ
1529 807 1628 878 μὲν
1671 803 1764 861 οὖν

185 895 472 957 ἀπαττίας,
503 895 598 947 καὶ
629 895 952 964 χαμευνίας,
985 895 1080 948 καὶ
1137 895 1238 964 τῆς
1269 897 1333 948 ὲκ
1361 896 1562 966 τριχῶν
1585 897 1765 966 ἀμπε-

183 986 360 1054 χόνης,
397 984 653 1056 περιττόν
674 987 790 1038 ἐστι
847 986 1026 1056 λέγειν
1079 989 1191 1050 τοῖς
1234 987 1360 1050 τοὺς
1388 985 1598 1040 ἐκείνου
1642 987 1762 1041 θια-

185 1077 358 1141 σώτας
384 1078 479 1131 κα)⁸
503 1078 762 1147 φοιτητὰς
785 1077 1101 1149 θεωμένοις,
1122 1081 1216 1132 καὶ
1244 1079 1446 1151 ταύτην
1485 1081 1542 1133 ὲν
1581 1081 1764 1146 αὐτοῖς

179 1169 346 1240 ὁρῶσι
407 1169 503 1240 τὴν
566 1171 866 1224 πολιτείαν.
915 1172 1292 1242 Διαφερόντως
1325 1171 1381 1224 δὲ
1411 1173 1560 1242 ὅμως
1590 1172 1762 1226 ταῦτα
1796 1183 1808 1197 ·

179 1263 386 1324 ἐκεῖνος
424 1263 633 1333 μετῄει,
667 1262 762 1316 ἅτε
792 1261 1455 1333 δὴ.παρὰδειγμαὲαυτδν
1485 1263 1765 1335 προτιθεὶς

174 1354 284 1416 τοῖς
313 1353 716 1422 εἰσαγομένοις.
749 1354 1065 1424 Προσετίθει
1097 1353 1154 1407 δὲ
1202 1353 1414 1416 τούτοις
1436 1354 1495 1406 τὸ
1528 1355 1591 1407 ἐκ
1616 1353 1764 1424 σιδή-

73 1455 86 1462 ’
174 1460 270 1514 θρου
307 1444 529 1515 φορτίον
564 1444 776 1514 αὐχένι,
809 1444 904 1497 καὶ
931 1443 1113 1512 ὀσφύϊ,
1151 1443 1244 1497 καὶ
1289 1444 1492 1515 ἀμφοῖν
1514 1449 1634 1498 ταῖν
1667 1461 1761 1516 χε-

177 1539 308 1607 ροῖν.
341 1537 450 1590 Καὶ
472 1537 649 1606 κόμην
672 1537 730 1590 δὲ
759 1536 954 1608 ἔφερεν
985 1538 1170 1608 αὒχμη
1182 1536 1299 1606 ρὰν,
1321 1538 1417 1591 καὶ
1443 1537 1639 1609 μέχρις
1665 1539 1762 1592 αύ-

173 1630 283 1683 τῶν
307 1631 600 1698 διήκουσαν
630 1629 740 1682 τῶν
790 1629 988 1695 ποδῶν,
1021 1631 1117 1682 καὶ
1172 1629 1486 1702 περαιτέρω
1529 1630 1760 1702 προϐαί-

1867 441 2239 510 evangelicam
2270 483 2283 504 ,
2312 442 2398 500 vir
2420 450 2542 496 ortu
2574 441 2809 511 quidem-
2830 443 3223 508 Antiochenus,
3255 463 3450 516 genere

1863 541 2050 586 autem
2078 532 2241 584 nobili
2271 539 2325 584 et
2348 532 2547 585 illustri
2579 572 2594 596 ,
2638 531 2732 586 sed
2763 532 2878 601 qui,
2921 533 3084 587 domo
3144 541 3198 588 et
3246 552 3450 605 cogna-

1869 621 2023 678 tione
2055 631 2108 677 et
2135 623 2393 678 omnibus
2419 623 2546 678 aliis
2575 623 2805 686 relictis,
2843 625 3160 692 pretiosam,
3184 627 3329 696 quod
3362 646 3447 681 est.

1853 716 1922 770 'in
1967 715 2259 786 Evangelia
2287 717 2326 780 ‘,
2371 713 2503 769 emit
2549 716 2919 784 margaritam.
2980 714 3055 771 De
3096 717 3257 787 hujus
3319 736 3448 786 ergo

1865 807 2215 872 abstinentia,
2246 806 2509 875 humique
2545 805 2863 870 cubatione,
2893 821 2955 860 ac
3004 818 3156 862 veste
3203 811 3444 883 cilicino,

1866 912 2337 968 supervacaneum
2359 897 2520 952 sitiis
2562 910 2786 950 narrare
2848 896 2939 966 qui
2979 898 3099 967 ejus
3149 901 3448 970 discipulus

1866 989 2076 1052 vident,
2121 988 2377 1058 idemque
2427 987 2482 1040 in
2541 987 2649 1043 illis
2709 987 3019 1041 institutum
3077 993 3445 1060 conspiciunt.

1867 1077 2156 1150 lnsigniter
2180 1089 2360 1134 tamen
2392 1079 2506 1133 haec
2532 1079 2620 1134 ille
2647 1080 2966 1150 praestabat,
3020 1088 3077 1133 nt
3117 1085 3208 1150 qui
3262 1098 3450 1138 excin-

1864 1171 2010 1242 plltm
2051 1171 2116 1226 iis
2147 1186 2286 1242 quos
2317 1170 2643 1226 instituebat
2696 1172 2934 1240 seipsum
2975 1172 3191 1243 1196
3248 1189 3450 1245 prOpo-

1865 1267 2040 1314 neret.
2076 1261 2156 1315 Ad
2192 1261 2305 1316 hmc
2341 1269 2522 1315 autem
2561 1259 2939 1331 ferri'qnoque
2975 1261 3187 1330 pondus
3223 1265 3366 1318 collo
3387 1281 3451 1320 ac

1864 1351 2089 1414 lumbis,
2118 1362 2172 1406 et
2201 1352 2468 1406 ambabus
2503 1353 2757 1408 manibus
2787 1352 3005 1420 adjecit.
3044 1353 3267 1407 Comam
3306 1372 3447 1424 praz~

1858 1450 2012 1499 terea
2047 1444 2296 1514 gestabat
2328 1442 2661 1513 squalidam,
2693 1451 2746 1499 et
2779 1445 2846 1500 ad
2873 1445 3022 1516 ipsos
3058 1462 3230 1517 usque
3283 1451 3448 1520 pedes

1864 1535 2284 1605 pertingentem,
2307 1541 2468 1606 atque
2485 1535 2713 1590 ulterius
2733 1537 2892 1591 etiam
2925 1539 3256 1606 tendentem,
3275 1559 3448 1613 eoque

1865 1627 2069 1682 lumbis
2115 1627 2412 1697 alligatam.
2458 1623 2711 1681 Orationi
2753 1639 2806 1682 et
2854 1628 3163 1699 hymnodia:
3221 1649 3444 1702 operam

171 1735 393 1782 νουσα-ι,
459 1719 552 1771 καὶ
597 1717 788 1772 τούτου
833 1719 996 1790 χάριν
1039 1721 1105 1790 τῇ
1143 1717 1251 1783 ίξύῖ
1304 1718 1758 1792 προσδεδεμένην.

1863 1715 2100 1770 navabat
2121 1714 2421 1770 assiduam.
2453 1714 2824 1786 Cupiditatem
2851 1725 2907 1771 et
2936 1721 3072 1771 iram
3113 1729 3166 1774 et
3201 1719 3452 1784 fastum.

172 1812 461 1882 Προσευχῇ
487 1811 542 1864 δὲ
572 1811 666 1864 καὶ
707 1809 950 1881 ὑμνῳδίᾳ
990 1809 1255 1880 διηνεκῶς
1292 1808 1596 1881 χρώμενος,
1651 1811 1762 1864 ὲπι-

165 1901 400 1971 θυμίαν,
433 1903 528 1954 καὶ
553 1901 744 1969 θυμὸν,
783 1901 877 1954 καὶ
936 1900 1126 1969 τῦφον,
1161 1901 1256 1954 καὶ
1308 1900 1478 1954 τᾶλλα
1499 1901 1567 1955 τά
1597 1899 1762 1973 ἄγρια

167 1992 271 2064 τῆς
323 1991 500 2062 ψυχῆς
562 1989 911 2060 κατεκοίμιζε
978 1989 1176 2061 θηρία·
1223 1990 1409 2054 πόνοις
1458 1992 1515 2044 δὲ
1560 1990 1761 2054 πόνους

168 2081 426 2148 ὲπαύξων
459 2083 566 2149 ἀεὶ,
601 2084 695 2136 καὶ
739 2081 839 2154 τὴν
885 2082 1088 2152 χειρῶν
1119 2083 1385 2152 ἐργασίαν
1415 2083 1630 2154 μετῄει,
1663 2084 1759 2136 νῦν

172 2176 274 2245 μὲν
299 2175 398 2237 τὰς
429 2173 772 2244 καλουμένας
797 2173 1013 2244 ῥιπίδας
1055 2175 1296 2243 ὑφαίνων
1353 2175 1448 2228 καὶ
1471 2174 1757 2246 σπυρίδας,

167 2266 268 2319 νῦν
293 2265 347 2318 δὲ
373 2266 574 2339 μικρὰς
591 2264 831 2335 ἀρούρας
857 2265 916 2318 ὲν
943 2266 1008 2335 τῇ
1033 2265 1181 2337 νάπῃ
1199 2265 1648 2331 κατασκευάζων,
1665 2268 1762 2319 καὶ

168 2358 470 2427 σπέρματα
505 2355 884 2417 καταϐάλλων,
918 2356 1014 2407 καὶ
1053 2355 1153 2425 τὴν
1193 2355 1524 2427 ἀποχρῶσαν
1553 2355 1760 2409 ἐκεῖθεν

169 2448 448 2515 συλλέγων
495 2449 722 2518 τροφήν.
761 2446 979 2516 Ἐπειδὴ
1032 2446 1090 2498 δὲ
1124 2445 1217 2499 τοῦ
1245 2448 1438 2517 χρόνου
1479 2447 1762 2516 προϊόντος

166 2539 440 2593 πάντοθεν
495 2538 658 2591 αὐτού
687 2537 747 2591 τὸ
773 2539 929 2602 κλέος
983 2538 1247 2608 διέτρεχε,
1281 2538 1533 2592 συνέθεον
1571 2533 1768 2592 πολλοὶ

165 2627 528 2698 πολλαχόθεν,
558 2629 885 2698 κοινωνῆσαι
916 2627 1064 2698 αὑτῷ
1101 2628 1196 2682 καὶ
1225 2630 1513 2699 οἰκήσεως,
1537 2629 1631 2684 κα)⁸
1661 2629 1760 2682 πό-

159 2738 297 2785 νων,
328 2721 424 2774 καὶ
449 2720 727 2784 πολιτείας
754 2720 1175 2790 ἐπιθυμοῦντες·
1210 2722 1303 2774 καὶ
1321 2720 1544 2784 τούτους
1575 2722 1763 2775 ὑποδε-

161 2812 422 2883 χόμενος,
460 2810 552 2863 ἐπὶ
580 2810 770 2864 τοῦτον
803 2812 1061 2881 ὲποδήγει
1081 2811 1173 2866 τὸν
1203 2812 1344 2882 βίον·
1377 2812 1472 2867 καὶ
1502 2808 1571 2884 ἦν
1607 2813 1758 2880 ἰδεῖν,

158 2904 298 2964 τοὺς
341 2901 622 2971 μὲνίστία,
654 2902 776 2966 τοὺς
799 2903 857 2954 δὲ
888 2903 1102 2972 δέρρεις
1132 2903 1378 2974 τριχίνας
1409 2905 1756 2972 ὑφαίνοντας.

161 2995 298 3057 τοὺς
320 2993 378 3044 δὲ
395 2992 494 3056 τὰς
513 2991 730 3061 ῥιπίδας
753 2993 787 3063 ἣ
831 2993 929 3057 τὰς
954 2994 1221 3064 σπυρίδας
1239 2995 1647 3061 διαπλέκοντας,
1665 2997 1762 3050 ἀλ-

1859 1817 2200 1875 creterasque
2223 1805 2389 1859 animi
2414 1805 2559 1861 feras
2576 1806 2866 1861 edomabat
2889 1827 2900 1861 :
2929 1807 3141 1865 labores
3159 1811 3456 1868 laboribus

1863 1911 2079 1967 semper
2106 1911 2333 1968 augens,
2365 1912 2626 1952 manuum
2646 1913 2868 1968 quoque
2891 1900 3108 1969 opiﬁcia
3146 1905 3441 1969 tractabat,

1863 2003 2010 2042 nunc
2037 1987 2247 2044 ﬂabella
2271 2003 2392 2058 qua:
2420 1999 2636 2055 vocant,
2655 1991 3053 2062 sportellasque
3075 2003 3462 2060 texens,nunc“

1863 2082 2066 2151 agellos
2104 2081 2158 2134 in
2195 2081 2337 2135 saltu
2361 2095 2582 2149 parans,
2611 2089 2664 2134 et
2715 2083 2931 2136 semina
2977 2099 3264 2153 spargens.
3303 2089 3447 2141 unde

1863 2173 2176 2227 necessaria
2197 2172 2322 2226 vitae
2356 2173 2614 2227 alimenta
2641 2174 2941 2243 colligeret.
2984 2174 3278 2246 Postquam
3312 2194 3442 2233 vero

1863 2264 2125 2332 temporis
2156 2277 2450 2332 progressu
2501 2263 2620 2331 ejus
2674 2263 2816 2316 fama
2867 2260 2975 2319 late
3029 2264 3302 2335 divulgata
3337 2282 3440 2333 est,

1863 2353 2017 2408 multi
2051 2353 2237 2407 nulltis
2277 2368 2342 2406 ex
2380 2354 2514 2406 locis
2546 2363 2927 2414 accnrrerunt,
2951 2356 3003 2407 in
3031 2355 3149 2424 ejus
3196 2357 3444 2426 discipli-

1864 2447 2448 2512 nai-habitationisque
2508 2446 2824 2499 societatem
2883 2445 3071 2500 venire
3116 2449 3439 2518 cupientes:

1865 2553 2001 2609 quos
2030 2538 2314 2608 excipiens
2343 2537 2410 2591 ad
2449 2537 2554 2591 hoc
2601 2536 2726 2590 vitae
2770 2552 2941 2605 genus
2989 2537 3329 2594 instituebat.
3365 2541 3444 2595 Ac

1867 2630 2054 2684 \idere
2081 2636 2199 2684 erat
2223 2629 2322 2684 hos
2355 2629 2495 2689 vela,
2553 2627 2676 2682 illos
2734 2626 2913 2682 cilicia
2973 2636 3240 2691 texentes.
3307 2631 3448 2684 alios

1867 2719 2104 2787 ﬂabella,
2132 2721 2271 2776 alios
2317 2721 2610 2790 sportellas
2652 2721 2972 2790 plectentes,
3023 2722 3159 2776 alios
3205 2724 3444 2793 agricul-

1841 2821 2000 2866 turae
2033 2827 2253 2882 Operam
2283 2813 2496 2868 dantes.
2527 2813 2590 2866 Et
2633 2812 2761 2882 quia
2826 2802 2962 2867 mari
3012 2812 3273 2868 iinitinms
3325 2823 3444 2869 erat

1865 2903 2040 2966 locus,
2080 2905 2329 2975 cymbam
2386 2905 2550 2960 etiam
2600 2911 2786 2974 postea
2845 2905 3140 2969 fabricatis,
3183 2921 3246 2958 ea
3308 2923 3463 2962 usus-

1865 2995 2051 3050 estad
2080 3010 2251 3050 onera
2296 2996 2671 3062 convehenda,
2723 3005 3022 3065 exportans
3077 3001 3443 3052 contuberna-

159 3085 362 3148 λουςδὲ
378 3083 474 3155 τὴν
487 3085 752 3155 γηπονίαν
769 3085 1361 3154 ἀναδεδεγμένους.Καὶ
1379 3088 1566 3159 ἐπειδὴ
1585 3106 1760 3160 παρα-

1865 3085 1996 3138 lium
2025 3085 2498 3154 opera,invebeus
2537 3099 2658 3154 quae
2685 3092 2840 3138 erant
2871 3085 3202 3141 necessaria.
3238 3087 3462 3142 Memor

155 3177 461 3234 θαλάσσιον
511 3173 581 3248 ἦν
611 3177 672 3232 τὸ
708 3177 926 3248 χωρίον,
954 3179 1050 3232 καὶ
1084 3179 1381 3251 πορθμεῖον
1408 3178 1632 3252 ὕστερον
1661 3199 1761 3235 κα-

147 3256 536 3329 τασκευᾶσας,
566 3266 742 3338 τούτῳ
774 3267 855 3330 είς
884 3269 983 3338 τὴν
1005 3267 1116 3322 τῶν
1163 3269 1466 3339 ἀγωγίμων
1491 3270 1759 3343 ἐκέχρητο

158 3355 382 3428 χρείαν,
416 3355 726 3424 ὲκκομίζων
743 3357 855 3411 τῶν
895 3359 1158 3430 συνοίκων
1177 3361 1246 3413 τὰ
1271 3359 1432 3430 ἔργα,
1459 3361 1555 3413 καὶ
1581 3362 1761 3416 είσκο-

165 3445 353 3516 μίζων
377 3445 445 3498 τὰ
462 3444 674 3498 δέοντα.
710 3445 822 3516 Τῆς
855 3446 1224 3516 ἀποστολικῆς
1269 3448 1379 3518 γὰρ
1412 3448 1760 3519 μεμνημένος

161 3539 379 3607 φωνῆς,
400 3535 498 3605 τῆς
529 3535 812 3606 λεγούσης·
839 3555 856 3587 ι
879 3537 1094 3602 Νυκτὸς
1110 3539 1202 3592 καὶ
1225 3539 1442 3610 ἡμέρας
1458 3538 1761 3609 ἐργαζόμε-

160 3646 276 3694 νοι,
293 3630 374 3692 είς
388 3626 448 3680 τὸ
478 3626 551 3699 μὴ
570 3627 898 3699 ἐπιϐαρῆσαί
921 3645 1042 3681 τινα
1075 3629 1281 3699 ὑμῶν’»
1307 3630 1420 3694 καὶ,
1445 3648 1464 3683 ι
1481 3632 1547 3683 Ai
1576 3633 1758 3700 χεῖρες

161 3716 336 3776 αὗται
368 3721 492 3792 ἐμοὶ
518 3721 612 3782 καὶ
648 3723 759 3784 τοῖς
788 3721 884 3773 σὺν
919 3720 1044 3790 ἐμοὶ
1071 3722 1406 3791 ἐπήρκεσαν·
1455 3741 1474 3772 ο
1505 3721 1667 3782 αὐτός
1697 3738 1757 3774 τε

157 3813 480 3886 εἰργάζετο,
515 3815 610 3867 καὶ
667 3814 796 3878 τοὺς
831 3814 1173 3884 όμοσκὴνους
1219 3812 1452 3884 παρῄνει
1475 3815 1586 3876 τοῖς
1615 3813 1758 3867 κατὰ

156 3905 352 3976 ψυχὴν
375 3906 556 3968 πόνοις
578 3905 811 3967 καὶτοὺς
831 3905 1182 3976 σωματικοὺς
1206 3905 1578 3975 συνεισφέρειν
1598 3902 1757 3972 ἱδρῶ-

161 4009 291 4056 τας.
315 3993 427 4045 Καὶ
455 3993 564 4060 γὰρ
591 3992 810 4060 ἄτοπον,
835 3993 962 4057 τοὺς
982 3993 1080 4064 μὲν
1120 3994 1186 4050 ὲν,
1207 3993 1306 4062 βίῳ
1334 3991 1756 4062 στρεφομένους,

159 4081 268 4136 καὶ
319 4081 510 4133 παιδία
561 4083 656 4135 καὶ
721 4087 984 4152 γυναῖκας
1054 4082 1603 4151 ταλαιπωρουμένους
1667 4082 1775 4134 καὶ·

159 4173 471 4235 πονοῦντας
509 4173 864 4242 ἁποτρέφειν,
897 4172 1148 4242 καὶπρὸς
1185 4172 1398 4234 τούτοις
1433 4173 1525 4224 καὶ
1560 4173 1760 4243 φόρους

158 4265 466 4336 εἰσφέρειν,
530 4264 622 4316 καὶ
670 4264 912 4334 δασμοὺς
954 4261 1328 4326 ἀπαιτεῖσθαι,
1387 4263 1483 4318 καὶ
1518 4262 1598 4334 τῷ
1639 4264 1758 4335 Θεῷ

159 4355 508 4426 προσφέρειν
535 4355 636 4418 τὰς
687 4353 966 4424 ἀπαρχὰς,
1028 4354 1123 4407 καὶ
1171 4355 1280 4407 τῶν
1335 4356 1647 4426 προσαιτῶν
1678 4359 1758 4421 είς

1862 3177 2005 3232 enim
2039 3177 2324 3232 sententiae
2347 3177 2664 3246 apostolicae
2688 3194 2701 3230 :
2746 3193 2764 3226 ι
2805 3175 2978 3231 Nocte
2996 3193 3060 3231 ac
3085 3178 3174 3234 die
3203 3194 3441 3248 operano

1862 3275 1966 3333 tos,
2000 3285 2068 3323 ne
2088 3284 2250 3338 quem
2280 3279 2520 3323 vestrum
2545 3275 2909 3338 gravarenius‘
2929 3268 2974 3335 f;
3007 3288 3025 3320 ι
3055 3278 3151 3324 et:
3191 3290 3210 3322 ι
3248 3269 3329 3323 Ad
3379 3264 3442 3324 ea

1863 3375 1984 3430 quae
2010 3359 2142 3414 mihi
2170 3375 2310 3429 opus
2335 3367 2517 3425 erant,
2548 3359 2705 3414 ethis
2733 3359 2829 3429 qui
2875 3363 3282 3423 mecum'sunt,
3337 3359 3442 3414 mi-

1860 3451 2236 3506 nistraverunt
2275 3451 2616 3506 manus‘istte
2647 3453 2693 3516 Β,
2735 3469 2754 3503 ι
2793 3457 2848 3505 et
2909 3451 3242 3520 operabatur
3299 3451 3435 3519 ipse,

1859 3551 1916 3598 et
1940 3543 2123 3598 socios
2149 3549 2206 3597 ut
2221 3557 2351 3620 cum
2372 3543 2570 3597 animae
2621 3542 2902 3597 laboribus
2959 3541 3212 3611 corporis
3273 3542 3440 3595 etiam
3541 3561 3556 3572 -

1861 3634 2076 3690 labores
2095 3633 2489 3704 conjungerdht
2511 3632 2854 3688 hortabatur.
2883 3631 3094 3688 Etenim
3135 3631 3440 3686 absurdum

1859 3739 1980 3781 esse
2005 3740 2119 3789 eos,
2149 3725 2240 3802 qui
2269 3724 2328 3778 in
2375 3724 2574 3778 seculo
2629 3730 2940 3786 versantur,
2999 3729 3054 3776 ct
3111 3721 3318 3776 liberos
3379 3729 3434 3776 et

1860 3833 2060 3872 uxores
2093 3817 2282 3873 multis
2308 3831 2431 3870 cum
2456 3815 2720 3872 aerumnis
2769 3824 2824 3868 et
2872 3812 3156 3869 laboribus
3220 3811 3434 3882 1197

1860 3909 2028 3970 alere,
2061 3917 2230 3976 atque
2251 3909 2477 3976 insuper
2497 3907 2702 3961 tributa
2733 3904 3020 3970 conferre,
3057 3912 3114 3960 et
3146 3905 3438 3974 vectigalia

1860 3997 2118 4066 pendere,
2162 4005 2218 4050 et
2267 3995 2380 4051 Deo
2418 3997 2690 4065 primitias
2745 3995 2966 4059 oﬂ‘erre,
3025 4009 3437 4064 pauperumquo

1856 4086 2055 4156 inopiae
2083 4101 2180 4156 pro
2203 4085 2416 4140 viribus
2431 4086 2722 4141 subvenire
2749 4102 2763 4138 :
2796 4100 2898 4139 nos
2923 4099 3052 4138 vero
3069 4098 3159 4138 res
3181 4098 3438 4138 necessa-

1859 4179 1972 4235 rias
2005 4179 2286 4234 laboribus
2316 4177 2520 4232 nostris
2567 4192 2673 4230 non
2719 4190 2935 4244 parare,
2978 4171 3278 4243 praesertim
3311 4189 3439 4228 cum

1859 4271 1954 4326 vili
2044 4286 2108 4325 ac
2193 4269 2424 4324 modico
2477 4268 2634 4333 cibo,
2703 4267 2908 4336 vilique
2963 4273 3110 4320 veste
3169 4271 3434 4330 utamur,

1860 4361 1956 4418 sed
2002 4360 2338 4431 compressis
2397 4358 2652 4413 manibus
2703 4355 2917 4420 sedere,
2977 4355 3283 4425 alienisque
3327 4357 3435 4410 frui

153 4447 402 4520 δύναμιν
432 4447 756 4518 θεραπεύειν
776 4449 876 4517 τὴν
905 4447 1114 4502 ἔνδειαν
1138 4467 1151 4480 ·
1195 4449 1343 4519 ἡμᾶς
1371 4449 1430 4502 δὲ
1456 4448 1556 4519 τὴν
1583 4451 1754 4519 ἀναγ-

1861 4451 2262 4508 manibuleis
2297 4451 2534 4521 aliisque
2566 4448 2840 4504 similibus
2872 4448 3054 4503 verbis
3085 4447 3150 4502 ad
3195 4449 3438 4505 laborem

156 4540 332 4594 καίαν
365 4541 548 4594 ἐκτῶν
578 4540 755 4594 πόνων
777 4539 851 4611 μὴ
876 4538 1194 4610 πορίζεσθαι
1216 4541 1437 4622 χρείαν·
1467 4541 1754 4595 καὶταῦτα

156 4628 382 4682 εὐτελεῖ
416 4630 514 4700 μὲν
564 4632 739 4702 τροφῇ
794 4630 889 4684 καὶ
949 4629 1197 4700 βραχείᾳ,
1243 4630 1526 4686 εὐτελεῖδὲ
1561 4632 1754 4703 ἐσθῆτι

157 4721 488 4790 χρωμένους
511 4737 526 4751 ·
563 4723 698 4776 ἀλλὰ
720 4720 990 4791 καθῆσθαι
1007 4721 1140 4775 εἴσω
1163 4723 1263 4786 τὰς
1288 4725 1476 4793 χεῖρας
1506 4723 1750 4794 ἔχοντας,

155 4812 264 4866 καὶ
285 4813 396 4866 τῶν
418 4813 714 4887 ἀλλοτρίων
741 4815 940 4885 χειρῶν
960 4815 1396 4886 καρπουμένους.
1435 4816 1619 4870 Ταῦτα
1659 4819 1754 4871 καὶ

155 4909 234 4970 τὰ
264 4907 493 4964 τοιαῦτα
527 4908 749 4978 ιλέγων,
802 4911 896 4964 ἐπὶ
940 4909 1038 4980 τὴν
1103 4909 1366 4980 ἐργασίαν
1417 4911 1752 4984 προέτρεπε·

156 4998 270 5062 τὰς
301 4994 400 5069 μ’ὲν
451 5000 729 5070 πανταχοῦ
771 5002 1168 5073 νενομισμένας
1216 5002 1366 5066 θείας
1415 5001 1756 5073 λειτουργίας

159 5091 440 5146 ἐπιτελῶν
469 5094 548 5156 είς
565 5093 758 5158 καιρόν
781 5111 793 5121 ·
830 5095 928 5148 τὸν.
951 5094 1010 5148 δὲ
1026 5093 1230 5164 μεταξὺ
1252 5094 1442 5164 χρόνον
1465 5095 1755 5166 ἀπονέμων

157 5189 231 5254 τῇ
261 5185 517 5256 ἐργασίᾳ.
542 5187 654 5255 Οὐχ
683 5187 883 5255 ἥκιστα
907 5187 962 5240 δὲ
987 5187 1087 5257 τῆς
1117 5185 1224 5239 τῶν
1251 5186 1414 5251 ξένων
1437 5188 1756 5259 ἐπεμελεῖτο

159 5275 505 5345 θεραπείας·
555 5276 784 5347 ἀνδράσι
834 5278 1105 5348 πραότητι
1149 5277 1242 5330 καὶ
1277 5279 1623 5348 φρονήματος
1657 5297 1751 5349 με-

154 5370 416 5440 τριότητι
471 5368 927 5438 κεκοσμημένοις,
973 5372 1066 5424 καὶ
1118 5372 1216 5440 τὴν
1267 5372 1396 5442 περὶ
1443 5371 1532 5425 τὸν
1581 5371 1750 5434 πέλας

157 5460 533 5535 κεκτημένοις
594 5460 836 5530 ἀγάπην,
885 5460 1090 5530 ταύτην
1128 5462 1438 5531 ἐγχειρίσας
1479 5463 1575 5534 τὴν
1625 5463 1752 5533 πρό-

242 5638 265 5677 ί
317 5635 336 5691 l
369 5636 564 5694 Thess.
597 5655 656 5704 ιι,
689 5637 740 5694 9.
821 5649 846 5687 8
889 5642 1011 5694 Act.
1055 5655 1147 5705 xx,
1184 5639 1274 5693 54.

1858 4545 1983 4602 illos
2011 4544 2308 4609 excitabat,
2351 4552 2618 4604 consueta
2669 4539 2874 4610 ubique
2925 4539 3112 4594 divina
3160 4539 3332 4594 ollicia
3383 4543 3438 4596 in

1858 4647 2105 4705 tempore
2131 4651 2418 4707 peragens,
2449 4633 2619 4705 quod.
2652 4648 2779 4687 vero
2833 4631 3213 4688 intercedebat
3270 4633 3434 4701 spatii

1856 4727 2006 4797 operi
2035 4724 2290 4781 faciendo
2318 4724 2662 4795 impendens.
2692 4723 2979 4791 Hospitum
3019 4729 3202 4792 autem
3245 4736 3435 4775 curam

1855 4820 2074 4891 gerebat
2104 4832 2212 4872 non
2246 4818 2441 4883 levem,
2471 4817 2610 4871 viris
2658 4812 3083 4869 mansuetudine
3141 4812 3438 4866 modestia-

1860 4925 1968 4978 que
1994 4909 2228 4976 omatis,
2257 4917 2318 4964 et
2347 4918 2610 4980 spectata:
2661 4909 2712 4962 in
2762 4906 3075 4978 proximum
3129 4904 3438 4967 charitatis,

1859 5004 1966 5062 has
1989 5013 2177 5074 partes
2211 5002 2584 5056 committens.
2634 5001 2756 5069 Ipse
2808 5015 2938 5054 vero
2995 4996 3322 5067 inspiciebat
3385 5002 3441 5050 et

1857 5094 2180 5164 explorabat
2203 5092 2408 5157 omnia,
2453 5105 2521 5145 an
2557 5106 2620 5146 ex
2685 5090 3024 5161 praescriptis
3077 5089 3284 5157 legibus
3339 5102 3439 5141 sua

1857 5190 2090 5257 quisque
2126 5185 2309 5240 munia
2331 5177 2530 5240 obiret.
2575 5183 2733 5237 Tanti
2769 5197 2934 5252 porro
2957 5181 3198 5236 nominis
3243 5180 3436 5238 evasit.

1859 5279 2038 5349 utqui
2072 5279 2430 5348 navigabant,
2452 5285 2507 5332 et
2532 5276 2684 5331 mille
2704 5274 2939 5344 amplius
2962 5273 3156 5329 stadiis
3190 5272 3435 5332 aberant,
3467 5291 3472 5294 ·

1858 5370 2148 5427 Theodosii
2179 5369 2346 5424 Deum
2377 5370 2433 5423 in
2465 5367 2724 5440 periculis
2750 5367 3090 5431 invocarent,
3113 5363 3438 5420 Theodosii-

1857 5480 1962 5533 que
1985 5461 2352 5532 appellatione
2373 5459 2630 5517 sedarent
2660 5458 2826 5515 maris
2855 5464 3254 5528 tempestatem.
3281 5453 3439 5510 nunc
