3974 6212
511 243 638 307 i391

1496 232 1987 294 THEODORETI
2012 234 2349 296 EPISCOPI
2382 236 2746 299 CYRENSIS

3634 237 3788 303 1392

504 361 690 415 hostes
718 368 932 425 quoque
956 350 1054 408 feri
1088 358 1140 405 et
1191 348 1457 402 immanes
1512 347 1731 403 reveriti
1794 354 1944 412 sunt,
1996 346 2089 417 qui

2198 366 2362 404 νοιαν.
2415 350 2744 406 Ἐπεσκόπει
2796 349 2850 403 δὲ
2887 350 3045 413 αὐτὸς
3095 351 3311 404 ἅπαντα
3334 349 3789 422 διερευνώμενος,

502 444 1015 521 magnamOrientis
1040 452 1249 514 partem
1279 440 1522 511 pepnlati
1556 448 1704 504 sont,
1734 443 2093 511 captivosque

504 541 868 597 abduxerunt.
900 535 1034 602 Quis
1074 533 1217 589 enim
1250 547 1441 587 eorum
1478 534 1571 602 qui
1609 532 1708 587 has
1757 541 1934 586 terras
1988 546 2090 584 no—

503 616 651 688 stras
689 629 952 689 incolunt,
991 637 1296 695 temporum
1329 623 1545 677 illorum
1587 624 1927 678 calamitates
1982 640 2091 678 non

505 726 737 787 audivit,
772 722 841 777 ab
900 721 969 775 iis
1004 718 1273 782 invectas,
1330 716 1422 787 qui
1484 715 1614 770 olim
1658 700 1902 785 ‘Solymi,
1949 730 2094 770 nunc

506 817 680 873 Isauri
714 820 1102 884 nuncupantur
1128 811 1152 864 ἰ
1177 810 1282 865 Sed
1308 809 1384 863 illi
1410 818 1622 871 tamen,
1674 808 1767 878 qui
1823 823 1924 862 nec
1969 808 2092 863 urbi

508 909 626 972 ulli,
657 922 758 963 nce
807 906 929 960 vico
960 909 1338 974 pepercerant,
1383 900 1500 965 sed,
1563 906 1831 970 quotquot
1896 913 2094 968 capere

509 998 1002 1068 Iicuit,direptioni
1041 996 1385 1065 ﬂammisque
1434 992 1792 1053 tradiderant,
1845 991 2092 1062 philoso-

507 1094 687 1164 phiam
726 1091 887 1146 istam
919 1087 1136 1143 reveriti
1188 1094 1337 1149 sunt,
1378 1095 1431 1139 et
1462 1099 1657 1154 panem
1712 1089 1921 1137 tantum
1989 1097 2091 1153 po-

505 1195 744 1244 scentes.
789 1194 842 1239 et
885 1190 943 1236 ιιι
970 1197 1077 1252 .pro
1118 1196 1175 1235 se
1205 1186 1428 1245 orarent
1481 1178 1792 1240 innuentes,
1828 1162 2093 1253 intactum

412 1306 434 1346 ξ,
506 1282 637 1335 illud
678 1275 1095 1342 monasterium,
1133 1274 1350 1346 1198
1375 1290 1483 1328 non
1521 1273 1712 1338 semel,
1772 1260 1867 1326 sed
1894 1271 2091 1326 iterum

414 1363 433 1420 tv
502 1373 866 1444 reliquerunt.
896 1372 1151 1424 Attamen
1186 1369 1344 1422 veriti
1388 1365 1759 1421 Eeclesiarum
1793 1363 2093 1428 antistites,

398 1456 417 1543 ζ
503 1482 572 1522 ne
600 1464 851 1519 diabolus
876 1464 1124 1534 pecunia:
1145 1460 1499 1531 cupiditatem
1532 1455 1783 1512 barbaris
1817 1455 2093 1525 injiriens,

504 1564 696 1611 auctor
723 1564 868 1612 esset
899 1564 958 1610 ut
994 1569 1252 1624 magnum
1297 1552 1481 1606 lumen
1517 1548 1652 1603 illud
1689 1548 1968 1617 captivum
2000 1547 2096 1598 ah-

502 1653 767 1711 dncerent
801 1651 945 1721 (nec
966 1649 1113 1702 enim
1150 1644 1377 1699 dubium
1425 1649 1564 1707 erat,
1595 1639 1728 1712 quin
1769 1638 2097 1706 redemptio-

2197 443 2244 494 εί
2286 442 2429 496 κατὰ
2459 443 2584 507 τοὺς
2639 444 2926 513 κειμένους
2960 442 3187 496 ἕκαστον
3230 443 3537 496 έπιτελοῖτο
3563 444 3788 514 νόμους.

2195 534 2350 586 Οὕτω
2378 534 2435 586 δὲ
2494 533 2930 604 πολυθρύλλητος
2958 534 3190 602 ἐγένετο,
3225 534 3301 597 ὡς
3331 536 3459 599 τοὺς
3501 536 3791 590 ναυτιλλο-

2196 626 2412 695 μένους,
2451 626 2546 679 καὶ
2578 626 2820 679 πλείοσιν
2855 626 2887 696 ἢ
2924 626 3116 696 χιλίοις
3164 626 3489 695 ἀφεστῶτας
3526 627 3790 689 σταδίοις,

2192 716 2283 769 τὸν
2316 716 2597 770 Θεοδοσίου
2634 717 2817 770 καλεῖν
2864 719 2922 770 ὲν
2959 719 3072 779 τοῖς
3104 716 3370 782 κινδύνοις
3409 717 3564 781 Θεὸν,
3593 718 3695 772 καὶ
3724 723 3795 788 τῇ

2193 806 2473 861 Θεοδοσίου
2528 798 2871 880 προσηγορία
2922 808 3341 879 κατακοιμίζειν
3377 809 3475 877 τῆς
3505 809 3796 877 θαλάσσης

2192 902 2293 972 τὴν
2326 900 2517 971 ζάλην.
2560 899 2763 954 Τοῦτον
2792 898 3097 972 ᾐδέσθησαν
3122 901 3217 953 καὶ
3249 900 3499 971 πολέμιοι
3558 901 3797 973 θρασεῖς

2194 992 2285 1045 καὶ
2338 992 2627 1063 ἀνήμεροι,
2652 993 2701 1043 oi
2734 994 2832 1062 τῆς
2858 991 2932 1044 ἕω
2963 989 3024 1043 τὸ
3070 990 3325 1044 πλεῖστον
3359 990 3691 1063 ληῖσάμενοί
3740 1010 3797 1046 τε

2194 1083 2289 1137 καὶ
2317 1080 2927 1159 ἐξανδραποδισάμενοι.
2966 1081 3062 1145 Τίς
3097 1083 3205 1152 γὰρ
3240 1082 3347 1137 τῶν
3369 1084 3466 1154 τὴν
3489 1085 3616 1138 καθ’
3641 1087 3795 1155 nea;

2194 1172 2522 1244 οἰκουμένην
2559 1173 2856 1226 οἰκούντων
2897 1172 3129 1243 ἀνήκοος
3160 1172 3269 1225 τῶν
3302 1176 3422 1227 κατ’
3450 1176 3669 1228 ἐκεῖνον
3699 1177 3789 1227 -.>.-.

2196 1266 2385 1363 καιρὸν
2446 1265 2873 1337 συμϐεϐηκότων
2935 1264 3153 1331 κακῶν,
3194 1266 3301 1319 ὑπὸ
3345 1266 3453 1326 τῶν
3488 1267 3668 1321 πάλαι
3698 1269 3794 1337 μὲν

2194 1360 2326 1414 Σολύ
2336 1357 2473 1430 μων,
2491 1360 2610 1413 νυνὶ
2631 1359 2687 1412 δὲ
2706 1358 2965 1429 ἰσαύρων
2989 1357 3406 1429 ὀνομαζομένων
3428 1378 3443 1426 ;
3478 1360 3624 1413 Ἀλλ’
3643 1362 3793 1430 ὅμως

2197 1453 2274 1524 μὴ
2298 1452 2526 1518 πόλεως,
2566 1452 2641 1521 μὴ
2674 1450 2868 1523 κώμης
2889 1453 3085 1505 ἐκεῖνοι
3108 1451 3450 1523 φεισάμενοι,
3499 1452 3622 1507 ἀλλ’
3655 1453 3792 1507 ἅπας

2197 1561 2295 1607 σας
2321 1543 2453 1606 ὅσας
2481 1540 2619 1595 ἑλεῖν
2641 1540 2984 1612 ἠδυνήθησαν
2999 1542 3433 1614 ληϊσάμενοικαὶ
3450 1544 3589 1613 πυρὶ
3614 1561 3791 1614 παραυ

2195 1634 2397 1699 δόντες,
2429 1632 2645 1702 ἐκείνην
2663 1633 2761 1703 τὴν
2784 1631 3103 1705 φιλοσοφίαν
3115 1633 3441 1705 ᾐδέσθησαν,
3472 1634 3574 1687 καὶ
3591 1634 3789 1704 ima;

502 1748 589 1802 nis
648 1745 880 1817 pretium
936 1757 1043 1810 pro
1090 1754 1169 1795 eo
1242 1736 1645 1807 amplissimum
1706 1733 1815 1787 illis
1869 1728 2092 1784 missuri

2200 1726 2396 1796 μόνους
2426 1726 2776 1795 αἰτήσαντες,
2811 1725 2909 1779 καὶ
2939 1726 3105 1796 εὐχάς
3143 1726 3602 1795 ἐπαγγείλαντες,
3648 1726 3790 1779 6.1L?»-

501 1845 688 1893 essent
707 1848 900 1890 omnes
928 1831 1021 1902 qui
1053 1845 1140 1886 res
1193 1828 1411 1883 divinas
1462 1826 1663 1880 habent
1709 1823 1762 1877 in
1823 1820 2092 1890 pretio),

502 1931 724 1985 hortatu
753 1941 857 1982 suo
883 1928 1278 1996 persuaserunt
1325 1928 1384 1975 ut
1442 1934 1503 1975 se
1562 1916 1841 1973 conferret
1901 1914 2095 1969 Antio-

503 2020 706 2074 ebiam.
741 2015 859 2072 Jam
882 2014 1037 2068 enim
1070 2012 1321 2081 captivos
1349 2008 1591 2079 egerant
1627 2005 1770 2061 duos
1814 2004 2095 2059 Ecclesia-

504 2124 625 2164 rum
671 2106 952 2178 praesules,
985 2111 1039 2158 et
1082 2101 1233 2157 omni
1259 2100 1480 2170 quidem
1514 2098 1640 2154 illos
1677 2095 1855 2151 oﬂieio
1902 2092 2091 2155 colue-

509 2210 657 2263 rant,
713 2197 810 2253 sed
861 2193 1278 2266 quatuordecim
1331 2205 1625 2245 aureorum
1697 2203 1797 2259 pro
1854 2192 2089 2256 utroque

503 2292 747 2347 millibus
781 2287 1022 2358 acceptis
1082 2288 1159 2340 ita
1220 2286 1437 2339 domum
1489 2281 1666 2336 redire
1725 2294 1835 2350 quo
1886 2278 2089 2334 vellent

503 2383 888 2453 permiseram.
924 2378 1267 2433 Antiochiam
1291 2391 1424 2445 ergo
1457 2388 1582 2428 cum
1615 2372 1875 2435 venisset,
1928 2369 2086 2424 habi—

504 2474 636 2528 tavit
667 2476 720 2528 in
742 2470 1048 2527 diversorio
1084 2468 1291 2522 ﬂumini
1336 2466 1536 2530 vicino,
1577 2478 1880 2534 omnesque
1915 2461 2089 2519 ad.se

501 2564 788 2637 pertraxit,
820 2563 914 2634 qui
948 2563 1078 2616 talia
1111 2558 1404 2629 decerpere
1438 2565 1725 2612 noverunt.

2197 1816 2361 1888 ϐητον
2399 1818 2459 1869 τὸ
2517 1815 2815 1885 ἀσκητικὸν
2865 1816 3043 1870 έκεῖνο
3093 1818 3386 1871 κατέλιπον
3411 1819 3790 1887 καταγώγιον,

2198 1908 2293 1960 καὶ⁵
2325 1906 2482 1960 τοῦτο
2510 1908 2609 1976 οὐχ
2644 1905 2812 1971 ἅπαξ,
2844 1907 2980 1960 ἀλλὰ
3033 1908 3128 1962 καὶ
3160 1908 3239 1972 δὶς
3281 1911 3647 1980 πεποιήκασι.
3682 1914 3794 1964 Δείο

2198 2014 2391 2061 σαντες
2430 1997 2473 2050 δ’
2523 1998 2672 2067 ὅμως
2710 1998 2819 2050 τῶν
2868 1999 3207 2070 Ἐκκλησιιῖιν
3264 2002 3314 2053 οἱ
3369 2001 3658 2071 πρόεδροι,
3724 2005 3791 2070 μὴ

2198 2090 2498 2160 χρημάτων
2543 2088 2721 2160 ἔρωτα
2763 2093 2873 2153 τοῖς
2928 2089 3225 2162 βαρϐάροις
3264 2094 3292 2145 ό
3328 2092 3575 2155 διάϐολος
3621 2093 3792 2162 ἐμϐα-

2197 2182 2325 2246 λὼν,
2358 2180 2697 2253 δορυάλωτον
2735 2182 2993 2250 γενέσθαι
3044 2186 3441 2255 παρασκευάσῃ
3482 2184 3575 2236 τὸν
3616 2185 3791 2253 μέγαν

2196 2277 2401 2328 ἐκεῖνον
2454 2274 2719 2345 φωστῆρα
2744 2289 2756 2302 ⁸
2832 2275 2929 2328 καὶ
2963 2274 3071 2345 γὰρ
3128 2273 3195 2347 ἦν
3236 2277 3383 2340 εἰκὸς
3413 2276 3595 2348 λύτρα
3630 2279 3790 2347 πάμ-

2198 2365 2372 2420 πολλα
2396 2364 2737 2435 πανταχόθεν
2765 2366 2904 2438 ὑπὲρ
2939 2366 3105 2420 αὑτοῦ
3139 2367 3289 2438 παρὰ
3318 2367 3542 2422 πάντων
3576 2368 3702 2421 τῶν
3728 2370 3787 2420 τὰ

2197 2458 2315 2512 θεῖα
2351 2457 2638 2528 τιμώντων
2659 2458 3077 2530 πεμφθήσεσθαι
3109 2461 3292 2523 αὐτοῖς
3318 2477 3329 2490 ·
3360 2461 3783 2532 παρακαλέσανο

2194 2567 2285 2614 τες
2313 2550 2557 2604 πείθουσι
2582 2550 2681 2620 τὴν
2718 2550 3049 2620 Ἀντιόχειαν
3107 2552 3458 2606 καταλαϐεῖν.
3498 2553 3649 2624 Ἤδη
3692 2556 3787 2622 γάρ

464 2688 465 2691 η
501 2657 596 2712 δύο
625 2656 735 2711 τῶν
769 2654 1104 2725 Ἐκκλησιῶν
1140 2652 1432 2724 προέδρους
1458 2647 1840 2721 αἰχμαλώτους
1896 2645 2169 2714 εἰλήφασι,
2211 2642 2304 2696 καὶ
2326 2642 2620 2711 θεραπείας
2638 2643 2734 2711 μὲν
2767 2643 2983 2712 ἁπάσης
3016 2644 3273 2713 ἠξίωσαν.
3306 2645 3787 2715 Τετρακισχιλίους

501 2754 674 2809 δὲκαὶ
709 2753 935 2824 μυρίους
966 2751 1105 2822 ὑπὲρ
1150 2749 1477 2819 ἀμφοτέρων
1507 2745 1791 2815 δεξάμενοι
1827 2740 2082 2813 χρυσοῦς.
2122 2738 2297 2802 οὕτως
2323 2737 2632 2807 ἐπέτρεψαν
2654 2738 2973 2792 ἐπανελθεῖν
3001 2740 3123 2793 ὅποι
3190 2740 3492 2810 βούλοιντο.
3567 2743 3787 2811 Ἐπειδή

501 2851 559 2904 δὲ
590 2852 669 2913 εἰς
703 2849 802 2919 τὴν
843 2845 1181 2916 Ἀντιόχειαν
1244 2844 1491 2909 ἀφίκετο,
1527 2839 1714 2911 ᾤκησε
1776 2838 1878 2909 μὲν
1909 2837 2252 2905 καταγώγιον
2305 2835 2382 2905 τῷ
2433 2834 2665 2905 ποταμῷ
2725 2835 3163 2907 παρακείμενον·
3231 2836 3443 2899 πάντας
3518 2839 3577 2894 δὲ
3657 2841 3787 2905 πρὸς

503 2946 695 3002 ἑαυτὸν
728 2945 943 2999 εἵλκυσε
975 2943 1100 3005 τοὺς
1157 2942 1225 2994 τὰ
1263 2939 1488 2994 τοιαῦτα
1532 2938 1741 3009 τρυγᾷν
1777 2934 2198 3004 ἐπισταμένους.

573 3042 843 3097 Caeterum
872 3038 1142 3094 orationis
1166 3051 1333 3091 cursu
1377 3034 1639 3105 abreptus
1682 3030 2011 3085 miraculum
2058 3043 2091 3083 a

505 3132 693 3187 divino
740 3131 860 3185 viro
920 3128 1122 3182 factum
1170 3125 1515 3197 praetermisi,
1562 3123 1707 3197 quod
1767 3121 2092 3178 incredibile

506 3226 741 3279 fortasse
764 3221 951 3276 multis
978 3219 1275 3282 videbitur,
1300 3218 1395 3273 sed
1426 3226 1608 3271 manet
1631 3214 1899 3271 hactenus
1918 3213 2086 3269 tidem
2118 3247 2162 3304 ο

506 3313 809 3369 narrationi
864 3323 1142 3374 asserens,
1184 3309 1498 3379 decensque
1544 3308 1759 3379 qualem
1813 3307 1904 3361 ille
1944 3305 2090 3375 apud

507 3406 675 3461 Deum
697 3403 931 3474 gratiam
953 3399 1319 3469 ﬁduciamque
1337 3401 1631 3453 obtineret.
1670 3396 1854 3466 Supra
1899 3410 2094 3449 moria-

507 3499 736 3554 sterium
769 3499 837 3549 ab
871 3509 936 3551 eo
985 3492 1267 3548 conditum
1321 3499 1597 3562 praerupta
1642 3504 1816 3557 rupes
1865 3488 2090 3550 eminet,

507 3592 657 3645 arida
682 3596 865 3643 autem
908 3585 998 3639 illa
1057 3584 1188 3638 olim
1257 3595 1482 3650 prorsus
1538 3587 1678 3642 erat,
1734 3588 1789 3632 et
1845 3577 2093 3631 humoris

504 3694 720 3752 expers.
752 3677 807 3731 In
840 3677 944 3731 hoc
990 3675 1081 3729 ille
1141 3672 1581 3743 aquaeductum'a
1625 3670 1831 3724 vertice
1865 3668 1932 3722 ad
1977 3683 2094 3723 mo-

505 3769 810 3823 nasterium
841 3780 1017 3835 usque
1038 3762 1368 3827 designavit,
1400 3761 1560 3832 quasi
1585 3775 1851 3831 aquarum
1880 3758 2091 3812 ﬂuxum

503 3860 728 3915 haberet
754 3859 809 3913 in
854 3873 952 3911 sua
1014 3861 1301 3926 potestate.
1352 3852 1555 3909 Plenus
1607 3868 1738 3923 ergo
1786 3851 1998 3907 ﬁduciae
2034 3853 2093 3905 in

504 3951 697 4015 Deum,
757 3955 1072 4017 certusque,
1107 3953 1164 3999 ut
1196 3953 1454 4023 apparet,
1486 3944 1779 4015 propitium
1815 3942 1919 3998 sibi
1971 3956 2095 3996 esse

504 4042 819 4108 Dominum,
854 4048 908 4096 et
941 4040 1101 4095 tidem
1140 4032 1335 4110 gerens
1380 4036 1732 4107 intrepidam,
1776 4044 1941 4090 noctu
1981 4034 2095 4088 evi-

506 4137 682 4206 gilans
724 4134 790 4189 ad
839 4147 1116 4190 summum
1184 4130 1570 4201 aqumductum
1613 4127 1883 4190 ascendit,
1917 4128 2094 4197 prius-

505 4244 670 4298 quam
715 4226 934 4285 sodales
984 4231 1054 4281 ad
1109 4233 1403 4280 consuetas
1470 4236 1662 4291 preces
1707 4227 2090 4290 exsurgerent.

506 4321 788 4389 Deumque
818 4319 1052 4389 supplex
1106 4331 1294 4380 orans,
1328 4325 1382 4370 et
1409 4314 1485 4368 illi
1516 4312 1799 4367 conlidens
1832 4312 1927 4381 qui
1965 4310 2096 4365 facit

503 4414 832 4467 voluntatem
854 4407 1598 4479 tiinentitimllQQipsum,
1623 4420 1807 4475 rupem
1829 4406 1973 4475 virga
1989 4419 2093 4473 qua

2279 3029 2417 3083 Ὑπὸ
2449 3028 2505 3083 δὲ
2536 3029 2635 3099 τῆς
2654 3027 2763 3082 τοῦ
2804 3027 2963 3098 λόγου
3010 3030 3189 3100 ρὺμης
3217 3030 3534 3101 ἑλκόμενος,
3556 3034 3790 3107 παρῆκα

2196 3121 2560 3194 διηγήσασθαι
2586 3120 2793 3192 θαῦμα,
2825 3122 2928 3175 ὑπὸ
2966 3121 3060 3175 τοῦ
3094 3122 3379 3176 θεσπεσίου
3406 3123 3612 3180 τούτου
3642 3130 3791 3195 γενόα

2200 3232 2380 3285 μενον.
2409 3217 2474 3267 ’0
2494 3214 2636 3284 τάχα
2673 3217 2789 3277 τοῖς
2823 3214 3042 3278 πολλοῖς
3066 3216 3162 3269 καὶ
3186 3216 3410 3270 ἄπιστον
3438 3212 3586 3269 εἶναι
3626 3219 3791 3286 δόξει,

2194 3307 2438 3377 διαμένει
2484 3307 2736 3374 μέντοιγε
2786 3307 3100 3377 μαρτυροῦν
3163 3307 3240 3377 τῷ
3293 3308 3428 3376 λόγῳ
3472 3287 3659 3378 μέχρι
3708 3312 3793 3362 καὶ

2194 3397 2309 3462 νῦν,
2348 3399 2445 3451 καὶ
2504 3397 2753 3451 δεικνῦον
2812 3399 2932 3462 οίας
2987 3398 3180 3470 ἔτυχεν
3213 3403 3241 3452 ὁ
3280 3399 3589 3469 θαυμάσιος
3636 3396 3794 3463 οὗτος

2194 3491 2335 3561 ἀνὴρ
2366 3491 2517 3562 ’παρὰ
2532 3490 2611 3561 τῷ
2634 3490 2755 3562 Θεῴ
2783 3492 3004 3563 χάριτός
3057 3509 3114 3545 τε
3148 3493 3243 3547 καὶ
3270 3494 3614 3564 παρρησίας.
3646 3497 3792 3565 Κρη-

2199 3582 2416 3654 μνώδης
2446 3600 2529 3646 τις
2559 3583 2735 3654 πέτρα
2796 3583 3118 3653 ὑπέρκειται
3168 3584 3263 3638 τοῦ
3323 3589 3791 3658 φροντιστηρίου.

2194 3667 2368 3744 οὗπερ
2392 3671 2556 3736 αὐτὸς
2586 3672 2856 3743 ἐδείματο,
2912 3672 3145 3745 ἄνικμος
3179 3675 3235 3728 δὲ
3272 3676 3367 3728 καὶ
3415 3675 3563 3745 ξηρὰ
3587 3694 3791 3731 παντεο

2194 3757 2302 3822 λῶς
2354 3758 2569 3830 ὑπῆρχε
2616 3758 2676 3812 τὸ
2725 3760 3012 3831 πρότερον.
3068 3759 3159 3815 Ἐν
3217 3761 3391 3833 ταύτῃ
3420 3762 3791 3831 .ὐδραγὼγιον

2197 3848 2453 3919 εποίησεν
2486 3849 2594 3902 άπὸ
2619 3850 2718 3920 τῆς
2744 3852 2990 3922 κορυφῆς
3012 3851 3105 3904 ἐπὶ
3134 3853 3195 3906 τὸ
3229 3855 3610 3925 μοναστήριον
3637 3858 3789 3925 τρεῴ-

2194 3957 2379 4011 μενον,
2404 3939 2597 4012 ὥσπερ
2638 3943 2745 3995 ὑπὸ
2772 3945 2931 4015 χεῖρα
2983 3942 3122 4014 ἔχων
3160 3944 3258 4011 τὴν
3307 3944 3416 3998 τῶν
3441 3946 3671 3999 ὑδάτων
3704 3965 3789 4013 go-

2198 4035 2316 4106 ραν.
2347 4034 2738 4105 Πεποιθήσεως
2782 4034 2838 4088 δὲ
2887 4033 3073 4106 γέμων
3104 4037 3184 4099 εἰς
3208 4036 3363 4100 Θεὸν,
3399 4037 3496 4090 καὶ
3545 4037 3792 4110 θαρῤιῖιι.

2196 4127 2272 4190 ὼς
2307 4127 2474 4189 εἰκὸς,
2499 4126 2706 4197 εὐμενῆ
2730 4126 2821 4179 τὸν
2855 4126 3136 4197 Δεσπότην
3176 4126 3553 4197 κεκτημένος,
3588 4132 3693 4182 καὶ
3719 4132 3797 4181 κί-

2200 4236 2317 4272 στιν
2350 4218 2489 4288 ἔχων
2541 4218 2889 4283 ἀδίστακτον,
2944 4219 3141 4282 νυκτὸς
3198 4219 3533 4289 διεγερθεὶς,
3590 4224 3795 4275 ἄνεισιν

2197 4310 2291 4362 ἐπὶ
2320 4307 2419 4379 τὴν
2446 4307 2624 4378 ἄκραν
2676 4306 2770 4361 τοῦ
2824 4307 3167 4379 ὑδραγιυγοῦ,
3202 4309 3331 4379 πρὶν
3354 4309 3480 4371 τοὺς
3510 4308 3799 4370 θιασώτας

2198 4402 2292 4455 ἐπὶ
2335 4400 2432 4464 τὰς
2466 4399 2720 4470 συνήθεις
2753 4399 2920 4471 εὐχὰς
2950 4399 3322 4470 διαναστῆναι.
3355 4401 3463 4454 Καὶ
3482 4401 3590 4456 διὰ
3630 4420 3797 4475 προσ-

504 4504 847 4557 inuitebatur
909 4500 1206 4570 percussit,
1245 4507 1300 4553 et
1335 4497 1427 4551 illa
1456 4511 1581 4551 mox
1612 4495 1830 4564 dirupta
1852 4494 2092 4550 ﬂuminis

2198 4495 2371 4564 ευχῶν
2398 4495 2489 4547 τὸν
2522 4493 2652 4546 Θεὸν
2696 4492 3007 4559 ἱκετεύσας,
3041 4493 3262 4566 θαρρῶν
3313 4492 3389 4562 τῷ
3439 4495 3717 4549 ποιοῦντι
3750 4498 3801 4547 τὲ

504 4596 680 4649 instar
715 4607 915 4662 aquam
970 4590 1159 4645 ell‘udit
1196 4606 1209 4642 :
1252 4602 1373 4658 quae
1428 4588 1482 4641 in
1538 4587 1929 4647 monasterium
1994 4601 2089 4655 per

2198 4586 2412 4656 θέλημα
2474 4585 2582 4638 τῶν
2642 4585 2994 4659 φοϐουμένων
3023 4585 3209 4647 αὑτὸν,
3264 4588 3329 4655 τῇ
3397 4584 3631 4657 ῥάϐδῳ,
3680 4584 3805 4659 ἕνῇ

504 4686 888 4757 aqumductum
929 4682 1148 4747 delata,
1184 4695 1431 4749 ususque
1484 4679 1562 4732 illi
1618 4693 1810 4733 omnes
1862 4679 2091 4741 ,abunde

2198 4678 2633 4749 σκηριπτόμενος
2683 4676 3000 4747 ἐτύγχανεν,
3056 4676 3219 4746 ἔτυψε
3250 4678 3346 4747 τὴν
3386 4677 3621 4747 πέτραν
3644 4698 3660 4711 ·
3692 4684 3727 4752 η

503 4774 956 4836 subministratis,
986 4771 1111 4826 inde
1157 4772 1210 4825 in
1242 4785 1393 4826 mare
1431 4768 1742 4840 proximum
1797 4770 2088 4823 evolvitur.

2198 4770 2427 4839 ραγεῖσα
2456 4766 2603 4837 ὕδωρ
2659 4767 2971 4838 ποταμηδὸν
3025 4766 3287 4820 άνέϐλυσε
3319 4783 3331 4797 °
3365 4769 3460 4820 καὶ
3524 4772 3684 4825 εἵσω
3720 4774 3807 4825 τοῦ

503 4866 570 4920 Et
603 4864 835 4920 Mosaira
863 4866 1042 4934 magni
1066 4860 1556 4932 Theodosiigratia
1613 4861 1687 4914 in.
1724 4860 1871 4913 hunc
1914 4877 2091 4929 usque

2198 4863 2560 4935 μοναστηρίου
2610 4862 2698 4916 διὰ
2751 4862 2847 4916 τοῦ
2885 4863 3204 4933 ὑδραγωγοῦ
3239 4863 3565 4932 γενόμενον,
3594 4869 3711 4922 καὶ
3743 4873 3813 4923 si:

504 4959 647 5012 diem
690 4972 927 5027 operans
954 4955 1285 5008 ostenditur.
1322 4951 1584 5023 Satisque
1617 4951 1721 5005 hoc
1784 4968 1953 5006 unum
2005 4962 2091 5007 cst

2198 4960 2376 5011 πᾶσαν
2404 4957 2592 5028 χρείαν
2618 4956 2890 5020 πλουσίως
2928 4955 3223 5026 χορηγοῦν,
3253 4959 3333 5018 είς
3383 4958 3488 5023 τὴν
3522 4975 3811 5031 stupeas:-

504 5052 570 5105 ad
594 5050 741 5105 illius
759 5064 885 5118 erga
928 5046 1099 5102 Deum
1124 5046 1377 5100 ﬁduciam
1402 5045 1905 5100 demonstrandam.
1932 5043 2091 5098 Brevi

2198 5047 2366 5119 μένην
2417 5045 2692 5100 θάλασσαν
2736 5046 3247 5117 ὲκκρίνεται.“Καὶ
3275 5045 3573 5102 δείκνυται
3654 5052 3815 5122 μέχρι

503 5149 685 5195 autem
740 5139 883 5210 apud
935 5138 1286 5193 Antiochiam
1351 5145 1596 5207 tempore
1663 5146 1965 5206 superstes,
2036 5136 2090 5190 in

2198 5136 2367 5208 δεῦρο,
2428 5138 2522 5191 τοῦ
2580 5138 2817 5207 μεγάλου
2886 5136 3168 5190 Θεοδοσίου
3216 5139 3251 5207 ἡ
3298 5136 3597 5211 Μωσαῖκὴ
3657 5144 3816 5213 χάρις

502 5230 819 5299 angelorum
860 5239 1063 5284 emtum
1098 5236 1349 5297 receptus
1371 5236 1475 5282 est.
1522 5226 1847 5296 Elatumque
1877 5235 1961 5281 est
1995 5241 2092 5295 per

2198 5228 2506 5299 ὲνεργοῦσα.
2552 5229 2792 5299 Ἀπόχρη
2845 5228 2904 5281 δὲ
2960 5228 3058 5281 καὶ
3095 5226 3253 5281 τοῦτο
3285 5227 3445 5297 μόνον
3487 5229 3702 5297 δεῖξαι.
3732 5230 3817 5284 τοῦ

500 5320 736 5374 mediam
778 5320 967 5375 urbem
1013 5333 1234 5375 sacrum
1283 5332 1528 5387 corpus,
1583 5326 1848 5387 tanquam
1906 5317 2091 5372 aureis

2198 5318 2382 5389 ἀνδρὸς
2402 5319 2500 5389 τὴν
2536 5320 2673 5390 πρὸς
2698 5319 2789 5371 τὸν
2819 5317 2953 5369 Θεὸν
3005 5316 3340 5389 παρρησίαν.
3393 5316 3645 5386 Ὀλίγον
3674 5322 3739 5374 δὲ
3770 5324 3817 5371 ἐν

500 5411 830 5476 quihusdam
873 5414 1094 5468 coronis
1128 5409 1275 5466 ferro
1317 5411 1410 5465 illo
1444 5418 1793 5474 exornatum,
1833 5426 2085 5481 praeeun-

2205 5412 2508 5483 ’Δντιοχεία
2551 5408 2853 5473 ἐπιϐιώσας
2878 5410 3091 5481 χρόνον,
3147 5408 3284 5481 πρὸς
3322 5408 3421 5478 τὴν
3481 5409 3817 5482 ἀγγελιχὴ.

504 5504 647 5558 tibus
671 5504 907 5570 cunctis,
925 5503 1090 5561 etiam
1106 5518 1355 5559 summos
1373 5502 1726 5571 magistratum
1742 5503 2082 5573 gerentibus.

2198 5502 2433 5572 μετέστη
2465 5501 2707 5572 χορείαν.
2732 5500 2828 5553 Διὰ
2854 5500 2912 5553 δὲ
2939 5499 3106 5570 μέσου
3133 5498 3229 5552 τοῦ
3242 5499 3431 5561 ἄστεος
3454 5498 3528 5552 τὸ
3554 5503 3754 5575 σῶμα
3774 5506 3821 5555 τὲ

501 5591 737 5660 Eratque
769 5597 913 5650 rirca
948 5596 1209 5651 feretrum
1237 5596 1305 5649 lis
1333 5602 1387 5650 et
1416 5595 1779 5658 concertatio,
1818 5594 2082 5649 omnibus

2198 5593 2334 5664 ἱερὸν
2361 5594 2606 5665 ἐφέρετο,
2638 5592 2750 5647 οἷόν
2779 5610 2888 5647 τισι
2923 5594 3210 5662 στεφάνοις
3229 5594 3453 5662 χρυσοῖς
3484 5595 3587 5664 τῷ
3608 5599 3817 5670 (nam;

505 5680 648 5735 ferre
686 5685 1163 5750 contendentibus,
1204 5684 1574 5756 ﬂuentemque
1628 5702 1691 5742 ex
1726 5700 1790 5741 eo
1854 5685 2077 5741 benedi-

2198 5683 2385 5755 ἐκείνῳ
2422 5682 2815 5756 ώραῖζόμενον,
2872 5682 3090 5736 πάντων
3146 5680 3489 5752 ἡγουμένων,
3566 5689 3683 5740 καὶ
3726 5689 3813 5739 te}:
