3974 6212
499 345 644 414 11395

1487 339 1978 400 THEODORETI
2008 339 2347 402 EPISCOPI
2377 342 2740 404 CYRENSIS

3625 331 3782 398 1396

467 471 677 524 \ctum,
725 458 959 527 ciboque
1004 456 1100 527 qui
1141 463 1372 514 mortem
1434 457 1818 512 tantummodo
1874 467 2068 512 arcerel

2187 457 2244 511 δὲ
2277 457 2386 512 τῶν
2412 458 2570 512 θείων
2597 459 2692 516 καὶ
2708 457 2867 528 μόνον
2887 455 3170 528 ὁρώμενος
3187 453 3472 524 ἀπέφηνεν
3502 453 3772 523 ἐραστάς.

507 547 1105 608 victitantem?Pr:Bter
1135 549 1567 619 magnitudinem
1608 565 1776 619 porro
1799 559 1855 605 et
1904 549 2068 604 multi-

2194 550 2290 613 Τίς
2309 551 2418 620 γάρ
2445 551 2546 604 οὐκ
2579 552 2646 604 ἂν
2671 548 3030 622 ὑπερηγάσθη
3061 545 3374 619 πρεσϐύτην
3401 545 3680 616 θεώμενος
3711 547 3776 597 τὸ

505 643 748 698 tudinem
774 641 1042 704 laborum,
1076 655 1199 711 quae
1230 642 1286 695 in
1315 656 1380 696 eo
1405 640 1634 696 ﬂorebat
1664 643 1862 712 gratia,
1895 647 1912 666 '
1942 652 1999 696 ut
2030 643 2083 700 in

504 736 868 791 admiratione
889 736 1204 805 honoreque
1226 742 1393 800 esset,
1419 735 1678 792 omnibus
1701 736 2082 806 persuadebat.

503 827 799 881 Multorum
830 825 996 880 etiam
1026 840 1168 894 serpe
1195 840 1392 896 graves
1420 826 1642 881 morbos
1682 825 1908 895 depulit,
1950 826 2084 880 mul-

505 922 579 976 tis
601 921 882 976 sterilibus
912 919 1133 975 feminis
1166 919 1368 974 liberos
1397 919 1730 989 impetravit.
1768 918 1835 973 Et
1869 927 2079 973 tantam

505 1028 534 1066 a
567 1013 754 1066 divino
792 1012 997 1082 Spiritu
1067 1019 1390 1080 potestatem
1451 1012 1704 1080 adeptus,
1760 1011 1976 1081 inopem
2023 1028 2083 1068 se

502 1102 929 1170 tnendicumque
959 1101 1292 1170 appellabat.
1329 1099 1532 1156 Omnes
1575 1116 1706 1170 ergo
1757 1102 1850 1169 qui
1898 1101 2078 1171 ipsum

504 1192 950 1261 frequentabant,
985 1200 1039 1246 et
1077 1200 1324 1260 aspectu,
1353 1199 1409 1246 et
1470 1207 1724 1248 sermone
1773 1192 2076 1260 beneficiis,

504 1287 682 1355 quoad
711 1286 864 1346 vixit.
903 1287 1186 1339 cumulare
1237 1299 1347 1338 non
1404 1284 1649 1340 destitit:
1683 1293 1739 1338 et
1785 1292 2076 1355 postquam

503 1375 810 1440 hinc'abiit,
839 1375 1268 1445 angelorumque
1296 1375 1350 1428 in
1385 1382 1589 1429 emtum
1631 1376 1930 1432 translatus
1968 1384 2074 1443 est,

501 1468 818 1523 memoriam
867 1467 1106 1535 reliquit,
1156 1481 1264 1520 non
1317 1481 1424 1520 una
1444 1481 1570 1521 cum
1605 1480 1836 1536 corpore
1875 1483 2073 1524 conse-

501 1559 728 1627 pultam,
755 1558 847 1614 sed
875 1573 994 1627 quae
1015 1556 1172 1611 ﬂoret
1199 1556 1478 1626 vigetque,
1511 1562 1566 1610 et
1598 1555 1922 1611 inexstineta
1956 1573 2074 1628 per-

501 1659 665 1720 petuo
681 1660 881 1715 manet,
898 1665 961 1706 ac
981 1648 1290 1704 volentibus
1307 1662 1464 1718 opem
1501 1646 1644 1703 ferre
1666 1657 1867 1717 potest.
1892 1647 2073 1714 Quare

502 1743 631 1798 hinc
687 1753 742 1799 et
800 1759 901 1815 ego
955 1741 1395 1799 benedictionem
1444 1755 1768 1810 exposcens,
1831 1742 2067 1796 aliorum

498 1851 716 1906 quoque
742 1835 1072 1890 athletarum
1100 1849 1189 1889 res
1207 1842 1392 1902 gestas
1413 1848 1513 1902 pro
1535 1833 1748 1889 viribus
1770 1849 2063 1903 exponam.

2171 1836 2272 1908 κὴν
2313 1835 2530 1908 χορείαν
2581 1833 2919 1904 μετατεθεὶς,
2967 1833 3228 1888 κατέλιπε
3287 1833 3511 1902 μνήμην
3533 1830 3600 1882 οὐ
3639 1845 3770 1880 aw-

497 1929 758 1995 ταφεῖσαν
790 1926 1022 1998 σώματι,
1051 1926 1163 1981 ἀλλ’
1193 1924 1479 1992 ἀνθοῦσαν,
1509 1927 1604 1980 καὶ
1647 1926 1954 1996 τεθηλυῖαν,
1981 1929 2074 1981 καὶ
2112 1929 2374 1983 ἄσϐεστον
2411 1931 2490 1994 εἰς
2549 1929 2638 1983 ἀεὶ
2683 1927 3064 1999 διαμένουσαν,
3109 1926 3202 1980 καὶ
3266 1927 3346 1988 είς
3391 1925 3584 1994 ὄνησιν
3658 1923 3769 1981 τοὶς

500 2019 845 2091 βουλομένοις
863 2021 1157 2091 ἀρκοῦσαν.
1190 2019 1302 2072 Καὶ
1323 2019 1426 2091 τὴν
1462 2020 1710 2074 ἐντεῦθεν
1743 2023 1918 2074 τοίνυν
1943 2022 2334 2095 ἐρανισάμενος
2363 2023 2642 2093 εὐλογίαν,
2660 2023 2756 2076 καὶ
2774 2021 2846 2074 τὰ
2879 2019 3020 2074 κατὰ
3076 2021 3202 2083 τοὺς
3254 2019 3446 2082 ἄλλους
3512 2016 3768 2088 ἀθλητὰς

498 2113 573 2177 ὡς
619 2107 729 2165 οἷόν
757 2129 816 2165 τε
841 2113 1171 2183 διηγήσομαι

1060 2203 1182 2260 XII.
1198 2235 1269 2247 —
1304 2204 1506 2260 ZENO‘.

568 2292 964 2348 Admirandum
998 2309 1127 2350 vero
1170 2295 1442 2352 Zenonem
1493 2311 1603 2351 non
1650 2296 1806 2350 multi
1847 2296 2068 2367 quidem

499 2395 711 2442 norunt
737 2425 752 2449 .
783 2387 878 2441 sed
903 2387 997 2457 qui
1033 2396 1240 2443 norunt
1269 2389 1495 2443 laudare
1526 2402 1625 2458 pro
1647 2387 1914 2458 dignitate
1959 2404 2070 2443 non

498 2484 752 2548 possunt.
806 2476 908 2534 Hic
956 2479 1101 2535 enim
1149 2479 1362 2550 1202
1398 2480 1756 2549 amplissimis
1787 2479 1984 2550 opibus
2017 2480 2070 2534 in

497 2569 670 2638 patria
697 2609 712 2634 ,
745 2568 849 2624 hoc
871 2578 988 2636 est,
1020 2571 1075 2625 in
1109 2569 1317 2634 Ponto,
1364 2570 1596 2634 relictis,
1629 2568 1818 2624 Basilii
1843 2570 2024 2640 magni
2055 2610 2069 2633 ,

501 2671 557 2714 ut
581 2661 795 2725 aiebat,
830 2663 1075 2718 vicinam
1121 2660 1524 2731 Cappadociam
1574 2659 1858 2730 irrigantis
1892 2659 2065 2714 imbu-

497 2756 590 2802 tus
615 2757 699 2802 est
735 2748 986 2814 ﬂuentis,
1037 2758 1091 2803 et
1136 2749 1351 2805 fructus
1407 2750 1724 2820 irrigatione
1754 2749 1842 2804 illa
1873 2749 2070 2821 dignos

499 2835 642 2889 tulit.
675 2834 850 2891 Simul
887 2852 951 2891 ac
985 2838 1130 2892 enim
1167 2836 1371 2894 Valens
1409 2838 1764 2908 imperatore
1796 2838 1905 2893 vita
1936 2840 2068 2894 sub-

497 2929 641 2983 latus
661 2937 765 2991 est,
799 2929 1007 2982 militia:
1029 2930 1314 3000 cingulum
1342 2930 1619 3001 deposuit,
1643 2946 1769 2987 cum
1798 2931 1851 2986 in
1875 2946 2064 2986 eorum

497 3035 729 3074 numero
765 3019 1062 3085 militaret,
1089 3023 1182 3091 qui
1222 3022 1607 3093 imperatorum
1636 3023 1846 3080 litteras
1873 3023 2066 3078 celeri-

498 3117 581 3166 ter
606 3110 882 3166 deferunt.
909 3110 988 3166 Ex
1015 3113 1218 3182 palatio
1245 3122 1426 3169 autem
1457 3113 1513 3168 in
1551 3114 1862 3184 sepulcrum
1894 3113 2066 3183 quod-

497 3201 620 3254 dam
659 3216 718 3256 se
752 3201 1077 3269 conterens,
1127 3204 1436 3275 cuiusmodi
1470 3205 1524 3259 in
1559 3204 1736 3260 vicino
1766 3205 2067 3260 Antiochiae

498 3301 681 3346 monte
711 3302 840 3348 sunt
888 3295 1120 3364 plurima
1147 3337 1161 3362 ,
1217 3298 1369 3353 solus
1415 3297 1489 3352 ibi
1531 3298 1796 3368 degebat,
1828 3301 2065 3352 animam

497 3383 832 3453 puriﬁcans,
868 3385 1099 3455 ejusque
1142 3388 1314 3444 aciem
1368 3405 1712 3462 expurgans,
1763 3398 1816 3445 ct
1868 3389 2067 3444 divina:

497 3489 704 3531 vacans»
753 3479 1244 3547 contemplationi,
1317 3480 1521 3551 Deique
1594 3480 1946 3538 escensiones
2010 3482 2063 3536 in

494 3569 660 3624 corde
709 3585 810 3624 suo
874 3571 1200 3640 disponens,
1253 3580 1308 3626 et
1349 3573 1466 3628 alas
1508 3581 1705 3642 optans
1753 3573 1930 3628 instar
1971 3589 2067 3628 co-

495 3659 726 3721 lumbw.
754 3667 808 3714 et
859 3661 914 3714 in
963 3661 1205 3716 divinam
1252 3663 1496 3731 requiem
1541 3665 1761 3718 evolare
1814 3663 2064 3734 cupiens.

493 3747 860 3813 Quamobrem
903 3751 1102 3806 lectum
1149 3766 1258 3807 non
1299 3753 1526 3820 habuit,
1583 3768 1693 3809 non
1745 3754 2062 3826 lucernam,

493 3855 602 3894 non
649 3840 830 3894 focum
850 3882 866 3904 ,
899 3856 1006 3896 non
1039 3842 1203 3917 ollam
1228 3882 1244 3908 ,
1276 3857 1386 3898 non
1416 3843 1712 3915 lecythum,
1755 3858 1864 3900 non
1902 3860 2065 3900 arcu—

493 3932 640 3996 lam,
717 3946 826 3986 non
901 3932 1132 4000 librum,
1188 3949 1299 3990 non
1352 3933 1504 3992 aliud
1551 3935 1848 4007 quidquam
1906 3951 1920 3990 :
1968 3937 2064 3992 sed

417 4031 430 4047 '
491 4021 724 4077 vetustis
780 4023 1139 4078 amiciebatur
1206 4024 1496 4092 amiculis,
1555 4033 1610 4082 et
1671 4028 2063 4084 calceamentis

490 4113 764 4179 similiter,
809 4130 932 4185 qua:
967 4115 1038 4171 ob
1073 4115 1304 4171 dett-itas
1352 4117 1534 4172 soleas
1570 4118 1806 4174 vinculis
1853 4119 2066 4190 indige-

491 4214 636 4261 rent.
668 4206 752 4262 Ab
799 4223 910 4263 uno
944 4215 1158 4262 tantum
1210 4223 1276 4263 ex
1330 4209 1526 4265 amicis
1561 4212 1768 4266 victum
1803 4226 2062 4269 necessa-

492 4297 635 4352 rium
678 4298 1006 4368 accipiebat.
1051 4297 1103 4355 Is
1158 4307 1342 4354 autem
1393 4310 1512 4356 erat
1549 4302 1712 4373 panis
1750 4318 1894 4358 unus
1923 4304 2062 4358 duos

492 4393 547 4446 in
582 4391 702 4447 dies
727 4391 1045 4448 attributus.
1077 4392 1288 4462 Aquam
1321 4394 1514 4463 procul
1543 4395 1799 4450 haustam
1837 4395 2064 4464 ipsemet

2189 644 2350 716 σῶμα
2377 645 2808 716 τετρυχωμένον,
2834 643 2930 696 καὶ
2959 641 3176 712 σίδηρον
3197 642 3280 693 ὃτι
3305 639 3552 692 πλεῖστον
3578 639 3778 710 φέρειν

2183 736 2532 807 αἱρούμενον,
2557 736 2651 790 καὶ
2682 735 2760 806 τῷ
2791 736 2855 788 ἐκ
2886 731 3089 805 τριχῶν
3115 732 3380 802 ἐσθήματι
3399 731 3777 802 κεχρημένον,

2183 831 2280 884 καὶ
2302 831 2506 900 τροφῆς
2561 828 2903 884 ἀπολαύοντα
2956 825 3197 888 κωλύσαι
3245 825 3402 895 μόνον
3432 824 3782 896 ἀποχρώσης

2183 922 2273 974 τὸν
2301 921 2367 975 ὲκ
2399 919 2558 991 λιμοῦ
2609 920 2836 975 θάνατον
2862 935 2877 985 ;
2917 917 3064 989 Πρὸς
3117 917 3175 971 δὲ
3199 915 3280 987 τῷ
3307 917 3526 987 μεγέθει
3560 917 3666 970 καὶ
3697 918 3780 986 τῷ

2183 1011 2378 1083 πλήθει
2409 1011 2518 1066 τῶν
2547 1012 2749 1076 πόνων,
2782 1011 2930 1079 καὶὴ
2956 1007 3264 1064 ἐπανθοῦσα
3281 1009 3437 1079 χάρις
3461 1008 3780 1078 θαυμάζειν

2181 1101 2344 1156 αὑτὸν
2365 1101 2611 1166 ἅπαντας
2642 1101 2738 1156 καὶ
2785 1100 3064 1173 γεραίρειν
3103 1098 3380 1154 ἀνέπειθε.
3407 1097 3634 1152 Πολλῶν
3673 1099 3778 1166 μὲν

2179 1193 2288 1266 γὰρ
2315 1195 2575 1259 πολλάκις
2627 1193 2877 1266 χαλεπάς
2913 1192 3162 1263 ἀπήλασε
3206 1192 3412 1256 νόσους,
3451 1190 3694 1252 πολλαῖς
3723 1190 3776 1242 δέ

2177 1286 2391 1355 γυναιξὶ
2423 1287 2706 1359 στερίφαις
2767 1283 3060 1356 ἐχαρίσατο
3103 1283 3322 1347 παῖδας.
3353 1283 3462 1335 Καὶ
3487 1280 3776 1349 τοσαύτην

2177 1377 2330 1448 παρὰ
2358 1377 2450 1431 τοῦ
2487 1376 2634 1430 θείου
2664 1375 2980 1448 Πνεύματος
3015 1374 3305 1445 δεξάμενος
3332 1373 3584 1442 δύναμιν,
3623 1389 3778 1424 τις-τω⁴

2175 1469 2270 1541 χδν
2289 1469 2477 1524 ἑαυτὸν
2507 1469 2602 1522 καὶ
2635 1466 2936 1538 προσαίτην
2980 1465 3284 1536 ὠνόμαζεν.
3322 1466 3540 1529 Πάντας
3579 1466 3776 1516 τοίνυν

2173 1563 2300 1625 τοὺς
2327 1562 2455 1632 παρ’
2476 1560 2626 1632 αὐτῷ
2648 1560 2970 1629 φοιτῶντας,
2990 1559 3086 1614 καὶ
3099 1559 3441 1628 φαινόμενος,
3469 1559 3566 1610 καὶ
3601 1556 3772 1625 φθεγ-

2174 1654 2420 1725 γόμενος,
2473 1653 2740 1722 ὠφελείας
2797 1651 3020 1722 πληρῶν
3085 1649 3178 1704 τὸν
3234 1649 3447 1705 ἅπαντα
3489 1647 3771 1701 διετέλεσε

2175 1673 2420 1725 γομενος,
2473 1673 2740 1722 ωφεΛειας
2797 1673 3020 1722 πληρων
3085 1673 3178 1704 τον
3234 1673 3447 1705 astrum;
3489 1673 3770 1701 0:51:13):

2175 1745 2308 1816 βίον.
2337 1746 2446 1800 Καὶ
2473 1743 2725 1798 ἐντεῦθεν
2745 1743 2802 1796 δὲ
2825 1743 3162 1814 ἐκδημήσας,
3181 1741 3278 1795 καὶ
3301 1743 3380 1806 είς
3405 1740 3505 1810 τὴν
3536 1737 3770 1806 ἀγγελι-
3903 1673 3909 1816 1

2694 2199 2795 2256 1Β’.
2830 2228 2901 2239 -
2937 2199 3194 2253 ΖΗΝΩΝ.

2242 2293 2464 2365 Ζήνωνα
2493 2292 2585 2346 τὸν
2620 2291 2921 2360 θαυμάσιον
2941 2289 3003 2344 οὐ
3034 2288 3220 2342 πολλοὶ
3243 2288 3340 2360 μὲν
3367 2287 3762 2356 γινώσκουσιν,

2170 2384 2221 2438 οἱ
2252 2383 2308 2436 δὲ
2335 2380 2694 2450 γινώσκοντες
2731 2378 3030 2448 θαυμάζειν
3059 2377 3223 2443 ἀξίως
3255 2377 3314 2430 οὐ
3341 2375 3637 2432 δύνανται.
3664 2373 3760 2433 Οὖ-

2170 2490 2262 2537 τος
2293 2471 2402 2544 γὰρ
2436 2469 2665 2524 πλοῦτον
2691 2471 2773 2523 ὅτι
2805 2468 3039 2540 μάλιστα
3060 2467 3310 2521 πλεῖστον
3347 2468 3405 2520 ἐν
3434 2471 3503 2539 τῇ
3531 2472 3760 2540 πατρίδι

2171 2560 2487 2618 καταλιπὼν
2519 2561 2677 2633 (αὕτη
2716 2561 2772 2614 δὲ
2799 2557 2866 2632 ἦν
2903 2562 2931 2614 ὁ
2968 2559 3216 2628 Πόντος),
3271 2559 3560 2629 ἀπήλαυσε
3641 2565 3758 2632 μὲν,

2171 2655 2245 2720 ὡς
2273 2655 2446 2724 ἔλεγε,
2470 2653 2577 2708 τῶν
2609 2653 2888 2706 Βασιλείου
2918 2652 3012 2705 τοῦ
3078 2651 3317 2722 μεγάλου
3351 2653 3623 2722 ναμάτων
3651 2673 3760 2721 γει-

2168 2743 2496 2809 τονεύοντος,
2525 2745 2618 2797 καὶ
2643 2743 2739 2814 τὴν
2775 2742 3160 2796 Καππαδοκῶν
3193 2741 3533 2812 ἀρδεύοντος,
3561 2745 3673 2813 τῆς
3705 2747 3757 2798 δέ

2170 2837 2390 2908 ἀρδείας
2446 2835 2631 2900 ἀξίους
2686 2835 2935 2890 ἀπέδωκε
2968 2836 3095 2898 τοὺς
3119 2835 3388 2906 καρπούς.
3425 2837 3613 2901 Εὐθὺς
3661 2839 3760 2909 μὲν

2172 2927 2278 2997 γὰρ
2327 2926 2623 2989 Οὐάλεντος
2684 2926 2776 2979 τοῦ
2844 2925 3106 2996 βασιλέως
3168 2925 3594 2995 ἀναιρεθέντος,
3663 2929 3760 2998 τὴν

2173 3017 2567 3089 στρατιωτικὴν
2609 3016 2840 3071 ἀπέθετο
2869 3016 3063 3085 ζώνην.
3109 3016 3522 3084 Ἑγκατείλεκτο
3544 3018 3612 3071 δὲ
3646 3023 3762 3080 τοῖς

2170 3110 2240 3163 τά
2295 3110 2557 3179 βασιλέως
2599 3110 2766 3175 ὀξέως
2811 3108 3184 3178 διακομίζουσι
3245 3109 3573 3179 γράμματα.
3628 3111 3764 3163 Ἀπὸ

2167 3203 2223 3257 δὲ
2253 3203 2360 3256 τῶν
2405 3202 2690 3274 βασιλείων
2723 3203 2801 3266 εἷς
2840 3219 2958 3256 τινα
2987 3202 3154 3271 τάφον
3200 3203 3444 3271 ὁρμήσας
3491 3202 3764 3267 (πολλοὺς

2166 3297 2222 3350 δὲ
2245 3296 2358 3365 ἔχει
2390 3295 2451 3348 τὸ
2480 3297 2546 3366 τῇ
2587 3295 2891 3365 ’Δντιοχείᾳ
2926 3292 3322 3365 παρακείμενον
3358 3293 3500 3362 ὄρος)
3522 3309 3536 3322 °
3579 3295 3772 3363 μόνος

2166 3387 2341 3458 διῆγε,
2373 3387 2468 3457 τὴν
2505 3386 2684 3456 ψυχὴν
2725 3385 3093 3457 ἐκκαθαίρων,
3125 3385 3221 3438 καὶ
3253 3383 3308 3436 τὸ
3349 3383 3548 3453 ταύτης
3589 3385 3772 3440 ὀπτι-

2167 3479 2262 3532 κὸν
2289 3477 2676 3550 ἀπορῤύπτων,
2715 3477 2808 3530 καὶ
2835 3476 2931 3544 τὴν
2958 3475 3110 3529 θείαν
3153 3473 3560 3544 φανταζόμενος
3615 3477 3764 3530 05w-

2169 3570 2308 3642 ρίαν,
2359 3571 2452 3623 καὶ
2497 3569 2596 3633 τάς
2650 3569 2744 3623 τοῦ
2794 3566 2929 3623 Θεοῦ
2997 3567 3290 3631 ἀναϐάσεις
3335 3569 3390 3620 ἐν
3429 3569 3496 3637 τῇ
3549 3570 3764 3639 καρδίᾳ.

2165 3661 2465 3732 τιθέμενος,
2514 3663 2608 3716 καὶ
2646 3662 2923 3731 πτέρυγας
2982 3660 3168 3715 λαϐεῖν
3231 3659 3363 3712 ὡσεὶ
3416 3665 3764 3732 περιστερᾶς

2165 3753 2470 3823 ἐφιέμενος,
2505 3751 2600 3806 καὶ
2631 3752 2712 3816 είς
2753 3752 2851 3822 τὴν
2873 3751 3025 3804 θείαν
3057 3751 3406 3805 κατάπαυσιν
3433 3751 3764 3820 ἀναπτῆναι

2167 3842 2366 3898 ποθῶν.
2418 3843 2620 3898 Τούτου
2680 3843 2860 3914 χάριν,
2901 3843 2963 3898 οὑ
3007 3842 3195 3915 κλίνην
3242 3839 3412 3913 εἶχεν,
3436 3844 3499 3896 ού
3529 3842 3756 3914 λύχνον,

2165 3934 2265 3989 οὐκ
2301 3935 2560 4007 ἐσχάραν,
2581 3936 2643 3989 οὐ
2674 3935 2902 4006 χύτραν,
2933 3935 2994 3989 οὐ
3027 3933 3287 4006 ληκύθιον
3307 3974 3323 3999 ,
3361 3935 3420 3988 οὺ
3468 3935 3757 3996 κιϐώτιον,

2165 4028 2225 4081 ού
2261 4027 2489 4099 βιϐλίον,
2514 4029 2615 4083 οὐκ
2650 4027 2778 4084 ἄλλο
2799 4045 2851 4082 τι
2878 4043 2891 4058 ·
2913 4027 3050 4082 ἀλλά
3105 4026 3274 4098 ῥάκια
3305 4027 3404 4097 μὲν
3442 4027 3760 4096 ἠμπείχετο

2165 4119 2390 4185 παλαιά,
2415 4121 2510 4175 καὶ
2537 4121 2860 4192 ὑποδήματα
2883 4119 2940 4174 δὲ
2957 4119 3219 4196 ὡσαύτως
3239 4118 3456 4188 δεσμῶν
3483 4117 3756 4190 assmu-

2163 4212 2386 4284 διῄρητο
2437 4211 2546 4284 γὰρ
2591 4212 2703 4266 τῶν
2761 4212 3122 4284 καττυμάτων
3166 4210 3240 4264 τὰ
3281 4210 3562 4281 δέρματα.
3625 4212 3762 4281 11αᾷ
3829 4263 3832 4268 .

2165 4301 2284 4366 ἐνὸς
2311 4301 2368 4355 δὲ
2403 4301 2566 4372 μόνου
2595 4301 2706 4355 τῶν
2740 4302 3034 4374 γνωρίμων
3057 4303 3158 4372 τὴν
3182 4301 3488 4369 ἀναγκαίαν
3541 4305 3776 4373 τροφὴν

2165 4394 2480 4466 ἐπορίζετο⁹
2520 4393 2660 4464 αὕτη
2686 4391 2743 4447 δὲ
2780 4389 2847 4464 ἦν
2877 4387 2956 4468 εἷς
2988 4393 3150 4465 ἄρτος
3195 4393 3289 4447 δύο
3336 4395 3764 4464 χορηγούμενος

492 4481 778 4537 aﬂ‘crebat.
821 4480 1066 4553 Rogatus
1097 4493 1278 4539 autem
1308 4499 1337 4538 a
1374 4486 1646 4554 quodam,
1682 4485 1776 4553 qui
1804 4501 1928 4542 cum
1959 4487 2063 4542 sub

2171 4487 2400 4558 ἡμέραις
2434 4503 2449 4516 ⁸
2494 4486 2553 4540 τὸ
2584 4486 2642 4539 δὲ
2691 4485 2834 4556 ὕδωρ
2881 4485 3162 4558 πόρρωθεν
3224 4487 3532 4556 ἀρυόμενος
3597 4489 3766 4550 αὐτὸς

490 4589 658 4629 onere
684 4573 927 4638 viderat,
965 4582 1024 4630 ut
1069 4575 1306 4631 allevare
1339 4576 1530 4632 liceret
1554 4580 1593 4643 ‘,
1617 4579 1794 4647 primo
1839 4579 2057 4648 quidem

493 4667 722 4729 restitit,
789 4665 934 4721 ferre
993 4683 1052 4723 se
1104 4683 1213 4722 non
1272 4683 1436 4739 posse
1489 4667 1720 4734 dicens,
1769 4677 1828 4724 ut
1861 4685 2060 4740 aquam

496 4766 739 4815 sumeret
769 4774 933 4829 quam
967 4760 1108 4813 alter
1132 4761 1436 4817 attulisset.
1459 4758 1528 4815 Ut
1557 4775 1683 4816 vero
1713 4775 1773 4817 se
1804 4776 1914 4816 non
1947 4779 2067 4832 pcr-

492 4849 727 4905 suadere
750 4848 1174 4914 animadvertit,
1213 4864 1382 4903 urnas
1415 4848 1645 4904 tradidit
1687 4867 1700 4903 :
1739 4850 1876 4904 duas
1919 4851 2062 4904 enim

490 4941 756 4995 ambabus
788 4939 1290 4995 manibusferebat.
1315 4938 1422 4994 Sed
1443 4955 1567 4994 cum
1596 4939 1662 4994 ad
1691 4941 1818 4994 atrii
1838 4941 2062 5011 januam

491 5032 860 5104 pervenisset,
885 5029 1058 5085 effusa
1081 5046 1222 5101 aqua
1245 5039 1301 5087 et
1320 5030 1566 5100 dispersa
1590 5071 1606 5096 ,
1640 5030 1840 5086 iterum
1867 5046 2066 5084 cucur-

491 5125 562 5180 rit
596 5124 661 5179 ad
695 5122 937 5187 fontem,
989 5135 1051 5176 ea
1085 5137 1208 5192 qua:
1253 5121 1468 5176 dixerat
1510 5135 1674 5190 opere
1705 5119 2062 5175 conﬁrmans.

491 5217 605 5287 Ego
633 5230 853 5286 quoque
883 5214 1000 5284 ipse
1029 5253 1044 5278 ,
1082 5229 1206 5269 cum
1238 5214 1476 5283 primum
1510 5213 1632 5283 ejus
1665 5211 1882 5267 videndi
1930 5212 2067 5266 desi-

494 5308 649 5364 derio
678 5308 732 5362 in
754 5313 992 5362 montem
1019 5305 1267 5370 ascendi,
1289 5321 1457 5362 urnas
1479 5306 1734 5362 manibus
1758 5305 1968 5376 1203
1989 5314 2069 5359 te-

496 5410 710 5454 nentem
737 5399 846 5454 vidi
872 5417 884 5452 :
915 5399 1117 5454 deinde
1145 5412 1270 5452 cum
1299 5398 1640 5462 sciscitarer,
1672 5397 1896 5452 ubinam
1922 5407 2070 5453 esset

495 5490 801 5547 admirandi
831 5491 1069 5548 Zenonis
1117 5490 1494 5546 habitaculum
1520 5529 1536 5556 ,
1571 5491 1782 5545 nullum
1820 5505 1880 5545 se
1905 5504 2067 5544 nosse

494 5585 820 5639 monachum
851 5585 989 5640 dixit
1014 5626 1028 5651 ,
1053 5577 1164 5655 qui
1203 5583 1303 5639 hoc
1337 5586 1558 5640 nomine
1579 5591 1886 5640 vocaretur.
1909 5581 2066 5638 Unde

495 5671 644 5720 illum
679 5673 852 5736 ipsum
877 5687 999 5726 esse
1027 5671 1319 5726 verborum
1350 5689 1414 5726 ex
1445 5673 1712 5728 modestia
1743 5672 2064 5743 conjiciens,

497 5763 718 5828 secutus
746 5770 894 5822 sum,
917 5757 1256 5828 januamque
1283 5761 1658 5831 introgressus
1679 5805 1692 5829 ,
1728 5765 1927 5819 lectum
1952 5761 2060 5817 vidi

2165 4578 2348 4649 ἔφερε.
2375 4578 2482 4632 Καί
2514 4578 2642 4632 ποτέ
2665 4595 2746 4642 τις
2774 4577 2932 4642 αὑτὸν
2955 4577 3360 4648 ἀχθοφορούντα
3382 4576 3768 4649 θεασάμενος,

2167 4674 2409 4726 ἱκέτευσε
2458 4673 2714 4740 κουφίσαι
2769 4669 2865 4723 τοῦ
2919 4669 3081 4722 πόνου
3118 4685 3132 4700 ο
3167 4671 3194 4721 ὁ
3219 4669 3274 4722 δὲ
3301 4669 3368 4721 τά
3405 4669 3502 4738 μὲν
3561 4671 3772 4736 πρῶτα

2165 4763 2482 4828 ἀντέτεινε,
2528 4763 2795 4817 διδάσκων
2840 4763 2916 4827 ὡς
2967 4764 3067 4818 οὑκ
3121 4762 3367 4829 ἀνέξεται
3418 4763 3774 4830 μεταλαϐεἰν

2166 4857 2358 4922 ὕδατος
2389 4857 2482 4910 ὑπ’
2525 4856 2686 4912 ἄλλου
2741 4855 3118 4927 κομισθέντος.
3152 4856 3241 4919 Ὠς
3267 4855 3323 4908 δὲ
3355 4854 3458 4906 οὐκ
3507 4854 3778 4919 ἔπεισεν,

2165 4948 2332 5002 ἔδωκε
2365 4947 2434 5002 τὰ
2474 4948 2730 5018 σταμνίαο
2793 4947 2885 5002 δύο
2917 4948 3024 5018 γὰρ
3051 4948 3253 5017 ἀμφοῖν
3284 4949 3403 5000 ταῖν
3427 4963 3482 5018 χε
3497 4950 3631 5018 ροίν
3669 4953 3778 5002 ἑπ-

2171 5039 2416 5109 εφέρετο.
2464 5037 2550 5100 Ὠς
2579 5036 2636 5090 δέ
2664 5037 2796 5092 είσω
2817 5038 2918 5108 τῆς
2951 5037 3136 5090 αὐλίου
3172 5036 3341 5108 θύρας
3375 5036 3638 5104 ἐγένετο,
3679 5041 3777 5092 ἐκ-

2166 5134 2296 5197 χέας
2327 5127 2387 5180 τδ
2413 5125 2556 5198 ὓδωρ
2595 5128 2689 5180 καὶ
2724 5126 3040 5199 διαρῤάνας,
3077 5126 3240 5181 πάλιν
3270 5127 3510 5197 ἔδραμεν
3543 5129 3654 5182 ἐπὶ
3685 5131 3782 5182 τὸν

2166 5219 2416 5289 κρουνὸν,
2466 5218 2612 5291 ἔργῳ
2647 5217 2950 5290 βεϐαιώσας
2973 5219 3097 5282 τοὺς
3126 5218 3338 5286 λόγους.
3377 5217 3568 5285 Κάγὼ
3593 5221 3662 5274 δὲ
3685 5223 3782 5275 ὅτε

2167 5310 2383 5380 πρῶτον
2408 5309 2566 5363 αὑτὸν
2592 5309 2870 5382 ἱστορῆσαι
2899 5309 3141 5380 ποθήσας
3163 5308 3317 5372 είςτὺ
3340 5307 3462 5378 ὅρος
3489 5309 3784 5381 ἀνῆλθον,

2167 5399 2482 5470 ἐθεασάμην
2515 5402 2635 5454 ταῖν
2679 5401 2857 5471 χεροῖν
2885 5399 2953 5452 τά
2990 5398 3223 5470 σταμνία
3260 5398 3594 5466 κατέχοντα.
3635 5397 3793 5455 Εἶτα

2168 5492 2406 5562 ⁴ἠρόμην,
2438 5491 2570 5544 ὅπου
2599 5492 2684 5564 εἴη
2725 5491 2786 5544 τὸ
2815 5491 2908 5544 τοῦ
2957 5490 3260 5560 θαυμασίου
3305 5491 3564 5560 Ζήνωνος
3629 5510 3790 5545 κατ-

2169 5581 2428 5649 αγώγιον·
2453 5581 2480 5632 ὁ
2501 5579 2557 5633 δὲ
2577 5581 2780 5650 ἥκιστα
2809 5580 2994 5649 ἔλεγεν
3014 5578 3210 5632 εἰδέναι
3236 5577 3548 5649 μονάζοντα
3585 5579 3796 5654 ταύτῃ

2165 5675 2230 5742 τῇ
2273 5671 2616 5743 προσηγορίᾳ
2675 5670 3028 5742 καλούμενον.
3093 5668 3234 5738 Ἐγὼ
3281 5668 3339 5721 δὲ
3381 5668 3554 5722 αὑτὸν
3624 5668 3794 5726 εἶναι

2167 5764 2408 5829 τοπάσας
2439 5764 2688 5836 εἱπόμην,
2726 5764 3026 5835 τεκμήριον
3065 5761 3384 5834 ποιούμενος
3428 5761 3546 5818 τῶν
3582 5763 3798 5834 λόγων
