3974 6212
301 349 317 409 i
333 351 420 412 9.97

1503 348 1911 409 RELIGIOSA
1950 348 2335 406 HISTORIA.

3391 341 3525 408 1:298

290 461 345 512 τὺ
377 459 604 529 μέτριον.
641 455 726 521 Ὠς
759 458 814 510 δέ
849 458 979 510 εἵσω
1027 459 1124 529 τῆς
1177 459 1346 530 θύρας
1391 462 1678 532 ἐγενόμην,
1733 477 1841 513 στι-

1954 471 2018 512 ex
2056 459 2180 512 feno
2205 465 2620 522 constructum,
2667 467 2719 510 et
2763 459 2923 512 aliam
2957 456 3250 526 quamdam
3291 465 3528 512 stoream

289 553 411 606 ϐάδα
437 546 568 603 εἶδον
590 550 698 604 ἀπὸ
722 551 913 620 χόρτου
941 551 1328 622 συγκειμένην,
1367 552 1461 604 καὶ⁵
1504 553 1690 622 ἔτερόν
1721 568 1844 604 τινα

287 643 500 714 φορυτὸν
527 643 618 694 ἐπὶ
647 642 752 696 τῶν
781 642 944 694 λίθων
975 643 1445 714 κατεστρωμένον,
1471 643 1546 706 ώς
1575 643 1844 714 μηδεμίαν

285 733 476 788 ἐκεῖθεν
491 735 539 786 οί
567 735 652 786 ἐπ’
685 734 875 804 ἐκείνῳ
906 732 1206 804 καθήμενοι
1227 735 1590 806 ἀποφέροιντο
1615 735 1842 806 βλάϐην,

294 826 370 887 Ὠς
401 825 452 877 δὲ
480 825 710 887 πολλοὺς
744 825 872 894 περὶ
927 823 1244 893 φιλοσοφίας
1289 826 1619 894 ἐκινήσαμεν
1657 824 1845 892 λόγους

281 917 405 987 (ἐγὼ
437 918 537 987 μὲν
553 916 660 987 γὰρ
695 916 1095 987 ἐπυνθανόμην,
1131 917 1291 981 αὐτὸς
1323 917 1379 970 δέ
1413 919 1543 987 ἡμῖν
1569 916 1844 970 ἀνέπτασε

276 1007 338 1059 τὰ
369 1005 732 1077 ζητούμενα)·
765 1008 856 1061 καὶ
897 1007 1002 1060 ἔδει
1047 1007 1234 1060 λοιπὸν
1291 1008 1574 1060 ἐπανιέναι
1635 1007 1842 1069 οἴκαδε,

278 1092 508 1146 ικέτευον
551 1095 712 1148 αὐτὸν
744 1095 924 1148 δοῦναι
956 1096 1024 1149 τὰ
1051 1097 1151 1165 τῆς
1172 1097 1422 1166 εὐλογίας
1456 1097 1663 1166 ἐφόδια.
1708 1097 1766 1151 '0
1789 1098 1847 1151 δὲ

274 1185 555 1249 ἀντέτεινε,
599 1187 834 1257 πληροῦν
877 1189 1027 1258 ἡμᾶς
1062 1187 1158 1258 τὴν
1215 1189 1380 1259 εὐχὴν
1426 1187 1651 1258 ἔννομον
1700 1185 1844 1244 εἶναι

274 1274 438 1342 λέγων
469 1294 482 1307 ·
520 1279 614 1330 καὶ
644 1279 834 1332 ἐαυτὸν
861 1279 961 1349 μὲν
991 1279 1208 1350 ἰδιώτην
1248 1283 1452 1347 καλῶν,
1505 1280 1844 1353 στρατιώτας

271 1367 327 1421 δέ
355 1369 498 1438 ἡμᾶς
531 1370 835 1441 ὀνομάζων.
871 1373 980 1425 Καὶ
1003 1372 1112 1442 γάρ
1138 1371 1438 1442 ἐτύγχανον
1467 1375 1722 1442 τηνικάδε
1747 1374 1845 1438 τὰς

272 1457 420 1527 εεράς
455 1458 680 1522 Βίϐλους
711 1459 789 1530 τῷ
815 1459 943 1530 θείῳ
976 1461 1444 1530 ὑπαναγινώσκων
1479 1463 1612 1534 λαῷ.
1655 1463 1845 1533 Ἦμῶν

268 1549 326 1604 δὲ
354 1552 452 1622 τὴν
492 1553 720 1623 νεότητα
750 1555 1230 1626 προϐαλλομένων,
1274 1559 1369 1610 καὶ
1389 1554 1499 1627 ’τῆς
1528 1557 1748 1628 ἡλικίας
1784 1560 1845 1612 τὸ

269 1641 444 1711 ἄωρον
494 1643 639 1716 (ἄρτι
689 1646 796 1714 γάρ
843 1647 1018 1700 ἰούλου
1075 1647 1332 1719 βραχεῖάν
1389 1667 1511 1703 τινα
1574 1650 1844 1722 προϐολὴν

269 1733 614 1804 ἐδεδέγμεθα)
642 1777 657 1800 ,
689 1738 784 1791 καὶ
808 1738 1179 1808 διομνυμένων
1212 1740 1286 1800 ὡς
1306 1742 1402 1812 οὐχ
1437 1742 1640 1813 ἥξομεν
1665 1740 1840 1806 αὖθις,

1954 549 2228 619 lapidibus
2258 549 2544 602 instratam
2573 588 2586 610 ,
2641 555 2700 600 ιιι
2734 548 2957 602 minime
2991 548 3316 602 laederentur
3343 549 3435 616 qui
3476 550 3528 600 iu

1953 641 2040 695 his
2080 633 2453 694 considerent.
2493 638 2618 714 Post
2643 640 2846 694 multos
2871 649 3050 694 autem
3083 639 3150 694 de
3190 639 3529 710 philosophia

1951 734 2094 788 inter
2119 749 2218 787 nos
2266 732 2482 786 habitos
2541 747 2827 787 sermones
2877 732 2998 803 (ego
3041 734 3186 787 enim
3239 741 3529 802 perconta-

1911 866 1917 872 ς
1953 825 2072 889 bar,
2119 833 2174 880 et
2216 825 2308 879 ille
2343 823 2576 894 quaesita
2616 822 2967 892 explanabat)
2990 864 3003 885 .
3037 839 3160 877 cum
3209 825 3387 879 redire
3415 824 3530 892 jam

1951 918 2175 971 domum
2209 922 2529 985 oporteret,
2575 914 2799 967 orabam
2852 920 2910 966 ut
2956 913 3355 968 benedictionis
3383 915 3532 966 viati-

1951 1023 2074 1061 cum
2134 1007 2313 1062 daret.
2364 1005 2462 1060 llle
2518 1021 2649 1060 vero
2699 1005 3080 1075 repugnabat,
3140 1019 3354 1074 aequum
3409 1019 3533 1059 esse

1950 1100 2178 1164 dicens,
2201 1106 2272 1161 ,ιιι
2307 1114 2410 1154 nos
2444 1112 2638 1169 preces
2676 1111 3068 1168 perageremus
3094 1136 3108 1159 ,
3150 1097 3533 1165 privatumque

1950 1208 2013 1248 se
2053 1193 2346 1246 nominans
2372 1233 2386 1257 ,
2418 1191 2622 1245 milites
2652 1205 2755 1244 nos
2800 1187 3128 1260 appellabat.
3163 1186 3360 1240 Lector
3385 1189 3530 1240 enim

1953 1292 2087 1339 tunc
2106 1298 2285 1349 eram,
2317 1292 2370 1338 et
2393 1282 2606 1338 divinas
2638 1280 2953 1352 Scripturas
2977 1278 3180 1350 populo
3212 1278 3529 1334 recitabam.

1951 1376 2201 1446 Cumque
2258 1375 2722 1436 adolescentiam,
2801 1380 3128 1441 aetatemque
3181 1371 3530 1424 immaturam

1952 1468 2417 1531 obtenderemus,
2461 1475 2519 1520 ut
2575 1465 2780 1537 quibus
2808 1465 2894 1518 vix
2948 1463 3124 1534 prima
3175 1463 3375 1531 lanugo
3405 1476 3531 1515 sue-

1953 1567 2258 1624 cresceret,
2296 1573 2359 1613 ac
2392 1573 2494 1613 nos
2521 1558 2720 1612 iterum
2749 1571 2860 1612 non
2886 1563 3154 1609 venturos
3179 1555 3526 1623 iuraremus,

1951 1653 1998 1706 si
2031 1652 2134 1706 hoc
2165 1665 2313 1705 nunc
2360 1650 2538 1706 facere
2589 1663 2932 1718 cogeremur,
2963 1661 3109 1714 aegre
3149 1643 3363 1699 tandem
3404 1659 3528 1714 pre-

1951 1742 2110 1797 cibus
2139 1741 2394 1804 inilexus,
2423 1739 2533 1794 Deo
2559 1739 2782 1810 quidem
2813 1735 3272 1792 intercessionem
3296 1735 3525 1796 obtulit,

268 1823 495 1884 εἰτοῦτο
531 1826 728 1897 δράσαι
775 1829 869 1883 νῦν
908 1830 1263 1902 βιασθείημεν
1297 1850 1310 1863 ·
1357 1835 1510 1904 μόλις
1557 1835 1655 1902 ὀψέ
1713 1853 1841 1888 ποτε

1948 1833 2043 1888 sed
2089 1832 2548 1887 intercessionem
2604 1831 2764 1901 longa
2824 1829 3184 1884 excusatione
3237 1827 3525 1897 purgavit,

265 1918 382 1979 ταῖς
403 1917 660 1983 ἱκετείαις
686 1922 1076 1992 ἐπικαμφθεὶς,
1109 1926 1454 1995 προσήνεγκε
1492 1927 1590 1996 μὲν
1619 1927 1698 1996 τῷ
1722 1927 1842 1996 Θεῷ

233 2016 240 2025 ”
265 2009 364 2078 τὴν
392 2011 684 2080 πρεσϐείαν
705 2028 718 2042 ⁸
758 2015 976 2086 μακράν
997 2015 1050 2068 δέ
1074 2016 1213 2086 ὑπὲρ
1248 2019 1349 2088 τῆς
1379 2019 1679 2088 πρεσϐείας
1710 2021 1844 2072 ἀπο-

266 2099 454 2166 λογίαν
477 2102 730 2168 ἐξέτεινε,
754 2105 984 2198 ἀγάπης
1001 2107 1188 2160 εἵνεκα
1218 2110 1312 2162 κα)⁸
1337 2109 1648 2174 εὐπειθείας
1680 2111 1844 2164 τοῦτο

267 2195 626 2263 πεποιηκέναι
676 2196 848 2264 λέγων
883 2215 897 2228 ο
931 2195 1024 2251 κάι
1069 2199 1177 2270 γάρ
1226 2201 1496 2272 ἠκούομεν
1550 2203 1842 2273 εὐχομένου

263 2285 605 2350 πελάζοντες.
643 2289 715 2340 Τὸ
734 2287 790 2340 δὲ
821 2291 873 2340 ὲν
937 2290 1180 2361 τοσούτῳ
1229 2293 1549 2362 φιλοσοφίας
1584 2294 1710 2364 ὕψει
1753 2313 1844 2350 το-

261 2376 466 2447 σαύτην
522 2378 665 2448 ἔχειν
733 2385 1080 2452 φρονήματος
1145 2384 1472 2456 μετριότητα
1516 2387 1843 2460 ,πρεσϐύτην

255 2468 429 2538 ἄνδρα
469 2470 902 2541 (τεσσαράκοντα
937 2472 1048 2542 γὰρ
1077 2472 1172 2542 ἕτη
1203 2476 1261 2526 ἐν
1303 2478 1364 2546 τῇ
1397 2476 1631 2546 ἀσκήσει
1662 2477 1845 2547 διηνυ-

254 2557 367 2620 κὼς
407 2557 750 2629 ἐτύγχανεν),
793 2563 878 2626 τίς
916 2562 982 2616 ἂν
1020 2564 1188 2630 ἀξίως
1217 2565 1554 2635 θαυμάσειε;
1599 2570 1758 2622 ποίαν
1785 2570 1842 2622 δὲ

247 2648 316 2706 ἄν
343 2651 525 2720 τιςτῷ
555 2653 775 2722 μεγέθει
824 2657 1137 2727 πρόσφορον
1194 2658 1469 2728 εὐφημίαν
1525 2663 1838 2731 ποιήσαιτο;

249 2741 524 2796 Τοσοῦτον
561 2745 617 2798 δέ
655 2746 854 2818 ἀρετῆς
909 2750 1249 2819 κεκτημένος
1300 2751 1552 2814 πλοῦτον,
1585 2753 1659 2816 ὡς
1683 2755 1843 2826 πενῖᾳ

245 2835 313 2903 τῇ
337 2834 542 2904 ἐσχάτῃ
576 2837 777 2912 συζῶν,
819 2841 900 2902 εἰς
929 2842 1028 2912 τὴν
1061 2840 1210 2895 θείαν
1245 2843 1544 2912 ἐκκλησίαν
1575 2845 1712 2913 μετὰ
1732 2846 1842 2898 τῶν

247 2923 467 2978 πολλῶν
491 2927 632 2979 κατὰ
654 2929 937 3000 Κυριακὴν
968 2931 1180 3002 ἡμέραν
1203 2935 1412 3001 ἐφοίτα’
1432 2935 1525 2987 καὶ
1545 2935 1650 2988 τῶν
1681 2936 1842 2991 θείων

247 3018 464 3069 ἐπαΐων
517 3017 715 3086 λόγων,
767 3024 862 3073 καὶ
911 3025 1026 3084 τοῖς
1069 3023 1412 3088 διδασκάλοις
1468 3026 1747 3091 ὑποτιθεὶς
1773 3029 1842 3082 τὰ

245 3100 390 3171 ὦτα,
405 3107 498 3160 καὶ
520 3107 617 3176 τῆς
637 3110 904 3179 μυστικῆς
929 3111 1358 3182 μεταλαμϐάνων
1376 3114 1670 3187 τραπέζης,
1690 3119 1768 3181 εἰς
1781 3118 1841 3171 τὸ
1873 3156 1883 3187 ‘-

249 3200 442 3252 καινὸν
478 3202 654 3252 ἐκεῖνο
677 3202 1020 3271 καταγώγιον
1053 3205 1303 3276 ἐπανῄειι
1342 3206 1401 3258 ού
1429 3207 1659 3277 κλειδίρν
1679 3208 1844 3278 ἔχων,

247 3293 312 3346 ού
335 3293 552 3361 φύλακα
572 3295 1018 3366 καταλιμπάνων·
1035 3297 1236 3351 ἄϐατον
1259 3297 1363 3369 γάρ
1386 3294 1452 3370 ἦν
1475 3303 1585 3364 τοῖς
1604 3301 1843 3373 κακούρ-

249 3401 394 3453 γοις,
417 3385 513 3438 καὶ
539 3387 815 3451 παντελῶς
860 3389 1081 3454 ἄσυλον,
1119 3391 1278 3460 μόνον
1311 3390 1450 3461 ἔχων
1514 3393 1722 3446 ἐκεῖνον
1749 3395 1842 3447 τὸν

249 3474 509 3545 φορυτόν.
544 3477 731 3532 Βίϐλον
757 3478 812 3531 δέ
839 3480 966 3550 μίαν
1017 3481 1170 3552 παρά
1202 3481 1311 3534 τῶν
1338 3482 1584 3551 συνήθων
1628 3482 1842 3554 λαμϐά-

250 3581 397 3629 νωνι,
449 3566 816 3633 ἀνεγίνωσκεν
860 3570 1078 3624 ἃπασαν
1113 3588 1126 3602 ο
1165 3573 1260 3625 καὶ
1302 3573 1509 3644 ταύτην
1554 3576 1841 3640 ἀποδιδοὺς

249 3658 544 3728 πρότερον,
603 3658 775 3723 οὕτως
848 3663 1044 3730 ἑτέραν
1105 3663 1434 3734 ἐλάμϐανεν.
1491 3667 1630 3721 Ἀλλ’
1689 3669 1840 3739 ὅμως

247 3749 482 3820 κλεῖθρα
512 3751 610 3804 ούκ
635 3751 796 3822 ἔχων,
835 3753 956 3806 ούδέ
1015 3755 1232 3825 μοχλοῖς
1273 3756 1574 3828 χρώμενος,
1607 3761 1711 3813 ὑπὸ
1741 3762 1841 3830 τῆς

245 3843 459 3897 ἄνωθεν
530 3845 753 3916 χάριτος
816 3848 1158 3920 ἐφρουρεῖτο.
1197 3851 1308 3904 Καὶ
1348 3851 1508 3906 τοῦτο
1555 3854 1742 3923 σαφῶς
1769 3856 1839 3909 δι’

244 3933 424 4002 αὐτῆς
446 3937 544 4006 τῆς
573 3939 767 4010 πείρας
805 3940 1103 4012 ἐμάθομεν.
1143 3942 1271 3998 Ὅτε
1303 3943 1410 4014 γὰρ
1443 3944 1552 3998 τῶν
1579 3946 1839 4016 Ίσαύρων

245 4023 279 4076 ὁ
309 4021 464 4093 λόχος
505 4027 721 4098 νύκτωρ
765 4032 1032 4086 κατέλαϐε
1066 4033 1164 4102 τὴν
1205 4035 1521 4106 ἀκρόπολιν,
1548 4032 1668 4090 εἶτα
1702 4039 1840 4107 μετὰ

245 4113 351 4182 τὴν
374 4117 449 4169 ἓω
485 4118 676 4188 μέχρις
695 4121 867 4190 αὐτῆς
894 4123 991 4192 τῆς
1014 4123 1293 4191 ὑπωρείας
1313 4126 1550 4196 κατέδρα
1561 4145 1680 4196 μον,
1714 4129 1841 4182 πολ-

246 4207 379 4273 λοὺς
413 4211 513 4280 μέν
541 4212 760 4282 ἄνδρας,
791 4213 995 4277 πολλὰς
1019 4215 1078 4268 δὲ
1105 4219 1371 4282 γυναῖκας
1414 4217 1509 4272 τὸν
1539 4221 1838 4292 ἀσκητικὸν

250 4297 549 4370 μετιούσας
585 4299 724 4370 βίον,
753 4303 981 4371 ἀπηνῶς
1034 4305 1452 4376 κατηκόντισαν.
1486 4310 1620 4364 Τότε
1659 4309 1838 4366 τοίνυν

243 4391 275 4442 ὁ
296 4389 439 4455 θεῖος
467 4387 622 4456 οὗτος
646 4394 804 4466 ἀνὴρ,
831 4395 940 4448 τῶν
966 4397 1141 4450 ἄλλων
1169 4397 1442 4469 θεώμενος
1474 4403 1571 4467 τὰς
1602 4407 1836 4474 σφαγάς,

1947 1926 2239 1980 charitatis
2274 1923 2712 1993 obedientiaeque
2767 1921 2943 1991 gratia
2979 1935 3038 1976 se
3073 1919 3271 1974 fecisse
3299 1919 3524 1974 dicens:

1946 2019 2173 2088 propius
2219 2017 2367 2070 enim
2419 2014 2749 2070 accedentes
2773 2021 3092 2084 precantem
3145 2013 3528 2068 audiebamus.

1945 2101 2102 2176 Quod
2135 2121 2314 2164 autem
2351 2108 2418 2163 ad
2451 2115 2665 2162 tantum
2724 2106 3086 2176 philosophiae
3129 2106 3346 2159 culmen
3394 2118 3524 2158 eve-

1944 2210 2100 2266 ctus,
2151 2210 2356 2254 tantam
2401 2200 2568 2254 animi
2619 2199 3053 2254 moderationem
3105 2197 3396 2252 retinuerit
3443 2197 3529 2250 vir

1943 2293 2306 2364 grandaevus,
2362 2294 2456 2362 qui
2513 2307 2689 2346 annos
2734 2289 3103 2360 quadraginta
3140 2297 3439 2358 perpetuos
3469 2289 3523 2341 in

1943 2383 2250 2438 monastica
2304 2383 2702 2438 exercitatione
2740 2390 3035 2450 posuerat,
3078 2382 3205 2449 quis
3241 2380 3379 2436 satis
3428 2381 3526 2432 ad-

1945 2476 2136 2530 mirari
2165 2519 2180 2541 ,
2213 2483 2306 2530 aut
2343 2476 2470 2544 quis
2520 2472 2884 2544 magnitudini
2914 2473 3082 2542 pares
3107 2471 3304 2526 afferre
3335 2471 3525 2525 laudes

1945 2566 2161 2637 possit?
2195 2565 2259 2618 Et
2287 2577 2468 2620 tamen
2493 2605 2506 2627 ,
2540 2579 2666 2618 cum
2717 2570 2902 2618 tantas
2930 2561 3151 2616 virtutis
3185 2577 3318 2632 opes
3350 2561 3525 2630 possi-

1943 2660 2132 2720 deret,
2177 2658 2333 2726 quasi
2383 2667 2628 2711 extrema
2674 2656 2932 2709 laborans
2981 2654 3167 2722 inopia
3195 2694 3209 2715 ,
3261 2653 3516 2708 veniebat

1944 2766 2064 2804 eum
2106 2750 2308 2818 populo
2349 2749 2416 2802 ad
2449 2750 2697 2802 divinam
2736 2749 3025 2802 ecclesiam
3067 2747 3158 2800 die
3202 2745 3521 2807 Dominico,

1948 2840 2161 2911 1204
2213 2849 2264 2896 οι
2313 2840 2532 2894 divinos
2582 2839 2840 2894 audiebat
2894 2852 3212 2903 sermones,
3257 2843 3311 2891 et
3362 2851 3524 2890 aurcs

1947 2932 2224 3007 praebebat
2253 2931 2572 2985 doctoribus
2607 2968 2624 2994 ,
2657 2940 2712 2984 et
2741 2930 2983 2999 mysticae
3015 2941 3216 2982 mensae
3246 2925 3522 2995 particeps

1946 3021 2160 3086 factus,
2237 3024 2451 3077 redibat
2508 3023 2575 3076 ad
2630 3037 2830 3076 novum
2883 3020 3060 3074 illud‘
3107 3019 3520 3082 habitaculum,

1947 3130 2054 3168 non
2091 3115 2297 3169 clavem
2345 3115 2591 3177 habens,
2651 3128 2760 3167 non
2815 3127 3028 3176 seram,
3077 3125 3180 3164 nec
3237 3111 3520 3164 custodem

1947 3207 2118 3259 ullum
2175 3206 2529 3276 relinquens,
2583 3205 2712 3274 quia
2764 3204 2972 3258 invium
3020 3210 3138 3258 erat
3181 3217 3524 3272 prorsusque

1946 3299 2260 3353 inviolabile
2285 3298 2582 3365 maleﬁcis,
2610 3305 2668 3350 ut
2698 3297 2843 3366 quod
2878 3303 3075 3367 praeter
3097 3303 3336 3350 stoream
3371 3295 3520 3349 illam

1945 3395 2084 3450 nihil
2120 3394 2364 3449 haberet.
2401 3393 2580 3450 Unum
2621 3392 2820 3446 librum
2862 3406 2890 3445 a
2922 3390 3204 3446 sodalibus
3244 3390 3522 3458 accipiens

1945 3493 2122 3540 totum
2175 3484 2520 3554 perlegebat,
2580 3482 2774 3538 ethoc
2826 3482 2982 3552 prius
3030 3481 3243 3537 reddito
3287 3481 3518 3534 alterum

1945 3576 2268 3647 accipiebat.
2314 3573 2516 3630 Verum
2550 3589 2703 3630 seras
2733 3574 2862 3628 licet
2912 3589 3021 3627 non
3083 3572 3307 3627 haberet
3349 3571 3520 3627 vecti-

1942 3670 2154 3743 busque
2183 3682 2288 3721 non
2323 3673 2592 3744 uteretur,
2623 3678 2654 3718 a
2685 3677 2920 3732 superna
2951 3662 3126 3733 gratia
3171 3661 3521 3716 custodieba-

1944 3771 2035 3815 tur
2083 3780 2095 3816 :
2142 3757 2291 3831 quod
2338 3757 2562 3828 quidem
2594 3755 2932 3827 experientia
2969 3755 3089 3825 ipsa
3142 3752 3355 3824 liquido
3396 3767 3520 3821 per-

1944 3855 2244 3924 speximus.
2301 3850 2434 3905 Nam
2483 3865 2595 3919 quo
2642 3857 2888 3918 tempore
2933 3849 3248 3901 Isaurorum
3291 3850 3520 3898 caterva

1942 3956 2107 4000 noctu
2164 3957 2346 3997 arcem
2406 3943 2585 4011 cepit,
2649 3955 2918 4008 maneque
2969 3939 3038 3991 ad
3094 3937 3294 3991 montis
3351 3950 3522 4002 usque

1942 4036 2156 4090 radices
2181 4033 2490 4102 progressi,
2524 4031 2794 4100 plurimos
2821 4039 2935 4082 tum
2967 4029 3116 4082 viros
3137 4034 3252 4079 tum
3288 4026 3520 4079 feminas

1941 4128 2108 4181 vitam
2141 4134 2367 4194 agentes
2414 4124 2779 4177 monasticam
2821 4121 3085 4174 atrociter
3115 4117 3518 4176 confoderunt,

1941 4218 2024 4273 vir
2044 4217 2132 4271 hic
2153 4215 2373 4270 divinus
2398 4214 2628 4267 aliorum
2645 4211 2823 4266 caedes
2847 4209 3086 4272 intuens,
3104 4207 3322 4263 illorum
3345 4205 3522 4262 oculis

1942 4324 2105 4382 prece
2133 4321 2232 4363 sua
2270 4307 2528 4362 tenebras
2565 4303 2798 4368 offudit,
2839 4301 2912 4356 ita
2947 4302 3255 4372 utjanuam
3300 4308 3522 4370 praeter-

1941 4409 2136 4459 euntes
2164 4415 2274 4455 non
2320 4407 2634 4454 cernerent.
2669 4394 2742 4451 Ut
2770 4405 2948 4451 autem
2989 4394 3290 4458 referebat,
3327 4399 3518 4447 testem

244 4482 384 4554 εὐχῇ
421 4485 519 4546 τὰς
547 4484 770 4539 ἐκείνων
795 4487 1041 4557 κατεμαύ
1057 4505 1229 4560 ρωσεν
1252 4490 1403 4561 ὄψεις
1424 4511 1436 4524 ·
1477 4497 1572 4549 καὶ
1597 4496 1683 4550 διὰ
1737 4500 1837 4568 τῆς

1947 4495 2225 4565 appellans
2248 4491 2550 4554 veritatem,
2583 4498 2695 4543 tres
2715 4489 2884 4543 etiam
2907 4487 3286 4542 adolescentes
3313 4483 3522 4554 perspi-

245 4571 425 4643 θύρας
487 4576 655 4641 ἰόντες
708 4578 810 4631 ούκ
875 4577 1144 4649 ἐθεώρουν
1206 4582 1304 4651 τὴν
1369 4585 1593 4641 εἴσοδον.
1651 4589 1736 4650 Ὠς
1779 4591 1835 4644 δέ

244 4661 480 4732 ἔφασκε,
545 4669 798 4738 μάρτυρα
863 4668 1044 4722 καλῶν
1093 4671 1190 4741 τὴν
1224 4673 1504 4744 ἀλήθειαν,
1555 4679 1650 4732 καὶ
1709 4683 1835 4752 τρία

1943 4605 2043 4646 cue
2077 4587 2230 4650 vidit,
2263 4587 2356 4656 qui
2385 4594 2558 4639 totum
2589 4581 2725 4638 illud
2763 4595 2956 4651 agmen
2993 4578 3375 4652 profligabant,
3411 4573 3522 4629 Dro

1943 4679 2280 4753 peculiarem
2325 4692 2482 4732 suam
2530 4675 2762 4744 gratiam
2805 4681 2993 4741 aperte
3025 4672 3461 4727 demonstrante.

246 4758 518 4827 μειράκια
546 4759 791 4830 ἐναργῶς
818 4760 1081 4816 ἐθεάσατο
1104 4762 1250 4818 ἆπαν
1273 4767 1449 4822 ἐκεῖνο
1496 4767 1844 4834 ἐξελαύνοντα
1899 4777 1962 4832 τὸ
2001 4774 2209 4842 στίφος,
2249 4763 2435 4837 σαφῶς
2462 4768 2556 4820 τοῦ
2590 4765 2726 4820 Θεοῦ
2761 4763 2861 4834 τὴν
2916 4765 3120 4818 οἰκείαν
3171 4763 3330 4832 χάριν
3387 4762 3518 4814 ὑπο·

242 4848 573 4917 δεικνύντος.
614 4859 618 4863 ’

333 4945 548 4997 Ὀποίον
583 4947 680 5016 μὲν
709 4945 802 5002 οῦν
830 4949 926 5020 ἔζη
963 4950 1076 5021 βίον
1105 4953 1134 5006 ό
1158 4951 1300 5017 θεῖος
1348 4948 1504 5022 οὗτος
1542 4959 1702 5031 ἀνὴρ,
1735 4963 1832 5016 καὶ

243 5034 368 5096 οῖας
411 5033 595 5088 θεόθεν
643 5039 927 5107 ἁπήλαυσε
987 5042 1248 5113 χάριτοςν
1288 5045 1504 5119 ἀπόχρη
1542 5052 1832 5106 καὶταῦτα

241 5125 481 5192 διδάξαι.
514 5128 674 5182 Ἀλλὰ
706 5132 816 5201 γὰρ
846 5135 1144 5202 ἀναγκαῖον
1183 5137 1403 5192 κάκεῖνο
1429 5141 1639 5207 τούτοις
1669 5162 1837 5215 προσ-

244 5217 445 5273 θεῖναι.
491 5221 624 5274 Λίαν
671 5223 832 5276 αὐτὸν
881 5226 1008 5293 ἡνία
1061 5228 1156 5281 καὶ
1201 5228 1413 5296 ἔδακνε,
1473 5233 1535 5286 τὸ
1559 5234 1835 5306 διαμεῖναι

243 5309 352 5380 τὴν
409 5314 726 5384 περιουσίαν
760 5354 774 5378 ,
834 5317 928 5369 καὶ
993 5318 1066 5388 μὴ
1135 5321 1277 5378 κατὰ
1331 5323 1424 5375 τὸν
1482 5326 1837 5394 εὐαγγελικὸν

240 5402 622 5474 διαπραθῆναί
664 5421 723 5458 τε
761 5407 854 5460 καὶ¹
888 5405 1284 5479 διανεμηθῆναι
1331 5413 1513 5482 νόμον.
1561 5415 1743 5468 Αἴτιον
1779 5415 1837 5468 δὲ

242 5493 444 5548 τούτου
475 5492 541 5567 ἦν
562 5498 660 5565 τῆς
682 5497 788 5550 τῶν
805 5497 1050 5568 ἀδελφῶν
1073 5501 1290 5571 ἡλικίας
1311 5504 1372 5557 τὸ
1402 5505 1602 5575 ἄωρον.
1620 5506 1838 5576 Ἐπειδὴ

227 5587 364 5678 ¹γάρ
411 5588 567 5643 κεινὰ
598 5585 666 5660 ἦν
695 5591 766 5644 τά
793 5609 852 5644 τε
883 5595 1158 5663 κτήματα,
1204 5596 1296 5649 ml.
1329 5596 1397 5649 τά
1429 5598 1710 5668 χρήματα,
1744 5599 1840 5650 αὐ·

228 5679 349 5776 Ι’τὸς
383 5681 482 5752 μὲν
512 5681 840 5737 καταλαϐεῖν
871 5683 971 5753 τῆς
1001 5684 1263 5756 διανομῆς
1308 5686 1496 5740 ἕνεκεν
1547 5687 1642 5759 τὴν
1692 5691 1842 5757 ἐνεγο

231 5773 467 5830 ίκοῦσαν
495 5774 593 5826 οὐκ
624 5773 815 5845 ἢθελεν
852 5792 862 5805 ·
906 5777 1152 5850 ἐτέρνρδέ
1191 5779 1290 5847 τῆς
1331 5778 1518 5842 οὐσίας
1552 5780 1842 5833 amazon

2011 4951 2242 5020 Qualem
2277 4962 2411 5016 ergo
2445 4947 2610 5000 vitam
2641 4947 2724 5001 vir
2764 4946 2866 5001 iste
2899 4953 3122 5000 sanctus
3165 4945 3418 5010 duxerit,
3464 4953 3520 5000 et

1943 5060 2107 5116 quam
2138 5040 2404 5097 divinitus
2439 5038 2672 5109 gratiam
2723 5038 3025 5106 acceperit,
3064 5035 3280 5090 abunde
3319 5036 3520 5092 docere

1944 5141 2060 5194 haec
2105 5143 2337 5206 possunt
2401 5153 2413 5188 :
2477 5132 2571 5187 sed
2627 5139 2811 5185 tamen
2871 5128 3002 5182 illud
3042 5130 3209 5183 etiam
3257 5130 3342 5185 his
3391 5129 3517 5184 addi

1943 5244 2172 5284 necesse
2198 5233 2305 5282 est.
2335 5223 2586 5293 Angebat
2625 5223 2774 5277 ἱΙΙιιιιι
2810 5219 3114 5288 urcbatque
3149 5221 3520 5278 vehementer,

1947 5319 2092 5392 quod
2139 5319 2366 5387 integra:
2411 5321 2694 5369 manerent
2727 5313 2900 5382 ipsius
2934 5311 3260 5370 facultates.
3313 5321 3368 5366 et
3411 5328 3519 5366 non

1941 5413 2097 5483 juxta
2158 5412 2329 5480 legem
2394 5406 2764 5477 evangelicam
2817 5405 3048 5458 vendita:
3103 5419 3166 5456 ac
3217 5403 3522 5457 distributa:

1949 5505 2204 5558 fuissent.
2239 5500 2423 5555 Causa
2455 5507 2640 5553 autem
2675 5496 2796 5566 ejus
2829 5496 2901 5550 rei
2939 5493 3118 5548 fuerat
3159 5492 3346 5548 fratris
3381 5493 3522 5548 ﬁlio-

1948 5614 2070 5654 rum
2113 5608 2244 5651 atlas
2283 5595 2602 5649 immatura.
2641 5589 2777 5644 Nam
2820 5603 3138 5644 communes
3175 5603 3298 5640 cutn
3343 5597 3530 5642 CSSNIL

1953 5688 2336 5762 possessiones
2365 5695 2418 5742 et
2449 5685 2696 5756 pecuniae
2723 5725 2736 5745 ,
2771 5697 2877 5738 nec
2907 5681 2963 5734 iu
2996 5680 3228 5748 patriam
3254 5679 3368 5747 ipse
3398 5680 3530 5732 diri-

1951 5783 2126 5839 sionis
2163 5781 2333 5850 gratia
2361 5779 2635 5852 proficisci
2666 5777 2890 5832 volebat
2915 5814 2929 5838 ,
2963 5780 3014 5826 et
3046 5773 3362 5826 facultatum
3410 5783 3550 5839 ιιιισι-
