3974 6212
454 399 586 463 i399

1403 389 1894 450 THEUDORETI
1960 389 2298 454 EPISCOPI
2350 395 2715 458 CYRENSIS

3579 401 3735 463 τωο

451 523 560 570 tem
603 509 814 582 1205
846 507 1165 564 venundare
1194 507 1507 573 verebatur,
1541 523 1611 563 ne
1631 508 1678 563 si
1708 508 1933 564 avarius
1964 508 2034 564 ab

2151 510 2197 565 to
2239 513 2408 585 μέρος
2461 501 2678 577 ἐδεδίει,
2711 519 2787 589 μὴ
2833 517 3121 589 πλεονεξίᾳ
3146 521 3194 572 oi
3244 520 3541 591 ὠνούμενοι
3579 520 3730 575 κατὰ

449 605 792 676 emptoribus
836 609 1214 657 tractarentur
1259 598 1492 655 fratrum
1543 599 1638 655 lilii
1667 641 1684 667 ,
1742 601 1798 655 in
1851 601 2031 672 ipsum

451 694 745 750 calumnia:
780 690 1177 748 redundarent.
1230 690 1355 746 Haec
1398 690 1544 760 apud
1593 707 1654 747 se
1700 692 1894 746 animo
1915 707 2034 746 ver-

433 800 585 846 .xans
605 782 978 854 venditionem
1015 781 1110 838 diu
1145 782 1381 838 distulit.
1424 782 1620 838 Postea
1663 798 1788 838 cum
1817 783 2034 838 cuidam

451 893 520 931 ex
553 876 662 932 sibi
715 875 862 931 notis
893 875 1078 930 omnia
1111 874 1482 940 vendidisset,
1541 891 1792 946 magnam
1823 885 2032 948 partem

451 967 574 1039 ipse
622 966 1070 1031 distribuit,,.ac
1117 965 1186 1021 de
1235 967 1451 1021 caeteris
1504 966 1809 1022 deliberare
1842 968 2036 1021 morbo

450 1060 858 1121 luterveniente
909 1067 1135 1115 coactus
1183 1067 1287 1114 est.
1341 1058 1534 1114 Accito
1582 1059 1750 1128 igitur
1795 1057 2035 1114 civitatis

451 1151 704 1207 antistite
747 1151 818 1220 (is
849 1158 1032 1206 autem
1074 1159 1196 1205 erat
1227 1166 1458 1219 magnus
1493 1149 1828 1217 Alexander,
1853 1150 2037 1221 splen-

455 1244 560 1298 dor
598 1243 928 1316 religionis,
979 1243 1263 1312 exemplar
1297 1242 1518 1299 virtutis
1544 1281 1559 1308 ,
1611 1250 1805 1298 exacta
1855 1243 2036 1312 imago

455 1335 880 1406 philosophiae):
921 1353 938 1387 ι
976 1335 1256 1392 Adesdum
1282 1385 1300 1405 ,
1345 1337 1560 1407 inquit,
1603 1350 1635 1391 ο
1661 1335 2034 1392 venerandum

457 1430 591 1485 mihi
615 1437 783 1500 caput
807 1471 824 1497 ,
849 1439 968 1486 esto
998 1430 1229 1487 istarum
1255 1445 1474 1501 quoque
1495 1429 1856 1500 pecuniarum
1889 1429 2034 1500 opti-

457 1538 581 1578 mus
616 1523 983 1592 dispensator,
1015 1538 1107 1578 eas
1147 1523 1304 1593 juxta
1336 1522 1429 1595 Dei
1478 1524 1813 1578 voluntatem
1847 1522 2037 1577 distri-

457 1612 633 1669 buens
658 1652 673 1676 ,
707 1621 969 1683 tanquam
1029 1611 1144 1682 ipsi
1169 1611 1346 1682 judici
1391 1613 1660 1668 rationem
1697 1611 2033 1667 redditurus.

456 1706 609 1761 Alias
634 1706 780 1761 enim
814 1720 934 1762 mea
971 1705 1087 1775 ipse
1113 1719 1288 1760 manu
1313 1718 1478 1776 quam
1511 1705 1716 1775 optime
1741 1704 1922 1758 visum
1952 1710 2038 1758 est

457 1793 774 1866 dispensavi
803 1835 819 1858 ,
858 1804 920 1851 et
964 1796 1207 1866 reliquas
1250 1796 1506 1851 similiter
1539 1795 1866 1866 dispensare
1915 1793 2036 1847 ani-

460 1902 586 1942 tnus
611 1897 750 1943 erat.
789 1885 897 1942 Sed
921 1887 1184 1958 quoniam
1212 1887 1366 1943 abire
1395 1902 1462 1942 ex
1486 1888 1504 1906 ‘
1538 1887 1641 1942 hac
1665 1887 1778 1940 vita
1812 1885 2034 1956 juheor,

461 1978 657 2033 barum
688 1987 743 2034 te
781 1979 1224 2049 dispensatorem
1262 1980 1492 2034 instituo
1517 2021 1532 2044 ,
1570 1979 1665 2048 qui
1703 1985 1758 2033 et
1792 1975 2036 2047 pontifex

461 2084 544 2134 es,
596 2078 651 2124 et
691 2068 1013 2138 pontificatu
1066 2070 1293 2141 dignam
1323 2070 1490 2124 vitam
1529 2069 1672 2139 agis.
1709 2087 1728 2121 ι
1771 2067 2042 2124 Pecunias

461 2177 594 2233 ergo
627 2162 781 2218 velut
802 2162 991 2216 divino
1024 2162 1289 2232 quaestori
1322 2161 1549 2216 tradidit
1579 2179 1592 2216 :
1624 2162 1740 2231 ipse
1766 2176 1908 2216 vero
1931 2176 2042 2215 non

465 2252 636 2308 multo
684 2263 808 2324 post
841 2260 1088 2324 tempore
1137 2261 1458 2324 superstes,
1500 2260 1761 2322 tanquam
1798 2251 2043 2323 Olympi-

461 2359 563 2400 cus
601 2343 778 2400 victor
811 2344 1086 2415 quispiam
1142 2359 1211 2400 ex
1258 2344 1443 2399 stadio
1476 2343 1757 2406 decessit,
1807 2357 1916 2396 non
1975 2340 2051 2394 ab

461 2436 780 2492 hominibus
819 2436 1240 2501 tantummodo,
1294 2435 1389 2491 sed
1438 2435 1506 2490 ab
1559 2434 1769 2506 angelis
1820 2447 2043 2505 quoque

464 2526 652 2584 laudes
679 2527 942 2584 referens.
976 2526 1088 2598 Ego
1119 2535 1302 2582 autem
1330 2527 1479 2582 hunc
1519 2525 1684 2581 etiam
1731 2523 1864 2578 mihi
1897 2521 2042 2594 apud

463 2617 634 2672 Deum
673 2615 1095 2673 intercessorem
1147 2615 1490 2688 deposcens,
1533 2614 1601 2670 ad
1634 2615 1865 2672 alteram
1915 2628 2045 2668 nar-

465 2709 740 2764 rationem
777 2707 1041 2780 deinceps
1067 2721 1154 2764 me
1185 2714 1525 2764 convertam.

890 2892 1032 2948 XIII.
1063 2922 1129 2935 -
1148 2888 1614 2949 MACEDONIUS.

537 2985 920 3044 Macedoniam
951 2999 1121 3050 vero,
1161 2985 1255 3056 qui
1278 2984 1645 3056 Critophagus
1672 2983 1749 3055 (id
1774 2991 1891 3050 est,
1918 2984 2048 3038 hor-

465 3078 622 3133 deum
676 3077 858 3149 etiam)
903 3077 1211 3149 appellatus
1249 3084 1337 3132 est
1375 3075 1502 3147 (hoc
1528 3075 1675 3131 enim
1707 3074 1790 3131 illi
1836 3089 2048 3146 cogno-

2137 604 2244 658 τῶν
2274 606 2519 676 ἀδελφῶν
2551 611 2914 682 χρησάμενοι,
2952 613 3326 685 βλασφημίαις
3371 615 3534 670 αὑτὸν
3563 631 3729 684 περι-

2138 699 2366 754 ϐάλωσι.
2398 699 2636 766 Τούτους
2666 705 2725 757 ἐν
2747 704 2927 776 ἐαυτῷ
2954 707 3202 778 στρέφων
3239 708 3367 771 τοὺς
3393 707 3724 776 λογισμοὺς.

2138 790 2306 844 πολὺν
2335 791 2434 862 τὴν
2471 791 2732 846 ἀπόδοσιν
2759 795 3083 850 ἀνεϐάλλετο
3129 798 3346 869 χρόνον,
3401 795 3630 865 ὕστερον
3666 794 3730 846 δέ

2136 899 2244 935 τινι
2297 881 2406 935 τῶν
2459 883 2754 955 γνωρίμων
2811 886 3146 959 ἀποδόμενος
3200 887 3448 948 ἅπαντα,
3495 885 3566 938 τὰ
3621 886 3732 956 μὲν

2139 975 2368 1029 πλεῖστα
2399 975 2660 1048 διένειμε,
2696 979 2901 1050 μεταξὺ
2930 979 2984 1032 δὲ
3009 979 3292 1053 ἀρρωστία
3316 978 3568 1050 συμϐᾶσα
3591 979 3732 1046 περὶ

2136 1067 2245 1121 τῶν
2273 1067 2622 1141 λειπομένων,
2653 1071 3046 1140 βουλεύσασθαι
3080 1071 3490 1142 κατηνάγκασε.
3537 1070 3736 1123 Μετα-

2138 1157 2496 1228 πεμψάμενος
2529 1159 2706 1213 τοίνυν
2741 1161 2833 1214 τὸν
2868 1161 2971 1230 τῆς
3007 1161 3214 1222 πόλεως
3251 1159 3516 1230 πρόεδρον
3541 1154 3636 1228 (ἦν
3671 1159 3734 1211 δὲ

2135 1247 2166 1300 ό
2194 1247 2366 1318 μέγας
2401 1249 2801 1321 Ἀλέξανδρος),
2838 1250 2901 1304 τὺ
2930 1251 3029 1321 τῆς
3073 1249 3356 1313 εὐσεϐείας
3420 1248 3735 1317 ἀγλάϊσμα,

2138 1341 2237 1412 τῆς
2261 1341 2464 1412 ἀρετῆς
2487 1342 2547 1395 τὸ
2577 1342 2910 1413 ἀρχέτυπον,
2937 1345 2972 1414 ή
3003 1342 3242 1414 ἀκριϐὴς
3271 1346 3371 1412 τῆς
3403 1341 3741 1411 φιλοσοφίας

2138 1433 2321 1496 εἰκὼν,
2369 1433 2594 1505 «Δεῦρο,
2629 1433 2756 1505 ἔφη,
2783 1429 2829 1488 ὧ
2859 1434 2980 1488 θεία
3014 1451 3104 1506 μοι
3144 1434 3379 1506 κεφαλὴ,
3405 1433 3564 1501 γε·ιοῦ
3635 1434 3741 1484 καὶ

2138 1522 2306 1578 τῶνδε
2334 1523 2443 1578 τῶν
2501 1525 2800 1596 χρημάτων
2848 1525 3070 1596 ἄριστος
3125 1525 3430 1594 οἰκονόμος,
3456 1523 3604 1577 κατὰ
3641 1522 3740 1574 τὸν

2141 1615 2281 1669 θεῖον
2346 1615 2489 1669 αὑτά
2545 1615 2816 1687 διανέμων
2864 1616 3088 1677 σκοπὸν.
3119 1615 3194 1678 ὠς
3229 1616 3421 1685 ἐκείνῳ
3443 1615 3523 1684 τῷ
3559 1616 3736 1685 κριτῇ

2140 1708 2238 1771 τὰς
2265 1707 2494 1770 εὐθύνας
2527 1706 2758 1775 ὑφέξων.
2790 1707 2910 1760 Τῶν
2945 1709 3045 1779 μὲν
3069 1707 3176 1779 γὰρ
3202 1707 3377 1761 ἄλλων
3419 1705 3740 1776 αὐτουργὸς

2141 1799 2411 1870 ἐγενόμην
2448 1800 2578 1868 ἐγὼ,
2609 1801 2702 1853 καὶ
2743 1793 3029 1873 διέδωκαῇ
3069 1799 3320 1869 ἐνόμιζον
3365 1799 3564 1869 ἄριστα
3585 1814 3602 1826 ’
3637 1798 3739 1849 καὶ

2144 1893 2212 1946 τά
2242 1892 2538 1962 λειπόμενα
2569 1891 2627 1946 δὲ
2655 1891 3054 1964 παραπλησίως
3074 1892 3377 1962 οἰκονομεῖν
3400 1889 3736 1960 ἐϐουλόμην.

2159 1986 2376 2054 Ἐπειδὴ
2399 1985 2454 2038 δὲ
2479 1986 2540 2038 ἐκ
2570 1985 2724 2038 τοῦδε
2766 1983 2862 2038 τοῦ
2891 1983 3006 2054 βίου
3051 1983 3356 2054 μεταϐῆναι
3402 1981 3753 2050 κελεύομαι,.

2147 2078 2205 2130 σὲ
2237 2079 2444 2132 τούτων
2473 2077 2756 2147 οἰκονόμον
2791 2077 3114 2147 καθίστημι,
3158 2076 3420 2148 ἀρχιερέα
3463 2093 3523 2128 τε
3571 2076 3736 2136 ὄντα.

2145 2171 2241 2224 καὶ
2299 2170 2400 2239 τῆς
2444 2171 2856 2242 ἀρχιερωσύνης
2907 2169 3076 2237 ἀξίως
3127 2168 3566 2238 πολιτευόμενον.
3599 2184 3620 2217 ι
3653 2165 3741 2219 τὰ

2148 2262 2246 2332 μὲν
2278 2257 2370 2316 οὖν
2396 2263 2656 2334 χρήματα
2688 2263 2763 2325 ώς
2801 2261 2931 2332 θείῳ
2963 2261 3136 2332 ταμίᾳ
3182 2259 3608 2332 παραδέδωκεν
3635 2259 3741 2312 αύ-

2144 2352 2236 2416 τδς
2255 2353 2312 2407 δέ
2342 2354 2403 2407 οὺ
2449 2354 2620 2408 πολὺν
2663 2352 2964 2417 ἐπιϐιώσας
3017 2353 3231 2425 χρόνον,
3282 2348 3372 2406 οἶά
3400 2368 3487 2414 τις
3525 2351 3740 2421 Ὄλυμο

2146 2445 2399 2518 πιονίκης
2457 2446 2566 2500 ἀπὸ
2613 2445 2724 2499 τῶν
2776 2443 3120 2515 σκαμμάτων
3166 2443 3417 2514 ἀπῆρεν,
3463 2441 3527 2495 οὐ
3581 2441 3742 2512 παρὰ

2145 2536 2452 2609 ἀνθρώπων
2485 2537 2666 2608 μόνον,
2705 2535 2842 2590 ἀλλὰ
2885 2535 2981 2589 καὶ
3013 2533 3167 2604 παρά
3218 2533 3467 2604 ἀγγέλων
3500 2533 3608 2603 τήν
3651 2534 3742 2585 εὐ-

2147 2630 2358 2701 φημίαν
2413 2629 2728 2700 δεξάμενος.
2782 2627 2927 2697 Ἐγὼ
2970 2627 3027 2680 δέ
3077 2627 3169 2681 καὶ
3215 2626 3406 2680 τοῦτον
3449 2624 3593 2696 πρὸς
3648 2626 3742 2678 τὸν

2147 2721 2425 2792 Δεσπότην
2481 2721 2621 2792 ὑπὲρ
2670 2718 2806 2790 ἐμοῦ
2852 2718 3175 2790 πρεσϐεύειν
3233 2717 3630 2784 ἀντιϐολήσας,
3661 2717 3750 2779 εἰς

2122 2811 2125 2814 ’
2148 2813 2349 2886 ἐτέραν.
2371 2813 2623 2882 διήγησιν
2645 2811 2738 2866 τοῦ
2777 2811 2967 2865 λοιποῦ
2993 2811 3423 2882 μετατρέψομαι.

2610 2904 2708 2958 1Γ¹;
2721 2936 2783 2946 -
2817 2901 3288 2959 ΜᾹΚΕΔΟΝΙΟΣ.

2219 2996 2551 3052 Μακεδόνων
2591 2996 2667 3061 δέ,
2724 2996 2816 3050 τὸν
2865 2995 3096 3066 ἐπίκλην
3142 2992 3493 3064 Κριθοφάγον
3520 2990 3591 3062 (ή
3631 2991 3770 3082 γάρ,

2150 3090 2326 3146 τοιάδε
2348 3089 2524 3162 τροφὴ
2551 3089 2754 3162 ταύτην
2787 3087 2938 3159 αύτῷ
2971 3088 3072 3160 τὴν
3092 3086 3410 3156 ἐπωνυμίαν
3434 3083 3741 3154 ἐπέθηκεν)

467 3186 592 3226 men
635 3186 766 3226 esca
819 3169 970 3226 dedit
1003 3184 1116 3241 qua
1141 3167 1522 3240 vescebatur),
1572 3174 1779 3224 norunt
1819 3169 2038 3239 quidem

2154 3183 2301 3236 ῐσασι
2324 3182 2424 3253 μὲν
2452 3182 2712 3246 ἅπαντες,
2741 3180 2988 3245 Φοίνικές
3016 3197 3098 3247 τε,
3129 3179 3222 3232 καὶ
3245 3179 3422 3250 Σύροι,
3449 3177 3539 3230 καί
3573 3176 3746 3230 KQ:—

464 3279 658 3318 omnes
686 3270 741 3319 et
768 3261 1055 3318 Phaniccs
1075 3305 1090 3330 ,
1120 3269 1176 3317 et
1205 3259 1367 3334 Syri,
1389 3271 1441 3317 et
1468 3259 1667 3316 Cilices
1692 3279 1708 3328 ;
1756 3267 1970 3316 norunt
1991 3269 2047 3314 et

466 3356 700 3412 istorum
737 3355 901 3410 vicini
932 3362 1096 3425 atque
1123 3352 1380 3408 finitimi“:
1404 3367 1640 3424 quorum
1659 3351 1752 3406 alii
1784 3350 2047 3407 miracula

468 3446 574 3503 viri
615 3446 794 3502 oculis
841 3445 968 3501 suis
993 3443 1280 3510 viderunt,
1315 3441 1410 3497 alii
1449 3441 1664 3513 1206
1709 3440 1906 3497 famam
1955 3439 2047 3496 illa

469 3538 860 3611 praedicantem
894 3545 949 3592 et
997 3535 1367 3592 celebrantem
1411 3536 1760 3590 audiverunt.
1785 3527 1913 3588 Nec
1962 3542 2050 3587 ta-

465 3645 594 3686 men
623 3629 810 3684 omnia
841 3630 1025 3685 sciunt
1061 3643 1258 3684 omnes
1291 3645 1306 3682 :
1358 3625 1454 3682 sed
1494 3640 1620 3681 cum
1657 3624 1764 3679 hoc
1807 3623 1896 3680 isti
1920 3665 1934 3686 ,
1969 3624 2046 3678 illi

465 3723 617 3778 aliud
646 3722 983 3785 didicerint,
1029 3721 1176 3792 quod
1204 3719 1442 3792 quisque
1485 3725 1726 3782 norunt,
1771 3719 1822 3772 id
1853 3718 2050 3773 merito

467 3814 645 3869 solum
678 3810 1043 3866 admirantur.
1095 3809 1208 3880 Ego
1259 3817 1482 3872 autem,
1519 3808 1612 3879 qui
1663 3806 1842 3863 divini
1885 3807 2056 3876 hujus

465 3905 570 3960 viri
628 3919 718 3960 res
774 3902 991 3958 cateris
1038 3901 1359 3957 accuratius
1425 3900 1589 3966 novi,
1639 3899 1842 3970 quippe
1885 3915 2046 3970 quem

466 3996 533 4051 ad
561 4010 687 4052 eum
718 3993 1006 4051 visendum
1040 3992 1569 4064 suspiciendumque
1609 3991 1777 4047 multa
1805 3990 2050 4062 impelle-

466 4090 640 4152 bant,
676 4087 896 4159 singula
951 4101 1054 4156 pro
1105 4085 1324 4140 viribus
1378 4084 1516 4140 meis
1556 4097 1847 4154 exponam.
1893 4080 2049 4135 Hunc

466 4188 653 4236 autem
690 4179 767 4236 illi
794 4179 1046 4236 ordinem
1075 4178 1356 4234 reservavi
1385 4217 1400 4241 ,
1443 4187 1496 4234 et
1527 4183 1654 4248 post
1693 4176 1902 4230 multos
1930 4174 2056 4246 ejus

468 4273 804 4328 mentionem
849 4269 1119 4328 collocavi
1148 4311 1163 4336 ,
1215 4284 1324 4326 non
1356 4268 1503 4341 quod
1537 4269 1742 4324 virtute
1777 4267 2052 4339 posterior

467 4367 593 4424 aliis
620 4374 770 4422 esset
790 4364 939 4436 (cum
966 4364 1204 4421 summis
1229 4364 1378 4421 enim
1411 4363 1720 4434 primisque
1751 4360 2058 4430 certabat),.

469 4461 564 4517 sed
600 4460 729 4532 quia
773 4474 899 4515 cum
953 4458 1332 4528 longissimam
1384 4456 1583 4512 vixerit
1627 4463 1842 4512 aetatem
1869 4494 1884 4518 ,
1929 4464 2054 4525 post

470 4553 594 4606 illos
625 4550 828 4623 quibus
855 4550 1081 4605 memini
1112 4550 1356 4606 excessit
1389 4565 1421 4605 e
1453 4550 1586 4604 vita.

540 4639 643 4696 llic
671 4657 804 4712 ergo
845 4656 946 4712 pro
969 4641 1227 4711 palaestra
1267 4647 1326 4697 et
1357 4640 1540 4697 stadio
1574 4640 1847 4696 montium
1881 4639 2053 4695 verti-

2148 3292 2242 3339 κες
2259 3292 2272 3304 ·
2309 3275 2457 3329 ῐσασι
2487 3273 2544 3327 δέ
2561 3273 2656 3328 καὶ
2672 3274 2721 3327 οί
2735 3271 2942 3326 τούτων
2957 3269 3145 3343 ὃμοροί
3165 3287 3224 3323 τε
3250 3269 3339 3324 καὶ
3351 3267 3592 3334 γείτονες
3631 3281 3647 3294 ο
3675 3267 3736 3319 οἱ

2150 3365 2249 3436 μὲν
2277 3363 2539 3416 αὐτόπται
2564 3361 2671 3416 τῶν
2691 3361 2784 3416 τοῦ
2808 3360 3000 3431 ἀνδρὸς
3026 3359 3127 3414 Θαυ
3135 3358 3314 3429 μάτων
3335 3355 3653 3424 γενόμενοι,
3687 3358 3760 3407 οἱ·

2147 3455 2204 3509 δέ
2216 3456 2316 3526 τῆς
2327 3455 2400 3526 φή
2411 3470 2517 3524 μης
2546 3451 2778 3526 ᾀδούσης
2794 3452 2965 3506 ταῦτα
2983 3451 3076 3504 καὶ
3113 3447 3435 3523 θρυλλούσης
3456 3444 3751 3499 ἀκούσανο

2149 3561 2258 3607 τες.
2275 3543 2349 3597 Οὐ
2367 3543 2472 3613 μὴν
2482 3541 2718 3606 ἅπαντες
2735 3543 2913 3594 ἴσασιν
2924 3538 3161 3606 ἅπαντα,
3180 3538 3294 3592 ἀλλ’
3311 3539 3359 3590 oi
3376 3535 3472 3608 μὲν
3489 3533 3750 3598 τοῦτο,οξ

2156 3633 2213 3686 δὲ
2245 3635 2418 3687 ἐκεῖνο
2441 3633 2843 3704 μεμαθηκότες,
2860 3631 2888 3684 δ
2913 3631 3275 3700 γινώσκουσιν
3296 3626 3525 3689 εἰκότως
3561 3627 3744 3697 μόνον

2151 3722 2542 3797 Θαυμάζουσινζ
2588 3725 2730 3793 Ἐγὼ
2755 3725 2834 3788 δὲ,
2867 3724 2938 3778 τὰ
2982 3724 3128 3778 κατά
3161 3722 3262 3792 τὴν
3296 3720 3445 3774 θείαν
3485 3719 3621 3788 ἐμοὶ
3657 3735 3746 3769 κε-

2151 3817 2327 3888 φαλήν
2356 3817 2470 3871 τῶν
2499 3816 2709 3871 πολλῶν
2739 3816 3129 3890 ἀκριϐέστερον
3157 3813 3518 3884 ἐπιστάμενος
3547 3811 3752 3883 (πολλὰ

2151 3911 2258 3981 γάρ
2283 3926 2372 3981 μοι
2394 3909 2525 3980 παρ’
2552 3907 2714 3961 αὑτὸν
2742 3907 2879 3962 ἰέναι
2905 3907 2998 3962 καὶ
3029 3903 3335 3976 θαυμάζειν
3365 3901 3744 3973 προέτρεπε),

2150 3999 2478 4070 διηγήσομαι
2511 3997 2589 4060 ὼς
2625 3996 2690 4050 ἂν
2722 3997 2931 4050 ἐκαστα
2953 3994 3220 4065 δύνωμαι.
3254 3989 3478 4060 Ταύτην
3503 3985 3570 4040 δέ
3596 3985 3746 4053 αὐτῷ

2155 4093 2252 4166 τὴν
2271 4091 2424 4157 τάξιν
2485 4085 2787 4163 τετήρηκα,
2847 4091 2941 4146 καὶ
3003 4088 3141 4160 μετά
3201 4085 3433 4148 πολλοὺς
3485 4081 3666 4135 αὑτοῦ
3692 4080 3758 4132 τέ

2151 4182 2398 4254 διήγημα
2418 4180 2664 4244 τέθεικα,
2695 4181 2796 4234 οὐκ
2817 4179 3004 4250 ἐπειδὴ
3029 4177 3282 4250 δεύτερος
3303 4175 3414 4230 τῶν
3441 4171 3635 4228 ἀλλων
3657 4170 3754 4241 τὴν

2153 4273 2503 4346 ἀρετὴν(τοῖς
2533 4274 2642 4346 γὰρ
2674 4273 2991 4345 ἄκροις-καὶ
3023 4271 3260 4345 πρώτοις
3292 4265 3606 4340 ἐφάμιλλος
3639 4260 3750 4334 ἦν).

2154 4368 2268 4422 ἀλλ’
2297 4369 2379 4422 ὅτι
2407 4367 2598 4438 χρόνον
2631 4362 2912 4439 βεϐιωκὼς
2937 4367 3019 4419 ὅτι
3059 4363 3296 4435 μάλιστα
3319 4360 3608 4422 πλεῖστον,
3639 4354 3760 4428 μετέ

2155 4460 2397 4524 ἐκείνους
2419 4453 2500 4514 ὧν
2517 4458 2796 4531 ἐμνήσθην
2817 4457 2912 4511 τοῦ
2943 4456 3059 4527 βίου
3085 4455 3148 4509 τὸ
3168 4454 3346 4525 πέρας
3375 4451 3636 4516 ἐδέξατο.

2227 4634 2398 4706 Οὗτος
2442 4641 2624 4695 τοίνυν
2669 4639 3014 4712 παλαίστραν
3061 4638 3210 4709 ἔσχε,
3246 4637 3340 4691 καὶ
3365 4635 3616 4700 στάδιον,
3661 4639 3760 4698 τὲς

468 4750 562 4791 ces
593 4734 782 4790 habuit
805 4774 820 4798 ,
857 4749 964 4788 non
996 4748 1108 4788 uno
1137 4735 1260 4790 loco
1281 4732 1478 4789 aﬂixus
1503 4774 1518 4799 ,
1556 4733 1653 4790 sed
1684 4748 1831 4789 nunc
1862 4732 1918 4786 in
1949 4734 2046 4787 hoc

2156 4735 2264 4789 τῶν
2290 4733 2438 4805 ὀρῶν
2467 4732 2736 4805 κορυφὰς,
2776 4732 2878 4786 οὐκ
2911 4733 2996 4801 ἐφ’
3024 4731 3145 4795 ἐνὸς
3188 4727 3476 4802 ἱδρυμένος
3517 4731 3756 4802 χωρίου,

469 4829 708 4899 degens,
743 4843 889 4882 nunc
915 4827 1162 4899 migrans
1189 4829 1243 4882 in
1277 4826 1467 4881 alium.
1500 4819 1660 4893 Quod
1690 4825 1915 4898 quidem
1944 4840 2052 4879 non

471 4933 538 4974 eo
587 4917 824 4974 faciebat
845 4957 860 4981 ,
905 4918 1053 4989 quod
1087 4917 1206 4972 loca
1238 4917 1400 4973 taedio
1431 4925 1661 4982 essent,
1699 4915 1795 4974 sed
1833 4923 1893 4972 ut
1924 4931 2056 4971 con-

472 5009 760 5065 fluentium
810 5007 876 5063 ad
923 5023 982 5064 se
1025 5017 1079 5064 et
1117 5008 1364 5080 undique
1407 5009 1814 5066 accurrentium
1866 5008 2056 5064 turbas

473 5099 759 5173 effugeret.
793 5101 996 5157 Annos
1015 5101 1260 5172 quinque
1292 5109 1348 5158 et
1369 5101 1734 5174 quadraginta
1760 5101 1864 5156 hoc
1893 5101 2064 5156 modo

472 5191 652 5258 duxit,
679 5193 832 5248 nullo
855 5203 1024 5250 utens
1049 5193 1429 5258 tabernaculo,
1465 5209 1569 5249 nec
1593 5194 1831 5264 tugurio,
1860 5193 1955 5247 sed
2001 5192 2054 5246 in

475 5284 748 5355 profunda
796 5300 1033 5342 caverna
1077 5299 1308 5341 manens
1332 5300 1352 5339 εν
1376 5284 1521 5341 unde
1561 5295 1618 5341 et
1647 5284 1858 5340 Gubam
1901 5285 2062 5340 illum-

473 5374 698 5445 quidam
716 5375 1341 5448 cognontinabant,quaa
1360 5391 1486 5440 vox,
1513 5373 1780 5448 Syrorum
1796 5375 1980 5447 lingua
2001 5377 2054 5430 in

475 5469 720 5524 Graecam
748 5483 1035 5534 conversa,
1072 5468 1250 5523 lacum
1273 5468 1574 5541 signiﬁcat.
1599 5467 1732 5524 Post
1760 5467 1810 5523 id
1841 5475 2057 5538 tempus

473 5558 583 5630 jam
623 5558 808 5612 senior
854 5557 1032 5613 factus
1057 5601 1072 5626 ,
1105 5558 1392 5616 orantibus
1419 5557 1621 5624 cessit,
1669 5565 1728 5614 et
1771 5558 2054 5630 tugurium

477 5647 752 5701 exstruxit
807 5665 820 5700 :
879 5662 944 5701 ac
1002 5656 1190 5716 postea
1269 5649 1436 5704 etiam
1499 5648 1804 5704 amicorum
1866 5661 2054 5720 rogatu

477 5735 831 5788 dotnunculis
855 5737 872 5754 ⁸
901 5750 1120 5805 quoque
1170 5754 1305 5793 usus
1338 5747 1458 5804 est,
1493 5757 1602 5796 non
1645 5739 1884 5812 propriis
1914 5783 1926 5804 .
1965 5745 2056 5796 sed

482 5821 680 5877 alienis
703 5839 718 5874 :
745 5825 1058 5894 peregitqnc
1093 5825 1146 5879 in
1181 5830 1401 5898 tugurio
1424 5830 1850 5890 ctdomunculis
1881 5849 2054 5889 annos

2156 4825 2291 4881 ἀλλά
2322 4825 2418 4878 νῦν
2447 4826 2548 4898 μὲν
2583 4823 2760 4897 τούτῳ
2796 4824 3235 4896 ἐνδιαιτώμενος,
3256 4822 3351 4876 νῦν
3379 4821 3438 4874 δὲ
3462 4822 3550 4884 εξς
3575 4823 3768 4876 ἐκεῖνο-

2160 4917 2524 4989 μεταϐαίνων.
2571 4917 2778 4971 Ἑποίει
2819 4917 2878 4970 δέ
2898 4915 3078 4982 τοῦτο,
3101 4916 3163 4970 οὐ
3197 4913 3270 4968 τά
3310 4913 3490 4986 χωρία
3559 4913 3758 4984 69:1:-

2161 5007 2378 5078 ραίνων,
2406 5004 2547 5060 ἀλλά
2569 5006 2676 5060 τῶν
2701 5007 2778 5070 ὡς
2817 5007 2983 5061 αὑτὸν
3027 5006 3320 5059 συνιόντων
3350 5004 3447 5058 καὶ
3475 5003 3761 5059 πάντοθεν

2159 5099 2490 5153 συνθεόντων
2541 5099 2952 5171 ἀποδιδράσκων
2993 5099 3062 5153 τά
3123 5097 3328 5169 πλήθη.
3380 5095 3564 5149 Πέντε
3585 5099 3648 5151 δὲ
3671 5098 3762 5150 καὶ

2157 5191 2570 5260 τετταράκοντα
2606 5189 2704 5262 ἐτη
2732 5189 2925 5244 τοῦτον
2957 5189 3164 5259 διάγων
3201 5187 3469 5243 διετέλεσε
3511 5190 3762 5262 τδντρόο

2159 5300 2280 5350 πον,
2305 5283 2368 5336 οὐ
2396 5285 2570 5356 σκηνῇ
2637 5281 2942 5356 χρώμενος,
2969 5281 3031 5336 οὐ
3067 5281 3302 5355 καλύϐη,
3348 5280 3468 5335 ἀλλ’
3497 5282 3568 5335 ἐν
3627 5281 3762 5352 όρὸο

2158 5392 2326 5446 γματι
2355 5373 2509 5445 βαθεῖ
2543 5373 2642 5445 τὴν
2673 5374 2871 5428 στάσιν·
2886 5372 3230 5444 ποιούμενος,
3257 5371 3381 5426 ὅθεν
3406 5372 3504 5425 καὶ
3538 5372 3766 5426 Γουϐἄν

2159 5465 2321 5521 αὐτόν
2339 5482 2485 5529 τινες
2508 5464 2866 5536 ἐπωνόμαζον
2889 5482 2903 5496 ·
2932 5465 3046 5519 ἀπὸ
3071 5465 3129 5518 δέ
3159 5463 3260 5534 τῆς
3285 5462 3464 5534 Σύρας
3497 5463 3766 5533 γλώττης

2160 5559 2238 5621 είς
2260 5557 2358 5628 τὴν
2371 5557 2598 5612 Ἐλλάδα
2611 5557 2770 5612 τοῦτο
2791 5558 3232 5630 μεταφερόμενον
3246 5555 3480 5611 λάκκον
3494 5557 3769 5627 σημαίνει

2158 5649 2220 5702 τὸ
2262 5649 2452 5720 ὄνομα.
2507 5649 2661 5704 Μετά
2703 5650 2761 5704 δέ
2793 5649 2984 5704 τοῦτον
3031 5651 3122 5704 τὸν
3173 5649 3365 5719 χρόνον
3429 5648 3768 5719 πρεσϐύτης

2160 5741 2470 5810 γενόμενος.
2530 5740 2640 5808 εἶξε
2675 5747 2786 5807 τοῖς
2839 5743 3166 5808 ἱκετεύουσι,
3194 5742 3292 5795 καὶ
3335 5739 3592 5811 καλύϐην
3625 5743 3771 5812 ἐπή-

2164 5832 2309 5897 ξατο.
2337 5835 2606 5908 ’Ὕστερον
2626 5835 2680 5889 δέ
2707 5835 2814 5892 τῶν
2834 5835 3128 5908 γνωρίμων
3179 5831 3640 5900 ἀντιϐολούντων,
3674 5834 3772 5886 καὶ
