3974 6212
227 350 253 376 ’
300 398 436 466 r401

1527 401 1934 494 RELIGIOSA
1964 402 2359 465 HISTORIA.

3428 404 3576 471 ιιοε

291 516 573 583 οἰκιδίοις,
626 514 735 569 οὐκ
771 515 1012 579 οίκείοιςε
1071 513 1186 568 ἀλλ’
1238 514 1536 587 ἀλλοτρίοις
1586 518 1875 588 ἐχρήσατο.

1989 517 2124 575 alios
2154 517 2350 589 viginti
2382 515 2630 587 quinque
2655 535 2668 571 :
2714 515 2787 570 ita
2817 523 2877 570 ut
2904 515 2970 570 ad
3010 530 3186 570 annos
3215 519 3563 588 septuaginta

294 610 471 665 Πέντε
494 610 550 664 δὲ
585 612 679 664 καὶ
713 612 888 664 εῐκοσι
909 608 1281 665 διατετέλεκεν
1308 610 1399 681 ἔτη
1428 612 1496 680 τῇ
1540 611 1749 684 καλύϐῃ
1783 612 1880 665 καὶ

291 709 408 770 τοῖς
444 705 690 768 οίκιδίοις
725 702 1141 774 ἐνδιαιτώμενος
1172 719 1185 733 ο
1210 703 1285 766 ὡς
1329 703 1662 772 συνάγεσθαι
1691 704 1879 758 λοιπὸν

290 794 670 865 ἑϐδομήκοντα
728 793 822 865 ἔτη
854 792 963 847 τῶν
1004 792 1230 862 ἀγώνων
1258 792 1349 846 τὸν
1371 794 1583 865 χρόνον.
1609 795 1794 867 Τροφῇ
1821 796 1879 849 δὲ

290 886 584 957 ἐκέχρητο,
618 886 721 939 οὐκ
747 885 920 957 ἄρτῳ,
954 886 1074 939 οὐδὲ
1134 886 1404 956 ὀσπρίοις,
1465 886 1602 940 ἀλλά
1660 890 1880 959 κριθαῖς

288 980 711 1051 πτισσομέναις,
750 978 846 1032 καὶ
873 977 1021 1049 μόνῳ
1041 977 1196 1032 ὕδατι
1223 979 1566 1051 δευομέναις.
1600 982 1711 1035 Καὶ
1734 981 1871 1035 ταύ-

287 1089 394 1141 την
418 1072 572 1142 αὑτῷ
598 1073 697 1141 τὴν
720 1072 928 1143 τροφὴν
955 1074 988 1143 ἡ
1020 1072 1204 1143 μήτηρ
1235 1074 1267 1142 ή
1306 1071 1434 1144 ὲμὴ,
1458 1071 1725 1144 γενομένη
1761 1091 1882 1127 συν-

287 1164 456 1234 ήθης,
496 1162 606 1217 ὲπλί
637 1163 895 1216 πλεῖστον
953 1164 1260 1235 ἐχορήγησε
1323 1165 1537 1235 χρόνον.
1591 1166 1701 1219 Καί
1747 1182 1880 1219 ποτε

289 1255 441 1327 πρὸς
461 1256 635 1326 αὐτὴν
662 1256 1056 1328 ἀρρωστοῦσαν
1102 1257 1456 1329 ἀφικόμενος,
1492 1254 1682 1328 μαθὼν
1713 1259 1789 1323 ὡς
1817 1260 1879 1313 οὒ

288 1346 548 1402 πείθεται
607 1349 815 1419 τροφῆς
876 1348 1213 1420 καταλλήλου
1257 1353 1325 1420 τῇ
1365 1351 1506 1420 νόσῳ
1554 1350 1881 1422 μεταλαϐεῖν

290 1438 407 1508 (τὸν
433 1439 736 1510 ἀσκητικὸν
763 1438 873 1510 γὰρ
904 1439 1089 1493 λοιπὸν
1114 1439 1209 1495 καὶ
1232 1440 1369 1511 αὑτὴ
1386 1440 1669 1512 ἠσπάζετο
1699 1439 1814 1512 βίον
1837 1441 1879 1511 ),

289 1526 436 1595 εἶξαι
456 1531 689 1603 παρῄνει
710 1534 822 1595 τοῖς
849 1532 1074 1600 ἰατροῖς,
1099 1532 1194 1587 καὶ
1211 1532 1504 1603 φάρμακον
1524 1534 1749 1604 νομίσαι
1777 1533 1879 1605 τὴν

288 1623 556 1694 τοιαύτην
573 1626 799 1696 τροφήν·
820 1624 941 1678 οὐδὲ
969 1625 1080 1697 γὰρ
1105 1626 1317 1697 τρυφῆς
1338 1625 1669 1699 χάριν,ἀλλά
1691 1628 1882 1698 χρείας

289 1714 668 1786 προσφέρεται
690 1732 705 1747 ο
731 1734 750 1767 ι
780 1716 890 1769 Καὶ
932 1716 1040 1786 γάρ
1080 1716 1191 1785 ἐγὼ
1222 1760 1237 1785 ,
1290 1717 1417 1789 ἔφη,
1473 1719 1882 1790 τετταράκοντα

289 1806 391 1876 ἔτη
443 1807 567 1870 ταῖς
612 1806 851 1878 κριθαῖς,
904 1807 990 1872 ὡς
1033 1803 1226 1873 οἶσθα,
1266 1809 1615 1881 χρησάμενος
1670 1810 1880 1881 μόναις,

1982 610 2349 665 certaminum
2389 611 2515 678 ejus
2545 624 2759 665 summa
2793 609 3100 679 perveniat.
3142 607 3313 664 Cibus
3345 610 3422 663 illi
3454 627 3565 666 non

1981 702 2178 772 panis,
2237 715 2340 757 nec
2396 702 2711 772 legumina,
2766 698 2863 757 sed
2916 700 3184 755 hordeum
3234 709 3568 768 contusum,

1980 806 2122 861 aqua
2182 794 2301 848 sola
2354 792 2727 848 madefactum
2778 810 2791 846 :
2846 801 3011 862 atque
3058 792 3205 847 hunc
3253 792 3334 847 illi
3383 794 3567 848 cibum

1985 884 2198 955 1207
2245 890 2422 938 mater
2465 898 2587 938 mea
2615 926 2630 950 ,
2685 893 2974 953 postquam
3007 883 3297 940 familiaris
3345 886 3393 940 ei
3426 885 3569 939 facta

1979 984 2104 1041 est,
2138 975 2467 1047 longissimo
2501 981 2748 1045 tempore
2793 975 3190 1045 suppeditavit.
3240 975 3307 1029 Et
3346 991 3470 1031 cum
3502 977 3570 1030 ad

1980 1076 2343 1139 aegrotantem
2386 1066 2537 1123 illam
2591 1066 2892 1138 aliquando
2934 1067 3213 1133 venisset,
3263 1067 3574 1123 didicisset-

1980 1175 2090 1233 que
2152 1160 2354 1216 adduci
2408 1175 2520 1215 non
2567 1174 2765 1232 posse,
2827 1166 2887 1214 ut
2938 1167 3331 1229 congruentem
3379 1160 3574 1215 morbo

1980 1254 2167 1310 cibum
2204 1261 2452 1309 sumeret
2497 1252 2886 1324 (monasticam
2932 1250 3080 1306 enim
3112 1260 3165 1306 et
3203 1252 3322 1321 ipsa
3354 1268 3575 1323 quoque

1980 1348 2154 1402 vitam
2180 1352 2303 1402 erat
2328 1344 2634 1415 amplexa),
2664 1344 2917 1400 hortatus
2948 1354 3033 1399 est
3070 1352 3130 1399 ut
3156 1345 3386 1401 medicis
3416 1347 3575 1401 cede-

1982 1446 2068 1494 ret
2096 1479 2111 1503 ,
2145 1452 2210 1493 ac
2258 1437 2621 1508 pharmacum
2659 1452 2784 1493 esse
2813 1436 2961 1491 hunc
2993 1436 3177 1492 cibum
3216 1446 3474 1508 putaret,
3516 1446 3575 1492 ut

1982 1547 2145 1603 quem
2174 1546 2285 1586 non
2309 1530 2634 1586 deliciarum
2660 1571 2677 1597 ,
2706 1530 2803 1586 sed
2825 1531 3176 1586 necessitatis
3204 1530 3380 1603 gratia
3411 1547 3576 1585 usur-

1984 1632 2163 1697 paret.
2205 1642 2223 1676 ι
2281 1620 2416 1676 Nam
2464 1632 2519 1678 et
2547 1636 2683 1693 ego,
2717 1621 2932 1693 inquit,
2968 1622 3065 1692 qui
3110 1638 3209 1693 per
3232 1638 3408 1679 annos
3440 1638 3576 1694 qua-

1956 1715 2235 1787 ldraginta
2278 1714 2487 1771 hordeo
2516 1715 2636 1770 solo
2664 1714 2813 1779 vixi,
2848 1722 2907 1769 nt
2930 1714 3074 1770 nosti
3098 1754 3112 1779 ,
3148 1730 3273 1769 cum
3314 1715 3572 1771 hesterna

1985 1809 2074 1864 die
2128 1807 2421 1863 inﬁrmitas
2467 1822 2556 1864 me
2597 1807 2846 1878 quasdam
2900 1807 3231 1874 invasisset,
3279 1808 3577 1864 contuber-

288 1896 585 1962 ἀσθενείας
632 1916 722 1969 μοι
766 1902 832 1971 τῇ
864 1900 1171 1972 προτεραίᾳ
1209 1900 1516 1971 γενομένης
1554 1901 1722 1965 τινὸς,
1786 1902 1880 1957 τδν

1989 1900 2097 1956 nali
2132 1915 2256 1956 meo
2299 1914 2529 1970 parvum
2563 1899 2697 1953 mihi
2744 1914 2941 1971 panem
2993 1914 3242 1970 quaerere
3289 1907 3342 1956 et
3378 1900 3577 1956 all‘erre

288 1988 549 2043 σύνοικον
564 1990 824 2045 ἐκέλευσα
848 1992 1015 2063 ἀρτον
1037 1992 1247 2063 βραχὺν
1263 1992 1489 2063 αἰτῆσαί
1515 2010 1575 2046 τε
1602 1993 1700 2047 καὶ
1724 1994 1882 2065 κομί-

283 2079 518 2135 σασθαι.
543 2081 760 2135 Ἐννοια
790 2082 900 2155 γάρ
928 2083 1010 2146 τίς
1044 2100 1132 2154 μοι
1161 2082 1406 2153 γέγονεν,
1434 2084 1509 2148 ὡς
1531 2084 1880 2157 είτεθναίην,

287 2170 532 2236 εὐθύνας
580 2172 762 2242 ὑφέξω
787 2174 882 2228 τοῦ
911 2174 1143 2230 θανάτου
1174 2176 1328 2247 παρά
1361 2176 1439 2247 τῷ
1466 2177 1660 2248 δικαίῳ
1692 2180 1878 2250 κριτῇ,

289 2265 370 2329 ὡς
390 2266 523 2328 τοὺς
550 2265 770 2335 ἀγῶνας
821 2266 1103 2338 ἐκφυγὼν,
1139 2269 1235 2323 καὶ
1266 2268 1367 2340 τῆς
1398 2269 1646 2334 δουλείας
1675 2270 1881 2341 δραπε-

290 2356 498 2422 τεύσας
529 2360 655 2423 τοὺς
688 2361 905 2424 πόνους.
938 2360 1179 2414 Δυνατοῦ
1218 2361 1329 2433 γὰρ
1357 2361 1513 2426 ὄντος
1540 2366 1716 2434 τροφῇ
1742 2362 1878 2434 βρα-

293 2450 421 2522 χείᾳ
480 2449 783 2521 κωλυθῆναι
838 2450 930 2505 τὸν
988 2450 1255 2516 θάνατον,
1310 2453 1406 2505 καὶ
1458 2452 1593 2522 τῷδε
1640 2451 1722 2523 τῷ
1776 2452 1878 2525 βίῳ

294 2545 626 2614 προσμεῖναι
658 2542 923 2596 πονοῦντα
956 2544 1051 2597 καὶ
1079 2544 1619 2616 ταλαιπωρούμενον,
1655 2546 1753 2599 καὶ
1781 2547 1875 2600 τὸν

291 2633 547 2709 ἐντεῦθεν
574 2634 955 2706 συνεγείροντα
988 2634 1237 2703 πλοῦτον,
1265 2637 1367 2708 τὴν
1394 2637 1459 2690 ὲκ
1492 2636 1655 2708 λιμοῦ
1693 2637 1882 2692 τελευ-

286 2724 393 2796 τὴν
428 2726 527 2796 τῆς
550 2726 609 2779 ὲν
634 2725 924 2798 φιλοσοφίᾳ
976 2725 1122 2798 ζωῆς
1161 2727 1529 2800 αἱρετωτέραν
1586 2729 1879 2785 ὑπέλαϐον.

288 2816 563 2886 Δείματος
591 2814 771 2869 τοίνυν
810 2815 1060 2869 ἐντεῦθεν
1097 2816 1453 2888 ἐμφορηθεὶς,
1485 2818 1583 2872 καῖ
1610 2817 1704 2872 τοῦ
1742 2818 1884 2887 λογι-

291 2903 438 2975 σμοῦ
466 2904 565 2967 τὰς
593 2905 785 2968 ἀκίδας
811 2904 1083 2976 ἀμϐλῦναι
1127 2904 1385 2977 θελήσας,
1444 2906 1669 2977 αίτῆσαί
1697 2924 1757 2961 τε
1790 2907 1883 2961 τδν

289 2998 461 3067 ἄρτον
482 2994 764 3065 ἐκέλευσα,
796 2997 892 3051 καὶ
921 2995 1274 3068 κομισθέντος
1305 2998 1624 3069 μετέλαϐον.
1666 2999 1777 3054 Καὶ
1799 2999 1882 3053 σοὶ

289 3090 478 3143 τοίνυν
509 3088 832 3159 παρεγγυῶ,
879 3089 1077 3160 μηκέτι
1116 3107 1207 3161 μοι
1245 3090 1344 3155 τὰς
1372 3091 1591 3163 κριθὰς,
1619 3092 1757 3148 ἀλλά
1790 3094 1881 3149 τὸν

1980 1992 2150 2063 jussi.
2184 1990 2276 2047 Sic
2304 1992 2452 2048 enim
2504 2007 2717 2047 mecum
2766 1991 3089 2062 reputabam
3117 2033 3132 2057 ,
3171 1992 3316 2063 apud
3347 2007 3566 2062 aequum

1979 2085 2224 2157 judicem
2276 2100 2399 2146 me,
2435 2083 2481 2140 si
2534 2098 2802 2148 morerer,
2840 2083 3113 2138 rationem
3172 2084 3366 2139 mortis
3397 2082 3576 2139 reddi—

1983 2185 2173 2233 turum
2198 2216 2214 2241 ,
2264 2175 2425 2247 quasi
2477 2175 2781 2231 certamina
2815 2174 3159 2247 refugerem,
3205 2186 3259 2231 et
3293 2176 3577 2231 servitutis

1983 2270 2206 2325 labores
2254 2268 2642 2325 declinarem:
2698 2276 2762 2322 ut
2808 2267 2941 2338 qui,
3013 2284 3139 2323 cum
3196 2267 3395 2339 exiguo
3448 2267 3585 2322 cibo-

1983 2360 2273 2434 prohiberi
2301 2374 2451 2416 mors
2479 2369 2705 2431 posset,
2736 2360 2984 2429 atquein
3016 2360 3122 2413 hac
3143 2359 3255 2413 vita
3293 2359 3578 2416 laboribus

1985 2463 2041 2510 et
2070 2453 2335 2509 arumnis
2359 2452 2664 2508 exercitum
2695 2465 2918 2506 manere
2950 2459 3005 2507 et
3037 2461 3261 2521 paratas
3291 2451 3420 2506 inde
3441 2466 3577 2523 opes

1985 2560 2283 2619 congerere
2305 2545 2531 2609 liceret,
2561 2543 2745 2599 inedia
2786 2543 2968 2609 mori,
3013 2557 3189 2613 quam
3220 2558 3287 2597 ex
3327 2541 3575 2613 philoso-

1985 2640 2115 2712 phia
2143 2639 2334 2695 vivere
2366 2636 2677 2693 maluerim.
2716 2634 2901 2703 Quare
2933 2633 3040 2689 hoc
3075 2640 3223 2690 metu
3264 2632 3576 2703 perculsus,

1986 2731 2449 2804 cogitationisque
2480 2728 2702 2784 aculeos
2754 2726 3049 2784 retundere
3078 2724 3309 2796 cupiens
3330 2762 3348 2791 ,
3382 2732 3437 2779 et
3465 2721 3588 2795 petii

1989 2838 2184 2895 panem
2223 2821 2404 2892 jussi,
2444 2828 2503 2876 et
2548 2821 2777 2875 allatum
2827 2817 3041 2875 comedi
3078 2835 3092 2873 :
3132 2816 3347 2887 tibique
3390 2813 3582 2886 praeci-

1983 2915 2107 2986 pio,
2150 2930 2219 2971 ne
2268 2914 2400 2969 mihi
2449 2913 2688 2983 amplius
2734 2909 3023 2976 hordeum,
3058 2907 3164 2965 sed‘
3184 2922 3380 2979 panem
3438 2921 3579 2977 pra:-

1986 3006 2140 3063 beas.
2203 3026 2223 3060 ι
2267 3005 2344 3061 Ex
2397 3004 2641 3062 veridica
2701 3004 2872 3076 igitur
2921 3003 3110 3073 lingua
3164 3000 3373 3056 hordeo
3424 2999 3576 3054 illum

1986 3096 2151 3153 annis
2174 3097 2545 3168 quadraginta
2577 3095 2785 3151 vixisse
2806 3093 3126 3159 didicimus,
3155 3098 3209 3147 et
3237 3106 3400 3162 quam
3438 3098 3582 3146 stre-

290 3184 461 3255 ἄρτον
495 3182 779 3253 παρέχειν.
809 3202 827 3233 ι
869 3183 965 3235 Ἐκ
992 3183 1093 3254 τῆς
1130 3182 1399 3253 ἀψευδοῦς
1427 3183 1608 3238 τοίνυν
1633 3185 1877 3258 ἀκηκόα·

1989 3205 2133 3246 nuus
2170 3198 2359 3246 asceta
2403 3189 2730 3259 laborisque
2770 3201 2965 3242 amans
3002 3186 3088 3240 vir
3118 3183 3287 3240 fuerit
3310 3224 3324 3248 ,
3362 3182 3591 3238 abunde

296 3292 401 3344 μεν
431 3273 700 3345 γλώττης,
729 3274 805 3339 ὡς
833 3275 1244 3346 τεσσαράκοντα
1270 3274 1368 3347 ἐτη
1401 3275 1502 3340 τὰς
1525 3277 1722 3349 κριθὰς
1748 3295 1876 3350 τρο-

293 3366 403 3437 φὴν
431 3366 743 3437 ἐποιήσατο.
770 3365 843 3419 Τὸ
871 3366 971 3437 μὲν
998 3361 1091 3420 οὖν
1116 3366 1417 3438 ἀσκητικὸν
1438 3367 1535 3421 τοῦ
1565 3368 1760 3439 ἀνδρὸς
1782 3370 1880 3424 καὶ

1989 3280 2096 3337 ista
2134 3281 2453 3337 declarant:
2481 3280 2873 3351 antiquitatem
2909 3293 3040 3334 vero
3070 3286 3124 3334 et
3154 3266 3569 3348 simplicitatem

1992 3386 2209 3427 morum
2257 3373 2379 3444 ejus
2404 3388 2470 3429 ex
2504 3373 2628 3427 aliis
2658 3371 3044 3428 ostendemus.

294 3454 584 3523 φιλόπονον
635 3456 794 3511 ίκανά
842 3457 938 3510 καὶ
984 3456 1164 3513 ταῦτα
1195 3458 1609 3531 τεκμηριῶσαι·
1662 3461 1764 3533 τὴν
1816 3463 1873 3516 δὲ
1905 3462 2247 3536 ἀρχαιότητα
2298 3466 2401 3520 καὶ·
2444 3466 2723 3536 ἁπλότητα
2757 3465 2868 3519 τῶν
2897 3462 3055 3535 ηθῶν-
3117 3462 3197 3516 δι’
3226 3461 3402 3516 ἄλλων
3485 3457 3582 3529 δηλ-

293 3544 565 3617 λὼσομεν.

383 3638 599 3710 Ἐπειδὴ
628 3640 737 3711 γάρ
787 3643 817 3696 δ
854 3642 1028 3714 μέγας
1057 3644 1356 3711 Φλαϐιανδς
1377 3646 1478 3718 τὴν
1511 3629 1756 3719 μεγάλην
1783 3647 1881 3702 τοῦ

296 3729 433 3785 θεοῦ
456 3732 692 3802 ποίμνην
730 3734 1039 3805 ποιμαίνειν
1073 3737 1306 3809 ὲτάχθη,
1343 3738 1442 3809 τὴν
1471 3739 1529 3793 δὲ
1553 3739 1651 3793 τοῦ
1690 3741 1883 3813 ἀνδρὸς

296 3824 501 3895 ἔμαθεν
543 3825 745 3898 ἀρετὴν
800 3827 981 3899 (ᾔδετο
1026 3829 1137 3901 γὰρ
1162 3868 1178 3893 ,
1212 3830 1311 3883 καῖ
1355 3830 1413 3883 ὲν
1463 3834 1576 3895 τοῖς
1626 3831 1883 3885 ἁπάντων

295 3918 522 3989 ἐφέρετο
551 3918 835 3991 στόμασιν)
865 3960 879 3985 ,
916 3920 1038 3997 ἄγει
1068 3921 1166 3993 μὲν
1197 3922 1357 3976 αὑτδν
1396 3925 1459 3976 ὲκ
1480 3922 1579 3993 τῆς
1611 3922 1707 3976 τοῦ
1726 3922 1886 3995 ὅρους

296 4010 560 4079 κορυφῆς,
586 4010 661 4074 ὼς
690 4013 908 4084 γραφῆς
945 4015 1066 4067 κατ’
1109 4013 1276 4069 αὐτοῦ
1321 4014 1626 4084 γενομένης
1662 4029 1675 4041 ⁸
1703 4014 1803 4083 τῆς
1828 4013 1885 4064 δὲ

301 4102 568 4171 μυστικῆς
590 4104 900 4174 ἱερουργίας
928 4106 1299 4175 προκειμένης
1318 4145 1333 4169 ,
1361 4104 1630 4174 προσάγει
1679 4104 1761 4174 τῷ
1792 4103 1890 4156 θυ-

2064 3646 2364 3720 Postquam
2410 3646 2555 3704 enim
2590 3660 2825 3718 magnus
2885 3642 3186 3698 Flavianus
3243 3656 3443 3712 magno
3480 3639 3575 3696 Dei

1994 3743 2143 3815 gregi
2176 3750 2367 3813 pastor
2395 3750 2479 3797 est
2506 3738 2819 3805 ordinatus,
2857 3744 2914 3793 et
2946 3735 3052 3791 viri
3088 3734 3346 3791 virtutem
3378 3747 3589 3804 cogno-

1994 3837 2073 3891 vit
2127 3832 2559 3906 (prmdicabatur
2603 3830 2751 3887 enim
2800 3837 2860 3885 et
2881 3844 2979 3900 per
3008 3827 3257 3882 omnium
3301 3840 3397 3880 ora
3436 3824 3580 3880 fere-

1993 3927 2225 3997 batur)“
2271 3928 2339 3981 de
2404 3925 2609 3982 montis
2681 3922 2835 3978 illum
2912 3920 3115 3976 vertice
3180 3934 3277 3989 per
3338 3917 3579 3988 speciem

2001 4019 2221 4088 1208
2258 4019 2487 4087 objecta:
2521 4010 2909 4071 accusationis
2934 4012 3185 4074 abduxit,
3219 4019 3274 4066 et
3305 4011 3408 4066 sub
3450 4025 3571 4079 my-

1999 4112 2201 4165 sticum
2233 4103 2569 4163 sacriﬁcium
2600 4106 2760 4160 altari
2800 4104 3069 4167 admovit,
3096 4101 3490 4171 cooptavitque
3524 4098 3579 4151 in

299 4192 623 4261 σιαστηρίῳ,
665 4194 760 4246 καὶ
806 4194 920 4255 τοῖς
966 4194 1207 4264 ἱερεῦσιν
1254 4195 1640 4263 ὲγκαταλέγει.
1689 4195 1779 4258 Ὦς
1829 4194 1882 4249 δὲ

1996 4214 2292 4255 numerum
2358 4188 2732 4253 sacerdotum.
2784 4194 3035 4263 Cumque
3084 4200 3305 4262 peracta
3360 4189 3582 4262 liturgia

296 4283 448 4347 τέλος
473 4282 666 4336 ἐλαϐεν
696 4284 731 4354 ἡ
752 4283 1090 4355 λειτουργία,
1125 4284 1218 4337 καί
1271 4301 1353 4348 τις
1385 4285 1537 4356 αύτῷ
1582 4285 1742 4340 τοῦτο
1791 4302 1882 4357 με·

1998 4293 2103 4347 hoc
2131 4291 2207 4345 illi
2241 4290 2463 4362 quidam
2493 4287 2798 4344 indicasset
2831 4285 3147 4355 (ignorabat
3172 4283 3317 4337 enim
3352 4296 3583 4352 prorsus

300 4375 511 4444 μήνυκε
525 4374 785 4444 (πάμπαν
799 4372 869 4443 γά
878 4375 1107 4445 ρ’ὴγνόει
1123 4374 1183 4428 τὸ
1199 4375 1466 4446 γεγονὸς),
1484 4375 1553 4429 τά
1578 4376 1677 4447 μὲν
1696 4376 1882 4449 πρῶτα

1994 4382 2127 4456 quid
2160 4380 2447 4455 egissent),
2478 4382 2716 4452 primum
2742 4377 2962 4450 quidem
2989 4375 3257 4431 conviciis
3290 4375 3584 4444 verbisque

299 4466 620 4537 ἐλοιδορεῖτο
643 4467 738 4520 καὶ
777 4466 959 4535 λόγοις
999 4466 1221 4521 ἔϐαλλεν
1250 4468 1499 4533 ἅπαντας
1519 4484 1533 4497 ·
1566 4468 1796 4541 ὕστερον
1828 4469 1882 4524 δὲ

1995 4477 2209 4549 asperis
2247 4474 2519 4547 proscidit
2549 4471 2847 4528 universos
2873 4488 2887 4525 :
2917 4470 2943 4491 '
2973 4465 3174 4525 deinde
3221 4473 3447 4537 arrepto
3481 4468 3581 4521 ba-

296 4562 398 4631 τὴν
444 4559 751 4631 βακτηρίαν
797 4559 980 4614 λαϐὼν
1038 4561 1246 4629 (εἰώθει
1292 4561 1404 4634 γὰρ
1446 4561 1882 4634 σκηριπτόμενος

1994 4541 2143 4633 culo,
2175 4541 2375 4637 in-quo
2422 4564 2650 4620 innixus
2709 4566 2938 4633 propter
2989 4557 3207 4615 senium
3271 4554 3585 4619 incedebat,

302 4651 387 4709 διὰ
419 4651 480 4705 τὸ
511 4654 689 4725 γῆρας
724 4650 1004 4724 βαδίζειν),
1043 4654 1272 4709 ἐδίωκεν
1313 4655 1476 4709 αὐτόν
1510 4672 1571 4709 τε
1614 4656 1705 4710 τὸν
1731 4658 1888 4728 ἀρχι-

298 4745 449 4816 ερέα,
481 4744 730 4808 καὶτοὺς
778 4742 973 4808 ἄλλους
1003 4745 1122 4799 ὅσοι
1164 4748 1444 4818 παρῆσαν.
1498 4746 1888 4817 ’Υπελὰμϐανε

295 4834 408 4905 γὰρ
436 4835 534 4907 τὴν
562 4834 898 4907 χειροτονίαν
943 4836 1046 4906 τῆς
1093 4836 1191 4890 τοῦ
1243 4837 1405 4908 ὄρους
1446 4837 1610 4891 αὑτὸν
1644 4838 1889 4909 κορυφῆς

300 4928 396 4979 καὶ
425 4926 524 4996 τῆς
545 4927 887 4999 ποθουμένης
906 4927 1119 4999 διαίτης
1149 4929 1569 5000 ἀποστερήσειν.
1588 4928 1751 4982 Ἀλλά
1768 4929 1892 4982 τότε

306 5018 405 5088 μὲν
437 5019 602 5073 αὐτὸν
642 5021 795 5092 μόλις
842 5022 986 5086 τινες
1030 5021 1149 5075 τῶν»
1180 5022 1893 5093 ωνήθωνοάγανακτοῦντα

303 5108 674 5166 κατέπαυσαν.
692 5111 911 5183 Ἐπειδὴ
925 5112 989 5167 δέ
1010 5114 1038 5167 ό
1064 5113 1163 5184 τῆς
1186 5113 1482 5185 ἑϐδομάδος
1513 5114 1889 5187 ωνεπεράνθη

304 5197 504 5265 κύκλος
525 5240 540 5266 ,
578 5203 671 5255 καὶ
702 5197 804 5274 ἧκε
871 5204 1035 5259 πάλιν
1083 5206 1184 5276 τῆς
1239 5206 1593 5277 Δεσποτικῆς
1626 5207 1825 5278 ἑορτῆς
1856 5207 1890 5277 ἡ

305 5288 511 5360 ἡμέρα,
526 5286 686 5353 αὖθις
713 5291 874 5344 αὐτὸν
891 5292 920 5344 ό
940 5294 1117 5364 μέγας
1136 5294 1445 5360 Φλαϐιανὸς
1475 5295 1888 5366 μετεπέμψατο,

304 5380 407 5451 τῆς
436 5381 798 5452 πανηγύρεως
848 5386 1177 5457 κοινωνῆσαι
1224 5386 1379 5455 σφίσι
1431 5386 1785 5457 παρακαλῶν.
1831 5385 1889 5439 ’0

304 5473 363 5527 δὲ
408 5472 544 5545 πρὸς
593 5476 721 5538 τοὺς
774 5476 1141 5547 ἀφικομένους
1169 5519 1183 5543 ,
1222 5497 1240 5531 ι
1290 5480 1406 5532 Οὐκ
1456 5479 1672 5549 ἀπόχρη
1720 5478 1887 5547 ὑμῖν,

307 5564 434 5635 ἔφη,
472 5564 543 5618 τὰ
575 5565 673 5637 ήδη
732 5568 1098 5638 γεγενημένα,
1125 5570 1262 5624 ἀλλά
1317 5570 1481 5624 πάλιν
1518 5587 1588 5641 με
1631 5568 1888 5641 βούλεσθε

308 5654 711 5726 προϐάλλεσθαι
745 5658 1116 5731 πρεσϐύτερον
1147 5678 1162 5728 ;
1205 5680 1222 5713 ι
1258 5660 1378 5715 Τῶν
1419 5662 1475 5716 δὲ
1506 5661 1891 5731 λεγόντωντῶς

383 5845 409 5875 ⁸
442 5833 629 5890 Matth.
662 5851 824 5904 tum,
854 5838 907 5892 ὃς

1657 5953 1686 5962 .-

1991 4658 2312 4728 pontiﬁcem
2365 4658 2572 4729 ipsum,
2615 4662 2676 4710 et"
2700 4655 2841 4709 alios
2881 4652 2977 4724 qui
3015 4649 3249 4706 aderant
3298 4649 3581 4705 insecutus

1992 4759 2099 4818 est,
2132 4751 2541 4807 ordinationem
2579 4748 2724 4804 hanc
2751 4755 2907 4802 ratus
2948 4742 3151 4799 montis
3177 4741 3445 4797 verticem
3478 4740 3582 4794 sibi

1992 4852 2355 4917 optatamque
2383 4841 2777 4897 habitatiOnem
2809 4847 3145 4908 erepturam.
3181 4832 3287 4889 Sed
3314 4841 3427 4887 tum
3458 4831 3582 4901 qui-

1995 4935 2119 4989 dem
2165 4934 2245 4990 sic
2280 4932 2655 5003 indignantem
2717 4943 2861 5000 aegre
2899 4925 3121 4981 tandem
3139 4924 3323 4979 «amici
3358 4921 3585 4993 quidam:

1998 5027 2355 5082 sed'averunt.
2398 5023 2626 5095 Expleto
2683 5028 2865 5076 autem
2925 5016 3284 5075 hebdomadas
3332 5014 3577 5076 circulo,

1994 5132 2119 5173 cum
2153 5115 2410 5171 rediisset
2433 5113 2551 5168 dies
2584 5109 2930 5174 Dominicus,
2962 5109 3160 5163 iterum
3193 5110 3389 5159 evocat
3424 5102 3582 5156 illum

1996 5222 2230 5278 magnus
2274 5204 2596 5269 Flavianus,
2661 5208 2929 5272 rogatque
2984 5205 3045 5253 ut
3108 5193 3412 5252 celebritati
3453 5207 3577 5247 cum

1995 5295 2132 5365 ipsis
2161 5294 2403 5351 intersit.
2446 5293 2585 5347 Tum
2614 5293 2705 5347 ille
2731 5290 2797 5345 ad
2825 5294 2920 5345 eos
2951 5287 3045 5359 qui
3081 5294 3387 5342 venerant:
3436 5301 3454 5335 ι
3493 5283 3576 5336 An

1996 5387 2180 5452 vobis,
2213 5387 2313 5451 ait,
2352 5400 2461 5440 non
2492 5384 2782 5439 sufﬁciunt
2813 5395 2936 5453 qua:
2963 5381 3076 5451 jam
3129 5386 3248 5433 acta
3282 5389 3431 5439 sunt,
3483 5375 3583 5431 sed

2007 5478 2211 5531 iterum
2244 5491 2334 5531 me
2386 5475 2769 5548 presbyterum
2831 5487 3023 5528 creare
3056 5468 3268 5525 vultis?
3300 5485 3319 5521 ι
3386 5466 3451 5521 Et
3496 5480 3580 5521 re-

2000 5567 2400 5639 spondentibus
2432 5567 2542 5622 illis
2587 5566 2704 5622 lieri
2734 5579 2841 5620 non
2866 5578 3047 5636 posse,
3068 5572 3129 5617 ut
3146 5559 3233 5616 bis
3259 5558 3457 5614 eadem
3477 5555 3572 5609 ﬁat

2003 5670 2266 5717 manuum
2322 5652 2619 5731 impositio,
2673 5673 2784 5713 non
2820 5655 3113 5727 acquievit,
3150 5668 3252 5709 nec
3298 5649 3588 5723 prolectus

3292 5920 3341 5950 Ὁ
