  <div class='ocr_page' id='page_1' title='image "/cluster/home/n/w/nwhite01/storage/ocr_20150623/82/hvd.32044020703054/781.png"; bbox 0 0 3974 6212; ppageno 0'>
   <div class='ocr_carea' id='block_1_1' title="bbox 447 281 580 342">
    <p class='ocr_par' dir='ltr' id='par_1_1' title="bbox 447 281 580 342">
     <span class='ocr_line' id='line_1_1' title="bbox 447 281 580 342; baseline -0.023 0"><span class='ocrx_word' id='word_1_1' title='bbox 447 281 580 342; x_wconf 65' lang='lat'><strong>1103</strong></span> 
     </span>
    </p>
   </div>
   <div class='ocr_carea' id='block_1_2' title="bbox 1424 277 2676 350">
    <p class='ocr_par' dir='ltr' id='par_1_2' title="bbox 1424 277 2676 350">
     <span class='ocr_line' id='line_1_2' title="bbox 1424 277 2676 350; baseline 0.001 -14"><span class='ocrx_word' id='word_1_2' title='bbox 1424 277 1914 350; x_wconf 70' lang='lat' dir='ltr'><strong>THEODOHETI</strong></span> <span class='ocrx_word' id='word_1_3' title='bbox 1945 278 2285 338; x_wconf 87' lang='lat' dir='ltr'><strong>EPISCOPI</strong></span> <span class='ocrx_word' id='word_1_4' title='bbox 2312 278 2676 338; x_wconf 76' lang='lat' dir='ltr'><strong>CYRENSIS</strong></span> 
     </span>
    </p>
   </div>
   <div class='ocr_carea' id='block_1_3' title="bbox 3579 261 3736 318">
    <p class='ocr_par' dir='ltr' id='par_1_3' title="bbox 3579 261 3736 318">
     <span class='ocr_line' id='line_1_3' title="bbox 3579 261 3736 318; baseline 0 0"><span class='ocrx_word' id='word_1_5' title='bbox 3579 261 3736 318; x_wconf 70' lang='grc' dir='ltr'><strong>πίω-ι</strong></span> 
     </span>
    </p>
   </div>
   <div class='ocr_carea' id='block_1_4' title="bbox 439 385 2037 458">
    <p class='ocr_par' dir='ltr' id='par_1_4' title="bbox 439 385 2015 458">
     <span class='ocr_line' id='line_1_4' title="bbox 439 385 2015 458; baseline -0.001 -12"><span class='ocrx_word' id='word_1_6' title='bbox 439 400 548 452; x_wconf 82' lang='lat' dir='ltr'><strong>est,</strong></span> <span class='ocrx_word' id='word_1_7' title='bbox 577 391 752 444; x_wconf 87' lang='lat' dir='ltr'><strong>donec</strong></span> <span class='ocrx_word' id='word_1_8' title='bbox 781 387 933 442; x_wconf 88' lang='lat' dir='ltr'><strong>illutn</strong></span> <span class='ocrx_word' id='word_1_9' title='bbox 968 394 1184 456; x_wconf 89' lang='lat' dir='ltr'><strong>tempus</strong></span> <span class='ocrx_word' id='word_1_10' title='bbox 1211 397 1266 441; x_wconf 88' lang='lat' dir='ltr'><strong>et</strong></span> <span class='ocrx_word' id='word_1_11' title='bbox 1298 385 1595 442; x_wconf 83' lang='lat' dir='ltr'><strong>familiares</strong></span> <span class='ocrx_word' id='word_1_12' title='bbox 1649 389 1753 442; x_wconf 88' lang='lat' dir='ltr'><strong>hoc</strong></span> <span class='ocrx_word' id='word_1_13' title='bbox 1813 389 2015 458; x_wconf 85' lang='lat' dir='ltr'><strong>s:epius</strong></span> 
     </span>
    </p>
   </div>
   <div class='ocr_carea' id='block_1_5' title="bbox 2141 385 3726 458">
    <p class='ocr_par' dir='ltr' id='par_1_5' title="bbox 2141 387 3726 458">
     <span class='ocr_line' id='line_1_5' title="bbox 2141 387 3726 458; baseline -0.002 -17"><span class='ocrx_word' id='word_1_14' title='bbox 2141 390 2178 441; x_wconf 67' lang='grc' dir='ltr'><strong>νύ</strong></span> <span class='ocrx_word' id='word_1_15' title='bbox 2207 390 2431 443; x_wconf 75' lang='grc' dir='ltr'>δυνατὸν</span> <span class='ocrx_word' id='word_1_16' title='bbox 2459 390 2546 457; x_wconf 81' lang='grc' dir='ltr'>εἴη</span> <span class='ocrx_word' id='word_1_17' title='bbox 2573 389 2655 452; x_wconf 69' lang='grc' dir='ltr'>δὶς</span> <span class='ocrx_word' id='word_1_18' title='bbox 2691 388 2790 458; x_wconf 71' lang='grc' dir='ltr'>τὴν</span> <span class='ocrx_word' id='word_1_19' title='bbox 2820 387 2989 458; x_wconf 74' lang='grc' dir='ltr'>αὑτήν</span> <span class='ocrx_word' id='word_1_20' title='bbox 3010 387 3328 457; x_wconf 70' lang='grc' dir='ltr'><strong>ἐπιτεθῆναι</strong></span> <span class='ocrx_word' id='word_1_21' title='bbox 3353 389 3726 456; x_wconf 81' lang='grc' dir='ltr'>χειροτονίαν,</span> 
     </span>
    </p>
   </div>
   <div class='ocr_carea' id='block_1_6' title="bbox 440 479 2020 544">
    <p class='ocr_par' dir='ltr' id='par_1_6' title="bbox 440 479 2020 544">
     <span class='ocr_line' id='line_1_6' title="bbox 440 479 2020 544; baseline 0.001 -8"><span class='ocrx_word' id='word_1_22' title='bbox 440 483 801 537; x_wconf 83' lang='lat' dir='ltr'><strong>edocuerunt.</strong></span> <span class='ocrx_word' id='word_1_23' title='bbox 837 480 1055 534; x_wconf 85' lang='lat' dir='ltr'><strong>Scimus</strong></span> <span class='ocrx_word' id='word_1_24' title='bbox 1085 494 1218 533; x_wconf 92' lang='lat' dir='ltr'><strong>sane</strong></span> <span class='ocrx_word' id='word_1_25' title='bbox 1259 479 1403 533; x_wconf 84' lang='lat' dir='ltr'><strong>haud</strong></span> <span class='ocrx_word' id='word_1_26' title='bbox 1453 481 1781 535; x_wconf 86' lang='lat' dir='ltr'><strong>laudandam</strong></span> <span class='ocrx_word' id='word_1_27' title='bbox 1835 483 2020 544; x_wconf 87' lang='lat' dir='ltr'><strong>multis</strong></span> 
     </span>
    </p>
   </div>
   <div class='ocr_carea' id='block_1_7' title="bbox 439 570 2020 641">
    <p class='ocr_par' dir='ltr' id='par_1_7' title="bbox 439 570 2020 641">
     <span class='ocr_line' id='line_1_7' title="bbox 439 570 2020 641; baseline 0.002 -15"><span class='ocrx_word' id='word_1_28' title='bbox 439 576 618 626; x_wconf 64' lang='lat' dir='ltr'><strong>visum</strong></span> <span class='ocrx_word' id='word_1_29' title='bbox 661 573 725 625; x_wconf 87' lang='lat' dir='ltr'><strong>iri</strong></span> <span class='ocrx_word' id='word_1_30' title='bbox 769 573 908 625; x_wconf 88' lang='lat' dir='ltr'><strong>hanc</strong></span> <span class='ocrx_word' id='word_1_31' title='bbox 939 570 1306 624; x_wconf 67' lang='lat' dir='ltr'><strong>narrationum</strong></span> <span class='ocrx_word' id='word_1_32' title='bbox 1339 590 1352 624; x_wconf 87' lang='lat'><strong>:</strong></span> <span class='ocrx_word' id='word_1_33' title='bbox 1388 574 1617 641; x_wconf 82' lang='lat' dir='ltr'><strong>apposui</strong></span> <span class='ocrx_word' id='word_1_34' title='bbox 1655 581 1866 637; x_wconf 87' lang='lat' dir='ltr'><strong>tamen,</strong></span> <span class='ocrx_word' id='word_1_35' title='bbox 1905 590 2020 629; x_wconf 80' lang='lat' dir='ltr'><strong>tne—</strong></span> 
     </span>
    </p>
   </div>
   <div class='ocr_carea' id='block_1_8' title="bbox 443 662 2020 736">
    <p class='ocr_par' dir='ltr' id='par_1_8' title="bbox 443 662 2020 736">
     <span class='ocr_line' id='line_1_8' title="bbox 443 662 2020 736; baseline 0.004 -20"><span class='ocrx_word' id='word_1_36' title='bbox 443 665 762 718; x_wconf 83' lang='lat' dir='ltr'><strong>morabilem</strong></span> <span class='ocrx_word' id='word_1_37' title='bbox 791 662 1074 731; x_wconf 81' lang='lat' dir='ltr'><strong>judicans,</strong></span> <span class='ocrx_word' id='word_1_38' title='bbox 1125 671 1184 716; x_wconf 90' lang='lat' dir='ltr'><strong>ut</strong></span> <span class='ocrx_word' id='word_1_39' title='bbox 1222 662 1470 716; x_wconf 78' lang='lat' dir='ltr'><strong>idoneam</strong></span> <span class='ocrx_word' id='word_1_40' title='bbox 1518 666 1584 718; x_wconf 88' lang='lat' dir='ltr'><strong>ad</strong></span> <span class='ocrx_word' id='word_1_41' title='bbox 1643 667 1845 720; x_wconf 89' lang='lat' dir='ltr'><strong>mentis</strong></span> <span class='ocrx_word' id='word_1_42' title='bbox 1901 666 2020 736; x_wconf 87' lang='lat' dir='ltr'><strong>ejus</strong></span> 
     </span>
    </p>
   </div>
   <div class='ocr_carea' id='block_1_9' title="bbox 443 757 2016 827">
    <p class='ocr_par' dir='ltr' id='par_1_9' title="bbox 443 757 2016 827">
     <span class='ocr_line' id='line_1_9' title="bbox 443 757 2016 827; baseline 0.003 -17"><span class='ocrx_word' id='word_1_43' title='bbox 443 757 859 827; x_wconf 85' lang='lat' dir='ltr'><strong>simplicitatem</strong></span> <span class='ocrx_word' id='word_1_44' title='bbox 912 757 1219 826; x_wconf 72' lang='lat' dir='ltr'><strong>animaeque</strong></span> <span class='ocrx_word' id='word_1_45' title='bbox 1272 759 1562 826; x_wconf 90' lang='lat' dir='ltr'><strong>puritatem</strong></span> <span class='ocrx_word' id='word_1_46' title='bbox 1623 758 2016 816; x_wconf 87' lang='lat' dir='ltr'><strong>demonstran-</strong></span> 
     </span>
    </p>
   </div>
   <div class='ocr_carea' id='block_1_10' title="bbox 445 847 2018 924">
    <p class='ocr_par' dir='ltr' id='par_1_10' title="bbox 445 847 2018 924">
     <span class='ocr_line' id='line_1_10' title="bbox 445 847 2018 924; baseline 0.004 -22"><span class='ocrx_word' id='word_1_47' title='bbox 445 848 590 917; x_wconf 75' lang='lat' dir='ltr'><strong>dam,</strong></span> <span class='ocrx_word' id='word_1_48' title='bbox 651 847 875 903; x_wconf 76' lang='lat' dir='ltr'><strong>Talibus</strong></span> <span class='ocrx_word' id='word_1_49' title='bbox 932 849 1080 904; x_wconf 89' lang='lat' dir='ltr'><strong>enim</strong></span> <span class='ocrx_word' id='word_1_50' title='bbox 1145 849 1413 905; x_wconf 86' lang='lat' dir='ltr'><strong>Dominus</strong></span> <span class='ocrx_word' id='word_1_51' title='bbox 1466 851 1730 906; x_wconf 81' lang='lat' dir='ltr'><strong>ccelorum</strong></span> <span class='ocrx_word' id='word_1_52' title='bbox 1791 869 2018 924; x_wconf 79' lang='lat' dir='ltr'><strong>regnum</strong></span> 
     </span>
    </p>
   </div>
   <div class='ocr_carea' id='block_1_11' title="bbox 445 941 2020 1011">
    <p class='ocr_par' dir='ltr' id='par_1_11' title="bbox 445 941 2020 1011">
     <span class='ocr_line' id='line_1_11' title="bbox 445 941 2020 1011; baseline 0.002 -16"><span class='ocrx_word' id='word_1_53' title='bbox 445 943 722 1011; x_wconf 86' lang='lat' dir='ltr'><strong>promisit,</strong></span> <span class='ocrx_word' id='word_1_54' title='bbox 749 941 978 998; x_wconf 89' lang='lat' dir='ltr'><strong>dicens:</strong></span> <span class='ocrx_word' id='word_1_55' title='bbox 1017 960 1034 993; x_wconf 81' lang='grc' dir='ltr'><strong>ι</strong></span> <span class='ocrx_word' id='word_1_56' title='bbox 1072 943 1241 996; x_wconf 84' lang='lat' dir='ltr'><strong>Amen</strong></span> <span class='ocrx_word' id='word_1_57' title='bbox 1275 943 1401 996; x_wconf 89' lang='lat' dir='ltr'><strong>dico</strong></span> <span class='ocrx_word' id='word_1_58' title='bbox 1428 944 1606 1010; x_wconf 81' lang='lat' dir='ltr'><strong>vobis,</strong></span> <span class='ocrx_word' id='word_1_59' title='bbox 1632 944 1736 1000; x_wconf 89' lang='lat' dir='ltr'><strong>nisi</strong></span> <span class='ocrx_word' id='word_1_60' title='bbox 1766 944 2020 1000; x_wconf 84' lang='lat' dir='ltr'><strong>conversi</strong></span> 
     </span>
    </p>
   </div>
   <div class='ocr_carea' id='block_1_12' title="bbox 450 1034 2022 1105">
    <p class='ocr_par' dir='ltr' id='par_1_12' title="bbox 450 1034 2022 1105">
     <span class='ocr_line' id='line_1_12' title="bbox 450 1034 2022 1105; baseline 0.003 -17"><span class='ocrx_word' id='word_1_61' title='bbox 450 1035 687 1096; x_wconf 87' lang='lat' dir='ltr'><strong>fueritis,</strong></span> <span class='ocrx_word' id='word_1_62' title='bbox 719 1042 772 1087; x_wconf 88' lang='lat' dir='ltr'><strong>ct</strong></span> <span class='ocrx_word' id='word_1_63' title='bbox 801 1034 1114 1089; x_wconf 77' lang='lat' dir='ltr'><strong>etiiciamini</strong></span> <span class='ocrx_word' id='word_1_64' title='bbox 1149 1035 1292 1089; x_wconf 89' lang='lat' dir='ltr'><strong>sicut</strong></span> <span class='ocrx_word' id='word_1_65' title='bbox 1339 1035 1572 1105; x_wconf 79' lang='lat' dir='ltr'><strong>parvuli,</strong></span> <span class='ocrx_word' id='word_1_66' title='bbox 1607 1053 1717 1090; x_wconf 88' lang='lat' dir='ltr'><strong>non</strong></span> <span class='ocrx_word' id='word_1_67' title='bbox 1748 1037 2022 1092; x_wconf 74' lang='lat' dir='ltr'><strong>inti-abitis</strong></span> 
     </span>
    </p>
   </div>
   <div class='ocr_carea' id='block_1_13' title="bbox 449 1126 2020 1198">
    <p class='ocr_par' dir='ltr' id='par_1_13' title="bbox 449 1126 2020 1198">
     <span class='ocr_line' id='line_1_13' title="bbox 449 1126 2020 1198; baseline 0.001 -18"><span class='ocrx_word' id='word_1_68' title='bbox 449 1127 502 1180; x_wconf 93' lang='lat' dir='ltr'><strong>in</strong></span> <span class='ocrx_word' id='word_1_69' title='bbox 566 1142 795 1194; x_wconf 84' lang='lat' dir='ltr'><strong>regnum</strong></span> <span class='ocrx_word' id='word_1_70' title='bbox 863 1127 1129 1182; x_wconf 62' lang='lat' dir='ltr'><strong>caelorum</strong></span> <span class='ocrx_word' id='word_1_71' title='bbox 1160 1127 1206 1180; x_wconf 74' lang='grc' dir='ltr'>Ιι.</span> <span class='ocrx_word' id='word_1_72' title='bbox 1274 1145 1292 1177; x_wconf 75' lang='grc' dir='ltr'><strong>ι</strong></span> <span class='ocrx_word' id='word_1_73' title='bbox 1338 1126 1610 1192; x_wconf 85' lang='lat' dir='ltr'><strong>Quoniam</strong></span> <span class='ocrx_word' id='word_1_74' title='bbox 1673 1144 1802 1198; x_wconf 88' lang='lat' dir='ltr'><strong>ergo</strong></span> <span class='ocrx_word' id='word_1_75' title='bbox 1850 1128 2020 1182; x_wconf 84' lang='lat' dir='ltr'><strong>animi</strong></span> 
     </span>
    </p>
   </div>
   <div class='ocr_carea' id='block_1_14' title="bbox 451 1215 2018 1285">
    <p class='ocr_par' dir='ltr' id='par_1_14' title="bbox 451 1215 2018 1285">
     <span class='ocr_line' id='line_1_14' title="bbox 451 1215 2018 1285; baseline 0.003 -17"><span class='ocrx_word' id='word_1_76' title='bbox 451 1215 573 1284; x_wconf 86' lang='lat' dir='ltr'><strong>ejus</strong></span> <span class='ocrx_word' id='word_1_77' title='bbox 631 1215 1008 1274; x_wconf 73' lang='lat' dir='ltr'><strong>characterem</strong></span> <span class='ocrx_word' id='word_1_78' title='bbox 1078 1216 1269 1285; x_wconf 86' lang='lat' dir='ltr'><strong>paucis</strong></span> <span class='ocrx_word' id='word_1_79' title='bbox 1317 1217 1702 1284; x_wconf 87' lang='lat' dir='ltr'><strong>ostendimus,</strong></span> <span class='ocrx_word' id='word_1_80' title='bbox 1763 1218 2018 1276; x_wconf 75' lang='lat' dir='ltr'><strong>fiduciam</strong></span> 
     </span>
    </p>
   </div>
   <div class='ocr_carea' id='block_1_15' title="bbox 449 1307 1566 1364">
    <p class='ocr_par' dir='ltr' id='par_1_15' title="bbox 449 1307 1566 1364">
     <span class='ocr_line' id='line_1_15' title="bbox 449 1307 1566 1364; baseline 0.002 -2"><span class='ocrx_word' id='word_1_81' title='bbox 449 1307 615 1362; x_wconf 83' lang='lat' dir='ltr'><strong>etiam</strong></span> <span class='ocrx_word' id='word_1_82' title='bbox 643 1323 709 1361; x_wconf 83' lang='lat' dir='ltr'><strong>ex</strong></span> <span class='ocrx_word' id='word_1_83' title='bbox 733 1307 936 1362; x_wconf 86' lang='lat' dir='ltr'><strong>virtute</strong></span> <span class='ocrx_word' id='word_1_84' title='bbox 966 1315 1148 1364; x_wconf 88' lang='lat' dir='ltr'><strong>natam</strong></span> <span class='ocrx_word' id='word_1_85' title='bbox 1187 1307 1566 1364; x_wconf 85' lang='lat' dir='ltr'><strong>ostendamus.</strong></span> 
     </span>
    </p>
   </div>
   <div class='ocr_carea' id='block_1_16' title="bbox 522 1576 2022 1652">
    <p class='ocr_par' dir='ltr' id='par_1_16' title="bbox 522 1576 2022 1652">
     <span class='ocr_line' id='line_1_16' title="bbox 522 1576 2022 1652; baseline 0.005 -25"><span class='ocrx_word' id='word_1_86' title='bbox 522 1576 638 1631; x_wconf 69' lang='lat' dir='ltr'><strong>ltus</strong></span> <span class='ocrx_word' id='word_1_87' title='bbox 673 1577 894 1647; x_wconf 90' lang='lat' dir='ltr'><strong>quidam</strong></span> <span class='ocrx_word' id='word_1_88' title='bbox 929 1578 1194 1640; x_wconf 89' lang='lat' dir='ltr'><strong>militum,</strong></span> <span class='ocrx_word' id='word_1_89' title='bbox 1220 1579 1316 1648; x_wconf 89' lang='lat' dir='ltr'><strong>qui</strong></span> <span class='ocrx_word' id='word_1_90' title='bbox 1353 1579 1640 1634; x_wconf 83' lang='lat' dir='ltr'><strong>venatione</strong></span> <span class='ocrx_word' id='word_1_91' title='bbox 1674 1579 1890 1652; x_wconf 77' lang='lat'><strong>1209</strong></span> <span class='ocrx_word' id='word_1_92' title='bbox 1930 1581 2022 1635; x_wconf 87' lang='lat' dir='ltr'><strong>de-</strong></span> 
     </span>
    </p>
   </div>
   <div class='ocr_carea' id='block_1_17' title="bbox 451 1668 2022 1737">
    <p class='ocr_par' dir='ltr' id='par_1_17' title="bbox 451 1668 2022 1737">
     <span class='ocr_line' id='line_1_17' title="bbox 451 1668 2022 1737; baseline 0.003 -15"><span class='ocrx_word' id='word_1_93' title='bbox 451 1668 772 1737; x_wconf 79' lang='lat' dir='ltr'><strong>lectabatur,</strong></span> <span class='ocrx_word' id='word_1_94' title='bbox 807 1671 859 1724; x_wconf 91' lang='lat' dir='ltr'><strong>iu</strong></span> <span class='ocrx_word' id='word_1_95' title='bbox 911 1679 1146 1725; x_wconf 87' lang='lat' dir='ltr'><strong>montem</strong></span> <span class='ocrx_word' id='word_1_96' title='bbox 1194 1679 1494 1726; x_wconf 89' lang='lat' dir='ltr'><strong>venaturus</strong></span> <span class='ocrx_word' id='word_1_97' title='bbox 1543 1674 1890 1736; x_wconf 70' lang='lat' dir='ltr'><strong>ascenderat,</strong></span> <span class='ocrx_word' id='word_1_98' title='bbox 1931 1689 2022 1728; x_wconf 82' lang='lat' dir='ltr'><strong>se-</strong></span> 
     </span>
    </p>
   </div>
   <div class='ocr_carea' id='block_1_18' title="bbox 2125 476 3728 548">
    <p class='ocr_par' dir='ltr' id='par_1_18' title="bbox 2125 476 3728 548">
     <span class='ocr_line' id='line_1_18' title="bbox 2125 476 3728 548; baseline -0.002 -16"><span class='ocrx_word' id='word_1_99' title='bbox 2125 482 2226 533; x_wconf 78' lang='grc' dir='ltr'><strong>ούκ</strong></span> <span class='ocrx_word' id='word_1_100' title='bbox 2257 476 2419 547; x_wconf 77' lang='grc' dir='ltr'>εἶξεν,</span> <span class='ocrx_word' id='word_1_101' title='bbox 2461 481 2579 533; x_wconf 74' lang='grc' dir='ltr'>οὐδὲ</span> <span class='ocrx_word' id='word_1_102' title='bbox 2615 479 2863 548; x_wconf 84' lang='grc' dir='ltr'>ἀφίκετο,</span> <span class='ocrx_word' id='word_1_103' title='bbox 2897 478 3002 540; x_wconf 82' lang='grc' dir='ltr'>ἓως</span> <span class='ocrx_word' id='word_1_104' title='bbox 3035 478 3199 530; x_wconf 75' lang='grc' dir='ltr'>αὑτὸν</span> <span class='ocrx_word' id='word_1_105' title='bbox 3231 480 3258 530; x_wconf 82' lang='grc' dir='ltr'><strong>ὁ</strong></span> <span class='ocrx_word' id='word_1_106' title='bbox 3301 478 3494 548; x_wconf 77' lang='grc' dir='ltr'><strong>χρόνος</strong></span> <span class='ocrx_word' id='word_1_107' title='bbox 3535 480 3639 531; x_wconf 74' lang='grc' dir='ltr'>καὶ</span> <span class='ocrx_word' id='word_1_108' title='bbox 3671 481 3728 532; x_wconf 75' lang='grc' dir='ltr'><strong>οἱ</strong></span> 
     </span>
    </p>
   </div>
   <div class='ocr_carea' id='block_1_19' title="bbox 2127 571 3728 644">
    <p class='ocr_par' dir='ltr' id='par_1_19' title="bbox 2127 571 3728 644">
     <span class='ocr_line' id='line_1_19' title="bbox 2127 571 3728 644; baseline -0.002 -17"><span class='ocrx_word' id='word_1_109' title='bbox 2127 574 2379 644; x_wconf 85' lang='grc' dir='ltr'>συνήθεις</span> <span class='ocrx_word' id='word_1_110' title='bbox 2429 574 2588 626; x_wconf 85' lang='grc' dir='ltr'>τοῦτο</span> <span class='ocrx_word' id='word_1_111' title='bbox 2627 573 2889 635; x_wconf 85' lang='grc' dir='ltr'>πολλάκις</span> <span class='ocrx_word' id='word_1_112' title='bbox 2919 571 3192 636; x_wconf 80' lang='grc' dir='ltr'>ἐδίδαξαν.</span> <span class='ocrx_word' id='word_1_113' title='bbox 3231 572 3464 642; x_wconf 78' lang='grc' dir='ltr'><strong>Οἴδαμεν</strong></span> <span class='ocrx_word' id='word_1_114' title='bbox 3508 571 3610 626; x_wconf 75' lang='grc' dir='ltr'>οὖν</span> <span class='ocrx_word' id='word_1_115' title='bbox 3643 573 3728 634; x_wconf 81' lang='grc' dir='ltr'>ὡς</span> 
     </span>
    </p>
   </div>
   <div class='ocr_carea' id='block_1_20' title="bbox 2123 661 3728 737">
    <p class='ocr_par' dir='ltr' id='par_1_20' title="bbox 2123 661 3728 737">
     <span class='ocr_line' id='line_1_20' title="bbox 2123 661 3728 737; baseline 0.001 -19"><span class='ocrx_word' id='word_1_116' title='bbox 2123 667 2184 719; x_wconf 81' lang='grc' dir='ltr'><strong>οὐ</strong></span> <span class='ocrx_word' id='word_1_117' title='bbox 2224 666 2439 729; x_wconf 82' lang='grc' dir='ltr'>πολλοῖς</span> <span class='ocrx_word' id='word_1_118' title='bbox 2462 665 2619 719; x_wconf 82' lang='grc' dir='ltr'>τοῦτο</span> <span class='ocrx_word' id='word_1_119' title='bbox 2642 665 2974 733; x_wconf 79' lang='grc' dir='ltr'>ἀξιάγαστον</span> <span class='ocrx_word' id='word_1_120' title='bbox 3011 661 3151 718; x_wconf 76' lang='grc' dir='ltr'>εἶναι</span> <span class='ocrx_word' id='word_1_121' title='bbox 3181 665 3242 717; x_wconf 78' lang='grc' dir='ltr'>τὸ</span> <span class='ocrx_word' id='word_1_122' title='bbox 3273 665 3520 737; x_wconf 83' lang='grc' dir='ltr'>διήγημα</span> <span class='ocrx_word' id='word_1_123' title='bbox 3545 667 3728 730; x_wconf 57' lang='lat' dir='ltr'><strong>aega-</strong></span> 
     </span>
    </p>
   </div>
   <div class='ocr_carea' id='block_1_21' title="bbox 2123 752 3734 828">
    <p class='ocr_par' dir='ltr' id='par_1_21' title="bbox 2123 752 3734 828">
     <span class='ocr_line' id='line_1_21' title="bbox 2123 752 3734 828; baseline -0.002 -17"><span class='ocrx_word' id='word_1_124' title='bbox 2123 758 2344 812; x_wconf 81' lang='grc' dir='ltr'>τέθεικα</span> <span class='ocrx_word' id='word_1_125' title='bbox 2378 759 2435 812; x_wconf 82' lang='grc' dir='ltr'><strong>δὲ</strong></span> <span class='ocrx_word' id='word_1_126' title='bbox 2481 759 2632 822; x_wconf 77' lang='grc' dir='ltr'>αὐτὸ,</span> <span class='ocrx_word' id='word_1_127' title='bbox 2658 757 3154 828; x_wconf 79' lang='grc' dir='ltr'><strong>ἀξιομνημόνευτον</strong></span> <span class='ocrx_word' id='word_1_128' title='bbox 3182 752 3323 810; x_wconf 77' lang='grc' dir='ltr'>εἶναι</span> <span class='ocrx_word' id='word_1_129' title='bbox 3353 757 3622 826; x_wconf 74' lang='grc' dir='ltr'>νομίζων,</span> <span class='ocrx_word' id='word_1_130' title='bbox 3645 758 3734 818; x_wconf 76' lang='grc' dir='ltr'><strong>ὡς</strong></span> 
     </span>
    </p>
   </div>
   <div class='ocr_carea' id='block_1_22' title="bbox 2127 848 3736 920">
    <p class='ocr_par' dir='ltr' id='par_1_22' title="bbox 2127 848 3736 920">
     <span class='ocr_line' id='line_1_22' title="bbox 2127 848 3736 920; baseline -0.003 -16"><span class='ocrx_word' id='word_1_131' title='bbox 2127 850 2308 904; x_wconf 74' lang='grc' dir='ltr'>ίκανον</span> <span class='ocrx_word' id='word_1_132' title='bbox 2327 848 2709 920; x_wconf 62' lang='grc' dir='ltr'>τεέμηριῶσαι</span> <span class='ocrx_word' id='word_1_133' title='bbox 2731 851 2829 903; x_wconf 73' lang='grc' dir='ltr'><strong>καὶ</strong></span> <span class='ocrx_word' id='word_1_134' title='bbox 2849 848 3091 912; x_wconf 74' lang='grc' dir='ltr'><strong>διανοίας</strong></span> <span class='ocrx_word' id='word_1_135' title='bbox 3113 848 3393 919; x_wconf 79' lang='grc' dir='ltr'><strong>ἁπλότητα</strong></span> <span class='ocrx_word' id='word_1_136' title='bbox 3417 851 3514 901; x_wconf 72' lang='grc' dir='ltr'>καὶ</span> <span class='ocrx_word' id='word_1_137' title='bbox 3530 849 3736 917; x_wconf 73' lang='grc' dir='ltr'>ψυχῆς</span> 
     </span>
    </p>
   </div>
   <div class='ocr_carea' id='block_1_23' title="bbox 2125 937 3736 1012">
    <p class='ocr_par' dir='ltr' id='par_1_23' title="bbox 2125 937 3736 1012">
     <span class='ocr_line' id='line_1_23' title="bbox 2125 937 3736 1012; baseline -0.003 -17"><span class='ocrx_word' id='word_1_138' title='bbox 2125 939 2496 1012; x_wconf 80' lang='grc' dir='ltr'>καθαρότητα.</span> <span class='ocrx_word' id='word_1_139' title='bbox 2533 939 2658 1004; x_wconf 83' lang='grc' dir='ltr'><strong>Τοῖς</strong></span> <span class='ocrx_word' id='word_1_140' title='bbox 2686 939 2945 1002; x_wconf 75' lang='grc' dir='ltr'><strong>τοιούτοις</strong></span> <span class='ocrx_word' id='word_1_141' title='bbox 2975 939 3084 1010; x_wconf 82' lang='grc' dir='ltr'>γὰρ</span> <span class='ocrx_word' id='word_1_142' title='bbox 3111 941 3140 993; x_wconf 85' lang='grc' dir='ltr'>ὁ</span> <span class='ocrx_word' id='word_1_143' title='bbox 3179 939 3456 1008; x_wconf 73' lang='grc' dir='ltr'><strong>Δεσπότης</strong></span> <span class='ocrx_word' id='word_1_144' title='bbox 3477 939 3582 1008; x_wconf 75' lang='grc' dir='ltr'><strong>τήν</strong></span> <span class='ocrx_word' id='word_1_145' title='bbox 3613 937 3736 990; x_wconf 72' lang='grc' dir='ltr'><strong>τῶν</strong></span> 
     </span>
    </p>
   </div>
   <div class='ocr_carea' id='block_1_24' title="bbox 2123 1031 3733 1104">
    <p class='ocr_par' dir='ltr' id='par_1_24' title="bbox 2123 1031 3733 1104">
     <span class='ocr_line' id='line_1_24' title="bbox 2123 1031 3733 1104; baseline 0.016 -18"><span class='ocrx_word' id='word_1_146' title='bbox 2123 1032 2370 1104; x_wconf 78' lang='grc' dir='ltr'>οὐρανῶν</span> <span class='ocrx_word' id='word_1_147' title='bbox 2414 1031 2682 1101; x_wconf 76' lang='grc' dir='ltr'>ὑπέσχετο</span> <span class='ocrx_word' id='word_1_148' title='bbox 2736 1031 3017 1102; x_wconf 80' lang='grc' dir='ltr'>βασιλείαν</span> <span class='ocrx_word' id='word_1_149' title='bbox 3047 1048 3064 1060; x_wconf 86' lang='grc'><strong>’</strong></span> <span class='ocrx_word' id='word_1_150' title='bbox 3112 1050 3131 1083; x_wconf 77' lang='grc'><strong><em>⁸</em></strong></span> <span class='ocrx_word' id='word_1_151' title='bbox 3184 1031 3355 1102; x_wconf 68' lang='grc' dir='ltr'><strong>Ἀμὴν</strong></span> <span class='ocrx_word' id='word_1_152' title='bbox 3383 1031 3538 1101; x_wconf 43' lang='grc' dir='ltr'><strong>’τάρν</strong></span> <span class='ocrx_word' id='word_1_153' title='bbox 3590 1031 3733 1100; x_wconf 64' lang='grc' dir='ltr'><strong>ἒῬην</strong></span> 
     </span>
    </p>
   </div>
   <div class='ocr_carea' id='block_1_25' title="bbox 2124 1122 3736 1193">
    <p class='ocr_par' dir='ltr' id='par_1_25' title="bbox 2124 1122 3736 1193">
     <span class='ocr_line' id='line_1_25' title="bbox 2124 1122 3736 1193; baseline 0 -17"><span class='ocrx_word' id='word_1_154' title='bbox 2124 1123 2268 1192; x_wconf 87' lang='grc' dir='ltr'>λέγω</span> <span class='ocrx_word' id='word_1_155' title='bbox 2303 1123 2464 1192; x_wconf 80' lang='grc' dir='ltr'>ὑμῖν.</span> <span class='ocrx_word' id='word_1_156' title='bbox 2515 1122 2609 1174; x_wconf 72' lang='grc' dir='ltr'><strong>ἐὰν</strong></span> <span class='ocrx_word' id='word_1_157' title='bbox 2673 1123 2748 1192; x_wconf 78' lang='grc' dir='ltr'>μὴ</span> <span class='ocrx_word' id='word_1_158' title='bbox 2798 1123 3078 1193; x_wconf 74' lang='grc' dir='ltr'><strong>στραφῆτε</strong></span> <span class='ocrx_word' id='word_1_159' title='bbox 3123 1124 3220 1176; x_wconf 75' lang='grc' dir='ltr'>καὶ</span> <span class='ocrx_word' id='word_1_160' title='bbox 3261 1123 3492 1192; x_wconf 82' lang='grc' dir='ltr'>γένησθε</span> <span class='ocrx_word' id='word_1_161' title='bbox 3524 1124 3615 1185; x_wconf 81' lang='grc' dir='ltr'>ὡς</span> <span class='ocrx_word' id='word_1_162' title='bbox 3661 1126 3736 1176; x_wconf 67' lang='grc' dir='ltr'><strong>τὰ</strong></span> 
     </span>
    </p>
   </div>
   <div class='ocr_carea' id='block_1_26' title="bbox 2125 1207 3736 1284">
    <p class='ocr_par' dir='ltr' id='par_1_26' title="bbox 2125 1207 3736 1284">
     <span class='ocr_line' id='line_1_26' title="bbox 2125 1207 3736 1284; baseline -0.002 -16"><span class='ocrx_word' id='word_1_163' title='bbox 2125 1207 2336 1278; x_wconf 75' lang='grc' dir='ltr'>παιδία,</span> <span class='ocrx_word' id='word_1_164' title='bbox 2368 1213 2429 1266; x_wconf 84' lang='grc' dir='ltr'><strong>ού</strong></span> <span class='ocrx_word' id='word_1_165' title='bbox 2465 1213 2540 1283; x_wconf 84' lang='grc' dir='ltr'>μὴ</span> <span class='ocrx_word' id='word_1_166' title='bbox 2571 1213 2855 1283; x_wconf 78' lang='grc' dir='ltr'><strong>εἰσέλθητε</strong></span> <span class='ocrx_word' id='word_1_167' title='bbox 2899 1214 2979 1277; x_wconf 89' lang='grc' dir='ltr'><strong>είς</strong></span> <span class='ocrx_word' id='word_1_168' title='bbox 3023 1214 3123 1284; x_wconf 82' lang='grc' dir='ltr'><strong>τὴν</strong></span> <span class='ocrx_word' id='word_1_169' title='bbox 3175 1213 3454 1283; x_wconf 84' lang='grc' dir='ltr'>βασιλείαν</span> <span class='ocrx_word' id='word_1_170' title='bbox 3485 1213 3610 1265; x_wconf 81' lang='grc' dir='ltr'><strong>τῶν</strong></span> <span class='ocrx_word' id='word_1_171' title='bbox 3641 1215 3736 1266; x_wconf 73' lang='grc' dir='ltr'><strong>οὖ-</strong></span> 
     </span>
    </p>
   </div>
   <div class='ocr_carea' id='block_1_27' title="bbox 2127 1303 3738 1377">
    <p class='ocr_par' dir='ltr' id='par_1_27' title="bbox 2127 1303 3738 1377">
     <span class='ocr_line' id='line_1_27' title="bbox 2127 1303 3738 1377; baseline -0.001 -20"><span class='ocrx_word' id='word_1_172' title='bbox 2127 1304 2324 1377; x_wconf 87' lang='grc' dir='ltr'>ρανῶν.</span> <span class='ocrx_word' id='word_1_173' title='bbox 2357 1322 2373 1354; x_wconf 79' lang='lat' dir='ltr'><strong>t</strong></span> <span class='ocrx_word' id='word_1_174' title='bbox 2417 1303 2640 1376; x_wconf 79' lang='grc' dir='ltr'>Ἐπειδὴ</span> <span class='ocrx_word' id='word_1_175' title='bbox 2682 1305 2861 1358; x_wconf 81' lang='grc' dir='ltr'>τοίνυν</span> <span class='ocrx_word' id='word_1_176' title='bbox 2910 1306 2967 1357; x_wconf 86' lang='grc' dir='ltr'><strong>ἐν</strong></span> <span class='ocrx_word' id='word_1_177' title='bbox 3013 1305 3296 1374; x_wconf 77' lang='grc' dir='ltr'><strong>κεφαλαίῳ</strong></span> <span class='ocrx_word' id='word_1_178' title='bbox 3340 1305 3434 1358; x_wconf 75' lang='grc' dir='ltr'>καὶ</span> <span class='ocrx_word' id='word_1_179' title='bbox 3470 1307 3572 1357; x_wconf 73' lang='grc' dir='ltr'><strong>τὸν</strong></span> <span class='ocrx_word' id='word_1_180' title='bbox 3629 1306 3738 1373; x_wconf 77' lang='grc' dir='ltr'>τῆς</span> 
     </span>
    </p>
   </div>
   <div class='ocr_carea' id='block_1_28' title="bbox 2124 1394 3734 1467">
    <p class='ocr_par' dir='ltr' id='par_1_28' title="bbox 2124 1394 3734 1467">
     <span class='ocr_line' id='line_1_28' title="bbox 2124 1394 3734 1467; baseline 0.001 -19"><span class='ocrx_word' id='word_1_181' title='bbox 2124 1395 2303 1466; x_wconf 79' lang='grc' dir='ltr'>ψυχῆς</span> <span class='ocrx_word' id='word_1_182' title='bbox 2337 1394 2618 1465; x_wconf 73' lang='grc' dir='ltr'>ἐδείξαμεν</span> <span class='ocrx_word' id='word_1_183' title='bbox 2647 1395 2996 1467; x_wconf 75' lang='grc' dir='ltr'>χαρακτῆρα.</span> <span class='ocrx_word' id='word_1_184' title='bbox 3043 1396 3179 1466; x_wconf 82' lang='grc' dir='ltr'>φέρε</span> <span class='ocrx_word' id='word_1_185' title='bbox 3213 1397 3308 1450; x_wconf 75' lang='grc' dir='ltr'><strong>καὶ</strong></span> <span class='ocrx_word' id='word_1_186' title='bbox 3341 1397 3440 1466; x_wconf 76' lang='grc' dir='ltr'><strong>τὴν</strong></span> <span class='ocrx_word' id='word_1_187' title='bbox 3480 1397 3606 1450; x_wconf 73' lang='grc' dir='ltr'>ἀπὸ</span> <span class='ocrx_word' id='word_1_188' title='bbox 3630 1397 3734 1465; x_wconf 75' lang='grc' dir='ltr'>τῆς</span> 
     </span>
    </p>
   </div>
   <div class='ocr_carea' id='block_1_29' title="bbox 2121 1487 3244 1562">
    <p class='ocr_par' dir='ltr' id='par_1_29' title="bbox 2121 1487 3244 1562">
     <span class='ocr_line' id='line_1_29' title="bbox 2121 1487 3244 1562; baseline -0.002 -19"><span class='ocrx_word' id='word_1_189' title='bbox 2121 1491 2326 1562; x_wconf 78' lang='grc' dir='ltr'>ἀρετῆς</span> <span class='ocrx_word' id='word_1_190' title='bbox 2365 1487 2532 1542; x_wconf 73' lang='grc' dir='ltr'>αὑτοῦ</span> <span class='ocrx_word' id='word_1_191' title='bbox 2565 1488 2828 1558; x_wconf 75' lang='grc' dir='ltr'>δείξωμεν</span> <span class='ocrx_word' id='word_1_192' title='bbox 2866 1487 3201 1560; x_wconf 73' lang='grc' dir='ltr'>παρρησίαν.</span> <span class='ocrx_word' id='word_1_193' title='bbox 3239 1492 3244 1496; x_wconf 83' lang='grc'><em>’</em></span> 
     </span>
    </p>
   </div>
   <div class='ocr_carea' id='block_1_30' title="bbox 2197 1579 3734 1652">
    <p class='ocr_par' dir='ltr' id='par_1_30' title="bbox 2197 1579 3734 1652">
     <span class='ocr_line' id='line_1_30' title="bbox 2197 1579 3734 1652; baseline -0.001 -19"><span class='ocrx_word' id='word_1_194' title='bbox 2197 1579 2511 1650; x_wconf 77' lang='grc' dir='ltr'>Στρατηγός</span> <span class='ocrx_word' id='word_1_195' title='bbox 2539 1597 2620 1643; x_wconf 89' lang='grc' dir='ltr'><strong>τις</strong></span> <span class='ocrx_word' id='word_1_196' title='bbox 2655 1580 3000 1650; x_wconf 82' lang='grc' dir='ltr'><strong>κυνηγεσίοις</strong></span> <span class='ocrx_word' id='word_1_197' title='bbox 3054 1579 3266 1650; x_wconf 81' lang='grc' dir='ltr'>χαίρων</span> <span class='ocrx_word' id='word_1_198' title='bbox 3317 1579 3620 1652; x_wconf 82' lang='grc' dir='ltr'>θηρεύσων</span> <span class='ocrx_word' id='word_1_199' title='bbox 3651 1581 3734 1644; x_wconf 79' lang='grc' dir='ltr'><strong>είς</strong></span> 
     </span>
    </p>
   </div>
   <div class='ocr_carea' id='block_1_31' title="bbox 2127 1672 3734 1744">
    <p class='ocr_par' dir='ltr' id='par_1_31' title="bbox 2127 1672 3734 1744">
     <span class='ocr_line' id='line_1_31' title="bbox 2127 1672 3734 1744; baseline -0.002 -17"><span class='ocrx_word' id='word_1_200' title='bbox 2127 1675 2187 1727; x_wconf 78' lang='grc' dir='ltr'><strong>τὸ</strong></span> <span class='ocrx_word' id='word_1_201' title='bbox 2215 1675 2343 1744; x_wconf 76' lang='grc' dir='ltr'>ὅρος</span> <span class='ocrx_word' id='word_1_202' title='bbox 2387 1672 2654 1744; x_wconf 76' lang='grc' dir='ltr'>ἀνῆλθεν·</span> <span class='ocrx_word' id='word_1_203' title='bbox 2683 1672 2900 1732; x_wconf 77' lang='grc' dir='ltr'>εἵποντο</span> <span class='ocrx_word' id='word_1_204' title='bbox 2949 1672 3006 1724; x_wconf 80' lang='grc' dir='ltr'><strong>δὲ</strong></span> <span class='ocrx_word' id='word_1_205' title='bbox 3053 1673 3204 1743; x_wconf 81' lang='grc' dir='ltr'>αὐτῷ</span> <span class='ocrx_word' id='word_1_206' title='bbox 3243 1674 3340 1726; x_wconf 72' lang='grc' dir='ltr'>καὶ</span> <span class='ocrx_word' id='word_1_207' title='bbox 3390 1674 3564 1735; x_wconf 77' lang='grc' dir='ltr'>κύνες</span> <span class='ocrx_word' id='word_1_208' title='bbox 3587 1713 3604 1736; x_wconf 91' lang='grc'><strong>,</strong></span> <span class='ocrx_word' id='word_1_209' title='bbox 3641 1677 3734 1725; x_wconf 84' lang='grc' dir='ltr'><strong>καί</strong></span> 
     </span>
    </p>
   </div>
   <div class='ocr_carea' id='block_1_32' title="bbox 452 1734 2037 1836">
    <p class='ocr_par' dir='ltr' id='par_1_32' title="bbox 452 1763 2022 1830">
     <span class='ocr_line' id='line_1_32' title="bbox 452 1763 2022 1830; baseline 0.002 -17"><span class='ocrx_word' id='word_1_210' title='bbox 452 1763 873 1830; x_wconf 71' lang='lat' dir='ltr'><strong>(linebanturque</strong></span> <span class='ocrx_word' id='word_1_211' title='bbox 897 1778 1062 1817; x_wconf 87' lang='lat' dir='ltr'><strong>canes</strong></span> <span class='ocrx_word' id='word_1_212' title='bbox 1086 1777 1150 1816; x_wconf 90' lang='lat' dir='ltr'><strong>ac</strong></span> <span class='ocrx_word' id='word_1_213' title='bbox 1175 1763 1402 1824; x_wconf 86' lang='lat' dir='ltr'><strong>milites.</strong></span> <span class='ocrx_word' id='word_1_214' title='bbox 1436 1772 1488 1817; x_wconf 88' lang='lat' dir='ltr'><strong>et</strong></span> <span class='ocrx_word' id='word_1_215' title='bbox 1515 1772 1713 1818; x_wconf 73' lang='lat' dir='ltr'><strong>cmtera</strong></span> <span class='ocrx_word' id='word_1_216' title='bbox 1747 1765 2022 1818; x_wconf 84' lang='lat' dir='ltr'><strong>venationi</strong></span> 
     </span>
    </p>
   </div>
   <div class='ocr_carea' id='block_1_33' title="bbox 2141 1734 3736 1836">
    <p class='ocr_par' dir='ltr' id='par_1_33' title="bbox 2141 1765 3736 1836">
     <span class='ocr_line' id='line_1_33' title="bbox 2141 1765 3736 1836; baseline 0 -18"><span class='ocrx_word' id='word_1_217' title='bbox 2141 1766 2482 1836; x_wconf 70' lang='grc' dir='ltr'>στρατιῶται,</span> <span class='ocrx_word' id='word_1_218' title='bbox 2518 1765 2614 1817; x_wconf 67' lang='grc' dir='ltr'><strong>καὶ</strong></span> <span class='ocrx_word' id='word_1_219' title='bbox 2659 1765 2761 1818; x_wconf 83' lang='grc' dir='ltr'><strong>ὅσα</strong></span> <span class='ocrx_word' id='word_1_220' title='bbox 2787 1767 2868 1828; x_wconf 86' lang='grc' dir='ltr'>εἰς</span> <span class='ocrx_word' id='word_1_221' title='bbox 2908 1765 3082 1835; x_wconf 87' lang='grc' dir='ltr'>θήραν</span> <span class='ocrx_word' id='word_1_222' title='bbox 3116 1766 3264 1819; x_wconf 77' lang='grc' dir='ltr'>ἐστὶν</span> <span class='ocrx_word' id='word_1_223' title='bbox 3291 1766 3612 1834; x_wconf 80' lang='grc' dir='ltr'>ἐπιτήδεια.</span> <span class='ocrx_word' id='word_1_224' title='bbox 3646 1767 3736 1827; x_wconf 75' lang='grc' dir='ltr'>Ὡς</span> 
     </span>
    </p>
   </div>
   <div class='ocr_carea' id='block_1_34' title="bbox 453 1854 2027 1926">
    <p class='ocr_par' dir='ltr' id='par_1_34' title="bbox 453 1854 2027 1926">
     <span class='ocr_line' id='line_1_34' title="bbox 453 1854 2027 1926; baseline 0.004 -22"><span class='ocrx_word' id='word_1_225' title='bbox 453 1865 778 1923; x_wconf 85' lang='lat' dir='ltr'><strong>opportuna.</strong></span> <span class='ocrx_word' id='word_1_226' title='bbox 819 1854 871 1908; x_wconf 87' lang='lat' dir='ltr'><strong>Is</strong></span> <span class='ocrx_word' id='word_1_227' title='bbox 903 1870 1032 1909; x_wconf 89' lang='lat' dir='ltr'><strong>vero</strong></span> <span class='ocrx_word' id='word_1_228' title='bbox 1068 1865 1126 1910; x_wconf 90' lang='lat' dir='ltr'><strong>ut</strong></span> <span class='ocrx_word' id='word_1_229' title='bbox 1161 1856 1437 1910; x_wconf 86' lang='lat' dir='ltr'><strong>hominem</strong></span> <span class='ocrx_word' id='word_1_230' title='bbox 1474 1858 1666 1926; x_wconf 88' lang='lat' dir='ltr'><strong>procul</strong></span> <span class='ocrx_word' id='word_1_231' title='bbox 1718 1856 1874 1921; x_wconf 83' lang='lat' dir='ltr'><strong>vidit,</strong></span> <span class='ocrx_word' id='word_1_232' title='bbox 1905 1866 1958 1911; x_wconf 90' lang='lat' dir='ltr'><strong>et</strong></span> <span class='ocrx_word' id='word_1_233' title='bbox 1995 1872 2027 1910; x_wconf 84' lang='lat' dir='ltr'><strong>a</strong></span> 
     </span>
    </p>
   </div>
   <div class='ocr_carea' id='block_1_35' title="bbox 451 1945 2029 2017">
    <p class='ocr_par' dir='ltr' id='par_1_35' title="bbox 451 1945 2029 2017">
     <span class='ocr_line' id='line_1_35' title="bbox 451 1945 2029 2017; baseline 0.004 -21"><span class='ocrx_word' id='word_1_234' title='bbox 451 1946 749 2000; x_wconf 86' lang='lat' dir='ltr'><strong>comitibus</strong></span> <span class='ocrx_word' id='word_1_235' title='bbox 775 1945 900 2015; x_wconf 88' lang='lat' dir='ltr'><strong>quis</strong></span> <span class='ocrx_word' id='word_1_236' title='bbox 928 1954 1076 2000; x_wconf 88' lang='lat' dir='ltr'><strong>esset</strong></span> <span class='ocrx_word' id='word_1_237' title='bbox 1105 1947 1396 2010; x_wconf 81' lang='lat' dir='ltr'><strong>intellexit,</strong></span> <span class='ocrx_word' id='word_1_238' title='bbox 1428 1963 1496 2001; x_wconf 79' lang='lat' dir='ltr'><strong>ex</strong></span> <span class='ocrx_word' id='word_1_239' title='bbox 1527 1963 1672 2017; x_wconf 89' lang='lat' dir='ltr'><strong>equo</strong></span> <span class='ocrx_word' id='word_1_240' title='bbox 1719 1963 1842 2002; x_wconf 83' lang='lat' dir='ltr'><strong>mox</strong></span> <span class='ocrx_word' id='word_1_241' title='bbox 1878 1947 2029 2004; x_wconf 79' lang='lat' dir='ltr'><strong>desi-</strong></span> 
     </span>
    </p>
   </div>
   <div class='ocr_carea' id='block_1_36' title="bbox 451 2034 2027 2108">
    <p class='ocr_par' dir='ltr' id='par_1_36' title="bbox 451 2034 2027 2108">
     <span class='ocr_line' id='line_1_36' title="bbox 451 2034 2027 2108; baseline 0.005 -20"><span class='ocrx_word' id='word_1_242' title='bbox 451 2034 593 2090; x_wconf 86' lang='lat' dir='ltr'><strong>liens</strong></span> <span class='ocrx_word' id='word_1_243' title='bbox 615 2036 837 2105; x_wconf 81' lang='lat' dir='ltr'><strong>propius</strong></span> <span class='ocrx_word' id='word_1_244' title='bbox 856 2037 1113 2102; x_wconf 87' lang='lat' dir='ltr'><strong>accessit,</strong></span> <span class='ocrx_word' id='word_1_245' title='bbox 1137 2039 1547 2107; x_wconf 87' lang='lat' dir='ltr'><strong>salutatumque</strong></span> <span class='ocrx_word' id='word_1_246' title='bbox 1573 2037 1702 2108; x_wconf 88' lang='lat' dir='ltr'><strong>quid</strong></span> <span class='ocrx_word' id='word_1_247' title='bbox 1737 2039 1811 2093; x_wconf 89' lang='lat' dir='ltr'><strong>ibi</strong></span> <span class='ocrx_word' id='word_1_248' title='bbox 1847 2056 2027 2096; x_wconf 90' lang='lat' dir='ltr'><strong>rerum</strong></span> 
     </span>
    </p>
   </div>
   <div class='ocr_carea' id='block_1_37' title="bbox 454 2129 2025 2202">
    <p class='ocr_par' dir='ltr' id='par_1_37' title="bbox 454 2129 2025 2202">
     <span class='ocr_line' id='line_1_37' title="bbox 454 2129 2025 2202; baseline 0.005 -22"><span class='ocrx_word' id='word_1_249' title='bbox 454 2137 638 2197; x_wconf 82' lang='lat' dir='ltr'><strong>ageret</strong></span> <span class='ocrx_word' id='word_1_250' title='bbox 672 2129 1052 2195; x_wconf 74' lang='lat' dir='ltr'><strong>interrogavit.</strong></span> <span class='ocrx_word' id='word_1_251' title='bbox 1090 2131 1159 2184; x_wconf 82' lang='lat' dir='ltr'><strong>At</strong></span> <span class='ocrx_word' id='word_1_252' title='bbox 1190 2130 1283 2186; x_wconf 91' lang='lat' dir='ltr'><strong>ille</strong></span> <span class='ocrx_word' id='word_1_253' title='bbox 1338 2131 1579 2188; x_wconf 85' lang='lat' dir='ltr'><strong>vicissim</strong></span> <span class='ocrx_word' id='word_1_254' title='bbox 1642 2131 2025 2202; x_wconf 76' lang='lat' dir='ltr'><strong>interrogans:</strong></span> 
     </span>
    </p>
   </div>
   <div class='ocr_carea' id='block_1_38' title="bbox 459 2215 2024 2291">
    <p class='ocr_par' dir='ltr' id='par_1_38' title="bbox 459 2215 2024 2291">
     <span class='ocr_line' id='line_1_38' title="bbox 459 2215 2024 2291; baseline 0.006 -23"><span class='ocrx_word' id='word_1_255' title='bbox 459 2235 479 2268; x_wconf 79' lang='grc' dir='ltr'><strong>ι</strong></span> <span class='ocrx_word' id='word_1_256' title='bbox 517 2215 598 2271; x_wconf 89' lang='grc' dir='ltr'>Τιι</span> <span class='ocrx_word' id='word_1_257' title='bbox 625 2233 776 2282; x_wconf 84' lang='lat' dir='ltr'><strong>vero,</strong></span> <span class='ocrx_word' id='word_1_258' title='bbox 809 2219 1012 2289; x_wconf 89' lang='lat' dir='ltr'><strong>inquit,</strong></span> <span class='ocrx_word' id='word_1_259' title='bbox 1071 2236 1234 2291; x_wconf 89' lang='lat' dir='ltr'><strong>quem</strong></span> <span class='ocrx_word' id='word_1_260' title='bbox 1293 2221 1348 2275; x_wconf 93' lang='lat' dir='ltr'><strong>in</strong></span> <span class='ocrx_word' id='word_1_261' title='bbox 1381 2223 1542 2276; x_wconf 89' lang='lat' dir='ltr'><strong>finem</strong></span> <span class='ocrx_word' id='word_1_262' title='bbox 1579 2224 1684 2276; x_wconf 90' lang='lat' dir='ltr'><strong>huc</strong></span> <span class='ocrx_word' id='word_1_263' title='bbox 1719 2223 1965 2278; x_wconf 85' lang='lat' dir='ltr'><strong>venisti?</strong></span> <span class='ocrx_word' id='word_1_264' title='bbox 2003 2243 2024 2278; x_wconf 71' lang='grc' dir='ltr'><strong>ι</strong></span> 
     </span>
    </p>
   </div>
   <div class='ocr_carea' id='block_1_39' title="bbox 454 2307 2031 2384">
    <p class='ocr_par' dir='ltr' id='par_1_39' title="bbox 454 2307 2031 2384">
     <span class='ocr_line' id='line_1_39' title="bbox 454 2307 2031 2384; baseline 0.007 -24"><span class='ocrx_word' id='word_1_265' title='bbox 454 2307 523 2361; x_wconf 73' lang='lat' dir='ltr'><strong>Et</strong></span> <span class='ocrx_word' id='word_1_266' title='bbox 554 2324 677 2363; x_wconf 94' lang='lat' dir='ltr'><strong>cum</strong></span> <span class='ocrx_word' id='word_1_267' title='bbox 705 2311 771 2365; x_wconf 90' lang='lat' dir='ltr'><strong>ad</strong></span> <span class='ocrx_word' id='word_1_268' title='bbox 801 2311 1110 2368; x_wconf 81' lang='lat' dir='ltr'><strong>venandum</strong></span> <span class='ocrx_word' id='word_1_269' title='bbox 1145 2328 1206 2368; x_wconf 87' lang='lat' dir='ltr'><strong>se</strong></span> <span class='ocrx_word' id='word_1_270' title='bbox 1234 2313 1449 2368; x_wconf 86' lang='lat' dir='ltr'><strong>venisse</strong></span> <span class='ocrx_word' id='word_1_271' title='bbox 1472 2312 1586 2368; x_wconf 82' lang='lat' dir='ltr'><strong>dux</strong></span> <span class='ocrx_word' id='word_1_272' title='bbox 1618 2315 2031 2384; x_wconf 85' lang='lat' dir='ltr'><strong>respondisset:</strong></span> 
     </span>
    </p>
   </div>
   <div class='ocr_carea' id='block_1_40' title="bbox 459 2400 2032 2478">
    <p class='ocr_par' dir='ltr' id='par_1_40' title="bbox 459 2400 2032 2478">
     <span class='ocr_line' id='line_1_40' title="bbox 459 2400 2032 2478; baseline 0.007 -28"><span class='ocrx_word' id='word_1_273' title='bbox 459 2416 480 2450; x_wconf 75' lang='grc' dir='ltr'><strong>ι</strong></span> <span class='ocrx_word' id='word_1_274' title='bbox 530 2400 641 2469; x_wconf 80' lang='lat' dir='ltr'><strong>Ego</strong></span> <span class='ocrx_word' id='word_1_275' title='bbox 669 2417 820 2464; x_wconf 88' lang='lat' dir='ltr'><strong>vero,</strong></span> <span class='ocrx_word' id='word_1_276' title='bbox 855 2403 931 2456; x_wconf 88' lang='lat' dir='ltr'><strong>ait</strong></span> <span class='ocrx_word' id='word_1_277' title='bbox 965 2403 1074 2468; x_wconf 84' lang='lat' dir='ltr'><strong>ille,</strong></span> <span class='ocrx_word' id='word_1_278' title='bbox 1103 2403 1274 2458; x_wconf 89' lang='lat' dir='ltr'><strong>Deum</strong></span> <span class='ocrx_word' id='word_1_279' title='bbox 1312 2419 1492 2458; x_wconf 91' lang='lat' dir='ltr'><strong>meum</strong></span> <span class='ocrx_word' id='word_1_280' title='bbox 1521 2421 1712 2470; x_wconf 91' lang='lat' dir='ltr'><strong>venor,</strong></span> <span class='ocrx_word' id='word_1_281' title='bbox 1752 2414 1807 2461; x_wconf 88' lang='lat' dir='ltr'><strong>et</strong></span> <span class='ocrx_word' id='word_1_282' title='bbox 1836 2422 2032 2478; x_wconf 83' lang='lat' dir='ltr'><strong>capere</strong></span> 
     </span>
    </p>
   </div>
   <div class='ocr_carea' id='block_1_41' title="bbox 454 2493 2034 2570">
    <p class='ocr_par' dir='ltr' id='par_1_41' title="bbox 454 2493 2034 2570">
     <span class='ocr_line' id='line_1_41' title="bbox 454 2493 2034 2570; baseline 0.008 -25"><span class='ocrx_word' id='word_1_283' title='bbox 454 2493 618 2564; x_wconf 91' lang='lat' dir='ltr'><strong>cupio</strong></span> <span class='ocrx_word' id='word_1_284' title='bbox 649 2510 664 2558; x_wconf 91' lang='lat'><strong>;</strong></span> <span class='ocrx_word' id='word_1_285' title='bbox 696 2497 713 2515; x_wconf 84' lang='grc'>⁶</span> <span class='ocrx_word' id='word_1_286' title='bbox 743 2495 925 2551; x_wconf 88' lang='lat' dir='ltr'><strong>videre</strong></span> <span class='ocrx_word' id='word_1_287' title='bbox 963 2495 1117 2552; x_wconf 89' lang='lat' dir='ltr'><strong>illum</strong></span> <span class='ocrx_word' id='word_1_288' title='bbox 1150 2497 1427 2564; x_wconf 88' lang='lat' dir='ltr'><strong>desidero,</strong></span> <span class='ocrx_word' id='word_1_289' title='bbox 1480 2513 1658 2568; x_wconf 85' lang='lat' dir='ltr'><strong>neque</strong></span> <span class='ocrx_word' id='word_1_290' title='bbox 1687 2515 1930 2570; x_wconf 88' lang='lat' dir='ltr'><strong>unquam</strong></span> <span class='ocrx_word' id='word_1_291' title='bbox 1964 2501 2034 2558; x_wconf 86' lang='lat' dir='ltr'><strong>ab</strong></span> 
     </span>
    </p>
   </div>
   <div class='ocr_carea' id='block_1_42' title="bbox 459 2583 2032 2657">
    <p class='ocr_par' dir='ltr' id='par_1_42' title="bbox 459 2583 2032 2657">
     <span class='ocr_line' id='line_1_42' title="bbox 459 2583 2032 2657; baseline 0.006 -19"><span class='ocrx_word' id='word_1_292' title='bbox 459 2583 562 2656; x_wconf 86' lang='lat' dir='ltr'><strong>bac</strong></span> <span class='ocrx_word' id='word_1_293' title='bbox 587 2586 817 2656; x_wconf 89' lang='lat' dir='ltr'><strong>pulchra</strong></span> <span class='ocrx_word' id='word_1_294' title='bbox 850 2588 1142 2644; x_wconf 86' lang='lat' dir='ltr'><strong>venatione</strong></span> <span class='ocrx_word' id='word_1_295' title='bbox 1166 2589 1510 2645; x_wconf 63' lang='lat' dir='ltr'><strong>abstinebOJ</strong></span> <span class='ocrx_word' id='word_1_296' title='bbox 1539 2589 1636 2646; x_wconf 89' lang='lat' dir='ltr'><strong>llis</strong></span> <span class='ocrx_word' id='word_1_297' title='bbox 1666 2591 1890 2657; x_wconf 86' lang='lat' dir='ltr'><strong>auditis,</strong></span> <span class='ocrx_word' id='word_1_298' title='bbox 1923 2591 2032 2648; x_wconf 78' lang='lat' dir='ltr'><strong>dux</strong></span> 
     </span>
    </p>
   </div>
   <div class='ocr_carea' id='block_1_43' title="bbox 455 2667 2087 2750">
    <p class='ocr_par' dir='ltr' id='par_1_43' title="bbox 455 2667 2087 2750">
     <span class='ocr_line' id='line_1_43' title="bbox 455 2667 2087 2750; baseline 0.003 -19"><span class='ocrx_word' id='word_1_299' title='bbox 455 2691 582 2731; x_wconf 89' lang='lat' dir='ltr'><strong>cum</strong></span> <span class='ocrx_word' id='word_1_300' title='bbox 611 2675 996 2742; x_wconf 83' lang='lat' dir='ltr'><strong>admiratione,</strong></span> <span class='ocrx_word' id='word_1_301' title='bbox 1029 2688 1088 2733; x_wconf 92' lang='lat' dir='ltr'><strong>ut</strong></span> <span class='ocrx_word' id='word_1_302' title='bbox 1125 2696 1222 2750; x_wconf 91' lang='lat' dir='ltr'><strong>par</strong></span> <span class='ocrx_word' id='word_1_303' title='bbox 1258 2693 1396 2745; x_wconf 89' lang='lat' dir='ltr'><strong>erat,</strong></span> <span class='ocrx_word' id='word_1_304' title='bbox 1431 2683 1710 2738; x_wconf 87' lang='lat' dir='ltr'><strong>discessit.</strong></span> <span class='ocrx_word' id='word_1_305' title='bbox 1743 2683 1865 2738; x_wconf 82' lang='lat' dir='ltr'><strong>Alio</strong></span> <span class='ocrx_word' id='word_1_306' title='bbox 1894 2691 2035 2738; x_wconf 90' lang='lat' dir='ltr'><strong>tem-</strong></span> <span class='ocrx_word' id='word_1_307' title='bbox 2081 2667 2087 2673; x_wconf 57' lang='grc'><em>’</em></span> 
     </span>
    </p>
   </div>
   <div class='ocr_carea' id='block_1_44' title="bbox 457 2775 2034 2848">
    <p class='ocr_par' dir='ltr' id='par_1_44' title="bbox 457 2775 2034 2848">
     <span class='ocr_line' id='line_1_44' title="bbox 457 2775 2034 2848; baseline 0.006 -23"><span class='ocrx_word' id='word_1_308' title='bbox 457 2787 614 2843; x_wconf 88' lang='lat' dir='ltr'><strong>pore,</strong></span> <span class='ocrx_word' id='word_1_309' title='bbox 644 2787 769 2827; x_wconf 90' lang='lat' dir='ltr'><strong>cum</strong></span> <span class='ocrx_word' id='word_1_310' title='bbox 798 2775 993 2829; x_wconf 87' lang='lat' dir='ltr'><strong>civitas</strong></span> <span class='ocrx_word' id='word_1_311' title='bbox 1025 2790 1054 2828; x_wconf 91' lang='lat' dir='ltr'><strong>a</strong></span> <span class='ocrx_word' id='word_1_312' title='bbox 1092 2776 1233 2828; x_wconf 90' lang='lat' dir='ltr'><strong>malo</strong></span> <span class='ocrx_word' id='word_1_313' title='bbox 1263 2776 1500 2846; x_wconf 88' lang='lat' dir='ltr'><strong>quodam</strong></span> <span class='ocrx_word' id='word_1_314' title='bbox 1546 2777 1796 2833; x_wconf 79' lang='lat' dir='ltr'><strong>daemone</strong></span> <span class='ocrx_word' id='word_1_315' title='bbox 1832 2779 2034 2848; x_wconf 88' lang='lat' dir='ltr'><strong>agitata</strong></span> 
     </span>
    </p>
   </div>
   <div class='ocr_carea' id='block_1_45' title="bbox 457 2863 2036 2935">
    <p class='ocr_par' dir='ltr' id='par_1_45' title="bbox 457 2863 2036 2935">
     <span class='ocr_line' id='line_1_45' title="bbox 457 2863 2036 2935; baseline 0.006 -18"><span class='ocrx_word' id='word_1_316' title='bbox 457 2864 514 2918; x_wconf 90' lang='lat' dir='ltr'><strong>in</strong></span> <span class='ocrx_word' id='word_1_317' title='bbox 543 2863 722 2932; x_wconf 83' lang='lat' dir='ltr'><strong>regias</strong></span> <span class='ocrx_word' id='word_1_318' title='bbox 776 2873 992 2920; x_wconf 86' lang='lat' dir='ltr'><strong>statuas</strong></span> <span class='ocrx_word' id='word_1_319' title='bbox 1053 2865 1296 2920; x_wconf 86' lang='lat' dir='ltr'><strong>furorem</strong></span> <span class='ocrx_word' id='word_1_320' title='bbox 1347 2869 1706 2935; x_wconf 87' lang='lat' dir='ltr'><strong>exseruisset,</strong></span> <span class='ocrx_word' id='word_1_321' title='bbox 1766 2880 2036 2926; x_wconf 88' lang='lat' dir='ltr'><strong>venerunt</strong></span> 
     </span>
    </p>
   </div>
   <div class='ocr_carea' id='block_1_46' title="bbox 457 2955 2034 3028">
    <p class='ocr_par' dir='ltr' id='par_1_46' title="bbox 457 2955 2034 3028">
     <span class='ocr_line' id='line_1_46' title="bbox 457 2955 2034 3028; baseline 0.004 -19"><span class='ocrx_word' id='word_1_322' title='bbox 457 2955 897 3028; x_wconf 79' lang='lat' dir='ltr'><strong>praestantissimi</strong></span> <span class='ocrx_word' id='word_1_323' title='bbox 932 2956 1166 3010; x_wconf 90' lang='lat' dir='ltr'><strong>militum</strong></span> <span class='ocrx_word' id='word_1_324' title='bbox 1198 2957 1470 3026; x_wconf 77' lang='lat' dir='ltr'><strong>magistri,</strong></span> <span class='ocrx_word' id='word_1_325' title='bbox 1506 2958 1684 3012; x_wconf 89' lang='lat' dir='ltr'><strong>ultimi</strong></span> <span class='ocrx_word' id='word_1_326' title='bbox 1717 2960 1872 3014; x_wconf 74' lang='lat' dir='ltr'><strong>exitii</strong></span> <span class='ocrx_word' id='word_1_327' title='bbox 1904 2977 2034 3015; x_wconf 89' lang='lat' dir='ltr'><strong>sen-</strong></span> 
     </span>
    </p>
   </div>
   <div class='ocr_carea' id='block_1_47' title="bbox 460 3046 2032 3108">
    <p class='ocr_par' dir='ltr' id='par_1_47' title="bbox 460 3046 2032 3108">
     <span class='ocr_line' id='line_1_47' title="bbox 460 3046 2032 3108; baseline 0.005 -8"><span class='ocrx_word' id='word_1_328' title='bbox 460 3047 690 3100; x_wconf 87' lang='lat' dir='ltr'><strong>tentiam</strong></span> <span class='ocrx_word' id='word_1_329' title='bbox 726 3046 942 3102; x_wconf 85' lang='lat' dir='ltr'><strong>civibus</strong></span> <span class='ocrx_word' id='word_1_330' title='bbox 972 3047 1283 3102; x_wconf 73' lang='lat' dir='ltr'><strong>afferentes.</strong></span> <span class='ocrx_word' id='word_1_331' title='bbox 1319 3047 1418 3102; x_wconf 86' lang='lat' dir='ltr'><strong>llic</strong></span> <span class='ocrx_word' id='word_1_332' title='bbox 1446 3065 1578 3105; x_wconf 88' lang='lat' dir='ltr'><strong>vero</strong></span> <span class='ocrx_word' id='word_1_333' title='bbox 1607 3050 1674 3106; x_wconf 91' lang='lat' dir='ltr'><strong>de</strong></span> <span class='ocrx_word' id='word_1_334' title='bbox 1710 3061 1896 3106; x_wconf 89' lang='lat' dir='ltr'><strong>monte</strong></span> <span class='ocrx_word' id='word_1_335' title='bbox 1937 3053 2032 3108; x_wconf 88' lang='lat' dir='ltr'><strong>de-</strong></span> 
     </span>
    </p>
   </div>
   <div class='ocr_carea' id='block_1_48' title="bbox 459 3138 2035 3213">
    <p class='ocr_par' dir='ltr' id='par_1_48' title="bbox 459 3138 2035 3213">
     <span class='ocr_line' id='line_1_48' title="bbox 459 3138 2035 3213; baseline 0.004 -19"><span class='ocrx_word' id='word_1_336' title='bbox 459 3138 751 3203; x_wconf 87' lang='lat' dir='ltr'><strong>scendens,</strong></span> <span class='ocrx_word' id='word_1_337' title='bbox 787 3140 984 3196; x_wconf 88' lang='lat' dir='ltr'><strong>ambos</strong></span> <span class='ocrx_word' id='word_1_338' title='bbox 1022 3143 1314 3211; x_wconf 83' lang='lat' dir='ltr'><strong>magistros</strong></span> <span class='ocrx_word' id='word_1_339' title='bbox 1338 3159 1434 3213; x_wconf 88' lang='lat' dir='ltr'><strong>per</strong></span> <span class='ocrx_word' id='word_1_340' title='bbox 1484 3143 1665 3198; x_wconf 84' lang='lat' dir='ltr'><strong>forum</strong></span> <span class='ocrx_word' id='word_1_341' title='bbox 1715 3156 1907 3201; x_wconf 88' lang='lat' dir='ltr'><strong>euntes</strong></span> <span class='ocrx_word' id='word_1_342' title='bbox 1953 3147 2035 3200; x_wconf 85' lang='lat' dir='ltr'><strong>iu-</strong></span> 
     </span>
    </p>
   </div>
   <div class='ocr_carea' id='block_1_49' title="bbox 461 3229 2040 3304">
    <p class='ocr_par' dir='ltr' id='par_1_49' title="bbox 461 3229 2040 3304">
     <span class='ocr_line' id='line_1_49' title="bbox 461 3229 2040 3304; baseline 0.004 -20"><span class='ocrx_word' id='word_1_343' title='bbox 461 3231 657 3284; x_wconf 91' lang='lat' dir='ltr'><strong>bibuit.</strong></span> <span class='ocrx_word' id='word_1_344' title='bbox 685 3229 809 3295; x_wconf 87' lang='lat' dir='ltr'><strong>Qui,</strong></span> <span class='ocrx_word' id='word_1_345' title='bbox 842 3231 1062 3301; x_wconf 88' lang='lat' dir='ltr'><strong>cognito</strong></span> <span class='ocrx_word' id='word_1_346' title='bbox 1086 3233 1209 3300; x_wconf 87' lang='lat' dir='ltr'><strong>quis</strong></span> <span class='ocrx_word' id='word_1_347' title='bbox 1239 3241 1414 3297; x_wconf 87' lang='lat' dir='ltr'><strong>esset,</strong></span> <span class='ocrx_word' id='word_1_348' title='bbox 1446 3233 1514 3289; x_wconf 90' lang='lat' dir='ltr'><strong>de</strong></span> <span class='ocrx_word' id='word_1_349' title='bbox 1543 3240 1559 3254; x_wconf 93' lang='lat'>&#39;</span> <span class='ocrx_word' id='word_1_350' title='bbox 1599 3234 1759 3304; x_wconf 84' lang='lat' dir='ltr'><strong>cquis</strong></span> <span class='ocrx_word' id='word_1_351' title='bbox 1789 3251 1913 3290; x_wconf 77' lang='lat' dir='ltr'><strong>mox</strong></span> <span class='ocrx_word' id='word_1_352' title='bbox 1947 3235 2040 3291; x_wconf 83' lang='lat' dir='ltr'><strong>dc-</strong></span> 
     </span>
    </p>
   </div>
   <div class='ocr_carea' id='block_1_50' title="bbox 461 3322 2046 3396">
    <p class='ocr_par' dir='ltr' id='par_1_50' title="bbox 461 3322 2046 3396">
     <span class='ocr_line' id='line_1_50' title="bbox 461 3322 2046 3396; baseline -0.002 -18"><span class='ocrx_word' id='word_1_353' title='bbox 461 3322 673 3386; x_wconf 87' lang='lat' dir='ltr'><strong>siliunt,</strong></span> <span class='ocrx_word' id='word_1_354' title='bbox 712 3337 1017 3393; x_wconf 88' lang='lat' dir='ltr'><strong>manusque</strong></span> <span class='ocrx_word' id='word_1_355' title='bbox 1045 3331 1098 3379; x_wconf 87' lang='lat' dir='ltr'><strong>et</strong></span> <span class='ocrx_word' id='word_1_356' title='bbox 1143 3341 1316 3396; x_wconf 87' lang='lat' dir='ltr'><strong>genua</strong></span> <span class='ocrx_word' id='word_1_357' title='bbox 1376 3325 2046 3396; x_wconf 87' lang='lat' dir='ltr'><strong>prebe-ndentcs,salutem</strong></span> 
     </span>
    </p>
   </div>
   <div class='ocr_carea' id='block_1_51' title="bbox 462 3412 2039 3486">
    <p class='ocr_par' dir='ltr' id='par_1_51' title="bbox 462 3412 2039 3486">
     <span class='ocr_line' id='line_1_51' title="bbox 462 3412 2039 3486; baseline 0.004 -18"><span class='ocrx_word' id='word_1_358' title='bbox 462 3412 811 3486; x_wconf 89' lang='lat' dir='ltr'><strong>impertiunt.</strong></span> <span class='ocrx_word' id='word_1_359' title='bbox 856 3415 977 3486; x_wconf 91' lang='lat' dir='ltr'><strong>Ipse</strong></span> <span class='ocrx_word' id='word_1_360' title='bbox 1008 3431 1137 3470; x_wconf 88' lang='lat' dir='ltr'><strong>vero</strong></span> <span class='ocrx_word' id='word_1_361' title='bbox 1167 3417 1486 3485; x_wconf 88' lang='lat' dir='ltr'><strong>imperatori</strong></span> <span class='ocrx_word' id='word_1_362' title='bbox 1547 3420 1866 3474; x_wconf 89' lang='lat' dir='ltr'><strong>renuntiare</strong></span> <span class='ocrx_word' id='word_1_363' title='bbox 1912 3420 2039 3474; x_wconf 85' lang='lat' dir='ltr'><strong>illos</strong></span> 
     </span>
    </p>
   </div>
   <div class='ocr_carea' id='block_1_52' title="bbox 460 3504 2041 3578">
    <p class='ocr_par' dir='ltr' id='par_1_52' title="bbox 460 3504 2041 3578">
     <span class='ocr_line' id='line_1_52' title="bbox 460 3504 2041 3578; baseline 0.001 -19"><span class='ocrx_word' id='word_1_364' title='bbox 460 3504 635 3576; x_wconf 87' lang='lat' dir='ltr'><strong>jubet,</strong></span> <span class='ocrx_word' id='word_1_365' title='bbox 699 3506 974 3562; x_wconf 88' lang='lat' dir='ltr'><strong>hominem</strong></span> <span class='ocrx_word' id='word_1_366' title='bbox 1028 3508 1210 3578; x_wconf 89' lang='lat' dir='ltr'><strong>ipsum</strong></span> <span class='ocrx_word' id='word_1_367' title='bbox 1266 3524 1410 3574; x_wconf 90' lang='lat' dir='ltr'><strong>esse,</strong></span> <span class='ocrx_word' id='word_1_368' title='bbox 1484 3518 1794 3578; x_wconf 82' lang='lat' dir='ltr'><strong>naturaque</strong></span> <span class='ocrx_word' id='word_1_369' title='bbox 1850 3509 2041 3562; x_wconf 89' lang='lat' dir='ltr'><strong>eadem</strong></span> 
     </span>
    </p>
   </div>
   <div class='ocr_carea' id='block_1_53' title="bbox 465 3599 2042 3668">
    <p class='ocr_par' dir='ltr' id='par_1_53' title="bbox 465 3599 2042 3668">
     <span class='ocr_line' id='line_1_53' title="bbox 465 3599 2042 3668; baseline 0.003 -18"><span class='ocrx_word' id='word_1_370' title='bbox 465 3599 777 3668; x_wconf 66' lang='lat' dir='ltr'><strong>praeditum,</strong></span> <span class='ocrx_word' id='word_1_371' title='bbox 816 3614 923 3668; x_wconf 88' lang='lat' dir='ltr'><strong>qua</strong></span> <span class='ocrx_word' id='word_1_372' title='bbox 949 3600 1042 3668; x_wconf 91' lang='lat' dir='ltr'><strong>qui</strong></span> <span class='ocrx_word' id='word_1_373' title='bbox 1075 3600 1467 3656; x_wconf 83' lang='lat' dir='ltr'><strong>contumeliam</strong></span> <span class='ocrx_word' id='word_1_374' title='bbox 1499 3599 1763 3654; x_wconf 79' lang='lat' dir='ltr'><strong>fecerant.</strong></span> <span class='ocrx_word' id='word_1_375' title='bbox 1795 3599 1860 3652; x_wconf 79' lang='lat' dir='ltr'><strong>Et</strong></span> <span class='ocrx_word' id='word_1_376' title='bbox 1917 3615 2042 3654; x_wconf 86' lang='lat' dir='ltr'><strong>cum</strong></span> 
     </span>
    </p>
   </div>
   <div class='ocr_carea' id='block_1_54' title="bbox 467 3687 2042 3753">
    <p class='ocr_par' dir='ltr' id='par_1_54' title="bbox 467 3687 2042 3753">
     <span class='ocr_line' id='line_1_54' title="bbox 467 3687 2042 3753; baseline 0.003 -15"><span class='ocrx_word' id='word_1_377' title='bbox 467 3687 600 3739; x_wconf 90' lang='lat' dir='ltr'><strong>iram</strong></span> <span class='ocrx_word' id='word_1_378' title='bbox 643 3694 840 3740; x_wconf 92' lang='lat' dir='ltr'><strong>natura</strong></span> <span class='ocrx_word' id='word_1_379' title='bbox 893 3688 1074 3742; x_wconf 84' lang='lat' dir='ltr'><strong>metiri</strong></span> <span class='ocrx_word' id='word_1_380' title='bbox 1108 3689 1424 3753; x_wconf 89' lang='lat' dir='ltr'><strong>conveniat,</strong></span> <span class='ocrx_word' id='word_1_381' title='bbox 1493 3688 1851 3743; x_wconf 90' lang='lat' dir='ltr'><strong>immoderata</strong></span> <span class='ocrx_word' id='word_1_382' title='bbox 1891 3689 2042 3742; x_wconf 92' lang='lat' dir='ltr'><strong>illum</strong></span> 
     </span>
    </p>
   </div>
   <div class='ocr_carea' id='block_1_55' title="bbox 465 3778 2045 3849">
    <p class='ocr_par' dir='ltr' id='par_1_55' title="bbox 465 3778 2045 3849">
     <span class='ocr_line' id='line_1_55' title="bbox 465 3778 2045 3849; baseline 0 -16"><span class='ocrx_word' id='word_1_383' title='bbox 465 3778 547 3833; x_wconf 86' lang='lat' dir='ltr'><strong>ira</strong></span> <span class='ocrx_word' id='word_1_384' title='bbox 571 3778 795 3834; x_wconf 90' lang='lat' dir='ltr'><strong>ductum</strong></span> <span class='ocrx_word' id='word_1_385' title='bbox 828 3794 973 3844; x_wconf 89' lang='lat' dir='ltr'><strong>esse,</strong></span> <span class='ocrx_word' id='word_1_386' title='bbox 1002 3778 1096 3848; x_wconf 88' lang='lat' dir='ltr'><strong>qui</strong></span> <span class='ocrx_word' id='word_1_387' title='bbox 1133 3793 1360 3834; x_wconf 89' lang='lat' dir='ltr'><strong>suarum</strong></span> <span class='ocrx_word' id='word_1_388' title='bbox 1408 3779 1707 3849; x_wconf 87' lang='lat' dir='ltr'><strong>imaginum</strong></span> <span class='ocrx_word' id='word_1_389' title='bbox 1750 3793 1919 3836; x_wconf 91' lang='lat' dir='ltr'><strong>causa</strong></span> <span class='ocrx_word' id='word_1_390' title='bbox 1961 3779 2045 3834; x_wconf 85' lang='lat' dir='ltr'><strong>di-</strong></span> 
     </span>
    </p>
   </div>
   <div class='ocr_carea' id='block_1_56' title="bbox 468 3867 2044 3939">
    <p class='ocr_par' dir='ltr' id='par_1_56' title="bbox 468 3867 2044 3939">
     <span class='ocr_line' id='line_1_56' title="bbox 468 3867 2044 3939; baseline -0.001 -14"><span class='ocrx_word' id='word_1_391' title='bbox 468 3870 620 3925; x_wconf 84' lang='lat' dir='ltr'><strong>vinas</strong></span> <span class='ocrx_word' id='word_1_392' title='bbox 647 3867 912 3939; x_wconf 78' lang='lat' dir='ltr'><strong>imagines</strong></span> <span class='ocrx_word' id='word_1_393' title='bbox 937 3868 1029 3924; x_wconf 91' lang='lat' dir='ltr'><strong>det</strong></span> <span class='ocrx_word' id='word_1_394' title='bbox 1052 3868 1242 3933; x_wconf 81' lang='lat' dir='ltr'><strong>exitio,</strong></span> <span class='ocrx_word' id='word_1_395' title='bbox 1277 3875 1334 3924; x_wconf 88' lang='lat' dir='ltr'><strong>et-</strong></span> <span class='ocrx_word' id='word_1_396' title='bbox 1363 3883 1462 3938; x_wconf 82' lang='lat' dir='ltr'><strong>pro</strong></span> <span class='ocrx_word' id='word_1_397' title='bbox 1491 3869 1651 3925; x_wconf 70' lang='lat' dir='ltr'><strong>aereis</strong></span> <span class='ocrx_word' id='word_1_398' title='bbox 1677 3870 1882 3926; x_wconf 85' lang='lat' dir='ltr'><strong>statuis</strong></span> <span class='ocrx_word' id='word_1_399' title='bbox 1914 3885 2044 3924; x_wconf 82' lang='lat' dir='ltr'><strong>cor-</strong></span> 
     </span>
    </p>
   </div>
   <div class='ocr_carea' id='block_1_57' title="bbox 468 3959 2046 4031">
    <p class='ocr_par' dir='ltr' id='par_1_57' title="bbox 468 3959 2046 4031">
     <span class='ocr_line' id='line_1_57' title="bbox 468 3959 2046 4031; baseline 0.001 -16"><span class='ocrx_word' id='word_1_400' title='bbox 468 3975 600 4030; x_wconf 88' lang='lat' dir='ltr'><strong>pora</strong></span> <span class='ocrx_word' id='word_1_401' title='bbox 624 3961 786 4016; x_wconf 87' lang='lat' dir='ltr'><strong>morti</strong></span> <span class='ocrx_word' id='word_1_402' title='bbox 813 3959 1015 4016; x_wconf 88' lang='lat' dir='ltr'><strong>tradat.</strong></span> <span class='ocrx_word' id='word_1_403' title='bbox 1047 3979 1066 4012; x_wconf 76' lang='grc' dir='ltr'><strong>ι</strong></span> <span class='ocrx_word' id='word_1_404' title='bbox 1100 3959 1166 4014; x_wconf 85' lang='grc' dir='ltr'>Ει</span> <span class='ocrx_word' id='word_1_405' title='bbox 1188 3961 1348 4016; x_wconf 88' lang='lat' dir='ltr'><strong>nobis</strong></span> <span class='ocrx_word' id='word_1_406' title='bbox 1375 3961 1620 4031; x_wconf 90' lang='lat' dir='ltr'><strong>quidem,</strong></span> <span class='ocrx_word' id='word_1_407' title='bbox 1649 3962 1850 4026; x_wconf 88' lang='lat' dir='ltr'><strong>aiebat,</strong></span> <span class='ocrx_word' id='word_1_408' title='bbox 1875 3978 2046 4018; x_wconf 71' lang='lat' dir='ltr'><strong>mreas</strong></span> 
     </span>
    </p>
   </div>
   <div class='ocr_carea' id='block_1_58' title="bbox 471 4053 2047 4125">
    <p class='ocr_par' dir='ltr' id='par_1_58' title="bbox 471 4053 2047 4125">
     <span class='ocr_line' id='line_1_58' title="bbox 471 4053 2047 4125; baseline 0.001 -17"><span class='ocrx_word' id='word_1_409' title='bbox 471 4055 740 4124; x_wconf 84' lang='lat' dir='ltr'><strong>refingere</strong></span> <span class='ocrx_word' id='word_1_410' title='bbox 782 4063 836 4109; x_wconf 88' lang='lat' dir='ltr'><strong>et</strong></span> <span class='ocrx_word' id='word_1_411' title='bbox 870 4053 1177 4110; x_wconf 79' lang='lat' dir='ltr'><strong>reformare</strong></span> <span class='ocrx_word' id='word_1_412' title='bbox 1210 4053 1372 4110; x_wconf 86' lang='lat' dir='ltr'><strong>facile</strong></span> <span class='ocrx_word' id='word_1_413' title='bbox 1415 4068 1479 4108; x_wconf 93' lang='lat' dir='ltr'><strong>ac</strong></span> <span class='ocrx_word' id='word_1_414' title='bbox 1507 4055 1749 4125; x_wconf 88' lang='lat' dir='ltr'><strong>proclive</strong></span> <span class='ocrx_word' id='word_1_415' title='bbox 1781 4064 1901 4110; x_wconf 90' lang='lat' dir='ltr'><strong>est:</strong></span> <span class='ocrx_word' id='word_1_416' title='bbox 1951 4071 2047 4110; x_wconf 80' lang='lat' dir='ltr'><strong>ex-</strong></span> 
     </span>
    </p>
   </div>
   <div class='ocr_carea' id='block_1_59' title="bbox 471 4145 2048 4218">
    <p class='ocr_par' dir='ltr' id='par_1_59' title="bbox 471 4145 2048 4218">
     <span class='ocr_line' id='line_1_59' title="bbox 471 4145 2048 4218; baseline 0.003 -20"><span class='ocrx_word' id='word_1_417' title='bbox 471 4147 675 4202; x_wconf 88' lang='lat' dir='ltr'><strong>stincta</strong></span> <span class='ocrx_word' id='word_1_418' title='bbox 707 4162 838 4203; x_wconf 88' lang='lat' dir='ltr'><strong>vero</strong></span> <span class='ocrx_word' id='word_1_419' title='bbox 866 4161 1096 4218; x_wconf 85' lang='lat' dir='ltr'><strong>corpora</strong></span> <span class='ocrx_word' id='word_1_420' title='bbox 1129 4145 1197 4200; x_wconf 88' lang='lat' dir='ltr'><strong>ad</strong></span> <span class='ocrx_word' id='word_1_421' title='bbox 1224 4147 1387 4200; x_wconf 87' lang='lat' dir='ltr'><strong>vitam</strong></span> <span class='ocrx_word' id='word_1_422' title='bbox 1418 4161 1703 4212; x_wconf 90' lang='lat' dir='ltr'><strong>revocare,</strong></span> <span class='ocrx_word' id='word_1_423' title='bbox 1731 4147 1787 4201; x_wconf 90' lang='lat' dir='ltr'><strong>in</strong></span> <span class='ocrx_word' id='word_1_424' title='bbox 1820 4154 1934 4211; x_wconf 89' lang='lat' dir='ltr'><strong>tua,</strong></span> <span class='ocrx_word' id='word_1_425' title='bbox 1971 4146 2048 4203; x_wconf 90' lang='lat' dir='ltr'><strong>sis</strong></span> 
     </span>
    </p>
   </div>
   <div class='ocr_carea' id='block_1_60' title="bbox 473 4237 2050 4309">
    <p class='ocr_par' dir='ltr' id='par_1_60' title="bbox 473 4237 2050 4309">
     <span class='ocr_line' id='line_1_60' title="bbox 473 4237 2050 4309; baseline 0.001 -17"><span class='ocrx_word' id='word_1_426' title='bbox 473 4239 597 4294; x_wconf 90' lang='lat' dir='ltr'><strong>licet</strong></span> <span class='ocrx_word' id='word_1_427' title='bbox 632 4239 954 4308; x_wconf 88' lang='lat' dir='ltr'><strong>imperator,</strong></span> <span class='ocrx_word' id='word_1_428' title='bbox 1012 4246 1292 4309; x_wconf 79' lang='lat' dir='ltr'><strong>potestate</strong></span> <span class='ocrx_word' id='word_1_429' title='bbox 1334 4253 1446 4293; x_wconf 93' lang='lat' dir='ltr'><strong>non</strong></span> <span class='ocrx_word' id='word_1_430' title='bbox 1495 4246 1603 4294; x_wconf 90' lang='lat' dir='ltr'><strong>est.</strong></span> <span class='ocrx_word' id='word_1_431' title='bbox 1637 4237 1704 4291; x_wconf 86' lang='lat' dir='ltr'><strong>Et</strong></span> <span class='ocrx_word' id='word_1_432' title='bbox 1741 4237 1871 4308; x_wconf 92' lang='lat' dir='ltr'><strong>quid</strong></span> <span class='ocrx_word' id='word_1_433' title='bbox 1918 4238 2050 4293; x_wconf 86' lang='lat' dir='ltr'><strong>dico</strong></span> 
     </span>
    </p>
   </div>
   <div class='ocr_carea' id='block_1_61' title="bbox 471 4329 2050 4402">
    <p class='ocr_par' dir='ltr' id='par_1_61' title="bbox 471 4329 2050 4402">
     <span class='ocr_line' id='line_1_61' title="bbox 471 4329 2050 4402; baseline 0.001 -18"><span class='ocrx_word' id='word_1_434' title='bbox 471 4330 747 4401; x_wconf 80' lang='lat' dir='ltr'><strong>corpora?</strong></span> <span class='ocrx_word' id='word_1_435' title='bbox 789 4346 914 4386; x_wconf 89' lang='lat' dir='ltr'><strong>nam</strong></span> <span class='ocrx_word' id='word_1_436' title='bbox 947 4346 1017 4387; x_wconf 89' lang='lat' dir='ltr'><strong>ne</strong></span> <span class='ocrx_word' id='word_1_437' title='bbox 1071 4331 1240 4400; x_wconf 90' lang='lat' dir='ltr'><strong>pilum</strong></span> <span class='ocrx_word' id='word_1_438' title='bbox 1281 4330 1502 4400; x_wconf 88' lang='lat' dir='ltr'><strong>quidem</strong></span> <span class='ocrx_word' id='word_1_439' title='bbox 1547 4330 1761 4400; x_wconf 73' lang='lat'><strong>1210</strong></span> <span class='ocrx_word' id='word_1_440' title='bbox 1792 4329 2050 4402; x_wconf 74' lang='lat' dir='ltr'><strong>effingere</strong></span> 
     </span>
    </p>
   </div>
   <div class='ocr_carea' id='block_1_62' title="bbox 2131 1849 3734 1926">
    <p class='ocr_par' dir='ltr' id='par_1_62' title="bbox 2131 1849 3734 1926">
     <span class='ocr_line' id='line_1_62' title="bbox 2131 1849 3734 1926; baseline -0.002 -16"><span class='ocrx_word' id='word_1_441' title='bbox 2131 1855 2187 1910; x_wconf 86' lang='grc' dir='ltr'><strong>δὲ</strong></span> <span class='ocrx_word' id='word_1_442' title='bbox 2217 1854 2500 1926; x_wconf 73' lang='grc' dir='ltr'>πόρρωθεν</span> <span class='ocrx_word' id='word_1_443' title='bbox 2550 1849 2658 1907; x_wconf 78' lang='grc' dir='ltr'>εἶδε</span> <span class='ocrx_word' id='word_1_444' title='bbox 2702 1853 2792 1906; x_wconf 78' lang='grc' dir='ltr'><strong>τὸν</strong></span> <span class='ocrx_word' id='word_1_445' title='bbox 2849 1853 3050 1924; x_wconf 79' lang='grc' dir='ltr'>ἄνδρα,</span> <span class='ocrx_word' id='word_1_446' title='bbox 3080 1855 3172 1908; x_wconf 70' lang='grc' dir='ltr'>καὶ</span> <span class='ocrx_word' id='word_1_447' title='bbox 3203 1854 3355 1924; x_wconf 81' lang='grc' dir='ltr'><strong>παρά</strong></span> <span class='ocrx_word' id='word_1_448' title='bbox 3387 1854 3499 1907; x_wconf 89' lang='grc' dir='ltr'><strong>τῶν</strong></span> <span class='ocrx_word' id='word_1_449' title='bbox 3531 1855 3734 1907; x_wconf 71' lang='grc' dir='ltr'>συνόν-</span> 
     </span>
    </p>
   </div>
   <div class='ocr_carea' id='block_1_63' title="bbox 2130 1946 3734 2017">
    <p class='ocr_par' dir='ltr' id='par_1_63' title="bbox 2130 1946 3734 2017">
     <span class='ocr_line' id='line_1_63' title="bbox 2130 1946 3734 2017; baseline -0.004 -15"><span class='ocrx_word' id='word_1_450' title='bbox 2130 1966 2238 2002; x_wconf 85' lang='grc' dir='ltr'><strong>των</strong></span> <span class='ocrx_word' id='word_1_451' title='bbox 2289 1947 2491 2016; x_wconf 75' lang='grc' dir='ltr'>ἔμαθεν</span> <span class='ocrx_word' id='word_1_452' title='bbox 2525 1947 2675 2008; x_wconf 81' lang='grc' dir='ltr'>ὅστις</span> <span class='ocrx_word' id='word_1_453' title='bbox 2709 1946 2821 2017; x_wconf 82' lang='grc' dir='ltr'>εἴη,</span> <span class='ocrx_word' id='word_1_454' title='bbox 2861 1946 3024 2010; x_wconf 72' lang='grc' dir='ltr'>εὐθὺς</span> <span class='ocrx_word' id='word_1_455' title='bbox 3070 1946 3176 1998; x_wconf 77' lang='grc' dir='ltr'><strong>ἀπὸ</strong></span> <span class='ocrx_word' id='word_1_456' title='bbox 3221 1946 3318 2000; x_wconf 73' lang='grc' dir='ltr'>τοῦ</span> <span class='ocrx_word' id='word_1_457' title='bbox 3348 1947 3520 1998; x_wconf 80' lang='grc' dir='ltr'>ἵππου</span> <span class='ocrx_word' id='word_1_458' title='bbox 3556 1963 3734 1998; x_wconf 77' lang='grc' dir='ltr'>κατα-</span> 
     </span>
    </p>
   </div>
   <div class='ocr_carea' id='block_1_64' title="bbox 2132 2036 3734 2111">
    <p class='ocr_par' dir='ltr' id='par_1_64' title="bbox 2132 2036 3734 2111">
     <span class='ocr_line' id='line_1_64' title="bbox 2132 2036 3734 2111; baseline -0.004 -17"><span class='ocrx_word' id='word_1_459' title='bbox 2132 2040 2398 2111; x_wconf 75' lang='grc' dir='ltr'><strong>πηδήσας,</strong></span> <span class='ocrx_word' id='word_1_460' title='bbox 2429 2036 2702 2110; x_wconf 82' lang='grc' dir='ltr'>προσῆλθέ</span> <span class='ocrx_word' id='word_1_461' title='bbox 2734 2054 2794 2090; x_wconf 89' lang='grc' dir='ltr'><strong>τε</strong></span> <span class='ocrx_word' id='word_1_462' title='bbox 2841 2037 2939 2090; x_wconf 70' lang='grc' dir='ltr'><strong>καὶ</strong></span> <span class='ocrx_word' id='word_1_463' title='bbox 2977 2039 3243 2105; x_wconf 85' lang='grc' dir='ltr'>προσεῖπε</span> <span class='ocrx_word' id='word_1_464' title='bbox 3270 2079 3283 2100; x_wconf 88' lang='grc'><strong>,</strong></span> <span class='ocrx_word' id='word_1_465' title='bbox 3319 2038 3415 2090; x_wconf 76' lang='grc' dir='ltr'>καὶ</span> <span class='ocrx_word' id='word_1_466' title='bbox 3467 2039 3650 2107; x_wconf 64' lang='grc' dir='ltr'>ἤρετο</span> <span class='ocrx_word' id='word_1_467' title='bbox 3679 2037 3734 2088; x_wconf 84' lang='grc' dir='ltr'><strong>τί</strong></span> 
     </span>
    </p>
   </div>
   <div class='ocr_carea' id='block_1_65' title="bbox 2131 2129 3734 2200">
    <p class='ocr_par' dir='ltr' id='par_1_65' title="bbox 2131 2129 3734 2200">
     <span class='ocr_line' id='line_1_65' title="bbox 2131 2129 3734 2200; baseline -0.004 -13"><span class='ocrx_word' id='word_1_468' title='bbox 2131 2133 2302 2192; x_wconf 84' lang='grc' dir='ltr'>ποιῶν</span> <span class='ocrx_word' id='word_1_469' title='bbox 2350 2131 2584 2186; x_wconf 74' lang='grc' dir='ltr'>ἐνταῦθα</span> <span class='ocrx_word' id='word_1_470' title='bbox 2625 2129 2824 2199; x_wconf 79' lang='grc' dir='ltr'>διάγει.</span> <span class='ocrx_word' id='word_1_471' title='bbox 2864 2130 2923 2182; x_wconf 85' lang='grc' dir='ltr'>Ὀ</span> <span class='ocrx_word' id='word_1_472' title='bbox 2977 2129 3034 2183; x_wconf 78' lang='grc' dir='ltr'><strong>δὲ</strong></span> <span class='ocrx_word' id='word_1_473' title='bbox 3075 2131 3378 2200; x_wconf 77' lang='grc' dir='ltr'><strong>ἀντήρετο·</strong></span> <span class='ocrx_word' id='word_1_474' title='bbox 3423 2147 3442 2181; x_wconf 81' lang='grc' dir='ltr'><strong>ι</strong></span> <span class='ocrx_word' id='word_1_475' title='bbox 3481 2131 3564 2183; x_wconf 76' lang='grc' dir='ltr'><strong>ΣΞ)</strong></span> <span class='ocrx_word' id='word_1_476' title='bbox 3597 2129 3734 2182; x_wconf 77' lang='grc' dir='ltr'><strong>δέτί</strong></span> 
     </span>
    </p>
   </div>
   <div class='ocr_carea' id='block_1_66' title="bbox 2133 2218 3734 2295">
    <p class='ocr_par' dir='ltr' id='par_1_66' title="bbox 2133 2218 3734 2295">
     <span class='ocr_line' id='line_1_66' title="bbox 2133 2218 3734 2295; baseline -0.003 -18"><span class='ocrx_word' id='word_1_477' title='bbox 2133 2227 2375 2295; x_wconf 81' lang='grc' dir='ltr'>ποιήσων</span> <span class='ocrx_word' id='word_1_478' title='bbox 2439 2220 2676 2274; x_wconf 74' lang='grc' dir='ltr'>ἐνταῦθα</span> <span class='ocrx_word' id='word_1_479' title='bbox 2734 2218 3119 2289; x_wconf 76' lang='grc' dir='ltr'>ὰνελήλυθας;</span> <span class='ocrx_word' id='word_1_480' title='bbox 3171 2219 3470 2290; x_wconf 77' lang='grc' dir='ltr'>Είρηκότος</span> <span class='ocrx_word' id='word_1_481' title='bbox 3523 2220 3592 2272; x_wconf 78' lang='grc' dir='ltr'><strong>δὲ</strong></span> <span class='ocrx_word' id='word_1_482' title='bbox 3642 2219 3734 2272; x_wconf 71' lang='grc' dir='ltr'>τοῦ</span> 
     </span>
    </p>
   </div>
   <div class='ocr_carea' id='block_1_67' title="bbox 2135 2312 3734 2387">
    <p class='ocr_par' dir='ltr' id='par_1_67' title="bbox 2135 2312 3734 2387">
     <span class='ocr_line' id='line_1_67' title="bbox 2135 2312 3734 2387; baseline -0.003 -19"><span class='ocrx_word' id='word_1_483' title='bbox 2135 2313 2442 2387; x_wconf 83' lang='grc' dir='ltr'>στρατηγοῦ</span> <span class='ocrx_word' id='word_1_484' title='bbox 2472 2316 2554 2369; x_wconf 82' lang='grc' dir='ltr'>ὅτι</span> <span class='ocrx_word' id='word_1_485' title='bbox 2583 2314 2850 2386; x_wconf 74' lang='grc' dir='ltr'>θηρεῦσαι</span> <span class='ocrx_word' id='word_1_486' title='bbox 2871 2331 2884 2344; x_wconf 89' lang='grc'>·</span> <span class='ocrx_word' id='word_1_487' title='bbox 2914 2333 2932 2366; x_wconf 77' lang='grc' dir='ltr'><strong>ι</strong></span> <span class='ocrx_word' id='word_1_488' title='bbox 2977 2312 3167 2383; x_wconf 82' lang='grc' dir='ltr'>Κάγὼ,</span> <span class='ocrx_word' id='word_1_489' title='bbox 3197 2313 3324 2383; x_wconf 74' lang='grc' dir='ltr'>ἔφη,</span> <span class='ocrx_word' id='word_1_490' title='bbox 3353 2313 3446 2366; x_wconf 71' lang='grc' dir='ltr'>τὸν</span> <span class='ocrx_word' id='word_1_491' title='bbox 3467 2315 3616 2383; x_wconf 70' lang='grc' dir='ltr'>ἐμὸν</span> <span class='ocrx_word' id='word_1_492' title='bbox 3643 2314 3734 2382; x_wconf 70' lang='grc' dir='ltr'>θη.</span> 
     </span>
    </p>
   </div>
   <div class='ocr_carea' id='block_1_68' title="bbox 2133 2405 3732 2480">
    <p class='ocr_par' dir='ltr' id='par_1_68' title="bbox 2133 2405 3732 2480">
     <span class='ocr_line' id='line_1_68' title="bbox 2133 2405 3732 2480; baseline -0.002 -20"><span class='ocrx_word' id='word_1_493' title='bbox 2133 2407 2279 2480; x_wconf 86' lang='grc' dir='ltr'>ρεύω</span> <span class='ocrx_word' id='word_1_494' title='bbox 2308 2407 2462 2470; x_wconf 82' lang='grc' dir='ltr'>Θεὸν,</span> <span class='ocrx_word' id='word_1_495' title='bbox 2493 2407 2589 2460; x_wconf 64' lang='grc' dir='ltr'><strong>καὶ</strong></span> <span class='ocrx_word' id='word_1_496' title='bbox 2627 2405 2812 2460; x_wconf 77' lang='grc' dir='ltr'>λαῦεῖν</span> <span class='ocrx_word' id='word_1_497' title='bbox 2841 2406 3092 2475; x_wconf 83' lang='grc' dir='ltr'>ἐφίεμαι,</span> <span class='ocrx_word' id='word_1_498' title='bbox 3117 2406 3215 2458; x_wconf 69' lang='grc' dir='ltr'><strong>καὶ</strong></span> <span class='ocrx_word' id='word_1_499' title='bbox 3245 2405 3527 2475; x_wconf 74' lang='grc' dir='ltr'>θεωρῆσαι</span> <span class='ocrx_word' id='word_1_500' title='bbox 3557 2405 3732 2465; x_wconf 70' lang='grc' dir='ltr'>ποθῶ,</span> 
     </span>
    </p>
   </div>
   <div class='ocr_carea' id='block_1_69' title="bbox 2135 2495 3734 2587">
    <p class='ocr_par' dir='ltr' id='par_1_69' title="bbox 2135 2495 3734 2587">
     <span class='ocr_line' id='line_1_69' title="bbox 2135 2495 3734 2587; baseline -0.003 -35"><span class='ocrx_word' id='word_1_501' title='bbox 2135 2497 2353 2567; x_wconf 75' lang='grc' dir='ltr'>καὶτῆς</span> <span class='ocrx_word' id='word_1_502' title='bbox 2382 2496 2557 2565; x_wconf 78' lang='grc' dir='ltr'>καλῆς</span> <span class='ocrx_word' id='word_1_503' title='bbox 2590 2495 2798 2567; x_wconf 84' lang='grc' dir='ltr'>ταύτης</span> <span class='ocrx_word' id='word_1_504' title='bbox 2835 2497 2938 2550; x_wconf 81' lang='grc' dir='ltr'>οὐκ</span> <span class='ocrx_word' id='word_1_505' title='bbox 2993 2495 3268 2566; x_wconf 71' lang='grc' dir='ltr'>ἀφέξομαι</span> <span class='ocrx_word' id='word_1_506' title='bbox 3296 2496 3500 2587; x_wconf 68' lang='grc' dir='ltr'>θήραςὶ</span> <span class='ocrx_word' id='word_1_507' title='bbox 3535 2513 3556 2546; x_wconf 72' lang='grc' dir='ltr'><strong>ι</strong></span> <span class='ocrx_word' id='word_1_508' title='bbox 3599 2497 3734 2548; x_wconf 72' lang='grc' dir='ltr'>Τούο</span> 
     </span>
    </p>
   </div>
   <div class='ocr_carea' id='block_1_70' title="bbox 2135 2586 3730 2657">
    <p class='ocr_par' dir='ltr' id='par_1_70' title="bbox 2135 2586 3730 2657">
     <span class='ocr_line' id='line_1_70' title="bbox 2135 2586 3730 2657; baseline -0.004 -13"><span class='ocrx_word' id='word_1_509' title='bbox 2135 2607 2242 2644; x_wconf 85' lang='grc' dir='ltr'><strong>των</strong></span> <span class='ocrx_word' id='word_1_510' title='bbox 2280 2587 2520 2651; x_wconf 86' lang='grc' dir='ltr'>ἀκούσας</span> <span class='ocrx_word' id='word_1_511' title='bbox 2548 2589 2574 2641; x_wconf 86' lang='grc' dir='ltr'><strong>ὁ</strong></span> <span class='ocrx_word' id='word_1_512' title='bbox 2606 2587 2936 2657; x_wconf 79' lang='grc' dir='ltr'>στρατηγὸς,</span> <span class='ocrx_word' id='word_1_513' title='bbox 2971 2587 3065 2640; x_wconf 69' lang='grc' dir='ltr'>καὶ</span> <span class='ocrx_word' id='word_1_514' title='bbox 3105 2586 3418 2656; x_wconf 80' lang='grc' dir='ltr'>θαυμάσας,</span> <span class='ocrx_word' id='word_1_515' title='bbox 3446 2586 3530 2647; x_wconf 78' lang='grc' dir='ltr'>ὥς</span> <span class='ocrx_word' id='word_1_516' title='bbox 3563 2587 3730 2649; x_wconf 72' lang='grc' dir='ltr'>εἰκὸς,</span> 
     </span>
    </p>
   </div>
   <div class='ocr_carea' id='block_1_71' title="bbox 2136 2677 3732 2750">
    <p class='ocr_par' dir='ltr' id='par_1_71' title="bbox 2136 2677 3732 2750">
     <span class='ocr_line' id='line_1_71' title="bbox 2136 2677 3732 2750; baseline -0.003 -16"><span class='ocrx_word' id='word_1_517' title='bbox 2136 2679 2494 2750; x_wconf 77' lang='grc' dir='ltr'>ἀπελήλυθεν.</span> <span class='ocrx_word' id='word_1_518' title='bbox 2545 2677 2767 2730; x_wconf 79' lang='grc' dir='ltr'>Ἀλλοτε</span> <span class='ocrx_word' id='word_1_519' title='bbox 2817 2678 2872 2730; x_wconf 79' lang='grc' dir='ltr'><strong>δὲ</strong></span> <span class='ocrx_word' id='word_1_520' title='bbox 2901 2717 2916 2742; x_wconf 91' lang='grc'><strong>,</strong></span> <span class='ocrx_word' id='word_1_521' title='bbox 2946 2678 3044 2748; x_wconf 81' lang='grc' dir='ltr'><strong>τῆς</strong></span> <span class='ocrx_word' id='word_1_522' title='bbox 3093 2677 3299 2740; x_wconf 72' lang='grc' dir='ltr'>πόλεως</span> <span class='ocrx_word' id='word_1_523' title='bbox 3339 2679 3380 2708; x_wconf 80' lang='grc'>¹¹</span> <span class='ocrx_word' id='word_1_524' title='bbox 3428 2679 3540 2730; x_wconf 78' lang='grc' dir='ltr'><strong>ὑπὸ</strong></span> <span class='ocrx_word' id='word_1_525' title='bbox 3591 2695 3732 2740; x_wconf 78' lang='grc' dir='ltr'>τινος</span> 
     </span>
    </p>
   </div>
   <div class='ocr_carea' id='block_1_72' title="bbox 2137 2768 3733 2841">
    <p class='ocr_par' dir='ltr' id='par_1_72' title="bbox 2137 2768 3733 2841">
     <span class='ocr_line' id='line_1_72' title="bbox 2137 2768 3733 2841; baseline -0.003 -17"><span class='ocrx_word' id='word_1_526' title='bbox 2137 2770 2376 2841; x_wconf 76' lang='grc' dir='ltr'>πονηροῦ</span> <span class='ocrx_word' id='word_1_527' title='bbox 2407 2770 2660 2840; x_wconf 85' lang='grc' dir='ltr'>δαίμονος</span> <span class='ocrx_word' id='word_1_528' title='bbox 2712 2768 3127 2839; x_wconf 84' lang='grc' dir='ltr'>βακχευθείσης,</span> <span class='ocrx_word' id='word_1_529' title='bbox 3158 2770 3254 2821; x_wconf 67' lang='grc' dir='ltr'><strong>καὶ</strong></span> <span class='ocrx_word' id='word_1_530' title='bbox 3290 2771 3356 2838; x_wconf 82' lang='grc' dir='ltr'>τῇ</span> <span class='ocrx_word' id='word_1_531' title='bbox 3385 2768 3562 2840; x_wconf 72' lang='grc' dir='ltr'>μανίᾳ</span> <span class='ocrx_word' id='word_1_532' title='bbox 3593 2770 3733 2823; x_wconf 79' lang='grc' dir='ltr'><strong>κατᾶ</strong></span> 
     </span>
    </p>
   </div>
   <div class='ocr_carea' id='block_1_73' title="bbox 2135 2858 3732 2932">
    <p class='ocr_par' dir='ltr' id='par_1_73' title="bbox 2135 2858 3732 2932">
     <span class='ocr_line' id='line_1_73' title="bbox 2135 2858 3732 2932; baseline -0.003 -17"><span class='ocrx_word' id='word_1_533' title='bbox 2135 2862 2246 2916; x_wconf 85' lang='grc' dir='ltr'><strong>τῶν</strong></span> <span class='ocrx_word' id='word_1_534' title='bbox 2267 2860 2565 2932; x_wconf 77' lang='grc' dir='ltr'>βασιλικῶν</span> <span class='ocrx_word' id='word_1_535' title='bbox 2595 2860 2952 2931; x_wconf 74' lang='grc' dir='ltr'>χρησαμένης</span> <span class='ocrx_word' id='word_1_536' title='bbox 2991 2858 3224 2930; x_wconf 82' lang='grc' dir='ltr'>στηλῶν,</span> <span class='ocrx_word' id='word_1_537' title='bbox 3254 2859 3522 2928; x_wconf 79' lang='grc' dir='ltr'>ἀφίκοντο</span> <span class='ocrx_word' id='word_1_538' title='bbox 3550 2861 3654 2929; x_wconf 73' lang='grc' dir='ltr'>μὲν</span> <span class='ocrx_word' id='word_1_539' title='bbox 3683 2863 3732 2913; x_wconf 77' lang='grc' dir='ltr'><strong>οξ</strong></span> 
     </span>
    </p>
   </div>
   <div class='ocr_carea' id='block_1_74' title="bbox 2137 2951 3732 3025">
    <p class='ocr_par' dir='ltr' id='par_1_74' title="bbox 2137 2951 3732 3025">
     <span class='ocr_line' id='line_1_74' title="bbox 2137 2951 3732 3025; baseline -0.003 -17"><span class='ocrx_word' id='word_1_540' title='bbox 2137 2956 2347 3025; x_wconf 78' lang='grc' dir='ltr'>ἄριστοι</span> <span class='ocrx_word' id='word_1_541' title='bbox 2373 2954 2482 3007; x_wconf 88' lang='grc' dir='ltr'><strong>τῶν</strong></span> <span class='ocrx_word' id='word_1_542' title='bbox 2528 2953 2849 3025; x_wconf 81' lang='grc' dir='ltr'>στρατηγῶν</span> <span class='ocrx_word' id='word_1_543' title='bbox 2875 2993 2889 3016; x_wconf 90' lang='grc'><strong>,</strong></span> <span class='ocrx_word' id='word_1_544' title='bbox 2931 2951 3306 3022; x_wconf 79' lang='grc' dir='ltr'>πανωλεθρίας</span> <span class='ocrx_word' id='word_1_545' title='bbox 3341 2951 3522 3022; x_wconf 64' lang='grc' dir='ltr'>ψῆφον</span> <span class='ocrx_word' id='word_1_546' title='bbox 3587 2954 3732 3005; x_wconf 71' lang='grc' dir='ltr'>κατά</span> 
     </span>
    </p>
   </div>
   <div class='ocr_carea' id='block_1_75' title="bbox 2137 3037 3734 3116">
    <p class='ocr_par' dir='ltr' id='par_1_75' title="bbox 2137 3037 3734 3116">
     <span class='ocr_line' id='line_1_75' title="bbox 2137 3037 3734 3116; baseline -0.003 -17"><span class='ocrx_word' id='word_1_547' title='bbox 2137 3046 2239 3116; x_wconf 82' lang='grc' dir='ltr'>τῆς</span> <span class='ocrx_word' id='word_1_548' title='bbox 2282 3044 2487 3110; x_wconf 75' lang='grc' dir='ltr'>πόλεως</span> <span class='ocrx_word' id='word_1_549' title='bbox 2541 3045 2822 3116; x_wconf 73' lang='grc' dir='ltr'>φέροντες.</span> <span class='ocrx_word' id='word_1_550' title='bbox 2871 3043 3134 3106; x_wconf 77' lang='grc' dir='ltr'>Καταϐἀς</span> <span class='ocrx_word' id='word_1_551' title='bbox 3163 3042 3220 3096; x_wconf 81' lang='grc' dir='ltr'><strong>δὲ</strong></span> <span class='ocrx_word' id='word_1_552' title='bbox 3259 3037 3414 3106; x_wconf 67' lang='grc' dir='ltr'>οὗτος</span> <span class='ocrx_word' id='word_1_553' title='bbox 3464 3042 3581 3095; x_wconf 76' lang='grc' dir='ltr'><strong>ἀπὸ</strong></span> <span class='ocrx_word' id='word_1_554' title='bbox 3637 3041 3734 3094; x_wconf 70' lang='grc' dir='ltr'>τοῦ</span> 
     </span>
    </p>
   </div>
   <div class='ocr_carea' id='block_1_76' title="bbox 2141 3133 3742 3210">
    <p class='ocr_par' dir='ltr' id='par_1_76' title="bbox 2141 3133 3742 3210">
     <span class='ocr_line' id='line_1_76' title="bbox 2141 3133 3742 3210; baseline -0.004 -18"><span class='ocrx_word' id='word_1_555' title='bbox 2141 3139 2320 3210; x_wconf 68' lang='grc' dir='ltr'>ὅρους,</span> <span class='ocrx_word' id='word_1_556' title='bbox 2355 3138 2523 3208; x_wconf 70' lang='grc' dir='ltr'>ἄμφω</span> <span class='ocrx_word' id='word_1_557' title='bbox 2567 3136 2800 3205; x_wconf 84' lang='grc' dir='ltr'>κατέσχε</span> <span class='ocrx_word' id='word_1_558' title='bbox 2861 3133 3004 3196; x_wconf 84' lang='grc' dir='ltr'><strong>κατά</strong></span> <span class='ocrx_word' id='word_1_559' title='bbox 3050 3135 3146 3202; x_wconf 73' lang='grc' dir='ltr'>τὴν</span> <span class='ocrx_word' id='word_1_560' title='bbox 3181 3134 3386 3205; x_wconf 75' lang='grc' dir='ltr'>ἀγοράν</span> <span class='ocrx_word' id='word_1_561' title='bbox 3419 3133 3742 3201; x_wconf 70' lang='grc' dir='ltr'>παριόντας</span> 
     </span>
    </p>
   </div>
   <div class='ocr_carea' id='block_1_77' title="bbox 2128 3221 3738 3302">
    <p class='ocr_par' dir='ltr' id='par_1_77' title="bbox 2128 3221 3738 3302">
     <span class='ocr_line' id='line_1_77' title="bbox 2128 3221 3738 3302; baseline -0.007 -21"><span class='ocrx_word' id='word_1_562' title='bbox 2128 3228 2267 3302; x_wconf 43' lang='grc' dir='ltr'>,τοὺς</span> <span class='ocrx_word' id='word_1_563' title='bbox 2307 3225 2664 3299; x_wconf 76' lang='grc' dir='ltr'>στρατηγούς.</span> <span class='ocrx_word' id='word_1_564' title='bbox 2713 3225 2777 3278; x_wconf 85' lang='grc' dir='ltr'>Οί</span> <span class='ocrx_word' id='word_1_565' title='bbox 2817 3224 2872 3277; x_wconf 81' lang='grc' dir='ltr'><strong>δὲ</strong></span> <span class='ocrx_word' id='word_1_566' title='bbox 2897 3224 2979 3286; x_wconf 84' lang='grc' dir='ltr'><strong>τίς</strong></span> <span class='ocrx_word' id='word_1_567' title='bbox 3024 3224 3108 3294; x_wconf 75' lang='grc' dir='ltr'><strong>εἴη</strong></span> <span class='ocrx_word' id='word_1_568' title='bbox 3155 3221 3556 3292; x_wconf 72' lang='grc' dir='ltr'>μεμαθηκότες,</span> <span class='ocrx_word' id='word_1_569' title='bbox 3583 3237 3738 3272; x_wconf 64' lang='grc' dir='ltr'>κατ-</span> 
     </span>
    </p>
   </div>
   <div class='ocr_carea' id='block_1_78' title="bbox 2144 3312 3740 3390">
    <p class='ocr_par' dir='ltr' id='par_1_78' title="bbox 2144 3312 3740 3390">
     <span class='ocr_line' id='line_1_78' title="bbox 2144 3312 3740 3390; baseline -0.006 -17"><span class='ocrx_word' id='word_1_570' title='bbox 2144 3319 2420 3390; x_wconf 79' lang='grc' dir='ltr'>επήδησάν</span> <span class='ocrx_word' id='word_1_571' title='bbox 2463 3336 2521 3372; x_wconf 86' lang='grc' dir='ltr'><strong>τε</strong></span> <span class='ocrx_word' id='word_1_572' title='bbox 2554 3317 2663 3371; x_wconf 85' lang='grc' dir='ltr'><strong>ἀπὸ</strong></span> <span class='ocrx_word' id='word_1_573' title='bbox 2699 3315 2804 3370; x_wconf 90' lang='grc' dir='ltr'><strong>τῶν</strong></span> <span class='ocrx_word' id='word_1_574' title='bbox 2836 3316 3042 3377; x_wconf 83' lang='grc' dir='ltr'>ἵππων,</span> <span class='ocrx_word' id='word_1_575' title='bbox 3085 3315 3178 3367; x_wconf 73' lang='grc' dir='ltr'>καὶ</span> <span class='ocrx_word' id='word_1_576' title='bbox 3220 3312 3408 3385; x_wconf 81' lang='grc' dir='ltr'>χειρῶν</span> <span class='ocrx_word' id='word_1_577' title='bbox 3455 3313 3740 3381; x_wconf 66' lang='grc' dir='ltr'>ἣπτοντο.</span> 
     </span>
    </p>
   </div>
   <div class='ocr_carea' id='block_1_79' title="bbox 2144 3403 3739 3480">
    <p class='ocr_par' dir='ltr' id='par_1_79' title="bbox 2144 3403 3739 3480">
     <span class='ocr_line' id='line_1_79' title="bbox 2144 3403 3739 3480; baseline -0.006 -14"><span class='ocrx_word' id='word_1_578' title='bbox 2144 3414 2238 3466; x_wconf 71' lang='grc' dir='ltr'><strong>καὶ</strong></span> <span class='ocrx_word' id='word_1_579' title='bbox 2270 3412 2536 3480; x_wconf 83' lang='grc' dir='ltr'>γονάτων,</span> <span class='ocrx_word' id='word_1_580' title='bbox 2557 3410 2650 3463; x_wconf 69' lang='grc' dir='ltr'>καὶ</span> <span class='ocrx_word' id='word_1_581' title='bbox 2686 3408 2962 3480; x_wconf 89' lang='grc' dir='ltr'>σωτηρίαν</span> <span class='ocrx_word' id='word_1_582' title='bbox 2993 3407 3352 3478; x_wconf 78' lang='grc' dir='ltr'>ἐπήγγελλον.</span> <span class='ocrx_word' id='word_1_583' title='bbox 3391 3405 3449 3457; x_wconf 84' lang='lat'><strong>&#39;0</strong></span> <span class='ocrx_word' id='word_1_584' title='bbox 3473 3403 3532 3456; x_wconf 72' lang='grc' dir='ltr'><strong>δῖε</strong></span> <span class='ocrx_word' id='word_1_585' title='bbox 3565 3404 3739 3472; x_wconf 66' lang='grc' dir='ltr'>φάναι</span> 
     </span>
    </p>
   </div>
   <div class='ocr_carea' id='block_1_80' title="bbox 2141 3496 3738 3575">
    <p class='ocr_par' dir='ltr' id='par_1_80' title="bbox 2141 3496 3738 3575">
     <span class='ocr_line' id='line_1_80' title="bbox 2141 3496 3738 3575; baseline -0.008 -17"><span class='ocrx_word' id='word_1_586' title='bbox 2141 3504 2220 3574; x_wconf 84' lang='grc' dir='ltr'>τῷ</span> <span class='ocrx_word' id='word_1_587' title='bbox 2259 3504 2470 3575; x_wconf 83' lang='grc' dir='ltr'>βασιλεῖ</span> <span class='ocrx_word' id='word_1_588' title='bbox 2515 3499 2814 3573; x_wconf 81' lang='grc' dir='ltr'>παρηγγύα</span> <span class='ocrx_word' id='word_1_589' title='bbox 2837 3501 2972 3560; x_wconf 52' lang='grc' dir='ltr'>,ὅτι</span> <span class='ocrx_word' id='word_1_590' title='bbox 3017 3499 3306 3570; x_wconf 76' lang='grc' dir='ltr'>ἄνθρωπος</span> <span class='ocrx_word' id='word_1_591' title='bbox 3345 3497 3461 3566; x_wconf 77' lang='grc' dir='ltr'>εἴη,</span> <span class='ocrx_word' id='word_1_592' title='bbox 3497 3498 3604 3548; x_wconf 71' lang='grc' dir='ltr'><strong>καὶ</strong></span> <span class='ocrx_word' id='word_1_593' title='bbox 3641 3496 3738 3564; x_wconf 75' lang='grc' dir='ltr'>τὴν</span> 
     </span>
    </p>
   </div>
   <div class='ocr_carea' id='block_1_81' title="bbox 2147 3591 3738 3668">
    <p class='ocr_par' dir='ltr' id='par_1_81' title="bbox 2147 3591 3738 3668">
     <span class='ocr_line' id='line_1_81' title="bbox 2147 3591 3738 3668; baseline -0.009 -15"><span class='ocrx_word' id='word_1_594' title='bbox 2147 3597 2314 3668; x_wconf 81' lang='grc' dir='ltr'>αὐτὴν</span> <span class='ocrx_word' id='word_1_595' title='bbox 2344 3596 2456 3667; x_wconf 74' lang='grc' dir='ltr'>ἔχει</span> <span class='ocrx_word' id='word_1_596' title='bbox 2489 3595 2650 3665; x_wconf 84' lang='grc' dir='ltr'>φύσιν</span> <span class='ocrx_word' id='word_1_597' title='bbox 2682 3596 2791 3658; x_wconf 85' lang='grc' dir='ltr'>τοῖς</span> <span class='ocrx_word' id='word_1_598' title='bbox 2823 3593 3092 3664; x_wconf 83' lang='grc' dir='ltr'>ὑϐρικόσι,</span> <span class='ocrx_word' id='word_1_599' title='bbox 3115 3591 3209 3646; x_wconf 70' lang='grc' dir='ltr'>καὶ</span> <span class='ocrx_word' id='word_1_600' title='bbox 3237 3593 3303 3660; x_wconf 78' lang='grc' dir='ltr'>τῇ</span> <span class='ocrx_word' id='word_1_601' title='bbox 3327 3591 3486 3657; x_wconf 77' lang='grc' dir='ltr'>φύσει</span> <span class='ocrx_word' id='word_1_602' title='bbox 3515 3592 3738 3659; x_wconf 80' lang='grc' dir='ltr'>μετρεξν</span> 
     </span>
    </p>
   </div>
   <div class='ocr_carea' id='block_1_82' title="bbox 2145 3679 3740 3760">
    <p class='ocr_par' dir='ltr' id='par_1_82' title="bbox 2145 3679 3740 3760">
     <span class='ocr_line' id='line_1_82' title="bbox 2145 3679 3740 3760; baseline -0.008 -17"><span class='ocrx_word' id='word_1_603' title='bbox 2145 3687 2454 3760; x_wconf 76' lang='grc' dir='ltr'>τὴνόργὴν</span> <span class='ocrx_word' id='word_1_604' title='bbox 2499 3687 2615 3740; x_wconf 76' lang='grc' dir='ltr'>δέον</span> <span class='ocrx_word' id='word_1_605' title='bbox 2639 3726 2656 3752; x_wconf 89' lang='grc'><strong>,</strong></span> <span class='ocrx_word' id='word_1_606' title='bbox 2696 3686 2922 3756; x_wconf 81' lang='grc' dir='ltr'>ἀμέτρῳ</span> <span class='ocrx_word' id='word_1_607' title='bbox 2961 3684 3232 3755; x_wconf 85' lang='grc' dir='ltr'>κέχρηται</span> <span class='ocrx_word' id='word_1_608' title='bbox 3281 3681 3362 3751; x_wconf 82' lang='grc' dir='ltr'><strong>τῷ</strong></span> <span class='ocrx_word' id='word_1_609' title='bbox 3405 3679 3612 3750; x_wconf 75' lang='grc' dir='ltr'>θυμῷ,</span> <span class='ocrx_word' id='word_1_610' title='bbox 3652 3681 3740 3731; x_wconf 72' lang='grc' dir='ltr'><strong>καί</strong></span> 
     </span>
    </p>
   </div>
   <div class='ocr_carea' id='block_1_83' title="bbox 2145 3771 3738 3836">
    <p class='ocr_par' dir='ltr' id='par_1_83' title="bbox 2145 3771 3738 3836">
     <span class='ocr_line' id='line_1_83' title="bbox 2145 3771 3738 3836; baseline -0.009 -2"><span class='ocrx_word' id='word_1_611' title='bbox 2145 3779 2256 3834; x_wconf 87' lang='grc' dir='ltr'><strong>τῶν</strong></span> <span class='ocrx_word' id='word_1_612' title='bbox 2284 3779 2505 3832; x_wconf 88' lang='grc' dir='ltr'>είκόνων</span> <span class='ocrx_word' id='word_1_613' title='bbox 2552 3777 2735 3830; x_wconf 84' lang='grc' dir='ltr'>εἵνεκα</span> <span class='ocrx_word' id='word_1_614' title='bbox 2769 3775 2878 3830; x_wconf 86' lang='grc' dir='ltr'><strong>τῶν</strong></span> <span class='ocrx_word' id='word_1_615' title='bbox 2911 3775 3128 3829; x_wconf 84' lang='grc' dir='ltr'>οίκείων</span> <span class='ocrx_word' id='word_1_616' title='bbox 3156 3772 3257 3836; x_wconf 85' lang='grc' dir='ltr'>τὰς</span> <span class='ocrx_word' id='word_1_617' title='bbox 3315 3771 3464 3834; x_wconf 81' lang='grc' dir='ltr'>θείας</span> <span class='ocrx_word' id='word_1_618' title='bbox 3519 3771 3738 3831; x_wconf 70' lang='grc' dir='ltr'>εἰκόνας</span> 
     </span>
    </p>
   </div>
   <div class='ocr_carea' id='block_1_84' title="bbox 2149 3863 3740 3942">
    <p class='ocr_par' dir='ltr' id='par_1_84' title="bbox 2149 3863 3740 3942">
     <span class='ocr_line' id='line_1_84' title="bbox 2149 3863 3740 3942; baseline -0.007 -17"><span class='ocrx_word' id='word_1_619' title='bbox 2149 3872 2331 3942; x_wconf 79' lang='grc' dir='ltr'>σφαγῇ</span> <span class='ocrx_word' id='word_1_620' title='bbox 2364 3867 2723 3940; x_wconf 85' lang='grc' dir='ltr'>παραδίδωσι,</span> <span class='ocrx_word' id='word_1_621' title='bbox 2759 3869 2855 3922; x_wconf 81' lang='grc' dir='ltr'>καὶ</span> <span class='ocrx_word' id='word_1_622' title='bbox 2905 3867 3025 3920; x_wconf 80' lang='grc' dir='ltr'>ἀντὶ</span> <span class='ocrx_word' id='word_1_623' title='bbox 3080 3865 3299 3936; x_wconf 84' lang='grc' dir='ltr'>χαλκῶν</span> <span class='ocrx_word' id='word_1_624' title='bbox 3349 3863 3597 3934; x_wconf 80' lang='grc' dir='ltr'>στηλῶν,</span> <span class='ocrx_word' id='word_1_625' title='bbox 3641 3863 3740 3916; x_wconf 78' lang='grc' dir='ltr'>σῶ-</span> 
     </span>
    </p>
   </div>
   <div class='ocr_carea' id='block_1_85' title="bbox 2151 3954 3742 4034">
    <p class='ocr_par' dir='ltr' id='par_1_85' title="bbox 2151 3954 3742 4034">
     <span class='ocr_line' id='line_1_85' title="bbox 2151 3954 3742 4034; baseline -0.005 -18"><span class='ocrx_word' id='word_1_626' title='bbox 2151 3981 2298 4034; x_wconf 85' lang='grc' dir='ltr'>ματα</span> <span class='ocrx_word' id='word_1_627' title='bbox 2332 3961 2694 4031; x_wconf 85' lang='grc' dir='ltr'>παραπέμπει</span> <span class='ocrx_word' id='word_1_628' title='bbox 2716 3960 2954 4031; x_wconf 79' lang='grc' dir='ltr'>θανάτῳ.</span> <span class='ocrx_word' id='word_1_629' title='bbox 2985 3977 3005 4012; x_wconf 80' lang='grc' dir='ltr'><strong>ι</strong></span> <span class='ocrx_word' id='word_1_630' title='bbox 3040 3958 3152 4012; x_wconf 71' lang='grc' dir='ltr'><strong>Καὶ</strong></span> <span class='ocrx_word' id='word_1_631' title='bbox 3172 3959 3304 4029; x_wconf 88' lang='grc' dir='ltr'>ήμῖν</span> <span class='ocrx_word' id='word_1_632' title='bbox 3339 3958 3460 4028; x_wconf 84' lang='grc' dir='ltr'>μὲν,</span> <span class='ocrx_word' id='word_1_633' title='bbox 3487 3954 3632 4026; x_wconf 71' lang='grc' dir='ltr'>ἔφη,</span> <span class='ocrx_word' id='word_1_634' title='bbox 3654 3955 3742 4016; x_wconf 68' lang='grc' dir='ltr'>τὰς</span> 
     </span>
    </p>
   </div>
   <div class='ocr_carea' id='block_1_86' title="bbox 2150 4048 3746 4127">
    <p class='ocr_par' dir='ltr' id='par_1_86' title="bbox 2150 4048 3746 4127">
     <span class='ocr_line' id='line_1_86' title="bbox 2150 4048 3746 4127; baseline -0.007 -18"><span class='ocrx_word' id='word_1_635' title='bbox 2150 4055 2358 4127; x_wconf 79' lang='grc' dir='ltr'>χαλκᾶς</span> <span class='ocrx_word' id='word_1_636' title='bbox 2392 4053 2704 4109; x_wconf 81' lang='grc' dir='ltr'>ἀναπλάσαι</span> <span class='ocrx_word' id='word_1_637' title='bbox 2756 4052 2850 4106; x_wconf 80' lang='grc' dir='ltr'><strong>καὶ</strong></span> <span class='ocrx_word' id='word_1_638' title='bbox 2877 4049 3275 4123; x_wconf 79' lang='grc' dir='ltr'>ἀναμορφῶσαι</span> <span class='ocrx_word' id='word_1_639' title='bbox 3317 4048 3502 4120; x_wconf 76' lang='grc' dir='ltr'><strong>ῥᾴδιόν</strong></span> <span class='ocrx_word' id='word_1_640' title='bbox 3545 4065 3615 4102; x_wconf 84' lang='grc' dir='ltr'><strong>τε</strong></span> <span class='ocrx_word' id='word_1_641' title='bbox 3662 4048 3746 4101; x_wconf 72' lang='grc' dir='ltr'><strong>καὶ</strong></span> 
     </span>
    </p>
   </div>
   <div class='ocr_carea' id='block_1_87' title="bbox 2152 4139 3744 4215">
    <p class='ocr_par' dir='ltr' id='par_1_87' title="bbox 2152 4139 3744 4215">
     <span class='ocr_line' id='line_1_87' title="bbox 2152 4139 3744 4215; baseline -0.006 -13"><span class='ocrx_word' id='word_1_642' title='bbox 2152 4148 2379 4211; x_wconf 73' lang='grc' dir='ltr'>εὐπετές</span> <span class='ocrx_word' id='word_1_643' title='bbox 2403 4163 2418 4178; x_wconf 81' lang='grc' dir='ltr'>ο</span> <span class='ocrx_word' id='word_1_644' title='bbox 2445 4147 2528 4200; x_wconf 73' lang='grc' dir='ltr'><strong>σοὶ</strong></span> <span class='ocrx_word' id='word_1_645' title='bbox 2554 4146 2610 4200; x_wconf 84' lang='grc' dir='ltr'><strong>δὲ</strong></span> <span class='ocrx_word' id='word_1_646' title='bbox 2652 4146 2744 4198; x_wconf 76' lang='grc' dir='ltr'>καὶ</span> <span class='ocrx_word' id='word_1_647' title='bbox 2777 4144 2987 4215; x_wconf 87' lang='grc' dir='ltr'>βασιλεῖ</span> <span class='ocrx_word' id='word_1_648' title='bbox 3019 4143 3132 4196; x_wconf 76' lang='grc' dir='ltr'>ὄντι</span> <span class='ocrx_word' id='word_1_649' title='bbox 3177 4139 3439 4195; x_wconf 83' lang='grc' dir='ltr'>ἀδύνατον</span> <span class='ocrx_word' id='word_1_650' title='bbox 3468 4141 3553 4192; x_wconf 71' lang='grc' dir='ltr'>τὰ</span> <span class='ocrx_word' id='word_1_651' title='bbox 3579 4155 3744 4193; x_wconf 76' lang='grc' dir='ltr'>κατα-</span> 
     </span>
    </p>
   </div>
   <div class='ocr_carea' id='block_1_88' title="bbox 2156 4229 3746 4320">
    <p class='ocr_par' dir='ltr' id='par_1_88' title="bbox 2156 4229 3746 4320">
     <span class='ocr_line' id='line_1_88' title="bbox 2156 4229 3746 4320; baseline -0.009 -26"><span class='ocrx_word' id='word_1_652' title='bbox 2156 4239 2433 4310; x_wconf 85' lang='grc' dir='ltr'>σφαγέντα</span> <span class='ocrx_word' id='word_1_653' title='bbox 2489 4236 2718 4306; x_wconf 87' lang='grc' dir='ltr'>σώματα</span> <span class='ocrx_word' id='word_1_654' title='bbox 2765 4236 3138 4304; x_wconf 78' lang='grc' dir='ltr'>ἐπαναγαγεῖν</span> <span class='ocrx_word' id='word_1_655' title='bbox 3185 4234 3273 4320; x_wconf 54' lang='grc' dir='ltr'>,είς</span> <span class='ocrx_word' id='word_1_656' title='bbox 3329 4231 3502 4302; x_wconf 77' lang='grc' dir='ltr'>ζωήν,</span> <span class='ocrx_word' id='word_1_657' title='bbox 3539 4233 3660 4285; x_wconf 73' lang='grc' dir='ltr'>Καὶ</span> <span class='ocrx_word' id='word_1_658' title='bbox 3701 4229 3746 4282; x_wconf 84' lang='grc' dir='ltr'><strong>τί</strong></span> 
     </span>
    </p>
   </div>
   <div class='ocr_carea' id='block_1_89' title="bbox 2161 4323 3747 4401">
    <p class='ocr_par' dir='ltr' id='par_1_89' title="bbox 2161 4323 3747 4401">
     <span class='ocr_line' id='line_1_89' title="bbox 2161 4323 3747 4401; baseline -0.008 -15"><span class='ocrx_word' id='word_1_659' title='bbox 2161 4333 2304 4400; x_wconf 91' lang='grc' dir='ltr'>λέγω</span> <span class='ocrx_word' id='word_1_660' title='bbox 2354 4329 2628 4401; x_wconf 82' lang='grc' dir='ltr'>σώματα;</span> <span class='ocrx_word' id='word_1_661' title='bbox 2670 4327 2809 4382; x_wconf 81' lang='grc' dir='ltr'>Οὕτε</span> <span class='ocrx_word' id='word_1_662' title='bbox 2834 4327 2944 4401; x_wconf 90' lang='grc' dir='ltr'><strong>γάρ</strong></span> <span class='ocrx_word' id='word_1_663' title='bbox 2986 4327 3148 4398; x_wconf 84' lang='grc' dir='ltr'>τρίχα</span> <span class='ocrx_word' id='word_1_664' title='bbox 3209 4325 3336 4398; x_wconf 88' lang='grc' dir='ltr'>μίαν</span> <span class='ocrx_word' id='word_1_665' title='bbox 3393 4341 3477 4376; x_wconf 87' lang='grc' dir='ltr'><strong>σοι</strong></span> <span class='ocrx_word' id='word_1_666' title='bbox 3516 4323 3747 4378; x_wconf 67' lang='grc' dir='ltr'>δυνατὸν</span> 
     </span>
    </p>
   </div>
   <div class='ocr_carea' id='block_1_90' title="bbox 475 4414 2037 4494">
    <p class='ocr_par' dir='ltr' id='par_1_90' title="bbox 475 4421 2037 4494">
     <span class='ocr_line' id='line_1_90' title="bbox 475 4421 2037 4494; baseline 0.001 -18"><span class='ocrx_word' id='word_1_667' title='bbox 475 4429 649 4491; x_wconf 88' lang='lat' dir='ltr'><strong>potes.</strong></span> <span class='ocrx_word' id='word_1_668' title='bbox 699 4440 717 4474; x_wconf 72' lang='grc' dir='ltr'><strong>ι</strong></span> <span class='ocrx_word' id='word_1_669' title='bbox 755 4421 878 4478; x_wconf 71' lang='lat' dir='ltr'><strong>Haec</strong></span> <span class='ocrx_word' id='word_1_670' title='bbox 909 4424 999 4479; x_wconf 91' lang='lat' dir='ltr'><strong>ille</strong></span> <span class='ocrx_word' id='word_1_671' title='bbox 1039 4423 1268 4494; x_wconf 79' lang='lat' dir='ltr'><strong>Syriaca</strong></span> <span class='ocrx_word' id='word_1_672' title='bbox 1302 4423 1487 4491; x_wconf 81' lang='lat' dir='ltr'><strong>lingua</strong></span> <span class='ocrx_word' id='word_1_673' title='bbox 1530 4421 1888 4492; x_wconf 87' lang='lat' dir='ltr'><strong>proferebat:</strong></span> <span class='ocrx_word' id='word_1_674' title='bbox 1927 4439 2037 4492; x_wconf 66' lang='lat' dir='ltr'><strong>qua</strong></span> 
     </span>
    </p>
   </div>
   <div class='ocr_carea' id='block_1_91' title="bbox 2141 4414 3748 4494">
    <p class='ocr_par' dir='ltr' id='par_1_91' title="bbox 2160 4414 3748 4490">
     <span class='ocr_line' id='line_1_91' title="bbox 2160 4414 3748 4490; baseline -0.008 -13"><span class='ocrx_word' id='word_1_675' title='bbox 2160 4421 2490 4477; x_wconf 85' lang='grc' dir='ltr'>ἀναπλάσαι.</span> <span class='ocrx_word' id='word_1_676' title='bbox 2540 4440 2558 4474; x_wconf 75' lang='grc' dir='ltr'><strong>ι</strong></span> <span class='ocrx_word' id='word_1_677' title='bbox 2617 4419 2804 4475; x_wconf 76' lang='grc' dir='ltr'>Ταῦτα</span> <span class='ocrx_word' id='word_1_678' title='bbox 2851 4422 2917 4490; x_wconf 81' lang='grc' dir='ltr'>τῇ</span> <span class='ocrx_word' id='word_1_679' title='bbox 2979 4417 3138 4488; x_wconf 76' lang='grc' dir='ltr'>Σύρῳ</span> <span class='ocrx_word' id='word_1_680' title='bbox 3201 4414 3550 4486; x_wconf 77' lang='grc' dir='ltr'>κεχρημένος</span> <span class='ocrx_word' id='word_1_681' title='bbox 3603 4415 3748 4479; x_wconf 67' lang='grc' dir='ltr'>ἔλεγε</span> 
     </span>
    </p>
   </div>
   <div class='ocr_carea' id='block_1_92' title="bbox 475 4512 2050 4585">
    <p class='ocr_par' dir='ltr' id='par_1_92' title="bbox 475 4512 2050 4585">
     <span class='ocr_line' id='line_1_92' title="bbox 475 4512 2050 4585; baseline 0.001 -17"><span class='ocrx_word' id='word_1_682' title='bbox 475 4514 550 4568; x_wconf 89' lang='lat' dir='ltr'><strong>illi</strong></span> <span class='ocrx_word' id='word_1_683' title='bbox 576 4530 671 4584; x_wconf 87' lang='lat' dir='ltr'><strong>per</strong></span> <span class='ocrx_word' id='word_1_684' title='bbox 701 4513 1057 4585; x_wconf 83' lang='lat' dir='ltr'><strong>interpretem</strong></span> <span class='ocrx_word' id='word_1_685' title='bbox 1084 4512 1270 4570; x_wconf 67' lang='lat' dir='ltr'><strong>Grmce</strong></span> <span class='ocrx_word' id='word_1_686' title='bbox 1295 4514 1509 4569; x_wconf 88' lang='lat' dir='ltr'><strong>reddita</strong></span> <span class='ocrx_word' id='word_1_687' title='bbox 1540 4514 1828 4570; x_wconf 89' lang='lat' dir='ltr'><strong>audientes</strong></span> <span class='ocrx_word' id='word_1_688' title='bbox 1859 4515 2050 4570; x_wconf 85' lang='lat' dir='ltr'><strong>obstu-</strong></span> 
     </span>
    </p>
   </div>
   <div class='ocr_carea' id='block_1_93' title="bbox 475 4606 2045 4676">
    <p class='ocr_par' dir='ltr' id='par_1_93' title="bbox 475 4606 2045 4676">
     <span class='ocr_line' id='line_1_93' title="bbox 475 4606 2045 4676; baseline 0.003 -20"><span class='ocrx_word' id='word_1_689' title='bbox 475 4614 732 4676; x_wconf 89' lang='lat' dir='ltr'><strong>puerunt,</strong></span> <span class='ocrx_word' id='word_1_690' title='bbox 764 4614 818 4660; x_wconf 92' lang='lat' dir='ltr'><strong>et</strong></span> <span class='ocrx_word' id='word_1_691' title='bbox 852 4606 1169 4675; x_wconf 88' lang='lat' dir='ltr'><strong>imperatori</strong></span> <span class='ocrx_word' id='word_1_692' title='bbox 1206 4621 1264 4660; x_wconf 89' lang='lat' dir='ltr'><strong>se</strong></span> <span class='ocrx_word' id='word_1_693' title='bbox 1308 4607 1726 4662; x_wconf 87' lang='lat' dir='ltr'><strong>renuntiaturos</strong></span> <span class='ocrx_word' id='word_1_694' title='bbox 1764 4606 2045 4676; x_wconf 70' lang='lat' dir='ltr'><strong>significa«</strong></span> 
     </span>
    </p>
   </div>
   <div class='ocr_carea' id='block_1_94' title="bbox 477 4693 2054 4766">
    <p class='ocr_par' dir='ltr' id='par_1_94' title="bbox 477 4693 2054 4766">
     <span class='ocr_line' id='line_1_94' title="bbox 477 4693 2054 4766; baseline 0.001 -17"><span class='ocrx_word' id='word_1_695' title='bbox 477 4702 629 4750; x_wconf 90' lang='lat' dir='ltr'><strong>runt.</strong></span> <span class='ocrx_word' id='word_1_696' title='bbox 671 4695 782 4764; x_wconf 78' lang='lat' dir='ltr'><strong>Ego</strong></span> <span class='ocrx_word' id='word_1_697' title='bbox 823 4709 978 4758; x_wconf 87' lang='lat' dir='ltr'><strong>vero,</strong></span> <span class='ocrx_word' id='word_1_698' title='bbox 1012 4696 1144 4764; x_wconf 91' lang='lat' dir='ltr'><strong>quin</strong></span> <span class='ocrx_word' id='word_1_699' title='bbox 1179 4695 1352 4749; x_wconf 89' lang='lat' dir='ltr'><strong>divini</strong></span> <span class='ocrx_word' id='word_1_700' title='bbox 1386 4693 1628 4765; x_wconf 90' lang='lat' dir='ltr'><strong>Spiritus</strong></span> <span class='ocrx_word' id='word_1_701' title='bbox 1659 4697 1848 4766; x_wconf 80' lang='lat' dir='ltr'><strong>gratiae</strong></span> <span class='ocrx_word' id='word_1_702' title='bbox 1887 4697 2054 4752; x_wconf 86' lang='lat' dir='ltr'><strong>verba</strong></span> 
     </span>
    </p>
   </div>
   <div class='ocr_carea' id='block_1_95' title="bbox 478 4786 2046 4860">
    <p class='ocr_par' dir='ltr' id='par_1_95' title="bbox 478 4786 2046 4860">
     <span class='ocr_line' id='line_1_95' title="bbox 478 4786 2046 4860; baseline -0.001 -18"><span class='ocrx_word' id='word_1_703' title='bbox 478 4789 595 4843; x_wconf 48' lang='lat' dir='ltr'><strong>hate</strong></span> <span class='ocrx_word' id='word_1_704' title='bbox 653 4787 878 4860; x_wconf 77' lang='lat' dir='ltr'><strong>fuerint,</strong></span> <span class='ocrx_word' id='word_1_705' title='bbox 935 4787 1209 4843; x_wconf 89' lang='lat' dir='ltr'><strong>neminem</strong></span> <span class='ocrx_word' id='word_1_706' title='bbox 1265 4786 1504 4842; x_wconf 89' lang='lat' dir='ltr'><strong>arbitror</strong></span> <span class='ocrx_word' id='word_1_707' title='bbox 1559 4787 1760 4842; x_wconf 87' lang='lat' dir='ltr'><strong>iturum</strong></span> <span class='ocrx_word' id='word_1_708' title='bbox 1816 4788 2046 4842; x_wconf 82' lang='lat' dir='ltr'><strong>inficias.</strong></span> 
     </span>
    </p>
   </div>
   <div class='ocr_carea' id='block_1_96' title="bbox 477 4878 2056 4950">
    <p class='ocr_par' dir='ltr' id='par_1_96' title="bbox 477 4878 2056 4950">
     <span class='ocr_line' id='line_1_96' title="bbox 477 4878 2056 4950; baseline 0.001 -18"><span class='ocrx_word' id='word_1_709' title='bbox 477 4880 696 4950; x_wconf 82' lang='lat' dir='ltr'><strong>Alioqui</strong></span> <span class='ocrx_word' id='word_1_710' title='bbox 736 4896 848 4950; x_wconf 85' lang='lat' dir='ltr'><strong>quo</strong></span> <span class='ocrx_word' id='word_1_711' title='bbox 899 4889 1062 4950; x_wconf 88' lang='lat' dir='ltr'><strong>pacto</strong></span> <span class='ocrx_word' id='word_1_712' title='bbox 1103 4879 1217 4934; x_wconf 51' lang='lat' dir='ltr'><strong>haec</strong></span> <span class='ocrx_word' id='word_1_713' title='bbox 1269 4878 1490 4934; x_wconf 90' lang='lat' dir='ltr'><strong>locutus</strong></span> <span class='ocrx_word' id='word_1_714' title='bbox 1547 4886 1696 4934; x_wconf 88' lang='lat' dir='ltr'><strong>esset</strong></span> <span class='ocrx_word' id='word_1_715' title='bbox 1761 4879 1844 4933; x_wconf 84' lang='lat' dir='ltr'><strong>vir</strong></span> <span class='ocrx_word' id='word_1_716' title='bbox 1872 4880 2056 4934; x_wconf 91' lang='lat' dir='ltr'><strong>omnis</strong></span> 
     </span>
    </p>
   </div>
   <div class='ocr_carea' id='block_1_97' title="bbox 477 4971 2058 5042">
    <p class='ocr_par' dir='ltr' id='par_1_97' title="bbox 477 4971 2058 5042">
     <span class='ocr_line' id='line_1_97' title="bbox 477 4971 2058 5042; baseline -0.001 -16"><span class='ocrx_word' id='word_1_717' title='bbox 477 4973 804 5028; x_wconf 87' lang='lat' dir='ltr'><strong>eruditionis</strong></span> <span class='ocrx_word' id='word_1_718' title='bbox 851 4987 1070 5039; x_wconf 79' lang='lat' dir='ltr'><strong>expers,</strong></span> <span class='ocrx_word' id='word_1_719' title='bbox 1100 4972 1154 5025; x_wconf 92' lang='lat' dir='ltr'><strong>in</strong></span> <span class='ocrx_word' id='word_1_720' title='bbox 1197 4971 1345 5042; x_wconf 82' lang='lat' dir='ltr'><strong>agris</strong></span> <span class='ocrx_word' id='word_1_721' title='bbox 1383 4971 1675 5036; x_wconf 88' lang='lat' dir='ltr'><strong>educatus,</strong></span> <span class='ocrx_word' id='word_1_722' title='bbox 1708 4979 1763 5026; x_wconf 87' lang='lat' dir='ltr'><strong>et</strong></span> <span class='ocrx_word' id='word_1_723' title='bbox 1812 4973 1866 5026; x_wconf 92' lang='lat' dir='ltr'><strong>in</strong></span> <span class='ocrx_word' id='word_1_724' title='bbox 1900 4987 2058 5026; x_wconf 88' lang='lat' dir='ltr'><strong>mon-</strong></span> 
     </span>
    </p>
   </div>
   <div class='ocr_carea' id='block_1_98' title="bbox 479 5065 2055 5135">
    <p class='ocr_par' dir='ltr' id='par_1_98' title="bbox 479 5065 2055 5135">
     <span class='ocr_line' id='line_1_98' title="bbox 479 5065 2055 5135; baseline -0.001 -16"><span class='ocrx_word' id='word_1_725' title='bbox 479 5066 616 5120; x_wconf 89' lang='lat' dir='ltr'><strong>tium</strong></span> <span class='ocrx_word' id='word_1_726' title='bbox 641 5065 1022 5122; x_wconf 87' lang='lat' dir='ltr'><strong>cacuminibus</strong></span> <span class='ocrx_word' id='word_1_727' title='bbox 1040 5065 1205 5119; x_wconf 87' lang='lat' dir='ltr'><strong>vitam</strong></span> <span class='ocrx_word' id='word_1_728' title='bbox 1225 5079 1412 5135; x_wconf 89' lang='lat' dir='ltr'><strong>agens,</strong></span> <span class='ocrx_word' id='word_1_729' title='bbox 1435 5079 1704 5120; x_wconf 90' lang='lat' dir='ltr'><strong>summam</strong></span> <span class='ocrx_word' id='word_1_730' title='bbox 1728 5065 2055 5134; x_wconf 89' lang='lat' dir='ltr'><strong>simplicita-</strong></span> 
     </span>
    </p>
   </div>
   <div class='ocr_carea' id='block_1_99' title="bbox 479 5156 2055 5225">
    <p class='ocr_par' dir='ltr' id='par_1_99' title="bbox 479 5156 2055 5225">
     <span class='ocr_line' id='line_1_99' title="bbox 479 5156 2055 5225; baseline -0.002 -13"><span class='ocrx_word' id='word_1_731' title='bbox 479 5165 590 5212; x_wconf 89' lang='lat' dir='ltr'><strong>tem</strong></span> <span class='ocrx_word' id='word_1_732' title='bbox 620 5159 806 5214; x_wconf 89' lang='lat' dir='ltr'><strong>animo</strong></span> <span class='ocrx_word' id='word_1_733' title='bbox 837 5158 1258 5225; x_wconf 87' lang='lat' dir='ltr'><strong>circumferens,</strong></span> <span class='ocrx_word' id='word_1_734' title='bbox 1285 5166 1338 5213; x_wconf 89' lang='lat' dir='ltr'><strong>et</strong></span> <span class='ocrx_word' id='word_1_735' title='bbox 1370 5157 1426 5212; x_wconf 92' lang='lat' dir='ltr'><strong>in</strong></span> <span class='ocrx_word' id='word_1_736' title='bbox 1453 5158 1660 5213; x_wconf 86' lang='lat' dir='ltr'><strong>divinis</strong></span> <span class='ocrx_word' id='word_1_737' title='bbox 1693 5156 1920 5212; x_wconf 88' lang='lat' dir='ltr'><strong>Litteris</strong></span> <span class='ocrx_word' id='word_1_738' title='bbox 1955 5156 2055 5210; x_wconf 89' lang='lat' dir='ltr'><strong>mi-</strong></span> 
     </span>
    </p>
   </div>
   <div class='ocr_carea' id='block_1_100' title="bbox 484 5248 2056 5320">
    <p class='ocr_par' dir='ltr' id='par_1_100' title="bbox 484 5248 2056 5320">
     <span class='ocr_line' id='line_1_100' title="bbox 484 5248 2056 5320; baseline 0 -18"><span class='ocrx_word' id='word_1_739' title='bbox 484 5249 633 5305; x_wconf 88' lang='lat' dir='ltr'><strong>nime</strong></span> <span class='ocrx_word' id='word_1_740' title='bbox 666 5251 957 5308; x_wconf 87' lang='lat' dir='ltr'><strong>versatus?</strong></span> <span class='ocrx_word' id='word_1_741' title='bbox 985 5249 1168 5317; x_wconf 88' lang='lat' dir='ltr'><strong>Quare</strong></span> <span class='ocrx_word' id='word_1_742' title='bbox 1195 5266 1320 5305; x_wconf 91' lang='lat' dir='ltr'><strong>cum</strong></span> <span class='ocrx_word' id='word_1_743' title='bbox 1354 5248 1660 5320; x_wconf 89' lang='lat' dir='ltr'><strong>spiritalem</strong></span> <span class='ocrx_word' id='word_1_744' title='bbox 1683 5248 1803 5319; x_wconf 87' lang='lat' dir='ltr'><strong>ejus</strong></span> <span class='ocrx_word' id='word_1_745' title='bbox 1832 5249 2056 5318; x_wconf 86' lang='lat' dir='ltr'><strong>sapien-</strong></span> 
     </span>
    </p>
   </div>
   <div class='ocr_carea' id='block_1_101' title="bbox 487 5341 2052 5415">
    <p class='ocr_par' dir='ltr' id='par_1_101' title="bbox 487 5341 2052 5415">
     <span class='ocr_line' id='line_1_101' title="bbox 487 5341 2052 5415; baseline -0.001 -20"><span class='ocrx_word' id='word_1_746' title='bbox 487 5341 618 5398; x_wconf 85' lang='lat' dir='ltr'><strong>tiam</strong></span> <span class='ocrx_word' id='word_1_747' title='bbox 644 5344 1070 5409; x_wconf 86' lang='lat' dir='ltr'><strong>ostenderimus,</strong></span> <span class='ocrx_word' id='word_1_748' title='bbox 1097 5353 1152 5401; x_wconf 91' lang='lat' dir='ltr'><strong>et</strong></span> <span class='ocrx_word' id='word_1_749' title='bbox 1191 5353 1588 5415; x_wconf 83' lang='lat' dir='ltr'><strong>congruentem</strong></span> <span class='ocrx_word' id='word_1_750' title='bbox 1615 5343 1766 5414; x_wconf 88' lang='lat' dir='ltr'><strong>justo</strong></span> <span class='ocrx_word' id='word_1_751' title='bbox 1802 5341 2052 5396; x_wconf 85' lang='lat' dir='ltr'><strong>fiduciam</strong></span> 
     </span>
    </p>
   </div>
   <div class='ocr_carea' id='block_1_102' title="bbox 555 5459 1086 5530">
    <p class='ocr_par' dir='ltr' id='par_1_102' title="bbox 555 5459 1086 5530">
     <span class='ocr_line' id='line_1_102' title="bbox 555 5459 1086 5530; baseline 0.009 -16"><span class='ocrx_word' id='word_1_752' title='bbox 555 5459 586 5503; x_wconf 70' lang='grc' dir='ltr'>ι</span> <span class='ocrx_word' id='word_1_753' title='bbox 613 5459 812 5518; x_wconf 75' lang='lat' dir='ltr'><strong>Matth.</strong></span> <span class='ocrx_word' id='word_1_754' title='bbox 841 5479 1001 5530; x_wconf 78' lang='lat' dir='ltr'><strong>xvm,</strong></span> <span class='ocrx_word' id='word_1_755' title='bbox 1031 5465 1086 5519; x_wconf 79' lang='grc'>5.</span> 
     </span>
    </p>
   </div>
   <div class='ocr_carea' id='block_1_103' title="bbox 2156 4505 3747 4585">
    <p class='ocr_par' dir='ltr' id='par_1_103' title="bbox 2156 4505 3747 4585">
     <span class='ocr_line' id='line_1_103' title="bbox 2156 4505 3747 4585; baseline -0.009 -19"><span class='ocrx_word' id='word_1_756' title='bbox 2156 4513 2371 4585; x_wconf 79' lang='grc' dir='ltr'>γλώττῃ</span> <span class='ocrx_word' id='word_1_757' title='bbox 2393 4529 2406 4542; x_wconf 78' lang='grc' dir='ltr'>ο</span> <span class='ocrx_word' id='word_1_758' title='bbox 2440 4513 2490 4565; x_wconf 81' lang='lat' dir='ltr'><strong>oi.</strong></span> <span class='ocrx_word' id='word_1_759' title='bbox 2513 4513 2569 4565; x_wconf 84' lang='grc' dir='ltr'><strong>δέ</strong></span> <span class='ocrx_word' id='word_1_760' title='bbox 2600 4513 2693 4565; x_wconf 85' lang='grc' dir='ltr'>τοῦ</span> <span class='ocrx_word' id='word_1_761' title='bbox 2720 4511 3004 4584; x_wconf 77' lang='grc' dir='ltr'>ἑρμηνέως</span> <span class='ocrx_word' id='word_1_762' title='bbox 3028 4511 3106 4573; x_wconf 85' lang='grc' dir='ltr'><strong>εἰς</strong></span> <span class='ocrx_word' id='word_1_763' title='bbox 3143 4507 3240 4580; x_wconf 80' lang='grc' dir='ltr'>τὴν</span> <span class='ocrx_word' id='word_1_764' title='bbox 3283 4505 3521 4560; x_wconf 68' lang='grc' dir='ltr'>Ἐλλάδα</span> <span class='ocrx_word' id='word_1_765' title='bbox 3567 4505 3747 4575; x_wconf 66' lang='grc' dir='ltr'>φωνὴν</span> 
     </span>
    </p>
   </div>
   <div class='ocr_carea' id='block_1_104' title="bbox 2161 4597 3748 4679">
    <p class='ocr_par' dir='ltr' id='par_1_104' title="bbox 2161 4597 3748 4679">
     <span class='ocr_line' id='line_1_104' title="bbox 2161 4597 3748 4679; baseline -0.009 -18"><span class='ocrx_word' id='word_1_766' title='bbox 2161 4606 2579 4679; x_wconf 72' lang='grc' dir='ltr'>μεταφέροντος,</span> <span class='ocrx_word' id='word_1_767' title='bbox 2605 4603 2874 4674; x_wconf 77' lang='grc' dir='ltr'>ἐπήκουον</span> <span class='ocrx_word' id='word_1_768' title='bbox 2925 4620 2981 4654; x_wconf 92' lang='grc' dir='ltr'><strong>τε</strong></span> <span class='ocrx_word' id='word_1_769' title='bbox 3033 4600 3127 4654; x_wconf 68' lang='grc' dir='ltr'><strong>καὶ</strong></span> <span class='ocrx_word' id='word_1_770' title='bbox 3155 4599 3430 4672; x_wconf 70' lang='grc' dir='ltr'>ἔφριττον.</span> <span class='ocrx_word' id='word_1_771' title='bbox 3477 4598 3588 4651; x_wconf 68' lang='grc' dir='ltr'>καὶ</span> <span class='ocrx_word' id='word_1_772' title='bbox 3639 4597 3748 4648; x_wconf 72' lang='grc' dir='ltr'>διαο</span> 
     </span>
    </p>
   </div>
   <div class='ocr_carea' id='block_1_105' title="bbox 2159 4689 3750 4771">
    <p class='ocr_par' dir='ltr' id='par_1_105' title="bbox 2159 4689 3750 4771">
     <span class='ocr_line' id='line_1_105' title="bbox 2159 4689 3750 4771; baseline -0.009 -18"><span class='ocrx_word' id='word_1_773' title='bbox 2159 4697 2492 4771; x_wconf 76' lang='grc' dir='ltr'>πορθμεύειν</span> <span class='ocrx_word' id='word_1_774' title='bbox 2521 4696 2662 4749; x_wconf 75' lang='grc' dir='ltr'>αὐτὰ</span> <span class='ocrx_word' id='word_1_775' title='bbox 2703 4694 3100 4763; x_wconf 75' lang='grc' dir='ltr'>ἐπηγγέλλοντο</span> <span class='ocrx_word' id='word_1_776' title='bbox 3135 4690 3212 4760; x_wconf 84' lang='grc' dir='ltr'>τῷ</span> <span class='ocrx_word' id='word_1_777' title='bbox 3255 4690 3488 4760; x_wconf 87' lang='grc' dir='ltr'>βασιλεῖ.</span> <span class='ocrx_word' id='word_1_778' title='bbox 3531 4689 3750 4757; x_wconf 70' lang='grc' dir='ltr'>Ἐγὼζε</span> 
     </span>
    </p>
   </div>
   <div class='ocr_carea' id='block_1_106' title="bbox 2159 4777 3748 4860">
    <p class='ocr_par' dir='ltr' id='par_1_106' title="bbox 2159 4777 3748 4860">
     <span class='ocr_line' id='line_1_106' title="bbox 2159 4777 3748 4860; baseline -0.009 -15"><span class='ocrx_word' id='word_1_779' title='bbox 2159 4791 2366 4860; x_wconf 77' lang='grc' dir='ltr'>νομίζω</span> <span class='ocrx_word' id='word_1_780' title='bbox 2414 4789 2623 4850; x_wconf 83' lang='grc' dir='ltr'>πάντας</span> <span class='ocrx_word' id='word_1_781' title='bbox 2657 4786 2722 4840; x_wconf 88' lang='grc' dir='ltr'><strong>ἂν</strong></span> <span class='ocrx_word' id='word_1_782' title='bbox 2757 4785 3088 4856; x_wconf 80' lang='grc' dir='ltr'>ὁμολογῆσαι</span> <span class='ocrx_word' id='word_1_783' title='bbox 3121 4783 3220 4854; x_wconf 74' lang='grc' dir='ltr'><strong>τῆς</strong></span> <span class='ocrx_word' id='word_1_784' title='bbox 3253 4782 3344 4858; x_wconf 62' lang='grc' dir='ltr'><strong>τού</strong></span> <span class='ocrx_word' id='word_1_785' title='bbox 3387 4780 3546 4832; x_wconf 80' lang='grc' dir='ltr'>θείου</span> <span class='ocrx_word' id='word_1_786' title='bbox 3585 4777 3748 4835; x_wconf 60' lang='lat' dir='ltr'><strong>[lvii-</strong></span> 
     </span>
    </p>
   </div>
   <div class='ocr_carea' id='block_1_107' title="bbox 2165 4870 3749 4954">
    <p class='ocr_par' dir='ltr' id='par_1_107' title="bbox 2165 4870 3749 4954">
     <span class='ocr_line' id='line_1_107' title="bbox 2165 4870 3749 4954; baseline -0.008 -21"><span class='ocrx_word' id='word_1_787' title='bbox 2165 4899 2332 4954; x_wconf 85' lang='grc' dir='ltr'>ματος</span> <span class='ocrx_word' id='word_1_788' title='bbox 2375 4876 2514 4934; x_wconf 77' lang='grc' dir='ltr'>εἶναι</span> <span class='ocrx_word' id='word_1_789' title='bbox 2547 4877 2720 4931; x_wconf 76' lang='grc' dir='ltr'>ταῦτα</span> <span class='ocrx_word' id='word_1_790' title='bbox 2747 4876 2818 4930; x_wconf 87' lang='grc' dir='ltr'><strong>τὰ</strong></span> <span class='ocrx_word' id='word_1_791' title='bbox 2862 4878 3080 4947; x_wconf 81' lang='grc' dir='ltr'>ῥήματα</span> <span class='ocrx_word' id='word_1_792' title='bbox 3114 4873 3353 4944; x_wconf 79' lang='grc' dir='ltr'>χάριτος.</span> <span class='ocrx_word' id='word_1_793' title='bbox 3395 4870 3528 4935; x_wconf 87' lang='grc' dir='ltr'><strong>[Ιῶς</strong></span> <span class='ocrx_word' id='word_1_794' title='bbox 3551 4874 3668 4942; x_wconf 66' lang='grc' dir='ltr'><strong>γὰρ</strong></span> <span class='ocrx_word' id='word_1_795' title='bbox 3695 4870 3749 4924; x_wconf 65' lang='lat' dir='ltr'><strong>ir</strong></span> 
     </span>
    </p>
   </div>
   <div class='ocr_carea' id='block_1_108' title="bbox 2162 4962 3754 5042">
    <p class='ocr_par' dir='ltr' id='par_1_108' title="bbox 2162 4962 3754 5042">
     <span class='ocr_line' id='line_1_108' title="bbox 2162 4962 3754 5042; baseline -0.008 -14"><span class='ocrx_word' id='word_1_796' title='bbox 2162 4975 2337 5037; x_wconf 79' lang='grc' dir='ltr'>ἄλλως</span> <span class='ocrx_word' id='word_1_797' title='bbox 2377 4972 2552 5027; x_wconf 80' lang='grc' dir='ltr'>ταῦτα</span> <span class='ocrx_word' id='word_1_798' title='bbox 2601 4969 2907 5040; x_wconf 79' lang='grc' dir='ltr'>ἐφθέγξατο</span> <span class='ocrx_word' id='word_1_799' title='bbox 2934 4967 3072 5038; x_wconf 84' lang='grc' dir='ltr'>ἀνὴρ</span> <span class='ocrx_word' id='word_1_800' title='bbox 3118 4965 3363 5026; x_wconf 85' lang='grc' dir='ltr'>παιδείας</span> <span class='ocrx_word' id='word_1_801' title='bbox 3395 4962 3500 5042; x_wconf 58' lang='grc' dir='ltr'>μὲν</span> <span class='ocrx_word' id='word_1_802' title='bbox 3535 4965 3754 5031; x_wconf 70' lang='grc' dir='ltr'>ἀπάσης</span> 
     </span>
    </p>
   </div>
   <div class='ocr_carea' id='block_1_109' title="bbox 2163 5056 3754 5138">
    <p class='ocr_par' dir='ltr' id='par_1_109' title="bbox 2163 5056 3754 5138">
     <span class='ocr_line' id='line_1_109' title="bbox 2163 5056 3754 5138; baseline -0.01 -18"><span class='ocrx_word' id='word_1_803' title='bbox 2163 5067 2426 5138; x_wconf 86' lang='grc' dir='ltr'>ἀμύητος,</span> <span class='ocrx_word' id='word_1_804' title='bbox 2472 5067 2529 5118; x_wconf 84' lang='grc' dir='ltr'><strong>ἐν</strong></span> <span class='ocrx_word' id='word_1_805' title='bbox 2574 5062 2832 5134; x_wconf 73' lang='grc' dir='ltr'>ἀγροικίᾳ</span> <span class='ocrx_word' id='word_1_806' title='bbox 2858 5060 2916 5114; x_wconf 83' lang='grc' dir='ltr'><strong>δὲ</strong></span> <span class='ocrx_word' id='word_1_807' title='bbox 2948 5058 3322 5130; x_wconf 84' lang='grc' dir='ltr'>τεθραμμένος</span> <span class='ocrx_word' id='word_1_808' title='bbox 3341 5098 3356 5121; x_wconf 89' lang='grc'><strong>,</strong></span> <span class='ocrx_word' id='word_1_809' title='bbox 3385 5057 3514 5119; x_wconf 83' lang='grc' dir='ltr'>ταῖς</span> <span class='ocrx_word' id='word_1_810' title='bbox 3564 5057 3626 5110; x_wconf 77' lang='grc' dir='ltr'><strong>δὲ</strong></span> <span class='ocrx_word' id='word_1_811' title='bbox 3653 5056 3754 5108; x_wconf 70' lang='grc' dir='ltr'><strong>τῶν</strong></span> 
     </span>
    </p>
   </div>
   <div class='ocr_carea' id='block_1_110' title="bbox 2161 5147 3754 5230">
    <p class='ocr_par' dir='ltr' id='par_1_110' title="bbox 2161 5147 3754 5230">
     <span class='ocr_line' id='line_1_110' title="bbox 2161 5147 3754 5230; baseline -0.011 -16"><span class='ocrx_word' id='word_1_812' title='bbox 2161 5160 2304 5230; x_wconf 88' lang='grc' dir='ltr'>ὀρῶν</span> <span class='ocrx_word' id='word_1_813' title='bbox 2334 5154 2752 5228; x_wconf 76' lang='grc' dir='ltr'>ἐνδιαιτώμενος</span> <span class='ocrx_word' id='word_1_814' title='bbox 2804 5154 3088 5224; x_wconf 78' lang='grc' dir='ltr'>κορυφαῖς,</span> <span class='ocrx_word' id='word_1_815' title='bbox 3130 5150 3410 5220; x_wconf 82' lang='grc' dir='ltr'>ἁπλότητα</span> <span class='ocrx_word' id='word_1_816' title='bbox 3451 5147 3518 5200; x_wconf 78' lang='grc' dir='ltr'><strong>δὲ</strong></span> <span class='ocrx_word' id='word_1_817' title='bbox 3575 5151 3754 5202; x_wconf 70' lang='grc' dir='ltr'>πᾶσαν</span> 
     </span>
    </p>
   </div>
   <div class='ocr_carea' id='block_1_111' title="bbox 2161 5240 3756 5321">
    <p class='ocr_par' dir='ltr' id='par_1_111' title="bbox 2161 5240 3756 5321">
     <span class='ocr_line' id='line_1_111' title="bbox 2161 5240 3756 5321; baseline -0.007 -18"><span class='ocrx_word' id='word_1_818' title='bbox 2161 5253 2220 5304; x_wconf 87' lang='grc' dir='ltr'><strong>ἐν</strong></span> <span class='ocrx_word' id='word_1_819' title='bbox 2239 5250 2306 5321; x_wconf 81' lang='grc' dir='ltr'>τῇ</span> <span class='ocrx_word' id='word_1_820' title='bbox 2343 5251 2488 5321; x_wconf 72' lang='grc' dir='ltr'>ψυχῇ</span> <span class='ocrx_word' id='word_1_821' title='bbox 2544 5265 2609 5300; x_wconf 90' lang='grc' dir='ltr'><strong>πε</strong></span> <span class='ocrx_word' id='word_1_822' title='bbox 2622 5247 2880 5319; x_wconf 80' lang='grc' dir='ltr'>ριφέρων,</span> <span class='ocrx_word' id='word_1_823' title='bbox 2916 5245 3007 5298; x_wconf 69' lang='grc' dir='ltr'><strong>καὶ</strong></span> <span class='ocrx_word' id='word_1_824' title='bbox 3041 5243 3161 5296; x_wconf 75' lang='grc' dir='ltr'>οὐδὲ</span> <span class='ocrx_word' id='word_1_825' title='bbox 3207 5244 3320 5304; x_wconf 85' lang='grc' dir='ltr'>τοῖς</span> <span class='ocrx_word' id='word_1_826' title='bbox 3346 5240 3518 5303; x_wconf 83' lang='grc' dir='ltr'>θείοις</span> <span class='ocrx_word' id='word_1_827' title='bbox 3551 5241 3756 5310; x_wconf 71' lang='grc' dir='ltr'>λογίοις</span> 
     </span>
    </p>
   </div>
   <div class='ocr_carea' id='block_1_112' title="bbox 2165 5331 3754 5412">
    <p class='ocr_par' dir='ltr' id='par_1_112' title="bbox 2165 5331 3754 5412">
     <span class='ocr_line' id='line_1_112' title="bbox 2165 5331 3754 5412; baseline -0.012 -15"><span class='ocrx_word' id='word_1_828' title='bbox 2165 5339 2474 5412; x_wconf 79' lang='grc' dir='ltr'>ἐσχολακώς</span> <span class='ocrx_word' id='word_1_829' title='bbox 2497 5357 2511 5405; x_wconf 89' lang='grc'>;</span> <span class='ocrx_word' id='word_1_830' title='bbox 2537 5336 2837 5409; x_wconf 77' lang='grc' dir='ltr'>Τοιγαροῦν</span> <span class='ocrx_word' id='word_1_831' title='bbox 2873 5335 2967 5389; x_wconf 67' lang='grc' dir='ltr'>καὶ</span> <span class='ocrx_word' id='word_1_832' title='bbox 2995 5335 3092 5406; x_wconf 80' lang='grc' dir='ltr'><strong>τήν</strong></span> <span class='ocrx_word' id='word_1_833' title='bbox 3143 5332 3526 5403; x_wconf 76' lang='grc' dir='ltr'>πνευματικὴν</span> <span class='ocrx_word' id='word_1_834' title='bbox 3561 5331 3754 5398; x_wconf 60' lang='grc' dir='ltr'>σοφίαν</span> 
     </span>
    </p>
   </div>
   <div class='ocr_carea' id='block_1_113' title="bbox 1764 5549 3068 5626">
    <p class='ocr_par' dir='ltr' id='par_1_113' title="bbox 1764 5549 3068 5626">
     <span class='ocr_line' id='line_1_113' title="bbox 1764 5549 3068 5626; baseline -0.014 -14"><span class='ocrx_word' id='word_1_835' title='bbox 1764 5552 1998 5612; x_wconf 71' lang='lat' dir='ltr'><strong>vanus</strong></span> <span class='ocrx_word' id='word_1_836' title='bbox 2029 5549 2435 5610; x_wconf 64' lang='lat' dir='ltr'><strong>caenosas.</strong></span> <span class='ocrx_word' id='word_1_837' title='bbox 3058 5619 3068 5626; x_wconf 91' lang='lat'>_</span> 
     </span>
    </p>
   </div>
   <div class='ocr_carea' id='block_1_114' title="bbox 563 5630 3748 5716">
    <p class='ocr_par' dir='ltr' id='par_1_114' title="bbox 563 5630 3748 5716">
     <span class='ocr_line' id='line_1_114' title="bbox 563 5630 3748 5716; baseline -0.003 -17"><span class='ocrx_word' id='word_1_838' title='bbox 563 5645 1090 5716; x_wconf 15' lang='grc' dir='ltr'>ν-Λιιιιςίίιυοιιιιοηι</span> <span class='ocrx_word' id='word_1_839' title='bbox 1127 5649 1526 5705; x_wconf 87' lang='lat' dir='ltr'><strong>Damascenum</strong></span> <span class='ocrx_word' id='word_1_840' title='bbox 1557 5659 1698 5704; x_wconf 91' lang='lat' dir='ltr'><strong>orat.</strong></span> <span class='ocrx_word' id='word_1_841' title='bbox 1730 5649 1785 5712; x_wconf 80' lang='lat'><strong>3,</strong></span> <span class='ocrx_word' id='word_1_842' title='bbox 1831 5648 1903 5702; x_wconf 83' lang='lat' dir='ltr'><strong>De</strong></span> <span class='ocrx_word' id='word_1_843' title='bbox 1936 5644 2287 5716; x_wconf 65' lang='lat' dir='ltr'><strong>imaginibus,</strong></span> <span class='ocrx_word' id='word_1_844' title='bbox 2311 5651 2348 5697; x_wconf 87' lang='grc' dir='ltr'>ι,</span> <span class='ocrx_word' id='word_1_845' title='bbox 2373 5640 2414 5704; x_wconf 87' lang='grc'>1,</span> <span class='ocrx_word' id='word_1_846' title='bbox 2447 5639 2520 5696; x_wconf 80' lang='lat' dir='ltr'><strong>Le</strong></span> <span class='ocrx_word' id='word_1_847' title='bbox 2537 5638 2780 5716; x_wconf 76' lang='lat' dir='ltr'><strong>Quienii,</strong></span> <span class='ocrx_word' id='word_1_848' title='bbox 2817 5652 2868 5706; x_wconf 89' lang='lat' dir='ltr'><strong>p.</strong></span> <span class='ocrx_word' id='word_1_849' title='bbox 2897 5636 3000 5716; x_wconf 77' lang='lat'><strong>58_0</strong></span> <span class='ocrx_word' id='word_1_850' title='bbox 3033 5636 3146 5716; x_wconf 69' lang='lat' dir='ltr'><strong>haec</strong></span> <span class='ocrx_word' id='word_1_851' title='bbox 3187 5634 3258 5686; x_wconf 87' lang='lat' dir='ltr'><strong>ita</strong></span> <span class='ocrx_word' id='word_1_852' title='bbox 3302 5633 3592 5716; x_wconf 72' lang='lat' dir='ltr'><strong>leguptur&#39;</strong></span> <span class='ocrx_word' id='word_1_853' title='bbox 3655 5630 3748 5698; x_wconf 71' lang='grc' dir='ltr'>τῆς</span> 
     </span>
    </p>
   </div>
   <div class='ocr_carea' id='block_1_115' title="bbox 488 5712 2495 5787">
    <p class='ocr_par' dir='ltr' id='par_1_115' title="bbox 488 5712 2495 5787">
     <span class='ocr_line' id='line_1_115' title="bbox 488 5712 2495 5787; baseline 0.007 -26"><span class='ocrx_word' id='word_1_854' title='bbox 488 5712 689 5771; x_wconf 80' lang='grc' dir='ltr'>πόλεως</span> <span class='ocrx_word' id='word_1_855' title='bbox 726 5712 830 5766; x_wconf 73' lang='grc' dir='ltr'>ἀπὸ</span> <span class='ocrx_word' id='word_1_856' title='bbox 866 5731 1009 5776; x_wconf 82' lang='grc' dir='ltr'>τινος</span> <span class='ocrx_word' id='word_1_857' title='bbox 1039 5735 1092 5768; x_wconf 87' lang='grc' dir='ltr'><strong>π.</strong></span> <span class='ocrx_word' id='word_1_858' title='bbox 1129 5717 1156 5767; x_wconf 80' lang='grc' dir='ltr'><strong>ὃ</strong></span> <span class='ocrx_word' id='word_1_859' title='bbox 1210 5717 1391 5785; x_wconf 76' lang='grc' dir='ltr'>βακχ.,</span> <span class='ocrx_word' id='word_1_860' title='bbox 1423 5718 1496 5781; x_wconf 84' lang='grc' dir='ltr'>ὡς</span> <span class='ocrx_word' id='word_1_861' title='bbox 1530 5718 1686 5786; x_wconf 77' lang='grc' dir='ltr'>δῆθεν</span> <span class='ocrx_word' id='word_1_862' title='bbox 1714 5712 2124 5787; x_wconf 66' lang='grc' dir='ltr'>ἀποδιῶξαι,’τῇ</span> <span class='ocrx_word' id='word_1_863' title='bbox 2161 5714 2327 5783; x_wconf 68' lang='grc' dir='ltr'>μανίᾳ</span> <span class='ocrx_word' id='word_1_864' title='bbox 2361 5730 2412 5764; x_wconf 75' lang='grc' dir='ltr'><strong>κ·</strong></span> <span class='ocrx_word' id='word_1_865' title='bbox 2446 5729 2495 5763; x_wconf 86' lang='grc' dir='ltr'><strong>τ·</strong></span> 
     </span>
    </p>
   </div>
   <div class='ocr_carea' id='block_1_116' title="bbox 2533 5700 3474 5780">
    <p class='ocr_par' dir='ltr' id='par_1_116' title="bbox 2533 5700 3474 5780">
     <span class='ocr_line' id='line_1_116' title="bbox 2533 5700 3474 5780; baseline -0.01 -17"><span class='ocrx_word' id='word_1_866' title='bbox 2533 5700 2586 5780; x_wconf 46' lang='lat' dir='ltr'><strong>IS:</strong></span> <span class='ocrx_word' id='word_1_867' title='bbox 2618 5700 2778 5780; x_wconf 63' lang='lat' dir='ltr'><strong>xms.</strong></span> <span class='ocrx_word' id='word_1_868' title='bbox 2819 5700 2913 5760; x_wconf 64' lang='grc' dir='ltr'>’στ.</span> <span class='ocrx_word' id='word_1_869' title='bbox 2946 5707 3207 5776; x_wconf 82' lang='grc' dir='ltr'>ἀνοήτως,</span> <span class='ocrx_word' id='word_1_870' title='bbox 3236 5721 3290 5757; x_wconf 84' lang='grc' dir='ltr'><strong>κ.</strong></span> <span class='ocrx_word' id='word_1_871' title='bbox 3321 5700 3370 5756; x_wconf 66' lang='grc' dir='ltr'><strong>τ.</strong></span> <span class='ocrx_word' id='word_1_872' title='bbox 3397 5700 3474 5766; x_wconf 80' lang='grc' dir='ltr'><strong>ἐξ.</strong></span> 
     </span>
    </p>
   </div>
  </div>
