3974 6212
315 409 318 414 -
360 379 502 443 tias

1575 380 1984 444 BELIGIOSA
2018 383 2402 447 HISTORIA.

3472 376 3603 442 1406

355 486 641 554 δηλώσας,
677 483 796 562 ,καὶ
841 484 940 556 τὴν
985 485 1180 557 δικαίῳ
1243 486 1557 557 πρέπουσαν
1623 490 1926 560 παρρησίαν

2035 490 2237 560 (justus
2267 493 2412 548 enim
2453 490 2680 548 confidit
2707 497 2764 546 ut
2793 487 2925 558 leo),
2958 487 3023 543 ad
3058 487 3324 542 miracula
3368 485 3597 557 gradum

362 575 594 648 (δίκαιος
625 576 734 647 γὰρ
757 576 830 640 ὡς
852 575 991 630 λέων
1018 576 1295 647 πέποιθεν)
1320 594 1331 608 ⁸
1356 578 1447 651 ἐπὶ
1466 580 1534 632 τά
1556 578 1809 650 θαύματα
1839 597 1934 650 με·

307 735 310 737 _
355 669 687 738 ταὸήσομαι.

429 757 564 826 Γυνή
594 774 680 820 τις
704 756 810 810 τῶν
833 757 1083 828 εὐπόρων
1100 752 1263 824 τινὸς,
1287 757 1620 829 ἀδδηφαγίας
1638 759 1930 830 περιέπεσε

357 845 518 900 πάθει
537 862 551 876 ·
579 847 673 900 καὶ
707 849 755 899 ot
787 846 886 913 μὲν
914 846 1180 919 ,δαίμονος
1221 847 1449 901 ἐκάλουν
1495 839 1556 901 τὸ
1583 849 1752 914 πάθος
1783 849 1932 919 ἐνέρ-

356 955 414 1006 γε
424 940 578 1003 ιαν,οί
596 938 652 990 δὲ
671 935 917 1008 σώματος
933 938 1241 1008 ἀρρωστίαν
1261 938 1526 1010 ἐνόμιζον.
1544 939 1736 994 meas
1750 940 1929 1006 τοῦτο,

309 1119 316 1122 ⁵
356 1028 487 1122 εἴτε
515 1030 690 1122 ἐκεῖνο
714 1024 783 1098 ἦν
804 1070 818 1094 ,
853 1029 1055 1082 τοιόνδε
1094 1025 1162 1100 ἦν
1185 1043 1198 1058 ⁸
1230 1030 1522 1101 τριάκοντα
1555 1031 1932 1102 αὐτὴν.ἐλεγον

353 1119 453 1189 τῆς
467 1121 679 1190 ἡμέρας
700 1121 875 1192 ὄρνεις
891 1119 983 1173 ὲσθ
993 1121 1196 1188 ίουσαν,
1214 1122 1287 1192 μὴ
1302 1122 1582 1178 σϐεννύναι
1601 1123 1699 1194 τὴν
1721 1123 1928 1192 ἔφεσιν,

352 1213 468 1266 ἀλλ’
496 1215 575 1268 ἔτι
626 1214 829 1284 ἑτέρων
859 1214 1168 1287 ὀρέγεσθαι.
1221 1215 1376 1269 Οὕτω
1427 1217 1604 1269 τοίνυν
1647 1217 1726 1279 εἰς
1757 1216 1930 1286 αὐτὴν

356 1308 452 1376 τῆς
494 1305 683 1370 οὐσίας
741 1305 1171 1378 δαπανωμένης,
1223 1309 1594 1379 οἰκτείραντες
1646 1310 1697 1362 οἱ
1755 1326 1925 1380 προσ-

353 1396 611 1465 ήκοντες,
639 1396 728 1462 τὸν
767 1395 907 1450 θεῖον
961 1397 1169 1451 ἐκεῖνον
1224 1399 1464 1454 ἱκέτευον
1515 1399 1825 1470 ἄνθρωπον.
1871 1400 1928 1453 ’0

357 1485 416 1580 δὲ
437 1485 662 1580 άφλίκετο
683 1485 903 1580 μὲν-καὶ
925 1485 1287 1580 προσηύξατο,
1321 1489 1416 1542 καὶ
1436 1487 1592 1580 ὓρατι
1615 1489 1713 1561 τὴν
1745 1488 1928 1554 δεξιάν

352 1575 580 1640 ἐπιθεὶς,
611 1576 706 1629 καὶ
753 1577 851 1647 τὴν
879 1578 1145 1647 σωτήριον
1176 1575 1491 1641 ὲντυπώσαξ
1519 1580 1810 1650 σφραγῖδα,
1832 1579 1928 1633 καὶ

355 1667 498 1718 πιεῖν
526 1665 811 1730 κελεύσας,
847 1665 909 1718 τὸ
943 1667 1114 1730 πάθος
1155 1667 1370 1722 ἰάσατο·
1407 1669 1501 1723 καὶ
1532 1668 1676 1722 οὕτω
1721 1668 1926 1739 σφόδρα

317 1831 320 1834 γ
352 1754 589 1824 ἤμϐλυνε
614 1757 711 1827 τὴν
728 1757 826 1826 τῆς
845 1757 1076 1827 ὀρέξεως
1103 1758 1393 1830 ἀμετρίαν,
1420 1759 1494 1822 ὡς
1512 1761 1594 1823 εἰς
1621 1759 1712 1812 τὸν
1735 1759 1926 1813 ἔπειτα

2034 581 2257 638 faciam.

2103 762 2256 819 Uxor
2287 761 2473 835 divitis
2499 759 2792 831 cujusdam
2823 755 3110 813 edacitatis
3141 754 3334 809 morbo
3383 753 3601 808 labora-

2033 854 2126 910 bat
2151 873 2164 910 :
2192 861 2247 910 et
2277 853 2526 908 morbum
2561 853 2708 917 hunc
2753 849 2979 920 quidam
3035 846 3303 901 dmmouis
3358 860 3600 915 operam,

2031 945 2124 1000 alii
2160 944 2414 1014 corporis
2447 942 2822 996 infirmitatem
2869 937 3304 992 arbitrabantur.
3340 935 3468 990 Sive
3499 935 3603 988 hoc

2028 1042 2236 1099 autem,
2287 1035 2404 1090 sive
2436 1033 2572 1089 illud
2609 1033 2734 1096 fuit,
2781 1029 3058 1100 ejusmodi
3091 1037 3234 1094 erat,
3266 1036 3326 1084 ιιι
3377 1028 3604 1098 triginta

2029 1127 2265 1197 singulis
2322 1125 2518 1180 diebus
2569 1124 2810 1195 gallinas
2865 1136 2992 1176 cum
3025 1120 3230 1181 ederet,
3283 1119 3602 1173 aviditatem

2029 1234 2138 1276 non
2162 1218 2429 1288 expleret,
2457 1217 2553 1274 sed
2586 1217 2728 1270 alias
2785 1229 2951 1284 porro
3001 1219 3302 1282 appeteret.
3345 1211 3481 1263 Cum
3521 1211 3603 1263 sic

2027 1327 2161 1380 opes
2189 1325 2322 1366 suas
2359 1315 2734 1371 consumeret,
2777 1304 2989 1362 miserti
3021 1304 3143 1372 ejus
3175 1301 3465 1373 propinqui
3517 1301 3604 1356 di-

2027 1403 2144 1458 vini
2196 1402 2347 1457 illius
2407 1400 2649 1456 hominis
2700 1412 2858 1468 opem
2920 1396 3242 1465 implorant.
3297 1391 3460 1448 Venit
3490 1392 3599 1457 iilc,

2029 1494 2312 1566 Deumque
2352 1499 2630 1563 precatus,
2668 1496 2726 1544 et
2776 1489 3059 1544 dexteram
3089 1501 3243 1556 aquae
3281 1486 3599 1554 imponens.

2029 1602 2092 1642 ac
2122 1587 2341 1656 signum
2372 1586 2556 1639 crucis
2600 1581 2888 1653 effingens,
2931 1581 3115 1634 bibere
3140 1579 3328 1648 jussit,
3373 1585 3428 1630 et
3460 1591 3604 1630 mor-

2027 1679 2158 1733 bum
2190 1677 2431 1740 sanavit,
2461 1685 2622 1746 an-ue
2659 1673 3078 1730 immoderatam
3114 1669 3481 1740 appetentiam
3525 1669 3600 1722 ita

2029 1770 2316 1840 repressit,
2349 1779 2408 1822 ut
2461 1768 2538 1821 illi
2585 1766 2849 1833 deinceps
2879 1763 2944 1818 ad
2981 1761 3190 1815 victum
3255 1760 3310 1814 in
3356 1757 3600 1827 singulos

352 1847 541 1916 χρόνον
564 1846 736 1918 βραχύ
757 1867 810 1902 τι
841 1849 1028 1919 μόριον
1057 1849 1268 1921 ὄρνιθος
1291 1849 1412 1903 καθ’
1447 1850 1685 1920 ἑκάστην
1706 1850 1923 1922 ἡμέραν

2028 1861 2146 1918 dies
2185 1861 2384 1931 exigua
2445 1859 2666 1929 gallime
2723 1853 2994 1925 particula
3051 1851 3345 1906 suﬁiceret.
3415 1848 3478 1900 Et
3511 1847 3601 1900 hic

351 1938 450 2008 τὴν
471 1937 570 2007 τῆς
592 1942 798 2011 τροφῆς
831 1941 964 2010 αὐτῇ
988 1942 1176 2011 χρείαν
1210 1942 1468 2012 πληροῦν.
1509 1941 1679 1995 Τοῦτο
1725 1942 1826 2012 μὲν
1865 1941 1926 1995 τὸ

354 2028 525 2092 πάθος
569 2030 823 2101 τοιαύτην
870 2033 1164 2103 θεραπείαν
1195 2033 1430 2098 ἐδέξατο.
1461 2034 1644 2107 Κόρης
1683 2033 1738 2086 δέ
1781 2049 1928 2097 τινος

351 2117 432 2173 ἔτι
459 2119 924 2194 θαλαμευομένης,
945 2123 1039 2177 καὶ
1065 2123 1301 2194 πονηροῦ
1329 2123 1582 2194 δαίμονος
1597 2121 1927 2186 ἐξαπιναίως

351 2208 650 2282 δεξαμένης
677 2211 976 2297 ἐνέργειαν,
995 2213 1230 2286 ἔδραμεν
1250 2215 1278 2267 ό
1306 2213 1489 2285 πατὴρ
1514 2213 1650 2284 πρὸς
1669 2211 1762 2266 τὸν
1784 2212 1926 2265 θεῖον

351 2300 655 2373 ἄνθρωπον,
683 2303 998 2358 ἀντιϐολῶν,
1020 2305 1116 2358 καὶ
1164 2303 1558 2374 ποτνιώμενος.
1600 2303 1696 2358 κοιλ⁹
1741 2305 1925 2372 τυχεῖν

355 2391 548 2457 ἰάσεως
575 2395 906 2466 παρακαλῶν
934 2395 996 2449 τό
1032 2395 1340 2468 θυγάτριον.
1371 2395 1432 2448 Ὀ
1465 2394 1523 2447 δὲ
1552 2393 1926 2466 προσευξάμε-

349 2500 438 2548 νος
470 2485 752 2540 ὲκέλευσεν
783 2487 1165 2558 ἀπαλλαγῆναι
1191 2486 1506 2558 παραυτίκα
1527 2486 1627 2557 τῆς
1647 2484 1814 2557 κόρης
1833 2485 1926 2540 τὸν

348 2574 599 2647 δαίμονα.
639 2579 698 2632 ὐ
729 2579 786 2632 δὲ
831 2579 1060 2648 ἔφασκε,
1093 2579 1168 2650 μὴ
1210 2578 1352 2632 ἑκὼν
1409 2576 1762 2642 ύπεισδύναι,
1789 2575 1927 2632 ἀλλὰ

351 2668 662 2739 μαγγανεία
697 2669 988 2739 βιασθῆναι
1019 2673 1342 2742 γοητευτικῇ
1370 2686 1382 2698 ’
1413 2669 1565 2736 ἔλεγε
1603 2668 1659 2721 δὲ
1703 2668 1797 2722 καὶ
1827 2667 1926 2738 τὴν

345 2758 438 2811 τοῦ
467 2757 796 2830 βιασαμένου
849 2761 1222 2834 προσηγορίαν
1245 2803 1258 2824 ,
1289 2763 1384 2815 καὶ
1431 2761 1611 2832 ἔρωτα
1647 2757 1788 2814 εἶναι
1827 2761 1927 2832 τὴν

345 2847 444 2918 τῆς
481 2851 736 2919 γοητείας
781 2851 979 2908 αἰτίαν,
1039 2851 1203 2904 Ἀλλὰ
1255 2850 1460 2905 τούτων
1509 2849 1784 2913 ἀκούσας,
1827 2849 1927 2903 οὐκ

346 2937 574 3009 ἤνεγκεν
625 2943 652 2993 ὁ
691 2941 871 3012 πατὴρ
899 2941 998 3012 τὴν
1055 2941 1150 2994 τοῦ
1213 2943 1386 3013 θυμοῦ
1433 2940 1774 3013 προσϐολὴν,
1807 2939 1927 2993 οὐδὲ

346 3029 446 3099 τὴν
471 3031 568 3098 τῆς
607 3032 795 3095 παιδὸς
842 3031 1142 3102 θεραπείαν
1172 3033 1457 3103 ἀνέμεινεν
1481 3051 1496 3065 ·
1525 3033 1661 3086 ἀλλὰ
1684 3032 1772 3084 τὸν
1817 3031 1925 3082 τῶν

319 3191 324 3196 _
351 3117 616 3187 μειζόνων
651 3121 927 3191 ἀρχόντων
957 3121 1283 3176 καταλαϐὼν
1311 3123 1567 3193 ἄρχοντα,
1607 3122 1713 3174 τῶν
1745 3121 1925 3175 πλειό-

347 3227 454 3264 νων
498 3212 665 3266 ἐθνῶν
709 3213 1170 3285 προστατεύοντα,
1197 3215 1468 3285 γράφεται
1503 3214 1591 3267 τὸν
1615 3213 1921 3284 ἄνθρωπον,

345 3303 441 3356 καὶ
483 3303 748 3375 διηγεῖται
791 3305 853 3358 τὸ
900 3306 1104 3378 δρᾶμα.
1147 3307 1205 3359 ’0
1253 3307 1308 3360 δὲ
1363 3304 1646 3375 ἀγώγιμος
1685 3285 1926 3374 γεγονὼς

303 3449 319 3456 ,
345 3397 584 3466 ἠρνεῖτο,
620 3399 714 3450 καὶ
765 3397 1128 3468 συκοφαντίαν
1165 3396 1420 3468 ὠνόμαζε
1462 3397 1560 3467 τὴν
1596 3397 1836 3467 γραφήν.
1864 3395 1926 3451 Ὀ

346 3486 403 3539 δὲ
435 3489 686 3560 μάρτυρα
715 3491 900 3545 ἐκάλει
931 3493 1029 3562 οὐχ
1061 3491 1268 3563 ἕτερον,
1312 3489 1446 3542 ἀλλὰ
1475 3489 1566 3543 τὸν
1603 3492 1670 3560 τῇ
1701 3487 1926 3560 γοητεία

348 3577 741 3650 διακονήσαντα
778 3582 1027 3652 δαίμονα,
1081 3582 1176 3636 καὶ
1233 3582 1323 3634 τὸν
1376 3581 1638 3652 δικαστὴν
1693 3580 1923 3644 ἱκέτευε,

351 3670 503 3739 παρὰ
526 3671 616 3722 τὸν
647 3670 789 3723 θεῖον
815 3673 1018 3725 ἐκεῖνον
1053 3672 1301 3742 δραμεῖν,
1336 3673 1431 3725 καὶ
1464 3671 1561 3743 τὴν
1595 3671 1687 3725 τοῦ
1737 3671 1926 3742 δαίμο-

349 3777 439 3823 νος
460 3761 716 3825 δέξασθαι
743 3763 1070 3834 μαρτυρίαν.
1091 3763 1197 3816 Τοῦ
1222 3763 1278 3816 δὲ
1308 3763 1575 3832 λέγοντος,
1591 3764 1690 3818 οὐκ
1705 3763 1924 3833 ἔννομον

323 3845 509 3942 εἶναι,
543 3853 664 3907 οὐδὲ
695 3854 801 3926 μὴν
827 3855 994 3919 ὅσιον,
1049 3855 1107 3908 ὲν
1145 3853 1428 3926 ἁσκητικῷ
1453 3839 1648 3933 ’χωρίῳ
1674 3854 1925 3923 γενέσθαι

344 3946 445 4016 τὴν
475 3945 727 4017 βάσανον,
763 3947 912 4013 ἄξειν
957 3948 1036 4013 είς
1084 3946 1146 4001 τὸ
1187 3929 1538 4020 δικαστήριον
1578 3947 1608 3999 ὁ
1630 3947 1729 4017 τῆς
1757 3946 1926 4016 κόρης

323 4037 531 4126 ,πατὴρ
551 4038 640 4091 τὸν
670 4029 812 4092 θεῇι
863 4039 1132 4110 ὑπέσχετο
1155 4038 1490 4094 Μακεδόνιον
1519 4051 1534 4066 ⁸
1570 4036 1664 4090 καὶ
1701 4035 1926 4106 δραμὼν

347 4127 532 4180 ἔπεισέ
550 4147 608 4181 τε
627 4130 722 4183 καὶ
749 4131 1229 4199 ἧγαγεν.Ἔξωθεν
1255 4131 1311 4182 δὲ
1336 4129 1440 4182 τοῦ
1451 4128 1673 4200 ἀρχείου
1701 4127 1927 4192 καθίσας

347 4219 376 4268 ὁ
399 4217 675 4288 δικαστὴς,
705 4219 826 4288 οὐχὶ
863 4219 1121 4288 δικαστὴς
1150 4219 1389 4286 ἐγένετο,
1420 4217 1558 4271 ἀλλὰ
1597 4217 1797 4287 θεατής
1816 4236 1828 4247 ·
1859 4217 1928 4271 τὰ

325 4306 612 4360 ’δικαστῶν
637 4307 746 4376 γὰρ
772 4307 800 4358 ό
830 4307 1000 4377 μέγας
1017 4305 1353 4370 Μακεδόνιος
1371 4307 1522 4377 ἕδρα,
1542 4310 1607 4380 τῇ
1636 4308 1924 4383 ὲνοικούσῃ

347 4397 572 4467 δυνάμει
608 4397 908 4468 χρώμενος,
943 4399 1038 4452 καὶ
1085 4397 1174 4469 τῷ
1212 4397 1426 4470 δαίμονι
1478 4399 1928 4471 παρακελευόμε-

2026 1953 2244 2022 quidem
2280 1949 2504 2004 morbus
2537 1949 2643 2002 hoc
2673 1945 2838 2000 modo
2867 1949 3100 1996 curatus
3125 1947 3229 1994 est.
3265 1937 3465 1992 Puella:
3499 1951 3602 1988 au-

2025 2051 2156 2110 tem,
2189 2057 2311 2112 quae
2350 2039 2575 2095 thalami
2611 2037 2916 2108 parietibus
2950 2033 3133 2087 adhuc
3190 2029 3599 2086 continebatur.

2026 2144 2082 2192 et
2112 2149 2142 2187 a
2181 2133 2324 2187 malo
2353 2124 2604 2186 daemone
2631 2135 2889 2197 correpta
2917 2122 3104 2180 subito
3155 2119 3355 2184 fuerat,
3401 2130 3600 2172 cucur—

2025 2226 2098 2281 rit
2125 2232 2280 2295 pater
2310 2223 2376 2278 ad
2410 2221 2685 2276 hominem
2718 2217 2990 2277 divinum,
3009 2227 3178 2268 orans
3206 2219 3261 2267 et
3289 2209 3597 2270 obtestans,

2025 2327 2081 2374 et
2113 2317 2404 2372 sanitatem
2461 2313 2588 2370 ﬁlia:
2633 2309 2788 2366 reddi
2852 2307 3062 2377 1211
3123 2303 3432 2376 postulans.
3459 2298 3600 2364 Qui‘

2025 2423 2150 2464 cum
2184 2405 2322 2462 fusis
2368 2404 2627 2476 precibus
2659 2401 2964 2457 daemonem
3021 2412 3051 2450 a
3083 2395 3262 2466 puella
3311 2391 3612 2462 confestim.

2026 2495 2324 2552 abscedere
2346 2493 2587 2564 juberet,
2615 2491 2707 2544 ille
2739 2504 2798 2544 se
2827 2502 2938 2542 non
2985 2498 3086 2540 sua
3118 2489 3314 2550 sponte
3363 2478 3601 2532 intrasse

2027 2588 2188 2654 dixit,
2215 2586 2310 2642 sed
2339 2582 2566 2652 magicis
2594 2578 2890 2652 praestigiis
2939 2581 3220 2636 coactum,
3271 2567 3596 2634 addiditque

2009 2688 2082 2742 et
2111 2693 2310 2734 nomen
2342 2675 2466 2746 ejus
2504 2673 2596 2744 qui
2625 2677 2901 2741 coegerat,
2934 2675 2990 2722 ct
3026 2662 3424 2737 praestigiarum
3469 2671 3602 2712 cau-

2027 2786 2144 2827 sam
2181 2782 2424 2822 amorem
2461 2765 2768 2820 exstitisse.
2800 2760 2920 2827 Quo
2947 2759 3157 2821 audito,
3201 2758 3294 2810 irae
3337 2756 3600 2822 impetum

2028 2876 2186 2933 pater
2219 2875 2332 2914 non
2370 2857 2520 2922 tulit,
2554 2871 2732 2925 neque
2769 2855 2891 2907 filiae
2925 2851 3264 2906 curationem
3309 2850 3603 2914 exspecta-

2025 2955 2103 3008 vit
2132 2977 2143 3009 :
2179 2953 2274 3009 sed
2304 2949 2574 3020 majorum
2610 2945 2906 3018 prasidum
2937 2942 3223 3014 praesidem
3275 2940 3486 3001 adiens,
3508 2935 3600 3006 qui

2027 3047 2214 3114 plures
2254 3042 2572 3114 provincias
2615 3037 2854 3108 regebat,
2921 3033 3196 3088 hominem
3256 3039 3500 3093 accusat,
3549 3033 3605 3080 et

2026 3135 2244 3191 facinus
2275 3134 2518 3202 exponit.
2558 3129 2658 3184 Hic
2689 3136 2872 3182 autem
2917 3125 2972 3178 in
3008 3123 3279 3192 judicium
3324 3118 3594 3172 adductus

2029 3225 2401 3296 inficiabat‘ur,
2438 3232 2492 3278 et
2523 3219 2932 3276 accusationem
2979 3214 3313 3269 calumniam
3362 3209 3603 3279 appella-

2027 3319 2143 3374 bat.
2181 3316 2277 3370 Ille
2306 3329 2436 3369 vero
2467 3321 2662 3368 testem
2690 3310 2853 3362 alimn
2885 3323 2992 3362 non
3039 3305 3262 3368 citabat,
3293 3316 3457 3372 quam
3494 3299 3604 3354 da:-

2029 3421 2242 3461 monem
2275 3406 2476 3474 ipsum,
2510 3401 2602 3471 qui
2637 3399 2892 3453 minister
2946 3397 3127 3450 fuerat
3181 3390 3599 3454 incantationis,

2023 3496 2375 3568 judicemque
2401 3493 2618 3552 orabat,
2655 3497 2712 3542 ut
2739 3489 2803 3541 ad
2841 3486 3087 3541 divinum
3130 3484 3306 3538 virum
3362 3481 3484 3542 iret,
3519 3489 3600 3532 te-

2027 3587 2453 3654 stimoniumque
2503 3582 2791 3650 reciperet.
2819 3575 2921 3641 Qui
2955 3590 3080 3629 cum
3109 3572 3192 3628 fas
3232 3587 3338 3624 non
3369 3583 3491 3623 csse
3519 3566 3605 3620 di~

2027 3687 2195 3742 ceret,
2229 3691 2332 3732 nec
2360 3677 2600 3746 justum,
2632 3683 2690 3726 ut
2726 3671 2780 3724 in
2812 3664 3148 3723 monasterio
3177 3661 3406 3732 quaestio
3435 3657 3603 3712 liabe-

2025 3777 2202 3834 retur,
2232 3765 2604 3820 adducturum
2655 3774 2716 3815 se
2778 3758 2830 3812 in
2888 3755 3161 3827 judicium
3215 3759 3370 3822 pater
3410 3748 3605 3819 puella?

2028 3857 2406 3914 Macedoniam
2453 3851 2680 3923 recepit,
2714 3860 2766 3906 et
2810 3860 3146 3908 accurrens,
3179 3842 3450 3913 persuasit
3503 3838 3600 3902 illi,

2027 3960 2080 4008 et
2135 3949 2392 4005 adduxit.
2434 3945 2643 4003 Sedens
2683 3951 2864 3998 autem
2909 3951 3061 3996 extra
3096 3936 3364 4008 judicium
3417 3933 3601 4004 judex,

2027 4056 2139 4096 non
2172 4039 2338 4108 judex
2373 4037 2468 4093 sed
2497 4041 2774 4106 spectator
2807 4031 2986 4086 factus
3017 4035 3123 4083 est.
3159 4023 3412 4079 Judicum
3458 4021 3603 4074 enim

2028 4137 2212 4202 partes
2229 4129 2424 4199 agebat
2454 4139 2686 4194 mag-nus
2721 4120 3100 4179 Macedonius,
3130 4108 3295 4170 inSita
3316 4111 3420 4166 sibi
3448 4117 3600 4163 utens

2028 4198 2322 4292 potestate,
2356 4214 2704 4282 daemonique
2729 4209 3073 4280 praecipiens,
3097 4212 3176 4265 ut,
3207 4205 3409 4272 rejecto
3441 4198 3606 4254 fami-

2029 4312 2151 4369 liari
2179 4311 2282 4366 sibi
2321 4305 2626 4366 mendacio,
2655 4310 2821 4358 totam
2854 4300 2933 4355 rei
2969 4295 3289 4366 tragmdiam
3322 4308 3448 4348 vera
3478 4305 3606 4346 nar-

2017 4400 2248 4461 ratione
2275 4393 2752 4470 exponeret.'l‘-um
2781 4392 2894 4456 ille,
2912 4403 3126 4446 summa
3153 4385 3480 4442 necessitate
3506 4382 3606 4436 ad-

349 4506 459 4556 νος,
484 4489 572 4586 τὸ-
585 4488 942 4592 μένξύνηθες
983 4486 1178 4558 ψεῦδος
1209 4490 1323 4560 egw,
1350 4488 1448 4542 σὺν
1471 4489 1700 4563 ἀληθείᾳ
1731 4490 1787 4544 δὲ
1820 4492 1926 4544 πᾶ-

2032 4503 2211 4560 actus,
2245 4501 2301 4548 et
2334 4492 2513 4544 virum
2546 4485 2810 4550 ostendit,
2859 4482 2953 4552 qui
3009 4479 3237 4550 magicis
3267 4475 3608 4532 carminibus

2069 4589 2078 4592 ‘
2297 4585 2309 4592 ·
2418 4589 2426 4592 -
2520 4587 2531 4592 -
2679 4578 2734 4592 ·“
2931 4590 2976 4592 πμ
3037 4587 3188 4592 ηαμ-
3236 4569 3383 4592 ..-ιιη
3416 4567 3608 4592 ....,,ιι,,,ι

352 4594 450 4630 σαν
482 4575 574 4630 τοῦ
613 4576 888 4648 δράματος
918 4577 1240 4648 ,διηγεῖσθαι
1279 4579 1379 4648 τὴν
1417 4579 1745 4651 τραγῳδίαν.
1788 4581 1845 4633 ’0
1868 4580 1924 4634 δὲ

2029 4589 2139 4642 vim
2174 4585 2456 4646 attulerat,
2486 4587 2539 4636 et
2571 4578 2852 4640 ancillam,
2883 4590 2980 4646 per
3029 4587 3191 4643 quam
3236 4569 3387 4642 potio
3416 4567 3608 4638 puclla:

351 4667 456 4722 ὑπὸ
478 4672 577 4738 τῆς
611 4670 875 4740 μεγίστης
895 4669 1140 4742 ἀνάγκης
1166 4671 1497 4740 ὠθούμενος.
1533 4673 1627 4724 καὶ
1654 4672 1744 4726 τὸν
1758 4673 1928 4744 ἄνδρα

351 4759 639 4812 ὑπεδείκνυ
688 4758 776 4812 τὸν
815 4760 932 4822 ταῖς
960 4763 1332 4828 γοητευτικαῖς
1354 4762 1520 4831 ᾠδαῖς
1567 4761 1919 4832 βιασάμενον,

350 4852 443 4906 καὶ
471 4851 568 4922 τὴν
602 4851 923 4920 παιδίσκην,
972 4852 1037 4904 δι’
1065 4846 1132 4922 ἦς
1168 4853 1196 4904 ό
1239 4852 1454 4905 κυκεὼν
1501 4853 1707 4916 ἐκεῖνος
1757 4871 1926 4924 προσ-

351 4943 553 5013 ηνέχθη
598 4945 662 5013 τῇ
699 4943 867 5012 κόρῃ·
905 4941 980 5004 ὡς
1011 4941 1067 4994 δὲ
1122 4943 1214 4996 καὶ
1244 4943 1406 5012 ἕτερα
1439 4944 1924 5014 λ.ἑγειν,ἠπείγετο,

352 5031 390 5084 ἂ
414 5032 506 5085 ὑπ’
530 5031 702 5086 ἄλλων
739 5031 900 5084 τινῶν
935 5031 1176 5102 βιασθεὶς
1210 5032 1489 5103 ὲδεδράκει
1516 5075 1530 5099 ,
1569 5033 1662 5088 τοῦ
1695 5035 1794 5105 μὲν
1829 5037 1926 5104 ἐμ-

355 5123 569 5192 πρήσας
593 5120 690 5192 τὴν
721 5122 919 5187 οἰκίαν,
959 5122 1052 5175 τοῦ
1081 5122 1139 5174 δὲ
1166 5122 1236 5176 τά
1264 5123 1434 5194 κτήνη
1460 5124 1796 5197 διαφθείρας,
1831 5124 1924 5178 τοῦ

352 5212 409 5264 δὲ
431 5213 557 5266 ἄλλο
579 5229 631 5265 τι
651 5212 1054 5284 λυμηνάμενος,
1091 5213 1248 5284 σιγὴν
1277 5215 1430 5282 ἄγειν
1459 5217 1746 5271 ἐκέλευσεν
1779 5219 1806 5272 ό
1831 5218 1931 5272 τοῦ.

353 5302 487 5356 Θεοῦ
521 5301 826 5374 ἄνθρωπος,
862 5305 957 5356 καὶ
997 5303 1315 5374 παραυτίκα
1346 5308 1535 5379 πόρρω
1566 5326 1668 5361 που
1696 5311 1791 5363 καὶ
1828 5309 1927 5378 τῆς

353 5393 519 5466 κόρης
544 5394 636 5448 καὶ
654 5393 748 5447 τοῦ
775 5393 966 5456 ἄστεος
1001 5395 1267 5464 γίνεσθαι.
1314 5395 1370 5449 '0
1403 5396 1484 5463 δὲ,
1509 5397 1584 5463 ὡς
1614 5399 1926 5472 Δεσποτικῷ

355 5483 674 5553 πειθόμενος
719 5483 890 5554 νόμῳ,
919 5485 982 5537 τὸ
1031 5485 1320 5538 κελευσθὲν
1372 5488 1582 5556 ἐποίει,
1620 5491 1714 5544 καὶ
1764 5492 1925 5555 εὐθὺς

355 5575 733 5644 ὲδραπὲτευεν.
761 5575 918 5630 Οὕτω
939 5575 993 5629 δὲ
1015 5576 1216 5645 ταύτην
1246 5566 1440 5642 ὀθεῖος
1478 5582 1680 5645 ἐκεῖνος
1710 5583 1923 5653 ἄνθρω-

355 5681 457 5729 πος
484 5669 581 5736 τῆς
618 5666 814 5737 μανίας
843 5666 1234 5737 ἐλευθερώσας,
1273 5668 1477 5723 καὶτὸν
1507 5672 1741 5730 δείλαιον
1784 5675 1915 5727 ἐκεῖ·

356 5773 445 5812 νον
492 5757 764 5830 ἐξήρπασε
807 5760 904 5830 τῆς
949 5759 1204 5830 γραφῆς,
1258 5759 1473 5814 καὶτοῦ
1521 5765 1770 5819 δικαστοῦ
1830 5769 1922 5820 7’2:

2028 4682 2154 4735 data
2211 4679 2407 4732 fuerat.
2445 4673 2694 4743 Cumque
2747 4671 2853 4725 alia
2901 4668 3067 4724 etiam
3126 4665 3313 4719 dicere
3365 4667 3604 4732 pararet,
3653 4681 3657 4684 -

2028 4787 2148 4842 qua:
2175 4769 2243 4824 ab
2295 4767 2418 4822 aliis
2476 4761 2807 4835 quibusdam
2865 4759 3136 4829 impulsus
3186 4761 3450 4828 pati-arat,
3481 4748 3609 4803 huic

2027 4865 2252 4918 domum
2319 4857 2657 4920 incendens,
2695 4855 2845 4909 illius
2909 4852 3158 4922 jmnenta
3232 4845 3606 4908 interimens,

2027 4957 2194 5011 alium
2226 4953 2336 5007 alio
2382 4951 2640 5022 quopiam
2689 4948 2890 5002 damno
2937 4943 3192 5004 alliciens,
3249 4940 3410 4995 silere
3455 4937 3608 4991 illum

2023 5047 2194 5118 jussit
2221 5045 2305 5098 vir
2371 5041 2500 5107 Dei,
2535 5039 2838 5110 proculque
2870 5052 2898 5090 a
2933 5035 3116 5106 puella
3171 5039 3227 5088 et
3281 5031 3350 5085 ab
3393 5026 3606 5097 1212

2030 5139 2169 5197 urbe
2208 5135 2394 5193 statim
2449 5133 2792 5188 abscedere:
2827 5136 2882 5183 et
2933 5126 3041 5190 ille,
3088 5132 3344 5192 tanquam
3395 5118 3606 5171 Domini

2028 5231 2129 5302 legi
2161 5229 2491 5296 obsequens,
2527 5223 2656 5279 fecit
2687 5223 2973 5290 imperata,
3027 5214 3277 5284 fugitque
3313 5206 3602 5278 evestigio.

2029 5319 2106 5376 Ita
2136 5321 2355 5376 divinus
2377 5319 2461 5373 vir
2514 5316 2663 5370 hanc
2717 5313 2963 5366 liberans
3011 5323 3042 5361 a
3093 5305 3296 5368 furore,
3343 5293 3604 5357 miserum

2027 5427 2245 5482 quoque
2273 5411 2427 5466 illum
2476 5404 2680 5476 eripuit
2711 5398 3080 5462 accusationi,
3122 5394 3510 5468 prohibuitque
3535 5400 3607 5471 ne

2023 5469 2192 5572 judcit
2227 5501 2427 5571 capitis
2476 5495 2806 5552 sententiam
2867 5491 3066 5552 ferret,
3100 5495 3348 5542 sanctum
3397 5469 3605 5555 negans

2027 5604 2170 5652 esse,
2193 5589 2319 5644 utis
2351 5586 2444 5658 qui
2485 5585 2660 5656 ipsius
2694 5596 2864 5652 opera
2898 5579 3199 5634 convictus
3229 5561 3604 5630 fueratmorte

2027 5681 2378 5750 plecteretur,
2403 5687 2458 5731 ct
2487 5689 2597 5728 non
2633 5671 2785 5728 salus
2807 5670 2855 5726 ei
2884 5669 3068 5738 potius
3105 5682 3200 5738 per
3224 5663 3620 5736 paenitentiam.

2027 5772 2343 5827 donaretur.
2385 5752 2529 5822 Satis
2568 5779 2696 5836 crgo
2731 5775 3008 5834 superque
3034 5767 3192 5814 erant
3230 5757 3354 5822 ista,
3383 5765 3443 5812 ut
3466 5768 3621 5809 conv»
