3974 6212
455 350 586 412 tun

1442 346 1939 413 THEODORE'IT
1976 346 2303 410 EPISCUPI
2339 344 2708 410 CYRENSIS

3575 353 3723 417 rma.

452 483 467 512 I
486 476 625 517 esse
648 463 724 515 illi
755 460 953 518 divina:
980 465 1172 535 gratia:
1199 465 1614 520 exuberantiam
1649 466 2018 529 ostenderent,

2132 461 2510 534 θανατηφόρον
2553 461 2790 516 ἐκώλυσε
2830 463 3031 533 ψῆφον,
3064 464 3162 533 οὐχ
3200 464 3345 516 ὅσιον
3374 457 3511 515 εἶναι
3538 466 3715 530 φήσας

450 568 553 623 ego
579 562 762 608 tamen
793 555 955 609 etiam
991 557 1098 611 alia
1143 557 1611 614 commemorabo.

2138 556 2253 618 τοῖς
2279 553 2346 607 δι’
2379 554 2544 608 αὑτοῦ
2573 554 2885 626 γενομένοις
2928 554 3168 625 ἐλέγχοις
3220 553 3536 623 ἐπιτεθῆναι
3580 569 3723 620 σφα-

451 644 573 717 γὴν,
605 645 742 699 ἀλλὰ
773 648 973 718 μᾶλλον
1009 650 1107 721 τήν
1132 652 1222 705 διὰ
1259 652 1547 722 μετανοίας
1578 653 1726 724 αὑτῷ
1749 652 2026 723 σωτηρίαν
2064 647 2462 721 χορηγηθῆναι.
2498 648 2738 720 Ἀπὸχρη
2782 649 2883 720 μέν
2908 644 3001 703 οὖν
3027 649 3121 701 καὶ⁵
3151 647 3322 701 ταῦτα
3372 648 3470 717 τῆς
3531 665 3725 718 παρα-

453 734 737 807 σχεθείσης
762 738 911 809 αὑτῷ
957 740 1106 806 θείας
1154 741 1436 812 δυνάμεως
1472 744 1641 808 δεῖξαι
1688 742 2027 814 περιουσίαν.
2083 739 2225 808 Ἐγὼ
2251 738 2308 791 δέ
2330 739 2478 810 ὅμως
2510 738 2603 793 καὶ
2627 739 2790 811 ἕτερα
2835 739 3186 811 διηγήσομαι.

519 829 731 889 Nobilis
783 834 1033 904 quaedam
1084 851 1148 890 ac
1187 837 1455 905 praedives
1502 838 1741 905 femina,
1773 838 2022 894 Astrium

451 923 691 986 nomine,
722 926 921 981 mentis
968 927 1145 995 impos
1176 925 1344 993 facta,
1374 929 1454 984 sic
1483 937 1541 982 ut
1584 943 1807 984 suorum
1847 929 2025 985 nemi-

452 1029 576 1069 nem
617 1025 962 1085 agnosceret.
1008 1018 1305 1088 cibumque
1348 1032 1412 1073 ac
1452 1029 1639 1088 potum
1690 1034 1908 1075 omnem
1948 1034 2027 1075 re-

451 1114 697 1174 spueret,
726 1105 892 1175 longo
917 1105 1029 1174 jam
1059 1114 1309 1177 tempore
1336 1108 1388 1161 in
1418 1108 1520 1162 hoc
1544 1108 1740 1162 delirio
1764 1124 2022 1178 perseve-

450 1194 608 1248 rabat
631 1212 645 1247 :
665 1196 809 1265 quod
834 1198 1053 1267 quidem
1085 1199 1175 1253 alii
1200 1198 1463 1255 dannonis
1490 1214 1667 1269 operae
1688 1200 2022 1265 tribuebant,

453 1283 652 1343 med-lci
704 1301 836 1342 vero
884 1289 1101 1344 cerebri
1138 1292 1391 1345 morbum
1442 1291 1806 1361 appellabant.
1844 1290 2026 1357 Quare

451 1376 598 1430 omni
634 1388 749 1433 arte
803 1384 1151 1449 conSumpta,
1178 1395 1303 1434 cum
1339 1383 1605 1436 auxilium
1659 1381 1789 1437 inde
1814 1383 2024 1437 nullum

449 1472 759 1534 exsisteret,
788 1471 870 1526 vir
897 1473 1021 1542 ejus
1046 1475 1382 1539 Avodianus,
1405 1475 1728 1544 magistratu
1759 1484 1815 1530 et
1842 1475 2025 1546 digni-

452 1569 564 1617 tate
608 1564 813 1627 clarus,
844 1566 910 1619 ad
952 1565 1201 1621 divinum
1242 1568 1375 1622 illud
1429 1575 1594 1637 caput
1645 1567 1947 1637 profectus,
1973 1576 2027 1623 et

450 1654 705 1727 conjugis
743 1657 1115 1713 calamitatem
1160 1658 1438 1727 exposuit,
1487 1666 1540 1711 et
1591 1656 1894 1712 remedium
1927 1672 2026 1711 ex-

2196 834 2317 887 Τῶν
2343 835 2684 906 εὐπατριδῶν
2715 853 2801 898 τις
2826 836 2984 907 γυνὴ,
3018 837 3111 890 καὶ
3144 835 3266 889 λίαν
3317 834 3729 905 εὐπορωτάτων

2124 925 2407 996 (Ἀστριον
2426 927 2535 980 ⁸⁸δέ
2550 927 2721 996 αὐτὴν
2736 928 3183 999 προσηγόρευον),
3196 925 3300 992 ἔξω
3323 926 3419 997 μέν
3443 926 3551 979 τῶν
3586 942 3730 996 φρε-

2122 1013 2229 1067 νῶν
2272 1014 2517 1084 ἐγεγόνει
2560 1056 2575 1080 ,
2606 1016 2941 1085 ἐπεγίνωσκε
2979 1016 3035 1070 δέ
3083 1016 3193 1069 τῶν
3249 1016 3462 1070 οἰκείων
3496 1016 3725 1077 οὐδένα.

2125 1104 2310 1158 σιτίων
2330 1105 2384 1158 δὲ
2418 1106 2451 1178 ἢ
2502 1092 2681 1160 ποτῶν
2717 1108 3046 1178 μεταλαϐεῖν
3084 1109 3187 1161 οὐκ
3212 1107 3502 1177 ἠνέσχετοο
3528 1123 3730 1177 παρα-

2124 1196 2361 1250 παίουσα
2390 1198 2448 1250 δέ
2501 1197 2849 1251 ἐπιπλεῖστον
2879 1199 3146 1254 διετέλεσε
3174 1199 3385 1269 χρόνον,
3436 1199 3530 1251 καὶ
3552 1197 3730 1253 τοῦτο

2124 1290 2174 1341 οἱ
2212 1289 2313 1360 μὶν
2343 1287 2493 1343 ἄλλοι
2519 1289 2775 1359 δαίμονος
2804 1290 3034 1344 ἐκάλουν
3066 1289 3428 1360 ἐνέργειαν,οί
3453 1288 3510 1341 δέ
3537 1287 3731 1358 ίατροὶ

2122 1379 2216 1435 τοῦ
2262 1380 2568 1450 ἐγκεφάλου
2603 1381 3009 1453 προσηγόρευον
3043 1381 3274 1451 νόσημα.
3315 1380 3505 1447 nam;
3533 1379 3729 1430 τοίνυν

2127 1472 2644 1543 δαπανηθείσηςσῆς
2669 1474 2890 1544 τέχνης,
2924 1476 3017 1528 καὶ
3051 1473 3323 1544 μηδεμιᾶς
3359 1471 3571 1524 ἐκεῖθεν
3600 1472 3732 1523 ἐτει-

2122 1563 2349 1633 κουρίας
2384 1564 2849 1635 προσγενομένης,
2868 1566 2896 1617 ὁ
2919 1566 3124 1633 ταύτης
3151 1563 3289 1634 ἀνὴρ
3334 1561 3664 1626 (Αὒοδιανὸς
3684 1562 3731 1592 ⁸⁸

2122 1653 2179 1707 δὲ
2199 1647 2355 1717 οὗτος
2384 1650 2501 1726 ἦν),
2533 1655 2673 1727 ἀνὴρ
2705 1656 2815 1709 τῶν
2844 1658 2901 1709 ἐν
2923 1656 3067 1709 τέλει
3108 1657 3202 1710 καὶ
3237 1655 3531 1726 ἀξιώματι,
3560 1654 3728 1724 παρὰ

452 1747 627 1815 petiit.
664 1748 848 1803 Cessit
882 1747 1044 1805 homo
1085 1749 1200 1812 Dei,
1247 1750 1478 1820 ejusque
1500 1749 1722 1804 domum
1759 1750 1929 1814 venit,
1968 1760 2018 1803 et

2126 1744 2225 1815 τὴν
2251 1745 2397 1799 θείαν
2438 1746 2651 1818 ἐκείνην
2695 1747 2919 1819 δραμὼν
2960 1749 3232 1819 κεφαλὴν,
3263 1750 3357 1802 καὶ
3386 1748 3487 1817 τῆς
3509 1747 3729 1817 ὁμοζύο

454 1839 619 1891 Deum
680 1853 875 1909 magna
930 1841 1286 1895 contentione
1340 1850 1594 1912 precatus
1639 1851 1742 1895 est.
1796 1840 2018 1895 Peracta

2128 1853 2226 1905 γου
2284 1836 2524 1908 διηγεῖτο
2560 1838 2621 1891 τὸ
2668 1838 2862 1903 πάθος,
2898 1841 2993 1893 κα)⁸
3030 1841 3216 1910 τυχεῖν
3266 1838 3367 1908 τῆς
3413 1836 3729 1908 θεραπείας

449 1928 718 1993 oratione,
750 1944 951 2000 aquam
1006 1929 1193 1985 all‘erri
1228 1946 1353 1986 cum
1411 1931 1695 1999 jussisset,
1725 1932 1885 2000 eique
1938 1944 2026 1985 sa-

451 2019 629 2073 lutare
688 2020 904 2090 signum
954 2020 1363 2089 impressisset,
1392 2021 1579 2101 hibero
1635 2021 1787 2075 illam
1835 2021 2022 2089 jussit.

450 2107 898 2165 acclamantibus
950 2110 1183 2166 medicis
1213 2153 1228 2178 ,
1266 2112 1424 2182 quasi
1484 2112 1687 2182 frigido
1738 2120 1868 2183 potu
1935 2112 2026 2167 hic

449 2201 676 2256 morbus
710 2211 1023 2273 augeretur,
1058 2205 1314 2268 maritus,
1354 2212 1463 2260 tota
1495 2206 1713 2260 illorum
1739 2206 1899 2261 turba
1929 2220 2024 2260 ex-

450 2292 627 2361 pulsa,
674 2294 834 2347 uxori
871 2296 1156 2364 potionem
1214 2296 1467 2366 przebuit,
1497 2304 1552 2353 et
1606 2297 1697 2352 illa
1736 2306 1796 2350 ut
1831 2294 2022 2360 ebibit,

447 2381 515 2437 ad
540 2398 599 2438 se
630 2398 756 2439 mox
788 2384 974 2452 rediit,
1016 2386 1229 2458 1213
1259 2389 1568 2459 mentisque
1594 2402 1821 2458 compos
1856 2385 2022 2452 facta,

444 2482 498 2526 et
529 2488 558 2527 a
586 2474 776 2530 morbo
805 2491 1034 2547 prorsus
1066 2478 1258 2541 libera.
1283 2488 1534 2535 sanctum
1573 2480 1749 2534 virum
1778 2479 2021 2549 agnovit,

445 2561 677 2634 ejusque
702 2564 952 2622 dextram
974 2568 1203 2638 supplex
1222 2571 1660 2640 apprehendens,
1693 2569 1871 2629 oculis
1906 2569 2022 2624 suis

444 2650 727 2723 imposuit,
748 2665 796 2712 et
824 2659 905 2712 ori
934 2657 1195 2724 admovit,
1216 2668 1268 2715 et
1298 2677 1434 2717 sana
1461 2671 1640 2718 mente
1660 2661 1714 2715 in
1737 2668 2019 2731 posterum

443 2748 616 2814 potita
644 2761 744 2804 est.

2128 1929 2391 1984 ἱκέτευεν.
2444 1924 2600 1994 Είξεν
2639 1931 2667 1983 ὁ
2703 1929 2990 1995 θεσπέσιος
3038 1930 3322 2003 ἄνθρωπος
3344 1970 3359 1995 ,
3389 1930 3486 1981 καὶ
3509 1928 3621 1998 τὴν
3646 1930 3728 1979 οξ-

2127 2021 2254 2074 κίαν
2310 2021 2601 2086 κατέλαϐε,
2633 2024 2728 2077 καὶ
2761 2023 3059 2077 σπουδαίαν
3084 2020 3162 2092 τῷ
3207 2020 3326 2090 Θεῷ
3364 2020 3463 2091 τὴν
3499 2018 3726 2071 ἱκεσίαν

2128 2112 2497 2183 προσήνεγκε.
2548 2113 2662 2184 Τὴν
2712 2112 2769 2166 δέ
2816 2113 3129 2185 προσευχὴν
3184 2111 3543 2183 συμπεράνας
3570 2151 3589 2175 ,
3629 2111 3728 2162 καὶ

2128 2202 2274 2275 ὕδωρ
2314 2203 2639 2275 κομισθῆναι
2680 2204 2963 2269 κελεύσας,
3020 2204 3118 2258 καί
3171 2204 3270 2275 τήν
3317 2204 3595 2273 σωτήριον
3642 2205 3729 2255 ἐνο

2121 2295 2382 2359 τυπώσας
2445 2297 2742 2369 σφραγῖδα,
2785 2299 2932 2350 πιεῖν
2981 2297 3118 2377 αὐτῇ
3168 2294 3559 2367 παρηγγύησε.
3596 2292 3726 2347 Τῶν

2120 2387 2178 2441 δέ
2235 2388 2437 2458 ίατρῶν
2497 2388 3078 2460 ἀπαγορευόντων,ὠς
3130 2391 3195 2458 τῇ
3245 2386 3601 2458 ψυχροποσίᾳ
3630 2385 3727 2437 a6-

2123 2477 2277 2550 ξησιν
2317 2479 2610 2550 δεχομένου
2664 2478 2759 2534 τοῦ
2812 2480 3038 2547 πάθους,
3101 2483 3283 2535 πᾶσαν
3340 2480 3571 2532 ἐκείνων
3628 2479 3726 2547 τὴν

2123 2569 2436 2641 συμμορίαν
2464 2571 2492 2622 ὁ
2524 2570 2663 2642 ἀνὴρ
2696 2573 3059 2643 ἀπωσάμενος
3082 2613 3095 2636 ,
3120 2573 3187 2643 τῇ
3215 2571 3436 2642 γυναικὶ
3469 2569 3531 2622 τὸ
3567 2569 3725 2638 πόμα

2127 2662 2484 2733 προσέφερεν.
2540 2663 2607 2716 Ἢ
2636 2662 2692 2717 δὲ
2740 2663 2891 2717 ἔπινέ
2935 2682 2994 2717 τε
3049 2665 3187 2735 ἅμα,
3239 2665 3334 2718 καὶ
3381 2665 3463 2725 είς
3514 2662 3724 2731 ἑαυτὴν

2126 2750 2353 2821 ἐπανῄει
2404 2752 2497 2804 καὶ
2545 2756 2825 2824 φρενήρης
2868 2755 3107 2823 ἐγίνετοο
3142 2757 3236 2809 καὶ
3270 2756 3505 2825 πάμπαν
3537 2752 3724 2806 ἀπα).-

442 2836 746 2913 λαττόμένη
770 2845 862 2899 τοῦ
896 2830 1230 2917 πάθους,τὸν
1259 2848 1400 2903 θετον
1433 2846 1802 2915 ἐπεγίνωσκεν
1827 2842 2017 2913 ἄνδρα,
2054 2843 2150 2895 καὶ
2193 2841 2293 2912 τὴν
2325 2842 2507 2906 δεξιάν
2544 2843 2731 2896 λαϐεῖν
2785 2845 2993 2899 ἱκέτευε
3014 2885 3029 2910 ,
3090 2847 3183 2899 καὶ
3242 2848 3357 2909 τοῖς
3405 2845 3723 2915 ὀφθαλμοῖς

442 2931 702 2999 ἐπετίθει,
757 2936 852 2989 καὶ
899 2939 977 3008 τῷ
1032 2942 1260 3012 στόματι
1296 2941 1637 3012 προσέφερεο
1668 2940 1761 2993 καὶ

446 3024 581 3095 μένη
591 3065 605 3078 .

1843 2936 1923 2999 εἱς
1967 2934 2059 2988 τὸν
2127 2934 2318 2987 ἔπειτα
2366 2933 2605 3005 διέμεινε
2671 2937 2864 3007 χρόνον
2917 2940 3105 3010 φρεσὶν
3161 2939 3498 3011 ἐρρωμέναις
3565 2957 3719 3010 χρω-

517 3119 652 3173 Cum
709 3130 889 3176 autem
924 3124 1087 3179 vitam
1139 3138 1321 3197 ageret
1346 3128 1401 3183 in
1436 3136 1640 3193 monte,
1681 3134 1868 3198 pastor
1898 3122 2018 3193 qni-

2209 3115 2400 3171 Ἤνίκα
2423 3118 2476 3171 δὲ
2510 3119 2623 3190 τῆν
2645 3120 2822 3190 ὄρειον
2868 3120 3145 3176 πολιτείαν
3175 3119 3466 3191 ἠσπάζετο,
3500 3126 3727 3194 ποιμήν

442 3208 591 3274 dam,
619 3212 864 3279 palantes
898 3231 1149 3286 quaerens
1172 3234 1323 3286 oves,
1360 3221 1425 3276 ad
1457 3221 1632 3277 locum
1665 3221 1930 3293 pervenit,
1963 3221 2020 3276 in

442 3317 554 3373 quo
587 3312 703 3358 erat
734 3307 821 3360 vir
869 3306 985 3363 Dei.
1016 3309 1270 3367 Obscura
1299 3330 1465 3385 porro
1514 3331 1620 3371 nox
1655 3324 1796 3381 erat,
1823 3323 1877 3371 et
1926 3314 2018 3370 nix

444 3394 613 3449 multa
665 3395 1070 3457 descenderat:
1102 3404 1371 3476 viditque,
1401 3416 1461 3462 ut
1489 3408 1780 3472 referebat,
1828 3422 2017 3479 pyram

442 3487 589 3542 circa
615 3488 791 3559 ipsum
828 3506 1141 3561 accensam,
1171 3507 1225 3553 et
1259 3497 1397 3554 duos
1439 3498 1561 3554 alba
1590 3509 1740 3555 veste
1772 3499 2015 3567 indutos,

441 3583 533 3652 qui
571 3584 854 3640 materiam
904 3586 1018 3658 igni
1074 3589 1579 3645 subministrarem.
1607 3591 1817 3661 Quippe
1848 3592 2017 3646 animi

443 3673 781 3730 alacritatem
802 3676 1057 3744 all‘erens,
1100 3679 1289 3734 divina
1319 3696 1423 3750 ope
1464 3681 1769 3737 fruebatur.
1804 3681 1909 3738 Sed
1963 3694 2020 3740 et

445 3764 747 3833 prOphetici
795 3783 1012 3839 quoque
1043 3770 1173 3825 doni
1209 3772 1489 3842 particeps
1527 3772 1650 3825 fuit.
1687 3772 1823 3826 Cum
1868 3774 2014 3829 enim

444 3854 511 3908 ad
532 3872 657 3910 eum
680 3858 919 3915 venisset
940 3861 1197 3932 magister
1220 3863 1477 3929 militum,
1502 3865 1769 3934 religione
1788 3866 2016 3923 illustris

444 3946 715 4020 (Lupicini
748 3950 893 4006 enim
941 3952 1201 4009 virtutem
1229 3955 1356 4025 quis
1387 3958 1652 4029 nesci”),
1688 3959 2017 4015 sollicitum-

440 4053 548 4107 que
599 4055 659 4095 se
694 4056 817 4097 esse
874 4042 1081 4099 diceret
1114 4045 1180 4101 de
1231 4046 1584 4118 quibusdam,
1618 4050 1711 4121 qui
1764 4051 1833 4105 ah
1880 4051 2017 4107 urbe

441 4133 589 4204 regia
614 4149 702 4191 res
730 4134 833 4190 sibi
875 4140 1219 4196 necessarias
1250 4140 1386 4195 mari
1433 4141 1819 4209 advehebant;
1851 4145 2016 4214 quin-

438 4225 699 4295 quaginta
729 4242 967 4300 namque
986 4230 1167 4287 aiebat
1199 4232 1418 4304 elapsos
1453 4234 1571 4290 dies
1604 4250 1749 4301 esse,
1791 4251 1915 4292 cum
1950 4252 2017 4292 ex

437 4324 598 4386 portu
626 4318 940 4387 solvissent,
964 4338 1065 4380 nec
1086 4323 1155 4379 de
1176 4325 1284 4381 illis
1308 4325 1374 4381 ad
1402 4341 1461 4381 se
1483 4324 1685 4381 famam
1709 4328 1875 4383 ullam
1894 4344 2018 4398 per-

365 4400 373 4407 ’
436 4408 671 4474 venisse,
700 4411 789 4467 ille
822 4411 959 4468 nihil
986 4422 1309 4471 cunctatus:
1333 4435 1352 4468 ι
1379 4415 1563 4483 Navis,
1593 4418 1792 4490 inquit,
1817 4420 2013 4486 amice,

2118 3229 2203 3276 τις
2237 3214 2522 3282 μαστεύων
2555 3215 2811 3286 άλώμενα
2829 3216 3097 3287 πρόϐατα,
3120 3218 3199 3281 είς
3221 3219 3390 3271 ἐκεῖνο
3415 3217 3471 3270 τὸ
3493 3221 3717 3289 χωρίον

2120 3304 2364 3373 ἀφίκετο,
2398 3305 2526 3360 ἔνθα
2558 3307 2586 3359 ὁ
2614 3308 2709 3362 τοῦ
2743 3307 2879 3361 Θεοῦ
2910 3309 3197 3380 ἄνθρωπος
3246 3305 3329 3381 ἦν.
3381 3307 3491 3372 Νὺξ
3524 3309 3590 3361 δέ
3630 3307 3713 3376 ἦν

2122 3394 2331 3465 βαθεῖα,
2388 3398 2482 3451 καὶ
2538 3398 2753 3467 νιφετὸς
2800 3400 2990 3471 κατῄει
3055 3401 3244 3466 πολὺς,
3287 3401 3376 3454 καὶ
3411 3395 3574 3460 εἶδεν,
3630 3402 3715 3466 ὡς

2120 3489 2311 3559 ἔφησε,
2345 3490 2527 3561 πυρὰν
2553 3491 2685 3562 περϊ
2712 3491 2876 3545 αὑτὸν
2918 3492 3257 3562 ἁπτομένην,
3299 3492 3392 3545 καὶ
3424 3491 3516 3545 δύο
3554 3494 3719 3557 τινάς

2119 3579 2631 3652 λευχειμονοῦντας,
2688 3581 2821 3654 ὕλην
2855 3583 2932 3654 τῷ
2973 3583 3109 3656 πυρὶ
3157 3584 3547 3655 χορηγοῦντας.
3602 3586 3721 3656 Τήν

2118 3672 2227 3744 γάρ
2256 3673 2563 3746 προθυμίαν
2592 3676 2884 3748 εἰσφέρων,
2917 3678 3015 3746 τῆς
3049 3677 3200 3740 θείας
3259 3679 3589 3749 ἐπικουρίας
3618 3682 3720 3733 άπο

2119 3763 2308 3834 ήλαυε.
2359 3766 2468 3819 Καὶ
2497 3767 2830 3839 προφητικοῦ
2882 3767 2939 3821 δέ
2992 3770 3306 3840 μετειλήφει
3350 3771 3718 3842 χαρίσματος.

2119 3855 2229 3909 Καί
2280 3872 2411 3909 ποτε
2446 3858 2583 3928 πρὸς
2621 3860 2786 3913 αὐτὸν
2815 3860 3147 3930 ἀφικόμενος
3179 3860 3501 3933 στρατηγὸς,
3561 3864 3719 3915 εὐσε-

2119 3947 2243 4019 ϐείᾳ
2273 3947 2723 4021 λαμπρυνόμενος
2759 3953 2866 4020 (τίς
2894 3952 2951 4005 δὲ
2987 3953 3175 4021 ἁγνοεῖ
3195 3954 3522 4008 Λουπικίνου
3558 3956 3606 3988 ⁸⁸
3624 3957 3721 4027 τήν

2118 4039 2341 4110 ἀρετήν)
2363 4084 2377 4107 ,
2414 4042 2718 4112 φροντίζειν
2742 4042 2917 4112 ἔλεγε,
2947 4044 3074 4113 περί
3107 4062 3266 4099 τινων
3288 4046 3394 4099 ἀπὸ
3418 4046 3523 4115 τῆς
3562 4047 3721 4117 βασι·

2117 4130 2380 4203 λευούσης
2420 4133 2626 4198 πόλεως
2666 4135 2754 4188 διὰ
2794 4136 2890 4206 τῆς
2924 4136 3198 4207 θαλάσσης
3228 4138 3374 4208 αὑτῷ
3402 4139 3471 4192 τά
3508 4141 3717 4211 ἐπιτή-

2117 4220 2232 4276 δεια
2289 4223 2643 4294 κομιζόντων.
2690 4227 3037 4299 Πεντήκοντα
3086 4228 3195 4299 γάρ
3234 4228 3432 4296 ἔφασκε
3462 4230 3724 4302 διεληλυ-

2118 4311 2267 4367 θέναι
2314 4315 2550 4386 ἡμέρας,
2596 4317 2655 4382 ἐξ
2692 4311 2753 4371 οὗ
2794 4317 2888 4372 τοῦ
2936 4319 3153 4390 λιμένος
3190 4321 3528 4391 ἀνήχθησαν,
3568 4326 3720 4378 οὐδε·

2121 4405 2249 4476 μίαν
2294 4406 2352 4462 δὲ
2403 4409 2531 4479 περὶ
2576 4409 2757 4462 αὐτῶν
2808 4408 3064 4474 δέξασθαι
3100 4412 3312 4483 φήμην.
3366 4413 3420 4468 Ὀ
3449 4414 3508 4468 δέ
3546 4417 3721 4488 μηδὲν

437 4515 547 4554 una
582 4502 769 4573 periit,
798 4506 968 4561 altera
1003 4506 1269 4564 Seleuciae
1307 4516 1526 4579 portum
1570 4473 1693 4567 cras
1721 4511 2008 4568 intrabit.»

2124 4473 2439 4571 μελλήσας,
2477 4473 2593 4555 in
2629 4501 2711 4568 ἓν,
2743 4473 3131 4574 amonem.
3160 4473 3205 4559 ὦ
3238 4473 3407 4576 φίλος,
3433 4473 3718 4563 mm.-

438 4588 502 4643 Et
533 4589 646 4646 haec
675 4593 899 4663 quidem
927 4595 1116 4653 divino
1144 4598 1240 4652 illo
1260 4613 1325 4654 ex
1349 4614 1444 4655 ore
1477 4599 1709 4667 audivit,
1726 4601 2016 4658 verborum

435 4692 618 4742 autem
646 4687 929 4744 veritatem
956 4690 1294 4761 experientia
1345 4692 1659 4763 perdidicit.

505 4949 706 5008 Verum
758 4961 837 5020 ut,
867 4954 991 5011 aliis
1025 4955 1275 5023 omissis,
1305 4972 1370 5013 ea
1395 4973 1610 5016 narrem
1642 4977 1763 5034 qua:
1794 4964 1867 5020 ad
1897 4980 2012 5022 me-

435 5046 613 5117 ipsum
672 5058 944 5121 spectant,
980 5051 1239 5108 tredecim
1276 5068 1453 5110 annos
1510 5071 1633 5110 cum
1688 5065 1845 5128 patre
1888 5074 2011 5115 meo

433 5148 607 5195 mater
639 5156 761 5195 cum
797 5143 1349 5208 habitasset,liberos
1372 5147 1612 5203 nondum
1648 5160 1965 5222 susceperat
1993 5169 2011 5208 :

429 5233 639 5290 sterilis
696 5234 842 5290 enim
897 5244 1034 5303 erat,
1067 5247 1119 5293 et
1175 5254 1244 5293 ne
1305 5238 1546 5296 fructum
1589 5241 1757 5299 ferret
1810 5253 2010 5300 natura

430 5326 777 5393 prohibebat.
809 5327 942 5396 Quae
973 5346 1060 5386 res
1091 5330 1266 5401 ipsam
1298 5332 1517 5402 quidem
1543 5335 1688 5392 male
1714 5336 2009 5393 admodum

431 5429 540 5469 non
573 5417 802 5494 habebat
832 5437 845 5485 ;
882 5421 935 5475 in
985 5421 1189 5479 divinis
1228 5425 1375 5480 enim
1417 5425 1632 5481 erudita
1671 5426 1725 5482 id
1754 5427 2011 5498 expedite

429 5509 727 5565 credebat:
761 5522 967 5582 patrem
1003 5528 1129 5570 vero
1191 5531 1370 5573 meum
1410 5519 1621 5575 orbitas
1658 5519 2006 5578 vehementer

2122 4589 2185 4643 τὸ
2216 4591 2402 4664 ἕτερον
2437 4592 2494 4646 δὲ
2542 4597 2609 4666 τῇ
2660 4596 2924 4668 ὗστεραίᾳ
2962 4597 3054 4651 τὸν
3100 4598 3420 4661 Σελευκείας
3466 4602 3720 4671 καταλή-

2120 4679 2571 4753 ψεταιλιμένα.»
2627 4687 2739 4740 Καὶ
2797 4686 2959 4741 τοῦτο
2998 4689 3198 4758 ήκουσε
3248 4689 3348 4759 μὲν
3393 4688 3494 4758 τῆς
3564 4691 3718 4755 Θείας

2120 4772 2335 4846 ἐκείνης
2360 4777 2841 4851 ἐπιφθεγξαμένης
2862 4779 3132 4851 γλώττης,
3167 4780 3339 4852 ἔμαθε
3364 4781 3419 4835 δὲ
3443 4784 3510 4853 τῇ
3550 4787 3719 4856 πείρᾳ

2117 4864 2219 4937 τὴν
2250 4866 2357 4921 τῶν
2383 4867 2556 4938 λόγων
2580 4870 2858 4940 ἀλήθειαν.

2192 4957 2309 5012 Ἵνα
2334 4959 2390 5013 δὲ
2428 4959 2497 5013 τὰ
2530 4960 2665 5014 ἄλλα
2709 4963 3013 5030 καταλίπω,
3056 4964 3118 5018 τὸ
3157 4964 3279 5019 καθ’
3324 4966 3469 5036 ἡμᾶς
3509 4967 3718 5030 uinci»;

2115 5048 2466 5124 διηγήσομαι.
2516 5051 2886 5124 Τριακαίδεκα
2919 5055 3015 5126 ἔτη
3076 5058 3447 5129 συνοικήσασα
3474 5057 3564 5128 τῷ
3599 5059 3719 5132 ἐμῷ

2118 5141 2287 5210 πατρὶ
2319 5142 2352 5212 ή
2382 5144 2567 5215 μήτηρ
2591 5144 2798 5200 παίδων
2828 5147 2929 5201 οὐκ
2957 5148 3175 5216 ἐγένετο
3207 5150 3421 5220 μήτηρ’
3471 5154 3718 5223 στεριφὴ

2117 5234 2226 5303 γὰρ
2260 5229 2349 5306 ἦν,
2379 5235 2565 5307 φέρειν
2590 5237 2802 5309 καρπὸν
2826 5240 2931 5292 ὑπὸ
2979 5242 3076 5310 τῆς
3112 5242 3329 5310 φύσεως
3362 5242 3675 5317 εἰργομένη
3698 5262 3712 5274 ·

2119 5324 2214 5377 καὶ
2240 5324 2397 5379 τοῦτο
2422 5328 2520 5398 τὴν
2547 5328 2647 5399 μὲν
2680 5330 2739 5383 οὐ
2778 5330 2897 5385 λίαν
2922 5331 3074 5400 ἠνία·
3113 5334 3183 5386 τά
3211 5334 3319 5404 γὰρ
3348 5334 3466 5386 θεῖα
3506 5353 3715 5389 πεπαιο

2116 5417 2356 5493 δευμένη
2384 5420 2542 5475 τοῦτο
2586 5424 2863 5496 συμφέρον
2908 5426 3229 5479 ἐπίστευεν·
3281 5428 3468 5480 ἐλύπει
3512 5429 3577 5482 δὲ
3620 5430 3714 5481 τὸν

2114 5509 2325 5580 πατέρα
2374 5509 2555 5582 λίανή
2600 5513 2848 5579 ἀπαιδία,
2897 5517 2990 5568 καὶ
3053 5517 3285 5569 πάντοσε
3340 5518 3709 5588 περινοστῶν,

1728 5635 1808 5692 VA
1820 5636 1955 5693 Ill/IS
1995 5639 2396 5699 LECTIONES.

509 5761 557 5795 "
601 5763 884 5836 Ἀσσύριον
915 5774 1123 5828 ιίιίιιιιτ
1166 5777 1218 5830 in
1250 5777 1466 5834 Hcrvcti
1505 5781 1646 5835 libro
1673 5782 1863 5839 fuisse.
1944 5786 1981 5817 "'
2026 5776 2390 5861 ’Ᾱϐροδιανὸς.
2426 5788 2641 5849 llerveti
2676 5792 2828 5850 liber.
2910 5796 2952 5827 ”
2986 5793 3369 5849 Λονπικιάνου.
3399 5789 3623 5855 llervct,
