3974 6212
377 322 524 395 1409

1608 314 2010 375 RELIGlOSA.
2051 314 2436 375 HISTORIA.

3496 296 3638 375 71410
3673 376 3683 380 _

388 433 620 496 ικέτευε,
674 428 798 492 τοὺς
847 427 1023 491 θείους
1077 425 1414 497 θεράποντας
1466 422 1687 493 αἰτῆταί
1726 426 1774 476 οἱ
1814 422 1963 495 παρὰ

2070 423 2326 492 angebat,
2356 432 2410 478 et
2432 434 2874 493 quoquoversum
2898 418 3161 473 oberrans
3185 415 3276 472 Dei
3304 431 3493 472 servos
3515 433 3638 472 orno.

384 523 484 579 τοῦ
511 521 645 576 Θεοῦ
674 520 886 583 παῖδας.
922 520 985 573 Ol
1017 517 1115 589 μὲν
1146 514 1238 571 οὖν
1268 516 1414 571 ἄλλοι
1442 517 1537 568 καὶ
1567 514 1963 585 προσεύχεσθαι

382 595 766 683 ὑπισχνοῦντο,
808 594 902 663 καὶ
947 610 1196 679 στέργειν
1240 607 1399 661 αὑτὸν
1438 606 1500 659 τὸ
1543 606 1682 659 θεῖον
1716 605 1964 677 βούλημα

391 702 749 776 παρηγγύων.
796 702 856 753 '0
880 700 934 753 δὲ
954 700 1093 765 θεῖος
1121 692 1276 762 οὗτος
1309 697 1615 770 ἄνθρωπος,
1666 697 1965 770 διαρρήδην

389 794 603 863 αῐτησιν
633 790 1013 861 ἐπηγγείλετο,
1064 790 1157 843 καὶ
1213 788 1328 842 υἱὸν
1373 789 1469 842 ἕνα
1517 790 1669 860 παρὰ
1716 789 1812 843 τοῦ
1856 789 1964 843 τῶν

389 884 528 938 ὅλων
560 881 905 953 Δημιουργοῦ
942 880 1209 951 λήψεσθαι
1228 881 1563 951 ὑπισχνεῖτο.
1587 880 1766 952 Τριῶν
1787 880 1965 935 τοίνυν

389 975 706 1029 διελθόντων
754 973 1039 1039 ἐνιαυτῶν,
1086 975 1180 1027 καὶ
1227 973 1325 1044 τῆς
1367 973 1697 1041 ἐπαγγελίας
1729 972 1789 1026 τδ
1815 974 1966 1037 τέλος

382 1070 451 1122 οὑ
475 1068 796 1140 δεξαμένης,
831 1066 992 1121 πάλιν
1024 1066 1243 1136 ἔτρεχεν
1263 1068 1299 1121 6
1328 1065 1510 1138 πατὴρ
1542 1066 1641 1137 τὴν
1674 1065 1965 1138 ὑπόσχεσιν

388 1160 661 1215 ἀπαιτῶν.
720 1160 778 1213 ’0
825 1159 882 1213 δὲ
929 1158 1249 1228 πεμφθῆναι
1296 1157 1444 1227 αύτῷ
1493 1157 1824 1228 προσέταττε
1865 1155 1966 1229 τὴν

387 1253 656 1323 ὁμόζυγον
677 1269 691 1285 ·
724 1252 1058 1322 ἀφικομένης
1080 1250 1138 1303 δὲ
1166 1251 1263 1320 τῆς
1296 1248 1523 1320 μητρὸς,
1552 1248 1737 1317 ἔλεγεν
1762 1249 1791 1301 6
1823 1248 1967 1311 θεῖος

384 1346 553 1416 ¹ἀνὴρ,
584 1344 658 1407 ὡς
687 1343 780 1397 uel.
812 1345 1043 1413 αἰτήσει,
1092 1340 1187 1394 κα)⁸
1226 1339 1455 1412 λήψεται
1489 1340 1550 1394 τὸ
1595 1338 1825 1404 παιδίον,
1873 1328 1967 1392 καὶ

390 1435 467 1498 ῶς
498 1435 765 1507 προσήκει
794 1434 954 1487 τοῦτο
982 1434 1059 1505 τῷ
1086 1434 1340 1487 δεδωκότι
1369 1432 1731 1502 ἁντιδοθῆναι.
1773 1432 1883 1501 Τῆς
1908 1430 1965 1484 δὲ

394 1526 601 1597 μητρὸς
635 1526 907 1597 σωτηρίαν
938 1526 1116 1597 ψυχῆς
1153 1526 1318 1596 μόνην
1351 1524 1737 1595 ἀντιϐολούσης
1756 1524 1961 1589 λαϐεῖν,

390 1620 488 1672 καὶ
510 1619 611 1686 τὴν
638 1618 738 1688 τῆς
761 1620 982 1689 γεέννης
1015 1618 1361 1688 ἀπαλλαγήν
1396 1635 1413 1666 ι
1441 1617 1585 1689 Πρὸς
1616 1616 1811 1687 τούτῳ,
1831 1615 1961 1687 ἔφη.

382 1710 489 1763 καὶ
510 1710 601 1762 τὸν
630 1708 741 1762 υίδν
780 1711 809 1762 6
849 1708 1229 1780 μεγαλόδωρος
1255 1707 1436 1763 δώσει.
1456 1710 1583 1773 Τοῖς
1602 1708 1711 1779 γὰρ
1740 1709 1965 1780 εἰλικρι-

2065 514 2178 579 bnt,
2208 512 2421 584 1214
2455 521 2514 566 ιιι
2547 513 2652 567 sibi
2685 511 2886 565 liberos
2917 524 2946 561 a
2979 507 3090 564 Deo
3134 508 3498 578 postularent.
3529 512 3635 565 Alii

2063 618 2216 674 ergo,
2251 613 2305 657 et
2333 613 2588 658 oraturos
2610 618 2669 656 se
2692 602 3098 671 prmuittelaut,
3128 608 3179 654 et
3205 610 3256 654 ut
3285 602 3339 655 in
3372 600 3465 654 Dei
3500 610 3637 657 nutu

2065 696 2441 764 acquirat-cret
2496 695 2874 750 hortabantur.
2908 694 2976 745 At
3010 693 3089 745 vir
3119 691 3358 755 divinus,
3396 704 3448 747 et
3497 694 3634 763 peti-

2064 788 2199 841 tioni
2246 786 2458 856 liquido
2510 785 2725 848 annuit,
2754 796 2805 839 et
2837 784 3004 838 tilium
3050 800 3217 837 unum
3251 784 3320 837 ab
3354 786 3637 841 universo-

2065 896 2189 934 rum
2226 881 2465 934 Auctore
2510 885 2866 947 accepturum
2914 876 3188 948 pollicitus
3220 884 3321 931 est.
3369 875 3495 931 Post
3526 888 3637 931 tres

2057 987 2238 1027 annos
2264 1012 2279 1036 ,
2310 986 2433 1024 cum
2469 970 2676 1025 exitum
2728 969 3025 1037 promissio
3074 968 3272 1023 sortita
3324 983 3431 1023 non
3467 976 3633 1033 esset,

2065 1061 2227 1118 rediit
2278 1062 2476 1116 iterum
2523 1067 2678 1130 pater
2708 1058 2981 1128 promissa
3030 1073 3346 1127 reposcens.
3386 1059 3479 1114 ille
3510 1075 3637 1115 vero

2065 1155 2203 1209 mitti
2235 1154 2302 1208 ad
2336 1168 2395 1209 se
2449 1152 2738 1221 conjugem
2772 1151 2965 1219 jussit.
3010 1150 3074 1204 Et
3111 1165 3236 1204 eum
3267 1150 3488 1207 adesset
3521 1170 3637 1206 ma-

2066 1254 2168 1313 ter,
2198 1244 2338 1300 dixit
2366 1245 2414 1299 ei
2454 1245 2537 1299 vir
2584 1246 2829 1308 divinus,
2864 1252 2917 1298 et
2947 1242 3242 1313 petiturum
3300 1259 3379 1307 se,
3401 1252 3454 1297 et
3488 1246 3637 1300 illam

2067 1336 2235 1391 lilium
2266 1350 2617 1407 accepturam
2654 1352 2667 1388 :
2697 1337 2791 1392 sed
2844 1336 2987 1389 hunc
3014 1335 3265 1389 donatori
3297 1334 3446 1390 reddi
3475 1351 3637 1406 opor-

2066 1436 2199 1485 tere.
2223 1430 2470 1499 Cumque
2501 1445 2662 1483 unam
2696 1428 2801 1485 sibi
2837 1428 3032 1482 anima?
3072 1428 3327 1491 salutem,
3352 1428 3638 1497 gehennae—

2064 1539 2171 1593 que
2201 1523 2579 1578 liberationem
2623 1522 2675 1575 in
2700 1521 2845 1576 votis
2870 1536 2992 1575 esse
3029 1528 3204 1574 mater
3231 1520 3590 1588 responderet
3618 1536 3633 1575 :

2068 1635 2092 1669 ι
2123 1616 2369 1684 Insuper,
2395 1616 2591 1686 inquit,
2613 1621 2667 1669 et
2690 1614 2856 1667 lilium
2881 1612 3033 1666 dabit
3050 1612 3341 1668 muniﬁcus
3363 1612 3633 1683 Largitur.

2069 1707 2139 1761 lis
2164 1706 2308 1760 enim
2328 1706 2421 1775 qui
2449 1706 2663 1759 sincere
2686 1712 2878 1773 petunt
2913 1704 2968 1755 in
2999 1703 3225 1774 duplum
3256 1713 3444 1774 erogat
3470 1704 3635 1758 bene-

391 1799 497 1862 νῶς
524 1797 733 1852 αἰτοῦσι
767 1769 959 1862 διπλᾶς
984 1797 1092 1884 τὰς.
1111 1769 1356 1868 αἰτήσεις
1391 1769 1699 1869 χαρίζεταιί
1722 1816 1741 1849 ι
1765 1769 1962 1851 Ἐπαν-

2068 1801 2209 1855 licia.
2232 1820 2251 1852 ι
2273 1801 2509 1855 Βονετειι
2536 1800 2663 1854 hinc
2682 1807 2874 1862 mater,
2892 1796 3284 1868 promissionis
3302 1797 3637 1852 benedictio-

388 1887 525 1957 ἧκεν
557 1886 764 1940 ἐκεῖθεν
794 1888 828 1958 ή
863 1888 1066 1959 μήτηρ,
1095 1888 1194 1958 τὴν
1220 1887 1319 1956 τῆς
1352 1887 1679 1955 ἐπαγγελίας
1715 1887 1963 1955 εὐλογίαν

392 1978 690 2050 κομίζουσα
716 1995 727 2007 ο
762 1980 855 2032 καὶ
871 1979 947 2050 τῷ
968 1979 1214 2049 τετάρτῳ
1234 1979 1334 2049 τῆς
1368 1978 1711 2049 ὑποσχέσεως
1733 1978 1963 2048 ἐνιαυτῷ

393 2068 535 2131 κύει,
589 2068 682 2122 καὶ
729 2068 825 2139 τὴν
874 2069 1115 2141 γαστέρα
1173 2054 1519 2140 φορτίζετσα,
1571 2068 1833 2139 καὶπρὸς
1873 2070 1964 2123 τὸν

393 2158 533 2213 θεῖον
557 2159 840 2231 ἄνθρωπον
870 2159 1249 2230 παραγίνεται,
1278 2160 1386 2213 τῶν
1407 2160 1504 2231 τῆς
1524 2160 1775 2228 εὐλογίας
1799 2178 1964 2234 σπερ-

398 2252 581 2323 μάτων
630 2250 994 2305 ὑποδεικνῦσα
1028 2250 1097 2304 τὰ
1116 2251 1437 2323 δράγματα.
1491 2250 1582 2320 Τῷ
1629 2251 1686 2305 δὲ
1729 2251 1964 2321 πέμπτῳ

396 2346 527 2415 μηνὶ
556 2345 654 2415 τῆς
696 2345 945 2415 κυήσεως
991 2342 1327 2415 ἀμϐλώσεως
1360 2344 1649 2412 ἐπεγένετο
1696 2344 1962 2408 κίνδυνος.

339 2457 345 2465 ·
405 2435 470 2489 Ἠ
502 2436 557 2490 δὲ
586 2436 747 2489 πάλιν
779 2435 914 2507 πρὸς
974 2434 1065 2488 τὸν
1114 2434 1232 2488 νέον
1282 2435 1452 2504 αὐτῆς
1509 2434 1814 2487 Ἐλισσαῖον
1856 2437 1964 2488 ἀπ-

392 2527 598 2580 έστειλε
627 2528 872 2598 (δραμεῖν
900 2525 1010 2597 γὰρ
1034 2525 1200 2597 αὐτὴν
1222 2524 1283 2577 τὸ
1308 2525 1474 2587 πάθος
1495 2524 1743 2594 ἐκώλυε),
1774 2525 1865 2578 καὶ
1888 2524 1964 2588 ὡς

392 2619 493 2670 οὐκ
528 2615 777 2669 ἐϐούλετο
804 2615 1010 2668 παίδων
1041 2610 1294 2682 γενέσθαι
1324 2613 1509 2683 μήτηρ
1540 2613 1835 2683 ἀνέμνησε,
1868 2612 1963 2664 καὶ

392 2706 494 2769 τὰς
528 2705 691 2761 αὑτοῦ
725 2705 1049 2775 ὑποσχέσεις
1080 2705 1160 2766 είς
1212 2704 1375 2775 μέσον
1422 2705 1767 2773 παρήγαγεν.
1812 2702 1870 2756 '0
1906 2702 1963 2755 δὲ

393 2798 677 2873 πόρρωθεν
719 2799 809 2853 τὸν
852 2798 1182 2868 ἀφικόμενον
1232 2796 1568 2869 θεασάμενος
1622 2797 1838 2866 ἐπέγνω
1881 2814 1961 2860 τε,

394 2891 489 2944 καὶ
516 2893 614 2962 τὴν
637 2890 817 2944 αἰτίαν
846 2889 1110 2961 ἐγνώρισε
1137 2906 1152 2921 ο
1187 2890 1399 2963 νύκτωρ
1437 2891 1545 2961 γὰρ
1584 2889 1732 2960 αύτῷ
1771 2889 1865 2943 καὶ
1904 2889 1965 2941 τὸ

396 2981 587 3045 πάθος,
643 2981 738 3035 καὶ
787 2983 887 3051 τὴν
938 2981 1212 3052 σωτηρίαν
1258 2982 1286 3033 6
1342 2981 1616 3051 Δεσπότης
1671 2981 1959 3050 δεδήλωκε.

2067 1905 2188 1944 nent
2211 1888 2477 1954 referens,
2503 1897 2701 1959 quarto
2732 1899 2857 1959 post
2892 1903 3080 1942 mense
3106 1903 3272 1958 quam
3309 1889 3637 1957 promiserat

2064 1981 2333 2049 concipit,
2352 1988 2406 2034 et
2426 1988 2639 2035 uterum
2667 1980 2827 2049 gerit,
2845 1979 3098 2048 reditque
3118 1979 3184 2034 ad
3207 1980 3384 2034 virum
3405 1978 3518 2041 Dei,
3537 1979 3632 2033 be-

2065 2071 2393 2127 nedictionis
2423 2072 2688 2127 seminum
2726 2071 3038 2140 manipulos
3081 2071 3399 2125 ostendens.
3431 2068 3637 2135 Quinto

2065 2172 2241 2218 autem
2267 2170 2387 2232 post
2412 2161 2825 2230 conceptionem
2851 2175 3044 2215 mense
3068 2160 3122 2214 in
3149 2160 3446 2215 discrimen
3470 2160 3639 2214 abor-

2059 2256 2229 2311 tionis
2259 2256 2429 2319 venit,
2457 2263 2510 2310 et
2532 2255 2728 2309 iterum
2749 2253 2918 2316 misit,
2951 2252 3080 2323 quia
3100 2254 3179 2308 ire
3205 2253 3379 2323 ipsam
3411 2252 3636 2307 morbus

2064 2347 2390 2413 vetabat,ad
2433 2362 2633 2401 novum
2674 2361 2834 2400 suum
2863 2344 3142 2407 Elisaeum,
3188 2345 3540 2415 suggeritque
3578 2359 3638 2399 se

2066 2445 2296 2491 matrem
2333 2436 2446 2491 ﬁeri
2467 2452 2575 2490 non
2602 2444 2845 2504 optasse,
2888 2434 3159 2505 simulque
3181 2437 3332 2491 abeo
3363 2437 3636 2506 promissa

2066 2536 2287 2581 revocat
2309 2528 2362 2581 in
2382 2527 2722 2581 memoriam;
2744 2526 2838 2579 Ille
2859 2540 2989 2580 vero
3013 2526 3321 2579 venientem
3353 2526 3539 2596 procul
3563 2526 3639 2578 in-

2063 2618 2264 2680 tuitus,
2284 2618 2501 2673 etillum
2526 2617 2764 2687 agnovit,
2781 2623 2835 2671 et
2853 2631 3076 2671 causam
3095 2617 3440 2687 signiﬁcavit.
3457 2613 3634 2670 Noctu

2065 2710 2212 2764 enim
2250 2709 2609 2769 Ilominnsilli
2633 2716 2688 2763 et
2726 2708 2977 2763 morbum
3000 2716 3055 2763 et
3072 2709 3304 2764 salutem
3346 2706 3633 2761 indicarat.

2066 2801 2363 2869 Assumpto
2401 2798 2569 2870 igitur
2605 2797 2800 2853 baculo
2848 2798 3071 2852 innixus
3122 2797 3279 2863 abiit,
3305 2797 3639 2867 domumque

2068 2892 2350 2962 ingressus
2379 2933 2393 2958 ,
2421 2898 2475 2946 et
2504 2892 2679 2961 pacis,
2725 2898 2783 2944 ut
2817 2890 3064 2953 solebat,
3095 2889 3429 2944 salutatione
3460 2889 3585 2943 data
3620 2907 3635 2942 :

2074 3004 2094 3037 ι
2128 2985 2299 3046 Bono.
2344 2983 2644 3053 inquit,sis
2679 2983 2883 3047 animo,
2918 2997 3017 3035 nec
3046 2981 3263 3037 timeas.
3282 2978 3467 3051 Neque
3489 2982 3637 3036 enim

395 3071 590 3127 Λαϐὼν
605 3073 786 3126 τοίνυν
806 3072 905 3143 τὴν
924 3071 1244 3142 βακτηρίαν,
1259 3073 1485 3141 ἀφίκετο
1509 3072 1962 3144 σκηριπτόμενος,

2069 3074 2274 3130 donum
2306 3072 2520 3129 auferet
2555 3072 2767 3143 1215
2803 3076 2897 3141 qui
2928 3072 3100 3134 dedit,
3129 3071 3236 3126 nisi
3287 3079 3344 3125 tn
3378 3071 3509 3125 inita
3544 3086 3640 3142 pa-

396 3166 492 3218 καὶ
516 3164 612 3235 τῆς
638 3165 813 3227 οἰκίας
838 3163 972 3217 εἴσω
1003 3165 1313 3234 γενόμενος,
1358 3165 1453 3218 καὶ
1489 3164 1588 3235 τῆς
1617 3165 1858 3234 είρήνης,
1887 3164 1963 3225 ὼς

395 3252 596 3312 εἰώθει.
622 3253 707 3305 ’τὸ
756 3253 1054 3323 πρόσρημα
1083 3252 1361 3317 δεδωκὼς,
1399 3239 1660 3323 «Θάρσει,
1701 3253 1825 3322 ἔφη,
1873 3253 1964 3306 καὶ

399 3341 473 3411 μὴ
507 3340 721 3414 δείσῃς⁶
755 3341 817 3394 ού
843 3341 950 3412 γὰρ
964 3341 1329 3411 ἀφαιρήσεται
1358 3341 1418 3394 τὸ
1445 3341 1616 3413 δῶρον
1647 3344 1674 3395 6
1694 3340 1961 3406 δεδωκὼς,

395 3436 443 3487 εί
493 3434 566 3505 μὴ
612 3434 676 3487 σὺ
728 3434 826 3498 τὰς
878 3434 1251 3505 γεγενημένας
1293 3434 1609 3507 παραϐαίης
1663 3434 1960 3507 συνθήκας.

408 3525 674 3596 ’Υπέσχου
700 3526 757 3579 δὲ
783 3525 1095 3581 ἀντιδώσειν
1125 3526 1185 3579 τὸ
1219 3526 1600 3598 δοθησόμενον,
1637 3527 1733 3580 καὶ
1758 3528 1837 3590 είς
1867 3526 1967 3599 τὴν

399 3614 547 3667 θείαν
597 3615 727 3670 αὐτὸ
778 3617 1073 3689 θεραπείαν
1125 3617 1495 3673 καθοσιώσειν.
1532 3647 1597 3658 —-
1634 3618 1837 3686 Οὕτως,
1861 3620 1963 3691 ἔφη

398 3706 432 3774 ή
466 3706 667 3777 μήτηρ,
697 3708 788 3760 καὶ
814 3708 925 3776 ἐγὼ
954 3711 1132 3762 τεκεῖν
1160 3710 1420 3781 βούλομαί
1462 3729 1521 3766 τε
1573 3714 1668 3767 καὶ
1709 3712 1961 3785 εὔχομαι.

398 3797 508 3868 Τῆς
554 3797 663 3870 γὰρ
701 3798 916 3862 ἀλλοίας
968 3799 1061 3853 τοῦ
1110 3803 1322 3856 παιδίου
1373 3806 1580 3875 τροφῆς
1608 3806 1966 3878 αἱρετώτερον

397 3892 636 3964 ήγοῦμαι
686 3893 775 3948 τὸν
823 3895 1106 3949 ἀτέλεστον
1152 3897 1328 3951 τόκον.
1363 3926 1431 3939 ν·
1459 3898 1556 3952 Ilia
1617 3899 1815 3966 τοίνυν,
1861 3900 1964 3973 ἔφη

394 3987 425 4039 6
460 3984 601 4051 θεῖος
624 3986 928 4059 ἄνθρωπος,
960 3988 1077 4042 τόδε
1104 3988 1163 4042 τὸ
1202 3987 1366 4062 ὕδωρ,
1400 3990 1492 4044 καὶ
1520 3991 1621 4062 τῆς
1659 3990 1807 4055 θείας
1848 3993 1967 4052 ἐπι-

398 4078 622 4145 κουρίας
655 4079 908 4152 αίσθήσῃ.
940 4099 959 4132 ι
999 4081 1159 4135 Ἔπιε
1194 4081 1483 4150 τοιγαροῦν
1531 4083 1606 4145 ὡς
1646 4083 1965 4153 προσέταξε,

398 4166 493 4219 καὶ
512 4168 541 4219 6
560 4168 658 4237 τῆς
684 4169 1015 4237 ἀμϐλώσεως
1044 4170 1406 4239 ὲδραπέτευσε
1425 4171 1684 4233 κίνδυνος.
1721 4171 1969 4225 Τοσαῦτα

399 4255 494 4307 τοῦ
520 4257 790 4329 ἡμετέρου
828 4258 1132 4312 Ἐλισσαίου
1156 4260 1225 4312 τὰ
1249 4260 1519 4333 θαύματα.
1547 4261 1660 4332 Τῆς
1694 4262 1881 4316 τούτου
1910 4263 1968 4316 δὲ

397 4346 650 4414 εὐλογίας
682 4348 943 4412 πολλάκις
983 4348 1094 4417 ἐγὼ
1131 4351 1225 4403 καὶ
1261 4350 1604 4418 διδασκαλίας
1655 4354 1962 4425 ἀπήλαυσα.

2068 3176 2157 3220 cta
2188 3164 2432 3220 violaris.
2467 3163 2771 3218 l’romisisti
2811 3178 3005 3233 nempe
3047 3162 3379 3216 reddituram
3417 3169 3470 3215 te
3491 3161 3637 3231 quod

2067 3258 2319 3325 dabitur,
2371 3258 2666 3327 divinoque
2723 3255 2989 3325 obsequio
3045 3263 3515 3310 consecraturam.
3569 3277 3637 3294 ι-

2070 3351 2161 3407 Sic
2213 3359 2266 3407 et
2316 3366 2440 3422 ego.
2485 3351 2562 3403 ait
2613 3357 2809 3409 mater,
2860 3362 3050 3415 parere
3101 3347 3244 3412 volo,
3274 3356 3327 3400 et
3350 3357 3499 3416 opto.
3537 3343 3640 3399 Po-

2068 3445 2261 3499 tiorem
2319 3443 2464 3497 enim
2518 3440 2827 3496 abortivum
2878 3446 3091 3508 partum
3150 3437 3424 3500 duxerim,
3472 3451 3638 3506 quiam

2067 3537 2298 3590 alienam
2357 3533 2451 3587 lilii
2501 3532 2900 3586 educationem.
2940 3527 3169 3583 —-Bibe
3221 3528 3409 3599 igitur,
3460 3527 3641 3597 inquit

2069 3628 2153 3681 vir
2172 3626 2413 3689 divinus,
2449 3624 2589 3678 lianc
2624 3637 2845 3693 aquam,
2873 3628 2928 3676 et
2961 3620 3163 3676 senties
3197 3618 3447 3673 divinum
3485 3617 3642 3671 ausi-

2068 3721 2224 3775 lium.
2265 3737 2283 3768 ι
2316 3717 2461 3772 Bibit
2495 3718 2589 3771 illa
2624 3716 2964 3785 utjusserat,
2990 3721 3045 3769 et
3075 3714 3305 3767 abortus
3332 3711 3640 3782 periculum

2068 3811 2356 3868 abscessit.
2406 3808 2583 3863 Tanta
2654 3808 2833 3861 Elisaei
2897 3805 3071 3861 nostri
3138 3804 3290 3860 fuere
3353 3803 3637 3858 miracula.

2070 3904 2247 3975 Hujus
2286 3918 2389 3973 ego
2422 3899 2830 3956 benedictionis
2861 3905 2915 3954 et
2935 3897 3204 3953 doctrinae.
3228 3912 3372 3966 sape
3402 3894 3640 3950 fructum

2068 3997 2209 4067 cepi.
2240 3996 2394 4063 Saepe
2442 3994 2589 4047 enim
2644 4007 2731 4047 me
2773 3990 3073 4045 adhortans
3113 3990 3353 4054 dicebat,
3392 4008 3409 4040 ι
3456 3988 3641 4045 Multis

2069 4104 2192 4144 cum
2226 4086 2531 4147 laboribus,
2554 4090 2569 4106 ‘
2602 4085 2700 4147 ﬁli.
2725 4092 2888 4138 natus
2917 4098 2979 4136 es
3020 4100 3035 4136 :
3066 4083 3267 4136 multas
3305 4089 3359 4134 et
3387 4081 3506 4150 ipse
3535 4094 3641 4136 no-

2068 4188 2205 4241 ctes,
2259 4175 2389 4230 duxi
2427 4175 2530 4229 hoc
2557 4189 2725 4227 unum
2786 4186 3023 4242 poscens
3054 4187 3082 4222 a
3115 4171 3227 4223 Deo
3250 4208 3264 4232 ,
3296 4181 3352 4222 ut
3386 4179 3642 4239 parentes

2070 4271 2147 4325 tui
2180 4270 2282 4323 hoc
2306 4271 2521 4331 tierent,
2545 4264 2690 4335 quod
2721 4271 2775 4318 te
2799 4273 2927 4319 nato
2957 4262 3211 4330 appellati
3248 4259 3642 4332 sunt.Dignam

2073 4360 2241 4430 igitur
2284 4357 2571 4412 laboribus
2611 4355 2777 4409 vitam
2812 4368 2931 4423 age.
2965 4354 3105 4408 Ante
3147 4365 3360 4423 partum
3404 4353 3641 4423 promis-

398 4438 690 4504 Σῖαραινῶν
719 4439 827 4510 γάρ
853 4455 943 4510 μοι
977 4439 1236 4504 πολλάκις
1272 4441 1459 4509 ἔλεγεν
1504 4463 1522 4495 ι
1546 4445 1700 4499 Μετά
1733 4444 1962 4511 πολλῶν,

2072 4449 2325 4505 sionibus
2363 4451 2723 4503 consecratus
2763 4461 2823 4501 es
2862 4463 2875 4498 :
2909 4442 3021 4498 Deo
3067 4453 3247 4498 autem
3282 4458 3406 4515 quas
3461 4444 3641 4498 oblata

398 4524 444 4587 ὦ
487 4530 719 4595 παιδίον,
795 4531 1120 4602 γεγέννησαι
1175 4532 1351 4587 πόνων
1377 4550 1391 4564 θ
1440 4535 1641 4600 πολλὰς
1695 4538 1968 4591 διετέλεσα

399 4622 600 4687 νύκτας
656 4621 814 4676 τοῦτο
859 4623 1018 4693 μόνον
1067 4623 1160 4677 τὸν
1207 4623 1340 4678 Θεὸν
1368 4625 1644 4692 ἱκετεύων,
1691 4627 1831 4682 ὥστε
1874 4646 1968 4683 σου

398 4714 525 4778 τοὺς
579 4714 769 4783 γονέας
816 4713 974 4769 τοῦτο
1023 4716 1294 4784 γενέσθαι,
1341 4718 1369 4770 6
1403 4717 1541 4788 μετὰ
1576 4718 1674 4789 τὴν
1716 4720 1970 4792 γέννησιν

400 4806 818 4878 ὠνομάσθησαν.
870 4805 1060 4871 Ἀξίως
1088 4808 1264 4862 τοίνυν
1300 4808 1581 4863 πολιτεύου
1620 4811 1726 4864 τῶν
1770 4812 1967 4865 πόνων.

406 4898 514 4968 Πρὸ
545 4898 749 4952 ὠδίνων
789 4898 1051 4969 ἀνετέθης
1094 4903 1215 4963 ταῖς
1255 4900 1617 4972 ὑποσχέσεσι·
1666 4902 1735 4956 τὰ
1772 4903 1828 4956 δὲ
1877 4901 1971 4957 τοῦ

403 4989 537 5044 Θεοῦ
560 4990 874 5061 ἀναθέματα
908 4991 1182 5062 σεϐάσμια
1208 4992 1377 5045 πᾶσίν
1403 4994 1571 5057 ἐστιν,
1602 4994 1696 5047 καὶ
1722 4994 1973 5064 ἇψαυστα

404 5083 514 5143 τοῖς
536 5081 768 5146 πολλοῖς.
804 5083 1079 5154 Προσήκει
1106 5083 1282 5137 τοίνυν
1330 5084 1424 5138 καὶ
1454 5086 1534 5147 σὲ,
1564 5084 1632 5139 τὰ
1667 5086 1764 5155 μὲν
1795 5085 1974 5153 φαῦλα

403 5169 504 5238 τῆς
534 5171 709 5241 ψυχῆς
753 5173 1029 5242 κινήματα
1083 5171 1159 5243 μή
1208 5172 1632 5243 προσδέχεσθαι’
1686 5174 1869 5226 ἐκεῖνα
1916 5173 1974 5227 δὲ

409 5261 544 5329 μόνα
570 5262 663 5313 καὶ
688 5261 820 5332 δρᾷν
854 5262 949 5315 καὶ
970 5262 1148 5331 λέγειν
1180 5263 1274 5315 καὶ
1298 5262 1667 5333 ἐνθυμεῖσθαι,
1698 5263 1734 5317 ὃ.
1761 5263 1853 5315 τὸν
1876 5263 1975 5333 τῆς

405 5353 609 5425 ἀρετῆς
654 5353 950 5423 νομοθέτην
1001 5352 1293 5426 θεραπεύει
1340 5354 1492 5408 Θεόν.
1520 5373 1539 5407 ι
1603 5354 1840 5408 Τοιαῦτά
1882 5371 1976 5424 μοι

408 5441 687 5514 παραινῶν
718 5441 806 5495 ἀεὶ
829 5442 1129 5497 διετέλεσεν
1155 5444 1183 5497 6
1208 5442 1302 5497 τοῦ
1326 5443 1460 5496 Θεοῦ
1486 5443 1792 5514 ἄνθρωπος.
1834 5440 1976 5510 Ἐγὼ

404 5533 461 5587 δὲ
488 5534 581 5587 καὶ
602 5532 712 5586 τῶν
738 5533 913 5602 λόγων
936 5535 1247 5605 μέμνημαι,
1272 5538 1364 5591 καὶ
1382 5539 1483 5608 τὴν
1496 5536 1645 5591 θείαν
1658 5536 1976 5606 δεδίδαγμαι

402 5627 633 5698 δωρεάν.
691 5629 917 5700 Ἔργοις
967 5628 1024 5682 δὲ
1086 5629 1159 5699 μὴ
1210 5628 1421 5694 δεικνὺς
1473 5630 1574 5705 τὴν
1633 5629 1975 5700 παραίνεσιν,

401 5719 630 5772 lutatio)
662 5720 763 5790 τῆς
813 5720 963 5782 θείας
1008 5721 1180 5791 ῥοπῆς
1238 5721 1324 5774 διὰ
1380 5722 1477 5793 τῆς
1525 5723 1732 5775 ἐκείνου
1790 5724 1971 5792 τυχεῖν

2070 4549 2229 4606 sunt,
2259 4538 2570 4594 veneranda
2630 4542 2760 4591 sunt
2816 4534 3095 4600 omnibus,
3128 4549 3231 4587 nec
3259 4549 3289 4588 a
3321 4533 3482 4605 vulgo
3512 4547 3645 4589 con-

2071 4632 2379 4687 trectanda.
2416 4628 2600 4696 Quare
2638 4638 2858 4699 oportet
2909 4636 2961 4681 te
3008 4640 3206 4697 pravos
3238 4626 3409 4680 animi
3464 4634 3644 4680 motus

2070 4737 2181 4778 non
2207 4722 2499 4777 admittere
2528 4740 2541 4776 :
2571 4721 2665 4776 sed
2697 4722 2788 4781 illa
2819 4729 3027 4773 tantum
3059 4726 3112 4773 et
3142 4717 3344 4783 facere,
3385 4725 3437 4772 et
3468 4717 3642 4786 loqui,

2071 4823 2126 4869 et
2159 4814 2422 4884 cogitare,
2458 4828 2579 4882 quas
2608 4812 2829 4866 virtutis
2861 4808 3157 4880 legis-latori
3206 4807 3315 4862 Deo
3344 4809 3580 4876 placent.
3621 4824 3640 4857 ι

2072 4903 2229 4959 Talia
2263 4904 2395 4959 mihi
2428 4917 2724 4974 suggerere
2748 4902 2830 4955 vir
2855 4900 2946 4954 Dei
2970 4914 3079 4954 non
3102 4896 3488 4966 cessabat.Ego
3516 4910 3648 4951 vero

2073 5006 2128 5052 et
2159 4998 2452 5051 verborum
2502 4994 2748 5059 memini,
2783 5002 2838 5047 et
2884 4991 3131 5047 divinum
3160 4991 3363 5044 donum
3420 4988 3648 5045 edoctus

2076 5103 2218 5143 sum.
2249 5088 2357 5143 Sed
2391 5089 2520 5157 quia
2557 5088 2785 5141 monitis
2813 5087 2932 5154 ejus
2963 5086 3103 5138 facta
3158 5100 3264 5137 non
3296 5082 3647 5151 respondent.

2076 5192 2174 5232 oro
2205 5186 2264 5232 nt
2296 5176 2542 5231 divinam
2589 5191 2745 5246 opem
2792 5176 2917 5245 ejus
2955 5176 3213 5245 precibus
3246 5186 3574 5243 consequar,
3596 5180 3651 5226 et

2076 5268 2223 5340 quod
2267 5268 2537 5339 reliquum
2564 5276 2651 5323 est
2686 5268 2814 5321 vitae
2849 5267 3005 5335 juxta
3032 5267 3209 5336 ipsius
3235 5273 3505 5335 praacepta
3539 5279 3652 5333 per-

2078 5376 2255 5432 agam.
2290 5359 2482 5426 Qualis
2532 5375 2665 5428 ergo
2709 5359 2757 5413 is
2814 5359 2998 5423 fuerit,
3031 5368 3084 5412 et
3113 5358 3317 5428 quibus
3372 5357 3653 5412 laboribus

2081 5451 2314 5520 gratiam
2350 5450 2591 5504 divinam
2645 5449 2956 5511 attraxerit,
2990 5450 3127 5504 satis
3157 5448 3354 5504 docere
3388 5449 3490 5507 ista
3526 5463 3653 5519 pos-

2081 5551 2229 5597 sunt.
2271 5541 2378 5597 Sed
2420 5550 2472 5597 et
2503 5542 2730 5611 dignum
2789 5541 3072 5597 laboribus
3110 5542 3369 5596 honorem
3400 5541 3565 5597 etiam
3600 5542 3655 5594 in

2081 5631 2189 5686 hoc
2232 5631 2437 5699 saeculo
2476 5647 2626 5687 mors
2671 5624 2794 5699 ejus
2831 5639 3127 5687 consecuta
3149 5640 3252 5688 est.
3275 5630 3480 5688 Omnes
3512 5631 3656 5687 enim

2086 5732 2201 5780 tum
2226 5726 2396 5793 cives,
2424 5732 2538 5779 tum
2577 5723 2873 5797 peregrini,
2904 5733 2955 5777 et
2979 5723 3069 5794 qui
3104 5723 3414 5794 praecipuos
3447 5719 3663 5792 1216
