3974 6212
364 176 483 244 ιιι]

1339 175 1829 236 TIIEODORETI
1869 176 2206 236 EPISCOPI
2233 149 2600 237 CYRENSIS

3487 167 3614 232 liii

357 296 618 366 gerebant
653 293 1026 363 magistratus,
1055 308 1272 348 sacrum
1302 291 1434 346 illud
1463 292 1722 348 feretrum
1750 293 1938 346 hume-

2054 296 2376 364 προσευχῆς,
2433 293 2530 348 καὶ
2559 292 2620 347 τδ
2650 291 2967 361 λειπόμενον
2996 290 3094 360 τῆς
3129 287 3278 358 ζωῆς
3333 285 3480 340 κατὰ
3521 285 3616 347 τὰς

359 388 439 442 ris
471 386 589 440 suis
648 392 969 456 gestantes,
1005 385 1058 438 in
1121 385 1582 454 triumphantium
1635 393 1940 455 martyrum

356 479 620 547 templum
676 476 1059 545 deportarunt,
1091 485 1142 529 et
1181 489 1304 527 cum
1353 474 1556 528 divinis
1615 473 1722 528 illis
1779 473 1940 538 viris,

355 569 633 638 Aphraatc
681 584 743 620 ac
777 567 1090 622 Theodosio
1112 606 1127 630 ,
1161 574 1413 621 sanctum
1459 565 1676 636 Deoqne
1709 566 1939 620 charum

356 660 480 730 ejus
497 675 704 729 corpus
729 660 1128 728 deposuerunt.
1158 657 1340 712 Gloria
1385 666 1565 710 autem
1588 665 1793 710 mtcrna
1827 672 1941 712 ma-

359 762 470 816 net,
505 766 667 820 quam
697 750 880 804 delere
913 749 1060 802 nulla
1089 756 1223 802 :ctas
1250 748 1449 818 possit.
1482 747 1593 801 Nos
1632 762 1781 811 vero,
1809 763 1941 801 nar-

359 844 560 898 rationi
589 846 694 897 line
724 841 1004 911 imposito,
1023 856 1246 896 suavem
1275 856 1338 895 ex
1368 840 1685 894 narratione
1713 839 1938 894 odorem

358 935 731 1006 percepimus.

2051 385 2331 456 ὑποθήκας
2378 387 2476 449 τὰς
2527 387 2736 441 ἐκείνου
2775 384 3081 439 ἐπιϐιῶναι.
3147 380 3363 442 Ὀποίος
3400 376 3497 448 μὲν
3533 370 3621 429 οὖν

2047 478 2256 539 ἐκεῖνος
2301 473 2394 550 ἦν,
2434 479 2528 531 καὶ
2569 478 2702 542 οἵοις
2753 477 3096 549 χρησάμενος
3131 475 3316 535 πόνοις
3346 471 3445 537 τὴν
3477 467 3621 521 θείαν

2047 569 2396 622 ἐπεσπάσατο
2414 572 2596 640 χάριν,
2621 572 2780 623 ίκανα
2811 571 2904 623 καὶ
2933 568 3106 622 ταῦτα
3125 564 3355 629 διδάξαι.
3386 559 3621 623 Ἐδέξατο

2047 658 2104 711 δὲ
2155 659 2304 728 ὅμως
2354 660 2451 713 καὶ
2497 661 2640 713 κατὰ
2686 660 2838 712 τόνδε
2877 659 2966 712 τὸν
3002 658 3116 728 βίον
3159 659 3192 726 ἡ
3243 651 3467 720 τελευτὴ
3517 649 3621 702 τῶν

2052 749 2227 802 πόνων
2253 749 2410 814 ἀξίαν
2441 753 2630 822 τιμήν.
2668 752 2941 813 ’Ἅπαντες
2983 749 3093 819 γὰρ
3139 746 3234 800 καὶ
3265 744 3498 804 πολῖται.
3535 741 3624 793 καὶ

2051 841 2213 907 ξένοι,
2255 845 2348 896 καὶ
2379 845 2427 897 οί
2477 845 2577 907 τὰς
2629 844 2874 915 μεγάλας
2922 841 3095 911 ἀρχὰς
3125 837 3622 906 οἰκονομεῖν-πεπυ

2054 935 2358 1005 στευμένοι,
2387 936 2486 1007 τὴν
2513 938 2666 1008 ἱερὰν
2700 936 2919 1006 ἐκείνην
2947 936 3041 987 ἐπὶ
3092 915 3201 986 τῶν
3236 929 3402 998 ὤμων
3435 926 3622 995 φέρον-

355 1048 448 1094 τες
473 1030 680 1100 κλίνην,
709 1031 786 1092 είς
821 1028 911 1080 τὸν
945 1027 1054 1081 τῶν
1091 1028 1404 1098 νικηφόρων
1438 1025 1735 1096 μαρτύρων
1770 1023 1936 1095 σηκδν
2012 1028 2377 1100 ἀπεκόμισαν,
2423 1034 2517 1086 καὶ
2588 1032 2726 1102 μετὰ
2769 1032 2878 1085 τῶν
2925 1027 3082 1082 θείων
3124 1025 3350 1079 ἐκείνων
3399 1016 3622 1088 ἀνδρῶν.

370 1122 677 1192 Ἀῳραάτου
707 1121 801 1174 καὶ
815 1120 1117 1186 θεοδοσίου,
1157 1119 1218 1172 τὸ
1249 1120 1403 1186 ἆγιον
1445 1118 1623 1170 ἐκεῖνο
1663 1117 1758 1170 καὶ
1789 1116 2027 1182 θεοφιλὲς
2062 1118 2368 1190 κατέθηκαν
2399 1121 2578 1192 σῶμα.
2648 1121 2724 1174 Τὸ
2761 1120 2819 1174 δὲ
2849 1120 3004 1182 κλέος
3061 1117 3276 1188 ἔμεινεν
3347 1110 3624 1170 ἄσὸεστον,

358 1214 451 1268 καὶ
479 1212 648 1274 οὐδεὶς
692 1210 846 1264 τοῦτο
884 1210 1072 1280 χρόνος
1104 1209 1366 1278 ἀφανίσαι
1398 1207 1706 1278 δυνήσεται.
1743 1205 1931 1277 Ἡμεῖς
1973 1206 2030 1260 δὲ
2055 1205 2208 1274 τέλος
2228 1211 2509 1276 ἐπιθέντες
2580 1211 2657 1285 τῷ
2697 1213 3024 1284 διηγήματι,
3089 1209 3191 1281 τὴν
3263 1206 3371 1261 ἀπὸ
3411 1203 3511 1272 τῆς
3550 1201 3627 1254 δι.

359 1309 610 1378 ηγήσεως
642 1303 864 1356 εὐωδίαν
913 1299 1376 1374 ἐκαρπωσάμεθα.

523 1453 526 1456 .
815 1395 954 1452 XIV.
989 1427 1058 1436 —
1094 1393 1472 1450 MAISYMAS.

431 1490 554 1545 Non
578 1505 699 1544 sum
734 1489 979 1551 nescius,
1008 1488 1152 1559 apud
1183 1487 1583 1544 Antiochenam
1615 1486 1806 1542 urbem
1835 1482 1942 1537 alia

359 1598 580 1651 qttnque
616 1580 786 1634 multa
821 1580 1044 1650 pietatis
1081 1578 1290 1633 lumina
1327 1578 1644 1640 emicuisse,
1684 1587 1938 1645 magnum

363 1674 650 1735 Severum,
692 1682 747 1728 et
783 1673 1005 1727 Petrum
1042 1670 1386 1741 Egyptium,
1425 1677 1479 1724 et
1513 1666 1861 1739 Eutychium,
1889 1672 1944 1720 et

359 1767 646 1838 tLyrillum,
694 1765 912 1830 Mosen,
956 1762 1261 1828 Malchum,
1312 1769 1368 1817 et
1415 1761 1554 1817 alios
1602 1759 1941 1829 complures,

360 1861 456 1927 qui
503 1857 752 1912 eamdem
798 1855 938 1908 viam
985 1863 1114 1908 sunt
1172 1853 1428 1922 ingressi.
1473 1851 1578 1906 Sed
1618 1852 1663 1904 si
1699 1850 1942 1904 omnium

365 1965 455 2002 tes
505 1957 689 2018 gestas
749 1944 1015 2004 mandare
1076 1945 1278 1998 litteris
1328 1958 1683 2008 conaremur,
1731 1940 1943 1995 nullum

361 2041 523 2093 nobis
556 2048 772 2107 tempus
817 2037 1113 2099 sullicerct,
1157 2043 1523 2104 prmterquam
1558 2033 1704 2105 quod
1740 2033 1944 2088 multo~

363 2147 484 2184 rum
537 2131 698 2184 lectio
747 2128 1056 2190 satietatem
1101 2125 1298 2181 afferre
1345 2126 1509 2196 vulgo
1555 2124 1720 2181 solet.
1759 2122 1837 2177 Ex
1875 2123 1944 2178 iis

361 2239 496 2293 ergo
518 2222 610 2291 qui
649 2220 839 2290 scripti
880 2230 1030 2284 sunt,
1064 2219 1132 2272 de
1155 2219 1487 2273 ornissorum
1522 2219 1630 2271 vita
1658 2216 1946 2285 conjectu-

363 2333 477 2371 ram
499 2315 684 2368 cuncti
715 2313 1008 2376 facicntcs,
1038 2311 1295 2366 laudibus
1313 2309 1564 2376 efferant,
1593 2310 1941 2374 aemulentur,

362 2419 416 2464 ct
461 2409 700 2462 fructum
753 2407 1036 2476 colligant.
1075 2405 1187 2475 Ego
1222 2420 1354 2460 vero
1389 2405 1458 2459 ad
1499 2405 1624 2476 Cyri
1669 2413 1824 2474 prata
1861 2418 1946 2459 me

360 2501 666 2562 conferam,
703 2508 758 2554 et
795 2514 1098 2569 paucorum
1148 2498 1511 2567 fragrantium
1540 2497 1944 2551 formosorum-

360 2609 467 2661 que
491 2594 543 2645 in
570 2592 655 2645 his
679 2591 873 2644 florum
905 2589 1370 2659 pulchritudinem
1398 2605 1494 2659 pro
1525 2589 1738 2644 viribus
1769 2603 1942 2658 expo-

362 2701 398 2738 ll
405 2700 510 2738 am.

437 2870 452 2889 '
497 2863 624 2920 Fuit
661 2872 790 2920 ante
824 2872 1072 2920 nostram
1115 2871 1328 2918 atatem
1368 2861 1664 2933 Maisymas
1695 2859 1942 2931 quidam,

2541 1397 2639 1451 Μ’.
2661 1427 2728 1437 -
2751 1392 3134 1450 ΜΔΙΣΥΜΑΣ.

2121 1487 2250 1546 οἶδα
2303 1489 2404 1561 μὶν
2441 1490 2516 1553 ὼς
2569 1489 2720 1543 ἄλλοι
2774 1488 2960 1542 πολλοὶ
3006 1487 3159 1558 παρά
3197 1485 3300 1553 τὴν
3355 1482 3630 1552 Ἀντιόχου

1974 1605 2017 1665 Β
2047 1590 2200 1651 πόλιν
2250 1583 2555 1655 διέλαμψαν
2595 1580 2880 1644 εὐσεϐείας
2935 1579 3246 1650 φωστῆρες,
3284 1573 3524 1665 Σεὸῆρός
3569 1591 3632 1665 τε

2046 1691 2077 1744 ό
2117 1685 2310 1758 μέγας,
2339 1676 2434 1732 καὶ
2460 1677 2491 1730 ὁ
2517 1672 2817 1742 Αἰγύπτιος
2863 1669 3088 1757 ῌέτρος,
3137 1667 3232 1721 καὶ
3268 1664 3529 1735 Εὐτύχιος
3559 1663 3632 1728 ⁸⁸,

2047 1755 2144 1831 καί
2191 1769 2482 1841 Κύριλλος,
2517 1762 2762 1832 Μωῦσῆς
2790 1779 2870 1826 τε,
2892 1755 2992 1815 ’καὶ
3039 1758 3283 1828 Μάλχος,
3331 1756 3426 1809 καὶ
3451 1755 3630 1823 ἕτεροι

2048 1867 2293 1922 πλεῖστοι
2323 1861 2421 1932 τὴν
2445 1858 2614 1932 αὐτὴν
2642 1853 2866 1926 πορείαν
2893 1851 3228 1913 ὁδεύσαντες.
3283 1847 3423 1902 Ἀλλ’
3449 1849 3498 1900 εί
3532 1847 3638 1914 τὴν

2057 1957 2318 2012 ἁπάντων
2350 1929 2628 2006 πολιτείαν
2675 1945 2990 2016 συγγράψαι
3036 1941 3454 2012 πειραθείημεν,
3485 1939 3636 2002 ἄπας

2047 2051 2180 2120 ἡμῖν
2220 2048 2321 2101 οὐκ
2371 2042 2658 2115 ἀρκέσειεν
2701 2042 2728 2093 ό
2782 2039 3008 2110 χρόνος·
3060 2036 3237 2098 ἄλλως
3287 2051 3344 2086 τε
3409 2033 3641 2099 δέ,’κα“ι

2048 2139 2358 2212 προσκορὴς
2387 2137 2500 2198 τοῖς
2530 2133 2746 2196 πολλοῖς
2789 2133 2822 2202 ἡ
2850 2131 2957 2183 τῶν
2990 2130 3252 2182 πλειόνων
3307 2127 3638 2195 ἀνάγνωσις-

2059 2233 2154 2285 Ἐκ
2185 2229 2294 2283 τῶν
2341 2224 2768 2298 συγγραφέντων
2805 2221 2985 2274 τοίνυν
3030 2221 3125 2274 καὶ
3171 2219 3262 2272 τὸν
3309 2217 3415 2272 τῶν
3458 2235 3642 2286 παρα-

2047 2321 2378 2390 λειφθέντων
2407 2313 2835 2385 τεκμαιρόμενοι
2874 2310 3010 2379 βίον,
3050 2308 3471 2378 εὐφημείτωσαν
3500 2307 3642 2359 πάνυ

2046 2429 2159 2479 τες,
2220 2409 2318 2464 καὶ
2373 2405 2742 2476 ζηλούτωσαν,
2787 2403 2881 2456 καὶ
2924 2401 3021 2472 τὴν
3067 2399 3337 2468 ὠφέλειαν
3393 2399 3640 2470 καρπού-

2050 2505 2286 2558 σθωσαν.
2354 2500 2497 2570 Ἐγὼ
2547 2499 2604 2552 δὲ
2649 2497 2742 2552 ἐπὶ
2788 2497 2912 2559 τοὺς
2962 2496 3059 2563 τῆς
3113 2495 3298 2565 Κύρου
3365 2493 3638 2562 λειμῶνας

2047 2596 2403 2667 διαϐήσομαι,
2461 2591 2558 2645 καὶ
2606 2590 2716 2644 τῶν
2772 2591 2830 2642 ἐν
2882 2587 3092 2650 τούτοις
3152 2585 3370 2638 εὐωδῶν
3428 2601 3487 2636 τε
3541 2584 3635 2636 καὶ

2049 2688 2272 2742 εὑειδῶν
2311 2685 2518 2740 ἀνθέων
2540 2683 2736 2750 ὀλίγων
2757 2681 2832 2744 ὡς
2867 2679 2946 2733 ενι
2979 2680 3218 2748 μάλιστα
3255 2675 3631 2748 παραδηλὼσω

2048 2783 2145 2853 τὴν
2177 2781 2346 2851 ὤραν.

2143 2870 2396 2941 Ἐγένετό
2419 2885 2501 2931 τις
2521 2868 2818 2935 Μαισυμᾶς
2849 2867 2906 2918 ἐν
2935 2868 3049 2928 τοῖς
3080 2864 3186 2936 πρὸ
3221 2863 3375 2934 ἡμῶν
3402 2863 3623 2934 χρόνοις,

365 2958 538 3029 Syrus
578 2958 802 3027 quidem
845 2958 1068 3027 lingua,
1108 2956 1335 3026 rurique
1378 2954 1681 3017 educatus,
1719 2952 1814 3008 sed
1847 2950 1941 3022 qui

2054 2963 2224 3035 Σύρος
2269 2962 2368 3032 μὲν
2390 2960 2488 3031 τὴν
2513 2955 2720 3029 φωνὴν,
2753 2959 2812 3009 ἐν
2845 2955 3104 3027 ἀγροικία
3142 2953 3198 3007 δὲ
3231 2953 3623 3024 τεθραμμένος,

362 3052 629 3104 virtutum
670 3050 918 3104 omnium
960 3048 1237 3119 specimen
1277 3045 1551 3124 exhibuit.
1585 3045 1688 3101 Cui
1731 3060 1856 3100 cum
1891 3044 1946 3098 in

363 3143 574 3213 privata
619 3142 730 3195 vita
771 3140 1086 3204 claruisset,
1129 3141 1234 3194 vici
1283 3137 1578 3208 cujusdam
1618 3151 1752 3191 cura
1793 3149 1945 3190 com-

363 3235 536 3288 missa
574 3241 683 3288 est.
726 3231 893 3285 Sacra
937 3247 1067 3302 ergo
1105 3231 1528 3293 administrans,
1571 3227 1781 3298 Deique
1819 3239 1949 3280 oves

363 3339 630 3394 pascens,
679 3338 742 3379 ca
793 3323 1012 3378 dicebat
1063 3334 1120 3380 et
1167 3322 1400 3394 agebat,
1450 3337 1574 3392 qua:
1625 3320 1814 3376 divina
1863 3319 1947 3373 lex

364 3417 635 3487 praecipit.
683 3414 890 3472 Ferunt
937 3425 1118 3470 autem
1168 3415 1322 3469 illum
1363 3428 1466 3468 nec
1516 3412 1799 3476 tunicam,
1847 3425 1950 3466 nec

367 3508 594 3576 pallium
626 3513 750 3576 post
791 3506 1003 3576 1317
1042 3504 1265 3575 longum
1297 3511 1515 3572 tempus
1543 3509 1812 3563 mutasse,
1850 3499 1949 3554 sed

363 3620 492 3658 cum
535 3604 715 3657 lacera
743 3611 923 3666 erant,
955 3602 1094 3654 alios
1126 3614 1337 3670 pannos
1359 3597 1627 3661 assuisse,
1658 3603 1822 3664 atque
1846 3594 1950 3648 hoc

364 3696 532 3750 modo
587 3694 856 3749 senectuti
913 3691 1266 3746 subvenisse.
1323 3686 1608 3755 llospitutn
1673 3700 1804 3740 vero
1863 3686 1949 3739 in-

362 3797 641 3851 npnmque
694 3789 803 3832 tam
862 3778 1031 3832 alacri
1085 3778 1272 3831 animo
1329 3790 1521 3830 curam
1577 3775 1833 3845 gerebat,
1891 3782 1951 3830 ut

365 3871 788 3926 transeuntibus
812 3870 1070 3924 omnibus
1095 3868 1244 3922 fores
1265 3868 1528 3938 aperiret.
1554 3866 1708 3922 Dolia
1730 3883 1950 3937 quoque

363 3966 476 4018 duo
525 3963 788 4017 habuisse
845 3961 1086 4024 dicitur,
1144 3976 1315 4015 unum
1367 3960 1665 4024 frumenti,
1719 3961 1949 4015 alterum

362 4057 494 4121 olei,
531 4072 596 4110 ex
633 4055 834 4125 quibus
865 4068 991 4108 cum
1031 4053 1221 4124 egenis
1256 4053 1516 4110 omnibus
1561 4068 1786 4124 semper
1823 4069 1951 4108 ero-

361 4156 540 4218 garet,
563 4147 722 4216 plena
753 4153 938 4199 tamen
962 4159 1182 4214 semper
1214 4151 1398 4206 erant,
1429 4142 1752 4213 Sareptena:
1774 4143 1952 4198 viduae

2050 3058 2160 3111 πᾶν
2189 3055 2246 3109 δέ
2289 3049 2427 3116 εἶδος
2465 3050 2669 3120 ἀρετῆς
2711 3048 3170 3119 ἐπιδεδειγμένος.
3218 3046 3534 3116 Διαλέιμψας
3570 3045 3624 3097 δὲ

2051 3151 2110 3204 ἐν
2135 3146 2214 3217 τῷ
2238 3147 2360 3200 κατ’
2389 3143 2552 3198 αὐτὸν
2583 3141 2701 3212 βίῳ,
2734 3139 2929 3213 κώμης
2973 3139 3119 3203 τινὸς
3150 3137 3478 3209 ἐνεχειρίσθη
3523 3137 3620 3206 τὴν

2054 3239 2393 3312 ἐπιμέλειαν.
2454 3232 2775 3306 Ὶερουργῶν
2832 3233 2908 3297 δὲ,
2960 3233 3055 3286 καὶ
3101 3231 3171 3284 τὰ
3217 3230 3328 3284 θεῖα
3376 3227 3617 3299 πρόϐατα

2050 3334 2255 3405 νέμων,
2291 3331 2476 3386 ἐκεῖνα
2508 3327 2661 3396 ἐλεγέ
2691 3343 2753 3380 τε
2785 3326 2882 3380 καὶ
2925 3325 3218 3396 ἔπραττεν,
3264 3323 3398 3394 ἅπερ
3421 3325 3450 3375 ὁ
3480 3321 3624 3384 θεῖος

2049 3426 2370 3498 διηγόρευσε
2394 3422 2578 3492 νόμος.
2615 3419 2753 3472 Φασὶ
2782 3418 2840 3472 δέ
2875 3417 3038 3472 αὐτὸν
3073 3419 3210 3488 μήτε
3247 3415 3468 3487 χιτῶνα,
3495 3415 3632 3485 μήτε

2050 3520 2148 3588 τὴν
2178 3516 2407 3586 σισύραν
2428 3514 2524 3567 ἐπὶ⁸
2545 3512 2794 3566 πλεῖστον
2810 3510 3062 3580 ἀμεῖψαι,
3087 3509 3222 3562 ἀλλὰ
3244 3511 3356 3571 τοῖς
3378 3510 3436 3562 ἐν
3457 3508 3634 3570 αὐτοῖς

2050 3606 2362 3678 γενομένοις
2431 3605 2709 3675 ρἠμασιν
2763 3601 2928 3671 ἕτερα
2984 3600 3151 3670 ῥάκια
3228 3599 3632 3668 συρῤἀπτοντα,

2049 3700 2239 3754 τοῦτον
2266 3696 2426 3752 αὐτὸν
2451 3696 2544 3748 τὸν
2573 3693 2775 3764 τρόπον
2814 3690 3138 3762 θεραπεύειν
3180 3689 3240 3742 τὸ
3285 3689 3488 3758 γῆρας,
3527 3689 3634 3756 Τῆς

2051 3795 2106 3847 δὲ
2133 3793 2239 3846 τῶν
2271 3790 2437 3854 ξένων
2461 3789 2556 3843 καὶ
2590 3787 2835 3858 πενήτων
2872 3784 3190 3854 ἐπιμελείας
3228 3781 3408 3846 οὕτως
3436 3785 3634 3852 ἐπεμε-

2053 3886 2197 3944 λεῖτο
2219 3882 2539 3952 προθύμως,
2582 3879 2658 3942 ὡς
2695 3880 2806 3942 τοῖς
2853 3875 3143 3946 παριοῦσιν
3192 3874 3400 3928 ἅπασιν
3436 3877 3632 3929 ἀναπε·

2055 3974 2315 4029 ταννύναι
2341 3973 2440 4036 τὰς
2468 3971 2656 4042 θύρας.
2694 3969 2797 4022 Δύο
2832 3968 2889 4022 δὲ
2937 3966 3130 4030 πίθους
3163 3967 3458 4036 ἐσχηκέναι
3488 3967 3638 4035 λέγε-

2057 4083 2170 4131 ται,
2204 4065 2294 4119 τὸν
2329 4065 2427 4135 μὲν
2456 4065 2628 4128 σίτου,
2652 4061 2744 4115 τδν
2768 4061 2825 4113 δὲ
2853 4060 3054 4113 ἐλαίου.
3100 4059 3195 4112 Ἐκ
3231 4059 3439 4112 τούτων
3457 4060 3642 4128 ἐχορήο

2052 4172 2139 4224 γει
2171 4155 2271 4224 μὲν
2304 4154 2476 4208 ἆπασι
2505 4154 2618 4214 τοῖς
2659 4149 2934 4220 δεομένοις
2969 4148 3078 4213 ἀεὶ,
3125 4147 3356 4220 πλήρεις
3393 4147 3452 4200 δὲ
3495 4142 3644 4216 εἶχεν

361 4256 631 4297 concessa
674 4239 1060 4296 benedictione
1103 4237 1190 4294 his
1235 4241 1403 4294 etiam
1445 4237 1616 4294 doliis
1661 4238 1946 4293 attributa.

2054 4249 2161 4312 ἀεὶ,
2207 4248 2306 4317 τῆς
2339 4249 2404 4316 τῇ
2440 4242 2729 4316 Σαραφθίᾳ
2770 4243 2916 4313 χήρα
2961 4241 3208 4311 δοθείσης
3252 4240 3501 4308 εὐλογίας
3545 4241 3648 4292 καὶ

363 4331 510 4388 Idem
559 4333 762 4404 quippe
803 4331 1052 4387 omnium
1099 4329 1404 4394 Dominus,
1446 4330 1601 4386 dives
1650 4329 1705 4384 in
1755 4343 1948 4385 omnes

363 4426 458 4497 qui
507 4426 766 4480 invocant
809 4423 966 4478 illum
1001 4441 1034 4476 .:
1084 4432 1139 4477 et
1183 4421 1647 4494 quemadmodum
1699 4421 1946 4494 hydriam

365 4521 516 4575 illam
554 4525 610 4574 et
642 4531 987 4588 campsacem
1031 4514 1306 4571 scaturire
1339 4514 1528 4584 jussit,
1556 4514 1950 4586 hospitalitatis

363 4610 641 4667 seminum
683 4609 997 4678 manipulos
1034 4605 1292 4678 reddens,
1339 4606 1419 4660 sic
1453 4603 1780 4660 admirando
1821 4607 1950 4661 huic

363 4719 551 4775 parem
607 4677 886 4756 alacritati
941 4677 1158 4769 copiam
1217 4699 1492 4754 retribuit.
1547 4699 1632 4760 Ad,
1682 4698 1949 4770 patranda

365 4809 587 4864 quoque
643 4791 910 4847 miracula
969 4803 1225 4861 magnam
1282 4791 1352 4844 ab
1401 4788 1789 4843 universorum
1834 4787 1944 4842 Deo

364 4886 599 4956 adeptus
625 4893 710 4940 est
738 4882 974 4954 gratiam
1009 4895 1023 4932 :
1055 4895 1291 4950 quorum
1333 4896 1501 4933 unum
1537 4879 1700 4934 modo
1733 4888 1790 4934 et
1817 4880 1945 4934 alte-

365 4993 485 5032 rum
519 4975 818 5046 proferam,
842 4978 1042 5027 caetera
1075 4970 1204 5024 dum
1235 4969 1305 5024 ad
1345 4969 1482 5025 alios
1512 4985 1747 5040 propero
1778 4968 1944 5023 missa

367 5068 596 5127 faciens.

365 5359 580 5413 tenellae
625 5356 804 5411 adhuc
847 5355 1024 5409 artatis
1077 5354 1271 5410 morbo
1327 5350 1708 5409 conﬂictatum
1762 5349 1950 5403 multis

2055 4341 2148 4394 ἐπὶ
2175 4338 2397 4400 τούτους
2444 4335 2756 4406 ἐνεχθείσης
2794 4333 2922 4396 τοὺς
2961 4332 3173 4396 πίθους.
3219 4333 3277 4384 ⁸0
3331 4333 3440 4402 γὰρ
3478 4332 3650 4395 me;

2053 4430 2257 4502 Κύριος
2284 4430 2522 4493 πάντων,
2555 4424 2804 4479 πλουτῶν
2841 4425 2921 4488 είς
2946 4423 3154 4486 πάντας
3182 4424 3308 4486 τοὺς
3343 4423 3652 4476 ἐπικαλου-

2059 4520 2256 4589 μένους
2296 4517 2492 4571 αύτόνο
2524 4518 2618 4569 καὶ
2647 4516 2836 4586 ὥσπερ
2880 4514 2979 4586 τὴν
3030 4513 3220 4585 ὑδρίαν
3258 4515 3495 4583 ἐκείνην,
3545 4523 3636 4568 κα·

2053 4611 2147 4667 τὸν
2170 4609 2472 4681 καμψάκῃν
2499 4606 2820 4672 ἀναϐλύζειν
2846 4605 3122 4668 ἐκέλευσε,
3153 4605 3260 4658 τῶν
3293 4605 3394 4674 τῆς
3424 4604 3660 4674 φιλοξε-

2054 4704 2174 4767 νίας
2217 4702 2549 4774 σπερμάτων
2597 4701 2853 4770 παρέχων
2903 4699 2970 4752 τὰ
3001 4698 3326 4770 δράγματα·
3376 4697 3520 4752 οὕτω
3546 4705 3656 4750 καὶ

2047 4796 2186 4866 τῷδε
2219 4793 2296 4864 τῷ
2323 4790 2610 4862 θαυμασίῳ
2639 4791 2839 4845 δέδωκε
2861 4791 2964 4861 τῆς
3020 4791 3330 4862 προθυμίας
3365 4791 3465 4861 τὴν
3511 4807 3656 4860 χορ-

2053 4888 2217 4959 ηγίαν
2251 4885 2555 4956 ἰσόμετρον.
2611 4883 2818 4953 Πολλὴν
2855 4883 2912 4936 δέ
2949 4885 3042 4936 καὶ
3067 4886 3148 4945 εἰς
3195 4883 3654 4953 θαυματουργία»

2055 4978 2204 5050 παρὰ
2235 4976 2329 5030 τοῦ
2358 4975 2494 5029 Θεοῦ
2523 4974 2632 5027 τῶν
2661 4974 2798 5027 ὅλων
2828 4974 3044 5041 ἐδέξατο
3089 4976 3268 5046 χάριν.
3323 4973 3474 5036 Ἐνδς
3517 4973 3578 5027 δὲ
3620 4977 3658 5044 ἦ

2045 5061 2150 5122 ’δύο
2200 5067 2492 5137 θαυμάτων
2547 5066 2946 5136 μνησθήσομαι,
2981 5067 3048 5119 τὰ
3085 5067 3140 5118 δὲ
3180 5065 3338 5119 λοιπὰ
3387 5068 3660 5136 παρήσω,

2031 5164 2149 5215 ’ἐπὶ
2177 5163 2303 5224 τοὺς
2335 5159 2526 5223 ἄλλους
2558 5158 2734 5212 ἐλθεῖν
2765 5158 3138 5230 ἐπειγόμενος.

435 5269 632 5326 Mulier
657 5266 908 5340 quaedam
939 5274 992 5320 et
1025 5279 1226 5337 genere
1251 5272 1304 5319 et
1344 5262 1448 5319 fide
1481 5259 1732 5325 illustris,
1777 5258 1945 5311 filium
2031 5279 2034 5282 θ

2133 5255 2274 5323 Γυνή
2293 5269 2396 5318 τις,
2418 5253 2512 5306 καὶ
2531 5252 2682 5322 γένει
2710 5251 2803 5305 καὶ
2829 5252 3007 5304 πίστει
3029 5251 3402 5323 κοσμουμένη,
3418 5252 3512 5306 τὸν
3528 5253 3662 5306 υίὶν

2060 5347 2340 5418 ὁρρωστίᾳ
2377 5345 2739 5416 περιπεσόντα
2779 5343 2996 5416 (κομιδῇ
3031 5345 3088 5399 δὲ
3119 5341 3185 5416 ἦν
3227 5345 3369 5415 νέος)
3424 5345 3662 5411 πολλοῖς

1642 5533 1874 5592 VARIA‘I
1915 5531 2325 5590 LECTIONES.

444 5631 488 5663 ¹⁶
513 5631 778 5699 Εὐτύχης.
807 5629 1021 5685 llervct.
