3974 6212
270 157 388 262 tua

1481 201 1896 262 BELIGIOSA
1934 202 2318 262 HISTORIA.

3384 181 3518 255 illi

264 309 568 383 προῦθηκεν
603 309 829 381 ἰατροῖς.
871 309 1230 382 Ἠττηθείσης
1263 309 1318 364 δὲ
1353 311 1452 380 τῆς
1484 311 1704 382 τέχνης,
1739 311 1830 364 καὶ

1941 311 2171 366 medicis
2198 308 2504 365 curandum
2534 307 2807 363 obtulerat
2839 324 2852 360 :
2891 319 3122 375 cumque
3139 321 3230 360 ars
3261 319 3518 361 succuma

261 401 356 455 τῶν
396 400 596 472 ίατρῶν
648 401 1054 470 ἀπειρηκότων,
1079 402 1170 453 καὶ
1215 401 1568 471 τεθνήξεσθαι
1601 403 1660 454 τὸ
1704 419 1833 454 παι-

260 492 357 545 δίον
385 491 686 562 διαρρήδην
718 491 1001 552 εἰπόντων,
1041 491 1139 542 οὐκ
1173 491 1479 562 ἀπέρριψεν
1507 493 1540 561 ἡ
1575 491 1711 562 γυνὴ
1738 489 1836 553 τὰς

262 583 620 653 χρηστοτέρας
655 581 913 644 ἐλπίδας·
953 582 1088 634 ἀλλὰ
1121 581 1217 652 τὴν
1269 584 1591 654 Σουμανῖτιν
1621 584 1834 654 εκείνην

263 674 566 744 ζηλώσασα,
616 673 896 743 ἐπιτίθησι
943 677 1063 736 ταῖς
1107 675 1357 743 ἡμιόνοις
1402 675 1499 746 τὴν
1551 667 1832 746 καμάραν.

261 766 434 836 Ταύτῃ
456 765 511 817 δὲ
546 766 745 833 ἑαυτὴν
781 765 874 817 καὶ
913 765 974 817 τὸ
1012 767 1226 818 παιδίον
1271 769 1506 829 ἐνθεῖσα,
1548 769 1642 821 τὸν
1693 768 1834 822 θεῖον

261 859 455 910 ἐκεῖνον
487 855 788 909 κατέλαϐεν
834 855 1142 925 ἄνθρωπον,
1181 858 1274 910 καὶ
1311 859 1710 929 ὀλοφυρομένη,
1742 861 1834 913 καὶ

259 949 348 1018 τῆς
382 948 599 1018 φύσεως
637 948 1057 1002 ἐπιδεικνύουσα
1081 949 1140 1001 τὸ
1180 949 1372 1012 πάθος,
1409 949 1688 1019 ἐπαμῦναι
1720 953 1834 1004 ἱκέ-

257 1057 425 1094 τευεν.
460 1041 518 1092 '0
543 1041 600 1092 δὲ
631 1039 807 1092 λαϐὼν
829 1040 889 1092 τὸ
913 1031 1128 1093 παιδίον
1162 1043 1280 1094 ταῖν
1305 1059 1364 1110 χε
1375 1043 1616 1112 ροῖν,καὶ
1646 1046 1714 1113 τῇ
1739 1041 1836 1097 τοῦ

260 1132 643 1202 θυσιαστηρίου
700 1132 923 1203 κρηπῖδι
964 1131 1227 1196 πελάσας,
1270 1131 1448 1186 ἔκειτο
1477 1134 1691 1204 πρηνὴς
1743 1134 1836 1188 τὸν

258 1223 359 1277 τῶν
389 1223 581 1294 ψυχῶν
618 1223 715 1277 καὶ
747 1224 1014 1293 σωμάτων
1050 1223 1348 1277 ἀντιϐολῶν
1377 1225 1560 1294 ίατρόν
1580 1241 1594 1255 ο
1619 1226 1711 1278 καὶ
1737 1225 1834 1276 λα-

258 1312 362 1366 ϐὼν
402 1312 500 1384 τὴν
526 1312 763 1383 αἴτησιν,
794 1313 1078 1366 ἀπέδωκεν
1109 1314 1422 1384 ἐρρωμένον
1451 1316 1516 1386 τῇ
1549 1317 1716 1385 μητρὶ
1743 1316 1836 1369 τὸν

259 1404 390 1458 υἱόν.
431 1403 573 1472 Ἐγὼ
591 1404 646 1457 δὲ
676 1404 833 1458 τοῦτο
858 1405 987 1474 παρ’
1005 1404 1176 1474 αὐτῆς
1199 1403 1413 1472 ἀκήκοα
1435 1405 1533 1475 τῆς
1562 1404 1625 1458 τὸ
1653 1405 1837 1476 θαῦμα

257 1494 620 1565 θεασαμένης,
679 1494 772 1548 καὶ
805 1493 898 1548 τοῦ
937 1494 1129 1559 παιδὸς
1172 1482 1474 1566 δεξαμένης
1510 1490 1610 1565 τῆν
1658 1513 1836 1566 σωτη-

259 1587 401 1658 ρίαν.
434 1587 573 1640 Φασὶ
600 1587 656 1639 δὲ
691 1589 782 1640 καὶ⁸
811 1587 902 1640 τὸν
949 1587 1049 1657 τῆς
1085 1585 1279 1656 κώμης
1324 1591 1538 1659 ἐκείνης
1569 1589 1835 1659 δεσπότην

1944 403 2121 466 heret,
2159 401 2628 472 desperareutquc
2670 399 2884 468 medici,
2924 408 2975 454 et
3017 399 3343 452 moritmum
3388 413 3520 466 pue-

1945 509 2066 546 rum
2102 494 2243 546 haud
2287 493 2451 547 dubie
2475 477 2825 554 afﬁrmarent,
2857 507 2983 560 spes
3023 490 3279 543 meliores
3321 489 3520 542 mulier

1946 603 2053 640 non
2102 585 2326 654 ahjeeit,
2351 585 2445 639 sed
2479 583 2858 638 Suuanitidem
2892 585 3134 643 imitans,
3172 582 3362 635 lectica
3403 597 3521 633 tuu-

1944 677 2101 731 labus
2153 675 2432 743 imposita,
2487 676 2539 728 in
2589 691 2706 728 eam
2757 674 3064 728 ascendens
3113 688 3236 726 cum
3291 673 3401 726 lilio
3447 673 3516 726 ad

1943 765 2192 822 divinum
2231 767 2409 821 virum
2453 768 2735 836 pervenit,
2776 768 3075 836 lugensque
3120 775 3170 819 et
3210 773 3515 820 maternum

1955 862 2210 914 affectum
2249 859 2568 929 przeferens,
2629 859 2749 928 ejus
2802 873 2959 927 opem
3021 858 3374 926 implorabat.
3427 856 3522 911 llle

1944 953 2167 1007 sublato
2199 950 2455 1004 manibus
2489 964 2690 1018 puero,
2725 957 2778 1001 et
2815 947 2880 1000 ad
2913 946 3087 1000 basim
3120 948 3312 1000 altaris
3350 947 3522 1015 depo-

1945 1043 2074 1110 sito,
2108 1043 2260 1096 hutui
2291 1052 2598 1112 prostratus
2630 1040 2938 1094 animarum
2970 1053 3375 1107 corporumque
3404 1056 3520 1092 me-

1925 1121 2126 1189 dicum
2153 1142 2294 1200 orat,
2333 1133 2555 1201 votique
2589 1148 2814 1201 compos
2838 1131 3009 1184 filium
3044 1131 3201 1182 matri
3239 1131 3518 1184 restituit:

1945 1238 2110 1298 atque
2156 1227 2261 1282 hoc
2305 1243 2405 1298 ego
2448 1227 2664 1296 1218
2713 1226 2781 1279 ah
2832 1224 2920 1278 illa
2977 1223 3091 1292 ipsa
3141 1222 3350 1284 audivi,
3399 1239 3524 1292 quae

1945 1319 2272 1373 miraculum
2327 1316 2559 1380 viderat,
2617 1315 2820 1384 ﬁliique
2881 1315 3116 1370 salutem
3178 1315 3520 1382 impetrarat.

1943 1410 2153 1465 Ferunt
2199 1409 2387 1474 etiam,
2436 1423 2560 1462 cum
2600 1409 2840 1462 venisset
2889 1405 3186 1476 aliquando
3228 1406 3333 1459 vici
3374 1407 3520 1462 illius

1945 1502 2206 1557 dominus
2265 1499 2516 1572 (Letoius
2564 1499 2653 1552 hic
2698 1506 2838 1562 erat,
2895 1497 3252 1551 Antiocheam
3296 1498 3520 1566 quidem

1946 1594 2114 1649 curia:
2139 1594 2414 1663 princeps,
2449 1591 2543 1646 sed
2568 1591 2660 1660 qui
2680 1590 2964 1661 gentilium
2997 1590 3233 1659 caligine
3256 1591 3520 1645 obsessus

256 1677 586 1746 ἀφικόμενόν
631 1695 782 1734 ποτε.
821 1677 1065 1748 Λητὼῖος
1095 1679 1135 1710 ¹“¹
1170 1679 1228 1733 δὲ
1276 1675 1345 1750 ἦν
1373 1673 1527 1744 οὗτος
1575 1681 1696 1752 (τῆς
1737 1682 1830 1749 μὲν

1942 1686 2284 1755 tenebatur),
2316 1685 2505 1740 acrius
2533 1699 2696 1754 quam
2729 1699 2828 1753 par
2862 1693 2981 1738 erat
3015 1681 3230 1737 fructus
3257 1668 3518 1752 agrorum

269 1768 590 1837 Ἀντιοχέων
641 1768 834 1840 βουλῆς
881 1769 952 1823 τὰ
1017 1773 1260 1840 πρωτεῖα
1307 1771 1468 1841 ἔχων,
1515 1772 1835 1838 δυσσεϐείας

257 1858 311 1912 δὲ
342 1861 703 1936 κατεχόμενος
732 1860 938 1933 ζόφῳ),
974 1864 1326 1936 σφοδρότερον
1365 1865 1397 1936 ἢ
1433 1865 1540 1917 ἔδει
1574 1866 1700 1928 τοὺς
1737 1883 1836 1935 γη-

255 1952 467 2016 πόνους.
505 1955 933 2024 εἰσπράττεσθαι
973 1956 1098 2016 τοὺς
1149 1955 1428 2025 καρπούς·
1462 1957 1558 2009 τὸν
1591 1957 1647 2009 δὲ
1693 1957 1834 2010 θεῖον

255 2043 461 2095 ἐκεῖνον
493 2044 778 2115 ἄνθρωπον
811 2047 937 2116 περὶ¹
961 2045 1369 2116 φιλανθρωπίαν
1406 2048 1748 2116 εἰσηγεῖσθαί
1775 2065 1833 2102 τε

254 2136 350 2189 καὶ
378 2140 686 2206 παραινεῖν,
738 2139 831 2191 καὶ
859 2139 986 2201 τοὺς
1023 2139 1151 2209 περὶ
1183 2138 1366 2202 ἐλέους
1419 2141 1512 2193 καλ⁸
1541 2141 1724 2193 οἴκτου
1755 2141 1834 2193 δι-

254 2224 456 2290 εξιέναι
507 2227 736 2296 λόγους·
780 2228 869 2281 τὸν
914 2229 972 2281 δὲ
1019 2232 1197 2300 μεῖναι
1240 2230 1340 2300 μὲν
1378 2231 1722 2299 ἀμείλικτον,
1768 2235 1832 2302 τῇ

253 2319 421 2390 πείρᾳ
453 2319 508 2372 δὲ
540 2321 744 2388 γνῶναι
774 2325 871 2390 τῆς
914 2321 1171 2385 ἀπειθίας
1208 2323 1307 2387 τὴν
1340 2323 1563 2393 βλάϐην.
1614 2323 1834 2395 Ἐπειδὴ

254 2407 362 2477 γὰρ
393 2409 650 2478 ἀπαίρειν
674 2409 815 2474 -ἕδει,
848 2412 941 2464 καὶ
994 2409 1054 2463 τὺ
1093 2408 1284 2480 ζεῦγος
1320 2407 1387 2482 ἦν
1421 2411 1704 2483 εὑτρεπὲς,
1741 2412 1836 2464 καὶ

252 2499 483 2561 καθίσας
525 2500 745 2553 ἐκέλευε
799 2501 877 2570 τῷ
931 2503 1134 2572 ἡνιόχῳ
1163 2501 1502 2574 παροτρῦναι
1550 2503 1646 2566 τὰς
1676 2503 1835 2573 ἡμιόο

249 2605 398 2655 νους,
447 2591 503 2642 αἱ
552 2591 650 2659 μὲν
692 2585 876 2644 εἷλκον
931 2593 1096 2669 παντὶ
1132 2592 1307 2646 σθένει
1355 2593 1692 2663 βιαζόμεναι,
1744 2593 1838 2647 καὶ¹

245 2681 434 2735 ἕλκειν
462 2681 552 2734 τὸν
594 2682 768 2753 ῥυμὸν
806 2683 1184 2752 ἐπειγόμεναι,
1231 2685 1281 2734 οί
1327 2683 1382 2736 δὲ
1415 2685 1600 2754 τροχοὶ⁸
1634 2683 1836 2754 σιδήρῳ

237 2774 345 2827 καὶ
399 2774 632 2845 μολίϐδῳ
669 2775 1122 2846 προσδεδεμένοις
1167 2774 1452 2845 ἐῴκεισαν.
1519 2775 1736 2845 Ἐπειδὴ
1777 2775 1834 2828 δὲ

233 2865 346 2917 καὶ
378 2865 486 2916 τῶν
525 2865 801 2936 ἀγροίκων
833 2867 895 2918 τὸ
944 2867 1149 2936 πλῆθος
1185 2866 1408 2936 μοχλοῖς·
1449 2867 1576 2928 τοὺς
1607 2868 1835 2938 τροχοὺς

233 2953 557 3020 ἀνεκίνουν,
602 2951 757 3008 οῦδὲν
794 2957 956 3008 πλέον
998 2957 1279 3026 ἐπέραινε,
1313 2957 1424 3010 τῶν
1461 2959 1832 3031 εὐνουστέρων

232 3063 335 3109 τις
371 3045 448 3115 τῷ
481 3047 711 3116 Λητωΐῳ
738 3047 1071 3117 παρεδεύων,
1104 3049 1202 3119 τὴν
1224 3050 1406 3103 αἰτίαν
1435 3051 1710 3120 σημαίνει,
1736 3050 1828 3105 τὸν

235 3137 404 3207 ἱερέα
477 3137 568 3191 τὸν
625 3139 938 3211 πρεσϐύτην
983 3141 1292 3210 ἐπαρᾶσθαι
1343 3141 1550 3210 λέγων,
1608 3144 1702 3196 καὶ
1753 3143 1828 3207 ὡς

234 3233 523 3303 προσήκει
575 3231 766 3286 τοῦτον
837 3235 1043 3306 εὐμενῆ
1103 3236 1468 3306 καταστῆσαι.
1522 3237 1828 3309 Τοιγαροῦν

233 3324 501 3394 πηδήσας
532 3324 640 3378 ἀπὸ
671 3323 765 3380 τοῦ
798 3325 1049 3394 ζεύγους,
1083 3326 1291 3379 ἱκέτευε
1327 3326 1386 3380 ὃν
1413 3327 1668 3381 διέπτυσε
1688 3345 1700 3358 ·
1735 3330 1830 3382 καὶ

232 3413 357 3468 τῶν
397 3416 576 3468 ποδῶν
609 3417 1159 3489 προκαλινδούμενος,
1194 3418 1288 3471 καὶ
1323 3419 1391 3472 τὰ
1425 3419 1631 3490 πιναρά
1665 3421 1830 3489 ῥάκια

237 3507 756 3576 περιπτυσσόμενος
787 3548 800 3569 ,
839 3509 1070 3579 χαλάσαι
1101 3511 1202 3581 τὴν
1236 3510 1404 3582 ὀργὴν
1443 3511 1735 3581 ἠντιϐόλει.
1773 3515 1833 3567 Ὀ

235 3597 307 3652 δὲ
341 3599 440 3668 τὴν
479 3598 718 3652 ἱκετείαν
743 3601 1057 3670 δεξάμενος,
1096 3605 1190 3656 καὶ
1223 3604 1429 3676 ταύτην
1472 3606 1550 3676 τῷ
1585 3607 1834 3681 Δεσπότῃ

241 3688 660 3760 προσενεγκὼν,
691 3690 849 3744 ἔλυσε
877 3693 986 3747 τῶν
1027 3695 1240 3764 τροχῶν
1272 3699 1398 3762 τοὺς
1447 3700 1715 3768 ἀοράτους
1744 3701 1832 3753 δε·-

240 3784 443 3852 σμοὺς,
477 3784 576 3836 καὶ
600 3783 864 3856 φέρεσθαι
895 3786 1143 3856 συνήθως
1171 3787 1231 3840 τὸ
1263 3787 1449 3861 ὄχημα
1481 3793 1832 3862 παρεσκεύα-

239 3892 328 3929 σε.
365 3876 541 3930 Πολλὰ
563 3877 619 3929 δὲ
648 3878 740 3931 καὶ
768 3877 902 3933 ἄλλα
935 3879 1158 3933 τοιαῦτα
1198 3884 1327 3954 περ)⁸
1365 3887 1462 3955 τῆς
1498 3885 1648 3949 θείας
1682 3887 1828 3938 ἐκεί-

236 3983 342 4035 νης
391 3969 634 4039 κεφαλῆς
663 3970 998 4041 διηγοῦνται.
1043 3975 1198 4027 Ἐστι
1249 3975 1304 4028 δὲ
1353 3977 1450 4028 καὶ
1505 3978 1569 4030 ἐκ
1623 3978 1831 4030 τούτων

239 4060 620 4127 καταμαθεῖν,
671 4061 746 4123 ῶς
788 4063 994 4132 ἥκιστα
1047 4064 1290 4116 λωϐᾶται
1349 4067 1461 4128 τοῖς
1519 4065 1830 4135 φιλοσοφεῖν

237 4150 702 4218 προαιρουμένοις
743 4154 777 4220 ἡ
830 4155 887 4204 ἐν
935 4154 1124 4206 ἄστεσι
1157 4155 1250 4205 καὶ
1307 4154 1525 4224 κώμαις
1554 4159 1822 4230 διατριϐή.

240 4240 459 4306 Ἐδειξε
486 4241 596 4312 γὰρ
623 4239 780 4306 οῦτός
811 4260 872 4296 τε
901 4244 996 4296 καὶ
1021 4245 1068 4296 οἱ
1097 4243 1222 4296 κατ’
1245 4245 1409 4297 αὐτὸν
1433 4247 1532 4318 τῆς
1561 4249 1656 4302 τοῦ
1691 4251 1826 4305 Θεοῦ

1941 1779 2194 1847 exegisse
2226 1792 2255 1830 a
2295 1775 2534 1840 colonis,
2567 1774 2926 1842 divinumque
2957 1772 3131 1826 virum
3166 1773 3232 1826 ad
3267 1773 3523 1827 humani-

1939 1878 2104 1924 tatem
2137 1871 2154 1890 ‘
2185 1868 2336 1923 illum
2371 1868 2720 1930 informasse,
2751 1866 3143 1934 hortatumque
3177 1879 3322 1930 esse,
3356 1880 3420 1919 ac
3451 1865 3522 1920 de

1941 1961 2322 2016 misericordia
2379 1968 2434 2014 et
2484 1958 2822 2026 benignitate
2861 1957 3027 2010 verba
3072 1954 3270 2008 fecisse
3315 1973 3328 2009 :
3366 1956 3518 2008 illum

1942 2071 2070 2108 vero
2118 2052 2524 2122 implacabilem
2573 2049 2916 2120 perstitisse,
2977 2047 3070 2100 sed
3124 2047 3518 2101 obstinationis

1939 2147 2198 2200 damnum
2243 2142 2584 2212 experientia
2629 2139 2911 2194 didicisse.
2961 2137 3097 2192 Nam
3140 2153 3263 2191 cum
3307 2138 3520 2191 abeun-

1939 2236 2068 2288 dum
2113 2243 2278 2295 esset,
2311 2233 2591 2302 rbedaque
2621 2241 2832 2301 parata,
2882 2229 3081 2284 sedens
3123 2229 3240 2298 ipse
3275 2230 3520 2298 aurigam

1940 2330 2119 2380 mulas
2163 2327 2397 2377 incitare
2439 2324 2784 2392 praeciperet,
2821 2321 3208 2374 eluetahantur
3249 2321 3353 2374 illze
3394 2320 3518 2389 qui-

1938 2419 2058 2472 dem
2100 2419 2233 2470 totis
2271 2417 2504 2477 viribus,
2549 2419 2603 2469 et
2646 2413 2869 2466 rhedam
2911 2412 3129 2466 trahere
3173 2411 3518 2469 nitebantur.

1939 2509 2035 2566 sed
2070 2519 2203 2564 rota:
2236 2508 2379 2563 ferro
2415 2507 2748 2578 plumboque
2781 2503 3024 2558 astricta:
3060 2502 3412 2555 videbantur.
3453 2500 3520 2554 Et

1937 2616 2062 2656 cum
2095 2599 2430 2653 rusticorum
2474 2610 2696 2664 quoque
2734 2594 3031 2648 multitudo
3077 2601 3230 2648 rotas
3273 2593 3522 2647 vectibus

1939 2683 2228 2754 impellens
2261 2682 2398 2736 nihil
2425 2681 2741 2751 proliceret,
2767 2677 3120 2732 familiarium
3149 2691 3294 2730 unus
3323 2675 3516 2730 Letoio

1936 2775 2190 2831 assidens
2213 2787 2439 2828 causam
2469 2771 2763 2842 suggessit,
2791 2769 3187 2840 imprecatione
3212 2783 3370 2823 usum
3395 2783 3518 2823 esse

1938 2866 2132 2920 dicens
2156 2880 2340 2919 senem
2363 2861 2724 2923 sacerdotem,
2753 2875 2988 2928 eumque
3011 2858 3213 2928 placari
3237 2867 3516 2928 oportere.

1939 2942 2131 3025 Quare.
2163 2956 2426 3011 desiliens
2465 2955 2532 3008 de
2571 2953 2740 3007 rheda
2781 2952 3010 3022 supplex
3055 2951 3132 3004 illi
3181 2949 3358 3006 factus
3407 2959 3514 3014 est,
3587 2961 3592 2964 '

1936 3065 2097 3120 quem
2135 3055 2440 3119 spreverat,
2469 3047 2702 3116 ejusque
2736 3044 2970 3115 pedibus
3000 3043 3315 3106 advolutus,
3348 3051 3404 3099 et
3430 3044 3516 3097 la-

1936 3158 2096 3198 ceros
2126 3157 2341 3211 pannos
2377 3141 2733 3208 amplectem.
2774 3137 2986 3206 rogavit
3017 3147 3078 3192 ut
3119 3137 3253 3191 iram
3291 3152 3517 3206 compc-

1936 3243 2136 3291 sceret.
2159 3235 2331 3304 Cujus
2362 3233 2452 3287 ille
2480 3245 2672 3302 preces
2703 3231 3023 3294 exaudiens,
3049 3239 3098 3284 et
3129 3229 3359 3284 Domino
3382 3246 3526 3285 suas'

1936 3325 2192 3388 offerens,
2216 3323 2436 3379 occulta
2460 3331 2706 3376 rotarum
2735 3321 2956 3376 vincula
2986 3321 3234 3384 resolvit,
3257 3337 3518 3374 currum-

1937 3431 2046 3487 que
2082 3415 2148 3470 de
2183 3429 2335 3468 more
2363 3412 2500 3471 ferri
2526 3411 2796 3482 permisit.
2833 3411 2954 3464 Alia
2985 3410 3304 3480 hujusmodi
3345 3410 3514 3464 multa

1933 3502 2000 3559 de
2025 3503 2212 3558 divino
2250 3503 2344 3556 illo
2387 3502 2568 3571 capite
2615 3507 3017 3556 memorantur.
3061 3498 3139 3552 Ex
3188 3499 3276 3553 his
3327 3508 3512 3554 autem

1933 3597 2149 3652 discere
2181 3596 2328 3660 licet,
2365 3595 2596 3649 minime
2623 3593 2841 3648 allicere
2869 3591 3250 3662 philosophari
3281 3579 3516 3647 volenti-

1931 3691 2056 3757 bus,
2101 3692 2145 3746 si
2185 3691 2240 3745 in
2277 3690 2510 3744 urbibus
2545 3689 2626 3743 vel
2675 3688 2732 3741 in
2775 3687 2914 3742 vicis
2956 3687 3224 3742 habitent.
3259 3685 3525 3742 Ostendit-

1931 3785 2076 3839 enim
2109 3792 2162 3840 et
2194 3785 2282 3838 hic
2318 3783 2456 3853 ipse,
2495 3789 2550 3837 et
2595 3781 2688 3852 qui
2735 3779 2856 3851 ejus
2900 3781 3112 3836 similes
3167 3780 3255 3834 Dei
3303 3781 3512 3834 cultum

1932 3876 2084 3930 cordi
2113 3876 2332 3939 habent,
2357 3873 2472 3928 fieri
2503 3888 2690 3942 posse,
2719 3873 2936 3942 1219
2964 3881 3024 3927 ut
3046 3873 3100 3926 in
3130 3873 3306 3929 media
3333 3873 3516 3927 homi-

1933 3981 2063 4018 ntun
2092 3963 2402 4034 frequentia
2437 3963 2530 4031 qui
2567 3972 2884 4028 versantur,
2924 3961 2991 4015 ad
3028 3965 3208 4031 ipsum
3245 3963 3511 4014 virtutum

1933 4076 2142 4145 apicem
2179 4076 2522 4142 perveniant.
2561 4073 2690 4126 Mihi
2737 4085 2892 4135 vero,
2931 4079 2989 4124 ut
3021 4071 3102 4124 rel
3144 4069 3308 4139 paulo
3341 4084 3510 4138 supra

1933 4162 2096 4214 imam
2127 4160 2332 4213 montis
2370 4166 2580 4228 partem
2605 4157 2898 4227 provehar,
2925 4157 3142 4230 utinam
3173 4172 3364 4212 eorum
3391 4171 3516 4226 pre-

1934 4255 2095 4308 cibus
2125 4252 2430 4322 contingat.

233 4335 562 4406 φροντισταὶ
592 4333 910 4406 θεραπείας,
943 4335 1018 4398 ὡς
1047 4334 1273 4389 δυνατὸν
1339 4338 1433 4390 καὶ
1467 4341 1524 4392 ἐν
1553 4339 1706 4412 μέσῳ
1731 4343 1943 4397 πολλῶν
1989 4342 2411 4416 στρεφομένους,
2476 4340 2644 4411 αὐτῆς
2701 4339 2988 4409 ἐφικέσθαι
3023 4339 3122 4409 τῆς
3161 4340 3268 4393 τῶν
3304 4340 3514 4411 ἀρετῶν

227 4429 513 4502 κορυφῆς.
539 4422 647 4492 ἿΙς
693 4428 805 4497 ἐγὼ
836 4430 934 4500 τῆς
975 4429 1106 4494 γοῦν
1159 4431 1439 4502 ὑπωρείας
1479 4435 1676 4506 μικρὸν
1704 4437 1818 4491 ἀνω
1857 4439 2121 4511 γενοίμην
2151 4440 2271 4502 ταῖς
2300 4437 2509 4492 τούτων
2534 4437 2870 4507 προσευχαῖς
2900 4434 3283 4507 βοηθούμενος.

686 4522 788 4575 lE'.
819 4550 888 4560 —
918 4521 1288 4576 ΑΚΕΨΙΜΑΣ
1313 4524 1374 4577 ³⁸.
1439 4575 1442 4580 .

327 4613 623 4684 Ἀκεψιμᾶς
651 4613 794 4667 κατὰ
819 4611 910 4667 τδν
936 4614 1098 4668 αὐτὸν
1123 4615 1316 4692 γέγονε
1345 4617 1558 4688 χρόνον,
1579 4612 1641 4674 οῦ
1669 4619 1824 4685 κλέος

219 4705 371 4775 εὐρὺ
405 4706 547 4760 κατὰ
576 4707 757 4758 πᾶσαν
782 4705 879 4774 τὴν
903 4706 1038 4761 Ἕω.
1069 4701 1240 4770 Οὗτος
1269 4710 1326 4760 ἐν
1355 4709 1582 4779 οἰκίσκῳ
1605 4711 1824 4782 καθείρ-

219 4798 340 4861 ξας
367 4797 580 4862 ἑαυτὸν,
599 4798 862 4866 ἐξήκοντα
887 4797 1188 4864 διετέλεσεν
1211 4799 1327 4869 ἔτη,
1363 4801 1501 4872 μήτε
1522 4801 1816 4872 ὁρώμενος,

221 4889 382 4960 μήτε
403 4889 792 4959 φθεγγόμενος,
807 4889 920 4943 ἀλλ’
941 4892 1021 4954 εἰς
1041 4892 1234 4945 ἑαυτὸν
1251 4892 1442 4958 νεύων,
1468 4894 1563 4946 καὶ
1578 4895 1669 4948 τὸν
1687 4895 1819 4948 Θεὸν

217 4969 669 5052 φανταζόμενος,
721 4986 908 5036 πᾶσαν
942 4984 1158 5038 ἐκεῖθεν
1191 4984 1549 5056 ψυχαγωγίαν
1583 4987 1817 5058 ἐδέχετο,

217 5074 380 5128 κατὰ
411 5075 510 5145 τὴν
534 5075 870 5145 προφητείαν
889 5075 989 5147 τὴν
1017 5077 1300 5145 λέγουσανο
1332 5098 1349 5129 ι
1383 5063 1820 5152 Κατατρύφησον

211 5166 332 5220 τοῦ
347 5166 574 5236 Κυρίου,
587 5167 682 5220 xal.
695 5166 804 5238 δῴη
823 5169 990 5234 σοι,τὰ
1011 5171 1288 5241 αἰτήματα
1307 5170 1410 5241 τῆς
1425 5173 1650 5243 καρδίας
1667 5173 1814 5229 sou.)

219 5260 341 5314 Διά
376 5276 521 5321 τινος
548 5259 604 5312 δὲ
647 5258 881 5330 βραχέος
909 5261 1224 5333 ὀρύγματος
1255 5262 1356 5332 τὴν
1391 5267 1548 5337 χεῖρα
1593 5266 1814 5337 προτεί-

311 5369 332 5410 1
351 5370 498 5427 Psal.
533 5388 715 5434 um,
749 5373 803 5425 4.

2382 4528 2424 4583 Χ
2437 4527 2500 4583 ν.
2539 4557 2612 4568 -
2650 4524 3066 4583 ACEPSIMAS.

1999 4621 2107 4678 Per
2130 4620 2272 4676 idem
2313 4629 2529 4690 tempus
2550 4618 2876 4689 Acepsimas
2899 4617 3022 4682 fuit,
3048 4617 3209 4688 cujus
3233 4617 3376 4674 fama
3407 4619 3512 4677 late

1929 4729 2124 4786 sparsa
2181 4723 2267 4770 est
2322 4728 2418 4784 per
2461 4712 2765 4768 Orientem.
2813 4712 2862 4766 ls
2901 4727 3024 4765 eum
3074 4713 3127 4765 in
3176 4713 3510 4766 domuncula

1929 4809 2171 4876 seipsum
2228 4803 2584 4868 inclusisset,
2640 4817 2818 4856 annos
2865 4802 3134 4872 transegit
3186 4803 3506 4872 sexaginta,

1933 4913 2032 4952 uec
2071 4897 2166 4950 ulli
2198 4895 2354 4950 visus
2379 4933 2393 4958 ,
2429 4909 2530 4948 nec
2575 4894 2743 4946 ullum
2776 4893 3066 4960 alloquens
3098 4909 3121 4956 ι,
3174 4892 3268 4946 sed
3307 4895 3362 4946 in
3418 4908 3510 4946 sc-

1931 4991 2111 5060 ipsum
2140 4990 2382 5049 intuens,
2408 4985 2686 5056 Deumque
2701 4986 3105 5054 contemplans,
3137 4999 3350 5037 omnem
3383 4984 3512 5039 inde

1927 5082 2180 5152 capiebat
2206 5077 2664 5140 consolationem,
2687 5077 2846 5146 jUxta
2867 5077 3246 5145 propheticum
3277 5076 3505 5131 dictum:

1935 5193 1952 5225 ι
2007 5173 2290 5228 Delectare
2337 5172 2388 5224 in
2434 5169 2704 5232 Domino,
2760 5177 2816 5222 et
2869 5169 3020 5223 dahit
3077 5169 3169 5223 tibi
3221 5170 3511 5238 petitiones

1927 5267 2114 5322 cordis
2139 5265 2218 5320 tui
2247 5266 2285 5318 ι.
2332 5282 2350 5316 ι
2388 5261 2490 5317 Per
2523 5269 2817 5333 angustum
2845 5275 2975 5315 vero
3007 5261 3250 5315 foramen
3285 5275 3510 5316 manum

1481 5461 1708 5518 VARIIE
1751 5459 2157 5521 LECTIONES.

303 5556 352 5588 ¹⁷
390 5556 653 5618 Λατώῖος.
683 5557 897 5613 "erret.
924 5558 1013 5613 Sic
1049 5559 1210 5612 etiam
1234 5558 1397 5616 patilo
1421 5565 1542 5628 post

211 5625 384 5682 Hist.
417 5629 542 5682 θερί.
585 5629 670 5694 ιν,
703 5629 791 5682 2-25.

1645 5555 1688 5587 “
1734 5555 2046 5628 Ἀκεψεμσῖς
2083 5560 2278 5613 eratin
2314 5559 2528 5617 llervcti
2575 5561 2750 5627 libro,
2799 5557 3035 5629 itemque
3072 5562 3212 5632 apud
3251 5571 3503 5618 nostrum
