3974 6212
257 329 395 399 ΗΠ

1458 330 1859 394 RELiGIOSA
1905 324 2295 390 HISTORIA.

3353 316 3502 378 ’ΜΗ

669 411 674 416 ι
857 399 866 420 \
2587 407 2592 412 ⁴
2951 415 2956 420 .
3023 403 3058 420 tu

252 445 464 510 ἔφησεν,
497 439 555 492 ὲν
594 435 786 507 ἐκείνῳ
820 436 896 508 τῷ
928 436 1112 508 χωρίῳ
1160 439 1496 509 παραδοῦναι
1529 437 1690 492 τοῦτο
1721 454 1820 490 τα-

1934 448 2156 492 mortetn
2190 421 2672 514 simplicitasz'qt‘ti
2700 446 2874 501 neque
3157 427 3296 483 alt‘ii‘s
3340 430 3504 498 spiri—

245 532 342 601 φῇ.
372 528 526 583 οὕτω
576 528 669 582 καὶ
705 527 807 598 τῆς
845 531 981 596 μετά
1031 527 1259 606 θάνατον
1300 528 1576 592 εὐτελείας
1621 529 1821 598 ἐπεμε-

247 619 432 672 λοῦντο
457 617 564 672 τῶν
588 618 834 690 οὐρανῶν
874 621 922 672 οἱ
953 618 1202 672 πολῖται·
1236 619 1330 672 καὶ
1377 618 1500 672 οὔτε
1541 618 1820 688 παριόντες

248 709 391 779 μέγα
424 710 642 779 φρονεῖν
670 707 962 777 ἠνέσχοντο
994 707 1239 768 πώποτε.
1271 707 1366 761 καὶ
1394 707 1821 778 τελευτήσαντες

245 800 306 852 τὸ
349 801 499 870 παρὰ
538 797 841 870 ἀνθρώπων
867 800 969 852 οῦκ
1018 799 1403 853 ἐπεσπάσαντο
1448 799 1648 870 γέρας·
1685 797 1823 852 ἀλλὰ

242 891 305 946 τὸ
345 887 760 964 φίλτρον’ᾶπαν
809 893 889 954 εἰς
922 890 1012 944 τὸν
1057 893 1290 963 νυμφίον
1328 892 1645 962 μετέθεσαν,
1679 890 1825 944 κατὰ

241 982 338 1046 τὰς
396 981 780 1053 σωφρονούσας
831 971 1134 1050 γυναῖκας,’
1169 982 1223 1036 αἶ
1275 983 1428 1054 παρὰ
1484 983 1663 1054 μόνων
1712 982 1822 1034 τῶν

241 1073 526 1143 όμοζύγων
579 1075 672 1128 καὶ
727 1074 1000 1143 φιλεῖσθαι
1047 1075 1141 1127 καὶ
1193 1076 1535 1130 ἐπαινεῖσθαι
1553 1093 1562 1106 ’-
1580 1073 1820 1132 ,σπουδά-
1870 1139 1873 1143 ι

242 1165 414 1232 ζουσι,
475 1167 574 1237 τῆς
624 1168 755 1239 παρ’
807 1149 982 1222 ἄλλων
1029 1169 1306 1238 εὐφημίας
1358 1166 1820 1238 καταφρονοῦσαι.

243 1256 449 1310 Τούτου
477 1259 637 1328 χάριν
667 1259 864 1322 αὐτοὺς
888 1261 915 1312 ὁ
948 1261 1181 1329 νυμφίος
1215 1260 1309 1314 καὶ
1343 1260 1418 1330 μὴ
1463 1258 1823 1329 βουλομένους

242 1349 524 1432 ἀοιδίμους
571 1350 854 1422 ἀπέφηνε,
905 1350 998 1405 καὶ
1053 1352 1150 1422 τῆς
1196 1351 1326 1422 παρ’
1378 1349 1688 1422 ἀνθρώποις
1736 1351 1822 1402 εύ-

244 1439 432 1505 κλείας
470 1444 532 1508 ἐκ
570 1442 887 1514 περιουσίας
941 1442 1267 1513 μετέδωκεν.
1305 1442 1474 1495 Ὅταν
1505 1440 1611 1512 γάρ
1643 1457 1727 1505 τις
1755 1442 1825 1496 τὰ

245 1533 363 1586 θεῖα
390 1533 591 1603 μετιὼν
623 1536 745 1604 αίτῇ
775 1535 844 1588 τὰ
881 1534 1126 1605 οὐράνια,
1162 1535 1487 1605 προστίθησι
1530 1537 1646 1606 μετ’
1679 1535 1824 1590 ὲκεί-

244 1641 351 1676 νων
398 1626 493 1675 καὶ
521 1625 684 1694 ἕτερα
718 1618 1040 1693 πάμπολλα,
1081 1617 1488 1687 πολλαπλασίας
1536 1623 1634 1688 τάς
1674 1625 1828 1696 citri}—

245 1731 361 1775 σεις
391 1714 754 1785 δωρούμενος.
784 1716 954 1770 Τοῦτο
986 1717 1117 1785 γοῦν
1148 1719 1242 1771 καὶ
1275 1717 1582 1788 νομοθετῶν
1607 1715 1789 1785 ἔλεγεν
1809 1734 1823 1747 ο

1924 536 2014 583 tus
2043 507 2331 598 gesserunt
2352 531 2618 595 unquam,
2638 531 2693 578 et
2721 507 3530 598 mortuitali-hominibus'glm'.

1924 597 2065 674 riam
2087 633 2194 673 non
2217 625 2508 688 captarun’t
2533 608 2558 670 ἰ
2585 609 2688 670 sed
2708 603 2888 688 totum
2903 607 3147 680 aiiiorem
3168 597 3501 682 iiﬁiib‘risttm
3533 615 3558 644 ι’

1924 711 2330 766 transtulerunt
2385 705 2709 779 pudicarum
2760 687 3264 779 miot’emu'lieruui,
3304 707 3424 772 (pne
3475 721 3502 755 a

1925 803 2058 860 solis
2081 777 2408 870 coniugibus
2437 808 2492 853 et
2547 777 2807 868 ama’i'ief
2839 797 3051 851 laudari
3086 795 3344 866 cupiunt,
3369 788 3506 849 atin-

1926 873 2789 963 rumquelaudesas‘pérnantur.
2827 885 3135 956 Eapropter
3175 887 3300 940 illos
3343 897 3510 955 spon-

1927 1001 2022 1040 sus
2046 991 2144 1038 nec
2167 979 2420 1038 valentes"
2441 977 2620 1036 Claros
2647 994 2710 1034 ac
2732 978 2999 1034 celebres
3050 977 3303 1042 reddidit,
3335 979 3510 1031 homi-

1926 1069 2168 1146 numque
2191 1061 2433 1144 :gltiri'am
2455 1069 2530 1125 ait
2549 1055 2834 1126 cumulum
2866 1067 3154 1139 impertiit.
3192 1067 3326 1123 Nam
3384 1086 3504 1122 eum

1927 1166 2110 1220 divina
2134 1151 2370 1221 stctans,
2403 1162 2677 1233 quispiam
2733 1159 2977 1216 caelestia
3015 1159 3172 1229 petit,
3221 1173 3326 1211 una
3383 1174 3507 1211 cum

1926 1255 2037 1310 illis
2069 1239 2256 1325 adjicit
2281 1255 2334 1308 et
2364 1253 2491 1319 alia,
2517 1251 2907 1321 mnltiplicatas
2935 1249 3173 1320 largiens
3195 1249 3508 1320 petitiones.

1929 1349 2044 1403 Hoc
2079 1348 2224 1403 enim
2254 1347 2428 1418 legem
2466 1346 2724 1400 sanciens
2783 1358 3003 1414 quoque
3035 1343 3212 1398 dixit:
3267 1361 3285 1394 ι
3339 1343 3514 1398 Petite

1928 1455 2156 1515 regnum
2188 1439 2281 1496 Dei
2306 1439 2644 1508 etjustitiam
2676 1437 2815 1519 ejus,
2843 1445 2896 1492 et
2935 1445 3135 1492 caetera
3196 1437 3380 1491 omnia
3413 1438 3512 1491 ad-

1925 1533 2190 1602 jicientur
2220 1532 2375 1588 vobis
2403 1539 2479 1598 ¹·;
2512 1551 2530 1583 ›
2568 1539 2622 1587 et
2651 1547 2844 1586 rursus
2865 1538 2937 1584 εἰ
2979 1529 3082 1596 Qui
3109 1531 3388 1600 reliquerit
3417 1546 3511 1600 pa-

1929 1633 2069 1679 trem
2095 1636 2148 1680 et
2177 1633 2427 1690 matrem,
2456 1631 2510 1678 et
2535 1621 2751 1688 fratres,
2780 1631 2837 1678 et
2862 1637 3109 1687 uxorem,
3142 1629 3195 1677 et
3221 1621 3362 1676 lilios
3387 1638 3514 1692 prn-

1934 1701 2054 1786 pter
2083 1731 2168 1770 me
2200 1724 2254 1770 et
2299 1713 2649 1786 Evangelium
2688 1730 2888 1778 meum,
2953 1721 3006 1769 et
3051 1715 3104 1768 in
3153 1714 3256 1768 hoc
3313 1715 3514 1769 saeculo

249 1824 268 1855 ι
294 1808 503 1859 Αἰτεῖτε
542 1808 640 1879 τὴν
670 1807 947 1878 βασιλείαν
976 1809 1070 1862 τοῦ
1104 1809 1260 1876 Θεοῦ,
1291 1811 1384 1863 καὶ
1417 1809 1514 1880 τὴν
1551 1801 1826 1862 δικαιοσύο

1935 1783 2250 1876 centuplum
2271 1783 2522 1878 accipiet,
2550 1815 2603 1863 et
2627 1808 2680 1862 in
2713 1806 2897 1861 futuro
2919 1806 3084 1860 vitam
3112 1813 3372 1860 aitet-nam
3398 1822 3517 1877 pos-

243 1916 342 1969 νην
363 1898 550 1962 αὑτοῦ,
575 1900 666 1952 καὶ
691 1901 756 1953 τά
783 1899 947 1954 λοιπὰ
968 1901 1144 1954 πάντα
1169 1900 1602 1972 προστεθήσεται
1628 1901 1776 1970 ὑμῖν.
1805 1918 1823 1950 ι

170 2056 182 2068 ο
245 1986 358 2040 Καὶ
382 1987 542 2040 πάλιν
564 2007 575 2018 ·
608 2007 626 2038 ι
662 1989 722 2042 ’0
751 1989 1180 2059 καταλιμπάνων
1201 1991 1440 2060 πατέρα.
1468 1991 1561 2044 καὶ
1592 1990 1824 2062 μητέρα,

243 2077 346 2132 καὶ
370 2078 653 2164 ἀδελφοὺς,
691 2081 782 2133 καί⁸
815 2084 1074 2150 γυναῖκα,
1117 2081 1212 2135 καὶ
1256 2081 1423 2134 τέκνα
1467 2081 1654 2134 ἕνεκεν
1690 2083 1826 2150 ἐμοῦ

149 2190 158 2198 ·
245 2170 340 2222 καὶ
389 2169 482 2223 τοῦ
522 2172 855 2241 Εύαγγελίου
907 2171 1043 2246 μου,
1079 2174 1174 2227 καὶ
1221 2174 1280 2227 ὲν
1316 2173 1394 2244 τῷ
1427 2173 1603 2228 ἀἰῶνι
1651 2175 1828 2246 τούτῳ

244 2262 775 2318 ἑκατονταπλασίονα
801 2264 1052 2335 λήψεται,
1086 2265 1181 2318 καὶ
1201 2265 1260 2316 ὲν
1293 2265 1370 2336 τῷ
1406 2264 1652 2334 μέλλοντι
1678 2265 1824 2336 ζωὴν

243 2351 465 2406 αἰώνιον
493 2354 916 2427 κληρονομήσει.
946 2376 964 2406 ι
1005 2354 1190 2410 Ταῦτα
1225 2357 1437 2428 εἴρηκε,
1467 2357 1559 2408 καὶ
1593 2358 1825 2428 πεποίη-

1935 1896 2136 1951 sidebit
2165 1905 2212 1950 η.
2257 1916 2273 1950 ι
2314 1895 2438 1951 Haec
2481 1905 2536 1951 et
2581 1895 2718 1951 dixit
2767 1903 2821 1950 et
2873 1895 3084 1967 1222
3143 1894 3295 1952 fecit.
3348 1893 3516 1950 Nobis

1935 2003 2066 2044 vero
2085 1997 2140 2045 et
2179 2005 2434 2044 sermone
2460 2000 2514 2045 et
2560 2005 2726 2060 opere
2785 1992 3039 2057 eruditis,
3098 1998 3262 2061 atque
3318 1991 3514 2046 horum

1933 2081 2190 2150 precibus
2250 2067 2520 2147 subtristis,
2573 2082 2782 2150 utinam
2821 2081 3106 2152 contingat
3165 2081 3231 2136 ad
3286 2097 3514 2154 scopum

1933 2173 2268 2235 collineare,
2322 2173 2387 2226 ad
2443 2173 2690 2228 bravinm
2755 2188 3009 2243 superna:
3061 2173 3402 2237 vocationis,
3461 2173 3518 2226 in

1933 2266 2158 2320 Christo
2191 2261 2318 2317 Jesu
2358 2263 2588 2317 Domino
2619 2274 2832 2330 nostro,
2872 2265 2960 2318 cui
2989 2263 3167 2318 honor
3196 2265 3249 2330 in
3293 2263 3516 2317 satcula.

1934 2355 2126 2411 Amen.

243 2463 361 2499 κεν.
400 2448 576 2519 Ἰἰμᾶς
600 2451 655 2503 δὲ
679 2452 784 2521 εἴη,
820 2453 911 2504 καὶ
939 2451 1084 2522 λόγῳ
1115 2451 1558 2520 παιδευομένους,
1593 2451 1688 2503 καὶ
1708 2453 1827 2514 ταῖς
1903 2448 2110 2504 τούτων
2167 2453 2497 2521 προσευχαῖς
2546 2448 3023 2520 ἐπερειδομένους,
3093 2447 3236 2501 κατὰ
3318 2447 3519 2502 σκοπδν

169 2542 171 2544 ’
239 2537 431 2603 διῶξαι
473 2541 565 2594 ἐπὶ
599 2542 659 2595 τὸ
701 2543 955 2614 βραϐεῖον
1005 2545 1104 2613 τῆς
1152 2543 1264 2596 ἄνω
1297 2541 1562 2613 κλήσεως,
1596 2544 1652 2595 ὲν
1690 2540 1912 2614 Χριστῷ
1951 2540 2123 2614 Ἰησοῦ
2159 2543 2237 2614 τῷ
2315 2541 2504 2613 Κυρίῳ

238 2637 466 2699 αἰῶνας.
505 2638 698 2709 ’Λμήκη
1214 2675 1218 2678 .
1301 2691 1324 2704 θ

779 2728 893 2798 ις’.
927 2761 996 2771 -
1031 2729 1291 2784 ΜΑΡΩΝ.

312 2821 583 2891 Μάρωνος
645 2823 782 2892 μετὰ
846 2823 1052 2876 τούτων
1107 2816 1528 2893 μνησθήσομαιο
1579 2822 1674 2877 καὶ
1721 2823 1826 2892 γὰρ

239 2909 399 2975 οὗτος
438 2912 528 2966 τον
568 2913 711 2966 θεῖον
748 2913 858 2966 τῶν
893 2913 1069 2980 ἁγίων
1099 2911 1258 2983 χορὸν
1295 2911 1701 2983 κατεκόσμησε.
1725 2912 1830 2965 Τὸν

243 3002 519 3074 ὕπαιθρον
539 3002 648 3074 γὰρ
687 3003 1079 3072 ἀσπασάμενος
1113 3001 1248 3071 βίον,
1283 3002 1530 3071 κορυφήν
1552 3018 1670 3056 τινα
1706 3011 1832 3054 κατε

243 3095 460 3159 ἐλαϐεν,
507 3095 610 3150 ὑπὸ
656 3094 764 3147 τῶν
801 3093 964 3148 πάλαι
1015 3093 1292 3148 δυσσεϐῶν
1336 3094 1656 3165 τιμωμένην
1683 3111 1694 3122 ·
1733 3095 1828 3148 καὶ

2584 2540 2761 2612 ἡμῶν,
2802 2532 2845 2610 ᾧ
2883 2541 2986 2614 "ﬁ
3062 2541 3187 2610 δόξα
3239 2542 3318 2601 είς
3393 2539 3519 2600 τοὺς

2473 2719 2614 2776 XVI.
2645 2754 2714 2763 —
2734 2719 2946 2777 MARO.

2000 2819 2274 2875 Maronem
2317 2827 2440 2889 post
2473 2818 2636 2873 istum
2685 2815 3154 2881 commemorabo,
3191 2832 3314 2871 nam
3343 2826 3400 2874 et
3429 2817 3519 2874 hic

1928 2928 2149 2984 quoque
2200 2911 2450 2966 divinum
2531 2918 2858 2967 sanctorum
2922 2908 3151 2978 chorum
3210 2912 3520 2968 exornavit.

1929 3005 2108 3061 Vitam
2127 3006 2272 3060 enim
2313 3005 2416 3060 sub
2439 3004 2532 3060 dio
2549 3020 2712 3075 agere
2729 3019 2854 3059 cum
2884 3002 3238 3067 instituisset,
3264 3005 3520 3061 verticem

1929 3085 2131 3154 montis
2160 3096 2472 3169 occupavit,
2525 3097 2580 3151 in
2637 3096 2846 3150 honore
2886 3095 3017 3149 olim
3075 3093 3322 3150 habitum
3377 3097 3520 3167 apud

241 3189 304 3242 τὸ
332 3191 392 3241 ὲν
425 3189 562 3258 αὐτῇ
596 3187 702 3239 τῶν
745 3186 1015 3257 δαιμόνων
1044 3185 1271 3256 τέμενος
1301 3185 1378 3255 τῷ
1410 3185 1530 3258 Θεῷ
1565 3184 1827 3261 καθοσιώ-

1940 3192 2158 3261 impios,
2183 3190 2602 3259 daamonnmque
2648 3188 2936 3244 delubrum
3003 3188 3112 3243 Deo
3164 3203 3519 3253 consecratis,

245 3300 370 3347 σας,
408 3283 465 3334 ὲν
493 3280 644 3351 αὐτῷ
669 3280 930 3351 διέτριψε,
961 3280 1168 3352 σκηνήν
1202 3296 1324 3331 τινα
1355 3278 1614 3350 βραχεῖαν
1647 3277 1830 3348 ’πηξά-

248 3391 433 3446 μενος,
459 3374 704 3441 ὀλιγάκις
721 3374 776 3425 δὲ
799 3373 970 3444 ταύτῃ
997 3371 1364 3443 χρησάμενος.
1400 3371 1588 3434 Πόνοις
1621 3370 1682 3422 ού
1715 3371 1828 3431 τοῖς

247 3461 499 3514 εἰωθόσιν
529 3464 799 3532 ἐχρήσατο
825 3463 1027 3531 μόνοις,
1061 3461 1195 3515 ἀλλὰ
1220 3461 1314 3515 καὶ
1350 3460 1573 3533 ἐτέρους
1595 3460 1826 3525 ἐπενόει,

245 3553 348 3624 τῆς
403 3554 715 3622 φιλοσοφίας
771 3554 1136 3627 συναθροίζων
1195 3554 1286 3608 τὸν
1341 3554 1589 3608 πλοῦτον.
1660 3554 1719 3608 '0
1773 3553 1828 3608 δὲ

245 3645 601 3713 ἀγωνοθέτης
657 3650 768 3710 τοῖς
820 3649 1002 3710 πόνοις
1060 3648 1156 3718 τὴν
1209 3648 1369 3717 χάριν
1426 3647 1824 3719 ὲπεμέτρησεν.

246 3733 406 3788 υῦτω
436 3735 544 3808 γὰρ
593 3737 743 3808 αύτῷ
788 3737 1057 3800 πλουσίως
1106 3739 1133 3790 ὁ
1182 3737 1562 3810 μεγαλόδωρος
1611 3739 1672 3792 τὸ
1717 3738 1830 3792 τῶν

249 3827 496 3898 ἰαμάτων
519 3828 831 3900 ἐδωρήσατο
864 3830 1130 3900 χάρισμα,
1162 3827 1237 3891 ὡς
1268 3829 1546 3900 πανταχοῦ
1577 3831 1676 3900 μὲν
1701 3831 1829 3883 τού-

247 3935 342 3973 του
366 3920 428 3972 τὸ
459 3919 610 3984 κλέος
641 3921 979 3993 διαδραμεῖν,
1021 3922 1227 3986 πάντας
1263 3921 1319 3974 δὲ
1359 3921 1623 3974 πάντοθεν
1669 3920 1828 3990 ὲφέλυ

250 4011 466 4076 κεσθαι,
498 4013 593 4065 καὶ
622 4016 687 4084 τῇ
717 4013 882 4084 πείρᾳ
919 4013 1126 4078 διδάξαι
1166 4014 1264 4082 τῆς
1299 4013 1491 4082 φήμης
1523 4013 1585 4064 τὸ
1609 4011 1826 4080 ἀληθές.

249 4099 358 4156 Ἶιν
384 4103 489 4171 γάρ
529 4103 674 4167 ἰδεῖν,
711 4106 804 4157 καὶ
831 4106 1098 4174 πυρετοὺς
1126 4102 1523 4172 σϐεννυμένους
1551 4105 1617 4173 τῇ
1652 4102 1830 4173 δρόσῳ

247 4195 350 4266 τῆς
381 4194 652 4262 εὐλογίας,
685 4195 780 4246 καὶ
825 4196 1028 4264 φρίκην
1061 4195 1393 4264 παυομένην,
1430 4195 1526 4247 καὶ
1567 4195 1830 4266 δαίμονας

247 4285 700 4358 δραπετεύοντας,
749 4285 842 4336 καὶ
874 4284 1210 4336 ,παντοδαπὰ
1249 4285 1344 4337 καὶ
1399 4284 1618 4340 ποικίλα
1667 4289 1828 4360 νοσή-

253 4396 399 4448 ματα
437 4377 516 4431 ἐνὶ
556 4377 832 4448 φαρμάκῳ
861 4376 1296 4447 θεραπευόμενα.
1335 4378 1556 4448 Ἰατρῶν
1587 4378 1686 4447 μὲν
1720 4378 1828 4450 γὰρ

248 4471 437 4534 παῖδες
485 4471 702 4540 ἑκάστῳ
751 4469 1036 4541 παθήματι
1076 4468 1410 4540 κατάλληλον
1455 4470 1827 4542 προσφέρουσι

1939 3282 1994 3337 ἰιι
2050 3297 2116 3336 eo
2157 3289 2408 3357 versatus
2445 3287 2553 3345 est,
2594 3293 2765 3350 parvo
2817 3285 3103 3334 exstructo
3138 3279 3520 3346 tabernaculo,

1936 3388 2046 3444 quo
2077 3382 2255 3429 tamen
2289 3388 2415 3428 raro
2451 3388 2586 3428 usus
2609 3381 2714 3426 est.
2753 3369 3060 3426 Laboribus
3091 3379 3274 3427 autem
3311 3389 3370 3428 se
3403 3389 3512 3428 nou

1939 3465 2104 3520 modo
2139 3464 2422 3520 consuetis
2449 3463 2765 3528 exercebat,
2809 3463 2904 3518 sed
2957 3464 3095 3518 alios
3143 3465 3521 3551 excogitabat’

1942 3555 2304 3627 philosoriltia:
2368 3570 2500 3626 opes
2560 3554 2950 3609 accumulans:
3000 3559 3329 3626 agonotheta
3393 3572 3524 3610 vero

1938 3649 2167 3721 gratiam
2198 3663 2362 3719 supra
2403 3647 2618 3702 labores
2673 3647 2955 3701 dimensus
3013 3654 3117 3702 est.
3155 3647 3520 3703 Curationum

1937 3742 2080 3796 enim
2111 3741 2314 3796 donum
2344 3747 2450 3795 tam
2489 3739 2708 3794 abunde
2728 3739 2805 3794 illi
2832 3742 2847 3760 ⁸
2873 3738 3103 3812 largitus
3127 3749 3211 3796 est
3229 3741 3524 3796 muniﬁcus

1940 3831 2102 3899 Deus,
2128 3842 2184 3887 ut
2213 3848 2405 3888 omnes
2434 3832 2490 3887 in
2525 3848 2652 3887 oras
2687 3832 2807 3902 ejus
2842 3831 2984 3886 fama
3032 3832 3374 3903 pervaderet,
3406 3849 3525 3890 ont-

1939 3941 2148 3995 nesque
2181 3925 2424 3994 undique
2469 3926 2792 3990 attralteret,
2826 3935 2878 3978 et
2914 3922 3072 3978 fama:
3107 3925 3393 3980 veritatem
3429 3941 3525 3979 ex-

1939 4015 2202 4087 perientia
2241 4016 2482 4070 doceret.
2518 4013 2714 4069 Videre
2741 4031 2978 4084 namque
3035 4024 3154 4069 erat
3183 4015 3523 4070 benedictio-

1937 4099 2024 4160 nis
2048 4119 2172 4159 rore
2200 4103 2504 4158 exstinctos
2571 4103 2772 4164 febres,
2818 4115 2871 4156 et
2909 4104 3192 4157 horrorem
3247 4103 3520 4162 sedatum.

1937 4204 1991 4250 et
2019 4195 2294 4250 daemones
2323 4195 2376 4247 in
2415 4193 2594 4263 fugam
2632 4202 2808 4256 actos,
2855 4200 2910 4245 et
2962 4192 3216 4247 diversos
3273 4194 3520 4247 omnium

1936 4299 2197 4356 generum
2231 4282 2452 4338 morbos
2494 4297 2605 4337 uno
2666 4282 2966 4352 pharmace
3016 4291 3262 4338 sanatos.
3327 4282 3522 4338 Medici

1936 4375 2138 4448 quippe
2161 4374 2461 4444 unicuique
2484 4372 2676 4427 morbo
2695 4386 2854 4427 suum
2880 4372 3156 4442 applicant
3173 4371 3476 4428 remedium
3503 4391 3518 4425 :
3581 4363 3603 4408 ’-

1937 4476 2251 4524 sanctorum
2285 4473 2466 4521 autem
2495 4465 2673 4520 oratio
2720 4479 3010 4520 commune
3040 4465 3201 4520 malis
3259 4465 3521 4520 omnibus

249 4565 580 4635 φάρμακονο
617 4565 649 4633 ἡ
682 4563 739 4616 δὲ
781 4563 887 4616 τῶν
929 4563 1100 4631 ἁγίων
1153 4563 1437 4635 προσευχὴ
1487 4563 1665 4617 κοινόν
1713 4564 1827 4617 ἐστι

1934 4570 2019 4616 est
2049 4561 2376 4616 remedium.
2404 4558 2516 4615 Nec
2544 4574 2672 4614 vero
2711 4573 3004 4628 corporum
3037 4567 3249 4612 tantum
3295 4558 3521 4630 agritu-

249 4654 440 4707 παθῶν
469 4653 934 4723 ἀλεξιφάρμακον.
965 4654 1037 4706 Οὐ
1077 4651 1238 4723 μόνον
1275 4652 1332 4708 δὲ
1373 4654 1472 4717 τὰς
1510 4654 1829 4724 σωματικάς

249 4747 562 4819 ἀρρωστίας
605 4749 744 4810 ἰᾶτο,
788 4744 924 4804 ἀλλὰ
965 4745 1058 4799 καὶ
1113 4746 1234 4805 ταῖς
1267 4744 1467 4818 ψυχαῖς
1511 4745 1612 4815 τὴν
1661 4746 1830 4815 πρόσ-

251 4849 416 4904 φορον
458 4831 758 4902 θεραπείαν
796 4832 1126 4904 προσέφερε,
1153 4831 1345 4885 τούτου
1381 4833 1480 4903 μὲν
1504 4833 1602 4902 τὴν
1641 4827 1833 4887 ’πλεον-

250 4922 420 4988 εξίαν,
465 4923 675 4976 ἐκείνου
705 4923 762 4976 δὲ
805 4924 895 4976 τὶν
936 4923 1108 4994 θυμὸν
1159 4923 1458 4995 ἰατρεύων·
1509 4925 1603 4978 καὶ
1654 4926 1830 4997 τούτῳ

251 5017 352 5085 μὲν
379 5014 476 5090 τὴν
517 5015 646 5086 περί⁹
697 5014 1057 5086 σωφροσύνης
1100 5014 1449 5070 διδασκαλίαν
1480 5019 1825 5089 προσφέρων,

249 5107 442 5178 ἐκείνῳ
479 5105 536 5158 δὲ
587 5105 901 5176 προστιθεὶς
944 5109 1012 5160 τά
1065 5106 1164 5176 τῆς
1202 5106 1547 5176 δικαιοσύνης
1605 5109 1825 5163 παιδεύ-

250 5213 396 5267 ματα
415 5211 429 5224 ·
460 5213 553 5248 και
580 5193 674 5246 τοῦ
711 5194 809 5264 μὲν
842 5195 941 5267 τὴν
967 5195 1299 5249 ἀκολαστίαν
1329 5197 1624 5262 παιδεύων,
1651 5199 1745 5254 τοῦ
1769 5199 1826 5252 δὲ

247 5289 309 5342 τὸ
337 5287 544 5362 νωθρὸν
578 5287 882 5361 διεγείρων.
919 5287 1104 5360 Ταύτῃ
1153 5288 1434 5360 χρώμενος
1466 5293 1532 5366 τῇ
1559 5292 1826 5364 γεωργίᾳ,

318 5477 360 5507 πι
389 5449 576 5522 Matth.
610 5484 683 5528 vt,
717 5467 808 5520 55.
903 5473 930 5502 ιι
959 5467 1150 5520 Matth.
1184 5484 1294 5522 xix.
1334 5465 1435 5524 29.

1932 4653 2090 4707 dines
2118 4652 2368 4714 curabat,
2401 4651 2494 4706 sed
2517 4649 2715 4704 animis
2737 4649 2902 4704 etiam
2936 4656 3339 4719 congruentem
3361 4660 3521 4702 cura-

1935 4745 2138 4800 tionem
2185 4741 2502 4804 adhibebat,
2537 4739 2703 4806 hujus
2752 4753 2957 4794 sanans
3003 4736 3314 4800 avaritiam,
3371 4735 3521 4789 illius

1939 4835 2320 4901 iracundiam;
2372 4832 2502 4894 huic
2531 4831 2906 4900 temperantia:
2932 4829 3242 4885 doctrinam
3271 4827 3518 4886 tradens.

1935 4928 2013 4981 illi
2043 4925 2256 4998 1223
2283 4933 2553 4997 prazcepta
2585 4923 2722 4978 dans
2749 4922 2981 4992 justitize
3002 4965 3016 4989 ,
3046 4921 3210 4990 hujus
3235 4920 3516 4989 castigans

1941 5017 2398 5073 incontinentiam
2430 5057 2446 5080 ,
2489 5015 2636 5070 illius
2691 5013 2939 5068 excitans
2983 5009 3313 5066 socordiam.
3366 5007 3518 5061 Haut:

1935 5124 2198 5173 exercens
2225 5109 2618 5180 agriculturam
2671 5106 2873 5162 multas
2913 5103 3276 5176 pltilOSOphite
3303 5101 3519 5174 plantas

1935 5202 2142 5268 eduxit,
2175 5213 2229 5257 et
2254 5203 2471 5255 hortum
2499 5198 2780 5269 ltunc,qui
2839 5199 2893 5252 in
2931 5197 3058 5268 Cyri
3095 5195 3319 5266 regione
3375 5206 3519 5247 nunc

1935 5293 2110 5360 ﬂoret,
2139 5294 2248 5349 Deo
2289 5294 2406 5365 ipse
2439 5294 2706 5348 cnnsevit.
2747 5289 2922 5361 Hujus
2976 5286 3336 5360 plantationis
3377 5297 3516 5354 opus

1531 5617 1766 5674 VARIIE
1812 5617 2211 5674 LECTIONES.

322 5717 534 5776 "limo:
568 5710 613 5787 ᾧ
644 5748 715 5758 --
744 5718 915 5791 ἀμην,
955 5718 1158 5772 absunt
1193 5717 1262 5770 ab
1297 5715 1516 5771 llerveti
1552 5715 1824 5771 versione.

535 5813 809 5880 Ριιτοοι..
849 5814 966 5874 Gn.
1026 5812 1342 5877 LXXXII.

3132 5804 3206 5879 ιώ
