3898 6196
471 309 604 374 1419
956 364 969 376 .
1425 310 1911 372 THEODORETI
1954 313 2060 372 ΕΡ]

2165 313 2292 374 lOPI
2333 315 2697 376 CYRENSIS
3052 337 3060 342 '
3601 320 3756 384 1430

462 435 546 480 est
579 439 812 495 magnus
850 422 1110 488 Iacobus,
1151 425 1202 478 in
1227 439 1388 495 quem
1443 427 1818 498 propheticam
1862 443 2046 484 vocem

2165 430 2324 484 πολλὰ
2360 432 2504 501 φυτά
2536 425 2854 502 φιλοσοφίας
2892 435 3154 505 ἀπέφηνε,
3190 434 3284 489 καὶ
3321 436 3416 490 τὸν
3447 437 3544 490 νῦν
3589 443 3652 493 ἐν
3683 445 3757 510 τῇ

463 517 610 571 illam
658 516 852 571 merito
883 517 1008 586 quis
1039 515 1382 572 transferat:
1441 537 1458 570 ι
1524 518 1716 574 Justus
1758 529 1818 574 ut
1874 519 2052 590 palma

2165 521 2342 593 Κύρου
2389 524 2543 596 χώρα
2593 523 2859 594 τεθηλότα
2896 525 3246 602 ,παράδεισον
3292 528 3455 592 αὗτὸς
3493 529 3580 598 τῷ
3631 530 3762 601 Θεῷ

415 651 418 654 .
461 609 700 673 ﬂorebit,
753 608 897 662 sicut
936 608 1138 664 cedrus
1193 624 1313 678 qua:
1339 609 1393 663 iu
1429 610 1638 663 Libano
1673 618 1758 666 est
1789 610 2053 680 multipli-

2165 613 2551 680 κατεφύτευσε.
2585 614 2697 685 Τῆς
2729 613 2921 667 τούτου
2952 615 3285 686 φυτουργίας
3323 616 3483 688 ἔργον
3509 621 3541 670 ό
3574 620 3762 691 μέγας

459 699 748 762 cabitur°,
789 716 808 750 ι
871 698 1078 766 aliique
1133 713 1349 772 omnes,
1406 715 1646 768 quorum
1695 700 2051 763 mentionem,

2169 702 2448 767 Ἰάκωϐος,
2478 707 2558 767 είς
2604 703 2664 758 ὃν
2702 705 2928 768 εἰκότως
2967 706 3030 760 άν
3064 724 3147 770 τις
3178 707 3428 762 ἑλκύσειε
3469 725 3574 781 την
3622 729 3764 782 προ-

461 781 574 837 υεο
628 781 814 845 dante,
865 779 1063 834 faciam
1119 782 1462 880 singulatim.
1514 781 1573 836 lu
1629 781 1776 836 hunc
1832 781 2052 837 modum

2165 790 2395 863 φητικὴν
2414 792 2631 864 ἐκείνην
2661 795 2849 864 φωνήν
2870 813 2885 827 ·
2915 814 2932 846 ι
2956 794 3176 860 Δίκαιος
3199 797 3273 861 ὡς
3292 789 3470 866 φοίνιξ
3490 779 3760 872 ἀνθήσει,

459 876 660 929 divinae
695 888 919 943 operam
943 872 1082 928 dans
1109 872 1483 944 agriculturae,
1528 874 1851 944 animasque
1884 875 2053 930 simul

2165 881 2290 935 ὡσεὶ
2315 883 2504 954 κέδρος
2528 887 2560 956 ή
2593 885 2651 938 ἐν
2682 885 2764 955 τῷ
2794 886 3010 958 Λιϐάνῳ
3036 881 3497 960 πληθυνθήσεται,
3526 911 3550 945 ›
3585 894 3690 945 καί
3718 895 3764 946 οί

462 970 783 1029 εειιοιιε,,ει
825 977 1082 1032 corpora,
1141 963 1291 1018 brevi
1352 964 1545 1018 morbo
1604 964 1920 1031 defunctus,
1960 967 2054 1035 qui

2165 973 2310 1028 ἄλλοι
2336 975 2393 1028 δέ
2440 977 2702 1042 ἅπαντες,
2729 971 2804 1032 ὧν
2836 977 2942 1050 ίὸίᾳ
2969 979 3067 1032 σὺν
3093 979 3216 1050 Θεῷ
3251 971 3416 1049 φάναι
3440 983 3765 1054 μνησθήσε-

463 1063 518 1108 ει
548 1065 759 1108 natura!
791 1054 1253 1120 imbecillitatem,
1285 1063 1338 1110 et
1368 1056 1740 1110 constantiam
1767 1057 1919 1112 illius
1953 1056 2050 1112 de-

463 1145 723 1209 clararet,
751 1146 994 1200 excessit
1027 1161 1056 1201 ε
1085 1146 1217 1201 vita.
1263 1145 1340 1201 Dc
1387 1163 1619 1219 corpore
1669 1159 1856 1203 autem
1913 1150 2058 1204 inter

465 1237 678 1292 vicinos
712 1252 838 1292 acre
867 1245 1046 1300 ortum
1083 1245 1168 1293 est
1229 1237 1453 1294 bellum.
1490 1240 1596 1295 Sed
1623 1240 1724 1295 vici
1755 1240 1969 1295 ﬁnitimi
2000 1249 2056 1297 et

463 1329 720 1402 populosi
756 1329 1113 1385 adventantes
1150 1331 1344 1386 incolae
1375 1332 1538 1387 simul
1585 1348 1804 1402 omnes,
1839 1334 2057 1390 caeteris

467 1422 693 1494 fugatis,
724 1421 1127 1492 optatissimum
1157 1423 1478 1478 thesaurum
1504 1424 2059 1496 abstulere,_templo-

465 1529 573 1584 que
611 1521 892 1568 exstructo
916 1513 1177 1576 maximo,
1224 1514 1277 1567 in
1311 1514 1639 1570 hodiernum
1700 1530 1874 1587 usque
1913 1517 2057 1571 diem

483 1606 779 1660 utilitatem
836 1607 1087 1676 capiunt,
1155 1605 1374 1675 publica
1426 1606 1746 1661 celebritate
1790 1607 2059 1662 victorem

467 1697 624 1752 illum
669 1697 1024 1752 honorantes.
1069 1697 1182 1753 Nos
1219 1712 1349 1752 vero
1377 1697 1540 1752 etiam
1603 1699 1860 1756 absentes
1895 1700 2062 1756 bene--

2162 1081 2283 1135 μαι.
2318 1064 2474 1120 Οὕτω
2517 1067 2574 1120 δὲ
2617 1069 2719 1138 τῆς
2755 1067 2906 1133 θείας
2954 1072 3234 1142 γεωργίας
3285 1074 3759 1145 ἐπιμελούμενος,

2159 1157 2255 1211 καὶ
2283 1158 2460 1228 ψυχὰς
2500 1159 2634 1230 ὁμοῦ
2667 1159 2987 1232 θεραπεύων
3013 1147 3108 1216 καὶ
3143 1163 3394 1235 σώματα,
3427 1168 3760 1239 ἀρρωστίαν

2161 1251 2464 1322 ὑπομείνας
2495 1252 2774 1324 βραχεῖαν,
2806 1254 2894 1308 ἵνα
2945 1257 3037 1309 καὶ
3071 1257 3168 1328 τῆς
3190 1257 3406 1326 φύσεως
3452 1260 3561 1330 τὴν
3599 1261 3760 1314 ἀει-θέο

2158 1356 2331 1407 νειαν,
2368 1345 2461 1396 καὶ
2503 1345 2602 1413 τῆς
2644 1343 3015 1422 προαιρέσεως
3055 1346 3466 1424 καταμάθωμεν
3515 1348 3630 1419 τὴν
3673 1351 3758 1401 ἀν-

2159 1429 2376 1502 δρείαν,
2421 1430 2583 1494 αὐτὸς
2615 1432 2713 1500 μὲν
2759 1431 3030 1503 ὑπεξῆλθε
3080 1434 3170 1487 τὸν
3210 1434 3347 1504 βίον.
3399 1437 3666 1507 Πόλεμος
3707 1439 3754 1490 δὲ

2161 1523 2292 1596 περὶ
2326 1521 2421 1575 τοῦ
2455 1523 2707 1594 σώματος
2750 1527 2863 1588 τοῖς
2903 1525 3271 1594 γειτονεύουσι
3329 1527 3576 1598 συνέστη
3629 1545 3751 1596 ages-

2160 1613 2306 1685 δρός.
2338 1611 2514 1685 Κὼμη
2545 1612 2602 1666 δέ
2632 1619 2717 1677 ⁸εις
2751 1614 2859 1668 τῶν
2891 1615 3109 1686 ὁμόρων
3139 1616 3582 1688 πολυάνθρωπος
3624 1634 3751 1669 παν-

2159 1706 2294 1775 δημὶ
2332 1706 2756 1777 παραγενομένη
2784 1749 2799 1771 ,
2823 1707 2950 1771 τοὺς
2995 1707 3095 1774 μέν
3127 1703 3317 1772 ἄλλους
3345 1708 3649 1774 ἐσκέδασε,
3671 1711 3752 1760 τὴν

466 1789 707 1846 dictione
740 1788 977 1845 fruimur
1011 1788 1246 1846 :suIIicit
1283 1789 1428 1845 enim
1465 1790 1624 1846 uobis
1665 1791 1812 1847 illius
1845 1777 2055 1846 uiemo-

2165 1797 2214 1850 δὲ
2241 1797 2570 1868 τριπόθητον
2611 1799 2818 1851 ἐκεῖνον
2852 1799 3070 1870 ἥρπασε
3111 1797 3408 1870 θησαυρὸν,
3443 1801 3548 1852 καὶ
3595 1803 3752 1869 σηκὸν

467 1884 548 1938 ria
580 1899 678 1954 pro
708 1884 908 1938 loculo.

2161 1889 2650 1960 οἰκοδομησάμενοι
2703 1891 2990 1962 μέγιστον,
3044 1892 3143 1963 τὴν
3201 1894 3414 1946 ἐκεῖθεν
3457 1894 3640 1964 μέχρι
3669 1911 3752 1945 και

467 1976 707 2046 τήμερον
734 1973 1000 2042 ὠφέλειαν
1042 1973 1410 2044 καρποῦνται,
1438 1957 1724 2046 δημοτελεῖ
1745 1976 2053 2049 πανηγύρει
2089 1979 2180 2035 τὸν
2225 1957 2525 2054 νικηφόρον
2568 1957 3183 2056 ἐκεῖνονίγεραίροντες.
3259 1957 3470 2058 Ἡμεῖς.
3669 1991 3752 2040 ui

467 2067 700 2129 ἀπόντες
723 2065 822 2119 τίην
860 2066 1112 2135 εὐλογίαν
1135 2066 1501 2138 καρπούμεθα
1527 2085 1539 2098 ·
1586 2070 1748 2142 άρκετ
1781 2072 1891 2142 γὰρ
1921 2072 2052 2144 ἡμίν
2091 2074 2212 2128 ἀντὶ
2241 2076 2340 2145 τῆς
2380 2075 2555 2148 θήκης
2589 2078 2620 2147 ή
2656 2077 2847 2148 μνήμη

925 2201 1091 2257 XVII.
1116 2234 1182 2242 --
1209 2203 1604 2260 ABRAAMES.

540 2314 867 2372 Admirandi
903 2329 1033 2370 vero
1065 2313 1357 2370 Abraamis
1399 2315 1734 2386 mentionem
1771 2318 2055 2387 praeterire

473 2413 556 2467 l'as
581 2425 690 2465 non
720 2416 803 2465 est
834 2423 899 2463 eo
927 2408 1180 2472 nomine,
1223 2408 1368 2478 quod
1419 2418 1544 2479 post
1569 2409 1734 2463 vitam
1783 2410 2054 2463 monasti-

465 2516 591 2556 cam
649 2498 986 2570 pontiliciam
1036 2497 1366 2568 dignitatem
1404 2498 1709 2553 erornarit.
1760 2496 1894 2552 Nam
1951 2499 2056 2552 hac

475 2592 720 2664 profecto
756 2590 823 2646 de
857 2581 1025 2645 causa
1049 2589 1276 2660 dignior
1308 2590 1570 2644 memoria
1593 2625 1599 2630 -
1613 2588 1738 2658 jure
1784 2588 2054 2654 videatur,

473 2686 621 2758 quod
654 2684 782 2739 vitae
803 2682 1142 2738 institutum
1170 2689 1408 2738 .mutare
1443 2691 1670 2737 coactus
1704 2683 1870 2744 vitam
1899 2685 1915 2702 '
1948 2698 2059 2736 non

477 2779 702 2835 mutarit
729 2816 744 2842 ,
791 2776 886 2832 sed
929 2789 1055 2830 cum
1091 2773 1445 2829 amictatione
1473 2775 1714 2830 ascetica
1739 2773 2056 2840 transiens,
2088 2784 2090 2786 '

479 2869 697 2945 122$
732 2868 1164 2938 monasticisque
1198 2883 1304 2922 una
1333 2867 1616 2923 laboribus
1641 2907 1656 2932 ,
1687 2877 1740 2923 et
1768 2867 2060 2938 pontiﬁca-

477 2966 622 3020 libus
655 2963 805 3017 curis
835 2961 1273 3026 circumsessus,
1305 2961 1430 3016 vita:
1469 2977 1690 3016 cursum
1734 2960 2058 3017 confecerit.

478 3056 545 3111 Et
586 3057 676 3111 hic
711 3069 839 3110 vero
865 3053 995 3125 Cyri
1030 3069 1250 3125 quoque
1303 3054 1543 3126 regionis
1581 3053 1796 3110 l'ructus
1836 3055 1955 3109 fuit.
2003 3054 2060 3108 In

480 3153 583 3207 hac
641 3150 788 3205 enim
839 3157 1005 3204 natus
1049 3150 1306 3218 altusque
1343 3147 1595 3202 asceticas
1648 3148 1874 3202 virtutis
1927 3161 2060 3218 opes

479 3239 722 3311 collegit.
760 3237 855 3292 Sic
886 3237 1033 3292 enim
1074 3237 1228 3291 illum
1268 3240 1424 3291 alunt
1452 3239 1547 3308 qui
1584 3253 1708 3292 cum
1757 3253 1822 3294 eo
1854 3237 2061 3293 versati

487 3338 612 3386 sunt
631 3369 647 3397 ,
671 3329 951 3402 vigilando
976 3338 1029 3383 et
1055 3329 1250 3385 stando
1279 3344 1342 3384 ac
1370 3329 1674 3401 jejunando
1703 3346 1903 3401 corpus
1927 3328 2062 3386 sub:

481 3425 702 3496 egisse,
745 3432 805 3478 ut
853 3422 1157 3478 immobilis
1203 3421 1526 3492 longissimo
1563 3431 1811 3507 tempore
1843 3437 2062 3478 manse-

483 3519 596 3582 rit,
629 3531 757 3571 cum
792 3516 1078 3570 ambulare
1129 3531 1240 3586 non
1291 3523 1500 3587 posset.
1543 3505 1664 3582 Quo
1712 3515 2064 3570 incommodo
2110 3505 2114 3510 ’

482 3607 671 3662 divina
725 3605 1080 3678 providentia
1143 3607 1445 3674 liberatus,
1529 3606 1793 3677 periculis
1849 3621 1908 3661 se
1963 3620 2064 3675 pro

483 3701 673 3753 divina
711 3700 890 3768 gratia
919 3713 1196 3769 exponere
1222 3701 1434 3762 statuit,
1469 3697 1852 3768 Libanumque
1882 3698 2060 3752 vicum

483 3790 784 3843 maximum
819 3801 1010 3858 petens
1039 3827 1055 3853 ,
1089 3803 1251 3858 quem
1287 3788 1586 3860 impietatis
1639 3788 1873 3860 caligine
1917 3787 2063 3843 deti-

483 3880 604 3934 neri
637 3890 958 3950 acceperat,
998 3890 1054 3934 et
1080 3881 1414 3935 monachum
1450 3880 1554 3936 sub
1583 3880 1906 3954 mercatoris
1936 3894 2061 3950 per-

481 3977 619 4027 sona
655 3981 882 4043 tegens,
924 3986 1232 4044 saccosque
1281 3987 1406 4027 cum
1453 3973 1621 4028 sociis
1656 3987 1886 4043 gerens,
1941 3979 2065 4026 tan-

481 4080 647 4135 quam
703 4080 875 4122 nuces
924 4075 1252 4136 empturus,
1295 4081 1530 4136 quarum
1583 4066 1638 4121 in
1691 4081 1756 4122 eo
1797 4065 1920 4120 vico
1954 4080 2065 4137 pra:

481 4157 699 4213 caeteris
738 4166 1044 4228 proventus
1083 4167 1168 4214 εει
1199 4159 1509 4225 maximus,
1540 4159 1704 4214 domo
1751 4156 2025 4213 conducta
2047 4195 2063 4222 ,

482 4251 829 4323 pecuniaque
862 4252 1078 4306 modica
1111 4251 1531 4321 possessoribus
1579 4259 1917 4322 praerogata,
1951 4259 2064 4306 tres

481 4349 577 4396 aut
612 4351 851 4413 quatuor
905 4342 1025 4398 dies
1059 4343 1340 4399 silentium
1395 4342 1591 4412 tenuit.
1623 4341 1819 4396 Postea
1857 4341 2063 4396 sensim

482 4435 730 4490 divinum
753 4435 993 4490 ollicium
1021 4435 1307 4491 moderata
1333 4450 1469 4491 voce
1499 4447 1797 4506 aggressus
1823 4440 1928 4488 est.
1956 4431 2062 4489 Ubi

411 4569 414 4572 .
489 4541 620 4581 vero
659 4524 1008 4580 Psalmorum
1051 4526 1273 4582 auditus
1310 4532 1396 4580 est
1429 4534 1662 4588 naritus,
1698 4526 1965 4580 continuo
1994 4523 2062 4576 ad

480 4619 749 4690 praconis
785 4633 973 4675 vocem
1002 4635 1192 4675 omnes
1213 4603 1529 4676 evocantem
1551 4618 1866 4675 conﬂuxere
1886 4619 1987 4674 viri
2007 4629 2061 4674 et

483 4711 767 4777 mulieres,
794 4709 1115 4783 foribusque
1132 4711 1456 4776 obstructis,
1481 4713 1713 4784 desuper
1729 4729 1758 4768 e
1779 4719 1926 4767 tecto
1944 4725 2061 4786 ma-

477 4818 638 4874 gnam
663 4803 770 4858 vim
789 4804 1033 4873 pulveris
1056 4810 1372 4871 congestam
1402 4802 1773 4860 immiserunt.
1800 4803 1906 4859 Sed
1934 4819 2058 4857 cum

478 4895 740 4952 sull'ocari
775 4903 828 4950 et
877 4896 1034 4951 obrui
1093 4913 1189 4952 eos
1230 4896 1519 4961 viderunt,
1573 4891 1753 4968 neque
1800 4896 1950 4950 aliud
2005 4896 2058 4948 in

479 4989 667 5043 animo
699 4987 935 5052 habere,
969 4994 1053 5043 vel
1091 5003 1286 5056 agerc,
1329 4988 1412 5044 vel
1447 4988 1638 5060 loqui,
1675 4987 1769 5044 sed
1802 4986 1912 5043 Deo
1943 5003 2064 5057 pre-

478 5095 572 5136 ces
605 5088 814 5135 tantum
853 5079 1082 5142 ollerre,
1143 5080 1376 5136 aliorum
1425 5082 1714 5138 admonitu
1751 5081 1820 5136 ab
1848 5083 2060 5135 insania

484 5172 857 5238 destiterunt,
904 5173 1274 5244 reseratisque
1320 5172 1544 5243 januis,
1591 5189 1621 5228 e
1661 5173 1886 5244 pulvere
1933 5174 2059 5228 abs-

482 5272 690 5320 tractos
737 5262 890 5319 abire
949 5278 1074 5319 mox
1119 5263 1425 5334 jusserunt.
1458 5265 1528 5318 At
1572 5263 1762 5319 eodem
1809 5271 2060 5334 tempore

476 5365 762 5412 exactores
804 5354 1136 5422 adfuerunt,
1171 5357 1264 5426 qui
1312 5356 1515 5412 tributa
1545 5356 1781 5426 pendere
1820 5355 2059 5426 compel-

477 5446 660 5502 lehant
687 5490 703 5514 ,
743 5457 796 5503 et
826 5447 964 5504 alios
998 5449 1268 5513 vinculis,
1314 5449 1454 5503 alios
1499 5447 1820 5503 verberibus
1848 5446 2050 5501 allicie-

475 5536 629 5593 bant.
659 5537 884 5596 Divinus
922 5556 1055 5596 vero
1086 5541 1174 5596 ille
1219 5540 1435 5612 1225
1497 5542 1598 5609 vir,
1652 5540 1793 5597 haud
1844 5555 2053 5596 memor

545 5745 574 5774 ⁸
609 5738 751 5793 Psal.
782 5755 888 5806 xor,
918 5743 1004 5795 15.

2634 2211 2731 2268 ΙΖ’.
2769 2242 2838 2253 -
2871 2212 3266 2267 ΑΒΡΛΑΜΗΣ.

2232 2325 2367 2380 Ούδέ
2415 2324 2730 2398 ’Δϐραάμου
2760 2324 3201 2396 τοῦιθαυμαστοῦ
3227 2325 3324 2397 τὴν
3365 2327 3608 2397 μνήμην
3659 2347 3746 2382 me

2162 2420 2413 2487 ραλιπείν
2441 2417 2660 2486 εὐαγὲς,
2698 2419 2967 2489 προφάσει
2997 2419 3338 2490 χρωμένους,
3364 2420 3450 2472 ὅτι
3479 2422 3634 2488 μετὰ
3671 2425 3748 2473 τὴν

2165 2511 2376 2582 μονήρη
2408 2509 2521 2580 βίον
2547 2509 2644 2580 τὴν
2673 2511 3065 2582 ἀρχιερατικὴν
3098 2510 3386 2582 ἐφαίδρυνε
3429 2513 3744 2582 προεδρίαν.

2167 2603 2356 2673 Πολλῷ
2385 2602 2494 2673 γὰρ
2515 2603 2782 2673 δήπουθεν
2813 2603 3002 2657 τούτου
3037 2620 3098 2672 γε
3120 2603 3287 2658 ῑνεκα
3314 2606 3745 2676 ἀξιομνημονεν-

2166 2695 2385 2766 τότερος
2429 2694 2652 2757 εἰκότως
2703 2694 2768 2749 ἂν
2798 2697 2908 2766 εἴη,
2951 2697 3032 2750 ὃτι
3060 2696 3159 2767 τὴν
3192 2688 3471 2749 πολιτείαν
3516 2697 3746 2766 βιασθεὶς

2165 2786 2451 2852 ἐναλλάξαι
2483 2786 2575 2839 τὸν
2597 2785 2714 2856 βίον
2733 2787 2831 2840 ούκ
2857 2788 3107 2858 ήμειψεν,
3139 2788 3275 2842 ἀλλὰ
3299 2792 3438 2859 μετὰ
3459 2791 3572 2860 τῆς
3599 2793 3748 2858 ἀτιτπ

2157 2879 2327 2950 τικῆς
2361 2878 2562 2950 μετέϐη
2585 2880 2957 2944 κακοπαθείας
2987 2922 3000 2944 ,
3035 2881 3127 2934 καὶ
3153 2881 3294 2935 κατὰ
3340 2884 3552 2936 ταύτὸν
3599 2903 3745 2954 μονα-

2168 2973 2343 3042 χικ-οῖς
2371 2988 2430 3024 τε
2464 2969 2668 3034 πόνοις,
2698 2971 2790 3024 καὶ
2821 2972 3232 3042 ἀρχιερατικαίς
3273 2975 3748 3043 περιστοιχιζόμε-

2167 3077 2256 3124 νος
2278 3059 2543 3131 φροντίσι,
2574 3057 2666 3113 τοῦ
2696 3058 2812 3130 βίου
2842 3060 2932 3113 τὸν
2953 3059 3150 3130 δρόμον
3183 3061 3426 3132 ἐξήνυσε.
3457 3063 3580 3116 Καὶ
3611 3059 3750 3123 οὗτος

2088 3126 2129 3185 C
2163 3152 2219 3206 δέ
2407 3151 2592 3223 Κύρου
2631 3126 2816 3224 χώρας
2871 3126 3116 3223 καρπός-,γ
3170 3126 3458 3224 Ἐνταύτῃ
3518 3155 3750 3225 γὰρκαὶ

2163 3243 2374 3314 τεχθεὶς
2397 3244 2492 3297 καὶ
2515 3244 2740 3317 τραφεὶς
2769 3243 2868 3314 τῆς
2897 3241 3206 3318 ἁπκητικῆς
3227 3244 3416 3314 ἀρετῆς
3444 3244 3548 3295 τόν
3582 3246 3754 3297 ﬁlo-3-

2150 3350 2256 3396 ,τον
2287 3333 2553 3398 συνέλεξε.
2581 3334 2828 3404 Τοσαύτη
2860 3333 2968 3405 γὰρ
3006 3335 3165 3388 αὐτόν
3193 3351 3343 3404 φασιν
3375 3336 3424 3387 οἱ
3455 3351 3752 3404 συγγεγο-

2163 3425 2313 3490 νότες
2334 3425 2632 3497 ἀγρυπνίᾳ,
2664 3423 2759 3479 καὶ
2789 3425 2997 3488 στάσει,
3026 3425 3120 3478 καὶ
3154 3426 3395 3496 νηστεία,
3419 3427 3748 3497 καταδαμά-

2167 3533 2256 3571 σαι
2283 3519 2343 3570 τὸ
2375 3517 2534 3588 σῶμα
2563 3557 2577 3582 ,
2613 3517 2688 3580 ὡς
2722 3517 2978 3586 ἀκίνητον
3027 3519 3118 3570 ἐπὶ
3167 3517 3415 3569 πλεῖστον
3469 3518 3744 3586 διαμεῖνει

2164 3608 2378 3680 χρόνον,
2400 3610 2600 3680 ίήκιστα
2633 3608 2870 3678 βαδίζειν
2897 3607 3214 3678 δυνάμενον.
3263 3609 3399 3678 Θεία⁵
3422 3609 3482 3662 δὲ
3537 3627 3746 3679 προμηο

2165 3699 2284 3772 θείᾳ
2316 3701 2416 3769 τῆς
2459 3697 2744 3760 ἀσθενείας
2782 3698 2997 3770 ἐκείνης
3054 3698 3414 3766 ἀπαλλαγεὶς,
3468 3701 3745 3762 κινδῦνους

2164 3792 2495 3860 εἰσενεγκεῖν
2541 3790 2664 3845 ἀντὶ
2705 3789 2805 3859 τῆς
2848 3789 2996 3853 θείας
3044 3790 3267 3859 χάριτος
3311 3790 3630 3861 ἠϐουλήθη,
3665 3791 3745 3842 καὶ

2165 3882 2574 3955 καταλαμϐάνει
2622 3867 2730 3937 τὸν·
2761 3882 2992 3937 Λίϐανον
3041 3882 3234 3954 κώμην
3287 3885 3408 3937 τινά
3461 3885 3742 3954 μεγίστην,

2166 3976 2492 4047 κατέχεσθαι
2524 3977 2602 4048 τῷ
2635 3979 2734 4048 τῆς
2767 3975 3019 4041 ἀσεϐείας
3050 3975 3196 4048 ζόφῳ
3242 3977 3592 4048 μεμαθηκώς
3615 3996 3631 4008 ·
3667 3981 3745 4030 καὶ

2165 4069 2492 4141 προσωπείῳ
2526 4067 2810 4140 ἐμπορικῴ
2835 4068 2894 4122 τὸ
2931 4068 3223 4138 μοναχικὸν
3258 4068 3556 4139 πρόσωπον
3587 4087 3746 4122 κατα-

2166 4161 2401 4236 κρύψας,
2440 4163 2533 4216 καὶ
2563 4161 2828 4225 θυλάκους
2860 4160 2998 4231 μετὰ
3030 4161 3137 4214 τῶν
3173 4161 3442 4214 συνόντων
3489 4163 3747 4232 ἐπι-,μερί-

2169 4269 2350 4324 μενος,
2402 4251 2478 4316 ὡς
2506 4251 2665 4323 δῆθεν
2697 4251 3042 4322 ὠνησόμενος
3093 4251 3294 4321 κάρυα,
3351 4249 3550 4303 τοῦτον
3587 4253 3746 4321 γάρὴ

2166 4343 2329 4415 κώμη
2382 4343 2747 4413 διαφερόντως
2801 4343 2963 4414 ἔφερε
3010 4335 3102 4395 τδν
3152 4343 3385 4413 καρπον,
3429 4346 3530 4395 καὶ
3575 4345 3748 4395 οξκὲατ

2098 4477 2140 4536 D
2172 4435 2606 4507 μισθωσάμενος,
2639 4436 2733 4489 καὶ
2763 4434 2918 4502 όλίγα
2940 4434 3198 4504 χρήματα
3235 4437 3344 4497 τοῖς
3387 4438 3748 4505 κεκτημένος

2169 4528 2544 4602 προδεδωκὼς,
2574 4531 2723 4600 τρεῖς
2763 4528 2860 4598 μὲν
2902 4529 2996 4581 καὶ
3034 4528 3310 4598 τέσσαρας
3358 4527 3586 4598 ἡμέρας
3637 4532 3746 4598 $.-

2157 4622 2288 4693 ’χίαν
2316 4618 2472 4692 ἦγεν.
2519 4614 2651 4673 Εἶτα
2699 4618 2838 4673 κατὰ
2877 4619 3073 4690 μικρὸν
3120 4620 3216 4688 τῆς
3252 4619 3400 4682 θείας
3427 4619 3624 4688 ἥψατο
3661 4623 3728 4671 is:

2163 4713 2444 4785 τουργίας,
2479 4711 2674 4784 μετρία
2701 4713 2850 4783 φωνῇ
2898 4710 3256 4781 κεχρημένος.
3300 4709 3520 4780 Ἐπειδὴ
3568 4711 3638 4764 δὲ
3673 4713 3750 4780 τῆς

2163 4805 2484 4876 ψαλμῳδίας
2510 4801 2828 4874 ἐπῄσθοντο,
2852 4803 2880 4855 ὁ
2911 4802 3007 4872 μέν
3048 4801 3224 4872 κήρυξ
3251 4801 3378 4855 ἐϐόα
3401 4803 3499 4854 καὶ
3524 4807 3740 4856 συντεζῖ

2163 4898 2244 4950 λει
2271 4897 2479 4960 πάντας
2504 4910 2517 4923 ·
2553 4894 2900 4970 συνελέγοντο
2927 4893 2984 4946 δὲ
3030 4895 3124 4946 καὶ
3174 4892 3384 4963 ἄνδρες,
3422 4895 3519 4946 καὶ
3557 4897 3752 4962 τυναί-

2170 5007 2285 5054 κες,
2319 4991 2412 5043 καὶ
2437 4989 2535 5051 τὰς
2569 4987 2738 5060 θύρας
2785 4984 3304 5059 ἀνοικοδομήσαντες
3329 5027 3344 5051 ,
3395 4985 3619 5040 ἄνωθεν
3661 4987 3755 5040 ἀπὸ

2169 5081 2268 5151 τῆς
2315 5081 2522 5152 ὀροφῆς
2572 5079 2738 5133 πολὺν
2773 5079 2902 5150 χοῦν
2952 5080 3356 5152 συμφοροῦντες
3391 5079 3752 5134 κατέϐαλλον.

2180 5172 2264 5236 Ὦς
2289 5173 2345 5227 δὲ
2383 5171 2571 5245 ἐώρων
2599 5173 3072 5244 άποπνιγομένους
3105 5176 3200 5228 καὶ
3222 5174 3643 5246 χωννυμένους,
3677 5176 3754 5226 οὐ·

2163 5265 2253 5321 ὁὲν
2283 5263 2406 5319 οὗτε
2437 5264 2592 5336 δρᾷν,
2623 5264 2746 5318 οὔτε
2773 5265 2951 5334 λέγειν
2977 5263 3252 5330 θέλοντας,
3286 5266 3455 5337 εὐχὴν
3493 5267 3556 5320 δὲ
3593 5270 3756 5338 μόνην

2119 5401 2124 5404 .
2164 5355 2242 5427 τῷ
2269 5354 2389 5426 Θεῷ
2439 5356 2909 5427 προσκομίζοντας
2935 5395 2949 5420 ,
2984 5357 3095 5410 τῶν
3130 5357 3331 5426 ἐτέρων
3374 5359 3756 5429 ὑποθεμένων,

2164 5450 2259 5519 τῆς
2294 5449 2490 5520 μανίας
2520 5447 2846 5503 ἐπαύσαντο.
2891 5445 3020 5503 Εἶτα
3058 5449 3157 5514 τάς
3197 5449 3366 5522 θύρας
3414 5451 3754 5517 ἀνοίξαντες,

2163 5542 2257 5595 καί
2285 5539 2376 5594 τοῦ
2411 5539 2665 5613 χώματος
2697 5541 3142 5620 ἀνασπάσαντες,
3176 5541 3398 5596 ἀπιέναι
3432 5543 3754 5616 παραυτίκα
