3898 6196
327 299 458 364 ttat
527 379 533 385 _

1518 297 1920 360 RELIGIOSA
1997 300 2382 361 HISTORIA.

3455 307 3474 368 1
3487 309 3589 371 422

321 415 598 471 ἐκελευον.
659 407 820 466 Ἀλλὰ
859 411 983 466 κατ’
1019 411 1180 466 αὑτὸν
1230 412 1319 466 τδν
1353 412 1547 484 καιρὸν
1596 413 1903 484 πράκτορες

2008 427 2199 468 eorum
2237 429 2360 483 qua:
2393 414 2446 467 in
2486 413 2662 484 ipsum
2692 421 2812 468 arta
2869 413 3124 483 fuerant,
3170 418 3265 474 sed
3301 417 3588 478 Dominum

320 507 603 576 ἀφίκοντο,
633 501 732 566 τας
756 503 1339 574 εἰσφοράςέκτιννύειν
1371 503 1900 571 καταναγκάζοντεςο

321 599 427 653 καὶ·
441 598 568 660 τοὺς
593 595 690 666 μὲν
711 593 992 666 ἐδέσμουν,
1015 597 1142 658 τοὺς
1161 595 1217 648 δέ
1243 595 1517 666 ᾐκίζοντο.
1552 594 1695 646 Ἀλλ’
1714 595 1743 646 6
1763 593 1905 657 θεῖος

321 692 526 751 ἐκεῖνος
555 688 714 758 ἀνὴρ,
750 685 962 746 οὐδενὸς
1000 685 1226 739 ἐκείνων
1269 687 1376 738 τῶν
1423 689 1504 749 εἰς
1544 687 1707 740 αὑτὸν
1737 703 1913 755 γεγε.¹

323 779 572 850 νημέθων
615 775 1006 846 ἀναμνησθεὶς,
1040 776 1132 828 τὸν
1153 777 1210 830 δὲ
1237 778 1516 846 Δεσπότην
1547 777 1902 847 μιμούμενος,

320 871 378 934 ὃς
407 869 486 940 τῷ
517 867 738 940 σταυρῷ
768 867 1191 938 προσηλωμένος
1215 867 1324 921 τῶν
1362 866 1522 920 τοῦτο
1561 866 1902 937 δεδρακότων

283 938 286 941 ι
321 938 564 1034 ικήδὲτο,
605 938 730 1024 τοὺς
764 961 1080 1032 πράκτορας
1111 961 1358 1024 ἐκείνους
1406 960 1649 1013 ἱκέτευεν
1681 959 1903 1030 ἡμέρως

311 1051 594 1107 ’ποιεῖσθαι
637 1051 735 1124 τὴν
759 1051 1067 1123 εἴσπραξιν.
1117 1052 1268 1105 Ἐπεὶ
1293 1053 1350 1105 δὲ
1378 1052 1471 1104 καὶ
1495 1051 1772 1122 ἐγγυητὰς
1806 1051 1907 1102 ἐπ-

321 1144 617 1214 εζήτησαν,
657 1142 900 1196 ἐθελοντὶ
933 1143 1034 1213 τὴν
1071 1141 1406 1213 πρόσκλησιν
1446 1141 1763 1208 ὑπεδέξατο,
1812 1141 1906 1194 καὶ

321 1213 608 1304 χρυσίνους
638 1234 830 1288 ἑκατὸν
863 1235 981 1303 μετ’
1007 1234 1192 1301 ὀλίγας
1218 1233 1410 1286 δώσειν
1437 1233 1650 1305 ἡμέρας
1670 1232 1907 1302 ὑπέσχε-

321 1340 401 1377 το.
446 1322 952 1393 ’Υπεραγασθέντες
969 1323 1026 1376 δὲ
1053 1325 1100 1376 οἱ
1119 1322 1187 1376 τὰ
1207 1322 1355 1376 δεινὰ
1374 1323 1557 1376 ἐκεῖνα
1587 1321 1906 1393 ἐργασάμε-

322 1430 401 1466 νοι
430 1413 528 1480 τῆς
574 1413 984 1482 φιλανθρωπίας
1033 1413 1124 1465 τὸν
1154 1413 1341 1484 ἄνδρα,
1370 1411 1580 1466 αἰτοῦσι
1635 1411 1733 1482 μὲν
1764 1411 1905 1482 ὑπὲρ

325 1503 430 1556 τῶν
455 1503 866 1572 τετολμημένων
893 1501 1218 1573 συγγνώμην
1237 1540 1254 1567 ,
1302 1503 1606 1572 προστάτην
1647 1501 1704 1554 δὲ
1741 1501 1905 1554 αὑτὸν

321 1595 573 1664 γενέσθαι
611 1593 1039 1664 παρακαλοῦσιν.
1065 1595 1140 1646 Ού
1170 1593 1278 1664 γὰρ
1302 1591 1498 1664 εἷχενή
1529 1590 1690 1662 κώμη
1716 1590 1907 1644 δεσπό·

321 1702 423 1753 την
442 1701 455 1714 °
493 1685 646 1738 αὐτοὶ
675 1685 732 1736 δὲ
761 1680 900 1755 ἦσαν
923 1683 1016 1735 καὶ
1053 1681 1308 1751 γεωργοὶ,
1337 1681 1431 1734 καὶ
1453 1680 1730 1733 δεσπόται.
1767 1680 1906 1742 Τοὺς

2006 504 2233 560 imitans
2254 544 2270 569 ,
2304 506 2399 575 qui
2429 507 2581 571 cruci
2613 506 2806 565 affixus
2833 509 3059 566 sceleris
3083 521 3372 568 auctorum
3401 531 3590 571 curam

2006 595 2217 666 gessit,
2256 603 2547 654 exactores
2582 599 2706 653 illos
2737 600 2935 655 orabat
2969 610 3027 655 ιιι
3068 603 3366 660 illationem
3401 609 3593 664 huma-

1965 686 1967 688 ’
2007 687 2134 742 nius
2181 689 2486 758 exigerem.
2539 689 2602 743 Et
2653 705 2780 746 cum
2830 693 2908 747 illi
2950 693 3318 764 'ﬁdejussores
3349 699 3592 772 ﬂagitas-

2009 788 2134 834 sent
2161 818 2176 844 ,
2211 779 2632 836 advocationem
2677 784 2823 837 ultro
2849 788 3120 856 suscepit,
3154 801 3205 844 et
3237 805 3432 849 aureos
3461 809 3594 850 cen-

1993 860 2120 923 'tum
2153 871 2298 924 intra
2330 887 2541 942 paucos
2584 873 2701 928 dies
2733 875 2988 930 daturum
3015 894 3075 934 se
3101 883 3372 950 promisit.
3405 887 3593 942 Admi-

2006 966 2194 1014 rantes
2223 970 2406 1038 autem
2433 976 2600 1031 supra
2629 963 2875 1027 modum,
2915 967 3008 1034 qui
3030 967 3151 1022 dira
3181 969 3278 1035 illa
3312 988 3594 1044 perpetra-

2007 1058 2157 1118 rant,
2195 1053 2299 1106 viri
2329 1035 2751 1118 humanitatem,
2784 1058 2998 1111 veniam
3017 1059 3084 1112 de
3100 1060 3356 1118 admissis
3380 1078 3592 1136 petunt,

2008 1151 2283 1214 orantque
2328 1152 2388 1199 ut
2426 1145 2563 1214 ipsis
2592 1145 2869 1201 dominari
2907 1163 2971 1202 ac
3004 1164 3243 1218 praeesse
3285 1155 3433 1208 velit.
3485 1158 3591 1213 Do-

2007 1233 2218 1289 minum
2251 1235 2398 1290 enim
2427 1238 2583 1292 vicus
2613 1239 2822 1294 nullum
2855 1239 3127 1306 habebat,
3159 1243 3252 1298 sed
3295 1245 3456 1301 iidem
3490 1249 3590 1320 ipsi

2006 1331 2062 1378 et
2086 1325 2347 1396 agricola:
2381 1335 2583 1392 erant,
2622 1336 2676 1383 et
2724 1329 2959 1386 domini.
2999 1331 3233 1388 Centum
3283 1337 3450 1408 igitur
3492 1358 3594 1395 au-

2007 1430 2132 1489 reos
2169 1415 2422 1474 Emesam
2482 1419 2537 1474 in
2581 1421 2772 1478 urbem
2821 1424 3133 1493 profectus,
3187 1442 3216 1480 a
3261 1431 3608 1508 quibusdam

2007 1523 2147 1578 quos
2210 1519 2487 1579 repererat
2545 1512 2916 1572 familiaribus
2985 1527 3212 1576 mittuos
3265 1525 3282 1544 ‘
3336 1512 3587 1607 accepit,

2007 1607 2062 1654 et
2103 1598 2169 1654 ad
2232 1601 2418 1656 vicum
2481 1619 2740 1661 reversus
2807 1607 2894 1662 die
2957 1609 3178 1678 praefixa
3236 1598 3589 1683 promissioni

2009 1691 2291 1749 satisfecit.
2323 1695 2497 1761 Quam
2529 1698 2650 1766 ejus
2681 1697 3022 1770 diligentiam
3061 1702 3338 1763 intuentes
3367 1707 3590 1781 (vicani)

325 1777 424 1846 μὲν
459 1771 551 1828 οὖν
583 1775 776 1828 ἐκατὸν
802 1775 1091 1844 χρυσίνους
1128 1772 1456 1843 ἀφικόμενος
1484 1772 1565 1834 εἰς
1593 1771 1693 1870 τῂν
1729 1771 1903 1870 πόλιν’

2348 1759 2363 1761 _
2558 1759 2575 1766 -
2784 1759 2813 1770 .,
3284 1759 3334 1763 η
3370 1759 3589 1781 ι;-ν---·1

2013 1781 2334 1850 petitionem
2372 1801 2528 1841 suam
2569 1789 2767 1843 iterant
2789 1791 3031 1848 enixius.
3065 1793 3130 1849 Et
3164 1811 3287 1851 cum
3321 1798 3592 1870 facturum

325 1868 529 1937 Ἐμισσ.
548 1863 684 1938 δὲῆν
712 1867 848 1936 αὕτη
869 1883 885 1896 ο
910 1867 1000 1918 καὶ
1015 1865 1324 1936 γνωρίμους
1339 1862 1490 1926 τινὰς
1515 1861 1713 1933 εὑρὼν,
1744 1865 1909 1915 ποιεῖ-

320 1973 413 2010 ται
437 1951 886 2026 δάνεισμα.“Εἷτα
911 1955 1010 2026 τὴν
1049 1955 1241 2025 κώμην
1266 1951 1613 2019 καταλαϐὼν,
1640 1953 1782 2006 κατὰ
1809 1952 1908 2024 τὴν

322 2049 517 2122 κυρίαν
571 2049 765 2118 πληροῖ
805 2049 903 2118 τὴν
961 2047 1272 2116 ὑπόσχεσιν.
1322 2042 1539 2115 Ταύτην
1593 2043 1756 2098 αὑτοῦ
1809 2045 1909 2114 τὴν

325 2141 562 2210 σπουδὴν
606 2139 974 2216 θεασάμενοι,
1031 2136 1454 2208 σπουδαιοτέραν
1505 2136 1908 2208 προσφέρουσιν

323 2229 471 2302 αὐτῷ
497 2230 593 2302 τὴν
634 2230 999 2301 παράκλησιν.
1026 2229 1133 2283 Τοῦ
1161 2229 1216 2282 δέ
1244 2228 1402 2282 τοῦτο
1433 2229 1566 2299 δρᾷν
1600 2228 1908 2298 ὑποσχομέ-

322 2339 438 2384 νου,
484 2322 532 2374 εί
569 2321 868 2392 ἐκκλησίαν
906 2320 1207 2392 οἰκοδομεῖν
1243 2319 1660 2388 ἐπαγγείλαιντο
1683 2358 1698 2385 ,
1741 2321 1908 2406 ,εὐθὺς

324 2416 622 2485 ἐπιχειρεῖν
655 2413 897 2466 ἱκέτευον
918 2429 931 2443 ·
972 2413 1066 2466 καὶ
1105 2413 1367 2483 περιῆγον
1397 2411 1489 2465 τὸν
1515 2412 1782 2483 μακάριον
1815 2414 1902 2466 ἄνο

325 2506 444 2578 δρα,
478 2507 603 2569 τοὺς
626 2505 1094 2576 ἐπιτηδειοτέρους
1120 2505 1316 2568 τόπους
1347 2503 1766 2568 ἐπιδεικνύντες.
1801 2504 1909 2556 Καὶ

323 2597 352 2647 6
389 2596 485 2666 μὲν
513 2595 720 2660 τοῦτον,
767 2595 796 2646 6
846 2581 906 2646 δὲ’
929 2597 1136 2646 ἐκεῖνον
1173 2593 1394 2664 ἐπῄνει·
1441 2595 1806 2666 προελόμενος
1850 2593 1907 2646 δὲ

319 2687 410 2740 τὸν
451 2687 660 2758 ἀμείνω
685 2727 700 2750 ,
752 2687 847 2740 καὶ
889 2686 957 2738 τά
1003 2685 1228 2754 θεμέλια
1275 2687 1619 2756 καταπήξας,
1655 2688 1712 2739 ἐν
1741 2685 1907 2758 ὀλίγῳ

322 2780 497 2850 χρόνῳ
531 2781 621 2833 τὸν
653 2781 847 2850 ὄροφον
901 2779 1231 2848 ἐπιτέθεικε.
1289 2781 1405 2832 Καὶ
1454 2780 1555 2850 τῆς
1589 2781 1905 2850 οἰκοδομίας

321 2875 617 2944 δεξαμένης
636 2875 698 2926 τὸ
725 2857 919 2945 πέρας,
947 2873 1094 2944 ἱερέα
1115 2873 1372 2938 δέξασθαι
1393 2873 1715 2944 παρηγγύα.
1749 2875 1906 2928 Ἐπεὶ

323 2961 381 3014 δὲ
428 2963 612 3029 ἔλεγον
658 2963 732 3025 ὡς
785 2963 973 3034 ἕτερον
1028 2965 1127 3018 οὐκ
1153 2964 1219 3017 ἂν
1266 2963 1492 3028 ἕλοιντο,
1530 2963 1691 3018 αὑτὸν
1721 2964 1778 3018 δὲ
1813 2965 1906 3018 καὶ

2012 1886 2073 1926 se
2118 1875 2456 1944 recepisset,
2504 1879 2549 1933 si
2582 1881 2878 1936 ecclesiam
2927 1884 3296 1946 aedilicaturos
3336 1907 3396 1946 se
3425 1908 3594 1962 Spon-

2011 1962 2208 2019 derent
2236 2003 2251 2030 ,
2281 1980 2548 2038 rogarunt
2597 1981 2658 2026 ut
2691 1974 2876 2027 statim
2911 1975 3178 2050 inciperet
3207 2024 3223 2048 ,
3267 1981 3595 2054 beatumque

2010 2057 2189 2112 virum
2225 2075 2320 2128 per
2365 2061 2720 2133 circumjecta
2750 2066 2867 2120 loca
2899 2070 3160 2128 ducentes
3185 2111 3200 2133 .
3237 2089 3359 2143 quae
3381 2078 3591 2146 aptiora

2010 2145 2190 2203 forent
2231 2152 2572 2210 indicabant.
2629 2156 2695 2210 Et
2735 2174 2860 2214 cum
2903 2160 2991 2216 hic
3024 2163 3174 2220 illum
3260 2169 3396 2224 alter
3418 2145 3590 2226 alium

2011 2241 2302 2312 laudaret,
2341 2246 2432 2302 ille
2476 2251 2746 2319 optimum
2796 2253 3087 2324 deligens,
3140 2268 3195 2313 et
3243 2259 3594 2319 fundamenta

2004 2330 2220 2399 jaciens
2251 2373 2266 2398 ,
2319 2333 2472 2390 brevi
2529 2341 2796 2408 temporis
2856 2344 3036 2412 spatio
3074 2353 3277 2401 tectum
3309 2349 3590 2420 imposuit.

2010 2421 2264 2480 Perfecto
2309 2426 2577 2493 aedilicio,
2618 2431 2904 2487 admonuit
2944 2444 3004 2488 ut
3054 2439 3395 2495 sacerdotem
3435 2459 3592 2498 crea-
3639 2459 3641 2461 ‘

2010 2525 2154 2568 rent.
2192 2517 2258 2570 Et
2289 2531 2413 2572 cum
2443 2519 2611 2574 alium
2648 2538 2707 2578 se
2739 2537 3022 2581 creaturos
3051 2540 3348 2599 negarent,
3386 2533 3592 2602 ipsum-

2009 2621 2116 2675 quo
2138 2617 2192 2662 et
2217 2617 2427 2678 patrem
2461 2620 2515 2666 et
2550 2621 2820 2682 pastorem
2853 2618 3057 2673 habere
3084 2631 3338 2690 Optarent
3361 2661 3375 2685 ,
3404 2639 3594 2680 sacer-

2008 2695 2144 2751 dOtii
2213 2701 2446 2768 gratiam
2493 2706 2754 2775 percepit.
2787 2704 2924 2763 Tres
2945 2725 3069 2762 cum
3103 2709 3213 2765 illis
3250 2727 3430 2769 annos
3469 2731 3592 2770 cum

2007 2787 2252 2856 egisset,
2289 2805 2497 2861 eosque
2521 2793 2574 2846 in
2605 2796 2772 2851 rebus
2803 2797 3006 2854 divinis
3030 2803 3291 2869 praeclare
3320 2805 3595 2861 instituis—

2008 2884 2121 2943 set,
2151 2885 2319 2949 atque
2351 2881 2590 2936 alterum
2623 2900 2689 2938 ex
2723 2887 2890 2943 sociis
2919 2903 3020 2942 suo
3045 2891 3167 2944 loco
3195 2891 3593 2964 designandum

2007 2981 2289 3037 curasset,
2354 2973 2421 3026 ad
2475 2978 2842 3032 monasticum
2885 2979 3258 3039 diversorium
3300 2986 3497 3041 iterum
3536 3004 3598 3063 se

325 3052 536 3122 πατέρα
579 3053 696 3106 καί
727 3054 963 3122 ποιμένα
1017 3053 1202 3119 λαϐεῖν
1241 3053 1500 3117 ἱκέτευον,
1548 3054 1764 3125 δέχεται
1803 3055 1902 3126 τῆς

2008 3061 2286 3126 contulit,
2343 3079 2406 3119 ac
2440 3081 2510 3122 ne
2564 3069 2797 3139 singulis
2847 3072 2968 3142 ejus
3019 3075 3186 3131 rebus
3243 3081 3594 3135 recensendis

327 3143 624 3216 ἱερωσύνης
656 3143 966 3215 τὴνλχάριν.
1000 3145 1109 3197 Καὶ
1140 3145 1268 3214 τρία
1303 3145 1698 3216 συγγενόμενος
1719 3146 1902 3208 αὐτοῖς

323 3237 438 3306 ἔτη,
471 3236 563 3288 καὶ
592 3235 728 3307 πρὸς
758 3235 826 3288 τά
851 3235 970 3289 θεῖα
1001 3236 1312 3308 ποδηγήσας
1337 3237 1540 3302 καλῶς,
1571 3237 1756 3308 ἕτερον
1787 3237 1919 3309 ἀντ’-

322 3325 488 3382 αὑτοῦ
531 3327 637 3380 τῶν
699 3327 965 3380 συνόντων
1027 3327 1400 3399 προὸληθῆναι
1454 3329 1906 3399 παρασκευάσας,

325 3418 486 3472 πάλιν
517 3419 576 3476 τὸ
607 3417 898 3488 μοναχικὸν
945 3419 1214 3473 κατέλαϐε
1271 3419 1635 3488 καταγώγιον.
1675 3419 1785 3470 Καὶ
1820 3419 1907 3470 ἵνα

329 3511 404 3581 μὴ
435 3511 609 3563 πάντα
628 3511 698 3564 τὰ
730 3511 937 3565 ἐκείνου
957 3511 1313 3582 διηγούμενος
1343 3511 1553 3583 μακρὸν
1583 3509 1907 3580 ἐργάσωμαι
1961 3503 1975 3515 ⁸

324 3603 385 3655 τὸ
406 3603 667 3673 διήγημα,
693 3606 749 3656 ἐν
778 3604 985 3666 τούτοις
1017 3604 1325 3674 διαλάμψας
1349 3644 1363 3667 ,
1394 3605 1492 3677 τὴν
1536 3603 1734 3675 Κάρων
1771 3603 1903 3656 ὑπο·

323 3695 535 3766 δέχεται
588 3694 899 3766 προεδρίαν.
955 3695 1114 3757 Πόλις
1143 3696 1197 3748 δὲ
1250 3695 1386 3766 αὓτη
1431 3696 1528 3767 τῆς
1583 3694 1901 3759 δυσσεϐείας

325 3788 686 3858 περικειμένη
715 3789 812 3857 τὴν
842 3786 1033 3858 μέθην,
1065 3788 1158 3840 καὶ
1183 3790 1246 3859 τῇ
1275 3787 1382 3841 τῶν
1409 3787 1677 3858 δαιμόνων
1702 3787 1902 3856 ἑαυτὴν

2007 3148 2312 3221 longiorem
2358 3158 2735 3213 narrationem
2787 3161 3056 3229 eiliciam,
3105 3165 3192 3221 his
3239 3169 3408 3236 gestis
3469 3170 3592 3224 illu.

2003 3243 2168 3308 stris,
2233 3245 2448 3319 1226
2479 3248 2776 3305 Carrarum
2832 3254 2890 3307 fit
2944 3256 3206 3326 pomifer.
3258 3258 3385 3313 Erat
3413 3270 3593 3314 autem

2010 3331 2209 3390 civitas
2259 3335 2355 3390 illa
2410 3339 2712 3409 impietatis
2747 3343 2897 3398 ebria
2931 3348 3253 3414 erroribus,
3301 3365 3365 3405 ac
3398 3351 3600 3407 da'nto-

2007 3436 2136 3476 num
2165 3421 2350 3479 dedita
2383 3427 2578 3483 furori.
2615 3429 2721 3486 Sed
2755 3442 3044 3504 postquam
3082 3438 3248 3504 hujus
3288 3442 3590 3511 agricultu-

2016 3527 2132 3567 ram
2189 3520 2491 3586 promeruit
2537 3521 2912 3595 doctrinaeque
2953 3526 3100 3584 illius
3143 3529 3416 3584 flammam
3461 3547 3596 3586 con-

2011 3605 2191 3675 cepit,
2241 3616 2295 3662 et
2326 3611 2584 3681 pristinis
2614 3617 2868 3674 sentibus
2919 3620 3090 3676 libera
3115 3625 3347 3692 mansit,
3387 3635 3442 3682 et
3473 3625 3597 3698 Spi-

2011 3697 2152 3752 ritus
2205 3704 2486 3771 segetibus
2517 3722 2664 3762 nune
2697 3710 2978 3788 abundat,
3037 3723 3286 3773 maturos
3317 3697 3592 3789 spicarum

2009 3791 2120 3847 Deo
2153 3793 2400 3852 referens
2431 3801 2760 3870 manipulos.

323 3880 651 3934 ἐκδεδωκυία
704 3879 952 3952 βακχείᾳ.
1008 3879 1167 3932 Ἀλλὰ
1221 3879 1322 3950 τῆς
1377 3880 1568 3934 τούτου
1621 3878 1897 3950 γεωργίας
1935 3873 2250 3950 ἀξιωθεῖσα,
2316 3890 2412 3944 καὶ
2480 3893 2581 3963 τῆς
2625 3895 2794 3950 αὑτοῦ
2840 3898 3186 3970 διδασκαλίας
3231 3905 3496 3977 δεξαμένη
3534 3906 3594 3959 τὸ

325 3972 456 4044 πῦρ,
482 3974 589 4026 τῶν
621 3975 718 4045 μὲν
755 3977 1032 4048 προτέρων
1085 3975 1338 4031 ἀκανθῶν
1367 3975 1629 4045 ἐλευθέρα
1685 3973 1939 4054 διέμεινε,
1976 3982 2122 4051 κομᾷ
2154 3981 2209 4036 δὲ
2243 3983 2337 4037 νῦν
2389 3989 2500 4052 τοῖς
2539 3989 2711 4060 ληῖοις
2758 3993 2852 4048 τοῦ
2915 3997 3054 4049 Πνεύ

325 4063 550 4132 ὼρίμων
574 4065 652 4133 τῷ
685 4065 803 4134 Θεῷ
828 4066 1214 4136 προσφέρουσα
1232 4066 1544 4136 δράγματα.

375 4185 380 4190 ε
423 4159 546 4209 ANB
579 4159 678 4211 οὐκ
701 4161 914 4223 ἀπόνως
941 4164 970 4214 6
1008 4161 1150 4224 θεῖος
1201 4163 1341 4232 ἀνὴρ
1382 4164 1479 4234 τὴν
1509 4162 1660 4217 θείαν
1697 4161 1903 4231 ταύτην

238 4318 240 4320 τ
325 4249 596 4319 γεωργίαν
629 4251 922 4320 εἰργάσατο
941 4251 1170 4314 ’πόνοις
1199 4252 1255 4306 δὲ
1279 4253 1495 4324 μυρίοις
1534 4255 1899 4326 χρησάμενος,

325 4341 418 4392 καὶ
451 4339 557 4392 τῶν
585 4339 653 4392 τὰ
683 4337 910 4408 σώματα
955 4340 1278 4411 θεραπεύειν
1319 4343 1771 4415 πεπιστευμένων
1801 4343 1902 4415 τὴν

3061 4017 3228 4068 ματος
3246 4041 3260 4067 ,
3311 4001 3593 4072 ἀσταχύων

2079 4163 2149 4215 At
2203 4179 2312 4220 non
2354 4169 2472 4224 sine
2521 4171 2706 4229 labore
2756 4175 2838 4229 vir
2883 4187 3111 4236 sanctus
3166 4181 3590 4246 divinant'hanc

2009 4255 2403 4325 agriculturam
2430 4266 2678 4319 exercuit
2703 4285 2715 4321 :
2739 4267 2831 4320 sed
2865 4269 3084 4326 labores
3119 4273 3402 4342 perferens
3426 4279 3590 4336 inuu-
3663 4351 3669 4356 ἢ

2011 4364 2212 4416 meros,
2252 4367 2559 4426 eorumque
2593 4366 2762 4414 artem
2795 4360 3040 4430 imitans,
3067 4367 3270 4435 quibus
3297 4359 3586 4442 corporum

323 4431 516 4504 τέχνην
544 4430 902 4502 μιμούμενος,
947 4433 1016 4486 τά
1049 4433 1146 4504 μὲν
1181 4436 1522 4506 παρακλήσει
1561 4435 1896 4519 γλυκαίνων,

2008 4441 2217 4496 credita
2243 4455 2324 4499 est
2352 4449 2586 4517 curatio,
2611 4466 2758 4506 nunc
2780 4454 2940 4508 οκιιοι
2959 4457 3164 4514 tatione
3183 4461 3414 4529 leniens,
3442 4481 3586 4520 nunc

321 4523 392 4577 τά
423 4523 478 4576 δὲ
503 4526 614 4586 τοῖς
636 4524 1058 4596 αὑστηροτέροις
1078 4525 1391 4596 ἐπ.στύφων
1413 4528 1748 4599 φαρμάκοις,
1784 4526 1898 4580 ἔστι

321 4616 376 4669 δὲ
408 4617 538 4670 ὃπου
588 4617 682 4670 καὶ
715 4617 1078 4689 τέμνωνηκαὶ
1125 4619 1316 4684 καίων,
1348 4621 1447 4690 τὴν
1489 4621 1678 4690 ὑγείαν
1713 4621 1901 4690 εἰργά-

323 4727 474 4764 σατο.
507 4711 548 4762 Τ
552 4712 584 4781 ᾖ
612 4709 670 4763 δὲ
700 4709 1037 4781 διδασκαλία,
1081 4715 1174 4764 καὶ
1207 4715 1272 4781 τῇ
1309 4713 1442 4783 ἄλλῃ
1468 4712 1778 4784 ἐπιμελείᾳ,
1808 4713 1902 4768 καὶ

323 4799 500 4856 αἰτοῦ
537 4801 654 4872 βίου
685 4801 1032 4872 λαμπηδόνες
1073 4804 1430 4874 συνηγόρουν.
1477 4805 1744 4869 Ἐκείναις
1789 4805 1900 4877 γὰρ

325 4895 704 4964 φωτιζόμενοι,
728 4895 824 4948 καὶ
844 4893 954 4947 τῶν
969 4894 1275 4966 λεγομένων
1298 4896 1596 4966 ὑπήκουον,
1614 4900 1708 4950 καὶ
1731 4899 1902 4968 ἄσμεο

321 5000 404 5036 νοι
430 4982 499 5035 τὰ
525 4983 780 5054 δρώμενα
817 4984 1185 5055 κατεδέχοντο.
1234 4985 1418 5038 Πάντα
1464 4985 1573 5056 γὰρ
1617 4987 1716 5058 τῆς
1765 5004 1900 5058 προ-

325 5073 510 5147 εδρίας
543 5075 634 5128 τὸν
671 5076 874 5146 ,χρόνον
896 5117 912 5143 ,
944 5076 1196 5146 περιττὸς
1227 5077 1326 5147 μὲν
1357 5074 1424 5149 ἦν
1459 5077 1610 5149 αὐτῷ
1651 5080 1680 5132 6
1711 5080 1896 5152 ἄρτος,

322 5167 576 5238 περιττὸν
607 5166 664 5220 δὲ
690 5168 752 5221 τὸ
785 5167 930 5240 ὕδωρ
949 5210 966 5234 ,
1005 5166 1276 5239 ἄχρηστος
1305 5169 1414 5240 δὲή
1448 5168 1624 5242 κλίνη,
1671 5171 1898 5244 περιττὴ

318 5257 374 5310 δὲ
401 5261 434 5329 η
467 5257 560 5312 τοῦ
583 5258 754 5330 πυρὸς
775 5259 950 5330 χρεία.
982 5259 1404 5332 ’Ῑεσσαράκοντα
1423 5261 1522 5332 μὲν
1541 5263 1650 5333 γὰρ
1681 5261 1898 5335 νύκτωρ

319 5351 420 5415 τὰς
469 5351 974 5422 ἀντιφθεγγομένας
1025 5352 1296 5424 ύμνῳδίας
1347 5354 1608 5426 ἐπλήρου,
1645 5356 1759 5434 τῶν
1810 5355 1898 5408 διὰ

324 5444 491 5515 μέσου
517 5444 818 5515 γινομένων
851 5445 1168 5516 προσευχῶν
1196 5445 1564 5511 διπλασιάζων
1589 5448 1649 5502 τὸ
1678 5449 1895 5520 μέτρονο

318 5534 380 5588 τὸ
413 5534 470 5587 δὲ
522 5535 845 5605 λειπόμενον
890 5539 990 5607 τῆς
1026 5536 1221 5600 νυκτὸς
1263 5539 1355 5591 ἐπὶ
1400 5538 1591 5610 θρόνου
1633 5541 1896 5611 καθῆστο,

321 5625 494 5697 βραχύ
515 5643 569 5679 τι
593 5626 1023 5682 διαναπαύεσθαι
1055 5629 1402 5700 παραχωρῶν
1435 5633 1548 5694 τοῖς
1581 5630 1892 5703 βλεφάροις.

322 5717 444 5770 Ὅτι
471 5717 571 5789 μὲν
595 5715 688 5773 οὖν
719 5719 818 5774 οὐκ
844 5721 929 5773 ἐπ’
957 5720 1106 5792 ἄρτῳ
1151 5723 1296 5792 μόνῳ
1327 5723 1549 5794 ζήσεται
1587 5724 1896 5796 ἄνθρωπος,

2007 4535 2231 4592 acribus
2277 4540 2588 4611 astringens
2629 4544 2965 4613 pbarmacis,
3013 4550 3287 4607 interdum
3325 4570 3492 4612 urens
3522 4573 3586 4610 ac

2005 4640 2225 4694 secans,
2255 4629 2322 4682 ad
2360 4629 2499 4686 hanc
2524 4634 2812 4688 sanitatem
2840 4637 3117 4706 perduxit.
3153 4641 3424 4700 Doctrina:
3457 4661 3587 4702 vero

2003 4725 2058 4772 et
2092 4727 2302 4775 caetera:
2333 4721 2626 4792 diligentiae
2664 4727 2784 4781 vitae
2816 4744 3035 4800 quoque
3070 4731 3276 4788 lumina
3313 4736 3577 4809 suffraga-

2003 4809 2226 4866 bantur.
2275 4811 2372 4868 llis
2410 4815 2554 4869 enim
2602 4817 2894 4874 illuminati
2945 4833 2998 4876 et
3043 4826 3418 4894 sequebantur
3466 4847 3586 4900 qum
3649 4881 3656 4888 .

2003 4902 2147 4957 dicta
2183 4903 2432 4969 fuerant,
2467 4916 2520 4961 et
2546 4926 2666 4979 quae
2699 4912 2904 4968 fiebant
2935 4915 3169 4972 libenter
3214 4921 3584 4992 accipiebant.

2002 4993 2260 5059 Quandiu
2293 4997 2436 5052 enim
2470 5001 2702 5058 antistes
2737 5002 2860 5068 fuit,
2896 5015 3345 5080 supervacaneus
3380 5013 3457 5068 illi
3488 5031 3584 5085 pa.

2003 5087 2090 5141 nis
2117 5086 2240 5151 fttit,
2280 5104 2688 5169 supervacanea
2715 5093 2845 5149 item
2887 5113 3048 5167 aqua,
3098 5101 3311 5158 inutilis
3362 5121 3583 5162 rursum

2003 5175 2198 5244 lectus,
2231 5190 2285 5234 et
2306 5182 2623 5240 redundans
2652 5201 2786 5242 usus
2814 5188 2977 5258 ignis.
3013 5189 3388 5264 Quadraginta
3420 5207 3585 5252 not-tn

2003 5273 2245 5327 alternas
2271 5272 2602 5344 hymnodias
2619 5278 2895 5348 explebat,
2923 5283 3339 5351 interjectarum
3363 5303 3584 5356 precum

2004 5379 2319 5448 mensuram
2365 5371 2796 5437 congeminans,
2848 5373 3060 5444 reliquo
3102 5377 3277 5433 noctis
3318 5382 3496 5450 spatio
3531 5383 3586 5436 in

2004 5456 2136 5510 sella
2173 5459 2468 5515 considens
2495 5460 2712 5515 brevem
2746 5462 2998 5532 quietem
3016 5467 3293 5537 palpebris
3316 5473 3586 5528 concede-

2004 5548 2114 5602 bat.
2155 5548 2312 5616 Quod
2357 5551 2526 5621 igitur
2574 5553 2630 5606 in
2681 5555 2798 5609 solo
2841 5571 2979 5625 pane
3032 5573 3140 5614 non
3189 5561 3336 5617 vivat
3386 5563 3578 5624 homo.

2003 5637 2141 5692 dixit
2173 5639 2303 5693 olim
2340 5639 2520 5696 Moses
2553 5643 2856 5714 legislator,
2890 5644 3135 5716 dictique
3158 5647 3324 5718 hujus
3343 5651 3582 5705 mentio-

2005 5745 2128 5784 nem
2176 5729 2304 5787 fecit
2346 5731 2632 5801 Dominus,
2662 5739 2681 5760 '
2728 5751 2856 5793 cum
2893 5735 3093 5794 diaboli
3135 5741 3581 5808 provocationem
