3898 6196
251 273 370 338 1425

1423 265 1834 326 RELIGIOSA
1907 263 2296 328 HISTORIA.

3368 260 3503 324 H26

243 389 330 460 τὴν
354 382 542 460 ὖχθην,
571 382 822 439 συνέθεον
848 383 946 454 μὲν
972 382 1146 446 ἀστοὶ,
1173 381 1421 436 συνέθεον
1451 382 1506 435 δὲ
1534 381 1698 450 ξένοι,
1723 382 1816 436 καὶ

1934 381 2117 437 rebant
2163 380 2333 444 cives,
2372 376 2778 432 concurrebant
2823 381 2878 430 et
2912 374 3206 444 peregrini,
3254 383 3306 428 et
3332 375 3504 429 rusti-

245 477 530 558 γυιρητικοὶ
558 481 782 544 πάντες,
821 479 914 532 καὶ¹
941 480 1130 550 ὅμοροι
1159 478 1216 532 δὲ
1241 478 1342 546 τῆς
1373 479 1628 546 εὐλογίας
1681 479 1816 532 ἀπο-

246 577 416 630 λαύειν
465 573 792 643 ἠπείγοντοο
842 569 1168 643 ,ῥαϐδοφόροι
1222 568 1278 622 δὲ
1323 571 1508 623 πολλοὶ
1562 572 1626 642 τῇ
1661 569 1816 642 κλίνῃ

247 668 585 738 παρείποντο,
616 669 743 728 τοὺς
771 662 1011 736 γυμνοῦν
1045 662 1106 717 τὸ
1132 663 1290 734 σῶμα
1316 663 1414 734 τῆς
1435 662 1662 732 ἐσθῆτος
1699 678 1818 714 πει-

147 756 150 758 ’
248 758 536 834 ρωμένους,
569 756 663 808 καὶ
695 755 860 826 ῥάκια
895 753 1194 824 λαμϐάνειν
1234 751 1442 806 ἐκεῖθεν
1475 740 1821 822 ἐφιεμένους,

246 850 311 912 ὡς
352 848 604 908 παίοντες
638 844 1020 914 δεδιττόμενοι.
1051 843 1161 897 Καὶ
1201 837 1268 914 ἦν
1298 842 1538 908 ἀκούειν,
1573 843 1681 895 τῶν
1719 843 1818 912 μὲν

243 939 541 1010 ψαλλόντων
567 980 580 1004 ,
623 937 730 990 τῶν
759 935 1283 1010 δξθρηνῳδούντων.
1328 935 1392 988 'H
1440 934 1537 1005 μὲν
1565 935 1672 1005 γὰρ
1698 933 1821 987 ὀδυ-

248 1030 438 1100 ρομένη
468 1028 778 1100 προστάτην
802 1027 1008 1090 ἐκάλει,
1044 1027 1076 1096 ὴ
1107 1025 1161 1079 δὲ
1183 1024 1406 1096 τροφέα,
1433 1026 1466 1094 ὴ
1499 1023 1556 1078 δὲ
1587 1024 1820 1094 ποιμένα

244 1139 296 1174 τε
321 1121 414 1174 καὶ
439 1118 772 1172 διδάσκαλον
799 1118 889 1170 καὶ
909 1119 936 1170 ό
964 1118 1064 1193 μὲν
1090 1117 1342 1187 δακρύων
1372 1115 1582 1186 πατέρα
1605 1116 1822 1185 ὠνόμα-

245 1211 346 1276 ζεν,
379 1212 406 1263 ό
428 1211 483 1263 δὲ
514 1210 802 1280 ἐπίκουρον
830 1209 920 1261 καὶ
946 1207 1238 1278 κηδεμόνα.
1262 1205 1417 1261 Μετὰ
1447 1205 1701 1260 τοιούτων
1733 1207 1823 1258 εὑο

247 1297 460 1374 φημιῶν
490 1319 549 1354 τε
574 1302 666 1354 καὶ
693 1299 906 1372 Θρήνων
939 1296 1016 1370 τῷ
1048 1300 1205 1370 τάφῳ
1241 1299 1306 1364 τὸ,
1336 1299 1490 1366 ἅγιον
1520 1299 1696 1350 έκεῖνο
1733 1299 1824 1351 καὶ

249 1394 397 1465 ἱερὸνκ
417 1393 737 1464 παρέδωκαν
771 1391 948 1462 σῶμα.
990 1389 1130 1458 Ἐγὼ
1155 1391 1211 1444 δὲ
1247 1389 1536 1460 θαυμάσας
1557 1431 1571 1454 ,
1611 1389 1695 1443 ὅτι
1725 1389 1824 1458 τὴν

247 1483 513 1536 πολιτείαν
535 1481 791 1552 ἀμείψας,
827 1482 917 1534 τὸν
963 1480 1075 1552 βίον
1106 1481 1167 1535 οὑ
1219 1479 1632 1550 συμμετέϐαλεν
1655 1521 1670 1546 ,
1703 1480 1826 1534 οὐδὲ

245 1575 529 1646 ἀνειμένην
572 1577 629 1628 ὲν
659 1569 751 1644 ’τῇ
813 1573 1074 1645 προεδρίᾳ
1122 1573 1376 1644 ἠγάπησε
1416 1573 1651 1640 δίαιταν,
1691 1572 1825 1627 ἀλλὰ

244 1669 363 1730 τοὺς
390 1669 722 1736 ἁσκητικοὺς
763 1666 1039 1736 ἐπηύξησε
1074 1665 1290 1728 πόνους,
1331 1666 1388 1716 ὲν
1415 1667 1481 1735 τῇ
1507 1664 1614 1716 τῶν
1657 1680 1824 1731 μονα-

156 1743 160 1753 ’
245 1761 346 1828 χῶν
379 1758 542 1810 αὑτὸν
575 1758 786 1830 ἱστορίᾳ.
834 1756 1120 1822 κατέλεξα,
1171 1756 1268 1810 καὶ
1317 1756 1822 1826 τῆς-ἀγαπηθείσης
1853 1751 1895 1805 Β

246 1852 334 1905 ὑπ’
360 1850 523 1906 αὑτοῦ
549 1851 857 1923 συμμορίας
887 1851 986 1904 οὑκ
1017 1849 1278 1921 ἐχώρισα,
1328 1851 1404 1915 ὡς
1437 1851 1536 1921 τῆς
1575 1846 1826 1902 ἐντεῦθεν

243 1944 522 2014 ἐφιέμενος
559 1943 830 2010 εὐλογίας.

739 2077 846 2131 ι-ιιν.
879 2104 946 2116 --
971 2075 1326 2130 ΕΥΣΕΒΙΟΣ.

309 2216 432 2278 Τοῖς
473 2213 891 2286 προειρημένοις
927 2213 1104 2282 ἁγίοις
1157 2213 1453 2285 προσθήσω
1480 2215 1694 2268 καὶτὸν
1729 2213 1827 2284 μέ·

241 2325 340 2376 γαν
394 2305 676 2374 Εὑσέόιον,
709 2306 768 2370 ὃς
813 2307 874 2359 οὑ
938 2307 1046 2378 πρὸ
1098 2305 1296 2360 πολλοῦ
1343 2307 1444 2377 μὲν
1505 2307 1824 2378 ἐτελεύτησε

243 2399 457 2470 χρόνου,
502 2398 799 2469 πάμπολλα
843 2381 900 2451 δὲ
941 2397 1033 2468 ἔτη
1077 2397 1377 2467 βεϐιωκὼς,
1421 2398 1706 2468 ίσόμετρον
1750 2397 1827 2468 τῷ

243 2491 417 2562 χρόνῳ
467 2489 557 2543 τὸν
599 2491 762 2544 πόνον
809 2489 1124 2560 ὑπέμεινεν,
1167 2489 1452 2560 ἱσόμετρον
1488 2489 1546 2543 δὲ
1577 2489 1656 2560 τῷ
1681 2489 1828 2561 πόνῳ

243 2581 522 2646 συνέλεξεν
560 2583 785 2653 ἀρετὴν,
818 2581 1220 2636 πολλαπλάσιον
1247 2582 1394 2636 δὲτὸ
1432 2583 1684 2636 ἐντεῦθεν
1726 2584 1827 2636 ἀπ-

241 2673 504 2742 ενέγκατο
539 2674 750 2744 κέρδος.
793 2673 850 2726 Ὀ
873 2673 980 2743 γάρ
1027 2674 1401 2746 Ἀγωνοθέτης
1425 2677 1492 2745 τῇ
1542 2675 1826 2746 φιλοτιμίᾳ

236 2765 346 2818 τῶν
395 2767 715 2820 ἀντιδόσεων
747 2767 1068 2838 ὑπερϐαίνει
1102 2768 1230 2831 τοὺς
1258 2767 1472 2830 ἄθλους.
1502 2760 1672 2829 Οὗτος
1721 2768 1828 2820 τοί-

239 2874 336 2910 νυν
386 2857 566 2920 ἄλλοις
606 2859 676 2912 τὰ
723 2857 916 2928 πρῶτα
966 2857 1063 2928 τὴν
1123 2858 1331 2911 οἰκείαν
1383 2856 1827 2921 καταπιστεύσας

244 2945 585 3016 ἐπιμέλειαν,
647 2947 814 3016 ἠγετο
928 2947 992 3001 ἂν
1029 2948 1228 3001 ἐκεῖνοι
1268 2943 1426 3018 ἦγον.
1465 2947 1691 3018 Ἀνδρες
1717 2950 1832 3020 γὰρ

242 3033 384 3108 ἦσαν
415 3037 508 3089 καὶ
546 3037 698 3090 αὐτοὶ
728 3036 882 3102 Θεῖοι,
913 3041 1006 3092 καὶ
1033 3039 1133 3107 τῆς
1155 3039 1357 3110 ἀρετῆς
1391 3039 1623 3110 ἀθληταί
1653 3057 1712 3093 τε
1732 3041 1828 3094 καὶ

242 3127 574 3198 γυμνασταί.
623 3127 830 3200 Χρόνον
878 3131 936 3183 δέ
983 3149 1106 3184 τινα
1158 3131 1368 3194 τούτοις
1421 3132 1828 3206 συνδιατρίψας,

242 3222 338 3275 καὶ
373 3216 430 3274 εὖ
470 3223 560 3274 καὶ
589 3221 768 3286 καλῶς
789 3223 888 3294 τῆς
914 3223 1228 3293 φιλοσοφίας
1255 3224 1352 3294 τὴν
1381 3225 1694 3296 ἐπιστήμην
1725 3243 1832 3278 πα·

247 3309 517 3381 ραλαεὼν.
572 3312 663 3365 τὸν
701 3313 917 3385 μονῄρη
957 3314 1071 3384 βίον
1121 3314 1428 3384 ἠσπάσατο,
1461 3315 1553 3381 καί
1583 3334 1702 3370 τινα
1737 3318 1833 3388 ῥα-

243 3401 398 3471 χείαν
437 3403 597 3473 ὄρους
644 3405 991 3472 καταλαϐὼν,
1041 3407 1315 3462 ἐπίκειται
1368 3407 1424 3462 δὲ
1472 3409 1612 3481 αὑτῇ
1667 3408 1830 3480 κώμη

247 3493 504 3564 μεγίστη.
565 3495 784 3567 Ἀσιχᾶν
831 3498 887 3552 δὲ
947 3500 1118 3570 αὑτὴν
1179 3501 1528 3572 ὀνομάζουσι,
1598 3502 1833 3574 θριγκίῳ

247 3584 398 3656 μόνῳ
432 3586 796 3657 χρησάμενος,
841 3591 936 3643 καὶ
981 3593 1109 3656 τοὺς
1154 3591 1331 3657 λίθους
1352 3594 1473 3648 οὑδὲ
1519 3594 1676 3667 πηλῷ
1705 3612 1823 3648 συν-

243 3678 516 3749 αρμόσας,
546 3679 829 3750 ὑπαίθριος
853 3681 916 3734 τὸ
937 3681 1120 3736 λοιπὸν
1147 3685 1515 3756 ταλαιπωρῶν
1561 3687 1827 3759 διετέλεσε

243 3770 382 3840 βίον,
404 3770 592 3841 ἐσθῆτι
613 3771 711 3842 μὲν
727 3772 1030 3848 δερματίνῃ
1059 3775 1490 3847 καλυπτόμενος,
1521 3775 1828 3849 ἐρεϐίνθοις

240 3863 298 3915 δὲ
338 3865 432 3918 καὶ
478 3864 714 3936 κυάμοις
764 3866 916 3922 ὕδατι
969 3868 1279 3938 δευομένοις
1329 3871 1685 3942 τρεφόμενος.
1725 3871 1833 3922 Καὶ

246 3956 479 4024 ἰσχάδων
525 3957 582 4011 δὲ
623 3958 771 4012 ἔστιν
812 3961 901 4014 ὅτε
937 3961 1368 4032 μετελάμϐανεν,
1401 3963 1706 4032 ὑπερείδειν
1741 3961 1834 4014 τοῦ

245 4045 503 4114 σώματος
549 4049 648 4118 τὴν
695 4050 979 4110 ἀσθένειαν
1027 4052 1168 4106 οὕτω
1193 4053 1554 4121 πειρώμενος.
1600 4053 1708 4104 Καὶ
1755 4055 1836 4115 εἰς

242 4135 425 4206 γῆρας
471 4137 517 4188 δ’
566 4138 764 4200 ἐλάσας
813 4139 971 4211 βαθὺ,
1023 4145 1096 4203 ὡς
1143 4141 1242 4193 καὶ
1290 4141 1400 4193 τῶν
1439 4141 1666 4196 ὀδόντων
1710 4145 1835 4206 τοὺς

245 4225 471 4289 πλείους
499 4227 813 4293 άποὸαλεῑν,
833 4227 956 4284 οὑτε
980 4230 1078 4299 τὴν
1098 4229 1303 4302 τροφὴν
1329 4230 1452 4284 οὔτε
1479 4232 1575 4300 τὴν
1615 4233 1838 4302 οἴκησιν

243 4317 510 4387 ἦμειψενσ
564 4319 698 4373 ἀλλὰ
749 4320 843 4374 καὶ
894 4321 950 4374 ὲν
983 4323 1213 4392 χειμῶνι
1260 4323 1626 4396 πηγνύμενος,
1659 4327 1835 4380 καὶέν

245 4410 400 4479 θέρει
430 4410 781 4483 φλεγόμενος,
810 4412 970 4483 ἔφερε
1003 4413 1285 4486 καρτερῶς
1310 4416 1422 4480 ’τάς
1458 4418 1710 4480 ἐναντίας
1740 4417 1836 4471 τοῦ

241 4502 414 4573 ἀέρος
443 4503 754 4574 ποιότητας,
780 4506 1144 4576 ἐρικνωμένον
1173 4506 1234 4579 [ί.
1267 4509 1534 4580 ὲρῤυσω-]
1566 4511 1663 4580 μὲν
1693 4511 1833 4580 ἔχων

240 4595 308 4648 τὸ
335 4596 650 4666 πρόσωπον,
685 4599 1118 4670 τεταριχευμένα
1142 4601 1198 4654 δὲ
1241 4602 1458 4656 ἅπαντα
1479 4603 1547 4656 τά
1573 4604 1708 4673 μέλη
1739 4603 1835 4656 τοῦ

245 4687 526 4759 σώματος.
559 4690 716 4746 Οὕτω
750 4691 808 4745 δὲ
832 4695 944 4756 τοῖς
975 4693 1186 4759 πολλοῖς
1215 4695 1397 4758 πόνοις
1423 4697 1486 4748 τὸ
1525 4695 1686 4766 σῶμα
1712 4713 1838 4749 κατ-

242 4780 609 4852 εδαπάνησεν,
641 4784 716 4846 ὡς
741 4783 875 4855 μηδὲ
896 4784 994 4855 τὴν
1011 4784 1191 4858 ζώνην
1208 4787 1301 4840 ἐπὶ
1329 4787 1428 4857 τῆς
1455 4787 1598 4852 ίξύος
1633 4787 1838 4857 μένειν,

244 4872 368 4926 ἀλλ’
401 4877 492 4928 ἐπὶ
527 4876 594 4928 τὰ
630 4877 780 4931 κάτω
819 4882 1040 4949 χωρεῖν.
1073 4879 1148 4932 Οὐ
1174 4878 1282 4951 γὰρ
1309 4874 1377 4950 ἦν
1401 4881 1430 4933 ὃ
1468 4897 1521 4932 τι
1549 4879 1836 4942 κωλύσειε,

245 4967 642 5035 κατηνάλωντο
671 4969 728 5022 δὲ
767 4970 863 5024 καὶ
900 4970 1136 5040 γλουτοὶ,
1175 4972 1271 5024 καὶ
1301 4973 1470 5044 ἰσχία,
1504 4975 1598 5027 καὶ
1644 4975 1840 5043 παρεῖ-

243 5079 348 5129 χον
379 5063 440 5131 τῇ
485 5061 629 5134 ζώνῃ
662 5062 852 5134 ῥᾳδίαν
887 5064 986 5134 τὴν
1049 5066 1143 5118 ἐπὶ
1191 5065 1262 5118 τά
1290 5067 1442 5119 κάτω
1481 5067 1677 5138 φοράν.
1711 5067 1836 5119 To:-

244 5154 451 5224 γάρτοι
486 5153 561 5223 τῷ
599 5155 786 5223 χιτῶνι
813 5157 912 5227 τὴν
944 5157 1124 5227 ζώνην
1155 5159 1558 5230 προσὲρῤαψεν,
1579 5157 1721 5213 οὑτω
1742 5160 1840 5229 τὴν

247 5247 449 5299 στάσιν
499 5247 640 5318 αὑτῇ
692 5248 1340 5322 σοφισάμενος.’Κομιδῆ
1375 5252 1433 5305 δὲ
1515 5252 1679 5306 αὑτὸν
1732 5253 1840 5305 ἀπ-

247 5339 478 5392 έκναιεν
514 5341 546 5408 ἡ
573 5340 710 5410 πρὸς
744 5342 870 5405 τοὺς
895 5340 1119 5408 πολλοὺς
1165 5343 1351 5414 ὁμιλία
1383 5362 1396 5376 ·
1428 5352 1526 5416 την
1557 5344 1705 5398 θείαν
1734 5345 1846 5417 γάρ

245 5430 522 5498 διηνεκῶς
563 5432 968 5502 φανταζόμενος
1004 5435 1260 5506 θεωρίαν,
1290 5437 1472 5490 ἕλκειν
1503 5435 1713 5490 ἐκεῖθεν
1740 5437 1840 5489 οὑκ

249 5521 514 5576 ἑὸδύλετο
538 5522 635 5594 τὴν
665 5523 924 5578 διάνοιαν.
982 5525 1121 5578 Ἀλλ’
1162 5527 1316 5598 ὅμως
1351 5527 1444 5581 καὶ
1477 5526 1680 5598 θερμὸν
1702 5525 1842 5595 ἔχων

249 5614 323 5667 οὓ
340 5633 408 5670 τω
431 5617 522 5670 τὸν
555 5617 753 5690 ἔρωτα,
781 5618 983 5688 ὀλίγοις
1012 5620 1118 5672 τῶν
1154 5621 1442 5693 γνωρίμων
1472 5622 1842 5692 ἀποφράττειν

247 5712 364 5781 τὴν
399 5711 566 5784 θύραν
607 5714 698 5766 καὶ
747 5713 876 5768 εἴσω
926 5716 1224 5770 διαϐαίνειν
1273 5719 1576 5788 ἐπέτρεπε·
1613 5719 1704 5771 καὶ
1749 5716 1844 5789 τὴν

1919 474 2042 532 cani
2073 487 2284 534 omnes,
2314 471 2446 542 quin
2464 477 2518 524 et
2540 467 2756 536 finitimi
2776 482 2995 538 quoque
3013 467 3080 521 ad
3102 465 3392 520 fruendam
3408 465 3505 521 be-

1919 567 2286 644 nedictionem
2324 563 2746 618 contendebant.
2784 559 3051 614 Loculum
3085 573 3248 628 porro
3281 558 3505 612 lictores

1869 699 1878 707 .
1920 657 2076 712 multi
2096 655 2592 726 prosequebantur,
2624 667 2718 706 eos
2737 651 2831 720 qui
2859 665 3062 720 corpus
3091 657 3242 705 veste
3272 649 3509 719 spoliare

1920 751 2260 814 nitebantur,
2280 755 2335 800 et
2362 745 2688 817 panniculos
2717 743 2843 798 inde
2871 757 3158 798 assumere
3185 741 3504 811 cupiebant,

1919 843 2206 899 verberum
2221 848 2368 895 metu
2382 839 2741 894 deterrentes.
2757 836 2833 891 lbi
2846 835 3214 891 audiresimul
3233 843 3354 890 erat
3369 835 3509 889 alios

1922 920 2245 1008 psallentes,
2264 932 2400 987 alios
2415 931 2798 985 lamentantes.
2817 926 2951 983 Nam
2966 943 3088 998 qua:
3103 928 3383 998 lugebant,
3402 927 3506 980 alia

1923 1036 2162 1084 tutorem
2195 1041 2357 1084 suum
2383 1023 2754 1094 appellabant,
2780 1021 2885 1076 alia
2911 1021 3167 1081 altorem,
3191 1020 3297 1082 alia
3330 1026 3510 1088 pasto-

1923 1135 2041 1176 rem
2075 1127 2132 1175 et
2163 1117 2487 1188 magistrum
2516 1132 2529 1169 :
2561 1123 2618 1170 et
2657 1114 2750 1185 qui
2791 1113 3264 1184 lacrymabantur,
3295 1119 3508 1183 patrem

1924 1206 2343 1280 nuncupabant,
2379 1213 2434 1262 et
2459 1207 2806 1277 adjutorem,
2838 1214 2893 1260 et
2934 1215 3272 1259 curatorem.
3311 1203 3516 1273 Hujus-

1925 1305 2070 1360 modi
2090 1319 2215 1358 cum
2235 1301 2491 1357 laudibus
2507 1308 2561 1357 et
2591 1300 2848 1354 lamentis
2867 1307 3120 1353 sanctum
3141 1297 3275 1352 illud
3300 1295 3517 1367 1229

1926 1409 2258 1465 sacrumque
2273 1408 2487 1464 corpus
2518 1391 2822 1464 sepultura;
2848 1389 3202 1443 mandarunt.
3243 1389 3356 1457 Ego
3387 1402 3515 1441 vero

1928 1489 1980 1543 id
2013 1485 2341 1547 admiratus,
2360 1483 2508 1553 quod
2536 1489 2746 1535 mutato
2774 1481 2900 1535 vitae
2932 1479 3186 1535 instituto
3213 1479 3380 1533 vitam
3407 1495 3516 1533 una

1927 1595 2038 1635 non
2070 1576 2318 1642 mutarit,
2354 1591 2532 1644 neque
2563 1575 2878 1628 molliorem
2927 1572 3112 1627 victus
3143 1573 3414 1626 rationem
3459 1571 3514 1626 in

1929 1673 2250 1741 episcOpatu
2275 1677 2500 1724 secutus
2522 1667 2616 1729 sit,
2637 1665 2732 1722 sed
2755 1664 3024 1741 ascetieos
3042 1665 3254 1719 labores
3275 1663 3514 1719 adauxe-

1925 1764 2018 1826 rit,
2053 1759 2534 1816 iumonachorum
2569 1756 2724 1812 illum
2773 1738 3005 1811 historia
3033 1755 3310 1822 recensui,
3350 1766 3403 1811 et
3444 1755 3513 1808 ah

1927 1855 2123 1910 ordine
2153 1869 2314 1924 quem
2357 1851 2645 1907 adamarat
2691 1863 2802 1904 non
2851 1847 3094 1916 sejunxi,
3132 1857 3190 1901 ut
3234 1847 3326 1918 qui
3370 1847 3516 1900 hane

1927 1948 2148 2017 quoque
2178 1937 2620 2000 benedictionem
2651 1946 2924 2010 expetam.

2315 2075 2500 2134 xvut.
2538 2108 2607 2116 —
2641 2042 3002 2132 susenlusi

1999 2212 2345 2284 Supradictis
2387 2213 2594 2268 sanctis
2645 2178 2938 2268 Eusebium
2995 2227 3216 2281 quoque
3253 2228 3512 2282 magnum

1925 2308 2179 2377 adjiciam
2213 2307 2303 2377 qui
2327 2305 2471 2360 haud
2493 2305 2567 2359 ita
2601 2304 2807 2358 dudum
2843 2303 3064 2374 quidem
3109 2305 3216 2358 vita
3253 2305 3514 2365 excessit.

1926 2399 2177 2469 plurimis
2193 2407 2370 2452 autent
2385 2397 2544 2450 annis
2558 2411 2678 2450 cum
2701 2395 2919 2460 vixerit,
2934 2397 3195 2466 aequalem
3209 2399 3351 2468 artati
3368 2397 3522 2451 labo-

1929 2505 2042 2545 rem
2077 2489 2314 2560 pertulit,
2337 2479 2904 2556 aequalemquelabm'i
2927 2486 3181 2540 virtutem
3201 2486 3441 2552 collegit,
3463 2494 3519 2540 et

1928 2576 2422 2653 multipliceminde
2443 2577 2678 2633 fructum
2701 2577 2905 2633 retulit.
2923 2577 3262 2648 Agonotheta
3283 2593 3518 2646 namque

1930 2655 2438 2730 remunerationum
2463 2674 2481 2695 ⁶
2508 2669 2914 2740 magnificentia
2949 2671 3168 2726 labores
3197 2678 3513 2740 exsuperat.

1929 2767 2029 2822 Hic
2049 2767 2350 2838 igiturcum
2375 2764 2461 2820 sui
2485 2763 2656 2834 ipsius
2685 2777 2874 2818 curam
2911 2762 3035 2817 aliis
3060 2762 3218 2817 initio
3248 2761 3518 2818 credidis-

1929 2861 2366 2934 set,lducebatur
2387 2874 2497 2930 quo
2529 2857 2604 2924 illi
2629 2854 3054 2912 ducebant.Viri
3079 2855 3226 2910 enim
3271 2840 3430 2910 erant
3464 2856 3516 2908 hi

1927 2940 2148 3022 quoque
2206 2950 2400 3013 divini,
2459 2948 2677 3004 athletae
2731 2962 2799 3004 ac
2835 2945 3050 3017 pugiles
3093 2946 3335 3001 virtutis.
3407 2945 3521 3000 Ali-

1931 3053 2142 3118 quanto
2177 3059 2310 3100 vero
2350 3054 2599 3114 tempore
2633 3058 2762 3098 cum
2791 3043 2902 3098 illis
2943 3047 3219 3106 versatus,
3253 3046 3308 3094 et
3340 3038 3520 3106 philo-

1933 3137 2142 3206 sophia:
2187 3135 2420 3191 scientia
2459 3137 2619 3205 plene
2669 3133 2935 3198 imbutus,
2985 3133 3153 3186 vitam
3212 3131 3516 3186 solitariam

1933 3209 2358 3300 amplexus'est,
2390 3226 2666 3296 dorsoque
2692 3225 2898 3280 montis
2922 3231 3217 3293 occupato,
3252 3223 3343 3277 cui
3368 3223 3518 3276 vicus

1933 3319 2275 3392 praegrandis
2304 3310 2540 3388 adjacet,
2579 3318 2782 3373 Asicha
2817 3318 3065 3382 nomine,
3118 3316 3355 3372 maceria
3393 3315 3511 3369 sola

1934 3419 2257 3475 contentus,
2289 3412 2448 3482 cujus
2474 3411 2689 3483 lapides
2721 3427 2791 3466 ne
2822 3412 2938 3464 luto
2962 3409 3185 3480 quidem
3207 3409 3518 3479 eopularat,

1934 3507 2039 3563 sub
2072 3506 2165 3561 dio
2195 3505 2468 3576 reliquum
2507 3508 2636 3559 vita:
2673 3505 2914 3574 spatium
2941 3503 2995 3557 in
3027 3501 3296 3556 aerumnis
3331 3515 3523 3555 emen-

1935 3615 2032 3655 sus
2066 3607 2171 3664 est,
2203 3599 2613 3669 pellicea-veste
2643 3598 2902 3661 amictus,
2942 3595 3332 3666 cicerihusque
3365 3603 3419 3648 et
3445 3591 3525 3647 fa-

1933 3692 2019 3747 bis
2037 3706 2265 3748 vescens
2287 3705 2427 3762 aqua
2446 3689 2788 3746 madefactis.
2813 3688 3040 3745 Caricas
3055 3690 3224 3743 etiam
3249 3687 3521 3742 interdum

1936 3784 2195 3854 sumpsit,
2215 3784 2474 3855 corporis
2503 3783 2846 3839 debilitatem
2873 3783 3165 3837 sublevare
3185 3781 3287 3836 hac
3313 3779 3525 3833 ratione

1937 3875 2184 3931 studens.
2208 3875 2290 3929 Ad
2316 3877 2530 3934 senium
2561 3877 3025 3930 autem'ultitnum
3055 3881 3373 3944 provectus,
3398 3885 3522 3925 cum

1936 3967 2128 4021 dentes
2157 3966 2425 4034 plurimos
2456 3968 2761 4027 amisisset,
2816 3981 2994 4034 neque
3030 3967 3234 4017 vietum
3271 3962 3522 4020 mutavit,

1937 4073 2114 4126 neque
2145 4057 2562 4118 habitationem,
2615 4057 2709 4111 sed
2749 4044 2930 4110 hieme
2962 4063 3280 4115 concretus,
3329 4060 3524 4106 testato

1939 4150 2192 4211 adustus,
2229 4147 2444 4218 1230
2472 4154 2798 4200 constanter
2827 4145 3042 4200 ferebat
3073 4145 3384 4198 contrarias
3428 4159 3520 4197 ae-

1939 4243 2017 4297 ris
2044 4241 2364 4310 qUalitates,
2399 4238 2539 4293 facie
2572 4244 2891 4307 corrugata,
2924 4237 3292 4306 membrisque
3322 4250 3519 4304 corno.

1940 4337 2016 4390 ris
2046 4334 2305 4388 omnibus
2358 4331 2642 4388 arefactis.
2683 4330 2901 4402 Corpus
2935 4340 3116 4385 autem
3155 4330 3346 4383 multis
3373 4329 3520 4382 labo~

1941 4427 2097 4481 ribus
2130 4426 2211 4479 sic
2246 4426 2552 4488 attriverat,
2580 4434 2636 4477 ut
2659 4439 2796 4479 zona
2830 4423 2884 4478 in
2915 4422 3116 4478 lumbis
3141 4437 3247 4475 non
3268 4421 3520 4478 haereret,

1939 4518 2033 4574 sed
2081 4518 2336 4574 deorsum
2370 4516 2666 4583 deflueret,
2713 4532 2839 4571 cum
2880 4516 3122 4571 obstaret
3170 4513 3332 4580 nihil,
3393 4512 3519 4582 quia

1939 4610 2224 4664 extenuati
2256 4611 2445 4665 clunes
2477 4619 2530 4665 et
2561 4623 2711 4664 coxae
2745 4608 2961 4662 facilem
3002 4622 3154 4661 zonae
3187 4606 3520 4660 descensum

1940 4703 2172 4757 dabant.
2202 4701 2385 4768 Quare
2418 4701 2619 4756 tunica:
2647 4701 2796 4755 illam
2831 4715 3067 4754 assuens
3097 4705 3274 4752 artem
3311 4696 3522 4750 invenit

1939 4814 2048 4868 qua
2074 4797 2424 4853 consisteret.
2455 4794 2748 4850 Multorum
2779 4792 3206 4864 eongressiones
3235 4785 3521 4858 aegerrima

1943 4892 2168 4948 ferebat.
2221 4891 2428 4946 Divinte
2471 4892 2676 4962 quippe
2722 4883 3180 4958 contemplationi
3254 4889 3520 4952 perpetuo

1942 4983 2150 5048 afﬁxus,
2182 4985 2341 5040 avelli
2383 4983 2452 5037 ab
2488 4997 2552 5038 ea
2611 4988 2846 5036 mentem
2888 4977 3127 5032 nolebat.
3160 4973 3413 5028 Altamen
3441 4981 3524 5025 et-

1942 5076 1988 5131 si
2020 5084 2129 5129 tam
2161 5076 2393 5129 incenso
2424 5087 2612 5127 amore
2632 5075 2932 5131 teneretur,
2963 5065 3156 5137 paucis
3183 5060 3518 5134 quibusdam

1901 5147 1910 5156 ’
1940 5165 2090 5219 notis
2114 5165 2430 5219 obstructas
2456 5159 2608 5216 fores
2637 5157 2924 5215 recludere
2955 5166 3010 5210 et
3045 5153 3254 5207 intrare
3291 5149 3521 5219 permit-

1945 5256 2094 5310 tebat
2157 5274 2170 5309 :
2205 5269 2348 5324 quos
2387 5252 2703 5306 divinorum
2735 5245 3083 5316 eloquiorum
3136 5240 3388 5296 doctrina
3438 5236 3525 5290 in-

1947 5355 2189 5402 structos
2243 5344 2548 5408 dimittens,
2582 5339 2960 5410 jan‘uamluto
3019 5335 3219 5390 iterum
3271 5329 3525 5399 obscpire

1940 5441 2194 5512 jubebat.
2257 5437 2460 5493 Verum
2498 5436 2676 5492 satius
2722 5431 2939 5487 tandem
2999 5429 3166 5484 etiam
3222 5436 3524 5495 paucorum

1945 5547 2302 5604 congressum
2369 5531 2542 5583 vitare
2582 5537 2772 5590 ratus,
2839 5523 3014 5594 lapide
3058 5519 3265 5592 ingenti
3327 5516 3395 5571 ad
3442 5515 3528 5582 ja-

1946 5640 2111 5680 nuam
2174 5624 2394 5678 admoto
2427 5619 2632 5674 aditum
2686 5616 2907 5688 penitus
2960 5611 3286 5673 interclusit,
3331 5619 3388 5662 et
3435 5620 3532 5674 per

1949 5716 2194 5771 foramen
2230 5713 2508 5784 quoddam
2564 5725 2771 5782 paucos
2805 5725 2833 5762 e
2865 5705 3230 5765 familiaribus
3279 5701 3532 5766 alloqueo
