3898 6196
399 280 531 348 Ηὶῖ

1402 289 1894 352 THEODOBETI
1933 289 2273 351 EPISCUPI
2311 260 2678 364 CY'RENSIS

3516 277 3651 341 1428

399 400 560 452 batur
581 397 825 468 quidem,
858 401 952 455 sed
978 397 1045 455 ab
1081 400 1164 456 eis
1189 416 1296 456 non
1329 401 1685 458 cernebatur.
1713 399 1808 456 Sic
1830 400 1972 456 enim

2079 401 2185 454 ἀπὸ
2244 402 2353 454 τῶν
2416 400 2576 454 θείων
2632 396 2828 466 λογίων
2895 393 3240 449 διδασκαλίαν
3307 392 3656 463 προσφέρων,

397 503 747 562 prospexerat
782 496 1171 568 :indidemque
1195 498 1453 568 exiguum
1484 497 1637 552 illum
1668 498 1850 552 cibum
1886 514 1976 554 ac-

400 586 661 655 cipiebat.
696 584 933 642 Rursum
966 605 1097 644 vero
1127 591 1361 644 aliorum
1395 592 1644 646 omnium
1679 591 1976 662 colloquiis

396 676 662 738 exclusis,
706 692 794 732 me
846 694 1013 734 unum
1047 680 1136 734 illa
1177 681 1327 736 dulci
1377 680 1600 752 Deoque
1652 691 1808 753 grata
1840 698 1977 739 voce

395 766 738 835 dignabatur,
770 777 823 836 et
849 770 1005 825 abire
1038 773 1309 828 volentem
1341 774 1652 829 diutissime
1710 775 1778 829 de
1810 774 1976 830 caele-

397 857 576 912 stibus
613 860 778 916 rebus
808 861 1092 918 disserens
1127 866 1425 920 detinebat.
1461 865 1566 920 Sed
1603 881 1726 920 cum
1746 865 1813 920 ad
1851 881 1974 921 eum

396 947 736 1006 confluerent
766 954 943 1017 multi,
976 969 1040 1009 ac
1055 955 1452 1012 benedictionis
1481 957 1687 1011 donum
1708 972 1976 1027 exposce-

399 1048 542 1104 rent,
575 1043 864 1097 tumultum
924 1045 1067 1099 Intnc
1098 1048 1327 1103 moleste
1359 1051 1372 1068 ‘
1402 1048 1605 1111 ferens,
1660 1049 1805 1102 nulla
1836 1049 1975 1104 senii

397 1129 484 1183 sui
545 1130 742 1186 babita-
779 1135 1013 1199 ratione,
1053 1153 1153 1192 nec
1199 1147 1487 1209 urgentem
1547 1139 1973 1195 imbecillitatem

397 1222 777 1290 considerans,
813 1229 1111 1282 maceriam
1154 1231 1414 1294 transilit,
1457 1247 1524 1286 ne
1586 1232 1792 1302 vegetis
1853 1231 1974 1302 qui-

397 1308 521 1365 dem
553 1319 608 1365 et
639 1314 881 1370 robustis
922 1330 1156 1371 ascensu
1207 1318 1422 1372 facilem
1459 1327 1512 1372 et
1542 1317 1607 1372 ad
1662 1317 1972 1386 proximum

397 1413 700 1457 ascetarum
737 1407 942 1476 1231
971 1418 1170 1462 conum
1207 1408 1504 1477 profectus,
1535 1420 1816 1478 parvaque
1851 1423 1973 1461 rur-

399 1509 524 1548 sum
561 1497 799 1550 maceria
843 1497 1001 1566 juxta
1031 1499 1174 1553 muri
1213 1499 1469 1569 angulum
1501 1506 1802 1562 exstructa,
1837 1512 1971 1551 con-

395 1585 571 1641 suetis
631 1587 913 1644 laboribus
944 1589 1270 1644 decertavit.
1331 1590 1526 1644 Aiebat
1558 1599 1736 1644 autem
1794 1590 1974 1659 gregis

395 1671 560 1742 hujus
615 1677 977 1762 praepositus,
1035 1679 1120 1733 vir
1172 1679 1320 1734 omni
1373 1679 1574 1735 virtute
1632 1680 1971 1740 cumulatus.

2080 493 2239 548 πάλιν
2265 493 2532 555 ἀπιόντας
2579 489 2798 544 ἐκέλευε
2824 491 2891 560 τῇ
2936 487 3073 559 θύρᾳ
3103 485 3194 540 τὸν
3225 484 3398 556 πηλὸν
3443 485 3666 538 ἐπιθεῖο

2077 603 2185 639 ναι.
2236 586 2346 639 Καὶ
2397 584 2494 656 τὴν
2543 582 2679 653 πρὸς
2708 582 2835 642 τοὺς
2873 579 3084 648 ὀλίγους
3131 578 3189 631 δέ
3236 577 3521 646 συντυχίαν
3550 594 3663 644 φυο

2077 680 2193 746 γεῖν
2215 677 2433 747 ἄμεινον
2459 677 2824 747 ἡγησάμενος,
2847 672 3156 742 ἀπετείχισε
3167 671 3270 741 τὴν
3288 669 3490 722 είσοδον
3514 686 3662 721 παν-

2077 749 2266 832 τελῶς,
2317 771 2382 838 τῇ
2434 768 2572 839 θύρᾳ
2607 767 2788 838 ἐκείνῃ
2816 764 2962 817 λίθον
2992 764 3245 834 μέγιστον
3288 763 3658 832 συναρμόσας.

2078 862 2179 914 Διά
2220 877 2363 924 τινος
2404 861 2460 914 δὲ
2503 859 2816 930 ὀρύγματος
2845 857 3045 924 ὀλίγοις
3093 855 3202 908 τῶν
3223 854 3466 924 συνήθων
3492 852 3661 906 Gtt-112'-

2078 968 2204 1020 γετο
2235 950 2353 1021 μὲν,
2385 951 2483 1020 οὐχ
2525 951 2734 1020 ἑωρᾶτο
2777 949 2835 1002 δέ
2868 964 2881 978 ⁸
2913 947 3056 1001 οὕτω
3075 946 3193 1016 ,γὰρ
3224 945 3616 1014 ἐμεμηχάνητο
3645 961 3661 974 ο

2077 1041 2286 1096 ἐκεῖθεν
2337 1041 2394 1094 δὲ
2441 1041 2748 1111 εἰσεδέχετο
2787 1041 2882 1094 καὶ
2931 1040 3032 1109 τὴν
3067 1038 3254 1108 ὀλίγην
3295 1037 3505 1107 ἐκείνην
3525 1052 3670 1105 τρο-

2078 1134 2204 1202 φήν.
2249 1133 2418 1186 Πάλιν
2447 1132 2624 1202 δὲτὴν
2657 1133 2796 1203 πρὸς
2828 1121 3078 1194 ἅπαντας
3115 1129 3501 1197 ἀπαγορεύσας
3537 1128 3675 1180 διάο

2076 1211 2240 1289 λεξιν,
2293 1224 2393 1294 ἐμὲ
2448 1224 2608 1295 μόνον
2655 1225 2755 1294 τῆς
2805 1223 3064 1292 γλυκείας
3119 1223 3333 1289 ἐκείνης
3390 1222 3484 1273 καὶ
3534 1219 3674 1289 Θεῷ
3715 1291 3720 1296 ἦ

2077 1317 2240 1386 φίλης
2279 1314 2434 1385 ἠξίου
2480 1317 2703 1385 φωνῆς’
2764 1315 2856 1367 καὶ
2901 1313 3120 1367 ἀπιέναι
3166 1311 3485 1382 βουλόμενον
3539 1312 3672 1363 ἐπι-

2076 1408 2326 1460 πλεῖστον
2380 1410 2600 1477 κατεῖχε
2659 1405 2786 1476 περὶ
2832 1405 2942 1460 τῶν
2996 1404 3261 1474 οὐρανίων
3311 1403 3674 1472 πραγμάτων

2075 1497 2478 1568 διαλεγόμενος.
2534 1497 2750 1550 Πολλῶν
2779 1487 2835 1550 δὲ
2865 1496 2994 1568 πρὸς
3026 1496 3188 1549 αὐτον
3219 1495 3669 1564 ἀφικνουμένων,

2079 1591 2172 1658 καὶ.
2217 1589 2318 1658 τῆς
2358 1587 2608 1653 εὐλογίας
2673 1586 3046 1640 ἀπαιτούντων
3088 1585 3148 1638 τὸ
3188 1585 3391 1656 δῶρον,
3445 1584 3692 1654 σφόδρα·

2077 1680 2264 1733 τοῦτον
2315 1678 2653 1749 δυσχεράνας
2687 1679 2779 1732 τὸν
2827 1677 3073 1749 θόρυϐον,
3121 1677 3244 1730 οὐτε
3267 1678 3328 1730 τὸ
3368 1681 3556 1750 γῆρας
3588 1680 3671 1739 εἰς

394 1765 708 1834 quindrcim
742 1769 892 1822 illutn
926 1753 1050 1824 cum
1102 1771 1304 1826 caricis
1353 1782 1561 1840 septem
1612 1771 1752 1826 sacri
1776 1771 1972 1839 jejunii

2077 1771 2201 1825 νοῦν
2255 1769 2454 1834 λαϐὼν,
2497 1770 2622 1824 οὐτε
2662 1771 2762 1842 τὴν
2807 1770 3160 1840 ἐπικειμένην
3190 1770 3473 1823 ἀσθένειαν
3510 1769 3672 1837 λογι-

395 1855 776 1913 bebdomadas
811 1861 1174 1929 transegisse.
1206 1860 1385 1929 Atque
1413 1861 1518 1915 hoc
1551 1861 1640 1916 ille
1668 1863 1973 1916 certamine

394 1945 692 2002 defunctus
717 1957 822 2011 est,
861 1965 985 2003 cum
1018 1966 1198 2006 annos
1229 1961 1415 2022 ageret
1444 1945 1614 2021 supra
1648 1953 1966 2021 nonaginta,

392 2045 450 2092 ct
479 2037 761 2094 debilitate
805 2042 1178 2112 ineXpIicabili
1234 2052 1533 2099 teneretur.
1566 2043 1672 2100 Sed
1709 2044 1968 2100 debilita-

395 2141 502 2187 tem
541 2133 789 2187 vincebat
820 2135 988 2189 animi
1051 2137 1337 2204 alacritas,
1395 2148 1448 2193 et
1475 2138 1567 2193 Dei
1603 2153 1759 2192 amor
1789 2136 1969 2192 facilia

393 2224 576 2278 omnia
610 2225 872 2281 reddebat
931 2239 984 2282 et
1033 2228 1311 2298 expedita.
1346 2228 1443 2285 llis
1490 2245 1618 2298 ergo
1672 2229 1968 2284 sudoribus

397 2315 653 2383 perfusus
705 2318 772 2371 ad
806 2334 1006 2374 cursus
1035 2321 1532 2391 metampervenit,
1586 2336 1640 2376 et
1671 2321 1972 2391 agonotlte-

394 2417 504 2461 tam
546 2424 802 2473 cernens,
831 2419 886 2466 ct
919 2427 1157 2468 coronas
1201 2413 1548 2469 desiderans.
1581 2413 1693 2485 Ego
1724 2429 1852 2468 vero
1883 2413 1968 2468 in-

392 2500 728 2556 tercessione
756 2503 843 2556 illa
879 2502 983 2557 frui
1034 2504 1222 2574 cupio,
1287 2518 1393 2573 qua
1430 2503 1650 2559 fruebar
1695 2520 1819 2559 cum
1875 2521 1969 2559 su-

393 2596 604 2654 perstes
627 2599 794 2646 esset.
816 2591 1011 2648 Vivere
1032 2595 1178 2648 enim
1203 2594 1380 2664 ipsum
1402 2594 1589 2658 credo,
1613 2605 1664 2648 et
1689 2593 1966 2665 puriorem

393 2679 462 2734 ad
491 2681 655 2736 Deum
687 2684 889 2741 habere
922 2686 1200 2744 fiduciam.

2079 1864 2332 1932 σάμενος,
2375 1862 2694 1933 ὑπερϐαίνει
2724 1862 2784 1915 τι
2819 1862 3087 1933 θριγκίον,
3123 1862 3222 1915 οὐκ
3249 1860 3585 1914 εὐεπίϐατον
3607 1861 3668 1914 ὃν

2077 1955 2197 2008 οὐδὲ
2236 1957 2348 2018 τοῖς
2379 1954 2523 2026 μάλα
2560 1953 2834 2025 σφριγῶσι
2861 1971 2875 1984 ⁸
2915 1955 3009 2006 καὶ
3041 1953 3140 2024 τὴν
3171 1953 3519 2015 πελάζουσαν
3553 1955 3668 2006 τῶν

2077 2046 2333 2116 ἀσκητῶν
2365 2043 2686 2098 καταλαϐὼν
2713 2044 3044 2115 συμμορίαν,
3075 2044 3306 2116 θριγκίῳ
3337 2047 3501 2101 πάλιν
3533 2065 3667 2116 σμι-

2076 2133 2194 2205 κρῷ
2221 2133 2370 2205 παρὰ
2399 2134 2496 2205 τὴν
2523 2131 2616 2186 τοῦ
2650 2134 2831 2203 τοίχου
2871 2135 3072 2202 γωνίαν
3095 2136 3461 2205 χρησάμενος,
3516 2137 3669 2207 μετὰ

2076 2226 2186 2280 τῶν
2236 2228 2480 2296 συνήθων
2515 2225 2810 2294 ἠγωνίζετο
2847 2226 3042 2280 πόνων.
3084 2227 3142 2280 Ὀ
3180 2227 3234 2280 δὲ
3271 2223 3470 2298 ταύτης
3519 2246 3667 2300 προ-

2076 2318 2348 2372 στατεύων
2367 2319 2467 2388 τῆς
2483 2320 2738 2390 ποίμνης,
2761 2319 2899 2389 ἀνὴρ
2925 2320 3102 2390 πάσης
3121 2321 3315 2390 μεστὸς
3329 2320 3403 2372 ὢν
3425 2322 3666 2391 ἀρετῆς,

2077 2410 2290 2478 ἰσχάσιν
2329 2410 2492 2462 αὐτὸν
2536 2411 2638 2480 ἐφη
2689 2411 3078 2464 πεντεκαίδεκα
3136 2413 3509 2482 χρησάμενον,
3559 2414 3663 2477 τας

2075 2501 2215 2554 ἑπτα
2235 2501 2332 2571 τῆς
2353 2501 2512 2569 ἁγίας
2533 2503 2784 2572 νηστείας
2808 2503 3031 2556 διελθεῖν
3058 2504 3375 2573 ἑϐδομάδας.
3403 2505 3520 2558 Καὶ
3536 2504 3669 2558 τοῦ·

2073 2611 2164 2646 τον
2192 2594 2495 2664 ἠγωνίσατο
2522 2595 2620 2652 τὸν,
2641 2595 2827 2663 ἀγῶνα
2851 2596 3082 2649 πλείονα
3118 2596 3268 2666 μένῆ
3295 2598 3668 2663 ἐννενήκοντα

2074 2685 2168 2754 ἔτη
2195 2685 2491 2750 βεϐιωκὼς,
2514 2687 2766 2758 ἀσθενείᾳ
2786 2687 2842 2741 δὲ
2865 2687 3205 2757 δυσδιηγήτῳ
3219 2690 3666 2757 τετρυχωμένος,

391 2772 528 2825 ἀλλὰ
559 2775 660 2845 τῆς
705 2776 987 2839 ἀσθενείας
1019 2772 1086 2848 ἦν
1111 2779 1375 2849 κρείττων
1412 2781 1445 2850 ἡ
1484 2777 1780 2849 προθυμία,
1823 2776 1918 2829 καὶ
1953 2775 1982 2828 ὁ
2022 2773 2163 2837 θεῖος
2208 2775 2371 2837 πόθος
2418 2776 2634 2846 εὐμαρῆ
2667 2778 2842 2832 πάντα
2875 2778 3136 2831 διεδείκνυ
3165 2781 3257 2831 καὶ
3295 2779 3478 2850 ῥᾴδια.
3509 2780 3669 2832 Τού-

392 2883 508 2929 τοις
548 2867 641 2921 καὶ
674 2860 828 2933 οὗτος
859 2871 968 2933 τοίς
1001 2869 1186 2942 ίδρῶσι
1219 2871 1663 2943 περιῤῥεόμενος,
1698 2868 1962 2924 κατέλαϐε
2000 2866 2095 2920 τοῦ
2127 2867 2329 2938 δρόμου
2376 2869 2475 2940 τὴν
2519 2869 2743 2932 νύσσαν,
2791 2870 2883 2923 καὶ
2915 2869 3004 2923 τὸν
3074 2870 3416 2939 ἀγωνοθέτην
3491 2872 3662 2940 ὀρῶν,

397 2962 646 3026 καὶτοὺς
717 2965 1013 3034 στεφάνους
1055 2966 1260 3020 ποθῶν.
1318 2967 1459 3036 Ἐγὼ
1503 2968 1558 3021 δὲ
1611 2967 1712 3036 τῆς
1751 2963 2047 3035 πρεσϐείας
2083 2963 2298 3034 ἐκείνης
2351 2968 2536 3034 τυχεῖν
2579 2965 2736 3031 ἀξιῶ,
2785 2961 2853 3038 ἦς
2893 2967 2972 3020 ἔτι
3018 2967 3297 3036 περιόντος
3351 2965 3664 3035 ἀπήλαυνον.

396 3055 504 3126 Ζῇν
558 3055 668 3128 γὰρ
709 3057 871 3110 αὐτὸν
912 3058 1172 3123 πιστεύω,
1227 3060 1321 3113 καὶ
1377 3058 1762 3132 καθαρωτέραν
1814 3058 1958 3128 ἔχειν
1994 3055 2132 3126 πρὸς
2163 3058 2256 3110 τὸν
2291 3056 2423 3111 Θεὸν
2461 3058 2797 3130 παρρησίαν.

855 3189 996 3244 XIX.
1025 3223 1095 3232 —
1119 3191 1550 3246 SALAMANES.

471 3320 729 3391 lnjuriam
749 3322 936 3380 virtuti
959 3325 1228 3383 facturum
1250 3343 1334 3384 me
1353 3319 1577 3399 putans.
1597 3327 1642 3384 si
1669 3327 1974 3384 admirandi

400 3414 711 3471 Salamanis
746 3416 910 3472 vitam
946 3419 1395 3477 desiderantibus
1431 3436 1541 3477 non
1571 3421 1833 3488 indicem,
1875 3422 1972 3479 sed

398 3508 674 3565 oblivione
700 3509 862 3566 obrui
889 3512 1093 3578 sinam,
1115 3514 1240 3585 ejus
1257 3516 1574 3569 summatim
1598 3515 1972 3571 narrationem

386 3600 704 3685 aggrediar.
740 3598 907 3659 Vicus
939 3613 1024 3659 est
1057 3605 1125 3659 ad
1152 3605 1496 3660 occidentem
1529 3604 1677 3659 fluvii
1723 3605 1974 3676 Euphra-

395 3695 491 3757 tis,
533 3696 636 3764 ipsi
670 3700 804 3769 ripze
851 3697 1168 3759 imminens,
1201 3698 1515 3767 Capersana
1548 3698 1790 3753 nomine.
1839 3697 1976 3755 Hinc

395 3794 557 3840 ortus
589 3787 702 3852 ille,
733 3803 856 3842 cum
891 3787 957 3840 ad
984 3787 1222 3856 quietam
1251 3788 1417 3841 vitam
1455 3789 1698 3842 animum
1743 3788 1971 3859 adjeeis-

397 3883 504 3937 set,
547 3875 938 3932 domunculam
973 3876 1028 3931 in
1061 3877 1321 3933 ulteriore
1350 3880 1474 3933 vico
1519 3889 1735 3945 nactus,
1771 3879 1823 3933 in
1853 3895 1973 3934 eam

399 3981 460 4022 se
485 3967 875 4034 inclusit,.nec
909 3969 1056 4024 ostio
1090 3970 1305 4034 relicto,
1339 3986 1439 4026 nec
1493 3971 1758 4027 fenestra.
1794 3970 1974 4035 Semel

397 4055 581 4115 autem
639 4063 942 4131 quotannis
994 4070 1196 4117 terram
1253 4062 1577 4126 suffodiens,
1616 4063 1786 4118 totius
1843 4062 1973 4117 anni

399 4150 718 4204 alimentum
779 4150 1105 4220 accipiebat,
1137 4166 1260 4204 cum
1301 4150 1451 4204 nullo
1479 4166 1720 4221 unquam
1756 4151 1977 4206 homine

397 4241 653 4310 loquens.
690 4241 752 4296 Et
804 4243 948 4297 hunc
1000 4242 1054 4296 in
1088 4241 1310 4296 modum
1371 4258 1478 4296 non
1517 4242 1691 4306 brevi,
1731 4240 1825 4296 sed
1859 4241 1974 4295 lon-

397 4333 624 4402 gissimo
659 4341 905 4405 tempore
965 4335 1358 4405 perseveravit.
1391 4335 1641 4390 Civitatis
1674 4349 1828 4396 vero,
1886 4334 1975 4388 cui

395 4426 550 4481 vicus
606 4429 853 4490 suberat,
911 4428 1166 4493 antistes,
1203 4428 1307 4483 viri
1363 4427 1581 4498 cognita
1627 4426 1846 4490 virtute,
1889 4441 1977 4482 sa-

397 4518 625 4572 cerdotii
655 4519 860 4574 donum
914 4520 1126 4590 1232
1185 4519 1471 4590 impartire
1492 4519 1568 4573 illi
1620 4519 1871 4588 cupiens,
1903 4518 1968 4574 ad
2005 4504 2048 4559 Ῑ)

395 4625 520 4664 eum
556 4611 724 4675 venit,
761 4619 815 4665 et
847 4610 1073 4665 eiii-acta
1106 4611 1452 4665 domunculae
1503 4621 1656 4680 parte
1690 4612 1970 4679 ingressus

396 4710 506 4766 est,
540 4716 761 4756 manum
783 4703 863 4757 illi
896 4703 1179 4772 imposuit,
1217 4703 1704 4772 precationemque
1739 4701 1969 4772 peregit,

399 4793 695 4862 multisque
721 4794 871 4848 illum
918 4793 1104 4848 verbis
1141 4791 1362 4856 affatus,
1393 4793 1628 4863 gratiam
1657 4809 1764 4863 qua
1793 4793 1970 4847 dona-

399 4894 488 4940 tus
511 4884 688 4938 fuerat
719 4883 999 4950 indicavit,
1056 4885 1315 4952 nullaque
1339 4885 1406 4939 ab
1431 4899 1495 4938 eo
1551 4900 1810 4950 expressa
1838 4899 1973 4940 voce

395 4975 677 5040 discessit,
722 4985 776 5031 et
803 4976 983 5030 diruta
1024 4977 1326 5032 restaurari
1358 4977 1547 5045 jussit.
1602 4977 1723 5030 Alio
1773 4993 1970 5034 rursus

398 5077 663 5139 tempore,
685 5067 791 5123 vici
816 5068 938 5137 ejus
967 5069 1166 5124 natalis
1186 5069 1396 5132 incolae,
1416 5069 1578 5123 fluvio
1607 5076 1766 5124 noctu
1794 5078 1975 5126 trans-

399 5159 591 5222 misso,
647 5158 1006 5230 perfossaque
1063 5158 1418 5224 domuncula,
1473 5159 1749 5214 sublatum
1785 5159 1972 5224 illum,

401 5264 502 5305 nec
532 5251 888 5314 renitentem,
913 5251 930 5271 ‘
955 5265 1056 5306 nec
1101 5257 1452 5314 annuentem,
1492 5249 1546 5304 in
1579 5251 1758 5304 vicum
1812 5266 1972 5304 suum

398 5351 783 5411 exportarunt,
816 5351 871 5398 et
901 5342 1136 5398 similem
1173 5357 1333 5396 mane
1362 5341 1586 5396 domum
1625 5349 1974 5398 exstruentes

399 5434 689 5490 confestim
713 5435 1075 5492 incluserunt.
1107 5435 1197 5492 Ille
1229 5450 1358 5490 vero
1391 5435 1647 5490 similiter
1670 5434 1970 5496 obmutuit,

400 5524 538 5580 nulli
596 5541 823 5594 prorsus
852 5526 1148 5596 quidquam
1203 5527 1454 5595 loquens.
1491 5524 1686 5581 Paucis
1719 5541 1846 5580 vero
1874 5526 1975 5581 ite-

404 5632 525 5670 rum
554 5626 678 5685 post
725 5620 939 5685 diebus,
973 5621 1150 5674 vicani
1185 5621 1290 5675 vici
1324 5622 1624 5686 ulterioris,
1681 5630 1843 5676 noctu
1880 5621 1976 5676 ad-

405 5712 716 5772 ventantes,
753 5707 915 5762 domo
961 5708 1200 5775 effracta,
1230 5711 1380 5767 illum
1417 5713 1482 5767 ad
1522 5730 1578 5768 sc
1603 5712 1970 5779 abduxerunt,

1997 3149 2044 3210 C

2537 3192 2636 3248 1Θ¹.
2656 3223 2727 3233 -ι
2742 3192 3186 3246 ΣΑΛΑΜΔΝΗΣ.

2088 3332 2320 3385 Ἀδικεῖν
2354 3331 2581 3402 νομίσας
2608 3329 2708 3402 τὴν
2733 3329 2954 3401 ἀρετὴν,
2988 3331 3035 3382 εἰ
3060 3328 3152 3382 καὶ
3181 3324 3488 3396 Σαλαμάνου
3545 3322 3659 3378 τοῦ

2076 3422 2380 3492 θαυμασίου
2420 3422 2512 3477 τὸν
2565 3423 2676 3492 βίον
2723 3425 2833 3485 τοῖς
2869 3420 3143 3491 δεομένοις
3193 3419 3269 3489 μὴ
3296 3415 3664 3487 γνωρίσαιμι,

2075 3514 2189 3568 ἀλλ’
2226 3516 2330 3568 ὐπὸ
2369 3515 2467 3586 τῆς
2503 3515 2672 3585 λήθης
2714 3513 3063 3585 χωννυμένην
3111 3511 3427 3581 περιίδοιμι,
3477 3509 3538 3560 ἐν
3568 3526 3670 3561 κε-

2076 3608 2288 3678 φαλαίῳ
2321 3608 2619 3678 ποιήσομαι
2637 3607 2736 3678 τὴν
2769 3605 3043 3677 διήγησιν.
3073 3603 3248 3672 Κώμη
3274 3601 3356 3663 τίς
3386 3604 3509 3653 ἐστι
3557 3600 3661 3654 τοῦ

2075 3699 2359 3767 Εὐφράτου
2397 3697 2640 3769 ποταμοῦ
2669 3697 2808 3768 πρὸς
2851 3696 3108 3765 ἑσπέραν,
3141 3695 3280 3762 αὐτῇ
3324 3692 3665 3758 ἐπικειμένη

2073 3795 2138 3863 τῇ
2169 3790 2324 3864 ὄχθῃ,
2360 3779 2697 3858 Καπερσανᾶ
2741 3789 3069 3858 καλουμένη.
3117 3787 3213 3838 Ἐκ
3255 3785 3471 3852 ταύτης
3505 3779 3670 3846 οὗτος

2073 3882 2410 3954 ὁρμώμενος,
2453 3883 2545 3936 καὶ
2595 3882 2688 3935 τὸν
2731 3881 2954 3951 ἡσύχιον
2995 3877 3378 3945 ἀσπαζόμενος
3425 3874 3572 3944 βίον,
3611 3876 3670 3927 ἐν

2073 3979 2139 4046 τῇ
2174 3974 2344 4044 πέραν
2377 3972 2540 4046 κώμῃ
2585 3972 2817 4043 σμικρὸν
2845 3971 3088 4025 οἰκίσκον
3124 3967 3326 4038 εὑρὼν,
3365 3965 3672 4036 καθεῖρξεν

2075 4066 2284 4127 ἑαυτὸν,
2330 4064 2454 4118 οὐτε
2509 4064 2700 4135 θύραν,
2728 4063 2852 4118 οὐτε
2880 4062 3076 4132 θυρίδα
3106 4058 3452 4113 καταλιπών,
3480 4057 3673 4120 Ἀπαξ

2073 4157 2131 4210 δὲ
2181 4156 2274 4210 τοῦ
2331 4155 2485 4218 ἔτους
2538 4155 2686 4226 παρὰ
2736 4153 2833 4223 τὴν
2878 4153 2981 4222 γῆν
3025 4151 3287 4221 ὀρύττων,
3323 4149 3545 4210 παντδς
3579 4147 3672 4201 τοῦ

2077 4249 2230 4312 ἐτους
2282 4248 2571 4317 ὑπεδέχετο
2618 4246 2715 4318 τὴν
2743 4246 2970 4315 τροφὴν,
3008 4229 3181 4297 οὐδενί
3222 4258 3348 4294 ποτε
3383 4239 3676 4309 ἀνθρώπῳ

2075 4341 2477 4410 διαλεγόμενος.
2537 4339 2646 4392 Καὶ
2698 4336 2885 4390 τοῦτον
2933 4335 3025 4388 τὸν
3053 4335 3252 4405 τρόπον
3299 4332 3424 4385 οὐκ·
3461 4332 3674 4398 ὀλίγον.

2082 4428 2196 4482 ἀλλ’
2230 4430 2310 4482 ὅτι
2359 4427 2593 4498 μάλιστα
2634 4426 2882 4479 πλεῖστον
2931 4424 3198 4477 διετέλεσε
3246 4420 3471 4490 χρόνον.
3507 4421 3628 4474 Καὶ
3653 4422 3679 4471 ό

2076 4519 2175 4590 τῆς
2228 4520 2436 4582 πόλεως
2479 4519 2538 4572 δὲ
2568 4517 2879 4588 ἀρχιερεὺς,
2925 4510 2991 4586 ἧς
3024 4511 3091 4585 ἦν
3133 4515 3165 4583 ἡ
3214 4510 3402 4580 κώμη,
3439 4511 3548 4581 τὴν
3585 4509 3678 4562 τοῦ

2078 4610 2271 4680 ἀνδρὸς
2299 4609 2488 4682 μαθὼν
2525 4608 2748 4679 ἀρετὴν,
2798 4606 3027 4676 ἀφίκετο
3057 4606 3155 4675 τῆς
3189 4602 3497 4672 ἱερωσύνης
3523 4601 3681 4668 αὐτῷ

2076 4701 2257 4756 δοῦναι
2285 4702 2346 4755 τὺ
2390 4700 2560 4770 δῶρον
2609 4699 2952 4768 βουλόμενος·
3003 4697 3093 4750 καὶ
3131 4693 3438 4766 διαρρήξας
3471 4692 3578 4746 τοῦ
3606 4695 3688 4745 oi-

2079 4794 2270 4847 κίσκου
2299 4811 2352 4845 τι
2389 4793 2451 4862 μέ
2463 4809 2550 4862 ρος
2581 4790 2915 4862 εἰσελήλυθε·
2950 4789 3044 4843 καὶ
3081 4787 3178 4856 τὴν
3204 4787 3364 4855 χεῖρα
3397 4785 3681 4855 ἐπέθηκε.

2079 4885 2172 4938 καὶ
2205 4883 2302 4955 τὴν
2351 4882 2511 4952 εὐχὴν
2556 4881 2861 4944 ἐπετέλεσε,
2897 4881 2991 4933 καὶ
3040 4876 3209 4931 πολλὰ
3245 4877 3340 4945 μὲν
3373 4875 3524 4944 πρὸς
3580 4875 3682 4927 αύ-

2077 4975 2168 5028 τὸν
2219 4975 2344 5046 ἐφη,
2377 4980 2470 5028 καὶ
2497 4975 2596 5044 τὴν
2628 4972 3020 5044 ἐπιγενομένην
3050 4971 3286 5041 ἐμήνυσε
3321 4967 3525 5036 χάριν.
3567 4969 3680 5021 0-3-

2076 5066 2270 5138 δεμιᾶς
2285 5068 2341 5120 δέ
2372 5066 2557 5136 φωνῆς
2577 5065 2817 5127 ἀκούσας
2837 5061 3199 5133 ἀπελήλυθεν,
3225 5059 3686 5130 ἀνοικοδομηθῆ-

2079 5177 2166 5214 ναι
2213 5158 2476 5221 κελεύσας
2524 5158 2585 5210 τὸ
2613 5157 2852 5228 ὄρυγμα.
2906 5155 3130 5208 Ἀλλοτε
3156 5153 3213 5206 δὲ
3245 5150 3437 5212 πάλιν,
3477 5154 3540 5205 οἱ
3587 5152 3689 5218 τῆς

2077 5248 2268 5319 κώμης
2324 5249 2558 5318 ἐκείνης,
2591 5247 2682 5315 ἀφ’
2710 5241 2777 5318 ἦς
2818 5245 3043 5314 ὥρμητο
3067 5284 3082 5307 ,
3117 5242 3331 5310 νύκτωρ
3367 5239 3465 5292 τοῦ
3505 5257 3688 5292 ποται-

2085 5344 2185 5420 μοῦ
2229 5344 2320 5398 τὸν
2358 5343 2523 5414 πόρον
2560 5339 3008 5410 διαπεράσαντες,
3036 5336 3130 5388 καὶ
3167 5333 3227 5386 τὸ
3259 5332 3480 5402 οἴκημα.
3529 5331 3692 5402 διαρ-

2082 5437 2364 5507 ῥήξαντες,
2401 5433 2657 5495 λαϐόντες
2705 5430 2888 5492 αὐτὸν,
2939 5425 3060 5480 οὐτε
3103 5422 3509 5482 ἀντιτείνοντα,
3561 5421 3690 5474 οὗτε

2082 5527 2388 5590 κελεύοντα,
2423 5523 2621 5594 εἰς·τὴν
2640 5523 2845 5576 οἰκείαν
2874 5519 3068 5588 κώμην
3096 5515 3336 5587 φοράδην
3357 5511 3656 5580 ἐκόμισαν
3675 5529 3690 5542 °

2082 5620 2176 5674 καὶ
2222 5617 2460 5672 τοιοῦτον
2508 5614 2674 5668 ἕωθεν
2696 5613 2939 5667 οἰκίσκον
2969 5609 3308 5680 δειμάμενοι,
3345 5607 3691 5672 παραυτίκα

2080 5709 2388 5781 καθεῖρξαν.
2432 5708 2489 5760 ὐ
2516 5706 2574 5760 δὲ
2632 5704 2829 5776 ὁμοίως
2881 5700 3108 5773 ἡσυχίαν
3139 5694 3292 5769 ἦγεν,
3329 5692 3496 5748 οὐδὲν
3547 5694 3690 5766 πρὸς
