3898 6196
265 230 398 294 1429
815 201 818 203 λ
1448 233 1853 297 nemorosa
1922 241 2308 305 HISTORIA.
3381 256 3526 323 1m

260 342 467 418 μηδένα
494 325 900 412 διαλεγόμενος.
944 341 1077 397 Μετ’
1109 343 1294 414 ὀλίγας
1321 345 1378 400 δέ
1413 347 1574 401 πάλιν
1605 348 1813 419 ἡμέρας

1947 369 2046 409 nec
2100 356 2595 424 contradicentem,
2651 370 2744 416 aut
2774 377 2999 419 manere
3058 368 3511 438 contendentem,

254 437 302 487 οἱ
331 433 430 504 τῆς
463 433 731 503 ἁντιπέρα
765 431 978 504 κώμης,
1021 435 1238 507 νύκτωρ
1270 438 1610 506 ἐπελθόντες,
1645 441 1740 494 καὶ
1772 441 1813 493 τε

1943 460 2044 499 nec
2071 446 2311 502 libenter
2348 464 2546 505 rursus
2578 447 2987 508 abscedentem.
3025 454 3100 508 Ita
3130 472 3191 511 se
3232 467 3510 515 mortuum

251 526 460 596 οἴκημα
509 524 925 597 διαρρήξαντες,
987 529 1124 600 πρὸς
1171 529 1394 612 ἑαυτοὺς
1443 531 1672 604 ἀπῆγον,
1731 533 1813 586 οὐ)

1945 551 2174 604 prorsus
2231 539 2439 594 mundo
2499 542 2812 608 exhibebat,
2851 553 2906 598 et
2946 548 3306 615 apostolicam
3364 552 3510 606 illam

251 615 624 685 ἀντιλέγοντα,
653 616 776 670 ούδέ
835 617 1014 688 μένειν
1051 618 1396 690 βιαζόμενον,
1427 621 1536 674 οὐδ’
1569 620 1635 675 αὖ
1669 622 1813 678 πάλιι

1937 639 2124 678 vocem
2158 641 2283 680 vere
2313 628 2544 697 loquens
2569 635 2870 701 usurpabat
2904 653 2916 689 :
2961 654 2978 685 ι
3004 635 3224 692 Christo
3263 640 3512 696 confixus

251 706 549 777 προθύμως
596 708 921 780 ἀπαίροντα.
972 710 1128 764 Οὕτω
1173 710 1366 781 νεκρὸν
1404 711 1595 765 ἑαυτὸν
1628 730 1813 766 παντε-

1937 730 2058 770 sum
2095 716 2273 783 cruci,
2306 718 2434 773 vivo
2462 727 2645 775 autem
2673 721 2787 791 jam
2826 738 2934 778 non
2971 740 3095 796 ego,
3129 728 3264 782 vivit
3293 745 3424 786 vero
3457 732 3510 786 In

251 797 358 862 λῶς
378 796 454 869 τῷ
487 797 588 869 βίῳ
620 802 944 872 κατέστησε,
969 802 1062 855 καὶ
1083 803 1182 873 τὴν
1211 803 1579 884 ἀποστολικὴν
1615 805 1813 876 ἐκείνηε

1933 820 2018 859 me
2046 804 2332 873 Christus;
2372 808 2521 877 quod
2563 807 2746 866 autem
2779 829 2930 870 nunc
2963 817 3088 872 viro
3135 819 3190 874 in
3239 836 3427 884 carne.
3456 824 3510 878 in

251 891 439 960 φωνὴν
467 891 747 962 ἀληθεύων
775 893 1078 964 ἐφθέγξατο
1101 913 1116 928 ο
1147 915 1166 947 ι
1203 880 1425 967 Χριστῷ
1459 896 1813 967 συνεσταύρω

1933 893 2036 949 (ide
2060 894 2183 949 vivo
2203 895 2324 954 Filii
2353 897 2469 965 Dei,
2497 899 2589 968 qni
2621 900 2816 956 dilexit
2847 920 2954 968 me,
2983 915 3038 960 et
3069 909 3292 965 tradidit
3314 880 3513 968 semet-

252 997 374 1049 μαιο
409 981 486 1046 ζῶ
514 982 572 1035 δὲ
597 984 696 1036 οὐκ
725 982 805 1041 ἔτι
834 983 964 1054 ἐγὼ,
993 985 1058 1056 ζῇ
1085 985 1140 1038 δὲ
1177 987 1235 1038 ἐν
1265 987 1388 1056 ἐμοὶ
1415 986 1646 1057 Χριστὸς
1674 1003 1687 1016 ·
1719 985 1748 1038 ὅ
1775 987 1813 1038 δὲ

1931 986 2108 1056 ipsum
2143 1003 2242 1056 pro
2287 1003 2372 1044 me
2404 999 2453 1044 P.
2506 1009 2524 1042 ι
2571 990 2722 1047 Talis
2781 993 2872 1048 hic
2917 1011 3140 1068 quoque
3199 1000 3323 1056 fuit.
3355 1005 3511 1058 Sulli-

249 1069 345 1123 νύν
401 1071 479 1136 ζῶ
530 1073 588 1126 ἐν
641 1073 826 1142 σαρκὶ,
881 1077 938 1126 ἐν
993 1076 1172 1129 πίστει
1219 1076 1296 1140 ζῶ
1347 1079 1414 1147 τῇ
1445 1075 1538 1130 τοῦ
1575 1075 1705 1129 Υἱοῦ
1735 1076 1813 1130 τοί

1929 1079 2082 1131 ciunt
2117 1078 2262 1132 enim
2297 1080 2414 1135 haec
2462 1082 2528 1135 ad
2557 1081 2946 1141 declarandum
2995 1096 3166 1144 totum
3217 1091 3338 1160 ejus
3387 1096 3512 1149 vitae
3581 1111 3587 1116 ·

246 1163 386 1216 Θεοῦ
443 1163 536 1218 τοῦ
579 1166 970 1236 ἀγαπήσαντός
1019 1183 1108 1236 με,
1149 1167 1244 1220 καὶ
1267 1166 1443 1231 δόντος
1473 1167 1663 1220 ἑαυτὸν
1691 1167 1827 1238 ὑπὲρ

247 1255 406 1322 ἐμοῦ.
441 1275 459 1306 ι
495 1257 746 1322 Τοιοῦτος
777 1259 870 1311 καὶ
907 1253 1058 1322 οὗτος
1111 1259 1343 1328 ἐγένετο.
1380 1258 1566 1328 Ἀρκεί
1597 1259 1704 1330 γὰρ
1737 1259 1830 1312 καὶ

1937 1167 2270 1222 institutum.
2311 1168 2425 1240 Ego
2458 1187 2608 1238 vero,
2635 1181 2891 1244 percepta
2946 1176 3066 1247 ejus
3101 1179 3507 1248 benedictione,

1935 1258 2002 1310 ad
2039 1259 2175 1314 alios
2211 1260 2539 1316 transferam
2588 1264 2913 1323 orationem.

245 1346 421 1402 ταῦτα
462 1349 662 1415 δ;δάξαι
694 1351 790 1421 τὴν
839 1354 1016 1406 πᾶσαν
1048 1352 1140 1406 τοῦ
1185 1353 1302 1422 βίου
1350 1355 1689 1424 προαίρεσιν.
1743 1352 1884 1422 Ἐγὼ
1921 1352 1976 1406 δὲ
2030 1354 2123 1408 καὶ
2172 1358 2271 1427 τὴν
2322 1357 2572 1413 ἐντεῦθεν
2625 1363 3058 1448 καρπωσάμενος
3109 1365 3384 1440 εὐλογίαν,
3418 1371 3506 1423 ἐπὶ

245 1440 348 1510 τὴν
397 1441 504 1495 τῶν
531 1444 704 1500 ἄλλων
730 1446 990 1517 διήγησιν.
1010 1447 1412 1520 μεταϐήσομαι.

719 1551 728 1559 ’
809 1555 898 1636 ις’.
927 1566 997 1622 ‘—
1023 1583 1257 1638 ΜΑΡιΣ.

332 1708 569 1781 Ὀμήρου
620 1713 778 1785 κώμη
833 1716 916 1780 τίς
950 1719 1065 1772 ἐστι
1110 1719 1242 1789 παρ’
1295 1720 1426 1790 ἡμῖν
1466 1719 1774 1791 καλουμένη
1805 1739 1818 1752 ’

247 1803 402 1872 παρὰ
437 1805 640 1885 ταύτην
693 1809 913 1863 οἰκίδιον
961 1812 1318 1884 οἰκοδομήσας
1372 1812 1544 1885 βραχὺ
1585 1815 1767 1882 Μάρις
1795 1817 1824 1868 ὁ

246 1879 579 1961 θεσπέσιο;,’
598 1900 736 1954 ἐπτὰ
768 1903 860 1954 καὶ
902 1879 1284 1974 τριάκοντανέν
1309 1879 1459 1976 αὐτῷ
1479 1879 1823 1978 ’καθειργμέ-

245 2005 337 2052 νος
369 1989 664 2045 διετέλεσεν
695 1991 810 2064 ἔτη.
856 1994 1065 2066 Πολλὴν
1090 1995 1146 2049 δέ
1179 1997 1243 2050 ἐκ
1268 1997 1362 2050 τοῦ
1409 1999 1822 2069 παρακειμένου

245 2079 406 2152 ὅρους
432 2081 720 2147 ὑπεδέξατο
742 2085 840 2156 τὴν
867 2087 1068 2150 νοτίδα,
1105 2088 1200 2158 καὶ
1245 2087 1469 2153 λιϐάδας
1503 2089 1655 2154 τινὰς
1695 2090 1822 2144 sea-

248 2187 358 2224 των
397 2171 706 2236 ἀνέϐλυζεν.
744 2176 882 2246 Ὄση
912 2176 975 2230 δὲ
996 2180 1108 2241 τοῖς
1144 2177 1393 2249 σώμασιν
1416 2178 1666 2233 ἐντεῦθεν
1702 2181 1823 2233 ἐπι-

247 2261 458 2328 γίνεται
492 2264 661 2336 βλάϐη
684 2306 698 2330 ,
731 2265 886 2320 ίσαστ
931 2270 1026 2322 καὶ
1059 2270 1214 2323 ἀστοὶ
1245 2272 1338 2325 καὶ
1363 2265 1694 2342 χωρητικοίέ
1727 2272 1823 2326 καὶ

246 2353 358 2424 γὰρ
404 2358 516 2419 τοῖς
561 2358 843 2427 ἀγροίκοις
896 2360 1032 2430 δῆλα
1088 2362 1157 2415 τὰ
1217 2355 1515 2435 παθήματα
1573 2364 1864 2418 ἐντεῦθεν·

244 2445 513 2514 φυόμενα.
576 2447 716 2501 Ἀλλ’
763 2451 910 2520 ὅμως
942 2451 1062 2504 οὐδὲ
1093 2453 1266 2507 ταῦτα
1299 2455 1484 2509 ἔπεισε
1514 2455 1613 2528 τὴν
1665 2457 1821 2527 ἱερὰν

239 2536 459 2605 ἐκείνην
481 2539 721 2610 κεφαλὴν
744 2542 834 2594 τὸν
859 2543 1098 2597 οίκίσκον
1121 2545 1353 2616 ἀμεῖψαι
1383 2564 1397 2578 ο
1425 2547 1560 2602 ἀλλὰ
1581 2547 1820 2618 διέμεινε

240 2628 525 2698 καρτερῶν
551 2629 655 2692 ἓως
684 2629 772 2683 τὸν
791 2631 998 2701 δρόμον
1019 2633 1260 2704 ἐξήνυσε.
1301 2635 1409 2688 Καὶ
1434 2637 1524 2688 τὸν
1557 2637 1820 2707 πρότερον

230 2717 297 2770 δὲ
326 2717 439 2787 βίον
472 2721 606 2789 μετὰ
630 2721 737 2774 τῶν
775 2723 874 2792 τῆς
902 2723 1104 2794 ἀρετῆς
1132 2723 1386 2778 διώδευσε
1417 2725 1618 2780 πόνων.
1659 2727 1820 2780 Ὅθεν

227 2809 338 2859 καὶ
367 2807 443 2877 τῷ
479 2809 693 2877 σώματι
730 2811 831 2882 τὴν
863 2813 1088 2880 ἁγνείαν
1113 2815 1208 2867 καὶ
1235 2817 1300 2886 τῇ
1332 2816 1478 2886 ψυχῇ
1503 2818 1814 2886 διετήρησε.

226 2898 354 2952 Καὶ
384 2898 538 2951 τοῦτο
577 2917 666 2969 μοι
703 2901 885 2969 σαφῶς
927 2903 1092 2967 αὐτὸς
1145 2906 1544 2976 κατεμήνυσεν,
1583 2907 1818 2978 ἄφθορον

125 3037 132 3043 .
227 2989 396 3060 αὐτῷ
439 2991 711 3061 διαμεῖναι
742 2993 804 3044 τὸ
839 2992 997 3063 σῶμα
1039 2995 1286 3059 διδάξας,
1324 2999 1419 3051 καὶ
1444 2993 1554 3050 οἷον
1585 2999 1690 3051 ἀπὸ
1721 2999 1820 3068 τῆς

232 3080 509 3151 μητρῴας
547 3080 833 3153 ἐξελήλυθε
865 3085 1096 3155 μήτρας.
1127 3087 1236 3139 Καὶ
1264 3087 1437 3141 ταῦτα
1488 3089 1686 3153 πολλὰς
1720 3091 1817 3160 μὲν
1845 3112 1887 3170 C

231 3170 909 3247 μαρτύρωνπανηγύρεις
938 3176 1276 3244 ἐπιτελέσας,
1310 3181 1474 3250 ἡνίκα
1506 3184 1622 3246 νέος
1663 3183 1821 3251 ἐτύγ-

228 3270 424 3330 χανεν,
461 3264 700 3336 εὐφωνίᾳ
745 3266 802 3319 δὲ
853 3267 1190 3333 καταθέλξεις
1237 3272 1362 3335 τοὺς
1405 3273 1628 3343 δήμους.
1671 3274 1818 3328 Ψάλ-

230 3353 348 3406 ).ων
401 3355 510 3426 γὰρ
559 3357 654 3410 ἐπὶ
705 3358 954 3412 πλεῖστον
1005 3360 1274 3415 διετέλεσε
1327 3365 1552 3434 χρόνον,
1601 3364 1724 3437 ὥρᾳ
1755 3384 1816 3420 τε

241 3442 492 3514 σώματος
523 3447 783 3516 λάμπων.⁴
821 3451 960 3504 Ἀλλ’
989 3453 1139 3523 ὅμως
1174 3453 1295 3508 οὔτε
1325 3456 1418 3510 τοῦ
1457 3456 1710 3529 σώματος
1750 3459 1812 3513 τὸ

239 3531 467 3598 κάλλος,
502 3535 622 3588 οὔτε
658 3538 758 3607 τῆς
809 3542 990 3612 φωνῆς
1030 3544 1062 3614 ὴ
1099 3543 1423 3618 λαμπρότης
1449 3588 1463 3611 ,
1497 3549 1595 3620 οὑχ
1644 3551 1678 3620 ἡ
1707 3551 1815 3605 τῶν

241 3625 452 3678 πολλῶν
481 3628 728 3697 ἐπιμιξία
747 3672 761 3694 ,
815 3631 875 3684 τὸ
902 3633 1002 3703 τῆς
1027 3635 1206 3706 ψυχῆς
1237 3639 1546 3711 ἐλυμήνατο
1576 3642 1772 3708 κάλλος
1797 3661 1811 3677 ·

237 3717 374 3771 ἀλλὰ
421 3721 534 3782 τοῖς
585 3721 1004 3794 καθειργμένοις
1073 3723 1493 3799 παραπλησίως¹
1532 3732 1810 3802 βιοτεύων,

235 3806 334 3876 τῆς
364 3808 572 3872 οἰκείας
601 3812 922 3882 ἐπεμελεῖτο
963 3813 1141 3886 ψυχῆς
1171 3833 1184 3847 ·
1230 3815 1433 3890 ηὔξησε
1462 3821 1522 3874 δὲ’
1549 3823 1648 3893 τὴν
1685 3824 1814 3895 ἁρε-

235 3899 336 3966 τὴν
393 3902 504 3964 τοῖς
553 3901 652 3973 τῆς
698 3904 1029 3976 καθείρξεως
1058 3907 1259 3982 πόνοις.
1298 3911 1498 3966 Τούτου
1551 3915 1811 3980 πολλάκις

236 3989 331 4058 τῆς
383 3995 668 4058 συνουσίας
724 3999 1037 4069 ἁπήλαυσα.
1102 4001 1499 4074 Ἀποφράττειν
1557 4007 1664 4076 γάρ
1722 4023 1812 4076 μοι

235 4077 334 4148 τὴν
365 4080 534 4150 θύραν
569 4085 785 4138 ἐκέλευε
809 4105 822 4119 ·
860 4085 965 4141 καί
995 4091 1236 4145 εἰσιόντα
1265 4092 1321 4144 δὲ
1357 4096 1808 4163 περιεπτύσσετο,

236 4171 328 4222 καὶ
397 4176 640 4248 μακροὺς
700 4177 829 4245 περ)⁸
892 4179 1210 4247 φιλοσοφίας
1283 4183 1516 4246 ἐξέτεινε
1598 4185 1807 4254 λόγους.

246 4261 532 4331 Ἀπλὸτητι
562 4264 617 4316 δὲ
647 4267 737 4318 καὶ
775 4262 928 4330 οὗτος
965 4268 1268 4341 διέλαμπε,
1318 4273 1413 4328 καὶ
1459 4274 1528 4328 τὰ
1578 4277 1803 4330 ποικίλα

232 4352 339 4424 ἤθη
375 4356 722 4410 παντάπασιν
772 4358 1155 4415 ἐ66ελύττετο’
1208 4364 1306 4435 τὴν
1349 4365 1536 4418 πενίαν
1580 4367 1636 4420 δέ
1668 4367 1808 4439 ὑπὲρ

233 4443 330 4514 τὴν
377 4444 554 4513 ἄκραν
600 4447 858 4518 εὐπορίαν
907 4452 1212 4523 ἠγάπησεν.
1274 4455 1660 4527 Ἐννενήκοντα
1709 4459 1805 4528 ἐτη

233 4531 530 4599 βεϐιωκὼς,
557 4538 670 4599 τοῖς
699 4535 757 4601 ἐξ
785 4539 1009 4607 αίγείων
1035 4542 1236 4612 τριχῶν
1277 4547 1806 4617 κατεσκευασμένοις

235 4622 467 4690 ἱματίοις
521 4627 739 4699 ἐχρῆτο.
800 4630 999 4702 "Apso;
1052 4633 1108 4686 δέ
1165 4635 1258 4688 καὶ
1323 4635 1449 4701 ἆλες
1491 4639 1663 4706 ὀλίγοι
1701 4639 1803 4709 τῆς

231 4718 437 4786 τροφῆς
469 4721 615 4791 αὐτῷ
647 4723 748 4790 τὴν
789 4725 980 4794 χρείαν
1009 4727 1296 4798 ἐπλήρουν.
1335 4730 1584 4802 Ποθήσας
1612 4731 1668 4785 δὲ
1710 4731 1798 4786 διὰ

230 4808 421 4878 χρόνου
459 4812 672 4884 μακροῦ
713 4805 814 4885 τὴν
853 4820 1228 4890 πνευματικὴν
1278 4821 1372 4874 καὶ
1407 4822 1674 4894 μυστικὴν
1709 4821 1803 4876 θυ-

233 4899 354 4951 ονίαν
401 4906 858 4978 προσφερομένην
907 4909 1063 4976 ἰδεῖν,
1119 4911 1319 4983 ᾔτησεν
1381 4914 1500 4966 ἐκεῖ
1547 4914 1803 4983 γενέσθαι

229 4988 325 5059 τὴν
353 4990 448 5042 τοῦ
481 4991 625 5046 θείου
667 4995 840 5067 δώρου
870 5003 1263 5073 προσκομιδήν.
1307 5003 1446 5072 Ἐγὼ
1468 5003 1524 5056 δέ
1550 5003 1803 5075 ἀσμένως
1857 5051 1862 5056 .

229 5081 546 5148 ὑπήκουσα,
599 5086 694 5138 καὶ
745 5088 812 5142 τὰ
857 5091 977 5162 ἱερὰ
1025 5093 1192 5163 σκεύη
1245 5094 1573 5165 κομισθῆναι
1621 5113 1802 5167 παρα-

229 5172 522 5236 σκευάσας,
558 5175 619 5227 οὐ
654 5178 940 5248 πόρρωθεν
980 5183 1088 5253 γὰρ
1117 5179 1184 5254 ἦν
1208 5185 1265 5238 τὸ
1296 5185 1493 5255 χωρίον
1517 5223 1531 5250 ,
1564 5187 1654 5240 καὶ
1683 5189 1802 5250 ταῖς

231 5263 334 5316 τῶν
354 5263 616 5319 διακόνων
649 5269 832 5336 χερσὶν
865 5273 986 5326 ἀντὶ
1016 5276 1404 5346 θυσιαστηρίου
1427 5279 1798 5349 χροιῑεκιὶιμενεὶςοΔ

299 5385 324 5424 ρ
352 5376 529 5431 Gatlat.
561 5395 620 5444 ιι,
651 5379 737 5446 19,
765 5381 856 5434 ‘21.

2477 1582 2588 1639 XX.
2618 1615 2684 1624 —
2708 1584 2939 1642 MABlS.

2001 1718 2238 1775 Vicus”
2279 1721 2422 1789 apud
2471 1735 2572 1776 nos
2621 1730 2726 1787 est,
2774 1724 2860 1777 cui
2913 1739 3108 1779 nomen
3149 1725 3388 1784 llomeri.
3426 1735 3502 1786 Αιι

1924 1811 2070 1866 hunc
2097 1819 2380 1882 angustam
2407 1811 2792 1867 domunculam
2836 1829 2961 1869 cum
2985 1819 3346 1876 exstruxisset
3368 1823 3472 1876 divi
3491 1854 3506 1864 -

1925 1917 2030 1956 nus
2066 1900 2254 1966 Maris,
2304 1900 2554 1958 inclusus
2585 1903 2638 1956 in
2673 1919 2736 1958 ea
2791 1907 2992 1960 mansit
3049 1922 3227 1965 annos
3279 1909 3502 1983 triginta

1925 1998 2158 2062 septem.
2217 1989 2443 2045 Multum
2500 2001 2684 2047 autem
2735 2009 2798 2048 ex
2850 1996 3061 2068 1233
3096 1999 3279 2055 vicino
3319 2013 3504 2058 monte

1923 2080 2284 2136 contrahebat
2314 2081 2563 2136 humeris
2595 2082 2663 2146 “,
2700 2083 2770 2136 ita
2799 2091 2858 2137 ut
2887 2098 3156 2156 aquarum
3182 2091 3348 2146 stillis
3378 2108 3500 2147 ma-

1923 2181 2100 2226 naret.
2123 2169 2396 2237 Quantum
2424 2186 2591 2242 porro
2620 2171 2804 2228 damni
2833 2177 3160 2246 corporibus
3207 2180 3261 2234 id
3311 2181 3500 2238 afferat

1923 2262 2150 2317 urbanis
2175 2263 2385 2332 pariter
2413 2278 2476 2317 ae
2512 2264 2736 2320 rusticis
2776 2266 2977 2321 notum
3007 2274 3112 2323 est.
3171 2270 3304 2327 Nam
3350 2277 3399 2329 in
3433 2278 3499 2330 iis

1922 2355 2016 2426 qui
2055 2370 2220 2425 agros
2251 2355 2498 2410 habitant
2550 2355 2826 2412 manifesti
2877 2371 3006 2414 sunt
3033 2365 3208 2418 morbi
3238 2368 3330 2435 qui
3371 2367 3498 2422 inde

1917 2455 2245 2501 nascuntur.
2285 2446 2391 2501 Sed
2450 2446 2563 2501 [nec
2620 2455 2994 2504 tamensacro
3051 2453 3128 2506 illi
3159 2457 3329 2525 capiti
3386 2475 3493 2512 non

1921 2548 2318 2608 persuaserunt
2349 2548 2408 2592 ut
2429 2538 2764 2594 domicilium
2799 2547 3068 2610 mutaret,
3113 2547 3206 2600 sed
3235 2558 3497 2603 constan-

1918 2639 2004 2686 ter
2054 2632 2296 2698 inhaesit,
2330 2633 2510 2702 quoad
2559 2649 2782 2688 cursum
2819 2638 3049 2706 peregit.
3079 2636 3220 2703 Quin
3254 2648 3309 2695 et
3340 2646 3493 2711 prio-

1920 2737 2034 2777 rem
2087 2738 2310 2794 quoque
2367 2723 2534 2778 vitam
2595 2725 2815 2779 virtutis
2872 2725 3151 2784 laboribus
3227 2734 3489 2787 exercuit.

1922 2811 2078 2869 Unde
2107 2823 2161 2868 et
2199 2815 2451 2884 corporis
2480 2823 2534 2870 et
2562 2816 2759 2870 animae
2788 2818 3172 2874 castimoniam
3197 2837 3493 2880 conserva—

1920 2904 1994 2958 vit
2029 2923 2042 2959 :
2076 2905 2219 2973 q‘uod
2259 2905 2392 2959 mihi
2441 2897 2626 2976 aperte
2665 2907 2895 2977 ipsemet
2952 2910 3152 2977 innuit,
3181 2929 3383 2986 corpus
3413 2921 3492 2974 in-

1919 3004 2236 3065 corruptum
2267 2999 2375 3053 sibi
2409 3008 2657 3069 perstare
2699 3001 2924 3066 docens,
2956 3012 3009 3059 et
3039 3007 3200 3076 quale
3244 3019 3496 3069 materno
3564 3046 3570 3052 -

1919 3101 1984 3154 ex
2038 3097 2194 3143 utero
2243 3090 2465 3160 prodiit.
2503 3093 2671 3163 quue
2705 3109 2829 3150 cum
2880 3098 3132 3166 publicas
3181 3111 3487 3176 martyrum

1920 3179 2296 3238 solemnitates
2338 3183 2547 3239 multas
2585 3186 2902 3253 celebrarit,
2935 3205 3058 3245 cum
3102 3193 3294 3262 junior
3316 3209 3485 3263 esset,

1919 3271 2287 3343 populumque
2317 3275 2467 3331 vocis
2495 3279 2767 3333 suavitate
2819 3281 3174 3340 demulceret.
3209 3286 3486 3345 Psallendi

1916 3361 2061 3415 enim
2112 3379 2271 3419 usum
2301 3364 2610 3422 diutissime
2643 3369 2889 3436 retinuit,
2921 3381 2975 3427 et
3015 3377 3266 3445 corporis
3312 3378 3488 3435 forma

1915 3461 2035 3510 erat
2059 3455 2298 3527 egregia.
2337 3454 2446 3512 Sed
2483 3468 2660 3514 tamen
2717 3475 2894 3532 neque
2934 3465 3047 3520 oris
3076 3480 3357 3537 vrnnstas,
3389 3489 3487 3527 ne-

1914 3560 2021 3614 que
2057 3545 2284 3604 claritas
2331 3548 2504 3612 vocis,
2542 3564 2720 3630 neque
2764 3553 3058 3608 multorum
3100 3557 3484 3628 frequentatio,

1915 3635 2112 3691 anima:
2143 3636 2610 3707 pulchritudinem
2645 3641 3025 3700 deformarunt
3057 3665 3070 3702 :
3117 3650 3214 3704 sed
3243 3653 3485 3710 recluso-

1913 3743 2032 3782 rum
2055 3743 2208 3785 more
2225 3728 2387 3784 vitam
2419 3743 2608 3801 agens,
2644 3733 2838 3803 anima:
2865 3750 2978 3792 suae
3001 3754 3188 3794 curam
3220 3745 3476 3812 gerebat:

1913 3817 2239 3876 inclusionis
2269 3834 2402 3876 vero
2439 3824 2457 3843 '
2481 3821 2767 3880 laboribus
2797 3827 3053 3883 virtutem
3086 3831 3330 3887 adauxit.
3369 3833 3482 3890 llu-

1907 3905 2000 3976 jus
2024 3924 2124 3978 ego
2147 3913 2552 3968 consuetudine
2584 3929 2721 3968 usus
2752 3930 2873 3970 sum
2927 3933 3189 3990 persaepe.
3245 3921 3480 3980 Obstru-

1911 4002 2053 4048 ctam
2083 3999 2227 4051 enirn
2254 3997 2476 4066 ianuam
2514 4000 2822 4068 patefacere
2851 4021 2936 4060 me
2963 4006 3215 4075 jubebat,
3262 4014 3476 4083 ingres-

1909 4100 2140 4155 sumque
2171 4088 2575 4156 amplexabatut
2607 4107 2621 4154 ;
2648 4101 2700 4144 et
2722 4095 2932 4162 prolixa
2951 4099 3200 4153 oratione
3217 4101 3284 4154 de
3306 4105 3481 4170 philo-

1909 4176 2100 4245 sophia
2131 4176 2459 4232 disserebat.
2481 4178 2784 4235 Przestabat
2815 4183 2904 4237 hic
2933 4186 3102 4239 etiam
3128 4189 3477 4259 simplicitate

1909 4266 2201 4336 vafrosque
2235 4282 2416 4324 mores
2440 4271 2665 4350 penitus
2683 4273 3070 4339 aversabatur,
3092 4261 3471 4350 paupertatem

1908 4371 2036 4413 vero
2070 4357 2241 4428 pluris
2279 4355 2406 4412 fecit
2433 4374 2598 4430 quam
2628 4343 2871 4416 ειιιιιιιιιιε
2902 4343 3142 4421 divitias.
3169 4366 3474 4442 Nonaginta

1837 4423 1884 4480 θ
1909 4456 2070 4505 natus
2119 4463 2294 4504 annos
2332 4449 2572 4506 cilicinis
2603 4452 2852 4510 vestibus
2903 4456 3158 4512 utebatur
3193 4478 3207 4516 :
3245 4477 3380 4532 pane
3409 4480 3474 4519 ac

1905 4542 2020 4597 sale
2043 4541 2258 4596 modico
2290 4541 2455 4596 vitam
2485 4544 2854 4600 sustentabat.
2885 4546 3020 4628 Cum
3046 4558 3226 4606 autem
3262 4555 3475 4628 1234,

1907 4633 2172 4702 spiritalis
2231 4634 2566 4705 mysticique
2615 4637 2878 4694 sacrificii
2930 4623 3148 4699 videndi
3199 4623 3472 4704 desiderio

1904 4727 2166 4782 diuturno
2215 4735 2517 4793 teneretur,
2553 4731 2766 4800 rogavit
2789 4743 2847 4786 ut
2879 4733 2992 4789 illic
3023 4736 3196 4792 divlni
3221 4741 3345 4798 doni
3375 4744 3478 4796 tie-

1904 4826 1983 4872 ret
2017 4819 2241 4874 oblatio.
2271 4817 2381 4890 Ego
2404 4835 2534 4874 vero
2558 4821 2792 4877 libenter
2812 4825 3210 4897 obtemperavi,
3234 4838 3287 4885 ct
3311 4846 3471 4886 sacra

1906 4925 2038 4964 vasa
2071 4909 2260 4965 afferri
2287 4910 2430 4981 jussi
2465 4913 2603 4984 (nec
2632 4915 2778 4969 enim
2804 4920 2996 4987 procul
3033 4922 3223 4977 aberat
3255 4924 3467 4991 locus),

1905 4999 2374 5070 diaeonorumque
2422 5004 2677 5059 manibus
2713 5013 2874 5062 utens
2916 5024 3013 5079 pro
3046 5011 3226 5078 altari,
3276 5019 3469 5084 mysti-

1903 5105 2026 5145 cum
2059 5099 2112 5144 et
2160 5091 2404 5145 divinum
2445 5106 2507 5145 ac
2532 5092 2776 5149 salutare
2805 5098 3138 5154 sacrificium
3171 5103 3364 5158 obtuli.
3401 5103 3468 5157 ll-

1902 5184 1954 5240 le
1978 5195 2161 5239 autem
2195 5184 2432 5252 Spit-itali
2458 5185 2702 5242 refertus
2734 5189 3031 5259 voluptate,
3059 5194 3254 5248 emtum
3289 5197 3465 5266 ipsum

1904 5277 2090 5332 videre
2125 5293 2183 5332 se
2219 5275 2590 5342 existimabat,
2629 5294 2726 5332 nec
2757 5280 2850 5334 tali
2881 5296 2940 5336 se
2981 5299 3218 5353 unquam
3283 5289 3464 5344 laetitia

1499 5451 1731 5509 VARUS
1768 5450 2179 5508 LECTIONES.

296 5535 340 5632 ξς
382 5534 676 5593 llervetns:
701 5559 718 5590 ι
747 5539 845 5632 Elst
878 5541 1094 5621 llontcri
1121 5543 1340 5632 quidam
1374 5544 1547 5605 vicus,
1572 5561 1663 5614 qm
1701 5561 1728 5597 a
1763 5545 1920 5626 nobis
1940 5553 2166 5600 vocatur
2189 5544 2362 5632 Notis.
2386 5567 2418 5632 Δι
2498 5552 2538 5582 ²¹
2580 5554 2635 5607 ln
2659 5551 2872 5612 llerveti
2899 5559 3145 5615 versione
3169 5561 3450 5632 sequitur:

230 5617 256 5656 ι
290 5602 557 5675 Tempore
573 5620 753 5666 autem
780 5611 978 5668 hiemis
1013 5602 1258 5680 quaedam
1282 5631 1496 5685 quoque
1523 5602 1686 5685 gub-.2
1721 5630 1872 5685 aqum
1901 5617 1952 5670 in
1975 5632 2034 5671 ea
2077 5617 2423 5674 emanabant.
2474 5637 2492 5672 ι

3843 5791 3880 5900 *ι
