3898 6196
441 203 568 274 14:31

1396 213 1899 274 TIIEODORETI.
1950 215 2288 276 EPISCOPI
2349 215 2718 276 CYRENSIS

3565 214 3708 280 1432

435 321 712 394 perfusum
751 322 930 376 aiebat
961 321 1153 379 fuisse.
1198 322 1263 376 At
1285 339 1408 394 ego,
1439 339 1604 392 quem
1633 325 1726 379 ille
1755 325 2012 380 ardenter

2133 327 2212 398 τὴν
2264 326 2531 399 μυστικὴν
2574 327 2668 380 καί
2699 323 2849 379 θείαν
2879 325 2972 378 καὶ
3000 325 3267 396 σωτήριον
3293 324 3485 379 θυσίαν
3512 343 3688 398 προσ-

435 415 732 470 admodum
789 415 1075 485 diligebat,
1113 413 1378 484 iniurium
1413 431 1500 476 me
1561 416 1616 470 in
1671 416 1850 488 ipsum
1899 417 2019 472 fore

433 509 592 574 duxi,
642 507 748 562 nisi
813 508 978 563 etiam
1033 517 1313 563 mortuum
1367 507 1621 563 laudibus
1675 525 2017 579 prosequar:

435 599 705 667 iiujurium
771 606 828 654 et
881 600 936 653 in
973 598 1135 663 alios,
1168 598 1276 654 nisi
1327 600 1840 668 prazstantissimam
1881 601 2023 654 hanc

439 692 844 762 philosophiam
897 691 1222 746 imitandam
1274 707 1601 763 proponam.
1664 692 1848 758 Quare
1901 694 2024 761 ejus

441 798 544 855 ope
574 800 723 839 nunc
775 785 940 840 etiam
977 784 1266 855 implorata
1320 784 1480 839 finem
1519 784 1799 854 imponam
1835 800 2026 840 narra-

439 875 594 930 tinni.

2122 419 2350 488 ήνεγκα.
2387 419 2444 472 '0
2467 418 2525 471 δὲ
2548 418 2727 488 πάσης
2744 416 2936 488 ἡδονῆς
2967 418 3275 486 ἐνεφορεῖτο
3299 419 3706 488 πνευματικῆς,

2120 511 2218 565 καὶ
2263 509 2426 563 αὑτὸν
2453 511 2586 581 ὀρᾷν
2625 510 2717 588 τὸν
2747 508 2979 581 οὐρανὸν
3023 509 3396 582 ὑπελάμϐανε,
3433 513 3532 566 καὶ
3571 513 3710 581 ἐφα-

2125 621 2256 656 σκεν
2287 603 2542 657 οὐδέποτε
2583 599 2924 674 εὐφροσύνης
2967 602 3394 656 ἀπολελαυκέναι
3424 603 3712 674 τοιαύτης.

2139 691 2281 762 Ἐγὼ
2317 691 2374 746 δὲ
2402 692 2623 765 θερμῶς
2640 692 2759 746 λίαν
2793 693 2886 747 ὑπ’
2922 694 3086 746 αὑτοῦ
3112 693 3390 763 φιληθεὶς,
3421 695 3716 765 ἀδικήσειν

2128 781 2336 855 ᾠήθην,
2375 786 2424 838 εί
2472 785 2550 856 μὴ
2596 784 2692 839 καὶ
2722 785 3106 855 τελευτήσαντι
3134 786 3523 858 εὐφημήσαιμι
3555 803 3570 816 ·
3607 788 3716 842 65:-

2137 876 2327 945 κήσειν
2363 875 2420 929 δὲ
2448 877 2574 940 τοὺς
2603 877 2832 943 ἄλλους,
2879 878 2925 929 εί
2973 877 3047 946 μὴ
3089 877 3190 947 τὴν
3233 877 3459 949 ἀρίστην
3501 879 3716 945 ταύτην

440 964 760 1035 φιλοσοφίαν
805 963 1062 1037 προθείην
1111 967 1191 1028 είς
1233 965 1488 1037 μίμησιν.
1542 965 1806 1020 Kal-vim
1879 966 2058 1026 τοίνυν
2131 965 2230 1034 τῆς
2297 971 2426 1038 παρ’
2489 969 2654 1022 αὕτοῧ
2711 971 2891 1039 τυχεῖν
2945 969 3262 1040 ἐπικουρίας
3323 970 3713 1042 ἀντιϐολήσας,

441 1061 616 1132 πέρας
649 1062 897 1132 ἐπιθήσω
930 1061 1008 1132 τῷ
1034 1062 1355 1134 διηγήματι.

937 1193 1076 1250 XXI.
1109 1226 1174 1236 ι-
1201 1195 1520 1252 JACOBUS.

515 1328 810 1397 Postquam
845 1328 1175 1383 athletarum
1220 1329 1472 1394 virtutis,
1504 1327 1597 1398 qui
1631 1329 1743 1397 jam
1789 1329 2016 1383 victores

444 1407 742 1476 renuntiati
776 1427 905 1474 sunt
925 1459 939 1481 ,
971 1436 1175 1490 agones
1207 1420 1620 1491 percensuimus
1641 1458 1655 1481 ,
1691 1421 2026 1489 illorumque

445 1518 558 1568 tum
593 1512 648 1566 in
680 1513 1079 1569 exercitatione
1111 1513 1328 1568 labores
1349 1552 1365 1578 ,
1399 1520 1513 1566 tum
1543 1511 1599 1566 in
1627 1511 2024 1567 certaminibus

2620 1197 2746 1249 KA'.
2788 1225 2851 1236 --
2895 1194 3207 1250 ΙΑΚΩΒΟΣ.

2215 1325 2428 1397 Ἐπειδὴ
2468 1327 2576 1380 τῶν
2619 1326 3036 1399 ἀναρρηθέντων
3069 1326 3165 1396 τῆς
3208 1325 3410 1397 ἀρετῆς
3455 1325 3717 1395 ἀθλητῶν

2125 1422 2256 1483 τοὺς
2285 1419 2502 1487 ἀγῶνας
2522 1417 2891 1490 διεξήλθομεν,
2919 1419 2978 1471 ἐν
3001 1417 3282 1487 κεφαλαίῳ
3308 1416 3713 1490 διηγησάμεπι

2127 1512 2222 1565 καὶ
2260 1512 2388 1574 τοὺς
2433 1512 2492 1563 ἐν
2535 1513 2600 1581 τῇ
2658 1509 2858 1583 μελέτῃ
2910 1510 3106 1572 πόνους
3133 1532 3158 1573 ,·
3185 1511 3280 1562 καὶ
3322 1511 3450 1572 τοὺς
3488 1511 3553 1562 ἐν
3603 1513 3733 1594 τοῖς,

445 1604 715 1672 sudores,
755 1604 1210 1672 clarissimasque
1247 1611 1302 1658 et
1343 1602 1718 1656 nobilissimas
1757 1601 2022 1655 victorias

2133 1603 2334 1671 ἀγῶσιν
2384 1601 2644 1672 ἱδρῶτας,
2693 1600 2790 1654 καὶ
2826 1602 2924 1665 τὰς
2953 1601 3343 1672 λαμπροτάτας
3394 1602 3498 1653 καὶ
3555 1618 3712 1671 περι-

445 1697 765 1752 summatim
797 1695 1217 1756 enarravimus,
1253 1709 1354 1763 age
1388 1708 1536 1747 nunc
1569 1706 1762 1748 eorum
1798 1691 1892 1760 qui
1929 1705 2024 1745 su-

433 1787 708 1855 perstites
748 1794 915 1849 sunt,
947 1794 1004 1840 et
1042 1784 1336 1856 magnifice
1367 1769 1685 1849 decertant,
1722 1792 1885 1852 atque
1923 1798 2025 1837 an-

449 1879 682 1933 teriores
717 1877 1015 1932 sudoribus
1052 1877 1278 1932 vincere
1316 1877 1578 1940 student,
1606 1878 1774 1930 vitam
1816 1876 2024 1931 descri-

448 1971 678 2031 bamus,
726 1967 1323 2037 utilemque,posteris
1372 1966 1694 2021 memoriam
1743 1965 2026 2036 relinqua—

447 2074 591 2113 mus.
629 2058 789 2114 Sicut
815 2059 963 2112 enim
994 2068 1318 2112 sanctorum
1342 2097 1356 2120 ,
1383 2053 1638 2127 qui'olim
1669 2058 2021 2123 claruerunt,

447 2151 798 2205 conversatio
822 2151 1116 2204 utilitatem
1143 2150 1211 2204 iis
1233 2149 1324 2220 qui
1351 2160 1473 2220 post
1496 2149 1673 2204 secuti
1695 2156 1824 2205 sunt
1841 2150 2024 2203 attulit

448 2244 742 2297 maximam
771 2261 784 2297 :
819 2243 892 2297 ita
920 2243 988 2298 iis
1024 2242 1116 2313 qui
1149 2251 1273 2312 post
1306 2257 1407 2298 nos
1439 2241 1610 2296 futuri
1645 2250 1808 2309 sunt,
1839 2257 2026 2297 exem-

447 2335 568 2404 plar
605 2340 770 2390 erunt
807 2335 1044 2390 istorum
1085 2335 1454 2389 narrationes.
1495 2332 1701 2388 Horum
1738 2347 1869 2388 vero
1917 2332 2026 2386 ini-

447 2426 583 2479 tium
617 2425 815 2481 ducam
853 2439 882 2479 a
924 2431 1126 2495 magno
1153 2423 1382 2480 Jacobo.
1422 2423 1470 2479 ls
1505 2424 1650 2479 enim
1687 2431 1741 2478 et
1779 2431 2026 2493 tempore

448 2528 501 2572 et
538 2518 727 2574 labore
765 2518 996 2573 cazteros'
1030 2518 1346 2583 antecedit,
1387 2517 1484 2586 qui
1527 2516 1710 2586 ipsum
1752 2513 2024 2570 imitando

450 2610 588 2664 mira
622 2618 676 2666 et
713 2609 982 2680 stupenda
1022 2608 1252 2664 faciunt.
1289 2608 1536 2680 Contigit
1573 2617 1758 2663 autem
1784 2607 2025 2667 .‘nescio

452 2715 559 2770 quo
589 2709 783 2770 pacto,
820 2699 1032 2771 1235
1065 2709 1124 2755 ut
1153 2708 1210 2756 et
1236 2701 1349 2755 vita
1382 2698 1726 2765 functorum,
1762 2706 1820 2754 et
1844 2699 2026 2753 adhuc

451 2793 847 2862 superstitum,
888 2806 1100 2851 .nomen
1151 2792 1255 2846 hoc
1301 2791 1537 2861 primmn
1590 2792 1769 2845 locum
1820 2798 2020 2845 teneat.

452 2886 471 2902 °
507 2881 903 2940 Defunctorum
960 2883 1166 2954 quippe
1216 2883 1384 2935 vitam
1435 2895 1558 2937 cum
1611 2880 2023 2946 describ’erem,

2126 1696 2466 1766 φανεστάτας
2505 1695 2681 1759 νίκας,
2719 1695 2851 1766 φέρε
2894 1696 2989 1747 καὶ
3015 1695 3122 1748 τῶν
3153 1694 3234 1747 ἔτι
3263 1695 3596 1766 περιόντων,
3627 1697 3710 1748 καὶ

2130 1785 2566 1858 μεγαλοπρεπῶς
2609 1783 3026 1855 ἀγωνιζομένων
3046 1822 3062 1844 ,
3116 1783 3211 1836 καὶ
3256 1781 3714 1850 φιλονεικούντων

2126 1879 2344 1948 νικῆσαι
2375 1877 2484 1940 τοῖς
2515 1874 2700 1946 ἱδρῶσι
2731 1876 2858 1936 τοὺς
2889 1872 3283 1946 προλαϐόντας.
3304 1873 3403 1942 τὴν
3430 1871 3714 1924 πολιτείαν

2128 1969 2568 2041 συγγράψωμεν.
2628 1967 2724 2020 καὶ
2778 1968 2892 2028 τοῖς
2941 1965 3221 2034 ἐσομένοις
3284 1963 3714 2034 καταλείψωμεν

2125 2061 2448 2133 ὀνησιφόρον
2499 2061 2742 2132 μνήμην.
2781 2058 2995 2137 ’ρσπερ
3038 2056 3146 2126 γὰρ
3195 2055 3301 2109 τῶν
3348 2056 3530 2110 πάλαι
3589 2055 3716 2106 ποτὲ

2123 2156 2538 2228 διαπρεψάντων
2565 2153 2734 2222 ἁγίων
2760 2152 2793 2221 ἡ
2818 2149 3063 2204 πολιτεία
3087 2151 3201 2211 τοῖς
3219 2145 3412 2201 ἔπειτα
3440 2147 3716 2216 μεγίστην

2124 2249 2392 2319 ὠφέλειαν
2431 2246 2707 2317 ἐκόμισεν,
2738 2243 2908 2305 οὕτως
2941 2244 3226 2313 ἀρχέτυπα
3261 2242 3375 2302 τοῖς
3409 2239 3542 2308 μεθ’
3567 2240 3716 2308 ἡμὴ

2123 2345 2194 2398 τὰ
2237 2341 2441 2395 τούτων
2495 2339 2784 2409 γενήσεται
2838 2336 3176 2406 διηγήματα.
3239 2332 3444 2403 Ἀρχὴν
3507 2332 3718 2384 1052a»

2125 2435 2427 2506 ποιήσομαι
2475 2433 2565 2486 τὸν
2629 2431 2802 2502 μέγαν
2871 2426 3169 2480 Ἰάκωϐον·
3223 2421 3378 2488 οὗτος
3433 2422 3554 2493 γὰρ
3613 2422 3714 2474 τῶν

2126 2527 2301 2584 ἄλλων
2351 2527 2446 2580 καὶ
2482 2526 2561 2596 τῷ
2602 2523 2799 2596 χρόνῳ,
2849 2522 2944 2576 καὶ
2977 2519 3055 2591 τῷ
3099 2521 3246 2588 πόνῳ
3279 2517 3590 2590 πρωτεύει,
3625 2516 3712 2568 καὶ

2126 2620 2318 2675 τοῦτον
2369 2613 2752 2688 ζηλώσαντες,
2806 2615 2874 2668 τὰ
2926 2611 3222 2684 θαυμαστά
3278 2611 3376 2665 καὶ
3425 2608 3714 2678 παράδοξα

2126 2712 2315 2786 δρῶσι.
2355 2710 2560 2781 Συνέϐη
2605 2710 2661 2763 δέ
2703 2710 2804 2762 οὐκ
2839 2705 2934 2762 οἷδ’
2968 2709 3138 2772 ὅπως,
3185 2704 3413 2759 καὶτῶν
3444 2703 3714 2758 ἀπελθόν-

2126 2820 2256 2870 των,
2291 2801 2386 2856 καὶ
2421 2800 2530 2854 τῶν
2572 2800 2650 2854 ἔτι
2685 2800 2982 2870 περιόντων
3009 2839 3023 2862 ,
3073 2796 3234 2850 τοῦτο
3277 2793 3610 2864 πρωτεῦσαι
3665 2794 3717 2845 ch

2127 2894 2320 2964 ὄνομα.
2347 2893 2456 2946 Καὶ
2478 2891 2588 2963 γὰρ
2615 2891 2708 2946 καὶ
2747 2891 2846 2963 τὴν
2877 2887 3099 2943 ἐκείνων
3127 2886 3402 2942 πολιτείαν
3445 2887 3716 2958 διηγησάο

387 3015 392 3020 -
450 2993 690 3034 cxorsus
729 2992 852 3032 sum
895 2991 923 3030 a
965 2975 1155 3030 divino
1190 2975 1286 3029 illo
1319 2972 1564 3040 Iacobo,
1601 2974 1694 3045 qui
1731 2972 2021 3029 Persarum

2135 2999 2296 3055 μενος
2317 3025 2331 3047 ,
2381 2981 2556 3052 ἀρχὴν
2593 2979 2684 3034 τὸν
2720 2980 2862 3034 θεῖον
2893 2981 3099 3033 ἐκεῖνον
3136 2977 3483 3046 ἐποιησάμην
3527 2976 3721 3029 Ἰάκω-

451 3072 758 3128 exercitum
819 3071 1071 3126 oratione
1124 3085 1224 3125 sua
1282 3067 1611 3140 dissipavit,
1665 3065 2028 3138 disiectisque

452 3163 608 3219 urbis
633 3162 910 3217 moenibus
936 3161 1134 3217 urbem
1159 3160 1280 3230 capi
1311 3176 1418 3214 non
1448 3159 1730 3229 permisit,
1757 3167 1812 3214 et
1842 3158 2028 3233 hostes

453 3253 644 3325 fugere
672 3253 890 3322 coegit,
915 3252 1152 3308 culicum
1178 3249 1522 3321 cinifumque
1548 3250 1668 3304 acie
1693 3249 1748 3303 in
1777 3248 1904 3306 illos
1929 3248 2028 3302 im-

453 3347 646 3402 missa.
684 3344 789 3410 Qui
823 3359 956 3415 ergo
988 3353 1043 3400 et
1075 3344 1285 3398 honore
1322 3350 1378 3398 et
1426 3341 1675 3397 moribus
1721 3341 1876 3396 illum
1936 3356 2028 3396 re-

455 3439 594 3502 t'ert,
635 3437 936 3492 viventium
991 3436 1174 3490 adhuc
1215 3435 1550 3490 athletarum
1591 3449 1789 3505 agmen
1827 3435 2028 3500 ducat,

457 3544 566 3586 non
602 3530 730 3601 quia
766 3529 906 3584 idem
937 3543 1132 3583 nomen
1164 3528 1338 3602 gerit,
1370 3525 1466 3581 sed
1497 3526 1627 3596 quia
1657 3526 1777 3596 ejus
1811 3541 2032 3597 quoque

453 3609 702 3678 imitat-us
738 3630 826 3679 est
882 3623 1177 3684 virtutem,
1218 3619 1608 3688 exemplarque
1662 3618 2030 3688 phil050phia3

456 3717 583 3772 aliis
630 3717 750 3786 ipse
793 3715 974 3769 factus
1013 3721 1118 3770 est.
1159 3712 1406 3768 Maronis
1445 3712 1592 3766 enim
1636 3712 1838 3767 summi
1879 3713 2031 3769 illius
2085 3712 2087 3714 ’

456 3807 512 3859 in
563 3803 1022 3860 consuetudinem
1066 3812 1351 3873 receptus,
1405 3801 1704 3872 divinaque
1753 3801 1874 3872 ejus
1929 3802 2031 3857 do-

455 3895 635 3950 ctrina
670 3895 1000 3961 institutus,
1041 3895 1363 3966 magistrum
1403 3877 1583 3964 ipsum
1622 3893 1874 3949 laborum
1915 3909 2030 3949 ma-

455 3986 746 4056 gnitudine
798 3986 1138 4042 obscuravit.
1200 3983 1406 4040 Habuit
1465 3985 1734 4056 siquidem
1789 3985 1880 4041 ille
1932 4001 2032 4055 pro

457 4095 620 4134 muro
673 4079 878 4134 vetusti
934 4077 1146 4133 erroris
1202 4076 1531 4138 delubrum,
1587 4087 1641 4133 et
1677 4093 1740 4132 ex
1798 4078 2032 4149 pellibus

457 4171 698 4226 cilicinis
731 4171 1143 4241 tabernaculum
1165 4212 1180 4234 ,
1207 4167 1371 4240 cujus
1397 4183 1499 4239 ope
1542 4171 1740 4239 pluvia:
1779 4171 2032 4240 nivisque

456 4264 688 4334 injurias
724 4279 919 4320 omnes
947 4265 1284 4332 declinabat.
1323 4264 1422 4320 Hic
1455 4279 1584 4321 vero
1605 4303 1618 4330 ,
1658 4264 1742 4318 his
1773 4263 2033 4317 omnibus

455 4359 638 4413 valere
659 4359 870 4428 jussis,
901 4367 958 4413 et
992 4358 1371 4424 tabernaculo,
1402 4369 1456 4414 et
1486 4358 1732 4428 tugurio,
1756 4363 1809 4412 et
1834 4371 1990 4410 muro
2010 4395 2026 4421 ,

455 4451 656 4504 cmlum
688 4451 854 4505 habet
882 4465 984 4520 pro
1010 4457 1176 4512 tecto,
1205 4450 1499 4506 contrariis
1530 4451 1673 4504 aeris
1701 4448 2027 4518 impressio-

339 4594 356 4612 ,
456 4541 620 4597 nibus
654 4542 936 4597 universis
969 4543 1254 4612 expositus
1276 4583 1290 4604 ,
1325 4550 1379 4598 et
1411 4558 1559 4597 nunc
1602 4541 1826 4612 quidem
1877 4541 2029 4610 largo

455 4635 634 4690 imbre
658 4634 942 4707 difﬂuens,
978 4649 1129 4689 nunc
1162 4635 1285 4705 gelu
1317 4650 1381 4689 ac
1416 4633 1538 4689 nive
1577 4642 1872 4688 concretus
1893 4673 1907 4697 ,
1939 4633 2028 4687 in-

457 4726 673 4781 terdum
712 4726 883 4782 radiis
915 4725 1051 4782 solis
1079 4734 1257 4782 tostus
1283 4733 1337 4781 et
1367 4734 1594 4782 exustus
1619 4745 1632 4780 :
1665 4725 1880 4781 fortiter
1909 4741 2029 4780 om-

457 4820 546 4874 nia
582 4819 899 4890 perferens,
949 4827 1004 4873 et
1050 4827 1310 4889 tanquam
1343 4817 1398 4872 in
1436 4817 1618 4872 alieno
1666 4833 1896 4887 corpore
1941 4818 2029 4872 di-

459 4913 670 4967 micans
691 4949 705 4977 ,
738 4912 989 4982 corporis
1021 4919 1274 4966 naturam
1303 4911 1591 4982 alacritate
1618 4910 1782 4963 animi
1811 4910 2030 4964 vincere

457 5003 764 5070 contendit,
791 5004 1125 5074 mortalique
1153 5003 1256 5058 hoc
1297 5011 1350 5057 ct
1395 5002 1601 5073 patibili
1629 5001 2025 5064 circumdatus,

458 5097 541 5153 sic
573 5096 704 5152 vivit
737 5111 802 5152 ac
838 5097 885 5152 si
922 5097 980 5152 in
1019 5096 1310 5168 impatibili
1337 5138 1350 5160 ,
1386 5104 1439 5152 et
1475 5095 1642 5150 vitam
1695 5093 1749 5147 in
1799 5109 2030 5164 corpore

456 5195 712 5264 corporis
742 5201 1025 5263 expertem
1075 5190 1386 5250 meditans.
1440 5204 1564 5242 cum
1616 5189 1806 5244 divino
1861 5188 2029 5242 Paulo

456 5285 661 5340 clamat
689 5303 702 5339 :
728 5283 823 5338 ειη
851 5297 1020 5337 carne
1053 5281 1400 5336 ambulantes
1429 5297 1540 5335 non
1573 5280 1876 5337 secundum
1904 5295 2029 5334 car-

459 5391 582 5431 nem
627 5377 948 5432 militamus.
1009 5373 1222 5445 1236
1270 5365 1434 5427 Arma
1487 5375 1632 5429 enim
1684 5381 1870 5428 nostra
1917 5389 2024 5426 non

355 5481 361 5500 ι
457 5477 588 5522 sunt
623 5469 869 5523 carnalia
892 5509 906 5528 .
940 5468 1033 5523 sed
1069 5467 1313 5536 potentia
1353 5466 1462 5522 Deo
1493 5465 1559 5519 ad
1594 5465 2025 5519 destructionem

461 5556 856 5614 munitionum.
892 5553 1132 5612 Consilia
1171 5555 1552 5621 destruentes,
1587 5563 1642 5610 et
1679 5556 2024 5610 altitudinem

462 5663 584 5714 quc
620 5665 678 5703 se
711 5650 922 5703 extollit
959 5650 1222 5704 adversus
1261 5650 1547 5705 scientiam
1592 5649 1683 5706 Dci
1708 5691 1721 5714 ,
1762 5659 1814 5705 et
1855 5651 2029 5721 capti-

2129 3074 2253 3136 δον,
2294 3073 2354 3137 ὃς
2395 3077 2494 3144 τὴν
2531 3071 2806 3144 Περσικήν
2859 3072 3077 3141 ἐκείνην
3120 3069 3405 3140 στρατείαν
3449 3069 3722 3122 ἐσκέδασε

2129 3165 2429 3237 προσευχῇ,
2471 3165 2565 3217 καὶ
2600 3165 2709 3216 τῶν
2743 3161 2836 3216 τοῦ
2869 3163 3076 3224 ἄστεως
3121 3160 3421 3232 περιϐόλων
3473 3176 3703 3214 καταπε

2133 3257 2354 3323 σόντων,
2383 3255 2508 3310 οὔτε
2532 3255 2632 3325 τὴν
2657 3255 2811 3310 πόλιν
2835 3249 3038 3310 ἁλῶναι
3061 3253 3415 3324 συνεχώρησε,
3447 3253 3542 3304 καὶ
3577 3253 3720 3316 τοὺς

2133 3345 2422 3418 πολεμίους
2489 3349 2679 3416 φυγεῖν
2729 3347 3146 3417 κατηνάγκασεν
3167 3332 3188 3406 ,’
3243 3343 3464 3416 ἐμπίδας
3515 3344 3724 3405 αὺτοῖς

2133 3439 2642 3510 καταστρατεύσας,
2673 3438 2770 3492 καὶ
2813 3438 3103 3501 κώνωπας.
3161 3438 3226 3491 Ὀ
3273 3435 3480 3489 ἐκείνου
3527 3435 3725 3489 τοίνυν

2111 3533 2392 3604 ⁴ὁμότιμος
2415 3572 2430 3594 ,
2463 3531 2558 3584 καὶ
2591 3531 2935 3602 ὁμότροπος,
2981 3530 3081 3600 τῆς
3119 3529 3229 3583 τῶν
3276 3528 3356 3581 ἔτι
3407 3527 3724 3596 περιόντων

2132 3625 2449 3695 ἀγωνιστῶν
2486 3617 2800 3695 προέευέτω
2843 3619 3157 3693 συμμορίας
3181 3637 3197 3652 ο
3249 3620 3351 3674 οὐκ
3393 3619 3596 3689 ἐπειδὴ
3631 3620 3724 3687 τῆς

2135 3717 2508 3790 προσηγορίας
2533 3717 2648 3770 ἐστὶ
2673 3714 2949 3779 κοινωνὸς,
2973 3712 3088 3768 ἀλλ’
3125 3714 3205 3765 ὅτι
3237 3711 3336 3764 καὶ
3370 3711 3474 3780 τὴν
3507 3711 3724 3763 ἐκείνοι

2133 3811 2405 3882 ἐζήλωσεν
2434 3791 2654 3882 ἀρετήν,
2681 3810 2775 3864 καὶ
2815 3808 3172 3880 παράδειγμα
3200 3804 3530 3876 φιλοσοφίας
3567 3803 3727 3864 αὐτὶ,

2132 3906 2244 3965 τοῖς
2286 3892 2465 3965 ἄλλοις
2503 3901 2749 3970 ἐγένετο.
2782 3899 3012 3970 Μάρωνι
3060 3899 3170 3968 γὰρ
3209 3896 3407 3966 ἐκείνῳ
3458 3895 3546 3965 τῷ
3591 3896 3726 3947 πάι-ι

2137 3996 2577 4064 συγγενόμενος,
2630 3993 2725 4046 καὶ
2783 3993 2884 4062 τῆς
2934 3989 3086 4053 θείας
3139 3988 3305 4042 αὑτοῦ
3361 3987 3726 4044 διδασκαλξσξ

2138 4087 2476 4160 μεταλαχὼν,
2511 4089 2626 4151 τοῖς
2663 4084 2871 4156 μείζοσι
2901 4083 3083 4147 πόνοις
3122 4082 3411 4154 ἀπέκρυψε
3439 4081 3544 4133 τὸν
3593 4082 3726 4135 διδά-

2137 4180 2354 4234 σκαλον.
2400 4178 2458 4231 '0
2495 4178 2592 4247 μὲν
2622 4177 2731 4249 γὰρ
2760 4176 2854 4231 καὶ
2883 4174 3165 4247 περίϐολον
3197 4169 3308 4244 εἶχε
3333 4171 3437 4243 τῆς
3479 4174 3732 4236 παλαιᾶς

2137 4273 2346 4344 πλάνης
2379 4273 2439 4326 τὸ
2465 4271 2712 4343 τέμενος,
2739 4271 2833 4323 καὶ
2857 4269 3064 4340 σκηνὴν
3099 4271 3161 4322 ἐκ
3193 4268 3247 4320 δέ
3256 4269 3435 4340 ρρεων
3457 4270 3730 4338 τριχίδια)-⁶

2137 4364 2399 4436 ἐπήξατο,
2451 4363 2546 4416 καὶ
2583 4361 2754 4433 ταύτῃ
2796 4359 3108 4432 χρώμενος,
3141 4358 3241 4422 τὰς
3283 4357 3378 4410 τοῦ
3415 4359 3598 4411 ὑετοῦ
3649 4359 3732 4411 καὶ

2137 4455 2354 4526 νιφετοῦ
2391 4454 2610 4524 διέφυγε
2654 4449 2981 4522 προσϐολάς.
3020 4443 3189 4512 Οὗτος
3229 4448 3284 4501 δὲ
3329 4449 3467 4501 πᾶσι
3518 4450 3733 4509 τούτοις

2137 4544 2411 4617 ἐρρῶσθαι
2436 4544 2672 4614 φράσας,
2707 4539 2804 4595 καὶ
2829 4541 3028 4610 σκηνῇ,
3057 4535 3152 4591 καὶ
3177 4537 3407 4609 καλύὁῃ,
3440 4541 3554 4590 καὶ
3593 4557 3734 4608 περι-

2139 4635 2315 4706 ῦόλῳ,
2365 4635 2561 4705 ὄροφον
2595 4632 2708 4702 ἔχει
2749 4630 2842 4684 τὸν
2874 4628 3108 4700 οὐρανὸν
3132 4667 3146 4689 ,
3178 4628 3357 4688 πάσας
3406 4626 3515 4679 τοῦ
3577 4628 3736 4697 ἀέρος

2137 4731 2236 4792 τὰς
2287 4725 2537 4789 ἐναντίας
2575 4724 2866 4795 δεχόμενος
2913 4717 3241 4793 προσϐολάς,
3292 4719 3405 4772 Καὶ
3465 4719 3582 4771 νῦν
3649 4719 3736 4790 μὴ

2137 4821 2278 4892 ὑετῷ
2330 4818 2517 4890 λαύρῳ
2551 4814 3024 4884 κατακλυζόμενος
3053 4850 3067 4876 ,
3121 4810 3216 4864 νῦν
3257 4811 3312 4884 δὲ
3364 4811 3591 4880 κρυμῷ
3651 4812 3742 4863 καὶ

2137 4912 2336 4982 νιφετῷ
2385 4909 2758 4980 πηγνύμενοςο
2801 4904 2986 4960 ἀλλο-ει
3039 4904 3096 4957 δὲ
3142 4905 3258 4964 ταῖς
3293 4901 3489 4954 ἀκτῖσι
3538 4901 3742 4971 cpiaru-

2142 5005 2301 5074 μενος
2331 5019 2389 5054 τε
2418 5001 2512 5056 καὶ
2549 4997 2996 5070 ἐμπιπράμενος,
3025 4995 3119 5047 καὶ
3163 4991 3298 5065 πρὸς
3325 4991 3570 5046 ἅπαντα
3607 5011 3744 5064 καρ-

2136 5096 2310 5169 τερῶν
2391 5095 2483 5147 καὶ
2516 5093 2590 5156 ὼς
2623 5093 2680 5144 ἐν
2711 5087 2976 5162 ἀλλοτρίῳ
3021 5085 3424 5155 ἀγωνιζόμενος
3483 5086 3742 5157 σώματι,

2139 5188 2234 5243 καὶ
2263 5184 2582 5257 φιλονεικῶν
2607 5187 2672 5256 τῇ
2703 5181 2984 5254 προθυμίᾳ
3013 5180 3230 5250 νικῆσαι
3257 5177 3357 5249 τὴν
3388 5178 3496 5232 τοῦ
3545 5181 3742 5250 σῶμα·

2137 5300 2227 5346 τος
2258 5280 2438 5351 φύσιν.
2473 5277 2678 5350 Θνητδν
2708 5276 2818 5347 γὰρ
2847 5273 3007 5327 τοῦτο
3054 5270 3424 5340 καὶμπαθητὸν
3477 5274 3744 5344 περικείο

2141 5391 2322 5442 μενος,
2352 5372 2428 5434 ὡς
2459 5372 2516 5423 ἐν
2541 5367 2745 5424 ἀπαθεῖ
2773 5364 3134 5430 πολιτεύεται,
3170 5363 3263 5416 καὶ
3289 5361 3390 5435 τὴν
3424 5364 3746 5436 ἀσώματος.

2139 5449 2296 5536 ζωὴν.
2317 5465 2374 5516 ἐν
2419 5459 2632 5532 σώματι
2667 5458 2925 5529 μελετῶν,
2959 5458 3095 5528 μετά
3135 5457 3226 5510 τοῦ
3260 5455 3574 5510 θεσπεσίου
3605 5458 3746 5510 Παῦ-

2136 5557 2227 5611 λον
2257 5556 2356 5627 βθᾷ
2377 5572 2389 5586 ’
2428 5573 2447 5604 ⁸
2491 5553 2578 5604 Ἑν
2612 5551 2773 5622 σαρκὶ
2810 5548 3236 5619 περιπατοῦντες
3267 5547 3326 5599 οὗ
3367 5550 3522 5602 κατὰ
3555 5552 3746 5621 σεὶριτ

2139 5643 2552 5719 στρατευόμεθα
2577 5659 2588 5670 ·
2625 5643 2687 5696 τὰ
2716 5643 2820 5711 γὰρ
2859 5640 2998 5694 ὅπλα
3026 5640 3178 5709 ἡμῶν
3203 5640 3263 5692 εὖ
3295 5641 3572 5710 σαρκικὰ,
3607 5643 3742 5697 ἀλλά
