3898 6196
264 198 388 264 14⁸23

1439 200 1852 281 RELIGIOSA
1926 201 2306 264 HISTORIA.

3373 195 3510 262 H34

241 311 448 372 ,δύνατά
475 306 552 381 τῷ
577 307 698 380 Θεῷ
729 308 863 379 πρὸς
887 309 1205 382 καθαίρεσιν
1232 308 1608 383 ὀχυρωμάτων
1635 331 1648 344 -
1674 313 1820 383 λογι.

1930 323 2124 370 vantes
2150 328 2340 368 omnes
2367 311 2703 391 intellectum
2739 313 2793 365 in
2826 310 3156 380 obsequium
3181 309 3388 367 Christi
3409 322 3458 366 (ι.
3481 332 3501 366 ο

257 403 422 472 σμοὺς
468 399 858 470 καθαιροῦντες
883 443 897 463 ,
949 400 1044 452 καὶ
1087 403 1195 454 πᾶν
1231 399 1433 472 ὕψωμα
1466 404 1825 476 ἐπαιρόμενον

253 495 389 548 κατὰ
421 493 522 563 τῆς
553 493 805 562 γνώσεως
837 491 931 546 τοῦ
963 491 1098 550 Θεοῦ
1131 509 1143 522 ⁶
1201 493 1294 546 καὶ
1327 493 1826 566 αἰχμαλωτίζοντες

255 589 357 640 πᾶν
391 586 568 656 νόημα
613 587 693 648 εἰς
743 587 841 656 τήν
885 586 1133 655 ὑπακοὴν
1161 584 1254 638 τοῦ
1303 585 1562 658 Χριστοῦ.
1601 607 1619 639 ι
1664 588 1826 643 Ἀλλά

251 677 466 740 τούτους
492 677 617 741 τοὺς
654 676 792 745 ὑπὲρ
821 675 983 743 φύσιν
1028 675 1246 743 ἀγῶνας
1292 679 1348 728 ἐν
1393 675 1600 745 μείοσιν
1633 677 1825 746 ἐμελέ-

252 782 376 834 τησε
415 765 618 827 πόνοις.
660 765 750 816 Ἐν
789 763 1016 833 οἰκίσκῳ
1058 764 1166 834 γάρ
1200 781 1306 815 τινι
1339 763 1532 833 βραχεῖ
1559 765 1824 833 πρότερον

222 915 226 920 ,
251 857 438 934 ἑαυτὸν
468 838 762 926 κάθείρξας
787 893 802 916 ,
849 855 945 907 καὶ
975 853 1082 906 τῶν
1113 853 1311 919 ἔξωθεν
1341 853 1586 926 θορύϐων
1613 854 1825 908 ἐλευθε-

203 969 206 972 ⁴
251 948 426 1018 ρώσας
453 987 469 1012 ,
501 947 596 1000 καὶ
641 950 708 1017 τῇ
757 945 850 999 τοῦ
886 943 1022 997 Θεοῦ
1083 945 1275 1016 μνήμῃ
1327 944 1689 1016 προσηλώσας
1732 944 1824 998 τὸν

247 1035 390 1092 νοῦν.
416 1036 560 1089 οὕτω
581 1034 678 1106 τὴν
699 1035 796 1105 τῆς
822 1033 1066 1097 ἐντελοῦς
1085 1017 1289 1104 ⁴όιρετῆς
1312 1031 1544 1086 ἐποιεῖτο
1568 1019 1818 1105 μελέτην.

187 1185 191 1190 _
246 1125 669 1201 Γυμνασάμενος
709 1124 762 1176 δὲ
817 1123 1052 1193 ἄριστα,
1093 1123 1188 1178 καὶ
1220 1122 1328 1175 τῶν
1382 1123 1603 1190 ἀγαθῶν
1640 1125 1821 1177 πόνων

246 1217 410 1271 ἐθάδα
435 1216 533 1287 τὴν
561 1216 738 1286 ψυχὴν
779 1215 1086 1285 ἀποῳήνας,
1121 1213 1230 1267 τῶν
1265 1212 1532 1284 μειζόνων
1564 1213 1820 1267 κατετόλ-

248 1328 420 1381 μησεν
451 1310 627 1364 ἄθλων
649 1327 662 1340 ·
703 1309 796 1363 καὶ
822 1308 978 1361 τοῦτο
1003 1308 1062 1360 τὸ
1088 1307 1213 1376 ὅρος
1243 1305 1586 1370 καταλαϐὼν,
1609 1307 1637 1360 ὃ
1665 1306 1820 1359 τοῦδε

242 1402 335 1455 τοῦ
354 1395 574 1463 ’ἄστεως
601 1401 897 1470 τριάκοντα
936 1399 1169 1462 σταδίοις
1197 1399 1526 1469 ἀφέστηκεν,
1553 1397 1820 1468 ἐπίσημον

243 1494 492 1562 ἀπέφηνε
523 1493 616 1546 καὶ⁵
654 1491 968 1560 σεϐάσμιον,
999 1491 1211 1561 ἄσημον
1241 1491 1300 1544 ὃν
1323 1490 1491 1544 πάλαι
1522 1490 1616 1543 καὶ
1648 1490 1821 1562 ἀκαρ⁶

244 1600 343 1636 πον
370 1581 666 1644 παντελῶς.
705 1579 988 1650 Τοσαύτην
1032 1573 1089 1632 δὲ
1146 1579 1241 1632 νῦν
1287 1579 1540 1646 εὐλογίαν
1570 1578 1818 1649 δεδέχθαι

1929 405 2130 462 Verum
2165 405 2232 458 ad
2282 403 2598 472 lmjusmodi
2649 413 2902 457 naturaet
2956 401 3279 458 excedentia
3328 412 3510 459 certa-

1927 498 2076 552 mina
2127 513 2224 566 per
2283 497 2524 550 minores
2570 495 2790 549 labores
2843 508 2902 548 se
2953 495 3314 562 comparavit.
3367 492 3505 547 Cum

1927 591 2072 646 enim
2108 597 2344 660 angusta
2381 604 2440 642 se
2486 589 2652 643 domo
2688 576 3009 641 inclusisset
3035 626 3048 644 .
3084 585 3441 654 externisque
3476 603 3525 641 a.

1926 681 2263 736 tumultibus
2293 679 2652 740 abduxisset,
2705 685 2948 731 mentem
2996 676 3049 729 in
3107 675 3200 729 Dei
3244 677 3508 730 recorda-

1927 775 2078 828 tione
2111 772 2358 841 deiigens
2380 811 2394 836 ,
2429 772 2507 824 ita
2541 785 2601 824 se
2637 771 2704 823 ad
2738 769 3036 838 perfectam
3067 769 3323 822 virtutem
3353 764 3510 823 exer-

1924 866 2109 920 cebat.
2141 864 2444 932 Postquam
2479 869 2661 915 autem
2708 861 2914 930 optime
2945 875 3005 914 se
3052 862 3334 921 exercuit,
3389 859 3522 911 ani-'

1926 971 2184 1026 mamquc
2219 956 2383 1011 bonis
2417 953 2706 1008 laboribus
2742 951 3040 1006 assuefecit
3069 988 3086 1012 ,
3135 960 3250 1004 tum
3301 950 3508 1019 majora

1924 1062 2096 1102 ausus
2131 1059 2215 1101 est
2244 1046 2550 1100 certamina
2575 1085 2589 1108 ,
2622 1051 2678 1099 ct
2712 1051 2951 1096 montem
2983 1041 3130 1094 hunc
3164 1050 3381 1110 petens,
3413 1039 3506 1108 qui

1924 1140 2156 1210 triginta
2189 1138 2386 1193 stadiis
2417 1137 2486 1190 ab
2520 1135 2622 1190 bac
2652 1135 2786 1188 urbe
2839 1135 3040 1199 distat,
3089 1132 3299 1186 clarum
3352 1131 3504 1184 illum

1921 1228 2160 1284 reddidit
2185 1243 2249 1282 ac
2280 1225 2653 1282 venerandum
2675 1262 2692 1288 ,
2720 1240 2843 1279 cum
2871 1225 3148 1279 obscurus
3177 1222 3307 1280 olim
3336 1230 3502 1287 esset,

1921 1321 2193 1391 planeque
2238 1302 2649 1374 infructuosus.
2687 1317 2919 1372 Tantam
2948 1331 3095 1370 nunc
3126 1323 3308 1368 autem
3345 1329 3506 1370 acce-

1921 1414 2069 1484 pisse
2106 1413 2548 1468 be'nedictionem
2583 1415 2599 1433 ‘
2635 1411 2920 1474 creditur,
2946 1417 3004 1462 ιιι
3039 1409 3124 1462 vel
3160 1408 3211 1462 ei
3250 1407 3508 1476 imposita

1924 1516 2071 1562 terra
2105 1505 2457 1571 adhibeatur,
2493 1520 2618 1560 cum
2653 1504 2897 1573 undique
2931 1501 3198 1558 accedant
3227 1501 3320 1570 qui
3357 1500 3510 1554 utili-

1921 1597 2055 1652 tatis
2089 1612 2203 1651 suae
2237 1596 2414 1666 gratia
2448 1596 2595 1650 illam
2627 1601 2944 1665 exportent.
2996 1583 3056 1646 in
3115 1593 3218 1646 hoc
3265 1591 3505 1658 degens,

242 1675 634 1738 πεπίστευται,
685 1672 759 1736 ὡς
790 1671 888 1744 τὴν
920 1672 1276 1743 ἐπικειμένην
1300 1655 1661 1725 ’δαπανᾶσθαι
1691 1671 1818 1740 γῆν,

1927 1687 2346 1741 adventantium
2379 1687 2630 1741 omnium
2663 1686 2843 1741 oculis
2871 1694 3040 1754 patet,
3075 1685 3419 1754 speluncam,
3448 1687 3510 1734 ut

240 1765 348 1819 τῶν
390 1765 652 1818 πάντοθεν
698 1765 1115 1834 ἀφικνουμένων
1153 1765 1233 1828 εἰς
1287 1763 1557 1832 ὠφέλειαν
1614 1762 1819 1834 ταύτην

238 1856 640 1927 κομιζομένων.
718 1856 806 1908 Ἐν
861 1853 1037 1926 τούτῳ
1092 1854 1491 1926 διαιτώμενος,
1553 1855 1659 1907 ὑπὸ
1709 1855 1819 1910 τῶν

239 1953 691 2022 παραγινομένων
763 1951 1019 2010 ἁπάντων
1083 1951 1409 2022 θεωρεῖται·
1471 1951 1571 2004 ούκ
1622 1950 1819 2022 ἄντρον

239 2044 400 2114 ἔχων,
431 2042 506 2109 ὡς
528 2045 681 2116 ἔφην,
717 2045 776 2098 ού
811 2044 1038 2116 σκηνὴν,
1076 2043 1136 2098 ού
1166 2043 1430 2114 καλύὸην,
1455 2044 1520 2097 ού
1545 2035 1818 2115 θριγκίον,

238 2139 339 2210 οὐχ
365 2133 639 2210 αἱμασιάν
662 2133 1171 2212 περιφράττουσαν·
1216 2138 1354 2192 ἀλλά
1397 2139 1492 2215 καὶ
1520 2138 1820 2209 προσευχό·

155 2294 162 2299 _
243 2249 403 2302 μενος
433 2233 646 2304 ὁρᾶται,
681 2233 775 2286 καὶ
819 2231 1306 2302 διαναπαυόμενος,
1359 2233 1453 2285 καὶ
1501 2231 1693 2295 ἑστὼς,
1726 2231 1822 2285 καὶ

240 2325 570 2396 καθήμενος,
624 2327 717 2380 καὶ
759 2325 1039 2395 ὑγιαίνων,
1093 2327 1187 2380 καὶ
1218 2326 1500 2398 ἀρρωστίᾳ
1539 2326 1646 2379 τινὶ
1690 2341 1821 2380 κατ-

239 2410 528 2490 εχόμενοςο
579 2421 655 2484 ὡς
705 2419 969 2490 διηνεκῶς
1021 2419 1126 2472 ὑπὸ
1170 2419 1389 2482 θεαταῖς
1436 2418 1817 2488 ἀγωνίζεσθαι,

239 2513 337 2565 καὶ
377 2513 480 2574 τὰς
527 2513 772 2580 ἀνάγκας
815 2509 914 2581 τῆς
959 2511 1174 2580 φύσεως
1213 2508 1639 2579 ἀποκρούεσθαι.
1687 2508 1820 2562 Ούδέ

236 2605 350 2675 γὰρ
379 2607 491 2666 τοῖς
534 2603 713 2666 ἄλλοις
764 2601 1108 2672 ἀνθρώποις,
1161 2603 1221 2654 ἐν
1265 2600 1548 2670 ἐλευθερία
1593 2600 1823 2672 βραχείᾳ

1927 1780 2072 1844 dixi,
2106 1794 2220 1834 non
2257 1780 2500 1844 habens,
2535 1794 2648 1844 non
2684 1777 3151 1841 tabernaculum,
3197 1790 3304 1830 non
3348 1783 3510 1843 tugu-

1926 1872 2104 1938 rium,
2135 1887 2241 1926 non
2279 1861 2610 1935 maceriam,
2647 1885 2757 1926 non
2794 1885 2976 1946 sepem
3013 1885 3133 1938 qum
3162 1864 3507 1922 circumdet:

1929 1961 2024 2019 sed
2051 1970 2106 2016 et
2136 1977 2305 2018 orans
2335 1963 2602 2029 cernitur,
2637 1971 2694 2018 et
2742 1963 3068 2032 quiescens,
3121 1966 3174 2013 et
3230 1969 3421 2020 stans,
3455 1964 3511 2011 et

1927 2055 2130 2112 sedens
2152 2096 2168 2120 ,
2199 2062 2256 2110 et
2285 2070 2413 2110 cum
2443 2070 2613 2111 sanus
2647 2062 2732 2110 est
2753 2094 2768 2117 ,
2799 2061 2856 2109 et
2887 2068 3014 2107 cum
3055 2051 3245 2121 aliqua
3289 2055 3510 2103 tenetur

1926 2145 2252 2216 agritudine
2277 2187 2294 2215 ,
2327 2146 2402 2200 ita
2434 2155 2492 2202 ut
2537 2156 2803 2218 perpetuo
2859 2131 3046 2199 coram
3101 2141 3511 2212 spectatoribus

1925 2240 2207 2309 depugnet
2227 2281 2242 2306 ,
2274 2247 2602 2310 naturaeque
2638 2240 3009 2295 necessitates
3041 2237 3294 2307 repellat.
3327 2233 3512 2304 Neque

1925 2332 2070 2385 enim
2104 2331 2424 2387 hominibus
2456 2333 2619 2396 aliis,
2650 2332 2956 2386 liberaliter
2988 2338 3278 2398 utcunque
3305 2329 3512 2383 educa-

1930 2420 2000 2474 tis
2021 2459 2036 2484 ,
2060 2418 2222 2476 facile
2251 2430 2335 2477 est
2369 2422 2424 2475 in
2455 2429 2772 2477 exterarum
2801 2420 2981 2474 oculis
3005 2427 3358 2474 excrementa
3385 2431 3511 2485 ege-

1931 2528 2087 2578 rere,
2121 2513 2321 2568 nedum
2354 2514 2473 2568 viro
2517 2514 2613 2584 qui
2670 2512 2738 2569 ad
2788 2525 3058 2568 summam
3105 2508 3510 2580 pbilosOpbiam

1931 2614 2274 2674 pervenerat.

231 2694 680 2765 τεθραμμένοις,
717 2693 886 2760 ξένων
937 2694 1256 2764 παρόντων,
1311 2693 1540 2754 εὐπετὲς
1591 2690 1691 2752 τάς
1761 2689 1870 2746 τῶν
1934 2695 2362 2766 περιττωμάτων
2402 2693 2678 2764 ἐκκρίσεις
2728 2691 3032 2755 ποιεῖσθαι,
3072 2691 3203 2762 μήτι
3231 2705 3310 2768 ’γε
3348 2679 3505 2759 ἀνδρὶ

232 2787 338 2858 τὴν
364 2787 537 2856 ἄκραν
563 2786 880 2856 φιλοσοφίαν
911 2771 1292 2857 ἐξησκημένῳ.

315 2881 427 2933 Καὶ
472 2880 645 2934 ταῦτα
683 2882 847 2948 λέγω,
893 2881 954 2934 οὐ
1009 2882 1138 2950 παρ’
1174 2880 1338 2935 ἄλλου
1393 2879 1555 2935 τοῦτο
1607 2876 1817 2950 μαθὼν,

237 2971 361 3026 ἀλλ’
391 2972 552 3036 αὐτὸς
600 2972 874 3042 αὐτόπτης
927 2972 1314 3043 γεγενημένος.
1365 2972 1480 3043 Πρὸ
1537 2971 1818 3043 τεσσάρων

1999 2875 2110 2930 Νεε
2131 2890 2261 2931 vero
2286 2875 2356 2929 ab
2381 2873 2506 2929 aliis
2531 2872 2646 2926 haec
2669 2871 2853 2926 audita
2877 2868 3079 2933 rel‘cro,
3105 2865 3203 2922 sed
3231 2880 3354 2936 qua:
3377 2880 3510 2919 ocu-

1928 2968 1994 3022 lis
2013 2969 2128 3038 ipse
2147 2965 2432 3036 conspexi.
2455 2963 2588 3019 Nam
2607 2980 2732 3020 cum
2755 2971 2880 3017 ante
2905 2976 3080 3017 annos
3092 2957 3508 3030 quattuordecim

237 3064 355 3134 γὰρ
379 3065 473 3118 καὶ
501 3063 638 3118 δέκα
672 3063 958 3124 ἐνιαυτῶν.
988 3065 1143 3128 νόσος
1156 3064 1312 3140 ,αύτῷ
1345 3064 1556 3135 χαλεπὴ
1584 3079 1820 3132 προσπε-

1926 3060 2108 3132 gravis
2133 3058 2283 3113 illum
2312 3058 2538 3114 morbus
2579 3056 2900 3118 invasisset,
2935 3054 3016 3110 sic
3043 3053 3200 3108 illum
3227 3050 3428 3116 aﬂecit,
3449 3059 3508 3104 ut

239 3155 454 3220 σοῦσα,
510 3155 763 3226 διέθηκεν
808 3155 883 3218 ὡς
926 3150 994 3226 ἦν
1039 3155 1186 3219 εἰκὸς
1237 3156 1336 3226 τὴν
1381 3155 1581 3226 θνητὴν
1631 3153 1820 3224 ἔχοντα

1925 3152 2062 3206 allici
2085 3167 2212 3207 eum
2247 3165 2343 3221 par
2365 3158 2483 3206 erat
2513 3149 2606 3220 qui
2638 3147 2892 3202 mortalis
2917 3145 3130 3216 1237
3155 3151 3319 3198 natus
3343 3149 3508 3197 esset.

241 3246 428 3318 φύσιν.
484 3247 653 3318 Θέρος
694 3247 801 3318 γάρ
853 3243 923 3319 ἦν
977 3245 1260 3318 ἀκμάζον,
1319 3249 1410 3300 καὶ
1466 3247 1823 3319 σφοδρότερον

239 3333 511 3402 ἐξήπτετο
543 3335 642 3415 τῆς
694 3336 968 3405 ἀκτῖνοςή
1016 3332 1168 3404 φλὸξ,
1201 3335 1307 3387 τῶν
1354 3334 1452 3404 μὲν
1481 3333 1698 3405 ἀνέμων
1728 3350 1823 3387 κε·

177 3433 184 3440 ”
242 3427 636 3496 κοιμημένων,
696 3428 955 3498 ἀκινήτου
991 3422 1053 3481 ’δέ
1108 3425 1363 3499 μένοντος
1399 3425 1494 3478 τοῦ
1533 3426 1714 3496 ἀέρος.
1749 3425 1822 3479 Τὸ

241 3518 304 3571 δὲ
358 3518 526 3582 πάθος
571 3515 639 3589 ἦν
691 3517 995 3591 πλημμύρα
1047 3520 1211 3592 χολῆς
1259 3519 1572 3590 φερομένης
1617 3507 1828 3571 ἐπιτά

242 3612 431 3672 κάτω,
477 3612 570 3664 καὶ
601 3611 906 3682 δακνούσης
944 3613 1002 3666 τὸ
1043 3612 1288 3684 ἔντερον,
1328 3614 1420 3667 καὶ
1452 3611 1830 3682 συνωθούσης,

243 3703 340 3756 καὶ
375 3703 591 3775 τρέχειν
625 3705 718 3758 ἐπὶ
748 3705 815 3760 τά
844 3705 947 3770 ἔξω
993 3689 1346 3775 βιαζομένης.
1387 3707 1522 3759 Τότε
1549 3706 1646 3776 τὴν
1691 3705 1820 3759 πολ-

240 3793 340 3865 λὴν
383 3795 476 3848 τοῦ
515 3796 707 3868 ἀνδρὸς
749 3797 1046 3869 καρτερίαν
1098 3797 1428 3869 ἐθεασάμην.
1480 3798 1822 3869 Παμπόλλων

241 3885 353 3956 γὰρ
376 3887 592 3958 χωρίων
616 3887 1134 3960 συναθροισθέντων,
1157 3890 1557 3959 ἀρπασομένων
1579 3891 1638 3944 τὸ
1663 3889 1823 3958 σῶμα

241 3976 304 4028 τὸ
343 3979 635 4049 νικηφόρον
659 4021 673 4046 ,
715 3981 952 4051 καθῆστο
979 3981 1190 4051 διχόθεν
1228 3979 1574 4050 βαλλόμενος.
1618 3980 1680 4033 Ἡ
1724 3980 1824 4049 μὲν

243 4065 354 4133 γάρ
396 4066 556 4134 φύσις
611 4069 744 4121 ἱέναι
790 4071 881 4122 ἐπὶ
927 4071 1025 4140 τὴν
1074 4070 1323 4139 ἔκκρισιν
1370 4068 1818 4138 κατηνάγκαζεψ

243 4158 276 4226 ἡ
308 4156 364 4209 δὲ
396 4159 493 4227 τῆς
544 4159 958 4227 παρεστηκυίας
1007 4158 1248 4228 πληθύος
1296 4159 1460 4223 αἰδὼς
1503 4162 1685 4230 μένειν
1729 4161 1823 4214 ἐπὶ

244 4247 524 4320 σχήματος
563 4247 833 4310 ἐϐιάζετο.
878 4247 1019 4316 Ἐγὼ
1047 4248 1102 4301 δὲ
1146 4248 1304 4303 τοῦτο
1345 4249 1657 4320 γινώσκων,
1696 4249 1824 4305 πολε

240 4333 340 4401 λὰς
379 4337 478 4407 μέν
525 4340 636 4401 τοῖς
677 4337 992 4391 συνελθοῦσι
1036 4342 1394 4410 παραινέσεις
1445 4343 1817 4412 προσήνεγκα,

1922 3243 2108 3298 ᾸΞειεε
2135 3242 2282 3297 enim
2309 3249 2429 3296 erat
2451 3253 2664 3296 summa
2688 3278 2702 3302 ,
2725 3245 2780 3294 et
2806 3236 3087 3292 radiorum
3108 3235 3327 3308 tlamma
3351 3233 3512 3288 velle-

1921 3335 2164 3391 mentius
2182 3333 2431 3399 ardebat,
2465 3331 2758 3388 silentibus
2780 3329 2957 3384 ventis
2973 3339 3028 3384 et.
3045 3342 3170 3382 aere
3189 3323 3508 3395 tranquillo.

1924 3428 2147 3483 Morbus
2181 3435 2363 3481 autem
2393 3432 2512 3480 erat
2555 3421 2920 3478 redundantia
2955 3420 3085 3474 bilis
3107 3457 3122 3481 ,
3155 3433 3276 3487 qua:
3306 3416 3376 3470 ad
3403 3417 3510 3469 ima

1923 3521 2153 3577 tendens
2170 3517 2454 3574 mordebat
2471 3525 2526 3570 et
2545 3513 2940 3584 comprimebat
2958 3507 3307 3572 intestinum,
3331 3507 3508 3562 foras-

1922 3633 2029 3689 que
2047 3627 2339 3684 crumpere
2358 3604 2832 3665 conabatur.Tum
2856 3619 3109 3674 magnam
3122 3601 3224 3656 viri
3244 3608 3476 3656 constan
3489 3627 3509 3640 -

1921 3713 2054 3766 tiam
2088 3705 2367 3779 perspexi.
2397 3702 2533 3757 Nam
2571 3717 2696 3756 cum
2731 3715 2798 3755 ex
2831 3695 3089 3768 piurimis
3132 3692 3271 3746 vicis
3300 3689 3510 3746 conﬂu—

1921 3805 2170 3867 xissent,
2203 3798 2296 3870 qui
2336 3795 2591 3852 victoriis
2623 3792 2808 3849 nobile
2839 3802 3044 3859 corpus
3086 3793 3380 3855 raperent,
3423 3798 3508 3836 se-

1923 3892 2260 3948 debat~duas
2298 3891 2353 3944 in
2391 3899 2576 3958 partes
2608 3886 2934 3942 distractus.
2968 3880 3176 3935 Natura
3214 3879 3360 3934 enim
3398 3879 3506 3930 vim

1923 3983 2214 4044 aﬂerebat,
2249 3988 2308 4033 ut
2343 3978 2410 4032 ad
2445 3977 2852 4032 excernendum
2889 3972 3110 4031 exiret:
3151 3965 3508 4023 ci'rctmil‘usa:

1924 4083 2107 4128 autem
2144 4069 2516 4125 multitudinis
2547 4065 2859 4120 reverentia
2891 4062 3084 4116 eodem
3119 4063 3173 4114 in
3207 4066 3355 4115 statu
3391 4072 3509 4110 ma-

1923 4180 2056 4221 nere
2087 4163 2338 4234 cegebat.
2387 4157 2545 4225 Quod
2587 4171 2689 4226 ego
2729 4152 3211 4215 animadvertens,
3262 4165 3386 4204 cum
3439 4149 3508 4203 iis

1923 4255 2020 4329 qui
2047 4271 2114 4311 eo
2147 4258 2522 4310 convenerant
2553 4246 2749 4302 multis
2782 4242 3171 4308 suasionibus,
3209 4241 3508 4310 multisque
3551 4265 3558 4272 -

1923 4347 2093 4403 minis
2122 4345 2246 4417 egi,
2277 4342 2432 4397 abire
2465 4340 2589 4394 illos
2613 4338 2820 4408 jubens
2846 4354 2859 4390 :
2897 4343 3089 4405 postea
3125 4335 3292 4390 etiam
3323 4347 3504 4388 sacer-

242 4430 444 4494 mm;
482 4431 536 4484 δέ
569 4433 661 4484 καὶ
699 4431 964 4498 ἀπειλὰς,
1003 4433 1224 4486 ἀπιέναι
1259 4435 1515 4491 κελεύων.
1552 4436 1818 4506 ’Ὕστερον

1924 4440 2054 4495 dotii
2075 4435 2308 4494 vinculis
2322 4449 2418 4490 eos
2435 4429 2690 4492 astrinxi.
2717 4437 2773 4485 et
2792 4443 2898 4492 non
2919 4427 3039 4482 sine
3057 4428 3297 4481 maximo
3315 4424 3505 4478 labore

237 4521 296 4574 δὲ
327 4523 419 4575 καὶ
448 4522 515 4574 τά
552 4525 650 4593 τῆς
688 4521 987 4594 ἱερωσύνης
1018 4524 1203 4588 αὐτοῖς
1233 4525 1406 4595 δεσμά
1445 4527 1816 4597 περιτέθεικα,

238 4617 334 4668 καὶ
366 4615 462 4668 σὺν
505 4615 650 4686 πόνῳ
702 4614 884 4686 πολλῷ
933 4615 1115 4686 δείλης
1164 4616 1325 4687 όψὲας
1380 4618 1816 4689 ἀπεπεμψάμην.

250 4707 308 4760 Ὀ
334 4707 390 4761 δὲ
425 4705 568 4770 θεῖος
609 4709 770 4778 ἀνὴρ,
809 4708 927 4762 οὐδὲ
958 4709 1163 4762 τούτων
1208 4711 1573 4777 ἀπελθόντων,
1607 4711 1814 4782 ἡττήθη

237 4802 337 4869 τῆς
378 4800 631 4869 φύσεως·
675 4801 792 4855 ἀλλ’
833 4799 1015 4872 ἔμεινε
1056 4803 1380 4874 καρτερῶν,
1427 4803 1531 4866 ἓως
1571 4804 1666 4870 νὺξ
1700 4805 1818 4856 ἐπι-

236 4893 500 4963 γενομένη
555 4893 747 4964 βαθεῖα
779 4896 990 4959 πάντας
1027 4895 1282 4948 ἀπελθεῖν
1331 4895 1512 4950 οἴκαδε
1548 4897 1816 4966 κατηνάγ·

236 5000 395 5040 κασε.
427 4986 596 5040 Πάλιν
619 4987 676 5040 δὲ
708 4990 773 5058 τῇ
809 4987 1076 5058 ὑστεραία
1102 4987 1234 5058 πρὸς
1269 4989 1430 5042 αὑτὸν
1461 4989 1814 5058 ἀφικόμενος,

201 5076 313 5140 ’ῶς
373 5073 514 5130 εἶδον
574 5079 819 5150 φλογμὸν
871 5080 1230 5151 σφοδρότερον
1278 5081 1676 5151 γεγενημένον,
1724 5082 1818 5134 καὶ

235 5169 329 5221 τὸν
358 5170 704 5240 ἐπικείμενον
733 5173 883 5242 αὐτῷ
922 5172 1158 5244 πυρετὸν
1191 5172 1268 5242 τῷ
1292 5173 1492 5236 ἔξωθεν
1527 5175 1660 5242 πυρὶ
1693 5190 1817 5243 τρε-

235 5261 474 5330 φάμενόν
516 5279 576 5314 τε
622 5253 717 5316 καὶ
748 5264 1151 5335 αὐξανόμενον,
1197 5263 1568 5333 κεφαλαλγξαν
1606 5263 1816 5333 σκηψά-

235 5371 399 5425 μενος
431 5354 804 5427 δυσχεραίνειν
862 5356 1048 5426 ἔλεγον
1099 5361 1198 5428 τῆς
1245 5359 1458 5410 ἀκτῖνος
1503 5357 1603 5428 τήν
1649 5336 1817 5427 προσ-

231 5447 419 5520 ϐολήν,
452 5450 548 5504 καὶ
571 5451 914 5520 παρεκάλουν
939 5451 1198 5522 βραχεῖάν
1231 5452 1319 5522 μοί
1351 5469 1473 5505 τινα
1504 5453 1631 5521 παρ’
1659 5449 1806 5519 αὐτῇ

309 5639 336 5681 Ρ
377 5628 564 5684 llCor.
603 5648 656 5694 κ,
689 5630 718 5682 3
764 5647 879 5700 seq.

1920 4547 2149 4602 vespere
2177 4529 2398 4584 tandem
2438 4522 2752 4579 amandavi.
2792 4520 2889 4576 llle
2916 4527 3106 4574 autem
3137 4520 3222 4572 vir
3247 4517 3500 4578 divinus.

1883 4635 1886 4637 λ
1920 4640 2024 4680 nec
2071 4631 2199 4694 post
2251 4622 2447 4684 horum
2495 4618 2806 4672 discessum
2858 4615 3041 4668 victus
3074 4620 3160 4668 est.
3189 4628 3218 4665 a
3252 4621 3451 4665 natura
3483 4627 3498 4664 :

1920 4717 2016 4772 sed
2048 4714 2308 4787 perstitit-
2330 4713 2607 4772 tolerans,
2644 4709 2824 4762 donec
2868 4705 3142 4774 profunda
3189 4721 3298 4760 nox
3334 4703 3501 4758 adve-

1918 4811 2076 4866 niens
2107 4805 2546 4877 domum-redire
2576 4818 2770 4857 omnes
2800 4800 3002 4870 coegit.
3048 4797 3326 4853 Postridie
3374 4811 3502 4851 vero

1923 4901 1992 4957 ad
2022 4916 2146 4956 eum
2177 4913 2465 4960 reversus,
2499 4905 2558 4949 ut
2587 4906 2786 4950 aestum
2822 4891 3128 4946 invaluisse
3159 4888 3270 4943 vidi
3293 4927 3308 4952 ,
3339 4894 3393 4941 et
3427 4885 3503 4942 fe-

1923 4995 2076 5050 brem
2121 5007 2228 5062 qua
2262 4991 2566 5045 rexabatur
2596 4996 2829 5042 externo
2878 4984 3010 5054 igne’
3037 4982 3111 5037 ali
3162 4989 3216 5036 et
3272 4978 3500 5049 augeri,

1924 5087 2173 5143 dolorem
2205 5083 2407 5154 capitis
2440 5091 2784 5151 praetexens,
2833 5076 2947 5130 dixi
2999 5083 3086 5130 me
3135 5073 3270 5129 solis
3317 5071 3502 5126 radios

1926 5177 2069 5232 l'erre
2099 5191 2210 5230 non
2241 5189 2404 5244 posse
2425 5213 2439 5237 ,
2473 5182 2527 5226 et
2557 5168 2780 5242 rogavi,
2817 5177 2876 5222 ut
2908 5166 3039 5221 mibi
3085 5164 3354 5220 modicam
3400 5162 3504 5216 ali-

1921 5285 2088 5340 quam
2122 5269 2374 5322 umbram
2410 5263 2556 5334 apud
2587 5277 2646 5316 se
2695 5265 3042 5331 procuraret.
3091 5255 3250 5323 Quod
3304 5255 3395 5310 ille
3443 5262 3503 5308 ut

1914 5361 2120 5431 jussit,
2147 5359 2327 5414 tribus
2355 5353 2726 5410 arundinibus
2755 5349 2957 5406 deﬁxis
2978 5390 2994 5416 ,
3024 5347 3357 5417 duabusque
3383 5345 3505 5416 pel-

1918 5456 2064 5509 libus
2119 5449 2396 5522 impositis
2427 5489 2440 5514 ,
2499 5447 2752 5502 ninbram
2805 5442 3232 5500 adinvenimus:
3274 5447 3331 5496 et
3371 5452 3501 5496 cum
