3898 6196
375 194 514 260 1435
637 153 644 160 ’
1350 196 1836 258 'l'HEODORETI
1867 198 2208 260 EPISCOPI
2243 202 2606 263 CYRENSIS
3495 197 3627 263 14.36
3693 169 3700 174 ’

374 306 606 363 introire
637 320 726 362 me
750 305 1011 376 juberet:
1043 326 1061 360 ι
1090 307 1272 380 Turpe
1310 313 1328 334 '
1362 317 1470 376 est,
1507 311 1654 376 dixi,
1708 326 1741 364 ο
1767 320 1913 380 pater

2090 316 2332 383 χεδιάσαι
2366 319 2526 371 σκιάν
2547 333 2560 348 ⁸
2606 316 2703 370 καὶ
2753 315 2940 386 ἐπειδὴ
2971 313 3306 386 προσέταξε,
3347 313 3629 383 καλάμους

374 415 461 453 me
499 398 595 468 qui
631 406 685 453 et
717 397 937 467 juvenis
976 415 1097 455 sum
1121 441 1136 465 ,
1177 408 1231 456 et
1272 400 1481 457 viribus
1523 401 1791 472 integris,
1850 403 1913 459 ho

2092 409 2202 476 ρεϊς
2228 408 2519 478 πήξαντες,
2554 408 2648 462 καὶ
2677 397 2770 460 δύο
2790 405 3002 468 τούτοις
3029 404 3349 475 περιθέντες
3380 405 3630 476 σισύρας,

377 491 485 545 frui
534 491 773 546 solatio:
824 499 876 546 te
914 507 1047 547 vero
1076 503 1130 547 et
1165 494 1318 564 gravi
1365 494 1523 550 febre
1570 494 1913 552 laborantem

2096 499 2431 570 τοφισάμεθα
2482 501 2582 569 τὴν
2635 499 2796 552 σκιάν
2828 516 2840 530 ·
2894 497 3208 560 κελεύοντος
3248 495 3304 550 δέ
3359 513 3448 566 μοι
3499 496 3635 549 εἴσω

376 591 430 636 et
477 582 571 635 tali
618 590 870 651 egentem
921 571 1158 648 solatio,
1206 584 1343 640 foris
1386 585 1579 642 sedere
1628 588 1915 642 ardentibu

2101 595 2194 646 ivat
2229 611 2241 625 ο
2275 613 2291 665 ι
2329 595 2584 664 Αἰσχρὸν,
2617 587 2784 663 ἔφην,
2806 585 2852 645 ὦ
2885 591 3079 661 πάτερ,
3108 590 3210 660 ὲ-μὲ
3241 589 3360 660 μὲν,
3389 589 3483 642 καὶ
3513 589 3640 641 νέον

379 675 516 731 solis
546 676 1086 745 radiisexpositum.
1127 678 1344 748 1238
1373 677 1557 744 Quare
1606 680 1651 734 si
1702 695 1816 746 me,
1869 681 1918 735 in

2100 703 2205 751 na,
2237 687 2330 740 καὶ
2357 686 2688 760 ἐρρωμένον,
2721 684 2880 754 τῆσδε
2911 685 3010 753 τῆς
3033 681 3386 752 ψυχαγωγίας
3414 681 3604 748 τυχεῖν
3623 695 3639 711 ο

381 782 576 836 quam,
610 766 695 821 vis
746 767 942 839 umbra
987 767 1130 835 frui,
1165 781 1321 825 utere
1357 785 1586 829 .mecum
1621 770 1725 825 huc
1759 772 1918 840 exigu

2106 787 2117 828 ι
2151 777 2208 830 δὲ
2239 777 2456 848 πυρετῷ
2493 775 2860 846 κατεχόμενον
2892 772 3100 844 λαύρῳ,
3135 772 3231 825 καὶ
3252 773 3350 841 τῆς
3378 770 3645 840 τοιαύτης

381 860 758 915 tabernaculo.
787 859 991 914 Tecum
1025 861 1170 915 enim
1204 877 1427 917 manere
1459 863 1688 932 cupiens
1718 863 1787 919 ab
1819 872 1916 918 aest

2170 870 2388 941 αψυχῆς
2431 870 2712 941 δεόμενον,
2772 867 2876 935 ἔξω
2919 866 3191 938 καθῆσθαι
3222 865 3512 935 δεχόμενον
3541 867 3647 932 τῆς
3707 885 3709 888 ⁴

381 950 700 1020 prohibeor.
736 969 754 1002 ι
785 949 965 1004 Cessit
1002 951 1184 1019 itaque
1221 951 1308 1006 his
1342 946 1579 1019 auditis,
1613 955 1828 1022 meique
1860 968 1920 1006 cu

2108 961 2291 1031 λιακῆς
2330 961 2548 1024 ἀκτῖνος
2590 959 2690 1030 τὴν
2745 955 3072 1028 προσϐολήν.
3107 956 3188 1008 Ἐί
3226 955 3439 1016 τοίνυν,
3477 954 3647 1022 ἔφην,

383 1056 500 1094 ram
535 1042 807 1110 potiorem
835 1042 1014 1096 duxit.
1039 1042 1336 1112 Postquam
1367 1045 1469 1099 sub
1497 1043 1694 1098 umbra
1726 1052 1922 1098 recreat

2114 1049 2264 1111 ιέλεις
2297 1067 2362 1120 με
2389 1049 2488 1118 τῆς
2518 1051 2677 1112 σκιᾶς
2705 1046 3031 1109 ἀπολαῦσαι,
3062 1042 3221 1111 γενοῦ
3258 1061 3347 1112 μοι
3383 1045 3653 1103 κοινωνξς

388 1149 492 1189 una
515 1134 732 1188 'fuimus
757 1174 771 1195 .
816 1135 984 1188 alium
1031 1150 1230 1190 rursus
1260 1150 1571 1191 sermonem
1605 1151 1769 1190 orsus
1797 1149 1918 1189 sum

2118 1157 2158 1209 ις
2191 1139 2451 1211 βραχείας
2499 1135 2703 1209 ταύτῆς
2748 1137 2971 1208 σκηνῆς.
3023 1136 3358 1204 ΙῙροσμείναι
3399 1134 3510 1202 γάρ
3567 1151 3657 1184 σοι

385 1234 440 1282 et
473 1225 911 1282 decumbendum
951 1227 1083 1279 mihi
1121 1242 1245 1281 esse
1276 1227 1424 1291 dixi,
1457 1228 1600 1298 quod
1635 1227 1810 1282 femur
1839 1242 1924 1281 ses

2112 1231 2322 1301 ιύλομαι
2376 1231 2473 1300 μὲν
2501 1270 2516 1294 ,
2573 1229 2679 1283 ὑπὸ
2729 1230 2785 1282 δὲ
2835 1229 2931 1298 τῆς
2978 1228 3197 1289 ἀκτῖνος
3253 1224 3568 1292 κωλύομαι.
3633 1245 3651 1273 ι

385 1321 597 1374 sionem
632 1318 776 1373 ferre
809 1319 930 1373 sine
963 1318 1152 1373 dolore
1193 1302 1299 1373 non
1336 1327 1543 1390 posset.
1584 1319 1834 1389 Cumque
1869 1334 1924 1372 ro

2129 1323 2186 1389 ξε
2234 1313 2414 1381 τοίνυν
2447 1322 2654 1375 τούτων
2703 1319 2942 1381 ἀκούσας
2991 1317 3100 1370 τῶν
3151 1306 3354 1384 λόγων,
3407 1316 3504 1378 καὶ
3554 1315 3663 1396 τὴν

385 1419 538 1479 garet
599 1411 796 1465 iterum
853 1421 915 1465 ut
973 1410 1400 1476 decumberem,
1457 1414 1657 1467 iterum
1720 1411 1924 1466 audivit

2126 1416 2206 1486 L’qv
2231 1414 2528 1486 Θεραπείαν
2557 1412 2854 1484 προείλετο.
2895 1411 3049 1464 Ἐπεὶ
3079 1409 3132 1462 δὲ
3165 1411 3316 1478 κοινῇ
3349 1409 3449 1477 τῆς
3483 1408 3665 1469 σκιᾶς

387 1502 533 1557 haud
587 1502 929 1558 tolerandum
979 1505 1112 1558 mihi
1161 1519 1316 1567 esse,
1370 1512 1428 1558 ut
1477 1504 1757 1559 sedentem
1809 1504 1926 1558 illur

2124 1505 2441 1576 τηλαύομεν,
2466 1505 2722 1576 ἠρξάμην
2751 1503 2912 1562 πάλιν
2943 1501 3131 1570 ἑτέρου
3164 1501 3345 1568 λόγου,
3379 1503 3472 1552 καὶ
3515 1499 3663 1570 ἔφην

387 1578 575 1650 \idens
600 1597 715 1666 ipse
741 1596 1156 1652 decumberem;
1175 1616 1191 1647 ι
1218 1577 1455 1651 Proinde
1485 1599 1530 1652 si
1563 1612 1680 1659 me,
1708 1595 1924 1650 aiebam

2124 1617 2149 1652 ι
2181 1597 2262 1651 δεῖ
2294 1615 2384 1668 μοι
2431 1595 2839 1657 κατακλίσεως,
2891 1592 2984 1646 τοῦ
3041 1592 3211 1660 ἰσχίου
3242 1592 3338 1661 τὴν
3370 1591 3663 1659 καθέδραν

388 1684 490 1737 hac
512 1683 697 1751 quiete
725 1683 810 1737 vis
843 1684 983 1747 frui,
1016 1698 1124 1737 una
1148 1685 1574 1747 decumbamus,
1602 1693 1780 1754 pater,
1805 1697 1927 1754 atqu

2124 1661 2306 1753 .ύπως’
2345 1689 2420 1760 μὴ
2471 1689 2750 1758 φέροντος.
2792 1685 2956 1738 Ἀλλά
3001 1684 3166 1736 πάλιν
3219 1683 3366 1752 ἠξίου
3423 1683 3533 1752 μέν
3595 1700 3663 1750 με

390 1775 464 1828 ita
513 1775 666 1829 solus
691 1775 888 1845 jacens
921 1790 1032 1830 non
1062 1775 1411 1831 erubescam.
1446 1796 1464 1828 ι
1495 1775 1592 1832 llis
1636 1789 1736 1846 ego
1779 1776 1929 1831 verbi

2125 1780 2493 1836 ιτακλίνεσθαι·
2517 1823 2530 1845 ,
2565 1778 2830 1850 ἀντήκουε
2878 1776 2934 1829 δὲ
2956 1817 2970 1840 ,
3028 1774 3103 1838 ὼς
3131 1775 3208 1835 ,ού
3237 1775 3475 1844 φορητὸν
3533 1776 3664 1843 ἐμοὶ

387 1881 511 1920 cum
548 1867 672 1935 ejus
707 1868 1074 1920 constantiam
1103 1868 1439 1930 ,delusissem
1464 1909 1478 1933 ,
1517 1868 1620 1924 feci
1659 1877 1718 1923 ut
1751 1871 1926 1924 cuban

2122 1875 2376 1945 ιθήμενον
2401 1871 2560 1926 αὐτὸν
2589 1869 2786 1942 ὁρῶντι
2817 1866 3259 1940 προτκλίνεσθαι.
3295 1887 3312 1916 ι
3347 1866 3411 1918 El
3440 1866 3661 1926 τοίνυν,

388 1957 523 2010 ιῑιιιη
553 1958 752 2011 solatio
779 1956 1074 2011 frueretur.
1106 1957 1268 2012 llumi
1293 1975 1428 2014 vero
1448 1959 1724 2029 jacentem
1748 1959 1927 2015 blandi

2126 1979 2230 2033 ›ην,
2262 1961 2465 2026 ἐθέλεις
2506 1978 2574 2032 με
2609 1959 2702 2014 καὶ
2729 1959 2934 2029 ταύτης
2974 1958 3339 2013 ὲναπολαῦσαι
3372 1958 3478 2027 τῆς
3524 1960 3665 2010 ἀνα-

388 2048 736 2103 sermonibus
757 2046 952 2123 affatus
975 2064 1119 2114 sum,
1136 2058 1193 2103 ut
1215 2051 1462 2105 animum
1485 2051 1606 2120 ejus
1628 2051 1693 2106 ad
1721 2052 1927 2107 laetitia:

2127 2053 2284 2124 ιύλης
2308 2093 2323 2118 ,
2374 2054 2526 2124 κοινῇ
2583 2051 3000 2124 προσκλιθῶμεν
3027 2091 3041 2115 ,
3077 2045 3122 2105 ὦ
3155 2053 3328 2121 πάτερ
3354 2069 3369 2082 ·
3425 2051 3492 2103 οὗ
3553 2050 3666 2120 γάρ

388 2155 705 2194 evocarem.
727 2140 886 2195 Manu
909 2157 1036 2197 vero
1057 2143 1162 2197 sub
1181 2150 1388 2198 vestem
1413 2143 1682 2207 immissa,
1705 2158 1828 2197 cum
1845 2143 1927 2212 eju

2135 2144 2379 2218 υθριάσω
2406 2145 2566 2216 μόνος
2598 2143 3076 2214 κατακλινόμενος.
3114 2163 3132 2196 ι
3151 2142 3438 2204 Τοιούτοις
3469 2141 3669 2207 λόγοις

388 2233 612 2286 dorsum
642 2233 841 2288 leniter
861 2233 1133 2289 defricare
1167 2236 1360 2290 vellem
1386 2275 1400 2298 ,
1437 2243 1571 2290 tunc
1603 2236 1732 2290 ferri
1758 2237 1927 2306 grand

2125 2235 2235 2288 31:06
2287 2235 2386 2305 τὴν
2442 2233 2738 2305 καρτερίαν
2789 2234 3331 2304 κατασοφισάμενος,
3387 2232 3494 2302 τὴν
3551 2234 3664 2286 άπδ

390 2320 605 2388 pondus
627 2321 760 2385 vidi,
783 2323 930 2390 quod
957 2323 1176 2378 lumbos
1199 2325 1515 2394 collumque
1530 2326 1808 2380 vinciebat
1836 2317 1848 2381 ἐ
1877 2341 1929 2380 ca

2129 2345 2165 2398 ις
2193 2327 2534 2392 ἀνακλίσεως
2587 2327 2734 2398 αὐτῷ
2783 2325 3111 2399 παραψυχὴν
3169 2327 3536 2398 εἰσενήνοχας
3575 2325 3668 2378 ἐπὶ

389 2421 638 2481 tuumque
666 2412 784 2467 alia:
815 2427 844 2466 a
873 2414 1082 2468 circulo
1106 2415 1197 2480 qui
1228 2416 1376 2470 circa
1405 2416 1612 2471 collum
1639 2425 1794 2481 erat,
1823 2418 1928 2472 bin:

2151 2404 2246 2474 τού
2296 2420 2525 2489 ἐδάφους
2567 2419 2886 2493 ἐρριμμένῳ
2929 2418 3266 2489 προσέφερον
3304 2419 3509 2486 λόγους
3565 2437 3668 2488 χα-

390 2511 548 2569 aute,
582 2504 724 2558 bime
758 2519 928 2574 pone,
961 2505 1027 2559 ad
1062 2506 1382 2561 inferiorem
1427 2509 1698 2562 circulum
1748 2509 1929 2579 obliqu

2130 2527 2319 2573 εντας,
2377 2512 2468 2564 ἐπὶ
2522 2509 2583 2563 τὸ
2629 2507 3043 2579 θυμηρέστερον
3077 2507 3174 2579 τὴν
3202 2507 3381 2577 ψυχὴν
3418 2508 3669 2578 μεταφέο

389 2595 822 2662 ιΙηεοθηᾱοηιοε,
857 2605 913 2652 et
945 2597 990 2650 X
1033 2598 1230 2653 littera:
1282 2600 1511 2667 figuram
1565 2609 1691 2654 ante
1724 2616 1786 2654 ac
1817 2608 1928 2655 retr

2128 2619 2201 2655 ον.
2232 2601 2380 2654 Εῐσω
2415 2601 2473 2655 δὲ
2521 2593 2615 2654 τοῦ
2667 2600 2882 2671 ἱματίου
2914 2600 3014 2670 τὴν
3041 2602 3205 2670 χεῖρα
3243 2600 3417 2669 βαλὼν
3440 2640 3456 2660 ,
3511 2601 3667 2652 Emt-

389 2689 781 2756 exprimentes,
809 2689 949 2744 duos
985 2690 1132 2744 inter
1158 2707 1218 2745 se
1250 2691 1491 2745 circulos
1522 2693 1926 2746 connectchant

2118 2693 2264 2762 ιῦμην
2290 2692 2524 2764 μετρίως
2545 2693 2860 2762 ἀποτρίϐειν
2881 2691 2950 2745 τὰ
2968 2691 3133 2755 νῶτα,
3160 2691 3280 2743 τότε
3301 2691 3398 2744 τοῦ
3417 2693 3657 2762 σιδήρου

390 2790 444 2835 et
478 2795 676 2836 manus
731 2797 952 2850 quoque
1007 2781 1155 2835 circa
1188 2782 1408 2836 cubitus
1456 2784 1564 2837 alia
1615 2784 1765 2839 intus
1799 2784 1929 2839 habe

2128 2809 2132 2832 ι
2169 2784 2303 2836 πολὺ
2351 2785 2569 2855 φορτίον
2618 2783 2930 2853 ἐθεασάμην
2955 2821 2969 2848 ,
3004 2783 3031 2837 ὃ
3066 2785 3160 2836 καὶ
3189 2783 3289 2854 τὴν
3320 2783 3500 2849 enim
3539 2785 3667 2836 ὲδέο

391 2872 522 2927 bant
551 2873 768 2926 vincula
815 2872 1109 2942 ejusmodi.
1143 2874 1302 2928 Tanti
1355 2891 1488 2942 ergo
1532 2877 1790 2946 ponderis
1830 2893 1930 2931 onu

2129 2892 2239 2944 μει,
2284 2876 2378 2928 καὶ
2424 2875 2515 2928 τὸν
2565 2874 2789 2945 αὐχένα.
2821 2875 2933 2927 Καὶ
2961 2874 3146 2943 ἕτεραι
3186 2874 3243 2927 δὲ
3290 2872 3516 2936 ἁλύσεις
3549 2874 3668 2927 dub

393 2966 783 3034 conspicatus,
840 2966 1029 3035 rogavi
1087 2973 1146 3021 ut
1199 2969 1489 3037 aegrotanti
1537 2971 1758 3038 corpori
1809 2985 1932 3039 Oper

2129 2964 2165 3016 ιῦ
2196 2964 2324 3036 περὶ
2363 2964 2458 3017 τὸν
2504 2963 2706 3034 αὐχένα
2748 2962 2947 3016 κύκλου
2973 3003 2988 3026 ,
3034 2961 3126 3014 δύο
3178 2961 3278 3032 μὲν
3315 2957 3668 3030 ἔμπροσθεν,

395 3056 595 3121 ferret,
625 3059 769 3128 quod
800 3059 962 3114 simul
992 3058 1139 3114 ferre
1165 3074 1276 3115 non
1313 3068 1498 3130 posset
1529 3075 1694 3116 onera
1718 3061 1934 3116 volunta

2139 3074 2166 3109 ο
2195 3021 2540 3118 δὲ’δπισθεν,
2579 3021 2672 3120 ἐἰς
2711 3055 2802 3117 τὸν
2837 3021 2986 3108 κάτιο
3027 3021 3225 3107 κύκλον
3254 3021 3548 3121 ἐγκάρσιαι
3581 3050 3673 3104 δι-

394 3149 474 3202 ria
498 3187 513 3212 ,
545 3157 599 3203 et
623 3148 1006 3219 aegritudinem
1039 3167 1148 3205 non
1184 3153 1574 3207 voluntariam.
1607 3170 1626 3204 ι
1660 3151 1815 3208 Nunc
1847 3153 1933 3223 qui

2124 3166 2346 3212 κουσαι,
2387 3148 2484 3202 καὶ
2525 3148 2622 3202 τοῦ
2663 3149 2708 3202 Χ
2744 3147 3010 3218 στοιχείου
3056 3144 3119 3199 τὸ
3158 3135 3663 3215 σχῆμίποιοῦσαι,

395 3237 542 3304 dem,
591 3239 824 3305 aiebam,
870 3247 1045 3310 pater,
1084 3240 1213 3296 ferri
1259 3241 1434 3297 ollicio
1477 3242 1721 3313 fungitur
1763 3243 1929 3300 febris

2121 3240 2389 3313 mpooOév
2418 3258 2476 3294 τε
2507 3241 2604 3295 καὶ
2633 3239 2880 3304 ὄπισθεν,
2919 3240 3048 3302 τοὺς
3093 3237 3189 3291 δύο
3228 3237 3444 3297 κύκλους
3474 3233 3660 3305 ἀλλή-

399 3346 522 3398 quze
573 3333 662 3386 ubi
714 3334 977 3400 cessarit,
1029 3343 1145 3389 tum
1176 3335 1402 3405 corpori
1432 3336 1616 3391 denuo
1660 3336 1788 3392 ferri
1833 3352 1938 3391 onu

2130 3351 2188 3397 ›ις
2222 3333 2502 3387 συνέδεον·
2543 3334 2635 3387 καὶ
2679 3333 2900 3404 ἑτέρους
2942 3332 2998 3385 δὲ
3027 3332 3082 3384 αί
3114 3333 3294 3401 χεῖρες
3330 3328 3470 3391 ξνδον
3513 3327 3669 3398 περὶ

401 3423 621 3494 1239
643 3424 1044 3494 imponemus.»
1063 3417 1241 3484 CeSsit
1261 3429 1362 3482 hac
1393 3428 1642 3483 etiamin
1668 3438 1818 3499 parte
1835 3430 1940 3483 mul

2132 3427 2202 3488 ὣς
2232 3423 2489 3493 ἀγκῶνας
2533 3419 2679 3493 εἶχον
2716 3421 2992 3484 τοιούτους
3023 3419 3280 3490 δεσμούς.
3310 3419 3382 3471 To
3409 3417 3640 3471 πολυτά
3665 3447 3671 3452 -

395 3515 470 3570 tis
499 3516 822 3583 huiusmodi
860 3520 1204 3576 carminibus
1225 3521 1511 3577 delinitus.
1557 3522 1662 3576 Sed
1694 3531 1825 3578 tunc
1853 3526 1934 3592 qui

2132 3535 2267 3572 ιντον
2297 3513 2390 3572 οὖν
2419 3507 2578 3570 τοῦτο
2614 3515 2950 3585 θεασάμενος
2988 3513 3228 3583 φορτίον,
3263 3511 3501 3564 ἱκέτευον
3543 3513 3671 3563 ἐπι-

396 3607 518 3661 dem
549 3625 673 3663 cum
698 3612 888 3679 paucis
911 3611 1104 3667 diebus
1124 3620 1470 3682 aegrotasset,
1495 3612 1658 3667 facile
1677 3615 1927 3669 convalui

2130 3607 2347 3678 ›υρῆσαι
2376 3605 2455 3677 τῷ
2488 3604 2701 3677 σώματι
2745 3605 3053 3674 κάμνοντι,
3101 3604 3195 3656 καὶ
3239 3603 3428 3672 φέρειν
3467 3603 3530 3654 οὐ
3565 3605 3669 3656 δυ-

395 3696 593 3753 Postea
627 3713 756 3753 vero
784 3701 1089 3769 graviorem
1125 3703 1180 3755 in
1218 3702 1472 3756 morbum
1517 3701 1728 3757 incidit.
1753 3702 1818 3756 Et
1853 3719 1934 3759 CIII

2136 3696 2298 3767 ιμένῳ
2336 3696 2479 3751 κατὰ
2508 3697 2728 3758 ταύτὸν,
2759 3697 2854 3750 καὶ
2881 3695 2948 3748 τὰ
2987 3693 3271 3748 ὲθελούσια
3316 3693 3538 3763 φορτία,
3572 3695 3675 3748 καὶ

397 3793 554 3845 multi
573 3792 1233 3861 undiquecouvenissent,
1251 3802 1310 3848 ut
1325 3794 1444 3863 ejus
1461 3809 1664 3864 corpus
1676 3812 1742 3850 au
1753 3795 1928 3852 ferren

2132 3806 2177 3860 3v
2228 3788 2485 3842 ἀκούσιον
2536 3787 2872 3859 ἀρρωστίαν.
2923 3804 2941 3838 ι
2983 3786 3120 3840 NOV“
3151 3787 3250 3856 μὲν
3297 3785 3439 3854 γὰρ,
3494 3785 3671 3854 ἔφην,

398 3883 500 3938 hoc
526 3883 715 3937 au‘dito
747 3892 1109 3939 accurrerunt
1139 3886 1288 3941 cives
1325 3885 1592 3950 universi,
1612 3894 1725 3942 tum
1753 3887 1937 3943 milites

2152 3881 2360 3952 πάτερ,
2402 3882 2430 3934 ὸ
2472 3879 2703 3952 πυρετὸς
2748 3878 2816 3931 τὰ
2864 3876 2959 3931 τοῦ
2991 3877 3212 3948 σιδήρου
3261 3879 3419 3930 ποεῖ·
3451 3879 3592 3930 ὅταν
3617 3878 3677 3930 δὲ

397 3980 512 4027 tum
540 3973 758 4042 privati.
795 3974 890 4028 alii
919 3974 1133 4030 bellicis
1165 3977 1335 4031 armis
1363 3976 1643 4042 instructi,
1681 3977 1772 4031 alii
1809 3979 1936 4031 arm?

2147 3987 2240 4034 τος
2267 3969 2514 4041 λωφήσῃ,
2537 3967 2839 4039 τηνικαῦτα
2869 3966 2948 4036 τῷ
2984 3965 3194 4032 σώματι
3217 3966 3308 4018 τὸν
3337 3967 3404 4018 ὲκ
3439 3965 3568 4034 σιδῆ
3581 3985 3681 4036 pou

399 4072 620 4121 utentes
652 4065 994 4134 quibuslibet
1025 4084 1041 4121 :
1072 4067 1302 4138 acieque
1331 4067 1604 4138 disposita
1641 4068 1938 4139 pugnabant

2146 4061 2244 4115 ὶλιν
2281 4059 2614 4130 ἐπιθήσομεν
2648 4059 2864 4129 φόρτον.
2900 4075 2918 4108 ι
2954 4056 3081 4122 Εἷξε
3106 4057 3199 4109 καὶ
3228 4057 3310 4118 εἰς
3338 4055 3502 4107 τοῦτο
3541 4059 3685 4108 πολ-

397 4165 452 4212 et
477 4158 583 4211 tela
635 4143 1022 4226 conjiciehant,
1077 4174 1187 4214 non
1230 4167 1291 4214 ut
1327 4168 1700 4230 percutereut,
1739 4159 1832 4216 sed
1881 4168 1933 4213 ut

2146 4155 2201 4214 ,ῖς
2237 4149 2514 4212 τοιαύταις
2555 4147 2944 4217 καταθελχθεὶς
3004 4144 3258 4216 ἐπῳδαῖς.
3326 4144 3495 4196 Ἀλλὰ
3556 4145 3685 4196 τότε

393 4255 686 4302 terrerent.
707 4247 999 4318 Pulsisque
1025 4249 1124 4304 hoc
1157 4250 1318 4305 modo
1346 4250 1781 4314 circumvlcinis,
1810 4249 1932 4303 νὶριι

2148 4260 2186 4296 ιν
2237 4243 2424 4310 ὀλίγας
2479 4241 2838 4313 ἀρρωστήσας
2876 4237 3091 4310 ἡμέρας
3120 4279 3133 4302 ,
3173 4235 3368 4307 ῥᾳδίως
3405 4236 3687 4306 ὲρῥάῖσε.

397 4354 511 4394 rem
545 4341 805 4396 athletam
843 4341 988 4396 lecto
1031 4341 1397 4412 imponentes,
1454 4341 1589 4396 nihil
1635 4356 1824 4399 eorum
1856 4357 1936 4410 qu:

2148 4326 2276 4406 οόνῳ
2335 4334 2389 4387 δὲ
2446 4331 2673 4402 ὕστερον
2733 4329 3086 4401 χαλεπωτέρα
3147 4327 3436 4408 περιέττῖσε
3506 4328 3687 4396 νόσῳ.

400 4431 604 4487 fiebant
644 4433 999 4496 sentientem,
1033 4442 1092 4487 ut
1122 4435 1218 4503 qui
1251 4449 1353 4489 nec
1389 4440 1524 4488 tunc
1547 4441 1821 4496 senserat,
1851 4448 1939 4487 cur

2152 4427 2302 4482 ιλλῶν
2351 4427 2408 4480 δὲ
2455 4425 2792 4496 πολλαχόθεν.
2838 4422 3299 4492 συνεληλυθότων,
3353 4419 3432 4482 ὡς
3480 4421 3691 4488 ἁρπα-

399 4537 429 4576 a
470 4524 696 4580 rusticis
745 4540 902 4580 coma
936 4526 1250 4588 velleretur,
1290 4527 1345 4580 in
1399 4525 1594 4581 urbem
1658 4533 1924 4581 venerunt

2154 4536 2304 4590 μενοι
2333 4518 2394 4572 τὸ
2427 4517 2610 4588 σῶμα,
2642 4515 2936 4586 πυθόμενοι
2968 4514 3019 4566 οἱ
3043 4513 3135 4567 τοῦ
3164 4514 3369 4573 ἄστεως
3397 4513 3691 4582 συνέδρα-

399 4626 597 4671 etcum
639 4617 703 4670 ad
721 4617 890 4673 aedem
925 4619 1301 4689 propheticam
1325 4620 1728 4689 pervenissent,
1759 4619 1815 4673 in
1856 4634 1938 4684 prt

2156 4632 2191 4666 ιν
2218 4612 2456 4674 ἅπαντες
2478 4651 2493 4674 ,
2545 4609 2639 4663 καὶ
2679 4607 3050 4678 στρατιῶται,
3080 4605 3172 4657 καὶ
3213 4602 3452 4664 ἰδιῶται,
3490 4605 3548 4655 οἱ
3585 4606 3695 4674 μὲν

401 4706 612 4777 piuquo
643 4707 774 4762 huic
820 4709 1156 4763 monasterio
1204 4709 1405 4764 lectum
1437 4709 1842 4780 deposuerunt.
1871 4708 1940 4764 Vc

2155 4726 2183 4760 ν
2231 4703 2537 4775 πολεμικὴν
2587 4700 2950 4762 ἀναλαϐόντες
2997 4697 3230 4768 σκευὴν,
3277 4696 3326 4748 οἱ
3365 4695 3423 4747 δὲ
3482 4696 3693 4760 ὅπλοις

401 4796 483 4850 ιιίι
513 4805 694 4852 autem
722 4798 949 4867 quidam
981 4796 1298 4853 Berrhmam
1337 4798 1437 4869 (ibi
1462 4799 1609 4853 enim
1638 4809 1768 4853 tunc
1800 4813 1940 4853 eram

2155 4803 2196 4864 ίς
2229 4796 2590 4869 προστυχούσι
2636 4793 2972 4866 χρησάμενοι
2999 4807 3011 4820 ο
3060 4791 3154 4844 καὶ
3199 4787 3694 4858 συσπειραθέντες

401 4903 526 4958 qua;
555 4897 707 4958 gesta
744 4889 961 4943 fuerant
997 4889 1340 4958 significans,
1377 4895 1431 4944 et
1484 4890 1678 4944 mortis
1727 4891 1940 4945 nuutim

2164 4893 2354 4962 άχυντο
2379 4929 2394 4951 ,
2428 4891 2521 4944 καὶ
2553 4889 2678 4959 βέλη
2715 4887 2966 4957 ἀφιέντες
2990 4928 3004 4946 ,
3067 4887 3163 4954 οὐχ
3216 4883 3292 4946 ὡς
3345 4882 3699 4952 πλήξαντες,

401 4980 661 5037 afferens.
716 4984 901 5048 Quare
931 4981 1221 5037 confestim
1266 4981 1507 5049 accurri,
1541 4990 1767 5052 totaque
1823 4993 1940 5036 noct

2162 4983 2204 5035 λ’
2236 4981 2312 5044 ὡς
2351 4979 2680 5049 φοϐήσοντες
2722 4973 2924 5047 μόνονέ
2967 4975 3063 5029 καὶ
3105 4973 3246 5026 οὕτω
3273 4974 3397 5035 τοὺς
3457 4975 3701 5044 περιοί-

403 5073 507 5128 iter
565 5073 776 5129 faciens
811 5067 1155 5128 ad'divinum
1219 5073 1500 5129 hominem
1560 5084 1683 5144 post
1728 5089 1942 5128 auroral

2162 5088 2213 5133 ac;
2239 5069 2614 5135 ἐξελάσαντες,
2632 5071 2699 5138 τῇ
2725 5067 2883 5139 κλίνῃ
2914 5066 3003 5119 τὸν
3034 5064 3330 5117 πένταθλον
3356 5064 3701 5132 ἀγωνιστὴν

402 5166 646 5234 perveni,
678 5166 768 5235 qui
812 5181 916 5220 nec
943 5165 1298 5234 loquebatur,
1328 5180 1430 5219 nec
1462 5164 1761 5219 astantium
1796 5179 1941 5234 queu

2166 5162 2400 5225 ιθέντες,
2440 5161 2551 5213 τῶν
2605 5160 2906 5230 γινομένων
2957 5156 3208 5226 οὐδαμῶς
3249 5153 3704 5225 αἰσθανόμεθα.

402 5273 565 5326 quam
597 5267 809 5328 poterat
838 5272 1155 5328 agnoscere.
1190 5259 1262 5315 Ut
1288 5274 1415 5314 vero
1443 5274 1567 5314 eum
1624 5257 1880 5322 salutavi,
1933 5277 1941 5308 ι

2168 5255 2208 5308 se
2264 5254 2373 5324 γὰρ
2425 5252 2528 5321 τῆς
2577 5252 2754 5325 κόμης
2809 5249 2976 5304 αὐτοῦ
3033 5247 3356 5318 τιλλομένης
3401 5247 3526 5299 ὑπὸ
3583 5248 3707 5300 τῶν

405 5350 638 5403 salutem
679 5352 726 5405 ei
761 5352 1021 5406 mandare
1057 5367 1315 5422 maguum
1349 5354 1608 5407 Acacium
1639 5350 1788 5412 dixi,
1849 5365 1944 5403 ocu

2170 5347 2360 5418 ροίκων
2391 5342 2682 5416 ὲπῄσθετο,
2715 5343 2806 5396 ἐπὶ
2828 5342 2927 5412 τὴν
2956 5342 3111 5396 πόλιν
3149 5340 3300 5392 ἵεσαν
3325 5356 3340 5369 '
3374 5339 3462 5401 et;
3502 5340 3564 5392 δὲ
3603 5341 3709 5394 τὴν

404 5436 488 5495 los
518 5441 701 5495 statim
736 5444 968 5513 aperuit.
1004 5445 1364 5514 quaesivitque
1410 5443 1686 5514 quomodo
1719 5443 1940 5498 valcren

2172 5437 2430 5510 οφητικδν
2459 5435 2782 5506 ἀφικόμενοι
2807 5433 2994 5504 σηκὸν,
3026 5435 3106 5494 εἰς
3127 5432 3188 5484 τὸ
3220 5430 3397 5500 τούτῳ
3441 5431 3711 5494 πελᾱζον

407 5537 462 5579 et
495 5529 719 5596 quando
776 5532 1046 5587 venissem
1099 5533 1482 5604 interrogavit,
1515 5540 1725 5588 et'cum
1769 5533 1832 5586 ad
1871 5533 1946 5584 sin

2167 5529 2508 5600 οντιστήοιον
2555 5526 2652 5598 τὴν
2709 5525 2896 5594 κλίνην
2950 5524 3234 5578 ἀπέθεντο.
3290 5515 3440 5574 Ἰῐκε
3501 5524 3562 5576 δέ
3613 5542 3706 5586 τις

411 5617 533 5683 gula
577 5621 1007 5687 respondissem,
1047 5625 1238 5679 oculos
1274 5624 1472 5678 iterum
1501 5624 1721 5680 clausit.
1756 5621 1950 5678 Tribus

2202 5622 2300 5694 τὴν
2343 5619 2630 5693 Βέρῤοιαν,
2661 5619 2777 5671 ἐκεῖ
2805 5619 2911 5690 γὰρ
2942 5618 3014 5670 ὼν
3055 5615 3369 5686 ἐτύγχανον,
3407 5615 3481 5668 τά
3519 5631 3709 5686 γετί-
