3898 6196
219 209 345 275 1437

1403 213 1812 276 RELIGIOSA
1883 214 2276 277 HISTORIA.

3348 193 3486 296 ωε

215 322 422 393 νημένα
457 316 741 392 σημαίνων
765 357 780 384 ,
823 320 918 374 καὶ
960 320 1060 391 τῆς
1109 321 1366 393 τελευτῆς
1414 324 1659 396 κομίζων
1687 323 1786 394 τὴν

1900 338 1998 394 ιυθ
2021 297 2472 395 elapsis‘diebus,
2511 326 2736 397 rogabat
2758 325 2984 382 ubinam
3007 334 3178 383 esset.
3205 327 3362 394 Quod
3389 329 3484 386 ubi

212 413 492 484 ἀγγελίαν.
543 411 835 486 Τοιγάρτοι
886 415 1198 486 παραυτίκα
1243 417 1506 490 δραμὼν,
1547 418 1642 472 καὶ
1691 417 1792 488 τὴν

1900 417 2170 487 cognovit,
2212 419 2497 488 aegerrime
2529 419 2680 488 tulit,
2725 420 3012 489 oravitque
3049 430 3106 474 ut
3141 420 3194 475 in
3236 427 3478 476 montem

214 509 386 563 νύκτα
441 510 623 562 πᾶσαν
684 509 765 571 είς
826 507 1140 579 ὁδοιπορίαν
1174 510 1607 579 καταναλώσας,
1655 529 1792 564 κατ-

1900 508 2298 578 quamprimum
2325 504 2640 565 referretur.
2663 509 2775 581 Ego
2791 527 2922 566 vero
2941 512 2993 565 in
3010 512 3265 566 omnibus
3284 512 3359 565 illi
3382 512 3483 566 ob-

215 600 404 653 ἐλαϐον
469 599 606 670 μετὰ
668 599 767 670 τὴν
813 599 890 652 ἕω
946 601 1040 654 τὸν
1086 601 1228 655 θεῖον
1277 603 1602 674 ἄνθρωπον,
1668 604 1793 658 οὔτε

216 691 604 760 φθεγγόμενον,
637 690 759 745 οὔτε
799 693 921 746 τι.νά
949 693 1056 746 τῶν
1087 695 1374 766 παρὸν’των
1403 697 1795 766 ἐπιγινώσκειν

216 785 546 854 δυνάμενονο
591 786 667 847 ὡς
714 785 771 838 δέ
824 802 888 853 γε
944 789 1276 856 προσεῖπον,
1341 788 1433 840 καὶ
1476 788 1568 840 τὸν
1621 790 1793 860 μέγαν

230 876 480 929 Ἀκάκιον
504 875 984 945 προσφθέγγεσθαι
1011 861 1172 930 αὑτὸν
1202 875 1358 948 ἔφην,
1388 879 1589 948 ἀνέῳξε
1618 896 1795 951 παρα-

217 968 404 1038 χρῆμα
437 968 564 1030 τοὺς
597 965 944 1037 ὀφθαλμοὺς,
990 968 1084 1020 καὶ
1122 968 1270 1031 ὅπως
1303 967 1412 1038 ἔχω
1455 952 1618 1040 ἤρετο
1639 1009 1653 1034 ,
1699 973 1796 1026 καὶ

217 1057 346 1110 πότε
371 1056 489 1127 εἴην
517 1054 795 1125 ἐληλυθὼς
825 1056 1157 1110 ἐπυνθάνετο
1179 1075 1191 1088 ο
1218 1059 1351 1128 ἐμοῦ
1374 1057 1432 1112 δὲ
1455 1055 1592 1130 πρὸς
1622 1059 1797 1115 ταῦτα

216 1147 682 1217 ἀποκριναμένου,
712 1147 873 1200 πάλιν
901 1148 1026 1209 τοὺς
1053 1147 1366 1218 ὀφθαλμοὺς
1392 1149 1583 1219 ἔμυσε.
1616 1149 1798 1220 Τριῶν

216 1240 273 1293 δὲ
305 1238 630 1292 διελθουσῶν
662 1239 885 1312 ἡμερῶν
908 1279 922 1301 ,
973 1239 1136 1308 ἧρετο
1187 1241 1310 1294 ὅποι
1362 1242 1449 1310 εἴη
1472 1257 1486 1271 ⁸
1526 1241 1713 1312 μαθὼν
1740 1243 1798 1295 δὲ

216 1329 340 1384 λίαν
377 1329 590 1399 ἤχθετο,
627 1331 720 1382 καὶ
770 1327 923 1398 ἠξίου
957 1329 1274 1398 παραυτίκα
1307 1333 1387 1395 είς
1419 1333 1478 1384 τὸ
1509 1332 1634 1402 ὄρος
1667 1333 1802 1386 ἀπο-

217 1423 567 1493 κομίζεσθαι.
605 1423 942 1493 Θεραπεύειν
976 1424 1033 1476 δὲ
1083 1424 1244 1477 αὐτὸν
1283 1424 1370 1478 διὰ
1421 1425 1638 1480 πάντων
1685 1427 1802 1479 ἐθέ-

216 1514 350 1579 λων,
383 1515 547 1578 εὐθὺς
578 1513 675 1585 τὴν
707 1515 897 1584 κλίνην
935 1517 1308 1587 παρηγγύησα
1339 1515 1561 1587 φέρειν,
1597 1517 1692 1571 καὶ
1720 1520 1803 1581 είς

215 1606 280 1659 τὸ
315 1606 646 1676 ποθούμενον
697 1608 896 1678 χωρίον
945 1609 1325 1678 ἀποκομίζειν.
1386 1609 1518 1663 Τότε
1563 1609 1660 1680 τῆς
1709 1626 1800 1662 σε·

1894 600 2048 670 sequi
2085 602 2338 670 cupiens,
2367 601 2566 656 lectum
2613 617 2738 656 mox
2780 604 2919 669 tolli,
2970 613 3024 659 et
3053 619 3213 674 quem
3261 605 3486 673 Optabat

1894 689 1950 743 in
1985 689 2162 744 locum
2191 689 2392 744 deferri
2428 688 2591 760 jusSi.
2627 690 2764 745 Tum
2795 694 3045 762 perspexi
3070 710 3231 762 quam
3262 693 3486 748 minime

1897 781 2152 851 cupidum
2189 781 2416 837 [umoris
2445 789 2588 837 esset
2617 791 2780 852 caput
2811 784 3025 854 1240
3055 784 3186 837 mihi
3213 799 3483 838 veneran-

1897 873 2047 928 dum.
2067 872 2292 930 Postera
2305 874 2448 929 enim
2466 873 2553 929 die
2575 875 2802 943 ptisanae
2820 891 3046 928 succum
3070 876 3143 928 illi
3163 876 3360 940 obtuli,
3385 876 3482 930 sed

1898 964 2303 1036 refrigeratum,
2319 965 2447 1035 quia
2459 965 2697 1020 calidum
2713 965 3011 1036 quidquam
3037 975 3094 1020 ut
3114 974 3374 1029 sumeret,
3393 968 3488 1020 atl-
3522 965 3524 968 ’

1873 1057 2025 1113 'duci
2045 1073 2151 1111 non
2171 1058 2561 1128 poterat,ignis
2581 1073 2679 1112 usu
2698 1058 2800 1112 sibi
2825 1057 3041 1126 penitus
3072 1057 3384 1112 interdicto.
3417 1057 3487 1112 Et

1900 1161 2020 1203 cum
2039 1164 2257 1204 sumere
2281 1149 2580 1204 abnueret:
2602 1147 2822 1211 «Nobis,
2847 1149 3094 1216 inquam,
3119 1155 3290 1215 pater,
3311 1147 3492 1200 omni-

1899 1242 2003 1297 bus
2024 1241 2127 1295 hoc
2156 1241 2398 1310 indulge.
2429 1241 2864 1296 lncolumitatem
2890 1253 3128 1309 namque
3153 1247 3302 1291 luam
3338 1253 3492 1292 eom-

1903 1349 2119 1390 utunem
2140 1349 2262 1389 esse
2285 1329 2516 1389 salutem
2538 1334 2900 1388 arbitramur.
2927 1330 3046 1386 Non
3065 1333 3211 1386 enim
3230 1331 3492 1388 utilitatis

1900 1432 2114 1480 tantum
2145 1426 2424 1496 exemplar
2452 1426 2769 1496 propositus
2791 1441 2874 1490 es,
2900 1425 2992 1480 sed
3025 1432 3080 1479 et
3119 1424 3337 1491 orando
3365 1421 3479 1478 fers

1903 1530 2084 1587 Opem,
2116 1523 2171 1572 et
2203 1516 2446 1570 divinam
2500 1516 2661 1571 nobis
2707 1515 3145 1571 benevolentiam
3201 1514 3486 1569 concilias.

1905 1608 2061 1676 Quod
2097 1609 2142 1662 si
2165 1608 2262 1663 tibi
2293 1613 2394 1663 hoc
2431 1623 2593 1679 grave
2623 1617 2730 1674 est,
2778 1607 2908 1677 quia
2939 1607 3251 1669 insolitum,
3307 1604 3492 1676 perfer

218 1697 462 1767 ϐασμίας
487 1670 616 1768 ego!
664 1670 906 1769 κεφαλῆς
935 1699 994 1752 τὸ
1030 1670 1352 1771 ἀφιλότιμον
1381 1697 1540 1754 εἶδον.
1583 1670 1660 1771 Τ’ῇ
1691 1701 1798 1772 γάρ

1907 1670 2008 1756 hoc
2031 1702 2221 1767 etiam,
2253 1670 2582 1771 ναίει-,νόὶκί
2625 1717 2640 1754 :
2673 1670 2808 1755 nam'
2829 1707 2882 1753 et
2910 1699 3024 1774 hoc.
3045 1713 3267 1769 quoque
3310 1670 3488 1768 penus

218 1791 781 1866 ύστεραίσιπτισάνης
811 1790 960 1860 αὐτῷ
1010 1792 1174 1860 χυλὸν
1223 1793 1600 1863 προσενήνοχα
1627 1810 1798 1847 κατα-

215 1884 395 1952 ψύξεις
421 1901 433 1913 ·
467 1884 673 1955 θερμοῦ
700 1884 809 1955 γάρ
834 1883 1044 1954 οὐδενὸς
1076 1885 1506 1956 μεταλαγχάνειν
1533 1885 1800 1955 ἠνείχετο,

216 1975 499 2039 παντελῶς
557 1976 650 2029 τοῦ
701 1977 876 2045 πυρὸς
921 1977 1022 2047 τὴν
1073 1978 1264 2048 χρείαν
1315 1979 1798 2048 ἀπαρνησάμενος.

229 2070 386 2122 Ἐπεὶ
411 2069 466 2121 δὲ
505 2069 944 2139 μεταλαμϐάνειν
984 2070 1085 2124 οῦκ
1119 2069 1280 2140 ἤθελε
1305 2087 1319 2102 ·
1366 2090 1383 2122 ι
1421 2072 1594 2124 Πᾶσιν
1645 2072 1799 2140 ἡμῖν,

217 2158 376 2229 ῑἔφην,
402 2153 445 2212 ὦ
475 2160 672 2230 πάτερ,
707 2161 933 2230 μετάδος
965 2160 1182 2229 φειδοῦς
1211 2179 1226 2193 ο
1269 2161 1454 2234 κοινὴν
1482 2162 1593 2232 γὰρ
1624 2180 1802 2230 σωτη-

218 2252 346 2322 ρίαν
371 2252 470 2321 τὴν
499 2251 599 2322 σὴν
635 2252 848 2319 ὑγιείαν
884 2253 1186 2324 ἡγούμεθα.
1223 2255 1294 2306 Οὔ
1323 2255 1432 2326 γὰρ
1463 2255 1620 2325 μόνον
1654 2254 1802 2324 ὠφε-

215 2343 369 2408 λείας
399 2345 706 2415 ὰρχέτυπον
733 2344 1042 2414 πρόκεισαι,
1075 2346 1212 2399 ἀλλὰ
1239 2347 1334 2400 καὶ
1364 2347 1803 2418 προσευχόμενος

215 2435 539 2505 ὲπαμύνεις,
574 2438 667 2490 καὶ
695 2439 794 2506 τὴν
820 2435 968 2490 θείαν
1003 2439 1134 2507 ἡμῖν
1169 2439 1458 2509 εὐμένειαν
1493 2423 1798 2509 προξενεῖς.

211 2528 280 2580 ΕΞ
313 2527 371 2580 δέ
406 2545 464 2580 σε
496 2529 784 2582 ἀποκναίει
815 2531 874 2584 τὸ
919 2530 1087 2600 ἄηθες
1112 2570 1125 2591 .
1176 2532 1270 2584 καὶ
1299 2529 1459 2584 τοῦτο
1483 2573 1496 2594 ,
1548 2530 1684 2600 ἔφην
1710 2571 1723 2590 .
1757 2525 1802 2584 ὦ

209 2619 414 2691 πάτερ,
451 2620 829 2692 καρτέρησονο
877 2618 1018 2686 εἶδος
1070 2622 1179 2693 γὰρ
1238 2624 1331 2676 καὶ
1375 2623 1533 2676 τοῦτο
1587 2623 1804 2692 φιλοσο-

199 2712 366 2777 φίας.
394 2714 606 2789 ᾫσπερ
642 2715 750 2786 γὰρ
774 2715 1030 2784 ὑγιαίνων
1059 2715 1264 2785 τροφῆς
1296 2709 1598 2785 ἐφιέμενος
1617 2716 1800 2779 ὲνίκας

195 2807 284 2874 τῇ
321 2793 598 2876 καρτερία
618 2807 716 2876 τὴν
764 2807 986 2875 ἔφεσινο
1034 2807 1176 2860 οὕτω
1239 2807 1333 2860 νῦν
1381 2807 1582 2878 ἥκιστα
1615 2807 1805 2877 ὀρεγό-

203 2913 407 2965 μενος,
442 2897 539 2966 τὴν
586 2897 686 2966 τῆς
721 2898 1076 2967 μεταλήψεως
1119 2899 1415 2969 καρτερίαν
1448 2897 1736 2962 ἐπίδειξαι.
1777 2918 1795 2949 ι

1903 1800 1988 1848 est
2022 1792 2398 1862 philosOphiae.
2431 1791 2588 1846 Sicut
2636 1791 2781 1846 enim
2813 1805 2937 1846 cum
2983 1805 3156 1846 sanus
3205 1805 3378 1852 esses,
3410 1789 3490 1842 ci-

1905 1885 2145 1954 bumque
2225 1891 2555 1954 appeteres,
2623 1883 2914 1938 tolerantia
2970 1874 3230 1937 vincebas
3281 1879 3490 1952 appeti-

1901 1984 2016 2029 tum
2057 1992 2071 2029 :
2109 1967 2182 2029 ita
2212 1990 2360 2030 nunc
2389 1991 2514 2029 cum
2545 1975 2771 2030 minime
2816 1975 3060 2045 appetis,
3091 1975 3363 2030 sumendo
3400 1983 3487 2028 to-

1905 2067 2190 2123 lerantiam
2255 2066 2514 2122 ostende.
2544 2085 2564 2118 »
2597 2065 2823 2132 Aderat,
2885 2082 3010 2122 cum
3059 2066 3172 2120 hac
3224 2065 3486 2133 dicerem,

1902 2158 2070 2212 homo
2100 2155 2196 2229 Dei
2228 2155 2654 2228 Polychronius,
2705 2157 2800 2228 qui
2857 2158 3092 2212 orationi
3136 2173 3270 2212 mea!
3325 2157 3490 2212 obse-

1902 2248 2176 2314 cundans,
2206 2249 2440 2317 primum
2491 2248 2546 2302 id
2579 2263 2797 2304 sumere
2843 2264 2903 2304 se
2945 2248 3082 2306 velle
3132 2249 3289 2311 dixit,
3323 2249 3491 2319 idque

1901 2355 2063 2422 mane
2088 2355 2212 2393 cum
2240 2348 2408 2402 esset,
2439 2355 2504 2394 ac
2531 2355 2673 2409 smpe
2707 2349 2831 2410 post
2875 2338 2996 2396 dies
3029 2350 3238 2408 septem
3269 2356 3480 2410 corpus

1901 2433 2048 2488 alere
2079 2434 2302 2488 soleret.
2332 2431 2528 2488 Victus
2558 2447 2692 2502 ergo
2723 2433 2808 2486 his
2856 2433 3228 2496 sermonibus,
3283 2434 3489 2488 clausis

1901 2525 2100 2589 oculis,
2140 2524 2286 2595 quod
2323 2525 2376 2578 in
2413 2526 2619 2580 amaris
2653 2524 2970 2595 potionibus
2993 2523 3174 2577 facere
3209 2524 3473 2586 solemus,

1902 2619 2052 2674 succi
2079 2619 2346 2688 scyphum
2382 2634 2552 2672 unmn
2580 2619 2770 2674 ebibit.
2793 2618 3064 2684 Quoniam
3098 2625 3286 2672 autem
3317 2617 3484 2687 pedes

1901 2713 2180 2780 ‘quoque,
2217 2711 2309 2780 qui
2360 2719 2576 2780 propter
2611 2709 2948 2765 debilitatem
2985 2708 3270 2763 incedendi
3314 2723 3471 2762 usum

1903 2803 2226 2867 amiserant,
2269 2812 2331 2858 ut
2369 2817 2512 2872 aqua
2575 2802 2785 2856 lavaret
2841 2802 3242 2872 persuasimus,
3306 2815 3486 2871 operat

1904 2895 2143 2965 pretium
2189 2895 2460 2950 existimo,
2491 2894 2634 2948 hanc
2691 2894 2854 2949 etiam
2914 2893 3035 2962 ejus
3084 2893 3488 2962 philomphiam
3572 2916 3579 2922 -

200 2986 408 3040 Ταῦτά
438 3004 526 3056 μοι
552 2987 761 3054 λέγοντι
790 2988 1087 3058 συμπαρῆν
1121 2991 1216 3042 καὶ
1244 2992 1272 3042 ό
1300 2989 1393 3042 τοῦ
1421 2989 1558 3042 Θεοῦ
1590 2989 1798 3061 ἄνθρω-

1905 2987 2142 3056 aperire.
2203 2985 2262 3040 In
2301 2985 2585 3055 propatulo
2641 2983 2790 3039 enim
2835 2983 2995 3054 juxta
3047 2992 3163 3038 erat
3219 2983 3484 3054 scyphus.

202 3079 321 3142 πέος
381 3079 780 3149 Πολυχρόνιος,
824 3079 884 3143 ὃς
931 3079 1008 3150 τῷ
1061 3080 1205 3150 λόγῳ
1275 3081 1797 3155 συναγωνιζόμενος,

203 3170 381 3232 αὐτὸς
414 3161 631 3238 πρῶτος
662 3169 1100 3241 μεταλαμϐάνειν
1128 3170 1286 3241 ἤθελε
1317 3173 1416 3242 τῆς
1447 3173 1674 3244 τροφῆς,
1706 3173 1801 3226 καὶ

202 3258 390 3312 ταῦτα
420 3258 618 3330 ὄρθρου
647 3245 813 3324 ὄντος
835 3300 848 3320 .
888 3259 943 3323 ὃς
981 3260 1243 3323 πολλάκις
1290 3261 1358 3314 δι’
1395 3263 1538 3314 ἑπτὰ
1573 3261 1800 3334 ἡμερῶν

203 3349 281 3401 τὸ
343 3347 500 3418 σῶμα
548 3349 849 3420 διέτρεφεν.
926 3351 1210 3422 Ἦττηθεὶς
1250 3352 1444 3414 ,τοίνυν
1489 3353 1566 3424 τῷ
1631 3353 1798 3426 λόγῳ,

213 3439 354 3510 μίαν
391 3440 484 3492 τοῦ
520 3441 680 3510 χυλοῦ
721 3443 994 3511 μεμυκόσι
1029 3447 1143 3507 τοῖς
1173 3443 1475 3515 ὀφθαλμοῖς
1508 3446 1799 3518 παρεπέμ-

208 3531 360 3602 ψατο
388 3531 586 3585 κύλικα
605 3573 618 3595 ,
652 3535 788 3603 ὅπερ
816 3539 1005 3597 ,ποιεῖν
1034 3537 1126 3589 ἐπὶ
1165 3539 1274 3590 τῶν
1307 3539 1520 3611 πικρῶν
1553 3539 1820 3609 ποτίμων-

214 3623 513 3694 είὼθαμεν.
560 3624 779 3696 Ἐπειδὴ
813 3625 868 3677 δὲ
905 3627 997 3680 καὶ
1032 3627 1160 3690 τοὺς
1193 3628 1360 3692 πόδας
1386 3669 1401 3691 ,
1446 3629 1507 3682 τὺ
1557 3629 1794 3699 βαδίζειν

219 3715 281 3782 ἐξ
312 3716 529 3780 ἀτονίας
571 3717 940 3790 ἀπολέσαντας
965 3758 979 3781 ,
1027 3718 1180 3773 ὕδατι
1212 3720 1400 3790 βρέξαι
1434 3721 1797 3791 πεπείκαμεν,

216 3810 496 3882 προῦργον
526 3811 732 3880 νομίζω
773 3811 869 3864 καὶ
908 3810 1111 3883 ταύτην
1144 3811 1307 3866 αὐτοῦ
1337 3811 1434 3882 τὴν
1481 3813 1798 3884 φιλοσοφίαν

217 3903 528 3972 γυμνῶσαι.
565 3905 868 3976 Παρέκειτο
920 3905 1017 3974 μὲν
1054 3905 1162 3976 γάρ
1209 3906 1439 3976 πλησίον
1481 3907 1510 3959 ό
1557 3906 1795 3972 σκύφος·

219 3993 486 4063 ἐπειράθη
517 3994 574 4045 δέ
603 4012 682 4057 τις
711 3996 817 4046 τῶν
846 3996 1237 4048 διακονούντων
1265 3996 1460 4065 φορμῷ
1483 4014 1587 4049 τινι
1610 3996 1800 4050 τοῦτον

222 4083 587 4152 συγκαλύψαι,
619 4085 694 4148 ὼς
743 4086 818 4156 μὴ
861 4086 1017 4156 δῆλος
1067 4087 1152 4156 εἴη
1193 4089 1305 4148 τοῖς
1347 4087 1475 4157 παρ’
1503 4086 1666 4139 αὐτὸν
1693 4086 1800 4154 ἀφ-

225 4176 578 4245 ικνουμένοις.
595 4173 654 4226 ὐ
675 4175 758 4227 δέ·
789 4194 805 4225 ι
830 4175 893 4227 Τί
912 4159 1226 4239 καλύπτεις,
1243 4175 1368 4247 ἔφη,
1394 4177 1484 4231 τὸν
1506 4175 1711 4246 σκύφον
1735 4193 1750 4242 ;
1776 4195 1794 4228 ι

220 4270 330 4324 Τοῦ
359 4270 416 4323 δὲ
448 4267 730 4339 εἰρηκότος
759 4283 772 4298 ο
803 4286 820 4319 ι
865 4267 951 4330 Ὠς
985 4267 1060 4339 μὴ
1091 4267 1393 4339 παράκοιτο
1411 4272 1524 4332 τοῖς
1547 4269 1802 4338 ἀφικνου-

1903 3079 2079 3147 Hunc,
2113 3096 2181 3134 ne
2219 3079 2632 3134 adventantium
2663 3076 2840 3132 oculis
2890 3083 3118 3146 pateret,
3176 3085 3365 3145 sporta
3400 3084 3484 3130 te-

1899 3189 2027 3245 gere
2087 3173 2307 3243 quidam
2360 3188 2390 3226 e
2429 3170 2702 3226 ministris
2737 3179 2969 3225 conatus
3001 3179 3106 3224 est.
3163 3167 3302 3223 Tutu
3351 3167 3484 3223 ille:

1905 3243 1923 3316 ί
1953 3262 2093 3330 Quid
2123 3262 2392 3334 scyphum
2436 3260 2720 3316 occultas?
2745 3278 2763 3312 ι
2800 3259 2864 3313 Et
2892 3275 3016 3314 cum
3052 3259 3428 3329 respondisset
3461 3277 3474 3314 :
3562 3243 3564 3246 V

1906 3375 1924 3408 σ
1939 3355 2016 3411 Ne
2034 3355 2375 3424 conspicuus
2393 3354 2464 3408 sit
2489 3353 2556 3407 iis
2575 3353 2668 3422 qui
2692 3351 2764 3405 ad.
2783 3359 2836 3406 te
2856 3351 3242 3406 veniuuta—c
3272 3351 3482 3422 Apage,

1900 3448 2100 3518 inquit,
2150 3446 2224 3500 tili
2268 3487 2284 3512 ,

1914 3540 2301 3596 universorum
2351 3537 2461 3594 Deo
2523 3535 2812 3591 manifesta
2863 3542 3015 3590 sunt.
3060 3533 3146 3588 illi
3203 3535 3348 3589 enim
3380 3535 3485 3591 soli

1899 3630 2097 3689 vivere'
2182 3630 2432 3702 cupiens,
2524 3629 2820 3683 humanam
2912 3626 3145 3698 gloriam
3241 3633 3487 3681 contem-

1899 3727 2007 3796 psi.
2088 3725 2242 3792 Quod
2301 3725 2446 3780 enim
2509 3718 3106 3784 est'emolumentum,
3172 3719 3218 3774 si
3292 3718 3484 3788 majori

1906 3818 2114 3890 1241
2173 3817 2571 3873 exercitatione
2627 3831 2786 3870 usum
2846 3830 2931 3870 me
2962 3813 3144 3868 sciant
3191 3811 3306 3878 iSti,
3341 3809 3486 3865 Deus

1902 3921 2085 3964 autem
2119 3911 2331 3965 minore
2364 3907 2688 3962 ?Laborum
2725 3907 2999 3962 mercedis
3037 3906 3088 3960 hi
3121 3905 3343 3960 datores
3371 3918 3484 3956 non

1901 4011 2053 4067 sunt,
2083 4000 2177 4054 sed
2211 4002 2354 4055 Deus
2385 4001 2616 4069 largitor
2641 4009 2745 4054 est.
2786 4017 2804 4049 ι
2850 3999 2986 4063 Quis
3019 4012 3148 4065 ergo
3179 4011 3288 4048 non
3315 4007 3484 4061 supra

1903 4094 2123 4148 modum
2183 4092 2486 4145 admiretur
2523 4100 2638 4144 tum
2674 4090 2862 4154 verba,
2897 4098 3008 4142 tum
3065 4087 3358 4140 verborum
3390 4099 3484 4154 pa-

1903 4189 2115 4240 rentem
2150 4183 2300 4237 illius
2360 4189 2620 4243 mentem,
2663 4187 2816 4233 tanto
2847 4179 3083 4252 humana
3119 4177 3291 4246 gloria
3319 4190 3482 4243 supe-

1903 4274 2146 4331 riorem?
2191 4273 2384 4329 Simile
2440 4271 2721 4343 quidpiam
2787 4271 2926 4326 alias
3005 4284 3223 4338 quoque
3277 4268 3479 4322 factum

223 4363 406 4432 μένοις
431 4363 508 4423 είς
533 4360 786 4432 θεωρίαν.
802 4379 820 4412 ι
841 4390 907 4402 -—
927 4379 944 4411 ι
963 4362 1198 4427 Ἄπαγε,
1220 4354 1404 4432 ἐφη,ῶ
1428 4364 1546 4428 παῖ,
1575 4361 1649 4432 μὴ
1673 4360 1798 4433 κρύ-

1905 4369 2146 4426 memini.
2173 4366 2411 4438 Vespera
2435 4373 2574 4428 erat,
2593 4371 2648 4418 et
2672 4361 2893 4433 quidem
2913 4359 3203 4431 profunda,
3235 4366 3481 4428 tempus—

221 4471 323 4508 πτε
363 4451 675 4520 ἀνθρώποις
716 4451 783 4524 τά
824 4450 902 4522 τῷ
943 4450 1063 4521 Θεῷ
1108 4451 1218 4504 τῶν
1260 4451 1397 4505 ὅλων
1433 4450 1799 4523 δεδηλωμένα.

218 4546 446 4615 Ἐκείνῳ
477 4544 586 4616 γὰρ
629 4543 726 4613 ζῇν
762 4543 906 4614 μόνῳ
937 4543 1280 4613 βουλόμενος,
1327 4543 1428 4614 τῆς
1454 4545 1803 4615 ἀνθρωπίνης

215 4638 278 4690 ού
313 4635 649 4705 πεφρόντικα
681 4633 859 4701 δόξης.
885 4633 949 4685 Τί
970 4633 1079 4704 γὰρ
1099 4633 1312 4702 ὄφελος,
1343 4636 1390 4686 εί
1415 4630 1560 4692 οὗτοι
1587 4635 1686 4706 μέν
1711 4652 1801 4705 μοι

217 4727 441 4780 πλείονα
482 4727 762 4794 συγγνοῖεν
802 4715 1055 4794 ἄσκησιν,
1097 4727 1125 4776 ό
1163 4724 1223 4776 δὲ
1270 4725 1402 4789 Θεὸς
1443 4726 1672 4796 μείονα;
1707 4724 1800 4780 τοῦ

215 4820 327 4890 γὰρ
352 4817 492 4886 ὑπὲρ
521 4817 627 4870 τῶν
669 4816 845 4870 πόνων
877 4815 1068 4886 μισθοῦ
1096 4817 1193 4886 ούχ
1225 4812 1369 4872 οὗτοι
1394 4819 1638 4889 δοτῆρες,
1684 4819 1800 4873 ἀλλ’

215 4913 244 4964 ό
283 4910 414 4972 Θεὸς
467 4909 720 4980 χορηγός.
749 4928 767 4958 ι
805 4907 901 4972 Τίς
946 4909 1123 4961 τοίνυν
1165 4909 1265 4962 οὐκ
1293 4910 1360 4963 ἂν
1391 4911 1800 4983 ὑπεραγασθείη

215 4998 314 5051 καὶ
359 5000 484 5060 τους
534 4997 746 5064 λόγους,
794 4999 890 5050 καὶ
938 4998 1030 5050 τὸν
1059 4999 1202 5062 τοὺς
1228 4998 1421 5066 λόγους
1464 5003 1800 5073 γεννήσαντα

213 5087 363 5148 νοῦν,
378 5087 521 5140 οὕτω
541 5087 698 5158 δόξης
714 5087 1062 5159 ἀνθρωπίνης
1078 5089 1446 5160 γεγενημένον
1470 5090 1570 5144 ὑπέ
1580 5109 1790 5164 ρτερον;

214 5178 472 5232 Τοιοῦτόν
536 5195 589 5230 τι
657 5179 751 5231 καλ⁸
805 5179 989 5233 ἄλλοτε
1049 5180 1414 5250 γεγενημένον
1478 5182 1794 5254 μεμάθηκα.

227 5271 474 5341 Ἐσπέρα
518 5265 606 5340 ἦν,
642 5271 736 5322 καί
777 5271 985 5342 ἑσπέρα
1024 5271 1236 5342 βαθεῖα.
1271 5272 1371 5325 καὶ
1408 5273 1508 5342 τῆς
1539 5275 1744 5344 τροφῆς
1769 5276 1798 5328 ὁ

217 5360 432 5430 καιρός.
485 5359 679 5413 Λαϐὼν
731 5361 908 5414 τοίνυν
941 5361 1000 5414 τὸ
1051 5362 1458 5433 παρακείμενον
1507 5363 1795 5437 ὄστρακον,

217 5453 312 5507 τοῦ
341 5453 634 5524 βραχέντος
665 5454 840 5522 φακοῦ
877 5453 1286 5524 μετελάμϐανε·
1316 5455 1518 5528 ταύτην
1545 5457 1653 5529 γάρ
1682 5452 1796 5528 εἶχε

218 5545 318 5616 τὴν
343 5546 568 5616 τροφήν.
604 5539 747 5598 Ἦκε
773 5545 831 5598 δέ
852 5563 934 5608 τις
957 5545 1065 5600 ἀπὸ
1096 5545 1190 5599 τοῦ
1225 5548 1456 5612 ἄστεως,
1511 5549 1796 5620 εἷσπραξίν

212 5653 339 5691 τινα
391 5635 786 5709 στρατιωτικὴν
829 5637 1356 5709 ἐμπεπιστευμένος.
1387 5639 1443 5692 '0
1459 5639 1514 5694 δὲ
1545 5641 1638 5695 καὶ
1663 5642 1794 5715 πόρ-

1902 4475 2008 4531 que
2038 4458 2257 4514 edendi.
2289 4458 2519 4525 Arrepta
2552 4468 2683 4522 ergo
2714 4459 2854 4506 testa
2908 4450 3182 4520 apposita,
3235 4448 3475 4533 madefa-

1902 4561 2045 4607 ctam
2069 4552 2268 4605 lentem
2293 4549 2563 4616 sumpsit:
2592 4547 2694 4600 hoc
2714 4544 2836 4598 cibo
2850 4543 3194 4598 vescebatur.
3217 4540 3480 4596 Veniebat

1903 4651 2083 4697 autem
2118 4647 2229 4695 tum
2261 4655 2325 4694 ex
2358 4640 2494 4693 urbe
2517 4636 2762 4707 quidam,
2807 4634 2898 4689 cui
2934 4633 3192 4688 militaris
3229 4631 3477 4702 quwdam
3554 4632 3564 4652 ‘

1901 4733 2198 4791 commissa
2233 4731 2414 4786 fuerat
2465 4728 2704 4784 exactio.
2741 4725 2901 4782 Hunc
2931 4725 3319 4780 adventantem
3353 4737 3479 4793 pro-

1902 4827 1990 4881 cul
2029 4839 2288 4888 cernens,
2336 4823 2534 4877 lentem
2585 4835 2696 4875 non
2726 4809 3003 4888 deposuit,
3037 4817 3132 4872 sed
3195 4815 3376 4869 cibum
3413 4813 3480 4868 de

1901 4933 2051 4972 more
2068 4914 2340 4985 capiebat.
2368 4913 2574 4967 Etcum
2601 4909 2863 4965 daemonis
2893 4919 3172 4978 spectrum
3193 4920 3319 4962 esse
3346 4919 3480 4959 con-

1897 5008 2108 5080 jiceret,
2139 5005 2322 5061 verbis
2352 5003 2729 5060 insectabatur
2774 5008 2835 5054 ut
2867 5001 3102 5062 hostem,
3133 5013 3196 5053 ac
3249 4997 3380 5052 nihil
3407 4999 3478 5050 ti-

1901 5114 2051 5155 mere
2083 5113 2143 5153 se
2164 5097 2482 5158 ostendens,
2514 5096 2716 5150 lentem
2749 5092 2974 5148 interim
3001 5091 3086 5146 ori
3122 5091 3473 5145 admovebat.

1899 5188 2451 5252 Obsecrabathautem
2485 5187 2576 5254 qui
2616 5184 2888 5240 conviciis
2916 5183 3297 5254 appetebatur,
3333 5191 3385 5236 et
3420 5197 3478 5238 se

1899 5281 2316 5336 hominem-esse
2339 5277 2664 5344 afﬁrmabat,
2689 5276 3093 5345 astrictumque
3111 5275 3477 5345 jurejurando

1899 5372 2044 5443 quod
2072 5387 2138 5426 ex
2179 5371 2315 5426 urbe
2334 5379 2464 5424 ante
2502 5384 2786 5440 vesperam
2823 5357 3172 5432 discederet,
3202 5367 3304 5421 hoc
3335 5376 3480 5421 tem--

1901 5479 2034 5535 pore
2065 5463 2306 5519 venisse.
2344 5460 2466 5530 lpse
2489 5456 2643 5523 vero,
2693 5481 2711 5512 ι
2743 5460 2896 5521 Bono
2915 5462 3002 5517 ,sis
3032 5461 3240 5526 animo,
3276 5459 3478 5530 inquit,

1900 5571 2004 5612 nec
2029 5551 2247 5621 timeas,
2276 5555 2370 5611 sed
2405 5571 2500 5609 ora
2535 5555 2725 5624 etabi.
2779 5552 2992 5609 Mecum
3024 5561 3203 5608 autem
3229 5555 3474 5624 epulare.

1901 5655 1956 5704 et
2023 5647 2193 5718 dapes
2233 5646 2537 5718 participa:
2593 5664 2610 5698 ι
2651 5654 2704 5703 et
2735 5645 2852 5700 haec
2903 5645 3090 5702 dicens
3133 5643 3338 5702 lentem
3402 5638 3479 5694 illi

2350 3461 2420 3500 ne
2481 3444 2802 3499 hominibus
2863 3443 3173 3498 abscondas
3239 3459 3302 3498 ea
3358 3461 3482 3512 qua:
3561 3493 3570 3500 .
