3898 6196
129 304 239 370 1441
1291 307 1703 368 RELIGIOSA
1769 259 2158 377 HISTORIA.
3237 305 3372 369 14ίὲ

129 416 265 485 «ἀντὶ
306 413 397 470 τοῦ
452 413 674 484 ἀγαπᾷν
715 429 817 482 με,
846 430 864 464 ι
909 413 1263 484 προφητικῶς
1294 417 1468 467 εἰπεῖν
1492 457 1507 481 ,
1554 435 1571 464 σ
1602 417 1683 469 ἐν·

1795 421 2092 491 diligerent
2123 435 2233 487 me,
2285 439 2304 473 ι
2337 420 2619 490 Propheta!
2654 428 2712 473 ut
2744 419 2928 474 verbis
2963 419 3178 490 loquar,
3220 441 3236 472 ι
3271 420 3370 475 de-

119 507 370 562 διέῇαλλὸν
408 524 496 578 με,
536 506 631 558 καὶ
661 504 848 558 ἔθεντο
880 507 1001 559 κατ’
1043 505 1177 576 ἐμοῦ
1210 508 1358 560 κακά
1396 509 1516 560 ἀντὶ
1543 509 1684 575 ἁγα-

123 595 370 663 θῶν,·καὶ
415 599 569 666 μῖσος
618 594 740 648 ἀντὶ
784 595 883 664 τῆς
938 593 1272 665 ἀγαπήσεως
1321 612 1464 666 μου·
1520 615 1538 646 ι
1590 599 1685 650 καὶ

120 689 379 758 γοητικαῖς
401 684 674 757 χρώμενοι
711 685 1109 756 μαγγανείαις,
1137 686 1231 738 καὶ
1250 686 1466 760 δαίμοσι
1511 704 1677 759 πονη-

121 782 219 852 ροῖς
246 779 517 848 συνεργοῖς
547 777 898 847 κεχρημένοι,
947 777 1204 848 ἀοράτως
1249 779 1505 849 πολεμεῖν
1534 781 1679 832 ἐπει-

117 873 288 944 ρῶντο.
343 871 451 925 Καί
491 887 622 922 ποτε
667 869 884 940 νύκτωρ
921 865 1025 942 ἦκέ
1087 888 1170 931 τις
1217 870 1353 940 βοῶν
1405 871 1685 941 ἀλιτήριος

113 973 320 1044 δαίμων,
339 971 432 1024 καὶ
453 972 518 1040 τῇ
543 970 613 1021 Σύ
621 986 692 1040 ρα
710 965 1051 1038 κεχρημένος
1069 965 1250 1035 φωνῇ’
1280 983 1297 1014 ι
1320 963 1384 1016 Τί
1406 962 1682 1032 πολεμεῖς,

110 1065 305 1127 ὁδεῖνα,
362 1061 688 1134 Μαρκίωνι;
737 1061 788 1113 τί
815 1060 1016 1130 δήποτε
1050 1057 1106 1111 δέ
1145 1057 1243 1126 τὴν
1300 1056 1437 1127 πρὸς
1496 1054 1683 1107 τοῦτον

111 1156 402 1222 ἀναδέδεξαι
425 1155 607 1225 μάχην
633 1170 646 1219 ;
671 1152 720 1206 τί
743 1169 824 1206 σοι
848 1149 1091 1221 λυπηρὸν
1111 1147 1407 1220 εἰργάσατο
1432 1146 1682 1211 ammte;

109 1246 271 1298 Λῦσον
310 1246 399 1297 τὸν
440 1244 699 1314 πόλεμον,
751 1241 1104 1296 κατάπαυσον
1131 1239 1230 1310 τὴν
1261 1237 1586 1308 δυσμένειαν
1610 1254 1622 1266 ’
1649 1237 1682 1309 ἢ

106 1340 167 1408 τῇ
200 1336 358 1408 πείρα
390 1336 623 1407 μαθήσει
647 1336 769 1388 ὅσον
804 1333 966 1386 καλὸν
1015 1333 1246 1402 ἡσυχία.
1290 1326 1364 1383 Εὖ
1396 1329 1505 1383 ἴσθι
1553 1330 1684 1399 γὰρ,

83 1429 176 1492 ,ὡς
198 1429 357 1481 πάλαι
388 1429 450 1488 ἄν
480 1445 538 1479 σε
567 1425 957 1496 κατηκόντισα,
988 1428 1035 1476 εἰ
1069 1425 1145 1495 μὴ
1189 1423 1280 1476 τὸν
1312 1421 1420 1475 τῶν
1480 1422 1687 1494 μαρτύ-

103 1538 210 1590 ρων
264 1520 422 1590 χορὸν
479 1520 576 1590 σὺν
617 1516 860 1586 Ἰακώϐῳ
927 1515 1274 1587 φρουροῦντα
1310 1533 1368 1568 σε
1421 1515 1679 1585 ἐώρωνει

105 1615 343 1666 Ἤκουσα
380 1610 585 1664 τούτων
617 1609 746 1679 ἐγὼ,
788 1610 882 1662 καί
912 1626 1020 1662 τινι
1045 1610 1154 1662 τῶν
1191 1609 1493 1680 γνωρίμων
1548 1608 1688 1678 πλη-

101 1706 212 1758 σίον
241 1704 548 1758 καθεύδοντι
581 1719 594 1734 ·
635 1722 652 1756 ι
693 1702 959 1768 ’Δκούεις,
1001 1703 1159 1773 ἔφην,
1185 1705 1212 1755 ὸ
1238 1703 1408 1764 δεῖνα,
1458 1700 1572 1754 τῶν
1597 1701 1688 1754 λε-

1786 513 2081 567 trahebant
2121 512 2276 573 mihi,
2317 522 2374 566 et
2409 523 2711 583 posuerunt
2753 513 3050 568 adversum
3093 527 3181 566 me
3229 513 3370 568 mala

1791 619 1889 671 pro
1922 603 2103 668 bonis,
2131 610 2186 658 et
2211 604 2398 658 odium
2430 619 2530 675 pro
2558 604 2855 660 dilectione
2909 618 3029 658 mea
3051 614 3106 662 ·;
3145 622 3162 655 ι
3202 607 3372 675 magi-

1786 694 1977 764 cisque
2037 695 2334 765 praestigiis
2390 696 2496 760 usi,
2545 704 2599 751 ct
2644 696 3009 764 pessimorum
3061 695 3372 750 daemonum

1787 787 2053 841 auxilium
2080 788 2443 852 asciscentcs,
2475 787 2753 842 invisibile
2775 787 2977 842 bellum
3009 786 3211 842 inferre
3235 803 3371 842 eon-

1788 876 2111 932 tendebant.
2145 875 2420 947 Venitque
2459 877 2762 947 aliquando
2790 881 2808 896 ⁹
2837 876 2905 930 de
2936 887 3096 931 nocte
3136 878 3374 932 exitialis

1786 969 2010 1038 quidam
2055 967 2273 1024 daemon
2322 969 2596 1031 clamans,
2627 976 2682 1022 et
2725 967 2864 1039 Syra
2913 967 3146 1037 loquens
3197 984 3370 1024 voce:

1793 1077 1816 1108 ι
1853 1058 1998 1124 Quid
2045 1063 2182 1115 heus
2229 1072 2286 1114 tu
2336 1059 2543 1115 bellum
2582 1059 2726 1130 geris
2762 1075 2885 1114 cum
2924 1057 3241 1120 Marcione?
3275 1075 3376 1113 cur

1789 1151 2010 1207 tandem
2041 1167 2167 1219 eum
2193 1153 2287 1207 illo
2315 1152 2460 1208 hanc
2495 1167 2733 1223 pugnam
2762 1151 3101 1221 suscepisti?
3127 1150 3258 1220 quid
3285 1150 3376 1205 ille

1790 1243 1890 1298 tibi
1923 1245 2192 1300 molestia;
2222 1249 2451 1307 creavit,
2492 1245 2764 1315 inquam?
2793 1244 3003 1299 Bellare
3033 1243 3242 1306 desine,
3273 1243 3376 1298 iui—

1790 1331 2028 1386 micitias
2060 1331 2296 1403 depone,
2345 1341 2440 1386 aut
2489 1333 2827 1399 experientia
2879 1332 3063 1386 disces
3107 1341 3374 1402 quantum

1789 1422 1996 1478 bonum
2030 1424 2105 1478 sit
2134 1424 2318 1494 quies.
2358 1423 2514 1480 Scito
2551 1425 2696 1480 enim
2731 1423 2879 1494 quod
2930 1435 2982 1478 te
3012 1424 3124 1492 jam
3162 1423 3375 1494 pridem

1789 1513 2190 1581 confodissem,
2217 1515 2324 1568 nisi
2353 1524 2650 1586 martyrum
2683 1516 2912 1585 chorum
2944 1530 3068 1567 cum
3093 1512 3301 1568 Jacobo
3326 1523 3376 1567 te

1790 1609 2172 1666 custodientes
2209 1611 2498 1666 vidissem.
2544 1629 2562 1662 ι
2601 1609 2724 1663 llaec
2774 1624 2874 1679 ego
2912 1608 3121 1672 audivi,
3165 1616 3219 1662 et
3261 1607 3378 1662 cui-

1791 1703 1916 1759 dam
1957 1719 1988 1758 e
2029 1703 2421 1764 familiaribus,
2468 1702 2562 1772 qui
2613 1701 2774 1768 juxta
2822 1699 3173 1754 dormiebat:
3201 1716 3219 1749 ι
3265 1698 3379 1751 Au-

98 1797 337 1867 γομένων
371 1812 384 1860 ;
416 1815 433 1846 ι
471 1795 528 1846 '0
554 1795 609 1847 δέ
635 1798 666 1824 ·’
687 1813 704 1845 ι
735 1795 980 1857 Πάντων,
1035 1790 1210 1858 εἶπεν,
1247 1793 1533 1862 ἐπήκουσα
1559 1809 1570 1821 ·
1592 1793 1683 1845 καὶ

1790 1797 1969 1860 disne,
1998 1797 2246 1866 inquam,
2277 1812 2401 1863 quae
2444 1795 2747 1850 dicuntur?
2785 1813 2802 1846 ι
2835 1802 2889 1848 et
2918 1794 3010 1846 ille
3049 1809 3062 1846 :
3097 1811 3115 1844 ι
3154 1789 3374 1853 Omnia,

94 1889 437 1957 διαναστῆναι
495 1887 841 1957 βουλόμενος,
881 1886 976 1938 καὶ
1013 1885 1297 1955 διακύψαι,
1352 1886 1446 1938 καὶ
1477 1883 1684 1954 γνῶναι

93 1982 172 2046 τίς
194 1980 232 2036 δ’
254 1982 641 2051 φθεγγόμενος,
676 1963 780 2034 σοῦ⁸
824 1981 994 2051 χάριν
1021 1979 1254 2051 ἡσυχίαν
1283 1974 1418 2050 ἦγον
1441 2019 1455 2041 ,
1491 1977 1688 2031 καθεύ-

92 2076 224 2131 ιτςειν¹
269 2093 325 2128 σε
367 2076 679 2138 τοπάσας.»
720 2060 1078 2136 ’Ᾱναστάντες
1129 2071 1347 2135 τοίνυν,
1408 2070 1576 2141 ἄμφω
1625 2087 1684 2124 τε

91 2165 471 2236 διεκύπτομεν,
503 2166 598 2218 καὶ
629 2163 820 2218 ούδένα
842 2163 964 2216 οὔτε
993 2161 1336 2233 κινούμενον,
1366 2159 1490 2214 οὔτε
1521 2160 1683 2231 φθεγ-

91 2256 319 2326 γόμενον
349 2255 624 2325 ἠκούομεν
646 2273 658 2286 ·
695 2254 803 2308 τῶν
838 2254 894 2307 δὲ
929 2253 1190 2325 ῥημάτων
1244 2253 1469 2306 ἐκείνων
1511 2252 1607 2305 καὶ
1636 2252 1685 2304 οἱ

89 2348 240 2401 ἄλλοι
271 2347 425 2419 ἡμῶν
463 2348 776 2419 ἐπήκουσαν
818 2345 1074 2398 σύνοικοι.
1112 2346 1331 2414 Συνῆκα
1360 2344 1556 2404 τοίνυν,
1610 2343 1686 2406 ὡς

88 2440 252 2510 χορὸν
279 2418 375 2510 μὲν
399 2418 700 2512 ’μαρτύρων
727 2433 879 2507 ἔλεγε
902 2438 973 2490 τὸ
995 2436 1087 2490 τοῦ
1118 2437 1302 2490 ἐλαίου
1330 2435 1439 2490 τῶν
1473 2435 1680 2508 μαρτύ-

90 2548 200 2600 ρων
218 2523 496 2599 ληκύθιον,
526 2529 554 2582 ὃ
587 2530 738 2601 παρὰ
774 2528 986 2602 πολλῶν
1017 2528 1310 2600 μαρτύρων
1344 2527 1690 2597 συνειλεγμέ-

86 2637 185 2691 νην
206 2621 328 2691 ἔχον
350 2620 446 2691 τὴν
467 2619 737 2689 εὐλογίαν,
759 2620 910 2690 παρὰ
920 2621 1019 2691 τὴν
1037 2622 1176 2690 ἐμὴν
1195 2620 1460 2691 ἐξήρτητο
1475 2619 1684 2690 κλίνην·

1792 1888 2242 1959 inquit,'audivi,
2282 1896 2336 1942 et
2365 1903 2492 1941 cum
2526 1901 2753 1957 surgere
2784 1886 2998 1947 liberet,
3043 1891 3100 1937 ut
3135 1883 3379 1954 dispice-

1791 1997 1906 2036 rem
1950 1988 2006 2034 et
2053 1995 2442 2051 cognoscerem
2499 1981 2625 2050 quis
2671 1979 3013 2048 loqueretur,
3066 1988 3156 2032 tua
3209 1993 3375 2033 causa

1789 2071 1996 2138 destiti,
2035 2071 2180 2140 quod
2231 2078 2282 2126 te
2328 2071 2568 2125 dormire
2615 2071 2953 2126 arbitrabar.
3001 2089 3019 2121 ι
3060 2071 3374 2141 Surgentes

1790 2165 1960 2234 igitur
1983 2163 2166 2228 ambo,
2191 2171 2246 2219 et
2275 2162 2817 2232 circumspicientes,
2848 2177 2948 2218 nec
2977 2172 3184 2216 motum
3213 2163 3377 2217 ullius

1791 2273 1894 2311 nec
1928 2271 2116 2311 vocem
2151 2255 2485 2311 audivimus.
2529 2254 2708 2310 Verba
2744 2271 2910 2325 porro
2954 2255 3044 2308 illa
3084 2236 3376 2316 nobiscum

1796 2349 2014 2421 12M
2047 2349 2341 2428 audierant
2379 2350 2472 2402 alii
2515 2340 2737 2419 quoque
2777 2348 3086 2403 domestici.
3127 2347 3374 2404 Intellexi

1794 2456 1949 2512 ergo,
1983 2451 2286 2512 martyrum
2323 2440 2553 2495 chorum
2593 2441 2663 2496 ab
2690 2456 2756 2495 eo
2799 2441 2907 2495 dici
2959 2440 3236 2511 lecythum
3269 2440 3376 2495 olei

1795 2543 2127 2604 martyrum,
2158 2533 2252 2604 qui
2287 2533 2570 2588 collectam
2616 2549 2644 2586 ει
2688 2533 2875 2588 multis
2910 2533 3245 2602 martyribus
3291 2533 3376 2585 be—

1751 2694 1756 2700 .
1791 2625 2166 2680 nedictionem
2188 2627 2486 2681 continens
2511 2626 2577 2680 ad
2613 2627 2812 2680 lectqu
2855 2641 3035 2678 meum
3069 2639 3375 2694 suspensus

79 2713 177 2767 καὶ
201 2713 516 2784 τῇ,κεφαλῇ
534 2711 591 2764 δέ
627 2729 728 2783 μου
767 2711 1025 2764 ὑπέκειτο
1051 2710 1147 2764 τοῦ
1211 2710 1452 2780 μεγάλου
1497 2709 1683 2764 Ἰακώ-

1790 2727 1908 2773 erat
1944 2737 1957 2773 :
1993 2719 2096 2773 sub
2145 2718 2327 2788 capite
2371 2727 2550 2772 autem
2594 2734 2716 2773 meo
2758 2718 2937 2787 magni
2984 2715 3174 2770 Jacobi
3219 2725 3375 2771 vetus

73 2805 171 2860 σου
203 2805 279 2858 τὸ
308 2805 532 2857 παλαιὸν
575 2804 946 2875 περιϐόλαιον,
973 2803 1175 2876 παντὸς
1203 2804 1402 2876 ἕρκους
1439 2802 1683 2874 ἀδαμαν-

1790 2812 1894 2866 fuit
1929 2812 2179 2882 pallium,
2210 2811 2356 2882 quod
2399 2811 2534 2866 mihi
2577 2812 2812 2868 validius
2839 2819 2959 2865 erat
2993 2811 3138 2863 vallo
3177 2810 3373 2880 quovis

67 2897 219 2952 τίνου
269 2895 622 2966 ἰσχυρότερον
657 2914 746 2966 μοι
777 2896 1170 2965 γεγενημένον.
1204 2895 1315 2949 Kal.
1351 2894 1514 2965 ἡνίκα
1540 2895 1598 2948 δὲ
1618 2897 1683 2966 τῇ

1791 2904 2167 2958 adamantina.
2217 2903 2355 2958 Cum
2399 2912 2583 2960 autem
2629 2905 3151 2958 vicorum'istorum
3203 2901 3376 2957 maxi-

74 2988 328 3061 μεγίστῃ
389 2987 595 3040 τούτων
643 2987 806 3060 κώμῃ
851 2987 1211 3058 προσϐάλλειν
1261 2985 1518 3057 ἔμελλον,
1567 2982 1683 3040 εἶτα

1790 3012 1940 3050 mum
1961 3011 2341 3066 aggressurus
2369 3011 2573 3059 essem,
2609 3011 2675 3051 ae
2718 2997 2888 3050 multa
2920 2995 3122 3050 deinde
3151 2994 3378 3049 incidis-

75 3081 220 3134 πολλ
240 3080 273 3132 ά
305 3096 429 3132 τινα
460 3081 518 3132 ἐν
553 3079 708 3150 μέσῳ
744 3078 1006 3149 γινόμενα
1037 3077 1134 3148 τὴν
1165 3077 1340 3144 ἔξοδον
1375 3077 1683 3166 διεκώλυεν,

1790 3099 1917 3146 sent
1938 3105 2062 3158 qua
2086 3091 2296 3146 exitum
2319 3089 2706 3160 prohibebant,
2734 3089 2856 3144 misi
2886 3088 2952 3142 ad
2976 3071 3171 3144 Isaiam
3195 3103 3373 3141 meum

71 3171 312 3242 ἔπεμψα
334 3172 485 3243 παρὰ
503 3135 592 3225 adv
615 3135 1030 3240 ἐμὸννέίίσαῒαν,
1057 3135 1154 3240 της
1181 3135 1331 3231 θνείας
1361 3135 1683 3240 συμμαχίας

1791 3135 1917 3146 σν..-
1940 3135 2059 3158 -,....
2089 3135 2295 3146 --.-.....
2319 3135 2706 3160 ν.-.....,ν..-...-,
2887 3135 2952 3142 __
2976 3135 3171 3144 ---ψη

1790 3183 2027 3238 divinam
2072 3198 2232 3252 opem
2270 3177 2593 3252 implorans.
2625 3181 2763 3236 Tum
2811 3182 2925 3246 ille,
2981 3198 3000 3232 ι
3054 3179 3227 3245 Bono,
3271 3180 3371 3241 ait,

69 3263 384 3320 ἀντιϐολῶν
417 3255 745 3318 ἀπολαῦσαι.
780 3263 838 3315 Ὀ
863 3263 918 3316 δὲ
942 3280 956 3294 ·
989 3283 1005 3313 ι
1033 3262 1258 3335 Θάρρει,
1289 3263 1473 3330 ἔλεγε·
1509 3263 1683 3316 πάντα

1790 3274 1865 3332 sis
1887 3276 2095 3329 animo.
2127 3273 2518 3345 Impedimenta
2545 3276 2690 3329 enim
2719 3275 2808 3328 illa
2832 3276 3016 3330 omnia
3049 3289 3372 3327 aranearum
3445 3259 3452 3266 ’

72 3357 190 3424 γὰρ
213 3355 406 3413 ἐκεῖνα
429 3353 584 3424 δίκην
608 3352 1194 3424 ἀραχνῶν⁴6ιαλέλυται
1240 3352 1308 3406 τὰ
1354 3353 1653 3422 κωλύματα
1669 3370 1682 3382 ο

1790 3369 1962 3422 instar
1993 3367 2257 3438 dissipata
2301 3375 2453 3431 sunt,
2501 3367 2667 3437 idque
2717 3382 2802 3421 me
2845 3381 2941 3436 per
2979 3375 3194 3421 noctem
3229 3363 3374 3420 Deus

74 3448 182 3501 καὶ
237 3443 397 3497 τοῦτό
450 3461 516 3514 με
580 3443 794 3515 νύκτωρ
842 3444 1077 3510 ἐδίδαξεν
1119 3446 1146 3497 ὁ
1184 3443 1338 3510 Θεδς,
1400 3445 1501 3498 οὐκ
1554 3445 1683 3514 ὗναρ

1790 3457 2151 3520 docuit,.nou
2198 3473 2400 3511 vanum
2443 3457 2720 3512 somnium
2757 3457 3114 3519 adumbratis,
3154 3458 3249 3511 sed
3284 3472 3375 3510 ve-

77 3536 542 3607 σκιαγραφησας,
593 3536 710 3589 ἀλλ’
741 3535 918 3606 ,ῦπαρ
960 3537 1257 3603 ἐπιδείξας.
1305 3536 1526 3609 Ἐώρων
1556 3538 1683 3610 γὰρ,

1790 3566 1902 3604 ram
1947 3550 2217 3606 visionem
2270 3550 2562 3628 exhibens.
2615 3547 2739 3602 Vidi
2786 3550 2960 3611 enim,
3000 3549 3206 3611 aiebat,
3246 3562 3372 3602 cum

76 3630 267 3696 ἔλεγε,
291 3627 390 3697 τῆς
415 3627 689 3697 ύμνῳδὶας
711 3628 1039 3697 ἀρξάμενος,
1073 3630 1190 3681 κατ’
1212 3630 1387 3682 ἐκεῖνο
1409 3629 1469 3682 τὸ
1497 3629 1682 3700 μέρος,

1790 3643 2138 3716 hymuodiam
2183 3627 2556 3708 iuchoassem,
2603 3657 2802 3698 versus
2857 3653 3064 3713 partem
3121 3627 3266 3695 illam
3318 3643 3372 3696 iu

76 3723 142 3773 ἐν
172 3713 220 3787 ᾧ
246 3718 317 3770 τὰ
346 3718 520 3788 χωρία
551 3718 732 3770 ἐκεῖνα
761 3719 1048 3782 διάκειται,
1092 3718 1214 3787 ὅφιν
1244 3720 1365 3772 τινα
1403 3721 1681 3791 πυροειδῆ,

1790 3751 1892 3806 qua
1942 3736 2045 3792 vici
2089 3735 2254 3806 positi
2306 3744 2456 3803 sunt,
2501 3744 2812 3806 serpentem
2868 3733 3160 3805 quemdam
3215 3734 3372 3804 ignea
3421 3791 3425 3794 _

71 3811 195 3866 ἀπὸ
225 3812 322 3881 τῆς
350 3809 587 3882 ἑσπέρας
617 3811 709 3864 ἐπὶ
743 3810 840 3882 τὴν
866 3810 940 3863 ἔω
976 3809 1303 3882 ἐρπύζοντα,
1330 3813 1424 3866 καὶ
1462 3813 1551 3865 διά
1583 3814 1683 3884 μέ-

1790 3829 1990 3898 specie,
2022 3829 2116 3899 qui
2143 3829 2210 3883 ab
2234 3843 2434 3884 occasu
2465 3830 2518 3883 in
2542 3838 2727 3885 ortmn
2761 3842 2983 3900 reptans
3015 3845 3110 3898 per
3133 3828 3371 3883 medium

73 3920 179 3985 σου
215 3902 312 3953 τοῦ
354 3902 514 3973 ἀέρος
560 3903 878 3975 φερόμενον.
912 3903 1072 3974 Τρεῖς
1105 3903 1160 3957 δὲ
1187 3903 1352 3974 εὐχὰς
1399 3904 1683 3970 ἐξανύσας,

1790 3937 1914 3975 aera
1953 3922 2250 3977 ferebatur.
2285 3920 2492 3976 Tertiis
2523 3937 2652 3976 vero
2678 3923 2938 3992 precibus
2971 3922 3232 3991 peractis,
3261 3921 3372 3974 vidi

70 3995 254 4048 πάλιν
295 3995 607 4064 ἐθεασάμην
658 3997 1113 4066 ἐπικαμφθέντα,
1145 3997 1241 4050 καὶ
1273 3997 1333 4048 τὸ
1357 3996 1683 4066 κυκλοτερὲς

1790 4029 1981 4068 rursus
2033 4011 2316 4074 inflexum,
2365 4013 2674 4081 circulique
2724 4012 2958 4066 fortnam
3019 4013 3370 4074 referentem,

69 4085 433 4151 ἐπιδείξαντα
465 4088 670 4156 σχῆμα,
709 4090 803 4141 καὶ
827 4092 891 4158 τῇ
919 4089 1133 4157 κεφαλῇ
1189 4087 1562 4156 συναφθεῖσαν
1587 4088 1683 4160 τὴν

1790 4103 1957 4158 cauda
1989 4103 2153 4172 capiti
2203 4103 2482 4172 copulata.
2523 4103 2585 4156 Et
2626 4118 2751 4156 cum
2789 4111 2915 4156 octo
2954 4119 3148 4158 rursus
3182 4119 3371 4173 preca-

69 4177 312 4246 κέρκον.
361 4175 534 4260 Ὀκτὼ
584 4177 639 4230 δὲ
696 4179 856 4230 πάλιν
920 4178 1234 4248 προσευχὰς
1293 4183 1679 4252 συμπεράναῑ.

1790 4199 1965 4251 tiones
1997 4194 2384 4259 absolvissem,
2420 4191 2558 4247 duas
2596 4194 2648 4246 in
2691 4202 2876 4266 partes
2902 4192 3200 4246 dissectum
3235 4193 3369 4256 vidi,

60 4266 405 4338 ἐθεασάμην
462 4266 584 4339 διχῇ
641 4269 938 4338 τμηθέντα,
972 4271 1066 4322 καὶ
1111 4271 1189 4332 είς
1238 4271 1444 4334 καπνὸν
1498 4273 1682 4328 διαλυ-

1790 4287 2137 4355 solutumque
2181 4285 2236 4339 iu
2293 4281 2525 4337 fumum.
2581 4301 2600 4333 ι
2641 4283 2822 4351 Atque
2860 4282 2976 4336 haec
3012 4280 3102 4335 ille
3145 4280 3366 4351 quidem

58 4361 272 4413 θέντα.
303 4379 321 4410 ι
359 4359 543 4412 Ταῦτα
600 4360 762 4424 αὐτὸς
801 4361 902 4430 μὲν
926 4359 1077 4426 οὕτω,
1127 4363 1405 4434 προεῖδεν·
1445 4366 1601 4435 ἡμεῖς
1625 4366 1682 4420 δὲ

1790 4384 1856 4436 ita
1895 4378 2144 4450 praevidit
2184 4394 2199 4432 :
2244 4392 2346 4432 nos
2379 4391 2510 4430 vero
2553 4376 2988 4430 consentientem
3028 4374 3368 4444 praedictioui

51 4452 438 4520 ἐθεασάμεθα
469 4452 936 4523 συειιομολογοῦσαν
961 4456 1024 4525 τῇ
1059 4455 1364 4526 προρρήσει
1391 4456 1490 4527 τὴν
1514 4457 1678 4511 ἔκϐα-

1790 4469 1998 4523 exitum
2029 4467 2287 4522 vidimus.
2326 4465 2482 4520 Mane
2516 4465 2747 4536 quippe,
2781 4473 3063 4518 auctorem
3097 4465 3224 4518 mali
3255 4480 3369 4519 ser-

55 4559 182 4597 σιν.
239 4542 452 4595 Ἐωθεν
500 4543 598 4613 μὲν
652 4543 791 4614 γὰρ,
841 4546 946 4599 ὑπὸ
984 4545 1077 4598 τοῦ
1132 4547 1442 4618 άρχεκάκου
1507 4549 1683 4618 ὄφεως

1790 4564 2006 4626 pontem
2050 4565 2343 4626 sequentes
2389 4556 2605 4620 ducem,
2661 4554 2755 4624 qui
2810 4553 3108 4609 Marcionis
3161 4555 3366 4614 dudum

51 4635 589 4707 στρατηγούμενοι,
629 4637 676 4690 οἱ
714 4637 882 4691 πάλαι
918 4639 1018 4709 μὲν
1041 4639 1140 4710 τῆς
1193 4641 1524 4711 Μαρκίωνος
1550 4661 1683 4714 συμ-

1790 4649 2020 4718 partium
2055 4633 2256 4713 ierant,
2305 4662 2458 4702 nunc
2515 4647 2804 4717 phalangis
2848 4655 2979 4702 sunt
3027 4648 3366 4717 apostolicae,

53 4729 315 4800 μορίας,
346 4729 442 4780 νῦν
473 4728 528 4781 δὲ
559 4729 658 4799 τῆς
686 4730 1055 4800 ἀποστολικῆς
1077 4732 1360 4803 γενόμενοι
1385 4734 1683 4804 φάλαγγος,

1790 4741 1962 4794 nmlos
1989 4739 2150 4794 nobis
2181 4741 2252 4795 ab
2298 4747 2499 4795 occasu
2539 4740 2812 4795 irruentes
2857 4739 3070 4810 gladios
3108 4739 3368 4795 ostende-

45 4819 275 4888 γυμνὰ
307 4821 436 4890 ἡμῖν
465 4820 570 4874 ἀπὸ
594 4821 691 4888 τῆς
725 4821 966 4892 ἐσπὲρας
994 4821 1277 4892 ὁρμῶντες
1302 4825 1367 4876 τι
1399 4824 1529 4894 ξίφη
1555 4826 1683 4879 ἐδεί-

1790 4832 1934 4886 bant.
1970 4830 2087 4886 Sub
2119 4831 2310 4886 horam
2345 4839 2477 4886 vero
2511 4831 2860 4887 tcrtiamdiei
2891 4835 2904 4854 ‘
2947 4833 3013 4885 in-
3037 4832 3223 4887 orbem
3253 4833 3370 4886 col-

47 4925 274 4964 κνυον.
315 4910 452 4981 Περὶ
481 4909 538 4962 δὲ
577 4910 769 4980 τρίτην
807 4909 957 4982 ὥραν
985 4913 1084 4982 τῆς
1136 4913 1346 4983 ἡμέρας
1387 4931 1683 4988 συσπειρα-

1790 4923 1905 4978 ,εοιί
1936 4923 2004 4977 ad
2040 4923 2124 4978 sui
2157 4923 2466 4978 custodiam
2510 4923 2923 4988 incumbebant,
2953 4924 3097 4979 sicut
3137 4939 3368 4994 serpens

46 4999 300 5063 οέντες,
330 4999 428 5070 τῆς
455 5001 662 5064 οἰκείας
694 5002 1017 5073 ἐφρόντιζον
1051 5004 1315 5074 φυλακῆς,
1374 5006 1626 5078 καθάπερ
1653 5009 1681 5062 ὁ

1790 5024 1948 5084 caput
1999 5015 2346 5085 contegebat.
2406 5015 2612 5070 Octava
2668 5015 2886 5071 demum
2945 5016 3078 5069 liora
3132 5014 3366 5086 dispersi

45 5092 204 5160 ὄφις
233 5093 306 5163 τῇ
356 5091 540 5163 κέρκῳ
580 5094 678 5162 τὴν
714 5095 956 5166 κεφαλὴν
1007 5097 1435 5154 συνεκάλυπτεν.
1488 5101 1679 5172 Ὀγδόῃ

1790 5109 1996 5163 facilem
2022 5108 2182 5163 nobis
2205 5109 2257 5162 in
2294 5106 2506 5180 1255
2529 5108 2707 5162 vicum
2732 5108 2938 5161 aditum
2969 5108 3314 5177 pmbucrunt
3351 5128 3363 5166 :

44 5185 119 5239 δὲ
159 5181 297 5255 ὥρᾳ
345 5184 752 5252 σκεδασθέντες,
789 5186 974 5259 χώραν
1017 5191 1152 5261 ἡμῖν
1210 5191 1420 5248 ἔδωκαν
1474 5195 1572 5264 τῆς
1602 5196 1682 5258 εἰς

1790 5200 2077 5270 statimque
2119 5214 2333 5255 aeneum
2382 5210 2691 5269 serpentem
2745 5197 3110 5262 olIendimus,
3157 5199 3250 5268 qui
3299 5199 3368 5254 ab

44 5272 172 5342 τὴν
203 5271 411 5342 κώμην
445 5272 648 5326 εἰσόδου
672 5291 685 5305 ·
719 5277 812 5329 καὶ
840 5279 1159 5348 παραυτίκα
1193 5281 1430 5354 εὕρομεν
1472 5285 1596 5354 ὅφιν
1623 5285 1683 5350 ἐξ

1790 5290 2315 5360 ipsisadorabatur.
2355 5290 2506 5345 Bello
2552 5291 2701 5346 enim
2742 5289 3008 5345 adversus
3041 5290 3360 5345 Creatorem

45 5363 213 5433 ὕλης
270 5363 476 5433 χαλκοῦ
525 5367 918 5437 πεποιημένον,
961 5371 1056 5424 καὶ
1105 5373 1197 5425 ὑπ’
1237 5375 1462 5446 ἐκείνων
1510 5394 1680 5447 προσο

1790 5383 2190 5453 Factoremque
2241 5382 2629 5438 universorum
2661 5391 2850 5453 aperte
2896 5392 3178 5452 suscepto,
3207 5398 3367 5438 exse-

41 5455 460 5527 zuvau’ysvov.
477 5458 580 5511 Τὸν
597 5462 706 5530 γὰρ
736 5461 882 5514 κατὰ
904 5462 999 5514 τοῦ
1024 5466 1369 5537 Δημιουργοῦ
1399 5468 1494 5520 καὶ
1517 5469 1680 5540 Ποιη-

1790 5473 2055 5528 crandum
2081 5482 2424 5544 serpentem,
2467 5481 2732 5545 tanquam
2769 5473 2890 5544 ejus
2921 5473 3154 5536 hostem,
3187 5474 3368 5530 colere
3440 5465 3446 5471 ’

34 5548 163 5606 τοῦ
193 5551 316 5602 τῶν
355 5550 492 5604 ὅλων
527 5553 822 5630 προφανῶς
855 5555 1257 5628 ἀναδεξάμενον
1299 5561 1558 5632 πόλεμον,
1588 5563 1680 5617 τον

1790 5563 2107 5620 studebant.
2149 5564 2422 5630 Quoniam
2478 5573 2660 5620 autem
2711 5563 3022 5620 divinarum
3075 5563 3366 5619 rcvelatio-
3425 5639 3429 5642 _

132 5728 161 5762 ⁸
192 5727 358 5786 Psal.
391 5743 546 5797 cvm,
573 5729 636 5796 4,
659 5729 719 5788 5.
