3898 6196
207 318 266 384 ill
289 320 345 387 15
1397 324 1634 387 RELIG
1647 325 1814 385 IOSA
1888 328 2275 390 HISTORIA.

205 431 368 496 πολὺς
399 431 509 502 γὰρ
538 431 602 486 ἂν
656 431 900 499 ἐγεγόνει
935 428 1135 500 ’φόνος.
1169 433 1218 486 εἰ
1267 433 1340 504 μὴ
1402 437 1522 496 ταῖς
1579 433 1765 487 ἐκείνοι

1895 435 2038 504 apud
2068 452 2156 492 me
2191 433 2488 506 servarem,
2521 455 2620 496 nec
2653 455 2776 496 cum
2822 423 2944 498 aliis
2980 447 3466 518 communicarent.

202 525 519 594 πρεσϐείαις
549 524 780 594 ἐσϐέσθη
814 523 909 577 τοῦ
933 523 1181 599 διαϐόλου
1208 525 1514 596 τὸθράσος.
1547 545 1566 577 ι
1595 524 1765 578 Ταῦτά

1887 526 1958 580 At
1987 542 2088 598 ego
2116 528 2372 584 utilitatis
2396 531 2570 600 gratia
2599 532 2810 604 1247
2843 549 2952 588 non
2979 537 3158 590 solum
3191 540 3379 596 multis
3405 557 3468 597 ea

204 633 294 685 μοι
321 615 742 686 διηγησάμενος.
787 615 1153 685 ’παρεγγύησε
1213 617 1376 687 μόνον
1434 618 1653 680 εἰδέναι,
1686 619 1765 671 κα·

1888 619 2103 672 narravi
2135 620 2232 675 sed
2271 636 2422 676 nunc
2455 624 2617 678 etiam
2652 625 2852 679 litteris
2893 629 3114 682 mando.
3155 626 3262 683 Sed
3294 640 3350 685 et
3378 630 3466 686 Jo-

202 708 278 778 μὴ
335 707 520 760 λαϐεῖν
575 708 770 770 ἄλλους
819 708 1162 792 συνίστορας.
1206 711 1347 779 Ἐγὼ
1389 711 1447 765 δὲ
1511 710 1765 780 ὠφελείας

1887 707 2118 776 sephum
2151 710 2526 779 patriarcham
2561 715 2744 768 aiebat
2773 730 2832 770 se
2859 718 3082 781 vidisse,
3115 732 3254 773 cano
3289 722 3472 791 capite
3502 713 3510 720 ’

198 796 405 858 ἕνεκεν,
451 797 512 848 ού
557 797 723 866 μόνον
773 797 986 861 πολλοῖς
1036 803 1391 869 προσήνεγκα
1423 802 1486 855 τὸ
1511 801 1765 870 διήγημαε

1886 806 2050 865 atque
2100 797 2287 866 barba,
2333 809 2389 855 et
2436 802 2488 855 iu
2545 805 2702 858 senili
2743 813 2905 860 aetate
2946 807 3138 863 forum
3173 803 3470 879 splendore

195 885 331 961 άλλά
357 887 452 938 καὶ
481 889 771 956 συγγραφῇ
807 887 1176 958 παραδίδωμι,
1230 889 1340 942 Καὶ
1382 890 1580 962 Ἰωσὴφ
1605 890 1663 943 δὲ
1689 890 1765 943 τοι

1880 887 2210 954 radiantem,
2239 891 2335 961 qui
2369 892 2422 946 in
2455 893 2575 962 ipso
2605 895 2829 950 virtutis
2862 895 3085 969 fastigio
3125 909 3465 969 postremum

194 978 543 1047 πατριάρχην
573 979 871 1031 θεάσασθαι
906 979 1032 1050 ἔφη,
1071 980 1169 1065 ,καὶ
1194 979 1292 1050 τὴν
1323 981 1566 1048 κεφαλὴν
1594 981 1765 1034 πολιὸι

1881 993 1943 1034 se
1977 987 2297 1045 sanctorum
2336 986 2718 1054 nuncupabat.
2756 1005 2772 1037 ι
2810 986 2943 1041 Nam
2991 1006 3115 1044 cum
3153 1008 3255 1062 ego
3286 994 3464 1061 illum,

191 1068 371 1121 καὶτὸ
405 1070 632 1136 γένειον,
657 1069 750 1134 καὶ
774 1071 832 1123 ἐν
865 1071 1012 1142 γήρα
1058 1071 1157 1141 τῆς
1206 1070 1352 1142 ὥρας
1398 1071 1628 1139 ἀφιέντα
1678 1072 1765 1142 τὴν.

1880 1071 2087 1141 inquit,
2115 1088 2306 1129 eorum
2332 1077 2426 1146 qui
2453 1077 2644 1132 eodem
2689 1079 2742 1133 in
2794 1078 2997 1133 feretro
3029 1092 3192 1136 erant
3224 1085 3464 1152 primum

117 1160 120 1162 ⁷
191 1159 410 1230 αἴγλην,
433 1159 527 1212 καὶ
557 1161 616 1212 ἐν
643 1160 843 1231 ἀρετῆς
872 1160 1134 1232 ἁκρότητι
1175 1159 1407 1237 ἔσχατον,
1431 1161 1620 1214 ἐαυτὸν
1668 1161 1765 1247 τ.ρη

1883 1163 2155 1231 dicerem,
2188 1168 2303 1238 ipse
2327 1171 2582 1225 ultimum
2619 1187 2679 1226 se
2710 1173 3044 1242 appellabat.
3087 1193 3106 1224 ι
3153 1194 3158 1197 ·

195 1257 368 1333 ἁγίων
393 1255 750 1326 ὀνομάζοντα.
785 1274 804 1307 ι
848 1255 1014 1326 Ἐμοῦ
1083 1255 1210 1328 γὰρ,
1275 1256 1432 1328 φησὶ,
1489 1256 1707 1322 πρῶτον
1769 1255 2022 1324 λένοντος
2072 1259 2183 1316 τῶν
2233 1263 2332 1334 τῆς
2375 1263 2550 1336 θήκης
2599 1267 2748 1337 αὐτῷ
2814 1268 3233 1339 κοινωνούντων,
3305 1270 3466 1335 αὐτὸς

188 1353 383 1406 ἑαυτὸν
405 1351 631 1422 ἔσχατον
659 1349 933 1422 ὠνόμαζε.
962 1370 980 1402 ι
1003 1399 1006 1404 ,
2037 1376 2044 1382 ·
2211 1423 2214 1426 γ

257 1446 572 1515 Διηγήσατο
602 1444 659 1498 δέ
692 1461 782 1514 μοι
813 1445 912 1498 καὶ
942 1444 1040 1509 τὰς
1080 1447 1459 1517 γεγενημένας
1493 1445 1644 1516 αύτῷ
1671 1445 1765 1500 ύπὶ

1948 1432 2202 1497 Νητνιίνίι
2221 1451 2479 1512 praeterea
2501 1443 2632 1498 mibi
2664 1445 2997 1516 multiplices
3029 1447 3294 1514 insultus,
3320 1465 3466 1520 quos

183 1535 293 1588 τῶν
347 1535 600 1605 πονηρῶν
677 1535 950 1606 δαιμόνων
1033 1535 1383 1600 παντοδαπὰς
1452 1537 1765 1608 προσϐολάς.

1877 1549 1907 1590 a
1944 1534 2202 1606 pessimis
2247 1532 2594 1589 daanmnibus
2639 1536 2962 1606 pertulerat.
3000 1555 3018 1587 ι
3056 1536 3194 1592 Cum
3223 1538 3462 1609 primum

189 1645 209 1678 ι
247 1627 427 1690 Εὐθὺς
462 1629 560 1697 μὲν
585 1626 719 1698 γάρ,
775 1627 948 1697 ἔλεγε,
1004 1629 1208 1700 ταύτης
1247 1645 1336 1700 μοι
1376 1631 1474 1700 τῆς
1505 1628 1765 1692 πολιτείας

1879 1626 2048 1688 enim,
2078 1624 2279 1685 aiebat,
2303 1623 2410 1677 hoc
2441 1625 2560 1679 vitae
2578 1620 3071 1698 genus'aggressus
3103 1643 3249 1691 sum,
3281 1630 3464 1685 nudus

183 1716 483 1787 ἀρξαμένῳ
521 1717 728 1788 γυμνὸς
755 1717 967 1789 ἑωρᾶτό
1015 1725 1120 1784 τις,
1166 1717 1424 1779 Αἰθίοπος
1455 1718 1592 1788 ἔχων
1613 1719 1672 1772 τὸ
1701 1714 1765 1772 ei-

1879 1717 2016 1772 mihi
2039 1717 2266 1788 quidam
2303 1716 2586 1788 Ᾰίιιιίορίε
2627 1719 2810 1788 specie
2847 1719 3133 1789 apparuit,
3183 1721 3363 1792 ignem
3393 1737 3459 1777 ex

3332 337 3468 401 1M6
3567 331 3582 341 ’

182 1807 294 1872 δος,
333 1807 444 1879 πῦρ
480 1809 545 1861 ἐκ
601 1809 710 1862 τῶν
761 1797 1058 1880 ὀφθαλμῶν
1107 1809 1309 1878 ἀφιείς.
1359 1808 1500 1877 Ἐγὼ
1527 1809 1583 1864 δὲ
1612 1810 1776 1882 ὀρῶν,

182 1901 337 1964 δέους
366 1919 424 1954 τε
450 1901 850 1973 ἐνεπίμλάμην,
877 1902 970 1956 καὶ
1002 1903 1082 1965 είς
1121 1900 1284 1971 εὐχὴν
1314 1901 1644 1972 ἐτρεπόμην,
1681 1903 1775 1956 καὶ

190 1991 520 2062 μεταλαϐεῖν
559 1993 660 2046 οὐκ
699 1991 992 2062 ἠνειχόμην
1023 1991 1121 2062 τῆς
1149 1991 1355 2062 τροφῆς
1379 2007 1392 2022 ·
1423 1993 1542 2045 κατ’
1569 1993 1775 2061 ἐκεῖνον

185 2085 300 2156 γὰρ
319 2085 642 2154 ἐπεφαίνετο
665 2084 753 2138 τὸν
772 2084 980 2156 καιρόν.
1001 2084 1086 2148 Ὧς
1116 2083 1169 2136 δὲ
1197 2085 1357 2149 ἑπτά,
1387 2085 1480 2137 καλ⁵
1493 2083 1654 2150 ὀκτὼ,
1681 2085 1775 2139 καὶ

184 2177 320 2230 δέκα
347 2176 562 2247 διῆλθον
587 2177 811 2248 ήμέραι,
837 2177 930 2230 καί
957 2176 1140 2247 ἄσιτος
1173 2175 1464 2240 διετέλουν,
1481 2175 1642 2241 ,τέλος
1673 2178 1773 2248 τῆς

183 2268 430 2338 πονηρᾶς
470 2267 660 2335 ἐφόδου
695 2267 1134 2338 καταφρονήσας,
1181 2266 1490 2338 καθήμενος
1521 2267 1622 2338 τῆς
1652 2283 1775 2338 τρο-

183 2361 294 2430 φῆς
331 2357 756 2429 μετελάμϐανον.
798 2359 856 2411 ’0
884 2357 940 2412 δὲ
992 2357 1196 2428 ταύτην
1251 2375 1352 2428 μου
1394 2358 1493 2429 τὴν
1541 2360 1774 2429 μεγαλο-

182 2449 462 2521 φροσύνην
493 2449 591 2502 οὐκ
617 2448 883 2518 ἐνεγκὼν,
910 2449 1092 2520 ράϐδῳ
1122 2450 1306 2503 παίειν
1325 2451 1591 2520 ἠπείλει.)
1633 2451 1774 2521 Ἐγὼ

179 2539 261 2604 δὲ,
289 2541 418 2610 ἔφη,
451 2541 637 2609 ἔλεγον
660 2557 673 2571 ο
701 2560 724 2592 τι
753 2541 815 2593 Ei
848 2539 949 2611 μὲν
972 2541 1331 2611 ἐπιτέτραψαι
1366 2542 1516 2612 παρά
1544 2541 1638 2596 τοῦ
1665 2544 1773 2597 τῶν

177 2633 322 2685 ὅλων
349 2633 646 2701 Δεσπότου,
679 2634 824 2694 παῖε,
859 2634 955 2686 καὶ
991 2633 1214 2704 δέξομαι
1274 2633 1397 2705 μεθ’
1445 2635 1637 2706 ἡδονῆς
1675 2636 1772 2706 τὴν

176 2723 420 2794 πληγὴν,
453 2724 531 2786 ὼς
596 2723 687 2778 ὑπ’
741 2723 953 2777 ἐκείνου
1011 2725 1306 2795 παιόμενος
1331 2741 1344 2755 ·
1381 2728 1429 2779 εί
1470 2726 1526 2780 δὲ
1569 2726 1646 2798 μὴ
1671 2729 1772 2780 ἐπ-

177 2816 451 2887 ετράπης,
483 2817 542 2870 ού
575 2817 814 2881 παίσεις,
841 2817 944 2870 κᾶν
976 2818 1236 2887 μυριάκις
1265 2818 1557 2890 λυττήσῃς.
1588 2838 1607 2872 ι
1631 2818 1769 2872 Τού-

175 2922 290 2958 των
325 2906 564 2970 ἀκούσας
591 2907 952 2979 ἐδραπέτευσε
980 2910 1099 2962 τότε
1119 2924 1132 2938 °
1169 2911 1304 2963 ἀλλὰ
1341 2911 1504 2965 πάλιν
1529 2912 1770 2983 κρύϐδην

175 2997 666 3054 διετέλειλυττῶν.
702 3001 774 3053 Τὸ
808 3003 914 3072 γάρ
941 3002 1023 3065 δίς
1059 3021 1148 3072 μοι
1186 3001 1285 3074 τῆς
1316 3003 1610 3074 ἑϐδομάδος
1638 3005 1770 3060 κάτ-

177 3090 326 3144 ωθεν
355 3089 715 3161 κομιζόμενον
747 3091 911 3162 ὕδωρ,
944 3092 1200 3148 ἀπαντῶν
1239 3092 1315 3161 τῷ
1345 3093 1643 3164 κομίζοντι,
1674 3096 1770 3150 καὶ

1880 1806 2062 1885 oculis
2104 1806 2380 1862 emittens.
2425 1807 2598 1875 Cujus
2645 1819 2867 1879 aspectu
2898 1813 3198 1867 exterritus
3231 1805 3459 1868 ad‘ora-

1880 1898 2086 1954 tionem
2136 1912 2223 1953 me
2270 1901 2548 1963 converti.
2591 1907 2645 1954 et
2685 1901 2866 1955 cibum
2904 1916 3104 1971 capere
3141 1920 3250 1958 non
3284 1907 3457 1975 potui,

1876 1991 2008 2062 quia
2036 1989 2139 2045 sub
2170 1988 2224 2044 id
2247 1998 2464 2061 tempus
2495 1991 2852 2062 spectandum
2873 2008 2931 2047 se
2953 1993 3138 2050 dabat.
3161 1997 3300 2051 Cum
3332 2013 3459 2054 vero

1877 2092 2108 2153 septem,
2142 2088 2290 2149 octo,
2324 2097 2391 2138 ac
2421 2083 2612 2138 decem
2640 2082 2754 2152 jam
2800 2084 2972 2156 elapsi
3012 2085 3132 2142 dies
3165 2097 3370 2156 essent,
3403 2099 3459 2145 et

1870 2170 2098 2244 jejunus
2127 2188 2529 2244 permanerem,
2564 2175 2782 2231 tandem
2837 2178 3034 2250 acerba
3091 2179 3448 2237 iufestatione

1875 2273 2192 2336 contempta
2214 2267 2399 2322 cibum
2431 2266 2632 2322 sedens
2666 2269 2896 2337 sumpsi.
2938 2268 3113 2335 Quam
3159 2265 3250 2328 ille
3283 2273 3454 2332 animi

1875 2361 1981 2417 mei
2017 2359 2388 2420 constantiam
2417 2375 2528 2438 non
2560 2360 2762 2424 ferens.
2796 2364 2813 2381 ‘
2849 2347 3191 2432 virgaeictus
3220 2364 3457 2419 intenta-

1875 2452 1987 2510 bat.
2023 2471 2042 2504 ι
2088 2452 2233 2522 «Ego
2263 2465 2390 2508 vero
2419 2451 2686 2518 dicebam,
2710 2453 2830 2508 ait:
2860 2462 2878 2505 ι
2903 2453 2957 2507 Si
2977 2454 3196 2524 quidem
3231 2456 3334 2511 hoc
3357 2457 3453 2512 tibi

1874 2546 1943 2600 ab
1967 2545 2351 2601 universorum
2377 2543 2612 2599 Domino
2637 2545 2970 2616 permissum
2995 2555 3103 2611 est,
3131 2557 3381 2618 percute,
3401 2557 3457 2606 et

1871 2636 2061 2707 plagas
2093 2635 2327 2690 libenter
2359 2641 2621 2704 tanquam
2653 2635 2724 2690 ab
2768 2651 2833 2690 co
2882 2635 3122 2692 inﬂictas
3160 2637 3453 2709 accipiam.

1873 2727 2028 2792 Quod
2085 2727 2131 2781 si
2181 2726 2514 2796 permissum
2556 2742 2663 2781 non
2717 2727 2816 2792 sit,
2872 2728 3098 2782 minime
3147 2731 3452 2800 percuties,

1871 2818 2073 2873 millies
2097 2818 2348 2888 quamvis
2378 2833 2504 2872 cum
2538 2818 2728 2874 furore
2752 2820 3014 2876 insanias.
3049 2839 3069 2871 ι
3116 2819 3214 2878 His
3229 2823 3453 2890 auditis,

1872 2908 1998 2980 fuga
2017 2917 2148 2964 tunc
2165 2925 2222 2966 se
2245 2910 2552 2981 proripuit:
2585 2911 2682 2966 sed
2705 2911 2845 2966 clam
2869 2928 3090 2990 rursum
3128 2913 3311 2970 furere
3341 2931 3450 2970 non

1854 2999 2057 3058 'desiit.
2091 3000 2304 3072 Aquam
2331 3003 2504 3068 enim,
2529 3018 2654 3074 quae
2679 3003 2766 3058 bis
2801 3003 2870 3058 ad
2902 3002 2987 3058 me
3020 3020 3116 3074 per
3148 3003 3451 3060 hebdoma-

1870 3093 1995 3148 dam
2019 3107 2084 3148 ex
2119 3091 2380 3149 inferiore
2405 3095 2530 3149 loco
2560 3093 2930 3159 aﬂ'erebatur,
2973 3097 3022 3150 ei
3060 3099 3152 3166 qui
3189 3097 3452 3152 aﬂ‘erebat

177 3181 240 3236 τὸ
263 3182 396 3253 ἐμὸν
427 3178 564 3246 εἶδος
598 3183 956 3254 μιμούμενος,
995 3183 1290 3254 ἐλάμϐανε,
1319 3185 1409 3237 καὶ
1427 3186 1650 3240 ἀπιέναι
1675 3204 1765 3240 κε-

1870 3197 2188 3248 occurrens,
2212 3185 2534 3252 vultumque
2566 3197 2749 3236 meum
2769 3184 3101 3246 ementiens,
3121 3183 3449 3252 accipiebat.

178 3275 356 3328 λεύων
390 3276 594 3332 ἐκεῖνον
625 3275 800 3346 ἐξέχει
821 3276 882 3330 τὸ
910 3279 1080 3348 νᾶμα,
1128 3277 1238 3331 Καὶ
1259 3276 1418 3331 τοῦτο
1452 3279 1512 3331 ού
1545 3279 1631 3342 δὶς
1682 3279 1772 3349 μόο

179 3385 292 3430 νον,
323 3368 456 3420 ἀλλὰ
491 3370 739 3441 καῖτρὶς
797 3371 1050 3441 ποιήσας,
1077 3371 1137 3424 τὸ
1175 3370 1270 3424 τοῦ
1301 3371 1489 3442 δίψους
1548 3389 1637 3443 μοι
1667 3374 1768 3425 ἐπ-

178 3461 510 3530 εστράτευσε
567 3461 758 3525 πάθος.
793 3463 1004 3532 Σφόδρα
1038 3463 1094 3516 δὲ
1125 3462 1387 3528 ἀνιαθεὶς,
1435 3463 1652 3534 ἠρόμην
1678 3463 1769 3518 τδν

179 3553 409 3607 εἰωθότα
461 3554 733 3623 κομίζειν·
773 3573 791 3604 ι
830 3555 893 3606 Τί
963 3556 1024 3626 δή
1096 3574 1226 3610 ποτε
1280 3557 1442 3610 πέντε
1498 3559 1589 3610 καὶ
1635 3557 1768 3612 δέκα

178 3644 505 3698 διελθουσῶν
536 3646 758 3716 ἡμερῶν
790 3646 889 3699 οὐκ
919 3647 1180 3717 ἐκόμισας
1205 3648 1378 3718 ῦδωρ;
1427 3666 1444 3699 ι
1483 3648 1543 3701 '0
1575 3648 1632 3703 δὲ
1649 3650 1767 3720 τρὶς

179 3739 334 3808 ελεγε
365 3740 458 3791 καὶ
490 3740 750 3810 τετράκις
811 3739 1190 3809 κεκομικέναι,
1253 3739 1347 3793 καί
1394 3757 1463 3810 με
1503 3739 1658 3794 τοῦτο
1677 3741 1766 3794 δε-

176 3830 385 3900 δέχθαι.
423 3848 441 3882 t
489 3832 597 3884 Kal.
621 3831 724 3885 πού
764 3831 942 3897 τοῦτο,
1003 3830 1160 3902 ἔφην,
1215 3831 1326 3902 ἐγὼ
1371 3833 1519 3903 παρὰ
1545 3831 1637 3886 σοῦ
1669 3833 1767 3901 φέ-

179 3941 366 3994 ροντος
391 3925 693 3996 ἐδεξάμην;
727 3945 746 3978 ι
790 3927 874 3990 Ὠς
893 3925 949 3980 δὲ
980 3925 1070 3980 τὸν
1099 3921 1262 3979 τόπον
1290 3925 1535 3992 ὑπέδειξε
1563 3943 1578 3958 ο
1608 3944 1627 3976 ι
1649 3925 1766 3985 Κᾶν

181 4017 463 4085 μυριάκις,
493 4017 651 4087 ἔφην,
688 4019 804 4070 ἐκεῖ
841 4035 906 4087 με
949 4017 1120 4086 θεάσῃ
1167 4019 1630 4088 παραγινόμενον,
1691 4015 1765 4088 μὴ

176 4105 285 4175 δῷς
313 4107 372 4158 τὸ
410 4107 650 4174 ἀγγεῖον.
682 4108 786 4168 ’ἐως
841 4110 920 4170 εἰς
963 4106 1151 4160 τοῦτον
1202 4106 1377 4176 ἀφίκῃ
1407 4107 1495 4159 τὸν
1522 4107 1706 4160 τόπον.
1741 4123 1760 4157 ι

177 4196 339 4250 Οὕτω
379 4199 472 4249 καὶ
498 4200 703 4267 ταύτην
760 4197 926 4250 αὑτοῦ
979 4198 1086 4266 τὴν
1134 4196 1429 4267 ἐπιϐουλὴν
1482 4196 1762 4263 διαλύσας,

177 4283 334 4350 αὖθις
363 4288 552 4358 ἐτέρας
585 4288 872 4358 ἐπειράθη.
900 4288 1002 4359 Boii
1033 4287 1142 4358 γὰρ
1175 4287 1392 4359 νύκτωρ
1419 4289 1764 4360 χρησάμενος

175 4381 305 4451 ἔφη,
327 4382 406 4434 ὃτι
435 4399 450 4431 ι
481 4381 549 4436 Σὲ
565 4380 834 4453 τοσαύτης
862 4381 1126 4444 δυσωδίας
1145 4381 1431 4452 ἐμπλήσω,
1460 4384 1552 4435 καὶ
1570 4381 1764 4435 τοταύ-
1801 4437 1805 4441 ,

172 4487 276 4542 τήν
311 4471 598 4526 δύσκλειαν
624 4475 1042 4535 κατασκευάσω,
1069 4473 1145 4535 ὡς
1187 4472 1394 4543 μηδένα
1426 4491 1485 4526 σε
1516 4474 1762 4546 μηδαμό-

1871 3285 2045 3341 eoque
2077 3286 2204 3326 mox
2236 3270 2469 3346 dimisso
2495 3279 2666 3326 totam
2693 3271 3203 3340 eﬂ‘undebat.Quod
3243 3274 3446 3328 iterum

1871 3378 1936 3418 ac
1970 3353 2132 3419 tertio
2162 3380 2286 3419 cum
2333 3364 2574 3428 fecisset,
2617 3364 2799 3419 valida
2841 3381 2928 3421 me
2957 3366 3047 3420 siti
3089 3367 3449 3437 oppugnavit,

1873 3455 2137 3528 gravique
2169 3454 2399 3511 allectus
2433 3454 2685 3510 molestia
2712 3495 2726 3517 ,
2759 3455 2986 3525 quaesivi
3029 3470 3094 3510 ex
3123 3471 3188 3510 eo
3227 3456 3319 3524 qui
3350 3456 3448 3511 de-

1874 3549 2020 3605 ferre
2043 3555 2407 3606 consueverat
2431 3566 2444 3602 :
2476 3566 2494 3598 ι
2521 3547 2704 3614 Quare
2733 3563 2828 3619 per
2848 3547 3167 3618 quindecim
3197 3549 3299 3603 bos
3331 3548 3447 3604 dies

1869 3657 2067 3715 aquam
2113 3657 2224 3696 non
2263 3640 2542 3695 attulisti?
2580 3657 2598 3691 ι
2645 3650 2694 3694 et
2733 3631 2856 3694 cum
2894 3640 2985 3693 ille
3029 3654 3086 3693 se
3116 3647 3199 3693 ter
3232 3637 3449 3709 1248

1849 3742 2168 3810 quaterque
2204 3734 2479 3792 attulisse.
2503 3747 2697 3802 meque
2731 3731 3039 3802 accepisse,
3072 3730 3313 3785 diceret:
3350 3730 3448 3785 «Et

1865 3842 2016 3898 quo,
2050 3828 2296 3907 inquam,
2340 3827 2460 3881 loco
2499 3825 2598 3887 abs
2632 3831 2684 3879 te
2725 3823 2939 3878 allatam
2976 3821 3202 3892 accepi?
3239 3839 3260 3874 ι
3286 3837 3446 3876 cum-

1867 3935 1974 3990 que
1996 3924 2176 3975 locum
2203 3918 2540 3976 ostendisset
2574 3936 2589 3951 ο
2636 3937 2654 3970 ι
2683 3917 2878 3972 Millies
2913 3915 3060 3980 licet,
3094 3914 3232 3979 dixi,
3264 3929 3330 3968 eo
3356 3929 3448 3969 ve-

1866 4013 2107 4067 nientem
2132 4010 2356 4071 videris,
2389 4025 2486 4073 vas
2509 4024 2576 4062 ne
2603 4010 2831 4074 tradito,
2865 4009 3183 4078 priusquam
3208 4007 3276 4062 ad
3299 4009 3445 4061 bunc

1866 4103 2050 4158 locum
2079 4100 2416 4170 perveneris.
2449 4117 2469 4150 ι
2506 4096 2620 4152 Hac
2651 4099 2772 4167 ejus
2793 4113 3012 4166 quoque
3038 4097 3444 4152 machinatione

1867 4195 1948 4249 sic
1979 4206 2196 4258 eversa,
2226 4190 2388 4244 aliam
2430 4195 2626 4242 rursus
2663 4187 2912 4241 tentavit.
2951 4184 3123 4240 Noctu
3159 4187 3303 4240 enim
3347 4201 3445 4241 vo-

1864 4284 2140 4340 ciferans:
2180 4300 2198 4334 ι
2232 4278 2430 4341 Tanto,
2460 4277 2660 4348 inquit,
2689 4277 2861 4332 fetore
2889 4285 2940 4331 te
2973 4276 3232 4345 implebo,
3265 4283 3444 4331 tanta-

1865 4389 1972 4446 que
2025 4387 2312 4444 aspergam
2365 4371 2637 4434 infamia,
2691 4381 2749 4424 ut
2801 4369 2993 4448 oculos
3043 4367 3108 4422 ad
3167 4377 3219 4424 te
3283 4383 3445 4423 nemo

1873 4483 2103 4539 usquam
2131 4466 2415 4529 hominum
2444 4464 2686 4534 adjiciat.
2721 4481 2738 4514 ι
2767 4461 2978 4529 Quibus
3015 4461 3089 4542 ita
3126 4477 3186 4516 se
3217 4477 3443 4532 respon-

174 4563 268 4616 θεν
291 4563 589 4620 θεάσασθαι
612 4565 917 4636 ἄνθρωπον.
951 4585 968 4616 ι
1006 4563 1148 4633 Ἐγὼ
1171 4564 1249 4629 δὲ,
1284 4563 1409 4633 ἔφη,
1433 4544 1762 4636 πρὺςνταῦτα

1867 4559 2016 4616 disse
2035 4558 2286 4614 dicebat:
2313 4558 2410 4609 «At
2429 4572 2531 4626 ego
2549 4555 2868 4609 tibibabebo
2894 4552 3311 4625 gratiam,quod
3335 4551 3440 4606 ini-
3537 4566 3540 4570 '

173 4656 558 4728 ἀπεκρινάμην
582 4700 595 4721 ,
623 4659 706 4712 ὅτι
739 4677 756 4708 ι
781 4659 872 4710 Σοι
896 4657 1056 4728 χάριν
1086 4656 1408 4727 ὁμολογήσω
1425 4672 1438 4685 °
1475 4657 1627 4711 ἄκων
1653 4657 1762 4728 γὰρ

99 4767 104 4771 -
172 4746 562 4817 εὖεργετήσεις
615 4747 708 4803 τὸν
750 4747 1013 4816 δυσμενῆ,
1049 4747 1210 4800 πλέον
1259 4747 1527 4817 ἐντρυφᾷν
1562 4751 1626 4818 τῇ
1671 4749 1765 4802 τοῦ

171 4835 309 4889 Θεοῦ
336 4838 527 4908 μνήμῃ
565 4837 1026 4908 παρασκευάζων.
1093 4836 1299 4907 Σχολῆς
1361 4838 1472 4908 γὰρ
1519 4837 1764 4902 πλείονος

170 4925 489 4986 ἀπολαύων.
521 4927 683 4998 ἔργον
721 4931 908 4998 σχήσω
947 4927 1188 4998 διηνεκὲς
1222 4926 1316 4979 τοῦ
1352 4927 1497 4981 θείου
1534 4929 1764 4992 κάλλους

167 5018 270 5085 τὴν
296 5019 622 5085 φαντασίαν.
669 5037 686 5069 ι
727 5020 953 5088 Ὀλίγων
973 5023 1154 5073 τοίνυν
1175 5018 1498 5072 διελθουσῶν
1513 5019 1756 5090 ἡμερῶν,

172 5110 445 5181 μεσούσης
469 5111 683 5181 ἡμέρας
707 5112 805 5182 τὴν
829 5111 1086 5166 εἰωθυῖαν
1109 5112 1449 5182 λειτουργίαν
1474 5112 1756 5177 ἐπιτελῶν,

167 5202 300 5271 ὁρῶ.
334 5202 460 5272 ἐφη,
520 5203 615 5256 δύο
674 5205 752 5277 ἐκ,
787 5205 882 5258 τοῦ
913 5205 1074 5277 ὅρους
1120 5204 1414 5267 κατιούσας
1467 5206 1754 5272 γυναῖκας.

181 5293 322 5363 Ἐγὼ
349 5295 406 5348 δὲ
439 5295 500 5348 τὸ
524 5295 692 5365 ἄηθες
719 5295 1082 5369 δυσχεράνας,
1112 5296 1207 5350 καὶ
1236 5295 1405 5360 λίθοις
1423 5297 1603 5366 βαλεῖν
1633 5299 1756 5350 ἐπι·-

165 5386 452 5458 χειρήσας,
513 5387 614 5456 τῆς
657 5388 754 5442 τοῦ
826 5389 1124 5460 ἀλάστορος
1175 5389 1408 5461 ἀπειλῆς
1450 5389 1750 5461 ἐμνήσθην,

168 5475 262 5529 καὶ
283 5476 488 5547 ταύτην
517 5478 792 5533 ὑπέλαϐον
855 5476 996 5535 εἶναι
1051 5482 1150 5550 τὴν
1194 5480 1504 5534 δύσκλειαν.
1543 5481 1755 5550 ’Ἑφθήν

165 5567 347 5620 τοίνυν
374 5567 596 5638 βοήσας,
647 5570 723 5634 ὼς
751 5573 800 5624 εί
834 5572 928 5626 καὶ
974 5573 1082 5635 τοῖς
1139 5570 1308 5642 ὤμοις
1352 5570 1752 5632 ἐπικαθίσαιεν.

165 5659 228 5711 ού
257 5657 404 5729 βαλῶ
434 5662 546 5716 τοῖς
577 5659 768 5726 λίθοις,
804 5662 866 5715 ού
889 5661 1087 5729 διώξω,
1125 5661 1262 5734 μόνῃ
1295 5662 1352 5716 δὲ
1390 5663 1667 5732 χρήσομαι
1690 5663 1752 5730 τῇ

172 5753 472 5824 προσευχῇ.
498 5743 684 5806 Ταῦτα
706 5753 865 5825 ἔφην,
883 5757 936 5809 αί
961 5753 1015 5806 δὲ
1039 5755 1258 5826 φρουδοι
1283 5753 1373 5822 ἐγέ
1392 5771 1546 5822 ιοντο,
1567 5753 1659 5806 καὶ
1683 5753 1758 5815 τῷ

1863 4653 2072 4706 micum
2106 4652 2298 4705 nolens
2320 4648 2521 4703 aﬂicies
2542 4646 2828 4710 beneﬁcio,
2858 4645 2960 4701 hoc
2990 4644 3249 4699 nimirum
3275 4657 3442 4713 agens

1863 4745 2016 4800 utin
2068 4743 2159 4798 Dei
2216 4741 2599 4797 recordatione
2654 4739 2880 4794 uberius
2932 4738 3262 4804 oblectetur.
3310 4735 3442 4808 Plus

1859 4815 2006 4892 enim
2045 4834 2145 4889 otii
2181 4841 2343 4888 nacto
2381 4839 2714 4902 perpetuum
2767 4845 2906 4899 opus
2938 4827 3044 4882 erit
3085 4827 3284 4882 divinae
3318 4825 3436 4896 pul-

1861 4928 2200 4984 cbritudinis
2227 4925 2641 4995 contemplatio.
2670 4942 2688 4974 ι
2712 4922 2912 4977 Paucis
2949 4922 3113 4990 igitur
3141 4919 3442 4974 transactis

1861 5019 2078 5086 diebus,
2099 5034 2222 5073 cum
2252 5019 2470 5073 solitam
2508 5015 2786 5086 liturgiam
2820 5014 3051 5069 meridie
3082 5024 3394 5082 peragerem
3422 5046 3438 5070 ,

1868 5130 1887 5164 ι
1911 5111 2078 5176 Duas,
2114 5110 2315 5181 inquit,
2343 5107 2576 5164 fetninas
2611 5106 2676 5161 de
2703 5112 2886 5159 monte
2913 5100 3314 5158 descendentes
3355 5097 3437 5151 vi-

1861 5203 1985 5259 deo.
2019 5222 2038 5257 ι
2063 5204 2266 5258 Etcum
2300 5216 2358 5256 re
2386 5201 2610 5255 insolita
2642 5197 2998 5268 perturbatus
3026 5193 3301 5264 lapidibus
3332 5192 3438 5246 im-

1859 5305 2047 5367 petere
2081 5307 2354 5364 pararem,
2382 5306 2578 5347 venere
2610 5290 2664 5342 iu
2700 5297 2936 5341 mentem
2967 5285 3128 5370 minae
3155 5282 3434 5344 scelerati,

1854 5398 2021 5458 atque
2035 5387 2174 5440 banc
2188 5399 2311 5440 esse
2331 5383 2614 5438 inl'amiam
2636 5381 2782 5436 illam
2801 5379 3034 5448 conjeci.
3051 5376 3230 5446 Quare
3244 5390 3437 5447 magna

1859 5493 1994 5534 voce
2015 5483 2369 5531 antevertens
2403 5474 2546 5537 dixi,
2581 5488 2666 5528 me
2693 5473 2836 5536 illas,
2865 5471 2992 5526 licet
3023 5469 3266 5550 humeris
3302 5469 3438 5523 meis

1860 5565 2188 5633 insiderent,
2221 5582 2322 5623 nec
2355 5566 2629 5637 lapidibus
2663 5565 3060 5637 appetiturum,
3084 5577 3185 5618 nec
3216 5563 3438 5616 insecu-

1860 5670 2068 5724 turum,
2100 5658 2195 5716 sed
2226 5661 2363 5716 solis
2391 5645 2651 5731 precibus
2700 5663 3101 5728 pugnaturum.
3133 5651 3258 5707 Haec
3292 5667 3434 5723 ego:

1859 5755 1963 5808 illae
1991 5768 2118 5808 vero
2136 5761 2504 5820 evanuerunt,
2528 5759 2722 5808 etcum
2753 5746 2933 5805 verbis
2950 5746 3257 5804 meisﬁnem
3289 5742 3439 5813 cepit
