3898 6196
199 277 325 360 ius

1408 273 1814 337 RELIGIOSA
1852 271 2235 332 HISTORIA.

3311 273 3447 340 1450

199 406 266 460 μη
295 389 410 452 τοῖς
451 386 856 458 ἀσθενεστέροις
903 387 963 440 τὸ
1021 385 1224 457 πλῆθος
1263 388 1517 451 ἀπιστίας
1540 388 1765 457 γένηται

1875 385 2140 439 firmante.
2174 383 2313 450 Quia
2344 396 2476 440 vero
2501 384 2568 439 ad
2603 393 2854 455 posteros
2885 400 3103 457 quoque
3135 393 3448 460 transgres-

195 479 486 548 πρόφασις.
540 478 665 541 Τοῖς
709 478 808 548 μὲν
846 477 957 548 γὰρ
991 476 1271 546 όρῶσιτὺν
1309 476 1450 531 θεῖον
1479 475 1765 546 ἄνθρωπον

194 571 339 624 οὐδὲν
379 568 621 623 τοιοῦτον
663 569 958 639 λεγόμενον
1029 569 1291 622 ἀπίθανον
1346 567 1762 636 καταφαίνεται,

194 665 288 732 τῆς
341 659 626 732 όρωμένης
685 660 888 730 ἀρετῆς
940 658 1264 730 βεϐαιούσης
1328 659 1396 712 τὰ
1473 657 1762 727 λεγόμενα.

195 753 410 821 Ἐπειδὴ
447 752 505 804 δὲ
537 754 630 806 καὶ
686 755 767 816 είς
807 754 935 816 τοὺς
973 751 1200 824 ὕστερον
1245 751 1538 822 ἐσομένους
1573 749 1636 802 τὸ
1671 749 1765 802 τοῦ

193 844 528 914 διηγήματος
559 843 878 914 διαϐήσεται
929 844 1293 915 σύγγραμμα,
1330 841 1661 911 ἀπιστότερα
1708 840 1765 894 δὲ

192 935 299 997 τοῖς
333 933 550 995 πολλοῖς
571 932 642 986 τὰ
660 927 777 987 ὦτα
801 933 913 988 τῶν
943 932 1261 1004 ὀφθαλμῶν,
1295 934 1362 1004 τῇ
1389 931 1643 1000 ἀσθενείᾳ
1659 931 1766 986 τῶν

192 1025 494 1078 ἀκουόντων
554 1025 906 1096 μετρήσομεν
934 1025 1031 1094 τήν
1069 1025 1339 1097 διήγησιν.
1375 1022 1562 1093 Τούτῳ
1589 1021 1767 1076 τοίνυν

192 1114 546 1186 ᾠκοδόμησαν
601 1117 697 1187 μὲν
761 1117 856 1170 καὶ
911 1116 1061 1171 ἀλλοι
1121 1117 1289 1188 σηκὸν
1337 1117 1590 1186 μέγιστον
1618 1116 1675 1168 ὲν
1699 1115 1765 1184 τῇ

193 1203 506 1276 πελαζούσῃ
537 1204 721 1276 κώμῃ,
769 1206 830 1258 ού
883 1205 1101 1270 πολλοῖς
1159 1205 1450 1273 ἀφεστῶτα
1496 1205 1763 1268 σταδίοιςο

190 1295 572 1350 κατεσκεύασα
600 1297 658 1351 δὲ
707 1296 864 1366 κάγὼ
918 1297 1093 1369 θήκην
1121 1299 1179 1350 ὲν
1212 1297 1290 1368 τῷ
1319 1297 1427 1350 τῶν
1457 1297 1770 1350 ἀποστόλων

192 1387 518 1441 καλλινίκων
549 1388 723 1459 σηκῷ.
766 1389 928 1442 Ἀλλὰ
981 1389 1140 1443 τοῦτο
1195 1389 1380 1460 μαθὼν
1425 1391 1454 1443 ὁ
1501 1390 1644 1453 θεῖος
1673 1388 1769 1442 άν-

190 1480 425 1552 θρωπος,
459 1481 632 1534 πολλά
665 1499 733 1552 με
777 1481 1037 1545 πολλάκις
1082 1481 1432 1552 ὲλιπάρησεν,
1475 1481 1534 1534 ὲν
1577 1480 1770 1550 ἐκείνῳ

189 1572 268 1644 τῷ
291 1573 408 1644 ὄρει
440 1575 584 1644 ταφῇ
641 1573 972 1645 παραδοῦναι
1020 1573 1080 1628 τὸ
1136 1573 1316 1645 σῶμα.
1357 1571 1498 1642 Ἐγὼ
1536 1573 1592 1627 δὲ
1617 1568 1771 1628 εἶπον

194 1665 474 1731 πολλάκις,
513 1665 590 1729 ὡς
622 1666 683 1720 ού
741 1667 1011 1739 προσήκει
1055 1665 1150 1720 τὸν
1176 1667 1275 1737 τῆς
1318 1665 1599 1738 παρούσης
1625 1665 1771 1736 ζωῆς

193 1755 570 1826 ἀμελήσαντα,
621 1759 800 1830 ταφῆς
850 1757 1184 1830 ποιήσασθαι
1236 1759 1515 1830 πρόνοιαν.
1572 1758 1660 1823 Ὦς
1711 1759 1769 1812 δὲ

189 1845 347 1899 τοῦτο
383 1847 534 1918 αὐτῷ
561 1848 901 1920 καταθύμιον
929 1845 1087 1914 εῒδον,
1107 1851 1376 1904 ἐπένευσα
1409 1867 1489 1918 τε,
1527 1851 1622 1904 καὶ
1643 1867 1769 1903 συν-

191 1936 418 2009 εθέμην,
453 1942 548 1992 καὶ
576 1939 675 2011 τὴν
723 1941 972 2013 λάρνακα
1015 1941 1292 2012 τμηθῆναί
1347 1958 1429 2008 τε,
1483 1941 1576 1994 καὶ
1608 1957 1769 2010 κομι-

192 2030 388 2098 σθῆναι
441 2031 552 2085 ἄνω
607 2033 904 2103 πεποίηκα.
937 2030 1092 2086 Ἐπεὶ
1138 2034 1193 2088 δὲ
1235 2035 1328 2087 τὸν
1363 2033 1511 2087 λίθον
1538 2033 1644 2086 ὑπὸ
1672 2033 1770 2103 τῆς

192 2121 406 2190 πάχνης
436 2121 792 2194 φθειρόμενον
826 2120 987 2188 εἶδον,
1011 2123 1204 2194 μικρὸν
1220 2124 1460 2177 οἰκίσκον
1494 2121 1772 2194 ἐπέτρεψα

193 2212 446 2281 γενέσθαι
496 2217 564 2285 τῇ
602 2214 850 2286 λάρνακι.
899 2216 1055 2268 Ἐπεὶ
1095 2214 1152 2267 δὲ
1200 2215 1478 2277 ἐκέλευσε,
1534 2215 1628 2268 καὶ
1671 2213 1772 2286 τὴν

190 2305 480 2376 οἰκοδομήν
532 2306 1003 2378 συμπεράναντες,
1039 2307 1130 2359 τὸν
1156 2307 1349 2377 ὄροφον
1397 2307 1770 2378 ἐπεθήκαμεν,

201 2416 220 2448 ι
259 2397 372 2449 Οὐκ
435 2397 719 2468 ἀνέξομαι,
777 2398 903 2468 ἔφη,
939 2397 1130 2451 τοῦτον
1186 2395 1445 2450 Ἰακώϐου
1489 2396 1772 2450 καλεῖσθαι

189 2487 385 2555 τάφον,
437 2488 575 2542 ἀλλά
631 2488 892 2559 βούλομαι
952 2488 1059 2542 τῶν
1112 2488 1439 2543 καλλινίκων
1481 2487 1773 2559 μαρτύρων

188 2577 380 2631 τοῦτον
413 2579 668 2646 γενέσθαι
704 2581 894 2652 σηκὸν,
928 2580 1026 2650 ἐμὲ
1053 2579 1108 2633 δὲ
1138 2574 1228 2633 οἷά
1254 2597 1374 2632 τινα
1402 2579 1652 2650 μέτοικον
1689 2581 1769 2645 είς

181 2671 384 2741 ἑτέραν
407 2672 621 2726 κεῖσθαι
651 2673 846 2744 θήκην,
875 2676 1162 2745 παροικεῖν
1190 2674 1376 2737 αὐτοῖς
1407 2672 1761 2744 ἠξιωμένον.»

175 2766 227 2817 Κ
248 2766 303 2816 αὶ
330 2766 504 2818 ταῦτα
529 2767 588 2818 οὐ
619 2767 776 2837 μόνον
801 2761 973 2832 εἶπεν,
997 2766 1133 2820 ἀλλά
1158 2768 1252 2820 καὶ
1277 2765 1490 2836 ἔδρασε.
1509 2766 1621 2820 Καὶ
1637 2764 1766 2819 πολ-

171 2855 320 2918 λοὺς
345 2856 445 2922 μὲν
461 2859 769 2929 προφήτας,
790 2859 1022 2922 πολλοὺς
1035 2859 1091 2912 δὲ
1115 2857 1466 2921 ἀποστόλους,
1486 2857 1771 2920 πλείστους

174 2946 251 2999 δὲ.
279 2945 360 2998 ὅτι
406 2946 709 3017 μάρτυρας,
774 2949 1112 3019 πανταχόθεν
1161 2947 1510 3016 συναγαγὼν,
1565 2949 1622 3001 ὲν
1673 2947 1773 3017 μιᾷ

1871 488 2001 528 sura
2034 484 2118 530 est
2146 473 2347 529 litteris
2385 474 2698 546 conscripta
2739 477 3021 540 narratio,
3054 475 3448 550 difﬁciliusque

1869 564 2034 635 vulgo
2059 564 2290 618 credunt
2313 578 2475 620 aures
2501 577 2664 634 quam
2697 566 2863 632 oculi,
2893 567 3234 623 audientium
3276 570 3450 626 imbe-

1869 655 2101 711 cillitate
2127 655 2420 710 metiemur
2451 657 2848 711 narrationem.
2880 657 3020 713 Huic
3046 659 3212 730 igitur
3249 669 3302 716 et
3353 663 3446 716 alii

1869 748 2039 802 aedem
2083 747 2380 802 maximam
2423 748 2769 803 zedificarunt
2817 751 3002 806 vicino
3043 752 3099 807 in
3139 755 3262 808 vico
3295 755 3445 809 haud

1871 838 2062 894 multis
2092 837 2292 893 stadiis
2321 838 2642 903 distantem,
2675 847 2730 894 et
2758 856 2858 908 ego
2892 855 3112 910 quoque
3151 845 3334 897 arcam
3367 843 3446 898 illi

1871 931 2060 1003 paravi
2118 931 2177 986 in
2241 930 2450 1000 templo
2519 929 2981 999 triumphantium
3047 934 3444 1003 apostolorum.

1871 1023 2028 1090 Quod
2053 1037 2179 1078 cum
2219 1020 2540 1078 rescivisset
2571 1021 2654 1076 vir
2678 1021 2922 1086 divinus,
2959 1024 3150 1080 multis
3177 1038 3266 1080 me
3304 1040 3447 1095 sape

1871 1116 2182 1172 obtestatus
2206 1120 2315 1180 est,
2345 1121 2406 1167 ut
2437 1113 2531 1167 illo
2555 1112 2612 1167 in
2643 1122 2829 1169 monte
2859 1129 3063 1184 corpus
3097 1115 3275 1185 ipsius
3313 1131 3450 1170 con-

1871 1207 2113 1262 deretur.
2174 1206 2289 1276 Ego
2335 1221 2465 1261 vero
2519 1204 2837 1277 frequenter
2896 1208 3280 1280 suggerebant,
3337 1225 3447 1264 non

1871 1297 2074 1353 debere
2116 1297 2270 1351 illum
2301 1296 2394 1366 qui
2427 1306 2752 1366 prmsentem
2794 1297 2968 1352 vitam
3009 1299 3337 1368 neglexerit,
3379 1301 3449 1356 de

1873 1387 2154 1458 sepultura
2181 1401 2306 1442 esse
2342 1387 2660 1443 sollicitum.
2695 1387 2900 1444 Videns
2933 1396 3114 1443 tamen
3149 1389 3254 1444 hoc
3293 1389 3445 1444 illum

1871 1477 2226 1534 vehementer
2241 1477 2449 1548 1251
2469 1488 2745 1550 expetere.
2763 1481 2928 1535 annui
2949 1492 3000 1534 ct
3017 1496 3278 1538 assensus
3299 1497 3443 1542 sum,

1873 1585 2170 1641 areamque
2218 1571 2584 1628 revellendam
2637 1581 2693 1628 et
2738 1589 2960 1630 sursum
3009 1572 3446 1629 transferendam

1873 1663 2084 1718 curavi.
2113 1661 2179 1716 Et
2207 1663 2336 1734 quia
2362 1664 2598 1735 lapidem
2627 1682 2656 1720 a
2684 1668 2879 1737 pruina
2909 1665 3233 1722 labefactari
3271 1666 3450 1722 anim-

1875 1755 2110 1821 adverti,
2141 1771 2310 1826 parva
2343 1758 2573 1814 aedicula
2600 1759 2933 1814 circumdari
2967 1773 3150 1814 arcam
3182 1759 3346 1828 jussi.
3379 1761 3451 1812 At

1873 1855 2163 1916 postquam
2199 1846 2443 1917 perfecta
2467 1848 2643 1919 ipsius
2672 1849 2833 1918 jussu
2864 1849 3070 1905 fabrica
3105 1859 3312 1906 tectum
3347 1850 3450 1905 im-

1873 1938 2180 2007 posuimus,
2204 1957 2224 1988 ι
2249 1936 2369 1993 Νοη
2389 1940 2582 2008 patiar,
2605 1940 2804 2010 inquit,
2830 1949 2888 1993 ut
2911 1939 3097 1996 Jacobi
3135 1942 3448 2012 sepulcrum

1875 2028 1982 2082 hoc
2008 2029 2329 2098 appelletur,
2388 2030 2483 2084 sed
2513 2031 2969 2102 triumphantium
2993 2040 3295 2103 martyrum
3320 2039 3452 2087 tem-

1878 2118 2028 2188 plum
2057 2118 2162 2174 hoc
2189 2119 2309 2175 ﬁeri
2337 2121 2482 2186 volo,
2509 2132 2564 2177 et
2591 2137 2677 2177 me
2709 2123 2858 2178 velut
2892 2123 3222 2192 inquilinum
3254 2137 3448 2193 quem-

1879 2209 2028 2279 piam
2061 2208 2282 2262 illorum
2311 2209 2716 2266 cohabitatione
2741 2209 3049 2281 dignatum,
3083 2211 3190 2265 alia
3231 2211 3287 2266 in
3319 2225 3449 2266 arca

1875 2301 2026 2372 poni.
2061 2320 2078 2352 ι
2107 2300 2296 2370 Neque
2315 2301 2431 2356 haec
2451 2301 2592 2356 dixit
2615 2303 2798 2368 modo,
2833 2303 2930 2359 sed
2958 2303 3138 2374 reipsa
3170 2305 3447 2374 praestitit.

1875 2391 2136 2449 Collectis
2165 2392 2310 2446 enim
2341 2390 2587 2463 undique
2609 2394 2796 2451 multis
2823 2395 3128 2465 prophetis,
3149 2396 3450 2466 multisque

1877 2481 2166 2554 apostolis,
2202 2488 2254 2536 et
2287 2483 2624 2553 martyribus
2650 2482 3092 2554 quamplurimis,
3119 2499 3311 2539 omnes
3337 2500 3447 2539 una

1875 2574 1933 2629 in
1963 2587 2092 2628 arca
2126 2573 2392 2642 reposuit,
2436 2588 2563 2628 cum
2603 2583 2917 2629 sanctorum
2960 2575 3165 2646 p0pulo
3201 2576 3450 2630 habitare

1877 2666 2122 2737 cupiens,
2151 2673 2205 2720 et
2232 2680 2354 2720 cum
2382 2664 2463 2721 eis
2490 2679 2801 2736 resurgere,
2832 2665 3129 2737 divinoque
3151 2676 3449 2737 conspectu

1878 2757 2064 2831 potiri.
2105 2745 2308 2827 Atque
2329 2757 2432 2810 hoc
2464 2766 2648 2820 certe,
2675 2765 2881 2827 quanta
2927 2755 3094 2812 fuerit
3126 2758 3291 2812 animi
3328 2774 3449 2812 tuo-

1880 2849 2076 2914 destia,
2109 2855 2490 2918 argumentum
2529 2856 2613 2902 est
2653 2847 2931 2914 idoneum,
2963 2847 3112 2918 quod
3135 2849 3231 2920 qui
3265 2858 3449 2906 tantas

1879 2956 2010 3012 opes
2047 2948 2420 3010 congesserat,
2469 2938 2627 3008 quasi
2673 2953 2889 2993 summa
2933 2939 3119 3012 inopia
3152 2941 3448 3004 laboraret,

176 3033 410 3086 τέθεικε
462 3035 716 3104 λάρνακι,
778 3035 856 3106 τῷ
915 3035 1027 3088 τῶν
1080 3036 1250 3105 ἁγίων
1305 3035 1461 3107 δήμῳ
1503 3037 1769 3088 συνοικεῖν

1879 3031 1934 3084 in
1959 3029 2190 3083 divitum
2219 3037 2363 3084 cmtu
2393 3027 2642 3082 habitare
2674 3030 3032 3099 concupierit.

177 3123 478 3193 ἐθελήσας,
514 3125 608 3177 καὶ
629 3126 726 3177 σὺν
755 3125 940 3188 αὐτοῖς
962 3125 1286 3192 ἀναστῆναι,
1319 3124 1412 3178 καὶ
1442 3125 1539 3192 τῆς
1584 3123 1816 3193 θεωρίας
1859 3117 2158 3188 ἀξιωθῆναι
2207 3117 2474 3188 ποθήσας.
2522 3115 2727 3170 Ἱκανὸν
2771 3117 2828 3170 δὲ
2871 3118 3030 3172 τοῦτο
3067 3123 3449 3198 τεκμηριῶσαι

178 3213 294 3283 τὴν
337 3211 432 3265 τοῦ
473 3212 824 3284 φρονήματος
893 3212 1245 3283 μετριότητα.
1291 3211 1347 3264 ’0
1405 3214 1515 3282 γὰρ
1572 3210 1826 3264 τοσοῦτον
1882 3206 2110 3260 πλοῦτον
2170 3205 2510 3277 συνειλοχὼς,
2576 3205 2653 3269 ὡς
2716 3207 2918 3281 ἐσχάτῃ
2994 3213 3157 3286 πενία
3231 3216 3438 3282 συζῶν,

179 3309 261 3376 τῇ
295 3304 404 3358 τῶν
450 3305 699 3376 εὐπόρων
745 3303 1028 3375 συμμορίᾳ
1065 3305 1348 3374 παροικεῖν
1398 3302 1765 3373 ἐπεθύμησεν.

283 3393 484 3446 Ὀποῖοι
509 3393 606 3463 μὲν
631 3388 725 3446 οὖν
758 3394 858 3464 τῆς
924 3393 1230 3463 σεδασμίας
1265 3393 1389 3462 ἐμοὶ
1433 3392 1677 3462 κεφαλῆς
1721 3393 1771 3444 οί

185 3482 370 3545 πόνοι,
403 3481 499 3535 καὶ
555 3483 605 3534 oi
653 3481 862 3548 ἀγῶνες
913 3481 1106 3551 ήλίκοι,
1137 3481 1231 3534 καὶ
1271 3480 1402 3549 ὅσης
1453 3479 1636 3532 θεόθεν
1668 3478 1773 3530 ἀπ-

191 3573 398 3626 έλαυσε
426 3571 669 3642 χάριτος,
700 3571 794 3624 καὶ
821 3572 951 3630 ὅσας
997 3571 1152 3633 νίκας
1199 3569 1470 3636 νενίκηκε,
1516 3569 1609 3622 καὶ
1643 3569 1777 3631 οἵοις

192 3661 484 3728 στεφάνοις
514 3658 1016 3729 κατακεκόσμηται,
1058 3658 1274 3728 ἀπόχρη
1313 3657 1599 3711 καὶταῦτα
1627 3659 1774 3713 διδά-

193 3754 306 3819 ξαι.
337 3750 556 3822 Ἐπειδὴ
581 3750 638 3802 δέ
681 3766 825 3813 τινες
869 3749 1158 3802 δυσκολίαν
1203 3749 1366 3820 ἤθους
1397 3750 1774 3815 ἐπαιτιῶνται,

191 3844 293 3898 καὶ
317 3843 726 3913 δυσχεραίνουσι
761 3840 822 3894 τὸ
854 3841 1154 3914 φιλέρημον
1194 3842 1286 3894 καὶ
1339 3841 1584 3912 ήσύχιον,
1620 3841 1776 3908 όλίγα

194 3936 555 4004 περὶτούτων
584 3933 774 4001 εἰπὼν,
827 3936 1003 4008 πέρας
1049 3935 1294 4004 ἐπιθήσω
1325 3937 1402 4004 τῷ
1451 3933 1772 4002 διηγήματι·

192 4024 486 4094 Πρόκειται
517 4027 702 4085 πᾶσιν,
726 4025 800 4087 ὡς
829 4025 987 4094 ἔφην,
1015 4027 1095 4088 είς
1122 4025 1375 4094 θεωρίαν,
1399 4022 1524 4075 οὔτε
1541 4021 1775 4092 Οριγκίῳ

194 4112 604 4180 πεφραγμένος,
637 4112 759 4165 οὒτε
793 4112 1006 4182 καλύσῃ
1025 4114 1130 4165 τινὶ
1158 4113 1190 4182 ἢ
1223 4116 1396 4183 σκηνῇ
1430 4112 1773 4180 καλυπτόμε-

191 4217 307 4264 νος.
342 4201 610 4262 Ἕκαστος
654 4199 712 4252 δὲ
759 4199 868 4252 τῶν
917 4201 1358 4270 ἀφικνουμένων,
1415 4203 1506 4254 ὑπ’
1560 4201 1772 4263 οὐδενὸς

185 4293 381 4364 ὲρκίου
438 4291 800 4361 κωλυόμενος,
839 4291 1002 4354 εὐθὺς
1051 4293 1484 4363 παραγινόμενος
1517 4295 1773 4365 προσδια-

1950 3388 2275 3458 Cuiusmodi
2299 3391 2317 3409 ‘
2344 3404 2477 3459 ergo
2505 3389 2802 3446 venerandi
2847 3391 2980 3447 mihi
3009 3395 3201 3464 capitis
3227 3397 3449 3456 labores

1880 3482 2216 3545 exstiterint,
2244 3493 2296 3536 et
2315 3491 2519 3551 quanta
2544 3485 2867 3550 certamina,
2893 3495 3264 3560 quantamque
3287 3507 3316 3545 a
3338 3490 3448 3547 Deo

1877 3572 2105 3642 gratiam
2137 3573 2370 3643 adeptus
2401 3573 2494 3638 sit,
2526 3583 2660 3644 quot
2681 3575 2949 3633 victorias
2979 3583 3312 3649 reportarit,
3347 3599 3448 3638 cu-

1870 3667 2110 3736 jusmodi
2141 3667 2364 3722 coronis
2391 3668 2556 3724 fuerit
2593 3679 2921 3739 exornatus,
2967 3673 3184 3728 abunde
3219 3691 3450 3746 possunt

1876 3759 1991 3814 haec
2015 3761 2234 3815 docere.
2280 3759 2385 3815 Sed
2414 3761 2542 3832 quia
2573 3769 2700 3816 sunt
2738 3764 3012 3832 nonnulli,
3043 3766 3134 3835 qui
3167 3766 3289 3837 ejus
3328 3784 3449 3824 mo-

1877 3851 2154 3904 rositatem
2209 3851 2592 3917 criminantur,
2647 3853 2990 3924 nimiumque
3025 3857 3337 3914 solitudinis
3396 3870 3451 3914 et

1878 3941 2077 4008 quietis
2103 3939 2344 3994 studium
2378 3941 2806 4012 reprehendunt,
2826 3945 2995 4000 dehis
3027 3962 3203 4015 pauca
3238 3949 3329 4002 ubi
3362 3950 3449 4003 di-

1877 4043 2029 4094 xero,
2071 4030 2234 4083 ﬁnem
2273 4031 2552 4099 imponam
2604 4034 2928 4086 narrationi.
2971 4033 3226 4089 Omnium
3271 4039 3452 4094 oculis

1878 4119 1945 4174 ad
1977 4119 2332 4189 spectandum
2364 4122 2650 4191 expositus
2686 4131 2790 4189 est,
2818 4131 2877 4176 ut
2910 4123 3022 4193 jam
3049 4125 3184 4190 dixi,
3213 4142 3315 4183 nec
3335 4145 3454 4183 ma-

1879 4209 2024 4265 ceria
2048 4209 2480 4281 circumseptus,
2504 4227 2604 4266 nec
2628 4214 2847 4282 tugurio
2874 4214 3056 4283 aliquo
3085 4216 3450 4283 abditus,‘aut

1879 4302 2254 4356 tabernaculo.
2289 4301 2357 4356 Et
2393 4303 2487 4373 qui
2520 4303 2820 4358 adventant
2863 4319 3055 4360 omnes
3101 4308 3253 4362 nullo
3300 4312 3444 4382 sepi-

182 4381 449 4450 λέγεσθαι
466 4380 734 4451 βούλεται.
763 4379 886 4441 Τοῖς
913 4379 970 4432 δὲ
1008 4379 1188 4444 ἄλλοις
1230 4381 1464 4451 ταυτησὶ
1495 4381 1594 4451 τῆς
1617 4380 1768 4448 φιλοσ-

1880 4403 2063 4448 mento
2093 4393 2448 4463 prohibente;
2501 4396 2664 4450 simul
2698 4411 2766 4450 ac
2794 4407 3065 4452 venerunt
3098 4399 3304 4472 alloqui
3348 4379 3446 4458 vo-

185 4474 391 4542 σοφίας
443 4475 700 4544 ἐρασταῖς
755 4473 850 4525 καὶ
895 4471 1118 4542 θριγκία
1157 4473 1252 4526 καὶ
1306 4471 1468 4544 θύραι
1518 4471 1643 4538 sict,
1678 4471 1772 4524 καὶ

177 4565 424 4636 ἡσυχίας
451 4564 772 4628 ἀπόλαυσις,
806 4565 899 4619 καὶ
937 4563 1247 4632 ἀνοίγνυσιν
1285 4562 1550 4635 ἐθελήσας
1580 4564 1610 4615 ύ
1640 4561 1772 4615 καθ-

182 4657 504 4726 ειργμένος,
541 4656 636 4710 καὶ
665 4655 1027 4710 ἀναϐάλλεται
1073 4655 1196 4709 ὅσον
1239 4653 1509 4724 βούλεται,
1549 4655 1642 4707 καὶ
1672 4653 1771 4723 τῆς

182 4749 344 4813 θείας
375 4751 695 4821 ἐμφορεῖται
733 4749 966 4820 θεωρίας
1003 4749 1128 4802 ὅσον
1166 4747 1363 4800 ἐθέλει.
1407 4745 1677 4801 Ἐνταῦθα
1711 4745 1768 4798 δὲ

179 4841 395 4895 τούτων
435 4841 608 4895 οὐδέν.
655 4840 748 4894 Διὸ
793 4841 1029 4912 μάλιστα
1077 4838 1417 4910 δυσχεραίνει
1469 4838 1596 4900 τοὺς
1638 4835 1768 4908 παρ’

179 4930 356 4984 αὐτὸν
389 4930 487 5000 τῆς
524 4931 833 5002 προσευχῆς
872 4931 965 4985 τὸν
997 4929 1204 5001 καιρὸν.
1245 4927 1617 4999 ἐνοχλοῦντας.
1649 4928 1768 4981 Κᾶν

185 5024 294 5094 μὲν
364 5022 724 5087 κελεύσαντος
804 5025 966 5090 εὐθὺς
1031 5025 1280 5089 ἀπίοιεν,
1352 5021 1513 5075 πάλιν
1588 5021 1769 5092 ἔχεται

179 5116 289 5184 τῆς
341 5114 670 5185 προσευχῆς.
727 5116 792 5168 El
837 5116 895 5170 δὲ
944 5116 1256 5186 ὲπιμένοιεν
1314 5113 1619 5184 ὀχλοῦντες,
1672 5114 1767 5166 καί

178 5207 337 5271 ἅπαξ
373 5207 468 5260 καὶ
497 5207 580 5270 δὶς
624 5209 1016 5278 παρεγγυήσας
1067 5207 1141 5278 μὴ
1183 5205 1410 5270 πείσειε,
1469 5203 1768 5275 τηνικαῦτα

178 5299 527 5371 δυσχεράνας
580 5299 850 5370 ἐπιτιμῶν
901 5301 1310 5370 ἀποπέμπεται.
1339 5297 1497 5368 Ἐμοὶ
1549 5297 1605 5351 δὲ
1639 5300 1766 5369 περὶ

174 5395 380 5447 τούτου
424 5394 559 5466 πρὸς
589 5393 752 5447 αὑτὸν
769 5395 1094 5464 γεγένηνται
1117 5395 1264 5462 λόγοι
1286 5409 1302 5426 °
1333 5395 1426 5447 καί
1457 5410 1609 5458 τινας
1633 5393 1768 5465 ἔφην

176 5487 480 5557 ἀσχάλλειν
511 5485 884 5553 ἐξελαθέντας,
923 5488 1018 5541 καὶ
1057 5487 1305 5556 εὐλογίας
1353 5487 1426 5558 μὴ
1473 5487 1770 5558 μετασχόν-

173 5595 284 5642 τας
313 5594 326 5607 ’
359 5580 451 5633 καὶ
473 5579 555 5632 δτι
583 5578 795 5651 πρέπον
826 5581 932 5649 είη,
968 5581 1094 5642 τοὺς
1117 5578 1308 5632 τούτου
1330 5578 1490 5649 χάριν
1511 5579 1768 5647 ἀφικνου-

177 5667 408 5739 μένους,
442 5670 535 5724 καὶ
594 5669 806 5724 πολλῶν
853 5670 1074 5742 ἡμερῶν
1123 5670 1244 5723 ὁδὸν
1292 5668 1633 5738 ὲξανύοντας,
1695 5669 1770 5741 μὴ

547 5763 803 5837 ΡΑΤῐιοῐ,
860 5765 976 5825 Gn.
1014 5762 1311 5825 LXXXII.

1877 4486 2016 4539 lunt.
2045 4485 2114 4538 At
2153 4487 2376 4542 caeteris
2409 4487 2574 4557 hujus
2619 4487 2984 4558 phiIOSOphia:
3024 4493 3368 4550 amatoribus
3395 4506 3449 4550 et

1875 4577 2129 4631 maceria:
2154 4587 2282 4632 sunt
2304 4587 2359 4634 et
2379 4579 2582 4649 januae,
2612 4587 2666 4633 et
2696 4579 2879 4649 quiete
2908 4580 3012 4635 frui
3040 4581 3166 4636 licet
3195 4601 3208 4637 :
3242 4587 3442 4655 aperit-

1875 4685 1982 4738 que
2014 4670 2060 4724 si
2091 4670 2220 4724 velit
2242 4672 2336 4743 qui
2365 4673 2616 4727 reclusus
2646 4679 2754 4740 est,
2790 4681 2842 4727 ct
2872 4671 3052 4728 dill‘ert
3083 4677 3260 4744 quoad
3291 4676 3446 4741 libet,

1876 4748 2089 4830 1252
2127 4763 2492 4834 cxpleturque
2518 4763 2764 4834 quandiu
2812 4765 2926 4819 vult
2970 4764 3153 4820 divina
3200 4777 3448 4822 contem-

1873 4850 2134 4919 platione.
2173 4850 2274 4907 llic
2302 4867 2434 4908 vero
2460 4854 2593 4908 nihil
2617 4863 2701 4910 est
2731 4854 3066 4924 hujusmodi.
3108 4855 3286 4923 Quare
3324 4859 3448 4913 illos

1873 4940 1968 5011 qui
2009 4943 2278 4999 orationis
2311 4952 2559 5015 tempore
2594 4947 2970 5017 interpellant,
2993 4946 3098 5002 fert
3141 4949 3445 5018 aegerrime.

1873 5033 2031 5099 Quod
2055 5033 2101 5089 si
2128 5034 2360 5104 jubeute
2385 5036 2504 5106 ipso
2542 5053 2666 5092 mox
2697 5040 3048 5104 recesserint,
3079 5040 3220 5095 redit
3249 5041 3445 5095 iterum

1874 5124 1943 5177 ad
1973 5126 2302 5182 orationem.
2334 5128 2404 5180 At
2443 5129 2491 5184 si
2528 5131 2758 5185 turbare
2782 5139 3034 5201 pergant,
3072 5140 3127 5186 et
3162 5132 3333 5188 semel
3383 5147 3448 5186 ac

1873 5218 2116 5273 secundo
2140 5221 2364 5276 monitis
2395 5236 2504 5275 non
2538 5223 2896 5292 persuaserit,
2937 5232 3067 5277 tunc
3092 5224 3332 5295 graviter
3371 5225 3449 5277 fe-

1873 5325 2004 5364 rens
2033 5320 2087 5364 et
2118 5311 2410 5382 increpans
2437 5329 2533 5368 eos
2564 5313 2846 5369 amandat.
2883 5313 3012 5368 Mihi
3043 5325 3223 5370 autem
3249 5315 3352 5369 hac
3379 5314 3449 5369 de

1873 5414 1932 5454 re
1956 5415 2078 5454 cum
2113 5401 2207 5456 illo
2232 5417 2414 5457 seruio
2441 5402 2567 5457 fuit.
2600 5402 2716 5456 Dixi
2751 5404 2896 5458 enim
2923 5403 3239 5458 contristari
3271 5417 3448 5473 quos-

1873 5488 2022 5553 dam,
2059 5491 2150 5558 qui
2187 5492 2405 5562 expulsi
2451 5491 2701 5559 fuerant,
2743 5494 3297 5564 benedictionemque
3336 5507 3446 5548 non

1875 5591 2217 5651 acceperant,
2250 5593 2305 5638 et
2337 5584 2658 5651 convenire,
2697 5593 2758 5639 ut
2789 5585 2882 5655 qui
2923 5585 3088 5654 hujus
3127 5583 3303 5656 gratia
3355 5597 3450 5638 ve-

1874 5671 2054 5737 niunt,
2096 5674 2508 5745 multorumque
2537 5676 2750 5731 dierum
2784 5675 2887 5732 iter
2910 5675 3232 5739 conﬁciunt,
3264 5672 3452 5728 tristes
