3898 6196
238 374 374 440 1453

1461 367 1866 432 RELIGIOSA
1906 367 2292 433 HISTORIA.

3365 373 3496 440 1454

242 491 457 562 μάσιος,
483 487 621 558 ἀνὴρ
653 486 865 550 πολλοῖς
901 485 1335 556 κατακοσμηθεὶς
1367 488 1607 556 ἀγαθοῖς,
1641 488 1796 542 ἁπλό-

1918 487 2111 542 multié‘
2145 495 2396 555 ornatus,
2441 484 2533 543 sed
2580 503 2792 544 morum
2835 489 3206 561 simplicitate,
3241 503 3499 546 mansue-

235 595 358 646 ‘ttﬁt
397 579 454 632 δὲ
501 579 683 649 ἤθους,
734 578 828 631 καὶ
869 578 1158 650 πραότητι,
1202 579 1294 630 καὶ
1343 581 1689 649 φρονήματος
1723 597 1816 648 με·

236 673 503 742 τριότητι,
533 672 658 735 τοὺς
687 670 772 724 ἐπ’
805 671 969 724 αὑτοῦ
1012 689 1073 739 γε
1115 670 1431 740 ἀνθρώπους
1484 673 1816 740 ὑπερϐαλλόο

240 783 418 835 μενος,
457 765 564 822 Καὶ
614 766 772 817 τοῦτο
816 763 960 832 λέγω
991 765 1089 817 ούκ
1120 765 1256 834 ἀκοῇ
1306 765 1443 835 μόνῃ
1475 767 1812 835 πειθόμενος,

235 855 372 909 ἀλλά
401 856 494 908 καὶ
525 855 692 926 πείρᾳ
730 857 1095 927 χρησάμενος.
1126 855 1439 909 Κατέλαϐον
1473 859 1582 925 γὰρ
1611 857 1700 909 τὸν
1725 857 1817 909 ἄν·

233 945 356 1016 δρα,
387 946 482 998 καὶ
533 944 793 1009 πολλάκις
848 948 948 1016 τῆς
1001 945 1258 1013 γλυκείας
1304 946 1467 999 αύτοῦ
1522 946 1814 1018 ἀπήλαυσα

235 1033 543 1096 συνουσίας.
583 1033 677 1098 Είς
705 1035 796 1088 τὸν
824 1033 978 1088 τοῦδε
1020 1033 1179 1104 χορὸν
1218 1034 1461 1088 ἐτέλεσεν
1483 1038 1512 1089 ὁ
1536 1036 1630 1088 νῦν
1663 1038 1814 1108 παρὰ

235 1125 456 1179 πάντων
485 1127 744 1198 ᾁδόμενος
775 1128 1063 1197 Λιμναῖος,
1098 1126 1191 1179 καὶ
1233 1127 1426 1198 κομιδῇ
1457 1127 1573 1191 νέος
1607 1127 1680 1180 ὢν
1715 1131 1813 1200 τὴν

231 1217 577 1288 παλαίστραν
619 1220 837 1290 ἐκείνην
879 1218 1223 1280 καταλαϐὼν,
1264 1220 1364 1290 τὴν
1407 1219 1580 1292 ἄκραν
1610 1221 1813 1289 ταύτην

232 1307 554 1377 φιλοσοφίαν
591 1309 771 1372 καλῶς
813 1307 1144 1362 ἐπαιδεύετο.
1193 1309 1302 1362 Καὶ
1344 1310 1558 1381 πρῶτον
1608 1312 1668 1364 τὸ
1715 1313 1812 1383 τῆς

229 1397 479 1468 γλώττης
527 1399 682 1462 εἰδὼς
714 1399 1009 1464 εύὸλισθον,
1048 1401 1332 1472 μειράκιον
1375 1401 1450 1454 ὢν
1497 1402 1599 1466 ἔτι,
1654 1406 1812 1475 σιγᾷν

229 1488 595 1558 ἐνομοθέτησε
648 1488 874 1561 ταύτην,
917 1490 1008 1542 καὶ
1057 1489 1307 1543 πλεῖστον
1347 1491 1428 1544 ὅτι
1463 1491 1698 1562 μάλιστα
1733 1494 1812 1547 διο

228 1580 446 1633 ετὲλεσε
504 1581 696 1652 χρόνον
749 1582 916 1650 μηδὲν
967 1580 1102 1651 πρὸς
1156 1581 1359 1653 μηδένα
1415 1584 1807 1656 φθεγγόμενος.

241 1667 462 1741 Ἐπειδὴ
500 1671 554 1724 δὲ
601 1671 970 1743 ἀποχρώντως
1018 1671 1119 1741 τῆς
1156 1673 1249 1726 τοῦ
1307 1673 1453 1728 θείου
1501 1676 1808 1747 πρεσϐύτου

223 1761 577 1824 διδασκαλίας
636 1763 920 1833 μετέλαχε,
977 1763 1070 1816 καὶ
1120 1765 1415 1834 ἐκμαγεῖον
1469 1765 1662 1820 ἑαυτὸν
1711 1767 1810 1838 τῆς

225 1851 440 1906 ἐκείνου
484 1854 763 1924 ἀπέφηνεν
795 1855 1016 1925 ἀρετῆς,
1056 1857 1208 1927 παρὰ
1239 1857 1332 1911 τὸν
1378 1858 1548 1928 μέγαν
1580 1835 1807 1927 ἀφίκετο
1838 1835 1882 1892 Β

225 1943 492 2015 Μάρωνα,
531 1940 593 1998 οὗ
644 1947 738 1998 καὶ
783 1946 1018 2016 πρόσθεν
1053 1949 1424 2020 ἐμνήσθημεν.
1469 1951 1720 2018 Ἀφίκετο
1748 1952 1804 2006 δὲ

225 2034 368 2087 κατὰ
405 2035 496 2088 τὸν
541 2036 703 2088 αὑτὸν
755 2037 967 2106 χρόνον,
1003 2037 1123 2090 καθ’
1175 2039 1234 2090 δν
1265 2041 1291 2092 ὀ
1329 2039 1471 2103 θεῖος
1523 2042 1800 2104 Ἰάκωϐος.

225 2126 436 2198 Πολλὴν
471 2126 525 2180 δὲ
563 2127 658 2181 καὶ
683 2127 930 2180 ἐντεῦθεν
982 2129 1144 2182 πάλιν
1185 2129 1454 2199 ὠφέλειαν
1499 2133 1800 2203 τρυγήσας,

225 2218 322 2271 καὶ
371 2220 461 2271 τὸν
513 2220 804 2291 ὑπαίθριον
848 2220 960 2290 βίον
1008 2220 1278 2291 ζηλώσας,
1319 2223 1562 2296 κορυφὴν
1609 2226 1803 2296 ἑτέραν

225 2308 516 2374 κατέλαϐε,
544 2309 736 2381 κώμης
756 2313 897 2376 τινὸς
925 2313 1348 2385 ὑπερκειμένην,
1373 2317 1439 2388 ἢν
1470 2317 1800 2388 ὀνομάζουσι

223 2399 538 2471 Ταργαλᾶν.
575 2402 661 2453 Ἑν
689 2401 860 2474 ταύτῃ
897 2403 1056 2474 μέχρι
1087 2406 1181 2457 καί
1215 2407 1452 2476 τήμερον
1477 2406 1799 2472 διετέλεσεν,

219 2491 324 2542 οὐκ
351 2492 590 2544 οἰκίσκον
620 2491 778 2562 ἔχων,
811 2493 870 2545 οὐ
905 2484 1131 2564 σκηνὴν,
1163 2496 1222 2548 ού
1250 2496 1515 2566 καλύόην,
1541 2499 1674 2552 άλλά
1701 2517 1802 2569 γυ-

223 2580 346 2650 μνῷ
375 2581 605 2672 θριγκίῳ
640 2583 1114 2672 περιειργόμξνος,
1150 2587 1213 2638 ἐκ
1243 2585 1407 2640 λίθων
1448 2588 1801 2661 ᾠκοδομημὲ-

219 2687 348 2734 νων,
385 2671 508 2724 οὐδὲ
542 2671 701 2743 πηλῷ
737 2671 1224 2745 συνηρμοσμένων.
1269 2676 1452 2748 Θύραν
1475 2678 1533 2732 δὲ
1561 2682 1800 2752 σμικράν

211 2773 343 2816 τινα
392 2763 504 2832 ἔχει
541 2763 698 2834 πηλῷ
725 2764 992 2834 διηνεκῶς
1027 2765 1449 2839 ’κεχρισμένηνι
1485 2771 1554 2842 ἦν
1602 2771 1798 2826 οὔποτε

207 2851 326 2920 μὲν
374 2851 651 2920 ἀνοίγνυσι
711 2852 821 2906 τῶν
853 2853 1030 2908 ἄλλων
1085 2857 1520 2930 ἀφικνουμένων,
1577 2861 1699 2932 ἐμοὶ
1741 2863 1798 2916 δὲ

209 2941 374 3012 μόνῳ
409 2944 838 3016 παραγενομένῳ
869 2945 1032 2999 τοῦτο
1060 2951 1234 3001 ποιεῖν
1263 2951 1453 3021 ἐπιτρέ
1465 2969 1569 3006 πει.
1594 2954 1796 3009 Τούτου

206 3033 383 3103 χάριν
423 3035 840 3104 συναγείρονται
880 3036 1191 3107 πάμπολλοι
1219 3042 1502 3107 πάντοθεν,
1533 3045 1632 3113 τῆς
1656 3047 1799 3118 ἐμῆς

207 3126 459 3196 ἀφίξεως
481 3126 816 3197 αἰσθόμενοι,
847 3130 1178 3201 κοινωνῆσαί
1212 3151 1300 3204 μοι
1333 3135 1433 3204 τῆς
1467 3137 1671 3191 εἰσόδου
1702 3157 1797 3193 πο-

1921 579 2148 645 tudine,
2201 580 2480 652 animique
2545 581 2808 638 modestia
2859 583 3114 637 omnibus
3165 583 3341 638 aetatis
3385 598 3496 655 sua:

1922 669 2235 726 hominibus
2269 672 2618 726 antecellens.
2647 671 2803 737 Quod
2832 672 3046 741 quidem
3080 686 3184 726 non
3218 672 3333 725 sola
3355 677 3369 693 ⁸
3400 687 3498 726 au-

1917 757 2128 814 ditione
2177 759 2380 816 ductus
2429 760 2586 823 dico,
2649 761 2744 816 sed
2797 761 3157 832 experientia.
3209 759 3492 814 llomincm

1915 849 2061 920 enim
2107 851 2376 914 conveni,
2429 861 2484 907 ct
2532 854 2685 907 suavi
2731 853 2853 922 ejus
2901 867 3202 922 congressu
3255 867 3495 922 persaepe

1916 941 2122 1009 potitus
2157 956 2301 997 sum.
2331 941 2390 996 ln
2420 943 2538 1010 ejus
2572 944 2801 998 chorum
2834 954 3090 1014 receptus
3119 945 3314 1014 estqui
3345 959 3491 998 nunc

1917 1032 1986 1086 ab
2028 1034 2285 1088 omnibus
2321 1034 2646 1090 decantatur
2686 1033 2980 1100 Limnaeus,
3029 1035 3358 1106 iuvenisque
3397 1036 3494 1091 ad-

1917 1124 2138 1178 modum
2185 1126 2490 1195 palzestram
2524 1126 2670 1180 illam
2724 1126 3044 1195 ingressus,
3109 1127 3178 1179 ad
3218 1140 3490 1180 summam

1917 1215 2057 1270 hanc
2091 1217 2492 1287 philosophiam
2521 1216 2662 1272 belle
2696 1218 2984 1274 institutus
3013 1226 3116 1272 est.
3150 1218 3229 1270 Ac
3254 1217 3492 1285 primum

1915 1307 2160 1361 omnium
2191 1307 2454 1362 lubricam
2487 1310 2666 1365 sciens
2691 1324 2813 1364 esse
2845 1310 3108 1379 linguam,
3141 1307 3324 1363 adhuc
3361 1306 3491 1362 ado-

1913 1396 2249 1453 lescentulus
2283 1397 2488 1453 silentii
2517 1399 2688 1468 legem
2721 1400 2846 1454 huic
2873 1399 3153 1469 imposuit.
3181 1400 3492 1468 mansitque

1914 1486 2240 1558 longissimo
2291 1496 2534 1558 tempore
2579 1491 2716 1544 nihil
2747 1489 2844 1544 ulli
2897 1489 3196 1560 quidquam
3231 1489 3482 1559 loquens.

1915 1577 2208 1650 Postquam
2230 1596 2360 1636 vero
2387 1582 2556 1637 divini
2591 1583 2742 1638 senis
2772 1583 3080 1636 doctrinam
3117 1581 3332 1637 abunde
3361 1597 3484 1649 per-

1913 1671 2079 1742 cepit,
2110 1671 2442 1742 virtutisque
2471 1675 2619 1730 illius
2643 1674 2872 1744 elllgiem
2899 1673 2953 1727 in
2984 1671 3166 1744 seipso
3191 1673 3484 1742 expressit.

1914 1760 1982 1816 ad
2006 1778 2265 1834 magnum
2297 1764 2576 1820 Maronem
2599 1781 2660 1821 se
2695 1765 2945 1829 contulit,
2987 1765 3148 1833 cujus
3180 1780 3344 1834 supra
3371 1780 3485 1819 mc-

1913 1855 2214 1911 minimus:
2247 1859 2505 1913 convenit
2534 1868 2712 1913 autem
2746 1858 2935 1913 eodem
2957 1857 3078 1927 ipso
3113 1868 3355 1928 tempore
3376 1873 3486 1928 quo

1911 1943 2132 2002 divinus
2162 1947 2417 2002 Iacobus.
2453 1949 2518 2003 Et
2560 1949 2790 2002 multum
2824 1947 2952 2002 hinc
2983 1963 3205 2017 quoque
3230 1948 3482 2002 utilitatis

1911 2033 2153 2090 fructum
2208 2052 2332 2091 cum
2381 2037 2645 2108 cepisset,
2703 2038 2938 2108 vitaque
3003 2037 3269 2093 subdialis
3315 2053 3483 2093 armti.

1909 2126 2087 2183 landte
2123 2129 2306 2183 studio
2334 2137 2630 2194 teneretur,
2680 2144 2944 2184 cacumen
2981 2129 3210 2184 alterum
3244 2143 3472 2200 occupa-

1909 2217 2008 2281 vit,
2044 2218 2165 2274 vico
2193 2220 2410 2276 cuidam
2459 2220 2777 2286 imminens,
2810 2235 2973 2291 quem
3002 2218 3291 2292 T‘argalam
3316 2222 3362 2254 “
3387 2237 3482 2274 vo-

1909 2318 2058 2364 cant.
2105 2309 2183 2365 lbi
2243 2311 2310 2366 ad
2353 2311 2501 2367 hunc
2542 2327 2718 2383 usque
2759 2312 2900 2368 diem
2945 2314 3336 2383 perseveravit,
3381 2327 3482 2370 nec

1907 2399 2297 2456 domunculam
2329 2402 2564 2469 habens,
2591 2418 2694 2459 nec
2721 2405 3155 2471 tabernaculum,
3181 2422 3280 2461 nec
3320 2415 3482 2475 lugu.

1907 2493 2074 2554 rium.
2113 2493 2208 2546 sed
2257 2493 2402 2548 nuda
2451 2495 2689 2549 maceria
2719 2494 3113 2559 circumdatus,
3152 2499 3380 2552 structis
3412 2513 3477 2551 ex

1911 2583 2180 2652 lapidibus
2211 2601 2280 2640 ne
2307 2586 2422 2640 luto
2450 2586 2671 2656 quidem
2703 2587 2997 2656 copulatis.
3038 2586 3271 2642 Jannam
3296 2596 3476 2643 autem

1907 2675 2071 2729 habet
2099 2676 2211 2731 luto
2243 2691 2458 2747 semper
2486 2677 2779 2731 obductam
2813 2694 2826 2730 :
2855 2691 3022 2747 quam
3056 2677 3480 2731 adventantibus

1907 2765 2030 2820 aliis
2047 2781 2322 2837 nunquam
2337 2767 2532 2838 aperit,
2553 2767 2682 2820 mihi
2699 2767 2789 2820 uni
2812 2781 2935 2822 cum
2960 2767 3118 2821 venio
3131 2769 3341 2828 aperire
3358 2783 3479 2836 ρει-ο

1906 2857 2092 2911 mittit.
2113 2859 2355 2927 Eamque
2373 2859 2446 2914 ob
2465 2873 2576 2914 rem
2595 2868 2791 2914 coeunt
2807 2855 3272 2930 1255undique
3300 2854 3442 2930 pluri
3459 2889 3474 2900 -

1865 2960 1870 2966 ·
1907 2945 2001 3009 mi,
2021 2962 2143 3000 cum
2161 2947 2230 3002 de
2244 2950 2474 3004 adventu
2505 2964 2628 3005 meo
2645 2950 2893 3014 audiunt,
2916 2951 3120 3004 intrare
3135 2964 3348 3005 mecum
3367 2964 3475 3004 una

1904 3039 2208 3108 cupientes.
2233 3041 2370 3097 Cum
2409 3043 2622 3099 caeteris
2648 3049 2852 3106 autem,
2882 3043 2975 3113 qui
2999 3043 3108 3097 alio
3136 3051 3379 3112 tempore
3404 3041 3474 3097 ad

1903 3144 2028 3184 eum
2061 3131 2313 3196 veniunt,
2341 3148 2440 3203 per
2465 3134 2718 3205 exiguam
2740 3133 3036 3205 quamdam
3073 3133 3368 3190 fenestram
3391 3135 3472 3188 lo-

207 3191 460 3279 Βοῦντες.
495 3218 618 3281 Τοῖς
643 3191 706 3271 ’δὲ
754 3219 944 3273 ἄλλοτέ
979 3191 1107 3274 ποτε
1165 3191 1303 3292 πρὸς
1359 3191 1522 3280 iam
1548 3191 1793 3295 φοιτῶσι,

1901 3233 2098 3290 quens,
2155 3224 2589 3282 benedictionem
2647 3225 2757 3281 illis
2799 3226 3061 3294 impertit.
3111 3227 3472 3296 plurimisque

207 3307 306 3361 ἲιά
337 3309 579 3379 σμικρᾶς
601 3326 750 3373 τινος
782 3310 998 3381 θυρίδος
1040 3313 1440 3386 διαλεγόμενος,
1474 3319 1796 3387 μεταδίδωσι

213 3400 317 3468 τῆς
344 3399 618 3467 εὐλογίας,
645 3401 922 3466 πλείστοις
951 3403 1041 3457 διὰ
1084 3405 1289 3474 ταύτης
1313 3407 1413 3478 τὴν
1441 3409 1652 3476 ὑγίειαν
1695 3413 1796 3464 δω-

221 3487 509 3560 ρούμενος.
549 3490 640 3562 Τῷ
663 3493 771 3564 γάρ
796 3495 891 3547 τοῦ
912 3495 1161 3568 Σωτῆρος
1181 3496 1404 3566 ὀνόματι
1433 3503 1792 3573 κεχρημένος,

217 3581 313 3632 καὶ
345 3581 534 3644 νόσους
564 3583 748 3646 παύει,
782 3587 877 3639 καί
923 3587 1186 3658 δαίμονας
1217 3588 1512 3657 ἐξελαύνει,
1563 3597 1655 3649 καί
1697 3597 1795 3668 τὴν

215 3672 584 3742 ἀποστολικὴν
615 3677 863 3743 μιμεῖται
904 3675 1376 3748 θαυματουργίαν.
1403 3682 1479 3734 Ού
1530 3683 1689 3754 μόνον
1737 3686 1794 3738 δὲ

215 3767 326 3828 τοῖς
358 3766 441 3828 είς
487 3763 648 3821 αὐτὸν
681 3767 1101 3838 ἀφικνουμένοις
1132 3769 1425 3836 ἀναϐλύζει
1479 3773 1576 3844 τὴν
1625 3775 1790 3838 ίασιν,

213 3858 353 3912 ἀλλὰ
383 3859 475 3912 καί
517 3859 594 3926 τῷ
629 3861 815 3931 οἰκείῳ
875 3861 1080 3931 ταύτην
1123 3862 1383 3928 πολλάκις
1426 3868 1791 3938 προσενήνοχε

215 3949 448 4019 σώματι,
489 3951 790 4022 Ἐπανέστη
825 3953 934 4024 γάρ
963 3953 1109 4024 αὐτῷ
1134 3954 1300 4009 πάλαι
1327 3955 1458 4008 ποτὲ
1488 3955 1583 4009 τοῦ
1615 3956 1790 4010 κώλου

212 4038 276 4090 τὸ
318 4040 519 4103 πάθος·
571 4042 672 4104 τὰς
711 4043 769 4096 δὲ
817 4044 1067 4098 ἐντεῦθεν
1117 4045 1410 4115 γινομένας
1461 4046 1652 4110 ὀδύνας
1700 4047 1792 4099 καὶ

216 4128 510 4196 ἀλγηδόνας
545 4133 690 4184 ἴσασι
727 4134 823 4202 μὲν
853 4135 1098 4204 ἀκριϐῶς
1118 4135 1172 4186 oi
1206 4136 1304 4204 τὴν
1336 4137 1532 4205 πεῖραν
1561 4135 1789 4206 δεξάμε-

214 4235 315 4281 νοι,
354 4218 498 4272 ἴσασι
537 4221 593 4274 δὲ
623 4223 718 4273 καὶ
744 4224 793 4274 οί
823 4223 1013 4275 τούτου
1047 4223 1330 4292 γενόμενοι
1353 4223 1563 4278 θεαταί.
1592 4226 1791 4279 Καλιν-

211 4310 428 4366 δοῦνται
448 4311 557 4385 γὰρ
579 4316 692 4376 τοῖς
715 4314 951 4368 λυττὼσι
969 4315 1389 4386 παραπλησίως,
1411 4319 1538 4389 τῇδε
1565 4320 1786 4373 κάκεῖσε

215 4405 725 4476 περιστρεφόμενοι,
755 4407 845 4460 καὶ
867 4407 984 4479 ἅμα
1007 4409 1133 4472 τοὺς
1152 4409 1320 4473 πόδας
1339 4411 1670 4474 ἐκτείνοντες
1694 4411 1788 4465 καὶ

1899 3324 1998 3380 per
2025 3328 2143 3368 eam
2170 3315 2458 3371 sanitatem
2501 3314 2750 3384 largitur.
2783 3314 3086 3373 Salvatoris
3125 3319 3270 3372 enim
3308 3326 3473 3374 utens

1901 3403 2141 3467 nomine,
2183 3405 2405 3461 morbos
2445 3403 2790 3476 comprimit,
2834 3405 3108 3462 daemones
3132 3409 3374 3477 expellit,
3410 3417 3465 3463 et

1897 3494 2196 3561 apostolica
2251 3495 2498 3551 imitatur
2541 3494 2826 3549 miracula.
2886 3493 3004 3549 Non
3058 3497 3238 3550 solum
3283 3505 3466 3552 autem

1896 3584 2242 3639 venientibus
2292 3585 2359 3639 ad
2412 3601 2472 3640 se
2527 3586 2867 3640 curationem
2913 3585 3130 3650 trihuit,
3183 3585 3276 3642 sed
3325 3588 3466 3641 hanc

1897 3691 2041 3746 saepe
2060 3691 2161 3730 suo
2199 3676 2369 3745 ipsius
2415 3677 2632 3747 corpori
2677 3677 2948 3733 exhibuit.
3005 3677 3277 3734 lnvaserat
3319 3681 3463 3734 enlm

1896 3766 2046 3821 illum
2075 3767 2188 3837 jam
2212 3767 2420 3838 pridem
2453 3768 2676 3822 morbus
2707 3769 2918 3824 colicus
2953 3787 2964 3822 :
2988 3784 3151 3838 quam
3178 3783 3335 3824 acres
3357 3767 3467 3822 sint

1895 3868 2075 3912 autem
2109 3860 2200 3929 qui
2230 3859 2357 3912 hinc
2387 3860 2642 3914 oriuntur
2681 3858 2902 3914 dolores
2930 3867 2984 3914 et
3023 3860 3322 3924 cruciatus,
3362 3875 3463 3930 op-

1894 3951 2030 4006 time
2082 3953 2262 4006 sciunt
2310 3951 2385 4005 illi
2427 3951 2648 4022 quidem
2689 3953 2780 4021 qui
2834 3960 2966 4007 sunt
2998 3953 3227 4022 experti,
3281 3953 3466 4008 sciunt

1891 4057 2023 4094 vero
2053 4044 2216 4096 ctiam
2236 4043 2330 4112 qui
2353 4052 2688 4112 spectatores
2721 4042 3303 4099 luerunt.Volutantur
3316 4043 3460 4097 enim

1892 4133 2191 4188 furentium
2233 4149 2410 4195 more,
2447 4135 2587 4188 hanc
2621 4142 2676 4188 et
2715 4135 2860 4188 illam
2903 4135 2958 4188 in
3001 4143 3206 4203 partem
3237 4150 3295 4190 se
3333 4149 3463 4188 con-

1891 4232 2190 4286 vertentes,
2221 4234 2276 4278 et
2298 4222 2462 4293 pedes
2495 4224 2658 4278 simul
2689 4223 3066 4278 cxtenduntct
3085 4224 3457 4278 contrahunt:

1895 4314 2169 4368 interdum
2205 4315 2417 4377 sedent,
2443 4322 2500 4370 et
2532 4323 2859 4384 exsurgunt,
2890 4323 2946 4368 et
2972 4315 3277 4378 ambulant,
3306 4316 3460 4384 quie-

1890 4415 1997 4461 tem
2025 4406 2261 4477 aliquam
2288 4406 2546 4461 omnibus
2569 4405 2746 4460 modis
2779 4414 3138 4476 aucupantes.
3164 4406 3376 4461 Idcirco
3405 4417 3460 4461 ct

211 4493 607 4558 συστέλλοντες.
626 4494 782 4549 Ἐστι
796 4497 852 4550 δὲ
873 4498 961 4550 ὅτε
991 4497 1084 4550 καὶ
1107 4497 1392 4571 κάθηνται,
1409 4502 1504 4554 καὶ
1527 4501 1782 4558 ἀνίσταν-

1901 4498 2102 4554 balneis
2127 4498 2390 4560 assident,
2425 4505 2480 4552 et
2523 4498 2728 4552 intrant
2767 4496 3018 4561 subinde,
3069 4498 3321 4553 solatium
3358 4499 3458 4553 ali-

208 4598 320 4650 ται,
354 4586 449 4638 καὶ
497 4586 827 4656 βαδίζουσιν,
863 4589 1183 4660 ἀναπαύλης
1215 4591 1360 4656 τινος
1409 4593 1574 4665 πόρον
1601 4594 1782 4664 εὑρεῖν

211 4673 614 4747 μηχανώμενοι.
635 4677 736 4731 Διά
755 4678 914 4732 τοῦτο
944 4680 1036 4733 καί
1067 4679 1368 4751 βαλανείοις
1395 4683 1785 4754 προσεδρεύου-

207 4778 281 4828 σι,
326 4767 419 4820 καὶ
463 4768 720 4833 πολλάκις
773 4770 995 4838 εἰσίασι,
1039 4773 1398 4843 ψυχαγωγίας
1446 4775 1590 4840 τινὸς
1647 4777 1781 4831 ἀπο-

205 4855 478 4922 λαύοντες.
509 4861 618 4913 Καὶ
657 4862 712 4914 τί
757 4861 839 4915 δεῖ
877 4863 1161 4932 μηκύνειν,
1213 4865 1282 4919 τά
1315 4869 1450 4920 πᾶσι
1502 4867 1640 4937 δῆλα
1687 4868 1780 4922 καὶ

207 4951 351 5019 σαφῆ
380 4951 815 5020 καταλέγοντας;
873 4955 1114 5027 Τοιούτῳ
1153 4957 1314 5011 πάθει
1365 4961 1774 5027 προσπαλαίων,

204 5043 297 5095 καὶ
329 5041 619 5107 τοσαύταις
666 5046 760 5099 καὶ
789 5046 1144 5117 τηλικαύταις
1183 5049 1396 5114 ὀδύναις
1427 5050 1774 5121 βαλλόμενος,

199 5132 302 5186 οὐκ
341 5133 591 5205 ἰατρικῆς
614 5136 937 5209 ἱπικουρίας
981 5139 1321 5211 ἀπήλαυσεν,
1353 5143 1414 5196 ού
1449 5142 1639 5212 κλίνης
1682 5148 1778 5214 ἠν-

206 5226 420 5296 έσχετο,
445 5226 508 5280 οὐ
533 5227 629 5298 τὴν
659 5229 769 5284 ἀπὸ
808 5234 1112 5303 φαρμάκων
1137 5235 1170 5305 ἢ
1197 5237 1379 5291 σιτίων
1417 5238 1776 5309 ψυχαγωγίαν

200 5315 435 5384 ἐδέξατο.
473 5317 611 5372 Ἀλλ’
651 5319 746 5372 ἐπὶ
777 5323 987 5386 σανίδος
1024 5327 1198 5396 χαμαὶ
1235 5328 1493 5400 κειμένης
1519 5329 1766 5400 καθήμε-

198 5425 310 5475 νος,
337 5413 616 5483 προσευχῇ
649 5414 746 5467 καὶ
785 5415 1043 5485 σφραγῖδι
1080 5417 1180 5488 τὴν
1203 5419 1500 5491 θεραπείαν
1531 5420 1770 5486 ἐδέξατο,

1886 4589 2035 4660 quod
2065 4590 2365 4660 capientes.
2403 4588 2466 4642 Et
2516 4589 2647 4660 quid
2707 4589 2892 4643 nmltis
2930 4603 3068 4658 opus
3098 4601 3180 4646 est
3230 4605 3292 4643 ea
3336 4607 3456 4660 quae.

1887 4682 2144 4737 omnibus
2193 4688 2378 4751 aperta
2429 4687 2488 4734 et
2536 4677 2824 4733 manifesta
2856 4685 2873 4700 '
2909 4687 3039 4734 sunt
3095 4683 3458 4750 percensere?

1883 4772 2018 4828 Cum
2054 4773 2365 4842 hujusmodi
2393 4774 2585 4827 tnorho
2609 4772 2938 4838 colluctans,
2966 4781 3018 4826 et
3057 4780 3135 4827 tot
3175 4773 3454 4842 tantisque

1880 4864 2161 4920 doloribus
2191 4864 2490 4927 cruciatus,
2527 4861 2865 4917 medicorum
2907 4877 3011 4932 ope
3045 4878 3152 4918 non
3183 4871 3268 4918 est
3300 4877 3451 4925 usus,

1885 4973 1994 5013 non
2024 4956 2150 5012 lecti
2191 4954 2460 5027 perfugio,
2515 4968 2622 5009 non
2683 4953 2794 5008 ullo
2840 4954 3261 5025 pharmacorum
3303 4954 3455 5008 cibo-

1885 5063 2075 5104 rumve
2132 5049 2435 5104 levamento
2466 5065 2479 5101 :
2511 5047 2604 5101 sed
2647 5060 2811 5116 super
2843 5045 3026 5100 tabula
3074 5044 3226 5098 humi
3256 5046 3456 5100 sedens

1884 5141 2131 5196 oratione
2171 5139 2274 5196 sibi
2324 5139 2617 5209 crucisque
2651 5137 2811 5208 signo
2853 5137 3182 5192 medicinam
3225 5136 3370 5195 fecit,
3399 5145 3453 5188 et
3519 5166 3522 5168 η

1880 5234 2050 5289 divini
2081 5233 2320 5288 nominis
2361 5233 2618 5287 cautione
2665 5229 2881 5285 dolores
2927 5229 3256 5299 consOpivit.
3301 5226 3450 5282 Alias

1880 5330 2066 5389 etiam,
2099 5325 2229 5381 dum
2261 5335 2419 5380 nocte
2454 5324 2784 5387 ambularet,
2817 5322 3060 5392 viperam
3091 5321 3451 5376 dormientem

1882 5420 2136 5482 calcavit,
2163 5433 2285 5487 qua:
2323 5416 2565 5488 plantam
2601 5414 2753 5485 pedis
2797 5411 3060 5469 invadens
3092 5413 3145 5466 in
3176 5426 3240 5466 ea
3264 5413 3452 5466 dentes

1455 5594 1682 5650 vanus
1721 5549 2123 5651 moriones.

269 5739 321 5773 "'
345 5742 665 5812 Targallam.
705 5743 924 5800 llervct.
