  <div class='ocr_page' id='page_1' title='image "/cluster/home/n/w/nwhite01/storage/ocr_20150623/82/hvd.32044020703054/807.png"; bbox 0 0 3898 6196; ppageno 0'>
   <div class='ocr_carea' id='block_1_1' title="bbox 573 315 718 380">
    <p class='ocr_par' dir='ltr' id='par_1_1' title="bbox 573 315 718 380">
     <span class='ocr_line' id='line_1_1' title="bbox 573 315 718 380; baseline -0.014 0"><span class='ocrx_word' id='word_1_1' title='bbox 573 315 718 380; x_wconf 70' lang='grc'><strong>1455</strong></span> 
     </span>
    </p>
   </div>
   <div class='ocr_carea' id='block_1_2' title="bbox 1526 303 2789 368">
    <p class='ocr_par' dir='ltr' id='par_1_2' title="bbox 1526 303 2789 368">
     <span class='ocr_line' id='line_1_2' title="bbox 1526 303 2789 368; baseline -0.003 0"><span class='ocrx_word' id='word_1_2' title='bbox 1526 307 2014 368; x_wconf 80' lang='lat' dir='ltr'><strong>TIIEODOBETI</strong></span> <span class='ocrx_word' id='word_1_3' title='bbox 2049 303 2386 365; x_wconf 79' lang='lat' dir='ltr'><strong>EPISCOI’I</strong></span> <span class='ocrx_word' id='word_1_4' title='bbox 2425 306 2789 367; x_wconf 76' lang='lat' dir='ltr'><strong>CYRENSIS</strong></span> 
     </span>
    </p>
   </div>
   <div class='ocr_carea' id='block_1_3' title="bbox 3614 314 3713 381">
    <p class='ocr_par' dir='ltr' id='par_1_3' title="bbox 3614 314 3713 381">
     <span class='ocr_line' id='line_1_3' title="bbox 3614 314 3713 381; baseline 0.03 -3"><span class='ocrx_word' id='word_1_5' title='bbox 3614 314 3713 381; x_wconf 65' lang='grc'><strong>1456</strong></span> 
     </span>
    </p>
   </div>
   <div class='ocr_carea' id='block_1_4' title="bbox 569 417 2145 493">
    <p class='ocr_par' dir='ltr' id='par_1_4' title="bbox 569 421 2145 493">
     <span class='ocr_line' id='line_1_4' title="bbox 569 421 2145 493; baseline -0.007 -9"><span class='ocrx_word' id='word_1_6' title='bbox 569 427 770 486; x_wconf 77' lang='lat' dir='ltr'><strong>inlisit.</strong></span> <span class='ocrx_word' id='word_1_7' title='bbox 808 421 1113 480; x_wconf 87' lang='lat' dir='ltr'><strong>Subvenire</strong></span> <span class='ocrx_word' id='word_1_8' title='bbox 1148 423 1271 493; x_wconf 90' lang='lat' dir='ltr'><strong>pedi</strong></span> <span class='ocrx_word' id='word_1_9' title='bbox 1306 423 1434 476; x_wconf 86' lang='lat' dir='ltr'><strong>dum</strong></span> <span class='ocrx_word' id='word_1_10' title='bbox 1469 431 1723 486; x_wconf 81' lang='lat' dir='ltr'><strong>conatur,</strong></span> <span class='ocrx_word' id='word_1_11' title='bbox 1775 422 2058 474; x_wconf 82' lang='lat' dir='ltr'><strong>inﬂectens</strong></span> <span class='ocrx_word' id='word_1_12' title='bbox 2087 435 2145 474; x_wconf 89' lang='lat' dir='ltr'><strong>se</strong></span> 
     </span>
    </p>
   </div>
   <div class='ocr_carea' id='block_1_5' title="bbox 2251 417 3712 493">
    <p class='ocr_par' dir='ltr' id='par_1_5' title="bbox 2251 417 3712 490">
     <span class='ocr_line' id='line_1_5' title="bbox 2251 417 3712 490; baseline 0.005 -19"><span class='ocrx_word' id='word_1_13' title='bbox 2251 419 2341 471; x_wconf 72' lang='grc' dir='ltr'>καὶ</span> <span class='ocrx_word' id='word_1_14' title='bbox 2396 421 2463 489; x_wconf 79' lang='grc' dir='ltr'><strong>τῇ</strong></span> <span class='ocrx_word' id='word_1_15' title='bbox 2508 419 2605 488; x_wconf 85' lang='grc' dir='ltr'><strong>τῆς</strong></span> <span class='ocrx_word' id='word_1_16' title='bbox 2648 417 2796 479; x_wconf 81' lang='grc' dir='ltr'>θείας</span> <span class='ocrx_word' id='word_1_17' title='bbox 2852 417 3218 487; x_wconf 79' lang='grc' dir='ltr'><strong>προσηγορίας</strong></span> <span class='ocrx_word' id='word_1_18' title='bbox 3254 418 3420 490; x_wconf 68' lang='grc' dir='ltr'>ἐπῳδῇ</span> <span class='ocrx_word' id='word_1_19' title='bbox 3464 420 3548 486; x_wconf 69' lang='grc' dir='ltr'><strong>τὰς</strong></span> <span class='ocrx_word' id='word_1_20' title='bbox 3573 425 3712 481; x_wconf 72' lang='grc' dir='ltr'><strong>ὀδύνας</strong></span> 
     </span>
    </p>
   </div>
   <div class='ocr_carea' id='block_1_6' title="bbox 571 513 2152 584">
    <p class='ocr_par' dir='ltr' id='par_1_6' title="bbox 571 513 2152 584">
     <span class='ocr_line' id='line_1_6' title="bbox 571 513 2152 584; baseline -0.007 -9"><span class='ocrx_word' id='word_1_21' title='bbox 571 533 796 575; x_wconf 89' lang='lat' dir='ltr'><strong>manum</strong></span> <span class='ocrx_word' id='word_1_22' title='bbox 827 515 1088 576; x_wconf 82' lang='lat' dir='ltr'><strong>admovit,</strong></span> <span class='ocrx_word' id='word_1_23' title='bbox 1108 521 1161 570; x_wconf 92' lang='lat' dir='ltr'><strong>et</strong></span> <span class='ocrx_word' id='word_1_24' title='bbox 1183 530 1245 569; x_wconf 89' lang='lat' dir='ltr'><strong>os</strong></span> <span class='ocrx_word' id='word_1_25' title='bbox 1265 513 1480 584; x_wconf 74' lang='lat'><strong>1256</strong></span> <span class='ocrx_word' id='word_1_26' title='bbox 1501 514 1688 567; x_wconf 81' lang='lat' dir='ltr'><strong>bestiae</strong></span> <span class='ocrx_word' id='word_1_27' title='bbox 1706 515 1758 566; x_wconf 90' lang='lat' dir='ltr'><strong>in</strong></span> <span class='ocrx_word' id='word_1_28' title='bbox 1785 528 1902 566; x_wconf 87' lang='lat' dir='ltr'><strong>cam</strong></span> <span class='ocrx_word' id='word_1_29' title='bbox 1923 527 2152 566; x_wconf 87' lang='lat' dir='ltr'><strong>conver-</strong></span> 
     </span>
    </p>
   </div>
   <div class='ocr_carea' id='block_1_7' title="bbox 571 604 2152 674">
    <p class='ocr_par' dir='ltr' id='par_1_7' title="bbox 571 604 2152 674">
     <span class='ocr_line' id='line_1_7' title="bbox 571 604 2152 674; baseline -0.003 -11"><span class='ocrx_word' id='word_1_30' title='bbox 571 612 634 665; x_wconf 92' lang='lat' dir='ltr'><strong>tit</strong></span> <span class='ocrx_word' id='word_1_31' title='bbox 670 628 682 663; x_wconf 91' lang='lat'>:</span> <span class='ocrx_word' id='word_1_32' title='bbox 719 607 810 663; x_wconf 91' lang='lat' dir='ltr'><strong>cui</strong></span> <span class='ocrx_word' id='word_1_33' title='bbox 851 621 1046 662; x_wconf 98' lang='lat' dir='ltr'><strong>rursus</strong></span> <span class='ocrx_word' id='word_1_34' title='bbox 1080 605 1214 660; x_wconf 78' lang='lat' dir='ltr'><strong>laeva</strong></span> <span class='ocrx_word' id='word_1_35' title='bbox 1257 621 1420 660; x_wconf 89' lang='lat' dir='ltr'><strong>manu</strong></span> <span class='ocrx_word' id='word_1_36' title='bbox 1472 620 1630 674; x_wconf 88' lang='lat' dir='ltr'><strong>opem</strong></span> <span class='ocrx_word' id='word_1_37' title='bbox 1669 604 1874 669; x_wconf 87' lang='lat' dir='ltr'><strong>ferens,</strong></span> <span class='ocrx_word' id='word_1_38' title='bbox 1917 605 1969 658; x_wconf 88' lang='lat' dir='ltr'><strong>in</strong></span> <span class='ocrx_word' id='word_1_39' title='bbox 2011 604 2152 658; x_wconf 90' lang='lat' dir='ltr'><strong>hanc</strong></span> 
     </span>
    </p>
   </div>
   <div class='ocr_carea' id='block_1_8' title="bbox 569 695 2150 771">
    <p class='ocr_par' dir='ltr' id='par_1_8' title="bbox 569 695 2150 771">
     <span class='ocr_line' id='line_1_8' title="bbox 569 695 2150 771; baseline -0.003 -17"><span class='ocrx_word' id='word_1_40' title='bbox 569 715 788 771; x_wconf 87' lang='lat' dir='ltr'><strong>quoque</strong></span> <span class='ocrx_word' id='word_1_41' title='bbox 818 698 1007 754; x_wconf 63' lang='lat' dir='ltr'><strong>bestiae</strong></span> <span class='ocrx_word' id='word_1_42' title='bbox 1037 697 1174 752; x_wconf 90' lang='lat' dir='ltr'><strong>iram</strong></span> <span class='ocrx_word' id='word_1_43' title='bbox 1201 698 1384 753; x_wconf 79' lang='lat' dir='ltr'><strong>traxit.</strong></span> <span class='ocrx_word' id='word_1_44' title='bbox 1423 695 1716 766; x_wconf 77' lang='lat' dir='ltr'><strong>Postquam</strong></span> <span class='ocrx_word' id='word_1_45' title='bbox 1740 704 1920 751; x_wconf 88' lang='lat' dir='ltr'><strong>autem</strong></span> <span class='ocrx_word' id='word_1_46' title='bbox 1945 695 2150 749; x_wconf 84' lang='lat' dir='ltr'><strong>rabiem</strong></span> 
     </span>
    </p>
   </div>
   <div class='ocr_carea' id='block_1_9' title="bbox 568 787 2148 862">
    <p class='ocr_par' dir='ltr' id='par_1_9' title="bbox 568 787 2148 862">
     <span class='ocr_line' id='line_1_9' title="bbox 568 787 2148 862; baseline -0.005 -16"><span class='ocrx_word' id='word_1_47' title='bbox 568 792 807 862; x_wconf 77' lang='lat' dir='ltr'><strong>explevit</strong></span> <span class='ocrx_word' id='word_1_48' title='bbox 853 791 1093 860; x_wconf 87' lang='lat' dir='ltr'><strong>(morsus</strong></span> <span class='ocrx_word' id='word_1_49' title='bbox 1130 790 1333 861; x_wconf 87' lang='lat' dir='ltr'><strong>quippe</strong></span> <span class='ocrx_word' id='word_1_50' title='bbox 1384 804 1552 859; x_wconf 84' lang='lat' dir='ltr'><strong>supra</strong></span> <span class='ocrx_word' id='word_1_51' title='bbox 1608 787 1795 843; x_wconf 86' lang='lat' dir='ltr'><strong>decem</strong></span> <span class='ocrx_word' id='word_1_52' title='bbox 1840 787 2148 853; x_wconf 89' lang='lat' dir='ltr'><strong>intulerat),</strong></span> 
     </span>
    </p>
   </div>
   <div class='ocr_carea' id='block_1_10' title="bbox 569 881 2152 952">
    <p class='ocr_par' dir='ltr' id='par_1_10' title="bbox 569 881 2152 952">
     <span class='ocr_line' id='line_1_10' title="bbox 569 881 2152 952; baseline -0.003 -14"><span class='ocrx_word' id='word_1_53' title='bbox 569 885 703 938; x_wconf 88' lang='lat' dir='ltr'><strong>abiit</strong></span> <span class='ocrx_word' id='word_1_54' title='bbox 744 883 858 948; x_wconf 90' lang='lat' dir='ltr'><strong>illa,</strong></span> <span class='ocrx_word' id='word_1_55' title='bbox 901 897 1173 952; x_wconf 89' lang='lat' dir='ltr'><strong>suumque</strong></span> <span class='ocrx_word' id='word_1_56' title='bbox 1211 882 1265 936; x_wconf 92' lang='lat' dir='ltr'><strong>in</strong></span> <span class='ocrx_word' id='word_1_57' title='bbox 1305 882 1593 937; x_wconf 78' lang='lat' dir='ltr'><strong>latibulum</strong></span> <span class='ocrx_word' id='word_1_58' title='bbox 1633 897 1691 936; x_wconf 93' lang='lat' dir='ltr'><strong>se</strong></span> <span class='ocrx_word' id='word_1_59' title='bbox 1727 881 1936 950; x_wconf 85' lang='lat' dir='ltr'><strong>recepit</strong></span> <span class='ocrx_word' id='word_1_60' title='bbox 1971 898 1984 934; x_wconf 88' lang='lat'><strong>:</strong></span> <span class='ocrx_word' id='word_1_61' title='bbox 2035 881 2152 948; x_wconf 85' lang='lat' dir='ltr'><strong>ipse.</strong></span> 
     </span>
    </p>
   </div>
   <div class='ocr_carea' id='block_1_11' title="bbox 568 967 2151 1040">
    <p class='ocr_par' dir='ltr' id='par_1_11' title="bbox 568 967 2151 1040">
     <span class='ocr_line' id='line_1_11' title="bbox 568 967 2151 1040; baseline -0.002 -14"><span class='ocrx_word' id='word_1_62' title='bbox 568 987 702 1027; x_wconf 88' lang='lat' dir='ltr'><strong>vero</strong></span> <span class='ocrx_word' id='word_1_63' title='bbox 734 971 950 1026; x_wconf 85' lang='lat' dir='ltr'><strong>acerbis</strong></span> <span class='ocrx_word' id='word_1_64' title='bbox 975 972 1215 1040; x_wconf 86' lang='lat' dir='ltr'><strong>undique</strong></span> <span class='ocrx_word' id='word_1_65' title='bbox 1239 971 1523 1026; x_wconf 88' lang='lat' dir='ltr'><strong>doloribus</strong></span> <span class='ocrx_word' id='word_1_66' title='bbox 1554 969 1925 1024; x_wconf 84' lang='lat' dir='ltr'><strong>cruciabatur.</strong></span> <span class='ocrx_word' id='word_1_67' title='bbox 1947 967 2054 1022; x_wconf 86' lang='lat' dir='ltr'><strong>Sed</strong></span> <span class='ocrx_word' id='word_1_68' title='bbox 2083 983 2151 1023; x_wconf 90' lang='lat' dir='ltr'><strong>ne</strong></span> 
     </span>
    </p>
   </div>
   <div class='ocr_carea' id='block_1_12' title="bbox 569 1059 2151 1130">
    <p class='ocr_par' dir='ltr' id='par_1_12' title="bbox 569 1059 2151 1130">
     <span class='ocr_line' id='line_1_12' title="bbox 569 1059 2151 1130; baseline -0.001 -15"><span class='ocrx_word' id='word_1_69' title='bbox 569 1070 702 1115; x_wconf 88' lang='lat' dir='ltr'><strong>tunc</strong></span> <span class='ocrx_word' id='word_1_70' title='bbox 733 1059 956 1130; x_wconf 88' lang='lat' dir='ltr'><strong>quidem</strong></span> <span class='ocrx_word' id='word_1_71' title='bbox 999 1059 1225 1113; x_wconf 71' lang='lat' dir='ltr'><strong>medicae</strong></span> <span class='ocrx_word' id='word_1_72' title='bbox 1245 1059 1381 1114; x_wconf 91' lang='lat' dir='ltr'><strong>artis</strong></span> <span class='ocrx_word' id='word_1_73' title='bbox 1413 1059 1617 1114; x_wconf 74' lang='lat' dir='ltr'><strong>auxilio</strong></span> <span class='ocrx_word' id='word_1_74' title='bbox 1649 1059 1727 1113; x_wconf 87' lang='lat' dir='ltr'><strong>uti</strong></span> <span class='ocrx_word' id='word_1_75' title='bbox 1754 1059 1978 1129; x_wconf 85' lang='lat' dir='ltr'><strong>placuit,</strong></span> <span class='ocrx_word' id='word_1_76' title='bbox 2005 1059 2151 1113; x_wconf 84' lang='lat' dir='ltr'><strong>sola-</strong></span> 
     </span>
    </p>
   </div>
   <div class='ocr_carea' id='block_1_13' title="bbox 567 1151 2148 1226">
    <p class='ocr_par' dir='ltr' id='par_1_13' title="bbox 567 1151 2148 1226">
     <span class='ocr_line' id='line_1_13' title="bbox 567 1151 2148 1226; baseline -0.002 -18"><span class='ocrx_word' id='word_1_77' title='bbox 567 1168 676 1222; x_wconf 89' lang='lat' dir='ltr'><strong>que</strong></span> <span class='ocrx_word' id='word_1_78' title='bbox 705 1151 828 1226; x_wconf 82' lang='lat' dir='ltr'><strong>Ildei</strong></span> <span class='ocrx_word' id='word_1_79' title='bbox 867 1151 1162 1221; x_wconf 90' lang='lat' dir='ltr'><strong>pharmaca</strong></span> <span class='ocrx_word' id='word_1_80' title='bbox 1191 1152 1514 1208; x_wconf 81' lang='lat' dir='ltr'><strong>vulneribus</strong></span> <span class='ocrx_word' id='word_1_81' title='bbox 1555 1152 1671 1208; x_wconf 86' lang='lat' dir='ltr'><strong>suis</strong></span> <span class='ocrx_word' id='word_1_82' title='bbox 1714 1151 1984 1215; x_wconf 89' lang='lat' dir='ltr'><strong>adhibuit,</strong></span> <span class='ocrx_word' id='word_1_83' title='bbox 2023 1166 2148 1205; x_wconf 90' lang='lat' dir='ltr'><strong>ora-</strong></span> 
     </span>
    </p>
   </div>
   <div class='ocr_carea' id='block_1_14' title="bbox 568 1241 2148 1308">
    <p class='ocr_par' dir='ltr' id='par_1_14' title="bbox 568 1241 2148 1308">
     <span class='ocr_line' id='line_1_14' title="bbox 568 1241 2148 1308; baseline -0.002 -10"><span class='ocrx_word' id='word_1_84' title='bbox 568 1245 774 1298; x_wconf 88' lang='lat' dir='ltr'><strong>tionem</strong></span> <span class='ocrx_word' id='word_1_85' title='bbox 791 1250 844 1298; x_wconf 89' lang='lat' dir='ltr'><strong>et</strong></span> <span class='ocrx_word' id='word_1_86' title='bbox 869 1242 1084 1308; x_wconf 69' lang='lat' dir='ltr'><strong>signum</strong></span> <span class='ocrx_word' id='word_1_87' title='bbox 1107 1245 1310 1307; x_wconf 89' lang='lat' dir='ltr'><strong>crucis,</strong></span> <span class='ocrx_word' id='word_1_88' title='bbox 1330 1250 1385 1298; x_wconf 90' lang='lat' dir='ltr'><strong>et</strong></span> <span class='ocrx_word' id='word_1_89' title='bbox 1416 1244 1816 1298; x_wconf 76' lang='lat' dir='ltr'><strong>invocationem</strong></span> <span class='ocrx_word' id='word_1_90' title='bbox 1850 1242 1966 1297; x_wconf 90' lang='lat' dir='ltr'><strong>Dei.</strong></span> <span class='ocrx_word' id='word_1_91' title='bbox 2013 1241 2148 1295; x_wconf 81' lang='lat' dir='ltr'><strong>Pro-</strong></span> 
     </span>
    </p>
   </div>
   <div class='ocr_carea' id='block_1_15' title="bbox 567 1334 2148 1407">
    <p class='ocr_par' dir='ltr' id='par_1_15' title="bbox 567 1334 2148 1407">
     <span class='ocr_line' id='line_1_15' title="bbox 567 1334 2148 1407; baseline -0.001 -17"><span class='ocrx_word' id='word_1_92' title='bbox 567 1344 754 1407; x_wconf 85' lang='lat' dir='ltr'><strong>pterea</strong></span> <span class='ocrx_word' id='word_1_93' title='bbox 791 1342 995 1397; x_wconf 83' lang='lat' dir='ltr'><strong>autem,</strong></span> <span class='ocrx_word' id='word_1_94' title='bbox 1020 1342 1081 1388; x_wconf 93' lang='lat' dir='ltr'><strong>ut</strong></span> <span class='ocrx_word' id='word_1_95' title='bbox 1114 1334 1375 1399; x_wconf 90' lang='lat' dir='ltr'><strong>arbitror,</strong></span> <span class='ocrx_word' id='word_1_96' title='bbox 1394 1335 1589 1390; x_wconf 63' lang='lat' dir='ltr'><strong>saevire</strong></span> <span class='ocrx_word' id='word_1_97' title='bbox 1620 1336 1674 1390; x_wconf 93' lang='lat' dir='ltr'><strong>in</strong></span> <span class='ocrx_word' id='word_1_98' title='bbox 1708 1348 1925 1390; x_wconf 90' lang='lat' dir='ltr'><strong>sacrum</strong></span> <span class='ocrx_word' id='word_1_99' title='bbox 1944 1349 2148 1404; x_wconf 89' lang='lat' dir='ltr'><strong>corpus</strong></span> 
     </span>
    </p>
   </div>
   <div class='ocr_carea' id='block_1_16' title="bbox 569 1427 2146 1498">
    <p class='ocr_par' dir='ltr' id='par_1_16' title="bbox 569 1427 2146 1498">
     <span class='ocr_line' id='line_1_16' title="bbox 569 1427 2146 1498; baseline -0.002 -15"><span class='ocrx_word' id='word_1_100' title='bbox 569 1429 796 1483; x_wconf 87' lang='lat' dir='ltr'><strong>bestiam</strong></span> <span class='ocrx_word' id='word_1_101' title='bbox 829 1427 976 1481; x_wconf 87' lang='lat' dir='ltr'><strong>illam</strong></span> <span class='ocrx_word' id='word_1_102' title='bbox 1001 1427 1256 1498; x_wconf 87' lang='lat' dir='ltr'><strong>permisit</strong></span> <span class='ocrx_word' id='word_1_103' title='bbox 1290 1427 1672 1482; x_wconf 89' lang='lat' dir='ltr'><strong>universorum</strong></span> <span class='ocrx_word' id='word_1_104' title='bbox 1719 1427 1888 1493; x_wconf 84' lang='lat' dir='ltr'><strong>Deus,</strong></span> <span class='ocrx_word' id='word_1_105' title='bbox 1918 1435 1978 1481; x_wconf 93' lang='lat' dir='ltr'><strong>ut</strong></span> <span class='ocrx_word' id='word_1_106' title='bbox 2002 1427 2146 1481; x_wconf 85' lang='lat' dir='ltr'><strong>divi-</strong></span> 
     </span>
    </p>
   </div>
   <div class='ocr_carea' id='block_1_17' title="bbox 567 1517 2144 1590">
    <p class='ocr_par' dir='ltr' id='par_1_17' title="bbox 567 1517 2144 1590">
     <span class='ocr_line' id='line_1_17' title="bbox 567 1517 2144 1590; baseline 0 -18"><span class='ocrx_word' id='word_1_107' title='bbox 567 1533 650 1574; x_wconf 68' lang='lat' dir='ltr'><strong>nae</strong></span> <span class='ocrx_word' id='word_1_108' title='bbox 687 1518 836 1573; x_wconf 92' lang='lat' dir='ltr'><strong>illius</strong></span> <span class='ocrx_word' id='word_1_109' title='bbox 871 1517 1068 1572; x_wconf 68' lang='lat' dir='ltr'><strong>anima:</strong></span> <span class='ocrx_word' id='word_1_110' title='bbox 1119 1518 1438 1588; x_wconf 88' lang='lat' dir='ltr'><strong>patientiam</strong></span> <span class='ocrx_word' id='word_1_111' title='bbox 1483 1519 1744 1574; x_wconf 89' lang='lat' dir='ltr'><strong>omnibus</strong></span> <span class='ocrx_word' id='word_1_112' title='bbox 1786 1517 2144 1590; x_wconf 75' lang='lat' dir='ltr'><strong>patefaceret.</strong></span> 
     </span>
    </p>
   </div>
   <div class='ocr_carea' id='block_1_18' title="bbox 565 1609 2148 1680">
    <p class='ocr_par' dir='ltr' id='par_1_18' title="bbox 565 1609 2148 1680">
     <span class='ocr_line' id='line_1_18' title="bbox 565 1609 2148 1680; baseline 0 -16"><span class='ocrx_word' id='word_1_113' title='bbox 565 1609 719 1666; x_wconf 79' lang='lat' dir='ltr'><strong>lianc</strong></span> <span class='ocrx_word' id='word_1_114' title='bbox 749 1609 898 1665; x_wconf 85' lang='lat' dir='ltr'><strong>enim</strong></span> <span class='ocrx_word' id='word_1_115' title='bbox 930 1609 1050 1679; x_wconf 85' lang='lat' dir='ltr'><strong>ejus</strong></span> <span class='ocrx_word' id='word_1_116' title='bbox 1081 1609 1554 1680; x_wconf 88' lang='lat' dir='ltr'><strong>dispensationem</strong></span> <span class='ocrx_word' id='word_1_117' title='bbox 1587 1610 1644 1664; x_wconf 90' lang='lat' dir='ltr'><strong>in</strong></span> <span class='ocrx_word' id='word_1_118' title='bbox 1670 1618 1897 1664; x_wconf 89' lang='lat' dir='ltr'><strong>strenuo</strong></span> <span class='ocrx_word' id='word_1_119' title='bbox 1929 1623 2148 1680; x_wconf 86' lang='lat' dir='ltr'><strong>quoque</strong></span> 
     </span>
    </p>
   </div>
   <div class='ocr_carea' id='block_1_19' title="bbox 561 1699 2148 1772">
    <p class='ocr_par' dir='ltr' id='par_1_19' title="bbox 561 1699 2148 1772">
     <span class='ocr_line' id='line_1_19' title="bbox 561 1699 2148 1772; baseline 0.001 -17"><span class='ocrx_word' id='word_1_120' title='bbox 561 1699 701 1757; x_wconf 76' lang='lat' dir='ltr'><strong>Jobo</strong></span> <span class='ocrx_word' id='word_1_121' title='bbox 727 1709 1045 1770; x_wconf 86' lang='lat' dir='ltr'><strong>usurpatam</strong></span> <span class='ocrx_word' id='word_1_122' title='bbox 1075 1700 1378 1768; x_wconf 86' lang='lat' dir='ltr'><strong>cernimus,</strong></span> <span class='ocrx_word' id='word_1_123' title='bbox 1401 1716 1564 1772; x_wconf 89' lang='lat' dir='ltr'><strong>quem</strong></span> <span class='ocrx_word' id='word_1_124' title='bbox 1593 1701 1850 1758; x_wconf 78' lang='lat' dir='ltr'><strong>maximis</strong></span> <span class='ocrx_word' id='word_1_125' title='bbox 1882 1711 1936 1757; x_wconf 91' lang='lat' dir='ltr'><strong>et</strong></span> <span class='ocrx_word' id='word_1_126' title='bbox 1963 1701 2148 1757; x_wconf 87' lang='lat' dir='ltr'><strong>multi-</strong></span> 
     </span>
    </p>
   </div>
   <div class='ocr_carea' id='block_1_20' title="bbox 2255 505 3714 584">
    <p class='ocr_par' dir='ltr' id='par_1_20' title="bbox 2255 505 3714 584">
     <span class='ocr_line' id='line_1_20' title="bbox 2255 505 3714 584; baseline 0.004 -23"><span class='ocrx_word' id='word_1_127' title='bbox 2255 508 2525 578; x_wconf 75' lang='grc' dir='ltr'>ἐκοίμισε.</span> <span class='ocrx_word' id='word_1_128' title='bbox 2555 507 2662 560; x_wconf 67' lang='grc' dir='ltr'><strong>Καὶ</strong></span> <span class='ocrx_word' id='word_1_129' title='bbox 2687 506 2871 560; x_wconf 83' lang='grc' dir='ltr'>ἄλλοτε</span> <span class='ocrx_word' id='word_1_130' title='bbox 2911 505 3123 577; x_wconf 90' lang='grc' dir='ltr'>νύκτωρ</span> <span class='ocrx_word' id='word_1_131' title='bbox 3157 506 3395 577; x_wconf 81' lang='grc' dir='ltr'><strong>βαδίζων,</strong></span> <span class='ocrx_word' id='word_1_132' title='bbox 3428 509 3566 580; x_wconf 78' lang='grc' dir='ltr'>ἔχεως</span> <span class='ocrx_word' id='word_1_133' title='bbox 3594 515 3714 584; x_wconf 58' lang='lat' dir='ltr'><strong>latin</strong></span> 
     </span>
    </p>
   </div>
   <div class='ocr_carea' id='block_1_21' title="bbox 2253 598 3716 671">
    <p class='ocr_par' dir='ltr' id='par_1_21' title="bbox 2253 598 3716 671">
     <span class='ocr_line' id='line_1_21' title="bbox 2253 598 3716 671; baseline 0.003 -18"><span class='ocrx_word' id='word_1_134' title='bbox 2253 599 2640 661; x_wconf 88' lang='grc' dir='ltr'>καθεύδοντος·</span> <span class='ocrx_word' id='word_1_135' title='bbox 2680 600 2708 651; x_wconf 83' lang='grc' dir='ltr'><strong>ὁ</strong></span> <span class='ocrx_word' id='word_1_136' title='bbox 2750 598 2807 651; x_wconf 79' lang='grc' dir='ltr'>δὲ</span> <span class='ocrx_word' id='word_1_137' title='bbox 2851 598 2947 651; x_wconf 80' lang='grc' dir='ltr'><strong>τοῦ</strong></span> <span class='ocrx_word' id='word_1_138' title='bbox 2998 598 3198 669; x_wconf 86' lang='grc' dir='ltr'><strong>ταρσοῦ</strong></span> <span class='ocrx_word' id='word_1_139' title='bbox 3243 599 3601 671; x_wconf 72' lang='grc' dir='ltr'>ἐπιλαϐόμενος,</span> <span class='ocrx_word' id='word_1_140' title='bbox 3631 607 3716 668; x_wconf 67' lang='grc' dir='ltr'>τοὺς</span> 
     </span>
    </p>
   </div>
   <div class='ocr_carea' id='block_1_22' title="bbox 2252 691 3716 766">
    <p class='ocr_par' dir='ltr' id='par_1_22' title="bbox 2252 691 3716 766">
     <span class='ocr_line' id='line_1_22' title="bbox 2252 691 3716 766; baseline 0.001 -19"><span class='ocrx_word' id='word_1_141' title='bbox 2252 695 2473 756; x_wconf 82' lang='grc' dir='ltr'><strong>ὀδόντας</strong></span> <span class='ocrx_word' id='word_1_142' title='bbox 2505 693 2736 762; x_wconf 83' lang='grc' dir='ltr'>ὲπήγνυ.</span> <span class='ocrx_word' id='word_1_143' title='bbox 2774 691 3082 761; x_wconf 79' lang='grc' dir='ltr'>Ἐπαμῦναι</span> <span class='ocrx_word' id='word_1_144' title='bbox 3133 691 3190 744; x_wconf 80' lang='grc' dir='ltr'><strong>δὲ</strong></span> <span class='ocrx_word' id='word_1_145' title='bbox 3234 691 3308 763; x_wconf 85' lang='grc' dir='ltr'>τῷ</span> <span class='ocrx_word' id='word_1_146' title='bbox 3337 693 3446 746; x_wconf 67' lang='grc' dir='ltr'>ποδὶ</span> <span class='ocrx_word' id='word_1_147' title='bbox 3490 696 3716 766; x_wconf 75' lang='grc' dir='ltr'>πειραθεὶς,</span> 
     </span>
    </p>
   </div>
   <div class='ocr_carea' id='block_1_23' title="bbox 2253 782 3714 854">
    <p class='ocr_par' dir='ltr' id='par_1_23' title="bbox 2253 782 3714 854">
     <span class='ocr_line' id='line_1_23' title="bbox 2253 782 3714 854; baseline -0.001 -16"><span class='ocrx_word' id='word_1_148' title='bbox 2253 785 2566 839; x_wconf 87' lang='grc' dir='ltr'>κατέκυπτε</span> <span class='ocrx_word' id='word_1_149' title='bbox 2604 783 2724 853; x_wconf 80' lang='grc' dir='ltr'>μὲν,</span> <span class='ocrx_word' id='word_1_150' title='bbox 2782 782 2874 836; x_wconf 71' lang='grc' dir='ltr'>καὶ</span> <span class='ocrx_word' id='word_1_151' title='bbox 2932 783 3029 852; x_wconf 86' lang='grc' dir='ltr'><strong>τὴν</strong></span> <span class='ocrx_word' id='word_1_152' title='bbox 3073 785 3227 852; x_wconf 87' lang='grc' dir='ltr'>χεῖρα</span> <span class='ocrx_word' id='word_1_153' title='bbox 3266 783 3426 853; x_wconf 86' lang='grc' dir='ltr'>τούτῳ</span> <span class='ocrx_word' id='word_1_154' title='bbox 3470 785 3714 854; x_wconf 74' lang='grc' dir='ltr'>προσέφερε,</span> 
     </span>
    </p>
   </div>
   <div class='ocr_carea' id='block_1_24' title="bbox 2257 870 3716 945">
    <p class='ocr_par' dir='ltr' id='par_1_24' title="bbox 2257 870 3716 945">
     <span class='ocr_line' id='line_1_24' title="bbox 2257 870 3716 945; baseline 0.002 -19"><span class='ocrx_word' id='word_1_155' title='bbox 2257 874 2522 945; x_wconf 77' lang='grc' dir='ltr'>μετέφερε</span> <span class='ocrx_word' id='word_1_156' title='bbox 2559 872 2615 927; x_wconf 84' lang='grc' dir='ltr'>δὲ</span> <span class='ocrx_word' id='word_1_157' title='bbox 2649 875 2726 936; x_wconf 84' lang='grc' dir='ltr'><strong>είς</strong></span> <span class='ocrx_word' id='word_1_158' title='bbox 2754 871 2960 943; x_wconf 88' lang='grc' dir='ltr'>ταύτην</span> <span class='ocrx_word' id='word_1_159' title='bbox 2991 870 3084 925; x_wconf 84' lang='grc' dir='ltr'><strong>τοῦ</strong></span> <span class='ocrx_word' id='word_1_160' title='bbox 3110 871 3296 943; x_wconf 80' lang='grc' dir='ltr'>θηρίου</span> <span class='ocrx_word' id='word_1_161' title='bbox 3329 871 3386 926; x_wconf 81' lang='grc' dir='ltr'>τὸ</span> <span class='ocrx_word' id='word_1_162' title='bbox 3405 874 3574 943; x_wconf 67' lang='grc' dir='ltr'>στόμα·</span> <span class='ocrx_word' id='word_1_163' title='bbox 3605 877 3716 930; x_wconf 76' lang='grc' dir='ltr'>πάλιν</span> 
     </span>
    </p>
   </div>
   <div class='ocr_carea' id='block_1_25' title="bbox 2249 961 3715 1034">
    <p class='ocr_par' dir='ltr' id='par_1_25' title="bbox 2249 961 3715 1034">
     <span class='ocr_line' id='line_1_25' title="bbox 2249 961 3715 1034; baseline -0.001 -17"><span class='ocrx_word' id='word_1_164' title='bbox 2249 964 2309 1018; x_wconf 80' lang='grc' dir='ltr'>δὲ</span> <span class='ocrx_word' id='word_1_165' title='bbox 2333 966 2399 1034; x_wconf 80' lang='grc' dir='ltr'><strong>τῇ</strong></span> <span class='ocrx_word' id='word_1_166' title='bbox 2428 961 2698 1034; x_wconf 81' lang='grc' dir='ltr'><strong>εὐωνύμῳ</strong></span> <span class='ocrx_word' id='word_1_167' title='bbox 2729 961 3078 1033; x_wconf 82' lang='grc' dir='ltr'>χρησάμενος</span> <span class='ocrx_word' id='word_1_168' title='bbox 3105 963 3183 1025; x_wconf 88' lang='grc' dir='ltr'>είς</span> <span class='ocrx_word' id='word_1_169' title='bbox 3213 961 3445 1032; x_wconf 81' lang='grc' dir='ltr'>βοήθειαν</span> <span class='ocrx_word' id='word_1_170' title='bbox 3467 964 3549 1032; x_wconf 76' lang='grc' dir='ltr'><strong>τῆς</strong></span> <span class='ocrx_word' id='word_1_171' title='bbox 3567 966 3715 1034; x_wconf 73' lang='grc' dir='ltr'>ἑτέρας,</span> 
     </span>
    </p>
   </div>
   <div class='ocr_carea' id='block_1_26' title="bbox 2252 1050 3717 1125">
    <p class='ocr_par' dir='ltr' id='par_1_26' title="bbox 2252 1050 3717 1125">
     <span class='ocr_line' id='line_1_26' title="bbox 2252 1050 3717 1125; baseline -0.001 -16"><span class='ocrx_word' id='word_1_172' title='bbox 2252 1050 2403 1110; x_wconf 77' lang='grc' dir='ltr'>εἷλκε</span> <span class='ocrx_word' id='word_1_173' title='bbox 2432 1057 2526 1109; x_wconf 75' lang='grc' dir='ltr'><strong>καὶ</strong></span> <span class='ocrx_word' id='word_1_174' title='bbox 2553 1055 2696 1109; x_wconf 77' lang='grc' dir='ltr'>κατὰ</span> <span class='ocrx_word' id='word_1_175' title='bbox 2727 1053 2934 1125; x_wconf 80' lang='grc' dir='ltr'><strong>ταύτης</strong></span> <span class='ocrx_word' id='word_1_176' title='bbox 2957 1055 3050 1107; x_wconf 77' lang='grc' dir='ltr'>τὸν</span> <span class='ocrx_word' id='word_1_177' title='bbox 3083 1054 3176 1108; x_wconf 83' lang='grc' dir='ltr'>τοῦ</span> <span class='ocrx_word' id='word_1_178' title='bbox 3218 1054 3394 1124; x_wconf 78' lang='grc' dir='ltr'>θηρίου</span> <span class='ocrx_word' id='word_1_179' title='bbox 3425 1054 3580 1125; x_wconf 81' lang='grc' dir='ltr'>θυμόν.</span> <span class='ocrx_word' id='word_1_180' title='bbox 3616 1057 3717 1109; x_wconf 70' lang='grc' dir='ltr'>Ἔτει</span> 
     </span>
    </p>
   </div>
   <div class='ocr_carea' id='block_1_27' title="bbox 2251 1139 3714 1224">
    <p class='ocr_par' dir='ltr' id='par_1_27' title="bbox 2251 1139 3714 1224">
     <span class='ocr_line' id='line_1_27' title="bbox 2251 1139 3714 1224; baseline 0 -16"><span class='ocrx_word' id='word_1_181' title='bbox 2251 1154 2308 1208; x_wconf 78' lang='grc' dir='ltr'>δὲ</span> <span class='ocrx_word' id='word_1_182' title='bbox 2337 1154 2497 1224; x_wconf 80' lang='grc' dir='ltr'>κόρον</span> <span class='ocrx_word' id='word_1_183' title='bbox 2527 1152 2684 1206; x_wconf 77' lang='grc' dir='ltr'>ἔλαϐε</span> <span class='ocrx_word' id='word_1_184' title='bbox 2717 1153 2818 1224; x_wconf 84' lang='grc' dir='ltr'><strong>τῆς</strong></span> <span class='ocrx_word' id='word_1_185' title='bbox 2841 1152 3042 1223; x_wconf 88' lang='grc' dir='ltr'>μανίας</span> <span class='ocrx_word' id='word_1_186' title='bbox 3070 1152 3305 1221; x_wconf 80' lang='grc' dir='ltr'><strong>(πλείονα</strong></span> <span class='ocrx_word' id='word_1_187' title='bbox 3336 1139 3436 1224; x_wconf 78' lang='grc' dir='ltr'>γὰρ</span> <span class='ocrx_word' id='word_1_188' title='bbox 3449 1155 3714 1224; x_wconf 76' lang='grc' dir='ltr'>αύτῷἢδέκα</span> 
     </span>
    </p>
   </div>
   <div class='ocr_carea' id='block_1_28' title="bbox 2252 1242 3714 1316">
    <p class='ocr_par' dir='ltr' id='par_1_28' title="bbox 2252 1242 3714 1316">
     <span class='ocr_line' id='line_1_28' title="bbox 2252 1242 3714 1316; baseline -0.001 -18"><span class='ocrx_word' id='word_1_189' title='bbox 2252 1245 2620 1316; x_wconf 81' lang='grc' dir='ltr'>προσενήνοχε</span> <span class='ocrx_word' id='word_1_190' title='bbox 2678 1244 2960 1315; x_wconf 83' lang='grc' dir='ltr'><strong>δήγματα,</strong></span> <span class='ocrx_word' id='word_1_191' title='bbox 2997 1242 3059 1296; x_wconf 78' lang='grc' dir='ltr'><strong>τὸ</strong></span> <span class='ocrx_word' id='word_1_192' title='bbox 3094 1243 3191 1313; x_wconf 82' lang='grc' dir='ltr'>μὲν</span> <span class='ocrx_word' id='word_1_193' title='bbox 3219 1243 3434 1313; x_wconf 77' lang='grc' dir='ltr'><strong>ἀπέστη,</strong></span> <span class='ocrx_word' id='word_1_194' title='bbox 3461 1245 3538 1296; x_wconf 74' lang='grc' dir='ltr'>καὶ</span> <span class='ocrx_word' id='word_1_195' title='bbox 3566 1244 3632 1297; x_wconf 70' lang='grc' dir='ltr'><strong>τὸν</strong></span> <span class='ocrx_word' id='word_1_196' title='bbox 3655 1264 3714 1314; x_wconf 67' lang='grc' dir='ltr'><strong>χῃ-</strong></span> 
     </span>
    </p>
   </div>
   <div class='ocr_carea' id='block_1_29' title="bbox 2253 1332 3713 1404">
    <p class='ocr_par' dir='ltr' id='par_1_29' title="bbox 2253 1332 3713 1404">
     <span class='ocr_line' id='line_1_29' title="bbox 2253 1332 3713 1404; baseline 0 -18"><span class='ocrx_word' id='word_1_197' title='bbox 2253 1351 2319 1404; x_wconf 91' lang='grc' dir='ltr'>ρα</span> <span class='ocrx_word' id='word_1_198' title='bbox 2329 1332 2426 1403; x_wconf 84' lang='grc' dir='ltr'>μὸν</span> <span class='ocrx_word' id='word_1_199' title='bbox 2451 1333 2544 1386; x_wconf 81' lang='grc' dir='ltr'>τὸν</span> <span class='ocrx_word' id='word_1_200' title='bbox 2573 1333 2773 1386; x_wconf 82' lang='grc' dir='ltr'>οίκεῖον</span> <span class='ocrx_word' id='word_1_201' title='bbox 2809 1332 3110 1385; x_wconf 79' lang='grc' dir='ltr'>κατέλαὸεν</span> <span class='ocrx_word' id='word_1_202' title='bbox 3129 1349 3141 1362; x_wconf 89' lang='grc'>·</span> <span class='ocrx_word' id='word_1_203' title='bbox 3174 1335 3200 1384; x_wconf 84' lang='grc' dir='ltr'>ὀ</span> <span class='ocrx_word' id='word_1_204' title='bbox 3227 1333 3280 1385; x_wconf 83' lang='grc' dir='ltr'><strong>δὲ</strong></span> <span class='ocrx_word' id='word_1_205' title='bbox 3307 1333 3536 1386; x_wconf 80' lang='grc' dir='ltr'>πάντοθεν</span> <span class='ocrx_word' id='word_1_206' title='bbox 3563 1337 3713 1403; x_wconf 74' lang='grc' dir='ltr'>πικραῖς</span> 
     </span>
    </p>
   </div>
   <div class='ocr_carea' id='block_1_30' title="bbox 2250 1424 3713 1497">
    <p class='ocr_par' dir='ltr' id='par_1_30' title="bbox 2250 1424 3713 1497">
     <span class='ocr_line' id='line_1_30' title="bbox 2250 1424 3713 1497; baseline 0 -19"><span class='ocrx_word' id='word_1_207' title='bbox 2250 1424 2514 1478; x_wconf 77' lang='grc' dir='ltr'>ἐϐάλλετο</span> <span class='ocrx_word' id='word_1_208' title='bbox 2547 1424 2784 1489; x_wconf 85' lang='grc' dir='ltr'>ὀδύναις.</span> <span class='ocrx_word' id='word_1_209' title='bbox 2804 1425 2946 1478; x_wconf 83' lang='grc' dir='ltr'>’Λλλ’</span> <span class='ocrx_word' id='word_1_210' title='bbox 2982 1425 3105 1478; x_wconf 80' lang='grc' dir='ltr'>οὐδὲ</span> <span class='ocrx_word' id='word_1_211' title='bbox 3148 1426 3265 1478; x_wconf 82' lang='grc' dir='ltr'>τότε</span> <span class='ocrx_word' id='word_1_212' title='bbox 3306 1427 3396 1495; x_wconf 77' lang='grc' dir='ltr'>τῆς</span> <span class='ocrx_word' id='word_1_213' title='bbox 3429 1427 3627 1497; x_wconf 79' lang='grc' dir='ltr'><strong>ἰατρικῆς</strong></span> <span class='ocrx_word' id='word_1_214' title='bbox 3655 1430 3713 1496; x_wconf 63' lang='grc' dir='ltr'><strong>ἡν.</strong></span> 
     </span>
    </p>
   </div>
   <div class='ocr_carea' id='block_1_31' title="bbox 2252 1517 3709 1591">
    <p class='ocr_par' dir='ltr' id='par_1_31' title="bbox 2252 1517 3709 1591">
     <span class='ocr_line' id='line_1_31' title="bbox 2252 1517 3709 1591; baseline -0.001 -20"><span class='ocrx_word' id='word_1_215' title='bbox 2252 1517 2442 1588; x_wconf 88' lang='grc' dir='ltr'>έσχετο</span> <span class='ocrx_word' id='word_1_216' title='bbox 2469 1518 2665 1591; x_wconf 85' lang='grc' dir='ltr'>τέχνης</span> <span class='ocrx_word' id='word_1_217' title='bbox 2688 1537 2702 1550; x_wconf 85' lang='grc'><strong>·</strong></span> <span class='ocrx_word' id='word_1_218' title='bbox 2731 1519 2868 1572; x_wconf 82' lang='grc' dir='ltr'>ἀλλὰ</span> <span class='ocrx_word' id='word_1_219' title='bbox 2900 1521 3017 1583; x_wconf 83' lang='grc' dir='ltr'>τοῖς</span> <span class='ocrx_word' id='word_1_220' title='bbox 3042 1517 3225 1572; x_wconf 74' lang='grc' dir='ltr'>ἕλκεσι</span> <span class='ocrx_word' id='word_1_221' title='bbox 3257 1520 3525 1589; x_wconf 66' lang='grc' dir='ltr'>προσέφερε</span> <span class='ocrx_word' id='word_1_222' title='bbox 3548 1519 3649 1588; x_wconf 78' lang='grc' dir='ltr'>μόνα</span> <span class='ocrx_word' id='word_1_223' title='bbox 3673 1521 3709 1570; x_wconf 73' lang='grc' dir='ltr'><strong>τὶ</strong></span> 
     </span>
    </p>
   </div>
   <div class='ocr_carea' id='block_1_32' title="bbox 2248 1609 3708 1681">
    <p class='ocr_par' dir='ltr' id='par_1_32' title="bbox 2248 1609 3708 1681">
     <span class='ocr_line' id='line_1_32' title="bbox 2248 1609 3708 1681; baseline -0.002 -18"><span class='ocrx_word' id='word_1_224' title='bbox 2248 1612 2349 1680; x_wconf 78' lang='grc' dir='ltr'><strong>τῆς</strong></span> <span class='ocrx_word' id='word_1_225' title='bbox 2377 1609 2613 1674; x_wconf 89' lang='grc' dir='ltr'>πίστεως</span> <span class='ocrx_word' id='word_1_226' title='bbox 2641 1609 2934 1681; x_wconf 82' lang='grc' dir='ltr'>φάρμακα,</span> <span class='ocrx_word' id='word_1_227' title='bbox 2971 1611 3239 1681; x_wconf 84' lang='grc' dir='ltr'>σφραγῖδα</span> <span class='ocrx_word' id='word_1_228' title='bbox 3260 1610 3346 1662; x_wconf 67' lang='grc' dir='ltr'>καὶ</span> <span class='ocrx_word' id='word_1_229' title='bbox 3371 1612 3635 1681; x_wconf 71' lang='grc' dir='ltr'>προσευχὴν,</span> <span class='ocrx_word' id='word_1_230' title='bbox 3656 1612 3708 1661; x_wconf 75' lang='lat' dir='ltr'><strong>nl</strong></span> 
     </span>
    </p>
   </div>
   <div class='ocr_carea' id='block_1_33' title="bbox 2250 1697 3706 1773">
    <p class='ocr_par' dir='ltr' id='par_1_33' title="bbox 2250 1697 3706 1773">
     <span class='ocr_line' id='line_1_33' title="bbox 2250 1697 3706 1773; baseline -0.003 -17"><span class='ocrx_word' id='word_1_231' title='bbox 2250 1702 2345 1756; x_wconf 84' lang='grc' dir='ltr'><strong>τοῦ</strong></span> <span class='ocrx_word' id='word_1_232' title='bbox 2375 1701 2513 1756; x_wconf 84' lang='grc' dir='ltr'>Θεοῦ</span> <span class='ocrx_word' id='word_1_233' title='bbox 2539 1701 2640 1772; x_wconf 82' lang='grc' dir='ltr'>τὴν</span> <span class='ocrx_word' id='word_1_234' title='bbox 2670 1701 2986 1773; x_wconf 76' lang='grc' dir='ltr'>ἐπίκλησιν.</span> <span class='ocrx_word' id='word_1_235' title='bbox 3014 1700 3116 1754; x_wconf 81' lang='grc' dir='ltr'><strong>Διὰ</strong></span> <span class='ocrx_word' id='word_1_236' title='bbox 3164 1700 3315 1753; x_wconf 80' lang='grc' dir='ltr'>τοῦτο</span> <span class='ocrx_word' id='word_1_237' title='bbox 3341 1701 3411 1761; x_wconf 75' lang='grc' dir='ltr'>δὲ,</span> <span class='ocrx_word' id='word_1_238' title='bbox 3435 1697 3578 1771; x_wconf 77' lang='grc' dir='ltr'>οἶμαι,</span> <span class='ocrx_word' id='word_1_239' title='bbox 3603 1704 3664 1755; x_wconf 71' lang='grc' dir='ltr'>καὶ</span> <span class='ocrx_word' id='word_1_240' title='bbox 3691 1705 3706 1752; x_wconf 75' lang='grc' dir='ltr'><em>ὸ</em></span> 
     </span>
    </p>
   </div>
   <div class='ocr_carea' id='block_1_34' title="bbox 557 1791 2145 1865">
    <p class='ocr_par' dir='ltr' id='par_1_34' title="bbox 557 1791 2140 1865">
     <span class='ocr_line' id='line_1_34' title="bbox 557 1791 2140 1865; baseline 0.001 -19"><span class='ocrx_word' id='word_1_241' title='bbox 557 1793 801 1863; x_wconf 80' lang='lat' dir='ltr'><strong>plicihus</strong></span> <span class='ocrx_word' id='word_1_242' title='bbox 827 1791 1298 1863; x_wconf 77' lang='lat' dir='ltr'><strong>agitarilluctibus</strong></span> <span class='ocrx_word' id='word_1_243' title='bbox 1335 1809 1530 1864; x_wconf 90' lang='lat' dir='ltr'><strong>passus</strong></span> <span class='ocrx_word' id='word_1_244' title='bbox 1561 1804 1668 1858; x_wconf 88' lang='lat' dir='ltr'><strong>est,</strong></span> <span class='ocrx_word' id='word_1_245' title='bbox 1703 1809 1828 1849; x_wconf 87' lang='lat' dir='ltr'><strong>cum</strong></span> <span class='ocrx_word' id='word_1_246' title='bbox 1866 1796 2140 1865; x_wconf 75' lang='lat' dir='ltr'><strong>guberna-</strong></span> 
     </span>
    </p>
   </div>
   <div class='ocr_carea' id='block_1_35' title="bbox 2251 1791 3704 1865">
    <p class='ocr_par' dir='ltr' id='par_1_35' title="bbox 2251 1793 3704 1865">
     <span class='ocr_line' id='line_1_35' title="bbox 2251 1793 3704 1865; baseline -0.002 -18"><span class='ocrx_word' id='word_1_247' title='bbox 2251 1793 2354 1848; x_wconf 85' lang='grc' dir='ltr'><strong>τῶν</strong></span> <span class='ocrx_word' id='word_1_248' title='bbox 2385 1795 2525 1848; x_wconf 81' lang='grc' dir='ltr'>ὅλων</span> <span class='ocrx_word' id='word_1_249' title='bbox 2549 1793 2683 1857; x_wconf 74' lang='grc' dir='ltr'>Θεὸς</span> <span class='ocrx_word' id='word_1_250' title='bbox 2711 1796 2865 1848; x_wconf 82' lang='grc' dir='ltr'>εῐασε</span> <span class='ocrx_word' id='word_1_251' title='bbox 2897 1794 3042 1848; x_wconf 79' lang='grc' dir='ltr'>κατὰ</span> <span class='ocrx_word' id='word_1_252' title='bbox 3078 1795 3172 1847; x_wconf 80' lang='grc' dir='ltr'>τοῦ</span> <span class='ocrx_word' id='word_1_253' title='bbox 3199 1793 3336 1865; x_wconf 72' lang='grc' dir='ltr'>ἱεροῦ</span> <span class='ocrx_word' id='word_1_254' title='bbox 3366 1793 3576 1864; x_wconf 78' lang='grc' dir='ltr'>σώματος</span> <span class='ocrx_word' id='word_1_255' title='bbox 3596 1793 3704 1859; x_wconf 59' lang='lat' dir='ltr'><strong>alii;</strong></span> 
     </span>
    </p>
   </div>
   <div class='ocr_carea' id='block_1_36' title="bbox 564 1885 2139 1955">
    <p class='ocr_par' dir='ltr' id='par_1_36' title="bbox 564 1885 2139 1955">
     <span class='ocr_line' id='line_1_36' title="bbox 564 1885 2139 1955; baseline 0.003 -17"><span class='ocrx_word' id='word_1_256' title='bbox 564 1886 700 1940; x_wconf 73' lang='lat' dir='ltr'><strong>toris</strong></span> <span class='ocrx_word' id='word_1_257' title='bbox 749 1885 1073 1955; x_wconf 87' lang='lat' dir='ltr'><strong>sapientiam</strong></span> <span class='ocrx_word' id='word_1_258' title='bbox 1123 1887 1380 1941; x_wconf 90' lang='lat' dir='ltr'><strong>omnibus</strong></span> <span class='ocrx_word' id='word_1_259' title='bbox 1428 1887 1591 1942; x_wconf 85' lang='lat' dir='ltr'><strong>vellet</strong></span> <span class='ocrx_word' id='word_1_260' title='bbox 1629 1887 1940 1942; x_wconf 86' lang='lat' dir='ltr'><strong>ostendere.</strong></span> <span class='ocrx_word' id='word_1_261' title='bbox 1982 1886 2139 1943; x_wconf 84' lang='lat' dir='ltr'><strong>Unde</strong></span> 
     </span>
    </p>
   </div>
   <div class='ocr_carea' id='block_1_37' title="bbox 561 1975 2147 2050">
    <p class='ocr_par' dir='ltr' id='par_1_37' title="bbox 561 1975 2147 2050">
     <span class='ocr_line' id='line_1_37' title="bbox 561 1975 2147 2050; baseline 0.003 -22"><span class='ocrx_word' id='word_1_262' title='bbox 561 1975 707 2028; x_wconf 83' lang='lat' dir='ltr'><strong>enim</strong></span> <span class='ocrx_word' id='word_1_263' title='bbox 742 1976 880 2030; x_wconf 82' lang='lat' dir='ltr'><strong>alias</strong></span> <span class='ocrx_word' id='word_1_264' title='bbox 904 1975 987 2030; x_wconf 88' lang='lat' dir='ltr'><strong>vel</strong></span> <span class='ocrx_word' id='word_1_265' title='bbox 1012 1975 1158 2030; x_wconf 90' lang='lat' dir='ltr'><strong>illius</strong></span> <span class='ocrx_word' id='word_1_266' title='bbox 1183 1975 1579 2043; x_wconf 81' lang='lat' dir='ltr'><strong>fortitudinem,</strong></span> <span class='ocrx_word' id='word_1_267' title='bbox 1622 1977 1708 2034; x_wconf 86' lang='lat' dir='ltr'><strong>vel</strong></span> <span class='ocrx_word' id='word_1_268' title='bbox 1746 1978 1913 2048; x_wconf 85' lang='lat' dir='ltr'><strong>hujus</strong></span> <span class='ocrx_word' id='word_1_269' title='bbox 1938 1979 2147 2050; x_wconf 90' lang='lat' dir='ltr'><strong>patien-</strong></span> 
     </span>
    </p>
   </div>
   <div class='ocr_carea' id='block_1_38' title="bbox 562 2065 2145 2139">
    <p class='ocr_par' dir='ltr' id='par_1_38' title="bbox 562 2065 2145 2139">
     <span class='ocr_line' id='line_1_38' title="bbox 562 2065 2145 2139; baseline 0.005 -20"><span class='ocrx_word' id='word_1_270' title='bbox 562 2066 695 2120; x_wconf 87' lang='lat' dir='ltr'><strong>tiam</strong></span> <span class='ocrx_word' id='word_1_271' title='bbox 727 2073 1072 2135; x_wconf 87' lang='lat' dir='ltr'><strong>perspectam</strong></span> <span class='ocrx_word' id='word_1_272' title='bbox 1120 2065 1488 2134; x_wconf 85' lang='lat' dir='ltr'><strong>haberemus,</strong></span> <span class='ocrx_word' id='word_1_273' title='bbox 1535 2068 1645 2124; x_wconf 89' lang='lat' dir='ltr'><strong>nisi</strong></span> <span class='ocrx_word' id='word_1_274' title='bbox 1695 2069 1919 2139; x_wconf 85' lang='lat' dir='ltr'><strong>pietatis</strong></span> <span class='ocrx_word' id='word_1_275' title='bbox 1970 2071 2145 2127; x_wconf 82' lang='lat' dir='ltr'><strong>hostis</strong></span> 
     </span>
    </p>
   </div>
   <div class='ocr_carea' id='block_1_39' title="bbox 563 2155 2148 2233">
    <p class='ocr_par' dir='ltr' id='par_1_39' title="bbox 563 2155 2148 2233">
     <span class='ocr_line' id='line_1_39' title="bbox 563 2155 2148 2233; baseline 0.005 -24"><span class='ocrx_word' id='word_1_276' title='bbox 563 2157 798 2211; x_wconf 88' lang='lat' dir='ltr'><strong>telorum</strong></span> <span class='ocrx_word' id='word_1_277' title='bbox 827 2155 882 2209; x_wconf 93' lang='lat' dir='ltr'><strong>in</strong></span> <span class='ocrx_word' id='word_1_278' title='bbox 917 2170 1015 2210; x_wconf 92' lang='lat' dir='ltr'><strong>eos</strong></span> <span class='ocrx_word' id='word_1_279' title='bbox 1049 2171 1250 2226; x_wconf 73' lang='lat' dir='ltr'><strong>genera</strong></span> <span class='ocrx_word' id='word_1_280' title='bbox 1293 2158 1479 2213; x_wconf 88' lang='lat' dir='ltr'><strong>omnia</strong></span> <span class='ocrx_word' id='word_1_281' title='bbox 1518 2160 1853 2230; x_wconf 87' lang='lat' dir='ltr'><strong>conjiciendi</strong></span> <span class='ocrx_word' id='word_1_282' title='bbox 1906 2171 2148 2233; x_wconf 86' lang='lat' dir='ltr'><strong>potesta-</strong></span> 
     </span>
    </p>
   </div>
   <div class='ocr_carea' id='block_1_40' title="bbox 562 2247 2144 2324">
    <p class='ocr_par' dir='ltr' id='par_1_40' title="bbox 562 2247 2144 2324">
     <span class='ocr_line' id='line_1_40' title="bbox 562 2247 2144 2324; baseline 0.006 -23"><span class='ocrx_word' id='word_1_283' title='bbox 562 2257 673 2304; x_wconf 89' lang='lat' dir='ltr'><strong>tem</strong></span> <span class='ocrx_word' id='word_1_284' title='bbox 731 2248 1088 2318; x_wconf 81' lang='lat' dir='ltr'><strong>accepisset?</strong></span> <span class='ocrx_word' id='word_1_285' title='bbox 1133 2247 1266 2315; x_wconf 87' lang='lat' dir='ltr'><strong>Quae</strong></span> <span class='ocrx_word' id='word_1_286' title='bbox 1299 2266 1432 2322; x_wconf 77' lang='lat' dir='ltr'><strong>ergo</strong></span> <span class='ocrx_word' id='word_1_287' title='bbox 1477 2252 1581 2307; x_wconf 90' lang='lat' dir='ltr'><strong>viri</strong></span> <span class='ocrx_word' id='word_1_288' title='bbox 1619 2255 1886 2324; x_wconf 88' lang='lat' dir='ltr'><strong>patientia</strong></span> <span class='ocrx_word' id='word_1_289' title='bbox 1955 2255 2144 2322; x_wconf 88' lang='lat' dir='ltr'><strong>fuerit,</strong></span> 
     </span>
    </p>
   </div>
   <div class='ocr_carea' id='block_1_41' title="bbox 561 2339 2149 2414">
    <p class='ocr_par' dir='ltr' id='par_1_41' title="bbox 561 2339 2149 2414">
     <span class='ocr_line' id='line_1_41' title="bbox 561 2339 2149 2414; baseline 0.006 -20"><span class='ocrx_word' id='word_1_290' title='bbox 561 2340 698 2395; x_wconf 89' lang='lat' dir='ltr'><strong>satis</strong></span> <span class='ocrx_word' id='word_1_291' title='bbox 728 2339 928 2395; x_wconf 89' lang='lat' dir='ltr'><strong>docere</strong></span> <span class='ocrx_word' id='word_1_292' title='bbox 953 2339 1060 2395; x_wconf 88' lang='lat' dir='ltr'><strong>ista</strong></span> <span class='ocrx_word' id='word_1_293' title='bbox 1093 2348 1328 2410; x_wconf 88' lang='lat' dir='ltr'><strong>possunt</strong></span> <span class='ocrx_word' id='word_1_294' title='bbox 1357 2359 1370 2395; x_wconf 92' lang='lat'><strong>:</strong></span> <span class='ocrx_word' id='word_1_295' title='bbox 1401 2358 1548 2398; x_wconf 88' lang='lat' dir='ltr'><strong>nunc</strong></span> <span class='ocrx_word' id='word_1_296' title='bbox 1581 2344 1704 2414; x_wconf 90' lang='lat' dir='ltr'><strong>ejus</strong></span> <span class='ocrx_word' id='word_1_297' title='bbox 1746 2346 2149 2404; x_wconf 86' lang='lat' dir='ltr'><strong>humanitatem</strong></span> 
     </span>
    </p>
   </div>
   <div class='ocr_carea' id='block_1_42' title="bbox 561 2429 2150 2508">
    <p class='ocr_par' dir='ltr' id='par_1_42' title="bbox 561 2429 2150 2508">
     <span class='ocr_line' id='line_1_42' title="bbox 561 2429 2150 2508; baseline 0.006 -24"><span class='ocrx_word' id='word_1_298' title='bbox 561 2429 788 2486; x_wconf 84' lang='lat' dir='ltr'><strong>aliunde</strong></span> <span class='ocrx_word' id='word_1_299' title='bbox 815 2431 1193 2487; x_wconf 90' lang='lat' dir='ltr'><strong>ostendamus.</strong></span> <span class='ocrx_word' id='word_1_300' title='bbox 1235 2431 1436 2490; x_wconf 78' lang='lat' dir='ltr'><strong>Multos</strong></span> <span class='ocrx_word' id='word_1_301' title='bbox 1477 2435 1626 2489; x_wconf 91' lang='lat' dir='ltr'><strong>enim</strong></span> <span class='ocrx_word' id='word_1_302' title='bbox 1664 2437 1843 2492; x_wconf 91' lang='lat' dir='ltr'><strong>oculis</strong></span> <span class='ocrx_word' id='word_1_303' title='bbox 1874 2449 2066 2508; x_wconf 91' lang='lat' dir='ltr'><strong>captos</strong></span> <span class='ocrx_word' id='word_1_304' title='bbox 2094 2447 2150 2493; x_wconf 87' lang='lat' dir='ltr'><strong>et</strong></span> 
     </span>
    </p>
   </div>
   <div class='ocr_carea' id='block_1_43' title="bbox 561 2520 2150 2599">
    <p class='ocr_par' dir='ltr' id='par_1_43' title="bbox 561 2520 2150 2599">
     <span class='ocr_line' id='line_1_43' title="bbox 561 2520 2150 2599; baseline 0.004 -23"><span class='ocrx_word' id='word_1_305' title='bbox 561 2520 877 2576; x_wconf 86' lang='lat' dir='ltr'><strong>mendicare</strong></span> <span class='ocrx_word' id='word_1_306' title='bbox 916 2529 1142 2577; x_wconf 89' lang='lat' dir='ltr'><strong>coactos</strong></span> <span class='ocrx_word' id='word_1_307' title='bbox 1185 2536 1312 2576; x_wconf 90' lang='lat' dir='ltr'><strong>cum</strong></span> <span class='ocrx_word' id='word_1_308' title='bbox 1358 2524 1412 2578; x_wconf 92' lang='lat' dir='ltr'><strong>in</strong></span> <span class='ocrx_word' id='word_1_309' title='bbox 1448 2541 1616 2595; x_wconf 85' lang='lat' dir='ltr'><strong>unum</strong></span> <span class='ocrx_word' id='word_1_310' title='bbox 1651 2537 2058 2599; x_wconf 75' lang='lat' dir='ltr'><strong>congregasset,</strong></span> <span class='ocrx_word' id='word_1_311' title='bbox 2095 2537 2150 2583; x_wconf 91' lang='lat' dir='ltr'><strong>et</strong></span> 
     </span>
    </p>
   </div>
   <div class='ocr_carea' id='block_1_44' title="bbox 557 2609 2150 2680">
    <p class='ocr_par' dir='ltr' id='par_1_44' title="bbox 557 2609 2150 2680">
     <span class='ocr_line' id='line_1_44' title="bbox 557 2609 2150 2680; baseline 0.004 -15"><span class='ocrx_word' id='word_1_312' title='bbox 557 2609 827 2680; x_wconf 83' lang='lat' dir='ltr'><strong>utrinque</strong></span> <span class='ocrx_word' id='word_1_313' title='bbox 881 2609 951 2664; x_wconf 90' lang='lat' dir='ltr'><strong>ad</strong></span> <span class='ocrx_word' id='word_1_314' title='bbox 1013 2619 1195 2666; x_wconf 88' lang='lat' dir='ltr'><strong>ortum</strong></span> <span class='ocrx_word' id='word_1_315' title='bbox 1237 2619 1292 2667; x_wconf 90' lang='lat' dir='ltr'><strong>et</strong></span> <span class='ocrx_word' id='word_1_316' title='bbox 1340 2626 1600 2668; x_wconf 89' lang='lat' dir='ltr'><strong>occasum</strong></span> <span class='ocrx_word' id='word_1_317' title='bbox 1653 2613 1965 2671; x_wconf 87' lang='lat' dir='ltr'><strong>habitacula</strong></span> <span class='ocrx_word' id='word_1_318' title='bbox 2015 2633 2150 2672; x_wconf 85' lang='lat' dir='ltr'><strong>con-</strong></span> 
     </span>
    </p>
   </div>
   <div class='ocr_carea' id='block_1_45' title="bbox 561 2699 2146 2778">
    <p class='ocr_par' dir='ltr' id='par_1_45' title="bbox 561 2699 2146 2778">
     <span class='ocr_line' id='line_1_45' title="bbox 561 2699 2146 2778; baseline 0.004 -22"><span class='ocrx_word' id='word_1_319' title='bbox 561 2701 881 2767; x_wconf 83' lang='lat' dir='ltr'><strong>struxisset,</strong></span> <span class='ocrx_word' id='word_1_320' title='bbox 901 2699 957 2755; x_wconf 90' lang='lat' dir='ltr'><strong>in</strong></span> <span class='ocrx_word' id='word_1_321' title='bbox 983 2700 1070 2756; x_wconf 89' lang='lat' dir='ltr'><strong>bis</strong></span> <span class='ocrx_word' id='word_1_322' title='bbox 1091 2701 1290 2773; x_wconf 74' lang='lat' dir='ltr'><strong>degere</strong></span> <span class='ocrx_word' id='word_1_323' title='bbox 1311 2702 1434 2759; x_wconf 90' lang='lat' dir='ltr'><strong>illos</strong></span> <span class='ocrx_word' id='word_1_324' title='bbox 1455 2711 1508 2759; x_wconf 91' lang='lat' dir='ltr'><strong>et</strong></span> <span class='ocrx_word' id='word_1_325' title='bbox 1532 2703 1700 2760; x_wconf 90' lang='lat' dir='ltr'><strong>Deum</strong></span> <span class='ocrx_word' id='word_1_326' title='bbox 1719 2706 1945 2763; x_wconf 89' lang='lat' dir='ltr'><strong>laudare</strong></span> <span class='ocrx_word' id='word_1_327' title='bbox 1956 2707 2146 2778; x_wconf 88' lang='lat' dir='ltr'><strong>jussit,</strong></span> 
     </span>
    </p>
   </div>
   <div class='ocr_carea' id='block_1_46' title="bbox 561 2793 2149 2869">
    <p class='ocr_par' dir='ltr' id='par_1_46' title="bbox 561 2793 2149 2869">
     <span class='ocr_line' id='line_1_46' title="bbox 561 2793 2149 2869; baseline 0.006 -22"><span class='ocrx_word' id='word_1_328' title='bbox 561 2793 821 2848; x_wconf 89' lang='lat' dir='ltr'><strong>alimenta</strong></span> <span class='ocrx_word' id='word_1_329' title='bbox 854 2793 936 2848; x_wconf 92' lang='lat' dir='ltr'><strong>eis</strong></span> <span class='ocrx_word' id='word_1_330' title='bbox 967 2795 1286 2849; x_wconf 90' lang='lat' dir='ltr'><strong>necessaria</strong></span> <span class='ocrx_word' id='word_1_331' title='bbox 1324 2795 1394 2850; x_wconf 91' lang='lat' dir='ltr'><strong>ab</strong></span> <span class='ocrx_word' id='word_1_332' title='bbox 1421 2795 1491 2851; x_wconf 91' lang='lat' dir='ltr'><strong>iis</strong></span> <span class='ocrx_word' id='word_1_333' title='bbox 1513 2798 1607 2867; x_wconf 90' lang='lat' dir='ltr'><strong>qui</strong></span> <span class='ocrx_word' id='word_1_334' title='bbox 1644 2799 1712 2852; x_wconf 87' lang='lat' dir='ltr'><strong>ad</strong></span> <span class='ocrx_word' id='word_1_335' title='bbox 1746 2798 1924 2869; x_wconf 90' lang='lat' dir='ltr'><strong>ipsum</strong></span> <span class='ocrx_word' id='word_1_336' title='bbox 1965 2801 2149 2857; x_wconf 87' lang='lat' dir='ltr'><strong>venie-</strong></span> 
     </span>
    </p>
   </div>
   <div class='ocr_carea' id='block_1_47' title="bbox 561 2883 2150 2958">
    <p class='ocr_par' dir='ltr' id='par_1_47' title="bbox 561 2883 2150 2958">
     <span class='ocr_line' id='line_1_47' title="bbox 561 2883 2150 2958; baseline 0.006 -19"><span class='ocrx_word' id='word_1_337' title='bbox 561 2885 695 2940; x_wconf 89' lang='lat' dir='ltr'><strong>bant</strong></span> <span class='ocrx_word' id='word_1_338' title='bbox 731 2883 1072 2954; x_wconf 86' lang='lat' dir='ltr'><strong>suppeditari</strong></span> <span class='ocrx_word' id='word_1_339' title='bbox 1137 2885 1487 2956; x_wconf 71' lang='lat' dir='ltr'><strong>praecipiens.</strong></span> <span class='ocrx_word' id='word_1_340' title='bbox 1539 2887 1658 2958; x_wconf 90' lang='lat' dir='ltr'><strong>Ipse</strong></span> <span class='ocrx_word' id='word_1_341' title='bbox 1697 2899 1882 2946; x_wconf 90' lang='lat' dir='ltr'><strong>autem</strong></span> <span class='ocrx_word' id='word_1_342' title='bbox 1935 2892 2150 2948; x_wconf 89' lang='lat' dir='ltr'><strong>medius</strong></span> 
     </span>
    </p>
   </div>
   <div class='ocr_carea' id='block_1_48' title="bbox 563 2976 2148 3054">
    <p class='ocr_par' dir='ltr' id='par_1_48' title="bbox 563 2976 2148 3054">
     <span class='ocr_line' id='line_1_48' title="bbox 563 2976 2148 3054; baseline 0.006 -25"><span class='ocrx_word' id='word_1_343' title='bbox 563 2976 707 3032; x_wconf 87' lang='lat' dir='ltr'><strong>inter</strong></span> <span class='ocrx_word' id='word_1_344' title='bbox 748 2991 847 3032; x_wconf 86' lang='lat' dir='ltr'><strong>eos</strong></span> <span class='ocrx_word' id='word_1_345' title='bbox 875 2977 1175 3033; x_wconf 88' lang='lat' dir='ltr'><strong>conclusus</strong></span> <span class='ocrx_word' id='word_1_346' title='bbox 1203 2987 1258 3033; x_wconf 89' lang='lat' dir='ltr'><strong>et</strong></span> <span class='ocrx_word' id='word_1_347' title='bbox 1291 2978 1391 3035; x_wconf 92' lang='lat' dir='ltr'><strong>hos</strong></span> <span class='ocrx_word' id='word_1_348' title='bbox 1417 2988 1471 3036; x_wconf 91' lang='lat' dir='ltr'><strong>et</strong></span> <span class='ocrx_word' id='word_1_349' title='bbox 1505 2980 1629 3038; x_wconf 91' lang='lat' dir='ltr'><strong>illos</strong></span> <span class='ocrx_word' id='word_1_350' title='bbox 1671 2981 1740 3036; x_wconf 92' lang='lat' dir='ltr'><strong>ad</strong></span> <span class='ocrx_word' id='word_1_351' title='bbox 1793 2983 2148 3054; x_wconf 86' lang='lat' dir='ltr'><strong>hymnodiam</strong></span> 
     </span>
    </p>
   </div>
   <div class='ocr_carea' id='block_1_49' title="bbox 563 3066 2151 3138">
    <p class='ocr_par' dir='ltr' id='par_1_49' title="bbox 563 3066 2151 3138">
     <span class='ocr_line' id='line_1_49' title="bbox 563 3066 2151 3138; baseline 0.009 -20"><span class='ocrx_word' id='word_1_352' title='bbox 563 3067 790 3121; x_wconf 76' lang='lat' dir='ltr'><strong>excitat.</strong></span> <span class='ocrx_word' id='word_1_353' title='bbox 826 3066 1013 3138; x_wconf 89' lang='lat' dir='ltr'><strong>Itaque</strong></span> <span class='ocrx_word' id='word_1_354' title='bbox 1047 3068 1172 3123; x_wconf 89' lang='lat' dir='ltr'><strong>illos</strong></span> <span class='ocrx_word' id='word_1_355' title='bbox 1204 3069 1371 3125; x_wconf 89' lang='lat' dir='ltr'><strong>Deum</strong></span> <span class='ocrx_word' id='word_1_356' title='bbox 1403 3071 1625 3128; x_wconf 88' lang='lat' dir='ltr'><strong>assidue</strong></span> <span class='ocrx_word' id='word_1_357' title='bbox 1649 3074 1937 3132; x_wconf 86' lang='lat' dir='ltr'><strong>laudantes</strong></span> <span class='ocrx_word' id='word_1_358' title='bbox 1959 3077 2151 3133; x_wconf 89' lang='lat' dir='ltr'><strong>audire</strong></span> 
     </span>
    </p>
   </div>
   <div class='ocr_carea' id='block_1_50' title="bbox 560 3157 2148 3236">
    <p class='ocr_par' dir='ltr' id='par_1_50' title="bbox 560 3157 2148 3236">
     <span class='ocr_line' id='line_1_50' title="bbox 560 3157 2148 3236; baseline 0.01 -26"><span class='ocrx_word' id='word_1_359' title='bbox 560 3166 664 3214; x_wconf 69' lang='lat' dir='ltr'><strong>est.</strong></span> <span class='ocrx_word' id='word_1_360' title='bbox 693 3157 869 3212; x_wconf 83' lang='lat' dir='ltr'><strong>Tanta</strong></span> <span class='ocrx_word' id='word_1_361' title='bbox 899 3170 983 3214; x_wconf 90' lang='lat' dir='ltr'><strong>est</strong></span> <span class='ocrx_word' id='word_1_362' title='bbox 1019 3170 1282 3231; x_wconf 89' lang='lat' dir='ltr'><strong>perpetua</strong></span> <span class='ocrx_word' id='word_1_363' title='bbox 1317 3163 1466 3220; x_wconf 90' lang='lat' dir='ltr'><strong>illius</strong></span> <span class='ocrx_word' id='word_1_364' title='bbox 1505 3180 1636 3236; x_wconf 79' lang='lat' dir='ltr'><strong>erga</strong></span> <span class='ocrx_word' id='word_1_365' title='bbox 1668 3167 1914 3236; x_wconf 83' lang='lat' dir='ltr'><strong>ejusdem</strong></span> <span class='ocrx_word' id='word_1_366' title='bbox 1937 3179 2148 3226; x_wconf 62' lang='lat' dir='ltr'><strong>naturae</strong></span> 
     </span>
    </p>
   </div>
   <div class='ocr_carea' id='block_1_51' title="bbox 541 3249 2151 3320">
    <p class='ocr_par' dir='ltr' id='par_1_51' title="bbox 541 3249 2151 3320">
     <span class='ocr_line' id='line_1_51' title="bbox 541 3249 2151 3320; baseline 0.011 -19"><span class='ocrx_word' id='word_1_367' title='bbox 541 3249 860 3320; x_wconf 49' lang='lat' dir='ltr'><strong>marticipes</strong></span> <span class='ocrx_word' id='word_1_368' title='bbox 882 3251 1226 3306; x_wconf 87' lang='lat' dir='ltr'><strong>humanitas.</strong></span> <span class='ocrx_word' id='word_1_369' title='bbox 1263 3253 1529 3308; x_wconf 90' lang='lat' dir='ltr'><strong>Initorum</strong></span> <span class='ocrx_word' id='word_1_370' title='bbox 1571 3265 1754 3312; x_wconf 86' lang='lat' dir='ltr'><strong>autem</strong></span> <span class='ocrx_word' id='word_1_371' title='bbox 1786 3261 1890 3315; x_wconf 90' lang='lat' dir='ltr'><strong>sub</strong></span> <span class='ocrx_word' id='word_1_372' title='bbox 1913 3260 2006 3316; x_wconf 91' lang='lat' dir='ltr'><strong>dio</strong></span> <span class='ocrx_word' id='word_1_373' title='bbox 2034 3279 2151 3318; x_wconf 85' lang='lat' dir='ltr'><strong>cer-</strong></span> 
     </span>
    </p>
   </div>
   <div class='ocr_carea' id='block_1_52' title="bbox 2251 1884 3704 1958">
    <p class='ocr_par' dir='ltr' id='par_1_52' title="bbox 2251 1884 3704 1958">
     <span class='ocr_line' id='line_1_52' title="bbox 2251 1884 3704 1958; baseline -0.003 -20"><span class='ocrx_word' id='word_1_374' title='bbox 2251 1886 2365 1958; x_wconf 80' lang='grc' dir='ltr'>ρίον</span> <span class='ocrx_word' id='word_1_375' title='bbox 2421 1887 2599 1939; x_wconf 75' lang='grc' dir='ltr'>ἐκεῖνο</span> <span class='ocrx_word' id='word_1_376' title='bbox 2627 1884 2912 1954; x_wconf 83' lang='grc' dir='ltr'>λυττῆσαι,</span> <span class='ocrx_word' id='word_1_377' title='bbox 2956 1885 3045 1938; x_wconf 78' lang='grc' dir='ltr'>ἵνα</span> <span class='ocrx_word' id='word_1_378' title='bbox 3078 1885 3284 1956; x_wconf 75' lang='grc' dir='ltr'>γυμνὴν</span> <span class='ocrx_word' id='word_1_379' title='bbox 3334 1885 3486 1938; x_wconf 75' lang='grc' dir='ltr'>ἅπασι</span> <span class='ocrx_word' id='word_1_380' title='bbox 3515 1885 3591 1952; x_wconf 75' lang='grc' dir='ltr'><strong>τῆς</strong></span> <span class='ocrx_word' id='word_1_381' title='bbox 3613 1886 3704 1946; x_wconf 76' lang='grc' dir='ltr'>θείας</span> 
     </span>
    </p>
   </div>
   <div class='ocr_carea' id='block_1_53' title="bbox 2250 1975 3702 2048">
    <p class='ocr_par' dir='ltr' id='par_1_53' title="bbox 2250 1975 3702 2048">
     <span class='ocr_line' id='line_1_53' title="bbox 2250 1975 3702 2048; baseline -0.006 -18"><span class='ocrx_word' id='word_1_382' title='bbox 2250 1976 2466 2047; x_wconf 77' lang='grc' dir='ltr'><strong>ἐκείνης</strong></span> <span class='ocrx_word' id='word_1_383' title='bbox 2503 1976 2684 2048; x_wconf 79' lang='grc' dir='ltr'>ψυχῆς</span> <span class='ocrx_word' id='word_1_384' title='bbox 2734 1977 3081 2048; x_wconf 77' lang='grc' dir='ltr'>ἐπιδείξηται</span> <span class='ocrx_word' id='word_1_385' title='bbox 3117 1978 3214 2048; x_wconf 85' lang='grc' dir='ltr'><strong>τὴν</strong></span> <span class='ocrx_word' id='word_1_386' title='bbox 3264 1977 3541 2048; x_wconf 84' lang='grc' dir='ltr'>καρτερίαν.</span> <span class='ocrx_word' id='word_1_387' title='bbox 3566 1975 3702 2044; x_wconf 65' lang='grc' dir='ltr'>Ταύτην</span> 
     </span>
    </p>
   </div>
   <div class='ocr_carea' id='block_1_54' title="bbox 2250 2066 3702 2139">
    <p class='ocr_par' dir='ltr' id='par_1_54' title="bbox 2250 2066 3702 2139">
     <span class='ocr_line' id='line_1_54' title="bbox 2250 2066 3702 2139; baseline -0.006 -17"><span class='ocrx_word' id='word_1_388' title='bbox 2250 2068 2363 2139; x_wconf 83' lang='grc' dir='ltr'>γὰρ</span> <span class='ocrx_word' id='word_1_389' title='bbox 2389 2067 2555 2120; x_wconf 81' lang='grc' dir='ltr'>αὑτοῦ</span> <span class='ocrx_word' id='word_1_390' title='bbox 2587 2069 2682 2120; x_wconf 81' lang='grc' dir='ltr'>καὶ</span> <span class='ocrx_word' id='word_1_391' title='bbox 2711 2069 2803 2121; x_wconf 75' lang='grc' dir='ltr'><strong>ἐπὶ</strong></span> <span class='ocrx_word' id='word_1_392' title='bbox 2835 2067 2935 2121; x_wconf 83' lang='grc' dir='ltr'><strong>τοῦ</strong></span> <span class='ocrx_word' id='word_1_393' title='bbox 2969 2069 3218 2137; x_wconf 82' lang='grc' dir='ltr'><strong>γενναίου</strong></span> <span class='ocrx_word' id='word_1_394' title='bbox 3252 2067 3363 2120; x_wconf 79' lang='grc' dir='ltr'><strong>Ἰὼϐ</strong></span> <span class='ocrx_word' id='word_1_395' title='bbox 3388 2068 3473 2137; x_wconf 76' lang='grc' dir='ltr'>τὴν</span> <span class='ocrx_word' id='word_1_396' title='bbox 3493 2066 3702 2133; x_wconf 72' lang='grc' dir='ltr'>οίκονομέαν</span> 
     </span>
    </p>
   </div>
   <div class='ocr_carea' id='block_1_55' title="bbox 2253 2157 3699 2232">
    <p class='ocr_par' dir='ltr' id='par_1_55' title="bbox 2253 2157 3699 2232">
     <span class='ocr_line' id='line_1_55' title="bbox 2253 2157 3699 2232; baseline -0.005 -19"><span class='ocrx_word' id='word_1_397' title='bbox 2253 2161 2492 2232; x_wconf 83' lang='grc' dir='ltr'>δρῶμεν.</span> <span class='ocrx_word' id='word_1_398' title='bbox 2519 2158 2750 2221; x_wconf 85' lang='grc' dir='ltr'>Πολλαίς</span> <span class='ocrx_word' id='word_1_399' title='bbox 2795 2159 2906 2230; x_wconf 85' lang='grc' dir='ltr'><strong>γὰρ</strong></span> <span class='ocrx_word' id='word_1_400' title='bbox 2941 2159 3106 2214; x_wconf 76' lang='grc' dir='ltr'>αὑτὸν</span> <span class='ocrx_word' id='word_1_401' title='bbox 3143 2161 3237 2211; x_wconf 69' lang='grc' dir='ltr'>καὶ</span> <span class='ocrx_word' id='word_1_402' title='bbox 3269 2159 3580 2219; x_wconf 79' lang='grc' dir='ltr'><strong>παντοδαπαῖς</strong></span> <span class='ocrx_word' id='word_1_403' title='bbox 3611 2157 3699 2208; x_wconf 59' lang='grc' dir='ltr'>εἶτα</span> 
     </span>
    </p>
   </div>
   <div class='ocr_carea' id='block_1_56' title="bbox 2250 2249 3698 2323">
    <p class='ocr_par' dir='ltr' id='par_1_56' title="bbox 2250 2249 3698 2323">
     <span class='ocr_line' id='line_1_56' title="bbox 2250 2249 3698 2323; baseline -0.005 -19"><span class='ocrx_word' id='word_1_404' title='bbox 2250 2249 2569 2323; x_wconf 79' lang='grc' dir='ltr'><strong>τρικυμίαις</strong></span> <span class='ocrx_word' id='word_1_405' title='bbox 2621 2249 3084 2321; x_wconf 80' lang='grc' dir='ltr'>περικλυσθῆναι,</span> <span class='ocrx_word' id='word_1_406' title='bbox 3114 2249 3278 2314; x_wconf 79' lang='grc' dir='ltr'>δεῖξαι</span> <span class='ocrx_word' id='word_1_407' title='bbox 3325 2249 3409 2302; x_wconf 79' lang='grc' dir='ltr'>τοῦ</span> <span class='ocrx_word' id='word_1_408' title='bbox 3459 2249 3698 2317; x_wconf 73' lang='grc' dir='ltr'>Κυϐερνήτιυ</span> 
     </span>
    </p>
   </div>
   <div class='ocr_carea' id='block_1_57' title="bbox 2250 2337 3697 2412">
    <p class='ocr_par' dir='ltr' id='par_1_57' title="bbox 2250 2337 3697 2412">
     <span class='ocr_line' id='line_1_57' title="bbox 2250 2337 3697 2412; baseline -0.006 -16"><span class='ocrx_word' id='word_1_409' title='bbox 2250 2341 2353 2412; x_wconf 84' lang='grc' dir='ltr'>τὴν</span> <span class='ocrx_word' id='word_1_410' title='bbox 2390 2341 2582 2410; x_wconf 81' lang='grc' dir='ltr'>σοφίαν</span> <span class='ocrx_word' id='word_1_411' title='bbox 2636 2338 2843 2394; x_wconf 76' lang='grc' dir='ltr'>ἅπασιν</span> <span class='ocrx_word' id='word_1_412' title='bbox 2901 2338 3188 2411; x_wconf 81' lang='grc' dir='ltr'>ἐθελήσας.</span> <span class='ocrx_word' id='word_1_413' title='bbox 3243 2339 3398 2392; x_wconf 77' lang='grc' dir='ltr'>Πόθεν</span> <span class='ocrx_word' id='word_1_414' title='bbox 3437 2339 3524 2409; x_wconf 75' lang='grc' dir='ltr'>γὰρ</span> <span class='ocrx_word' id='word_1_415' title='bbox 3561 2337 3697 2391; x_wconf 67' lang='lat' dir='ltr'><strong>mola</strong></span> 
     </span>
    </p>
   </div>
   <div class='ocr_carea' id='block_1_58' title="bbox 2251 2429 3694 2505">
    <p class='ocr_par' dir='ltr' id='par_1_58' title="bbox 2251 2429 3694 2505">
     <span class='ocr_line' id='line_1_58' title="bbox 2251 2429 3694 2505; baseline -0.002 -19"><span class='ocrx_word' id='word_1_416' title='bbox 2251 2431 2519 2503; x_wconf 75' lang='grc' dir='ltr'>ἔγνωμεν,</span> <span class='ocrx_word' id='word_1_417' title='bbox 2553 2433 2586 2504; x_wconf 82' lang='grc' dir='ltr'>ἢ</span> <span class='ocrx_word' id='word_1_418' title='bbox 2617 2433 2718 2503; x_wconf 87' lang='grc' dir='ltr'><strong>τὴν</strong></span> <span class='ocrx_word' id='word_1_419' title='bbox 2753 2433 2972 2487; x_wconf 77' lang='grc' dir='ltr'>ἐκείνου</span> <span class='ocrx_word' id='word_1_420' title='bbox 3020 2433 3286 2505; x_wconf 84' lang='grc' dir='ltr'>ἀνδρείαν,</span> <span class='ocrx_word' id='word_1_421' title='bbox 3331 2433 3361 2504; x_wconf 82' lang='grc' dir='ltr'>ἢ</span> <span class='ocrx_word' id='word_1_422' title='bbox 3401 2432 3554 2486; x_wconf 88' lang='grc' dir='ltr'>τούτου</span> <span class='ocrx_word' id='word_1_423' title='bbox 3575 2449 3620 2498; x_wconf 82' lang='grc' dir='ltr'><strong>γε</strong></span> <span class='ocrx_word' id='word_1_424' title='bbox 3642 2429 3694 2497; x_wconf 65' lang='grc' dir='ltr'><strong>τὴν</strong></span> 
     </span>
    </p>
   </div>
   <div class='ocr_carea' id='block_1_59' title="bbox 2251 2523 3694 2596">
    <p class='ocr_par' dir='ltr' id='par_1_59' title="bbox 2251 2523 3694 2596">
     <span class='ocr_line' id='line_1_59' title="bbox 2251 2523 3694 2596; baseline -0.005 -19"><span class='ocrx_word' id='word_1_425' title='bbox 2251 2524 2574 2596; x_wconf 85' lang='grc' dir='ltr'>καρτερίαν,</span> <span class='ocrx_word' id='word_1_426' title='bbox 2609 2526 2656 2578; x_wconf 89' lang='grc' dir='ltr'>εί</span> <span class='ocrx_word' id='word_1_427' title='bbox 2706 2525 2782 2594; x_wconf 82' lang='grc' dir='ltr'><strong>μὴ</strong></span> <span class='ocrx_word' id='word_1_428' title='bbox 2837 2523 3034 2596; x_wconf 84' lang='grc' dir='ltr'>χώραν</span> <span class='ocrx_word' id='word_1_429' title='bbox 3078 2525 3264 2578; x_wconf 73' lang='grc' dir='ltr'>ἐλαὸεν</span> <span class='ocrx_word' id='word_1_430' title='bbox 3296 2525 3482 2592; x_wconf 82' lang='grc' dir='ltr'>ἀφιέναι</span> <span class='ocrx_word' id='word_1_431' title='bbox 3503 2523 3598 2592; x_wconf 80' lang='grc' dir='ltr'>βέλη</span> <span class='ocrx_word' id='word_1_432' title='bbox 3619 2537 3694 2571; x_wconf 75' lang='grc' dir='ltr'>παν-</span> 
     </span>
    </p>
   </div>
   <div class='ocr_carea' id='block_1_60' title="bbox 2249 2613 3691 2688">
    <p class='ocr_par' dir='ltr' id='par_1_60' title="bbox 2249 2613 3691 2688">
     <span class='ocr_line' id='line_1_60' title="bbox 2249 2613 3691 2688; baseline -0.007 -18"><span class='ocrx_word' id='word_1_433' title='bbox 2249 2616 2457 2670; x_wconf 83' lang='grc' dir='ltr'>τοδαπὰ</span> <span class='ocrx_word' id='word_1_434' title='bbox 2487 2618 2610 2671; x_wconf 89' lang='grc' dir='ltr'>κατ’</span> <span class='ocrx_word' id='word_1_435' title='bbox 2639 2616 2820 2670; x_wconf 77' lang='grc' dir='ltr'>αὐτῶν</span> <span class='ocrx_word' id='word_1_436' title='bbox 2852 2619 2880 2671; x_wconf 85' lang='grc' dir='ltr'>ὀ</span> <span class='ocrx_word' id='word_1_437' title='bbox 2907 2618 3014 2688; x_wconf 83' lang='grc' dir='ltr'><strong>τῆς</strong></span> <span class='ocrx_word' id='word_1_438' title='bbox 3051 2617 3323 2680; x_wconf 82' lang='grc' dir='ltr'>εύσεὸείας</span> <span class='ocrx_word' id='word_1_439' title='bbox 3361 2615 3614 2676; x_wconf 78' lang='grc' dir='ltr'>ἀντίπαλος;</span> <span class='ocrx_word' id='word_1_440' title='bbox 3633 2613 3691 2679; x_wconf 62' lang='grc' dir='ltr'><strong>Τὴν</strong></span> 
     </span>
    </p>
   </div>
   <div class='ocr_carea' id='block_1_61' title="bbox 2254 2703 3688 2781">
    <p class='ocr_par' dir='ltr' id='par_1_61' title="bbox 2254 2703 3688 2781">
     <span class='ocr_line' id='line_1_61' title="bbox 2254 2703 3688 2781; baseline -0.007 -19"><span class='ocrx_word' id='word_1_441' title='bbox 2254 2709 2354 2779; x_wconf 78' lang='grc' dir='ltr'>μὲν</span> <span class='ocrx_word' id='word_1_442' title='bbox 2381 2705 2476 2762; x_wconf 79' lang='grc' dir='ltr'><strong>οὖν</strong></span> <span class='ocrx_word' id='word_1_443' title='bbox 2507 2708 2602 2762; x_wconf 83' lang='grc' dir='ltr'>τοῦ</span> <span class='ocrx_word' id='word_1_444' title='bbox 2649 2709 2844 2780; x_wconf 83' lang='grc' dir='ltr'>ἀνδρὸς</span> <span class='ocrx_word' id='word_1_445' title='bbox 2893 2709 3198 2781; x_wconf 84' lang='grc' dir='ltr'>καρτερίαν</span> <span class='ocrx_word' id='word_1_446' title='bbox 3229 2709 3375 2763; x_wconf 80' lang='grc' dir='ltr'>ἱκανά</span> <span class='ocrx_word' id='word_1_447' title='bbox 3415 2709 3492 2760; x_wconf 76' lang='grc' dir='ltr'><strong>καὶ</strong></span> <span class='ocrx_word' id='word_1_448' title='bbox 3515 2703 3688 2760; x_wconf 60' lang='lat' dir='ltr'><strong>cuitali-</strong></span> 
     </span>
    </p>
   </div>
   <div class='ocr_carea' id='block_1_62' title="bbox 2253 2798 3687 2873">
    <p class='ocr_par' dir='ltr' id='par_1_62' title="bbox 2253 2798 3687 2873">
     <span class='ocr_line' id='line_1_62' title="bbox 2253 2798 3687 2873; baseline -0.006 -20"><span class='ocrx_word' id='word_1_449' title='bbox 2253 2799 2412 2864; x_wconf 78' lang='grc' dir='ltr'>δάξαι</span> <span class='ocrx_word' id='word_1_450' title='bbox 2434 2815 2448 2830; x_wconf 78' lang='grc'><strong>⁸</strong></span> <span class='ocrx_word' id='word_1_451' title='bbox 2481 2798 2580 2871; x_wconf 79' lang='grc' dir='ltr'>τὴν</span> <span class='ocrx_word' id='word_1_452' title='bbox 2603 2799 2661 2853; x_wconf 84' lang='grc' dir='ltr'><strong>δὲ</strong></span> <span class='ocrx_word' id='word_1_453' title='bbox 2705 2799 3129 2872; x_wconf 81' lang='grc' dir='ltr'>φιλανθρωπίαν</span> <span class='ocrx_word' id='word_1_454' title='bbox 3165 2800 3410 2873; x_wconf 77' lang='grc' dir='ltr'>ἑτέρωθεν</span> <span class='ocrx_word' id='word_1_455' title='bbox 3436 2799 3687 2864; x_wconf 73' lang='grc' dir='ltr'>ἐπιδείξωμεν.</span> 
     </span>
    </p>
   </div>
   <div class='ocr_carea' id='block_1_63' title="bbox 2253 2891 3688 2966">
    <p class='ocr_par' dir='ltr' id='par_1_63' title="bbox 2253 2891 3688 2966">
     <span class='ocr_line' id='line_1_63' title="bbox 2253 2891 3688 2966; baseline -0.008 -19"><span class='ocrx_word' id='word_1_456' title='bbox 2253 2893 2488 2956; x_wconf 79' lang='grc' dir='ltr'>Πολλοὺς</span> <span class='ocrx_word' id='word_1_457' title='bbox 2524 2893 2634 2964; x_wconf 83' lang='grc' dir='ltr'>γὰρ</span> <span class='ocrx_word' id='word_1_458' title='bbox 2669 2892 2728 2947; x_wconf 76' lang='grc' dir='ltr'>τὸ</span> <span class='ocrx_word' id='word_1_459' title='bbox 2783 2892 3016 2964; x_wconf 81' lang='grc' dir='ltr'>βλέπειν</span> <span class='ocrx_word' id='word_1_460' title='bbox 3065 2893 3444 2966; x_wconf 74' lang='grc' dir='ltr'>ἀφῃρημένους,</span> <span class='ocrx_word' id='word_1_461' title='bbox 3479 2891 3552 2943; x_wconf 83' lang='grc' dir='ltr'><strong>καὶ</strong></span> <span class='ocrx_word' id='word_1_462' title='bbox 3589 2902 3688 2956; x_wconf 73' lang='grc' dir='ltr'>πρω-</span> 
     </span>
    </p>
   </div>
   <div class='ocr_carea' id='block_1_64' title="bbox 2251 2980 3694 3058">
    <p class='ocr_par' dir='ltr' id='par_1_64' title="bbox 2251 2980 3694 3058">
     <span class='ocr_line' id='line_1_64' title="bbox 2251 2980 3694 3058; baseline -0.004 -18"><span class='ocrx_word' id='word_1_463' title='bbox 2251 2989 2427 3040; x_wconf 85' lang='grc' dir='ltr'>αιτείν</span> <span class='ocrx_word' id='word_1_464' title='bbox 2469 2987 2927 3058; x_wconf 70' lang='grc' dir='ltr'><strong>ἠναγκασμένους</strong></span> <span class='ocrx_word' id='word_1_465' title='bbox 2983 2987 3323 3057; x_wconf 80' lang='grc' dir='ltr'>συναγαγὼν,</span> <span class='ocrx_word' id='word_1_466' title='bbox 3359 2986 3439 3040; x_wconf 74' lang='grc' dir='ltr'>καὶ</span> <span class='ocrx_word' id='word_1_467' title='bbox 3470 2980 3694 3051; x_wconf 70' lang='grc' dir='ltr'>ἑκατέρωθεν</span> 
     </span>
    </p>
   </div>
   <div class='ocr_carea' id='block_1_65' title="bbox 2255 3072 3692 3151">
    <p class='ocr_par' dir='ltr' id='par_1_65' title="bbox 2255 3072 3692 3151">
     <span class='ocr_line' id='line_1_65' title="bbox 2255 3072 3692 3151; baseline -0.004 -19"><span class='ocrx_word' id='word_1_468' title='bbox 2255 3078 2392 3151; x_wconf 80' lang='grc' dir='ltr'>πρὸς</span> <span class='ocrx_word' id='word_1_469' title='bbox 2418 3079 2494 3132; x_wconf 62' lang='lat' dir='ltr'><strong>Et»</strong></span> <span class='ocrx_word' id='word_1_470' title='bbox 2525 3080 2621 3132; x_wconf 83' lang='grc' dir='ltr'><strong>καὶ</strong></span> <span class='ocrx_word' id='word_1_471' title='bbox 2656 3079 2794 3150; x_wconf 80' lang='grc' dir='ltr'>πρὸς</span> <span class='ocrx_word' id='word_1_472' title='bbox 2825 3079 3085 3149; x_wconf 76' lang='grc' dir='ltr'>ἑσπέραν</span> <span class='ocrx_word' id='word_1_473' title='bbox 3131 3080 3433 3151; x_wconf 83' lang='grc' dir='ltr'><strong>δειμάμενος</strong></span> <span class='ocrx_word' id='word_1_474' title='bbox 3459 3072 3692 3141; x_wconf 73' lang='grc' dir='ltr'>καταγώγιι.</span> 
     </span>
    </p>
   </div>
   <div class='ocr_carea' id='block_1_66' title="bbox 2251 3164 3694 3244">
    <p class='ocr_par' dir='ltr' id='par_1_66' title="bbox 2251 3164 3694 3244">
     <span class='ocr_line' id='line_1_66' title="bbox 2251 3164 3694 3244; baseline -0.003 -18"><span class='ocrx_word' id='word_1_475' title='bbox 2251 3171 2461 3240; x_wconf 81' lang='grc' dir='ltr'>διάγειν</span> <span class='ocrx_word' id='word_1_476' title='bbox 2490 3173 2547 3224; x_wconf 84' lang='grc' dir='ltr'>ἐν</span> <span class='ocrx_word' id='word_1_477' title='bbox 2571 3170 2782 3234; x_wconf 79' lang='grc' dir='ltr'><strong>τούτοις</strong></span> <span class='ocrx_word' id='word_1_478' title='bbox 2814 3173 2909 3224; x_wconf 74' lang='grc' dir='ltr'>καὶ</span> <span class='ocrx_word' id='word_1_479' title='bbox 2935 3173 3041 3226; x_wconf 87' lang='grc' dir='ltr'><strong>τὸν</strong></span> <span class='ocrx_word' id='word_1_480' title='bbox 3073 3173 3205 3228; x_wconf 85' lang='grc' dir='ltr'>Θεὸν</span> <span class='ocrx_word' id='word_1_481' title='bbox 3247 3173 3412 3244; x_wconf 85' lang='grc' dir='ltr'>ὑμνεῖν</span> <span class='ocrx_word' id='word_1_482' title='bbox 3435 3164 3694 3237; x_wconf 70' lang='grc' dir='ltr'>παρεγγύησε.</span> 
     </span>
    </p>
   </div>
   <div class='ocr_carea' id='block_1_67' title="bbox 2252 3253 3695 3335">
    <p class='ocr_par' dir='ltr' id='par_1_67' title="bbox 2252 3253 3695 3335">
     <span class='ocr_line' id='line_1_67' title="bbox 2252 3253 3695 3335; baseline -0.008 -18"><span class='ocrx_word' id='word_1_483' title='bbox 2252 3264 2351 3334; x_wconf 75' lang='grc' dir='ltr'><strong>τὴν</strong></span> <span class='ocrx_word' id='word_1_484' title='bbox 2385 3262 2690 3331; x_wconf 76' lang='grc' dir='ltr'><strong>ἀναγκαίαν</strong></span> <span class='ocrx_word' id='word_1_485' title='bbox 2727 3263 2912 3326; x_wconf 70' lang='grc' dir='ltr'><strong>αὐτοῖς</strong></span> <span class='ocrx_word' id='word_1_486' title='bbox 2944 3265 3166 3335; x_wconf 57' lang='grc' dir='ltr'>τροφὴν</span> <span class='ocrx_word' id='word_1_487' title='bbox 3212 3263 3350 3334; x_wconf 75' lang='grc' dir='ltr'>παρὰ</span> <span class='ocrx_word' id='word_1_488' title='bbox 3379 3261 3460 3313; x_wconf 83' lang='grc' dir='ltr'><strong>τῶν</strong></span> <span class='ocrx_word' id='word_1_489' title='bbox 3494 3260 3553 3318; x_wconf 79' lang='grc' dir='ltr'>είς</span> <span class='ocrx_word' id='word_1_490' title='bbox 3585 3253 3695 3306; x_wconf 63' lang='grc' dir='ltr'>αύτδν</span> 
     </span>
    </p>
   </div>
   <div class='ocr_carea' id='block_1_68' title="bbox 561 3340 2145 3426">
    <p class='ocr_par' dir='ltr' id='par_1_68' title="bbox 561 3340 2145 3419">
     <span class='ocr_line' id='line_1_68' title="bbox 561 3340 2145 3419; baseline 0.009 -25"><span class='ocrx_word' id='word_1_491' title='bbox 561 3340 831 3394; x_wconf 85' lang='lat' dir='ltr'><strong>taminum</strong></span> <span class='ocrx_word' id='word_1_492' title='bbox 860 3341 1035 3411; x_wconf 82' lang='lat' dir='ltr'><strong>ipsius</strong></span> <span class='ocrx_word' id='word_1_493' title='bbox 1066 3349 1120 3396; x_wconf 89' lang='lat' dir='ltr'><strong>et</strong></span> <span class='ocrx_word' id='word_1_494' title='bbox 1156 3345 1339 3414; x_wconf 80' lang='lat' dir='ltr'><strong>magni</strong></span> <span class='ocrx_word' id='word_1_495' title='bbox 1363 3343 1555 3400; x_wconf 81' lang='lat' dir='ltr'><strong>Jacobi</strong></span> <span class='ocrx_word' id='word_1_496' title='bbox 1597 3347 1813 3419; x_wconf 71' lang='lat'><strong>1257</strong></span> <span class='ocrx_word' id='word_1_497' title='bbox 1876 3350 2018 3406; x_wconf 91' lang='lat' dir='ltr'><strong>idem</strong></span> <span class='ocrx_word' id='word_1_498' title='bbox 2068 3361 2145 3408; x_wconf 87' lang='lat' dir='ltr'><strong>est</strong></span> 
     </span>
    </p>
   </div>
   <div class='ocr_carea' id='block_1_69' title="bbox 2251 3340 3696 3426">
    <p class='ocr_par' dir='ltr' id='par_1_69' title="bbox 2255 3345 3696 3426">
     <span class='ocr_line' id='line_1_69' title="bbox 2255 3345 3696 3426; baseline -0.012 -16"><span class='ocrx_word' id='word_1_499' title='bbox 2255 3355 2674 3426; x_wconf 57' lang='grc' dir='ltr'>ἀφικνουμένων</span> <span class='ocrx_word' id='word_1_500' title='bbox 2701 3355 3065 3426; x_wconf 80' lang='grc' dir='ltr'>χορηγεῖσθαι</span> <span class='ocrx_word' id='word_1_501' title='bbox 3093 3357 3338 3410; x_wconf 82' lang='grc' dir='ltr'>κελεύων.</span> <span class='ocrx_word' id='word_1_502' title='bbox 3363 3353 3494 3412; x_wconf 73' lang='lat' dir='ltr'><strong>Mésa;</strong></span> <span class='ocrx_word' id='word_1_503' title='bbox 3513 3347 3555 3401; x_wconf 82' lang='grc' dir='ltr'><strong>δὲ</strong></span> <span class='ocrx_word' id='word_1_504' title='bbox 3574 3345 3696 3399; x_wconf 68' lang='grc' dir='ltr'>αὐτῶν</span> 
     </span>
    </p>
   </div>
   <div class='ocr_carea' id='block_1_70' title="bbox 563 3431 2150 3502">
    <p class='ocr_par' dir='ltr' id='par_1_70' title="bbox 563 3431 2150 3502">
     <span class='ocr_line' id='line_1_70' title="bbox 563 3431 2150 3502; baseline 0.009 -19"><span class='ocrx_word' id='word_1_505' title='bbox 563 3431 826 3500; x_wconf 85' lang='lat' dir='ltr'><strong>temporis</strong></span> <span class='ocrx_word' id='word_1_506' title='bbox 861 3432 1122 3502; x_wconf 87' lang='lat' dir='ltr'><strong>spatium.</strong></span> <span class='ocrx_word' id='word_1_507' title='bbox 1182 3433 1449 3490; x_wconf 83' lang='lat' dir='ltr'><strong>Octavum</strong></span> <span class='ocrx_word' id='word_1_508' title='bbox 1509 3439 1655 3493; x_wconf 90' lang='lat' dir='ltr'><strong>enim</strong></span> <span class='ocrx_word' id='word_1_509' title='bbox 1690 3450 1744 3494; x_wconf 89' lang='lat' dir='ltr'><strong>et</strong></span> <span class='ocrx_word' id='word_1_510' title='bbox 1807 3441 2150 3498; x_wconf 89' lang='lat' dir='ltr'><strong>tricesimum</strong></span> 
     </span>
    </p>
   </div>
   <div class='ocr_carea' id='block_1_71' title="bbox 561 3522 1306 3594">
    <p class='ocr_par' dir='ltr' id='par_1_71' title="bbox 561 3522 1306 3594">
     <span class='ocr_line' id='line_1_71' title="bbox 561 3522 1306 3594; baseline 0.011 -20"><span class='ocrx_word' id='word_1_511' title='bbox 561 3537 767 3576; x_wconf 85' lang='lat' dir='ltr'><strong>annum</strong></span> <span class='ocrx_word' id='word_1_512' title='bbox 794 3522 905 3592; x_wconf 91' lang='lat' dir='ltr'><strong>jam</strong></span> <span class='ocrx_word' id='word_1_513' title='bbox 934 3524 1306 3594; x_wconf 83' lang='lat' dir='ltr'><strong>expleverunt.</strong></span> 
     </span>
    </p>
   </div>
   <div class='ocr_carea' id='block_1_72' title="bbox 2259 3437 3694 3520">
    <p class='ocr_par' dir='ltr' id='par_1_72' title="bbox 2259 3437 3694 3520">
     <span class='ocr_line' id='line_1_72' title="bbox 2259 3437 3694 3520; baseline -0.008 -17"><span class='ocrx_word' id='word_1_514' title='bbox 2259 3449 2677 3520; x_wconf 85' lang='grc' dir='ltr'>καθειργμένος,</span> <span class='ocrx_word' id='word_1_515' title='bbox 2711 3449 2806 3501; x_wconf 77' lang='grc' dir='ltr'>καὶ</span> <span class='ocrx_word' id='word_1_516' title='bbox 2859 3447 3094 3514; x_wconf 86' lang='grc' dir='ltr'>τούτους</span> <span class='ocrx_word' id='word_1_517' title='bbox 3146 3449 3405 3510; x_wconf 78' lang='grc' dir='ltr'>κάκείνους</span> <span class='ocrx_word' id='word_1_518' title='bbox 3428 3446 3488 3505; x_wconf 82' lang='grc' dir='ltr'>είς</span> <span class='ocrx_word' id='word_1_519' title='bbox 3508 3437 3694 3510; x_wconf 70' lang='grc' dir='ltr'>ὑμνῳδίαν</span> 
     </span>
    </p>
   </div>
   <div class='ocr_carea' id='block_1_73' title="bbox 2258 3533 3691 3612">
    <p class='ocr_par' dir='ltr' id='par_1_73' title="bbox 2258 3533 3691 3612">
     <span class='ocr_line' id='line_1_73' title="bbox 2258 3533 3691 3612; baseline -0.008 -19"><span class='ocrx_word' id='word_1_520' title='bbox 2258 3541 2523 3612; x_wconf 77' lang='grc' dir='ltr'>διήγειρε,</span> <span class='ocrx_word' id='word_1_521' title='bbox 2553 3542 2648 3594; x_wconf 74' lang='grc' dir='ltr'>καὶ</span> <span class='ocrx_word' id='word_1_522' title='bbox 2679 3540 2828 3594; x_wconf 75' lang='grc' dir='ltr'>ἐστιν</span> <span class='ocrx_word' id='word_1_523' title='bbox 2862 3541 3106 3598; x_wconf 82' lang='grc' dir='ltr'>ἀκοῦσαι</span> <span class='ocrx_word' id='word_1_524' title='bbox 3135 3543 3305 3596; x_wconf 77' lang='grc' dir='ltr'><strong>αὐτῶν</strong></span> <span class='ocrx_word' id='word_1_525' title='bbox 3331 3535 3537 3610; x_wconf 75' lang='grc' dir='ltr'>διηνεκῶς</span> <span class='ocrx_word' id='word_1_526' title='bbox 3558 3533 3691 3585; x_wconf 66' lang='lat' dir='ltr'><strong>1M:-</strong></span> 
     </span>
    </p>
   </div>
   <div class='ocr_carea' id='block_1_74' title="bbox 565 3615 3690 3704">
    <p class='ocr_par' dir='ltr' id='par_1_74' title="bbox 565 3615 3690 3704">
     <span class='ocr_line' id='line_1_74' title="bbox 565 3615 3690 3704; baseline 0.003 -37"><span class='ocrx_word' id='word_1_527' title='bbox 565 3615 770 3685; x_wconf 83' lang='grc' dir='ltr'>σπότην</span> <span class='ocrx_word' id='word_1_528' title='bbox 800 3615 1132 3685; x_wconf 84' lang='grc' dir='ltr'>ὑμνούντων.</span> <span class='ocrx_word' id='word_1_529' title='bbox 1171 3618 1419 3690; x_wconf 75' lang='grc' dir='ltr'>Τοσαύτη</span> <span class='ocrx_word' id='word_1_530' title='bbox 1454 3621 1580 3691; x_wconf 73' lang='grc' dir='ltr'>περὶ</span> <span class='ocrx_word' id='word_1_531' title='bbox 1608 3623 1735 3686; x_wconf 78' lang='grc' dir='ltr'>τοὺς</span> <span class='ocrx_word' id='word_1_532' title='bbox 1767 3625 2032 3692; x_wconf 69' lang='grc' dir='ltr'>ὁμοφυεῖς</span> <span class='ocrx_word' id='word_1_533' title='bbox 2093 3631 2478 3704; x_wconf 76' lang='grc' dir='ltr'>φιλανθρωπία</span> <span class='ocrx_word' id='word_1_534' title='bbox 2527 3635 2868 3704; x_wconf 79' lang='grc' dir='ltr'>κεχρημένος</span> <span class='ocrx_word' id='word_1_535' title='bbox 2901 3632 3158 3689; x_wconf 82' lang='grc' dir='ltr'>διετέλει.</span> <span class='ocrx_word' id='word_1_536' title='bbox 3227 3633 3338 3686; x_wconf 84' lang='grc' dir='ltr'><strong>Τῶν</strong></span> <span class='ocrx_word' id='word_1_537' title='bbox 3408 3631 3453 3682; x_wconf 83' lang='grc' dir='ltr'>δὲ</span> <span class='ocrx_word' id='word_1_538' title='bbox 3492 3621 3690 3691; x_wconf 70' lang='grc' dir='ltr'>ὑπαιθρίων</span> 
     </span>
    </p>
   </div>
   <div class='ocr_carea' id='block_1_75' title="bbox 559 3705 3689 3797">
    <p class='ocr_par' dir='ltr' id='par_1_75' title="bbox 559 3705 3689 3797">
     <span class='ocr_line' id='line_1_75' title="bbox 559 3705 3689 3797; baseline 0.005 -38"><span class='ocrx_word' id='word_1_539' title='bbox 559 3706 788 3797; x_wconf 76' lang='grc' dir='ltr'>ἁγιῢνων</span> <span class='ocrx_word' id='word_1_540' title='bbox 828 3705 977 3797; x_wconf 81' lang='grc' dir='ltr'><strong>αύτῷ</strong></span> <span class='ocrx_word' id='word_1_541' title='bbox 1009 3723 1068 3759; x_wconf 89' lang='grc' dir='ltr'><strong>τε</strong></span> <span class='ocrx_word' id='word_1_542' title='bbox 1120 3709 1217 3760; x_wconf 71' lang='grc' dir='ltr'>καὶ</span> <span class='ocrx_word' id='word_1_543' title='bbox 1259 3709 1337 3780; x_wconf 82' lang='grc' dir='ltr'><strong>τῷ</strong></span> <span class='ocrx_word' id='word_1_544' title='bbox 1373 3712 1597 3780; x_wconf 84' lang='grc' dir='ltr'>μεγάλῳ</span> <span class='ocrx_word' id='word_1_545' title='bbox 1649 3712 1892 3785; x_wconf 76' lang='grc' dir='ltr'><strong>Ἰακώϐῳ</strong></span> <span class='ocrx_word' id='word_1_546' title='bbox 1921 3717 1949 3768; x_wconf 85' lang='grc' dir='ltr'><strong><em>ὁ</em></strong></span> <span class='ocrx_word' id='word_1_547' title='bbox 1987 3718 2151 3784; x_wconf 80' lang='grc' dir='ltr'>αὐτός</span> <span class='ocrx_word' id='word_1_548' title='bbox 2190 3723 2304 3776; x_wconf 84' lang='grc' dir='ltr'>ἑστι</span> <span class='ocrx_word' id='word_1_549' title='bbox 2339 3724 2550 3794; x_wconf 76' lang='grc' dir='ltr'>χρόνος.</span> <span class='ocrx_word' id='word_1_550' title='bbox 2590 3725 2817 3793; x_wconf 87' lang='grc' dir='ltr'>Ὄγδοον</span> <span class='ocrx_word' id='word_1_551' title='bbox 2851 3724 2965 3796; x_wconf 86' lang='grc' dir='ltr'>γὰρ</span> <span class='ocrx_word' id='word_1_552' title='bbox 3021 3727 3120 3780; x_wconf 72' lang='grc' dir='ltr'><strong>καὶ</strong></span> <span class='ocrx_word' id='word_1_553' title='bbox 3157 3722 3448 3797; x_wconf 75' lang='grc' dir='ltr'>τριακοστὸν</span> <span class='ocrx_word' id='word_1_554' title='bbox 3505 3717 3578 3789; x_wconf 69' lang='grc' dir='ltr'>ήδη</span> <span class='ocrx_word' id='word_1_555' title='bbox 3621 3729 3689 3764; x_wconf 64' lang='grc' dir='ltr'><strong>σίν-</strong></span> 
     </span>
    </p>
   </div>
   <div class='ocr_carea' id='block_1_76' title="bbox 562 3795 1058 3866">
    <p class='ocr_par' dir='ltr' id='par_1_76' title="bbox 562 3795 1058 3866">
     <span class='ocr_line' id='line_1_76' title="bbox 562 3795 1058 3866; baseline 0.006 -19"><span class='ocrx_word' id='word_1_556' title='bbox 562 3796 887 3866; x_wconf 83' lang='grc' dir='ltr'>επλήρωσαν</span> <span class='ocrx_word' id='word_1_557' title='bbox 918 3795 1058 3858; x_wconf 72' lang='grc' dir='ltr'>ἔτος.</span> 
     </span>
    </p>
   </div>
   <div class='ocr_carea' id='block_1_77' title="bbox 1018 3887 1693 3950">
    <p class='ocr_par' dir='ltr' id='par_1_77' title="bbox 1018 3887 1693 3950">
     <span class='ocr_line' id='line_1_77' title="bbox 1018 3887 1693 3950; baseline 0.015 -10"><span class='ocrx_word' id='word_1_558' title='bbox 1018 3887 1206 3944; x_wconf 79' lang='lat' dir='ltr'><strong>XXIII.</strong></span> <span class='ocrx_word' id='word_1_559' title='bbox 1234 3920 1304 3929; x_wconf 93' lang='lat'><strong><em>—</em></strong></span> <span class='ocrx_word' id='word_1_560' title='bbox 1331 3892 1347 3910; x_wconf 84' lang='grc'>⁶</span> <span class='ocrx_word' id='word_1_561' title='bbox 1368 3889 1693 3950; x_wconf 75' lang='lat' dir='ltr'><strong>JOANNES.</strong></span> 
     </span>
    </p>
   </div>
   <div class='ocr_carea' id='block_1_78' title="bbox 622 3976 2145 4057">
    <p class='ocr_par' dir='ltr' id='par_1_78' title="bbox 622 3976 2145 4057">
     <span class='ocr_line' id='line_1_78' title="bbox 622 3976 2145 4057; baseline 0.014 -27"><span class='ocrx_word' id='word_1_562' title='bbox 622 3976 751 4033; x_wconf 84' lang='lat' dir='ltr'><strong>&#39;lloc</strong></span> <span class='ocrx_word' id='word_1_563' title='bbox 782 3979 947 4034; x_wconf 90' lang='lat' dir='ltr'><strong>etiam</strong></span> <span class='ocrx_word' id='word_1_564' title='bbox 982 3979 1106 4035; x_wconf 74' lang='lat' dir='ltr'><strong>vita:</strong></span> <span class='ocrx_word' id='word_1_565' title='bbox 1143 3995 1318 4053; x_wconf 76' lang='lat' dir='ltr'><strong>genus</strong></span> <span class='ocrx_word' id='word_1_566' title='bbox 1347 3985 1637 4043; x_wconf 69' lang='lat' dir='ltr'><strong>aemulatus</strong></span> <span class='ocrx_word' id='word_1_567' title='bbox 1673 3997 1756 4044; x_wconf 89' lang='lat' dir='ltr'><strong>est</strong></span> <span class='ocrx_word' id='word_1_568' title='bbox 1779 3988 2145 4057; x_wconf 87' lang='lat' dir='ltr'><strong>Joannes,vir</strong></span> 
     </span>
    </p>
   </div>
   <div class='ocr_carea' id='block_1_79' title="bbox 558 4071 2142 4144">
    <p class='ocr_par' dir='ltr' id='par_1_79' title="bbox 558 4071 2142 4144">
     <span class='ocr_line' id='line_1_79' title="bbox 558 4071 2142 4144; baseline 0.013 -20"><span class='ocrx_word' id='word_1_569' title='bbox 558 4071 789 4127; x_wconf 76' lang='lat' dir='ltr'><strong>lenitate</strong></span> <span class='ocrx_word' id='word_1_570' title='bbox 823 4074 1181 4129; x_wconf 67' lang='lat' dir='ltr'><strong>interemtera</strong></span> <span class='ocrx_word' id='word_1_571' title='bbox 1227 4085 1281 4131; x_wconf 92' lang='lat' dir='ltr'><strong>et</strong></span> <span class='ocrx_word' id='word_1_572' title='bbox 1320 4081 1745 4138; x_wconf 87' lang='lat' dir='ltr'><strong>mansuetudine</strong></span> <span class='ocrx_word' id='word_1_573' title='bbox 1784 4083 2042 4144; x_wconf 91' lang='lat' dir='ltr'><strong>illustris.</strong></span> <span class='ocrx_word' id='word_1_574' title='bbox 2093 4089 2142 4144; x_wconf 93' lang='lat' dir='ltr'><strong>Is</strong></span> 
     </span>
    </p>
   </div>
   <div class='ocr_carea' id='block_1_80' title="bbox 561 4166 2140 4250">
    <p class='ocr_par' dir='ltr' id='par_1_80' title="bbox 561 4166 2140 4250">
     <span class='ocr_line' id='line_1_80' title="bbox 561 4166 2140 4250; baseline 0.011 -33"><span class='ocrx_word' id='word_1_575' title='bbox 561 4178 816 4234; x_wconf 85' lang='lat' dir='ltr'><strong>asperam</strong></span> <span class='ocrx_word' id='word_1_576' title='bbox 867 4166 1162 4236; x_wconf 86' lang='lat' dir='ltr'><strong>quamdam</strong></span> <span class='ocrx_word' id='word_1_577' title='bbox 1211 4169 1550 4239; x_wconf 89' lang='lat' dir='ltr'><strong>crepidinem</strong></span> <span class='ocrx_word' id='word_1_578' title='bbox 1616 4190 1742 4230; x_wconf 89' lang='lat' dir='ltr'><strong>cum</strong></span> <span class='ocrx_word' id='word_1_579' title='bbox 1792 4191 2140 4250; x_wconf 83' lang='lat' dir='ltr'><strong>occupasset,</strong></span> 
     </span>
    </p>
   </div>
   <div class='ocr_carea' id='block_1_81' title="bbox 565 4251 2139 4331">
    <p class='ocr_par' dir='ltr' id='par_1_81' title="bbox 565 4251 2139 4331">
     <span class='ocr_line' id='line_1_81' title="bbox 565 4251 2139 4331; baseline 0.012 -26"><span class='ocrx_word' id='word_1_580' title='bbox 565 4251 818 4323; x_wconf 70' lang='lat' dir='ltr'><strong>frigidam</strong></span> <span class='ocrx_word' id='word_1_581' title='bbox 861 4261 917 4308; x_wconf 90' lang='lat' dir='ltr'><strong>et</strong></span> <span class='ocrx_word' id='word_1_582' title='bbox 961 4255 1432 4324; x_wconf 88' lang='lat' dir='ltr'><strong>septentrionibus</strong></span> <span class='ocrx_word' id='word_1_583' title='bbox 1467 4264 1796 4331; x_wconf 80' lang='lat' dir='ltr'><strong>expositam,</strong></span> <span class='ocrx_word' id='word_1_584' title='bbox 1841 4267 1896 4321; x_wconf 86' lang='lat' dir='ltr'><strong>in</strong></span> <span class='ocrx_word' id='word_1_585' title='bbox 1937 4283 2000 4323; x_wconf 88' lang='lat' dir='ltr'><strong>ea</strong></span> <span class='ocrx_word' id='word_1_586' title='bbox 2055 4270 2139 4324; x_wconf 82' lang='lat' dir='ltr'><strong>vi-</strong></span> 
     </span>
    </p>
   </div>
   <div class='ocr_carea' id='block_1_82' title="bbox 559 4343 2138 4426">
    <p class='ocr_par' dir='ltr' id='par_1_82' title="bbox 559 4343 2138 4426">
     <span class='ocr_line' id='line_1_82' title="bbox 559 4343 2138 4426; baseline 0.013 -31"><span class='ocrx_word' id='word_1_587' title='bbox 559 4343 700 4412; x_wconf 74' lang='lat' dir='ltr'><strong>ginti</strong></span> <span class='ocrx_word' id='word_1_588' title='bbox 737 4351 791 4398; x_wconf 90' lang='lat' dir='ltr'><strong>et</strong></span> <span class='ocrx_word' id='word_1_589' title='bbox 817 4344 1064 4414; x_wconf 85' lang='lat' dir='ltr'><strong>quinque</strong></span> <span class='ocrx_word' id='word_1_590' title='bbox 1089 4359 1266 4402; x_wconf 88' lang='lat' dir='ltr'><strong>annos</strong></span> <span class='ocrx_word' id='word_1_591' title='bbox 1298 4347 1565 4408; x_wconf 77' lang='lat' dir='ltr'><strong>hactenus</strong></span> <span class='ocrx_word' id='word_1_592' title='bbox 1590 4356 1882 4426; x_wconf 84' lang='lat' dir='ltr'><strong>transegit,</strong></span> <span class='ocrx_word' id='word_1_593' title='bbox 1912 4368 2138 4414; x_wconf 92' lang='lat' dir='ltr'><strong>contra-</strong></span> 
     </span>
    </p>
   </div>
   <div class='ocr_carea' id='block_1_83' title="bbox 548 4434 2139 4517">
    <p class='ocr_par' dir='ltr' id='par_1_83' title="bbox 548 4434 2139 4517">
     <span class='ocr_line' id='line_1_83' title="bbox 548 4434 2139 4517; baseline 0.014 -30"><span class='ocrx_word' id='word_1_594' title='bbox 548 4434 676 4489; x_wconf 66' lang='lat' dir='ltr'><strong>rias</strong></span> <span class='ocrx_word' id='word_1_595' title='bbox 727 4435 873 4490; x_wconf 81' lang='lat' dir='ltr'><strong>aeris</strong></span> <span class='ocrx_word' id='word_1_596' title='bbox 919 4434 1150 4503; x_wconf 84' lang='lat' dir='ltr'><strong>injurias</strong></span> <span class='ocrx_word' id='word_1_597' title='bbox 1203 4439 1510 4508; x_wconf 85' lang='lat' dir='ltr'><strong>perferens.</strong></span> <span class='ocrx_word' id='word_1_598' title='bbox 1573 4443 1806 4517; x_wconf 82' lang='lat' dir='ltr'><strong>Reliqua</strong></span> <span class='ocrx_word' id='word_1_599' title='bbox 1863 4466 2029 4516; x_wconf 89' lang='lat' dir='ltr'><strong>vero,</strong></span> <span class='ocrx_word' id='word_1_600' title='bbox 2071 4470 2139 4510; x_wconf 90' lang='lat' dir='ltr'><strong>ne</strong></span> 
     </span>
    </p>
   </div>
   <div class='ocr_carea' id='block_1_84' title="bbox 558 4525 2219 4613">
    <p class='ocr_par' dir='ltr' id='par_1_84' title="bbox 558 4525 2219 4613">
     <span class='ocr_line' id='line_1_84' title="bbox 558 4525 2219 4613; baseline 0.014 -33"><span class='ocrx_word' id='word_1_601' title='bbox 558 4525 783 4596; x_wconf 77' lang='lat' dir='ltr'><strong>singula</strong></span> <span class='ocrx_word' id='word_1_602' title='bbox 819 4542 1141 4599; x_wconf 90' lang='lat' dir='ltr'><strong>persequar,</strong></span> <span class='ocrx_word' id='word_1_603' title='bbox 1161 4531 1362 4599; x_wconf 90' lang='lat' dir='ltr'><strong>victus,</strong></span> <span class='ocrx_word' id='word_1_604' title='bbox 1395 4537 1654 4603; x_wconf 89' lang='lat' dir='ltr'><strong>vestitus,</strong></span> <span class='ocrx_word' id='word_1_605' title='bbox 1677 4538 1921 4612; x_wconf 84' lang='lat' dir='ltr'><strong>ferrique</strong></span> <span class='ocrx_word' id='word_1_606' title='bbox 1945 4558 2140 4613; x_wconf 87' lang='lat' dir='ltr'><strong>onera,</strong></span> <span class='ocrx_word' id='word_1_607' title='bbox 2176 4549 2219 4603; x_wconf 92' lang='lat' dir='ltr'>D</span> 
     </span>
    </p>
   </div>
   <div class='ocr_carea' id='block_1_85' title="bbox 561 4619 2146 4692">
    <p class='ocr_par' dir='ltr' id='par_1_85' title="bbox 561 4619 2146 4692">
     <span class='ocr_line' id='line_1_85' title="bbox 561 4619 2146 4692; baseline 0.012 -18"><span class='ocrx_word' id='word_1_608' title='bbox 561 4619 894 4688; x_wconf 84' lang='lat' dir='ltr'><strong>supradictis</strong></span> <span class='ocrx_word' id='word_1_609' title='bbox 925 4621 1128 4677; x_wconf 90' lang='lat' dir='ltr'><strong>similia</strong></span> <span class='ocrx_word' id='word_1_610' title='bbox 1177 4635 1308 4680; x_wconf 92' lang='lat' dir='ltr'><strong>sunt</strong></span> <span class='ocrx_word' id='word_1_611' title='bbox 1349 4629 1554 4685; x_wconf 89' lang='lat' dir='ltr'><strong>omnia.</strong></span> <span class='ocrx_word' id='word_1_612' title='bbox 1595 4629 1782 4689; x_wconf 82' lang='lat' dir='ltr'><strong>Rebus</strong></span> <span class='ocrx_word' id='word_1_613' title='bbox 1825 4645 2008 4692; x_wconf 90' lang='lat' dir='ltr'><strong>autem</strong></span> <span class='ocrx_word' id='word_1_614' title='bbox 2040 4639 2146 4692; x_wconf 89' lang='lat' dir='ltr'><strong>hu-</strong></span> 
     </span>
    </p>
   </div>
   <div class='ocr_carea' id='block_1_86' title="bbox 562 4707 2141 4787">
    <p class='ocr_par' dir='ltr' id='par_1_86' title="bbox 562 4707 2141 4787">
     <span class='ocr_line' id='line_1_86' title="bbox 562 4707 2141 4787; baseline 0.015 -27"><span class='ocrx_word' id='word_1_615' title='bbox 562 4707 744 4764; x_wconf 89' lang='lat' dir='ltr'><strong>manis</strong></span> <span class='ocrx_word' id='word_1_616' title='bbox 772 4711 1031 4766; x_wconf 86' lang='lat' dir='ltr'><strong>omnibus</strong></span> <span class='ocrx_word' id='word_1_617' title='bbox 1049 4719 1205 4768; x_wconf 90' lang='lat' dir='ltr'><strong>tanto</strong></span> <span class='ocrx_word' id='word_1_618' title='bbox 1221 4719 1598 4787; x_wconf 88' lang='lat' dir='ltr'><strong>estsuperior,</strong></span> <span class='ocrx_word' id='word_1_619' title='bbox 1631 4730 1690 4776; x_wconf 87' lang='lat' dir='ltr'><strong>ut</strong></span> <span class='ocrx_word' id='word_1_620' title='bbox 1721 4739 1786 4779; x_wconf 82' lang='lat' dir='ltr'><strong>ex</strong></span> <span class='ocrx_word' id='word_1_621' title='bbox 1815 4725 1901 4780; x_wconf 90' lang='lat' dir='ltr'><strong>his</strong></span> <span class='ocrx_word' id='word_1_622' title='bbox 1936 4727 2141 4783; x_wconf 89' lang='lat' dir='ltr'><strong>nullam</strong></span> 
     </span>
    </p>
   </div>
   <div class='ocr_carea' id='block_1_87' title="bbox 561 4801 2143 4881">
    <p class='ocr_par' dir='ltr' id='par_1_87' title="bbox 561 4801 2143 4881">
     <span class='ocr_line' id='line_1_87' title="bbox 561 4801 2143 4881; baseline 0.013 -28"><span class='ocrx_word' id='word_1_623' title='bbox 561 4801 821 4871; x_wconf 87' lang='lat' dir='ltr'><strong>decerpat</strong></span> <span class='ocrx_word' id='word_1_624' title='bbox 884 4805 1338 4862; x_wconf 87' lang='lat' dir='ltr'><strong>consolationem.</strong></span> <span class='ocrx_word' id='word_1_625' title='bbox 1405 4808 1587 4881; x_wconf 84' lang='lat' dir='ltr'><strong>Cujus</strong></span> <span class='ocrx_word' id='word_1_626' title='bbox 1637 4814 1717 4869; x_wconf 89' lang='lat' dir='ltr'><strong>rei</strong></span> <span class='ocrx_word' id='word_1_627' title='bbox 1784 4816 2143 4874; x_wconf 87' lang='lat' dir='ltr'><strong>manifestum</strong></span> 
     </span>
    </p>
   </div>
   <div class='ocr_carea' id='block_1_88' title="bbox 565 4892 2143 4980">
    <p class='ocr_par' dir='ltr' id='par_1_88' title="bbox 565 4892 2143 4980">
     <span class='ocr_line' id='line_1_88' title="bbox 565 4892 2143 4980; baseline 0.013 -35"><span class='ocrx_word' id='word_1_628' title='bbox 565 4892 827 4947; x_wconf 88' lang='lat' dir='ltr'><strong>indicium</strong></span> <span class='ocrx_word' id='word_1_629' title='bbox 879 4908 1006 4948; x_wconf 71' lang='lat' dir='ltr'><strong>mox</strong></span> <span class='ocrx_word' id='word_1_630' title='bbox 1053 4898 1347 4965; x_wconf 83' lang='lat' dir='ltr'><strong>proferam.</strong></span> <span class='ocrx_word' id='word_1_631' title='bbox 1407 4899 1542 4955; x_wconf 80' lang='lat' dir='ltr'><strong>Nam</strong></span> <span class='ocrx_word' id='word_1_632' title='bbox 1606 4920 1732 4959; x_wconf 88' lang='lat' dir='ltr'><strong>cum</strong></span> <span class='ocrx_word' id='word_1_633' title='bbox 1792 4909 2143 4980; x_wconf 80' lang='lat' dir='ltr'><strong>amygdalum</strong></span> 
     </span>
    </p>
   </div>
   <div class='ocr_carea' id='block_1_89' title="bbox 565 4985 2140 5070">
    <p class='ocr_par' dir='ltr' id='par_1_89' title="bbox 565 4985 2140 5070">
     <span class='ocr_line' id='line_1_89' title="bbox 565 4985 2140 5070; baseline 0.011 -33"><span class='ocrx_word' id='word_1_634' title='bbox 565 4985 770 5054; x_wconf 84' lang='lat' dir='ltr'><strong>probus</strong></span> <span class='ocrx_word' id='word_1_635' title='bbox 784 4985 1004 5054; x_wconf 87' lang='lat' dir='ltr'><strong>quidam</strong></span> <span class='ocrx_word' id='word_1_636' title='bbox 1027 4988 1113 5042; x_wconf 89' lang='lat' dir='ltr'><strong>vir</strong></span> <span class='ocrx_word' id='word_1_637' title='bbox 1135 5001 1359 5059; x_wconf 86' lang='lat' dir='ltr'><strong>propter</strong></span> <span class='ocrx_word' id='word_1_638' title='bbox 1389 4991 1512 5062; x_wconf 85' lang='lat' dir='ltr'><strong>ejus</strong></span> <span class='ocrx_word' id='word_1_639' title='bbox 1532 4995 1791 5052; x_wconf 89' lang='lat' dir='ltr'><strong>lectulum</strong></span> <span class='ocrx_word' id='word_1_640' title='bbox 1815 5000 2140 5070; x_wconf 82' lang='lat' dir='ltr'><strong>plantassct,</strong></span> 
     </span>
    </p>
   </div>
   <div class='ocr_carea' id='block_1_90' title="bbox 563 5079 2142 5148">
    <p class='ocr_par' dir='ltr' id='par_1_90' title="bbox 563 5079 2142 5148">
     <span class='ocr_line' id='line_1_90' title="bbox 563 5079 2142 5148; baseline 0.012 -19"><span class='ocrx_word' id='word_1_641' title='bbox 563 5087 618 5130; x_wconf 79' lang='lat' dir='ltr'><strong>et</strong></span> <span class='ocrx_word' id='word_1_642' title='bbox 665 5079 754 5130; x_wconf 84' lang='lat' dir='ltr'><strong>illa</strong></span> <span class='ocrx_word' id='word_1_643' title='bbox 790 5080 1051 5148; x_wconf 83' lang='lat' dir='ltr'><strong>temporis</strong></span> <span class='ocrx_word' id='word_1_644' title='bbox 1087 5097 1353 5138; x_wconf 63' lang='lat' dir='ltr'><strong>successu</strong></span> <span class='ocrx_word' id='word_1_645' title='bbox 1393 5087 1557 5142; x_wconf 85' lang='lat' dir='ltr'><strong>arbor</strong></span> <span class='ocrx_word' id='word_1_646' title='bbox 1597 5089 1742 5144; x_wconf 89' lang='lat' dir='ltr'><strong>facta</strong></span> <span class='ocrx_word' id='word_1_647' title='bbox 1779 5094 2026 5148; x_wconf 88' lang='lat' dir='ltr'><strong>umbram</strong></span> <span class='ocrx_word' id='word_1_648' title='bbox 2063 5095 2142 5148; x_wconf 91' lang='lat' dir='ltr'><strong>illi</strong></span> 
     </span>
    </p>
   </div>
   <div class='ocr_carea' id='block_1_91' title="bbox 567 5170 2145 5254">
    <p class='ocr_par' dir='ltr' id='par_1_91' title="bbox 567 5170 2145 5254">
     <span class='ocr_line' id='line_1_91' title="bbox 567 5170 2145 5254; baseline 0.013 -33"><span class='ocrx_word' id='word_1_649' title='bbox 567 5170 854 5239; x_wconf 62' lang='lat' dir='ltr'><strong>prabcret,</strong></span> <span class='ocrx_word' id='word_1_650' title='bbox 881 5171 1170 5239; x_wconf 86' lang='lat' dir='ltr'><strong>visumque</strong></span> <span class='ocrx_word' id='word_1_651' title='bbox 1211 5175 1539 5244; x_wconf 83' lang='lat' dir='ltr'><strong>oblectaret,</strong></span> <span class='ocrx_word' id='word_1_652' title='bbox 1572 5181 1825 5238; x_wconf 84' lang='lat' dir='ltr'><strong>abscindi</strong></span> <span class='ocrx_word' id='word_1_653' title='bbox 1853 5185 2041 5254; x_wconf 90' lang='lat' dir='ltr'><strong>jussit,</strong></span> <span class='ocrx_word' id='word_1_654' title='bbox 2076 5201 2145 5242; x_wconf 90' lang='lat' dir='ltr'><strong>ne</strong></span> 
     </span>
    </p>
   </div>
   <div class='ocr_carea' id='block_1_92' title="bbox 566 5262 2145 5346">
    <p class='ocr_par' dir='ltr' id='par_1_92' title="bbox 566 5262 2145 5346">
     <span class='ocr_line' id='line_1_92' title="bbox 566 5262 2145 5346; baseline 0.013 -30"><span class='ocrx_word' id='word_1_655' title='bbox 566 5262 698 5332; x_wconf 88' lang='lat' dir='ltr'><strong>quid</strong></span> <span class='ocrx_word' id='word_1_656' title='bbox 723 5262 849 5318; x_wconf 89' lang='lat' dir='ltr'><strong>inde</strong></span> <span class='ocrx_word' id='word_1_657' title='bbox 876 5277 1094 5335; x_wconf 89' lang='lat' dir='ltr'><strong>caperet</strong></span> <span class='ocrx_word' id='word_1_658' title='bbox 1111 5268 1314 5327; x_wconf 87' lang='lat' dir='ltr'><strong>solatii.</strong></span> <span class='ocrx_word' id='word_1_659' title='bbox 1342 5269 1496 5328; x_wconf 90' lang='lat' dir='ltr'><strong>Ilanc</strong></span> <span class='ocrx_word' id='word_1_660' title='bbox 1521 5290 1746 5346; x_wconf 85' lang='lat' dir='ltr'><strong>quoque</strong></span> <span class='ocrx_word' id='word_1_661' title='bbox 1769 5277 1934 5333; x_wconf 86' lang='lat' dir='ltr'><strong>vitam</strong></span> <span class='ocrx_word' id='word_1_662' title='bbox 1967 5281 2145 5336; x_wconf 82' lang='lat' dir='ltr'><strong>Moses</strong></span> 
     </span>
    </p>
   </div>
   <div class='ocr_carea' id='block_1_93' title="bbox 565 5354 2145 5433">
    <p class='ocr_par' dir='ltr' id='par_1_93' title="bbox 565 5354 2145 5433">
     <span class='ocr_line' id='line_1_93' title="bbox 565 5354 2145 5433; baseline 0.015 -28"><span class='ocrx_word' id='word_1_663' title='bbox 565 5354 851 5425; x_wconf 81' lang='lat' dir='ltr'><strong>amplexus</strong></span> <span class='ocrx_word' id='word_1_664' title='bbox 884 5366 990 5424; x_wconf 89' lang='lat' dir='ltr'><strong>est,</strong></span> <span class='ocrx_word' id='word_1_665' title='bbox 1023 5361 1118 5430; x_wconf 89' lang='lat' dir='ltr'><strong>qui</strong></span> <span class='ocrx_word' id='word_1_666' title='bbox 1164 5361 1219 5417; x_wconf 88' lang='lat' dir='ltr'><strong>in</strong></span> <span class='ocrx_word' id='word_1_667' title='bbox 1259 5363 1410 5420; x_wconf 90' lang='lat' dir='ltr'><strong>edito</strong></span> <span class='ocrx_word' id='word_1_668' title='bbox 1445 5369 1683 5433; x_wconf 88' lang='lat' dir='ltr'><strong>quodam</strong></span> <span class='ocrx_word' id='word_1_669' title='bbox 1725 5371 1933 5427; x_wconf 88' lang='lat' dir='ltr'><strong>vertice</strong></span> <span class='ocrx_word' id='word_1_670' title='bbox 1958 5370 2145 5429; x_wconf 65' lang='lat' dir='ltr'><strong>[lamas</strong></span> 
     </span>
    </p>
   </div>
   <div class='ocr_carea' id='block_1_94' title="bbox 566 5445 2142 5536">
    <p class='ocr_par' dir='ltr' id='par_1_94' title="bbox 566 5445 2142 5536">
     <span class='ocr_line' id='line_1_94' title="bbox 566 5445 2142 5536; baseline 0.015 -39"><span class='ocrx_word' id='word_1_671' title='bbox 566 5445 686 5499; x_wconf 85' lang='lat' dir='ltr'><strong>vico</strong></span> <span class='ocrx_word' id='word_1_672' title='bbox 720 5445 1041 5506; x_wconf 88' lang='lat' dir='ltr'><strong>imminente</strong></span> <span class='ocrx_word' id='word_1_673' title='bbox 1063 5453 1330 5524; x_wconf 88' lang='lat' dir='ltr'><strong>decertat,</strong></span> <span class='ocrx_word' id='word_1_674' title='bbox 1357 5465 1413 5513; x_wconf 88' lang='lat' dir='ltr'><strong>et</strong></span> <span class='ocrx_word' id='word_1_675' title='bbox 1450 5459 1756 5518; x_wconf 75' lang='lat' dir='ltr'><strong>Antiochus</strong></span> <span class='ocrx_word' id='word_1_676' title='bbox 1783 5463 1866 5516; x_wconf 89' lang='lat' dir='ltr'><strong>vir</strong></span> <span class='ocrx_word' id='word_1_677' title='bbox 1896 5465 2142 5536; x_wconf 68' lang='lat' dir='ltr'><strong>grands:-</strong></span> 
     </span>
    </p>
   </div>
   <div class='ocr_carea' id='block_1_95' title="bbox 566 5537 2138 5622">
    <p class='ocr_par' dir='ltr' id='par_1_95' title="bbox 566 5537 2138 5622">
     <span class='ocr_line' id='line_1_95' title="bbox 566 5537 2138 5622; baseline 0.017 -36"><span class='ocrx_word' id='word_1_678' title='bbox 566 5550 687 5594; x_wconf 83' lang='lat' dir='ltr'><strong>vus.</strong></span> <span class='ocrx_word' id='word_1_679' title='bbox 706 5537 799 5607; x_wconf 90' lang='lat' dir='ltr'><strong>qui</strong></span> <span class='ocrx_word' id='word_1_680' title='bbox 835 5540 1213 5600; x_wconf 87' lang='lat' dir='ltr'><strong>dcsertissimo</strong></span> <span class='ocrx_word' id='word_1_681' title='bbox 1238 5547 1292 5602; x_wconf 93' lang='lat' dir='ltr'><strong>in</strong></span> <span class='ocrx_word' id='word_1_682' title='bbox 1317 5561 1498 5606; x_wconf 89' lang='lat' dir='ltr'><strong>monte</strong></span> <span class='ocrx_word' id='word_1_683' title='bbox 1519 5554 1811 5609; x_wconf 86' lang='lat' dir='ltr'><strong>maceriam</strong></span> <span class='ocrx_word' id='word_1_684' title='bbox 1839 5559 2138 5622; x_wconf 76' lang='lat' dir='ltr'><strong>exstruxit,</strong></span> 
     </span>
    </p>
   </div>
   <div class='ocr_carea' id='block_1_96' title="bbox 559 5628 2134 5717">
    <p class='ocr_par' dir='ltr' id='par_1_96' title="bbox 559 5628 2134 5717">
     <span class='ocr_line' id='line_1_96' title="bbox 559 5628 2134 5717; baseline 0.015 -38"><span class='ocrx_word' id='word_1_685' title='bbox 559 5637 620 5679; x_wconf 80' lang='lat' dir='ltr'><strong>et</strong></span> <span class='ocrx_word' id='word_1_686' title='bbox 659 5628 966 5685; x_wconf 78' lang='lat' dir='ltr'><strong>Antoninus</strong></span> <span class='ocrx_word' id='word_1_687' title='bbox 1005 5636 1074 5697; x_wconf 82' lang='lat'><strong>&quot;,</strong></span> <span class='ocrx_word' id='word_1_688' title='bbox 1133 5637 1224 5705; x_wconf 89' lang='lat' dir='ltr'><strong>qui</strong></span> <span class='ocrx_word' id='word_1_689' title='bbox 1269 5639 1322 5694; x_wconf 89' lang='lat' dir='ltr'><strong>in</strong></span> <span class='ocrx_word' id='word_1_690' title='bbox 1378 5643 1536 5697; x_wconf 88' lang='lat' dir='ltr'><strong>senili</strong></span> <span class='ocrx_word' id='word_1_691' title='bbox 1587 5661 1820 5717; x_wconf 88' lang='lat' dir='ltr'><strong>corpore</strong></span> <span class='ocrx_word' id='word_1_692' title='bbox 1869 5647 2134 5717; x_wconf 87' lang='lat' dir='ltr'><strong>juvcnmn</strong></span> 
     </span>
    </p>
   </div>
   <div class='ocr_carea' id='block_1_97' title="bbox 2744 3905 3335 3962">
    <p class='ocr_par' dir='ltr' id='par_1_97' title="bbox 2744 3905 3335 3962">
     <span class='ocr_line' id='line_1_97' title="bbox 2744 3905 3335 3962; baseline 0 -2"><span class='ocrx_word' id='word_1_693' title='bbox 2744 3905 2873 3960; x_wconf 76' lang='lat' dir='ltr'><strong>Kl&quot;.</strong></span> <span class='ocrx_word' id='word_1_694' title='bbox 2903 3935 2975 3948; x_wconf 89' lang='lat'><strong>—</strong></span> <span class='ocrx_word' id='word_1_695' title='bbox 3018 3907 3335 3962; x_wconf 78' lang='grc' dir='ltr'><strong>ΙΩΑΝΝΗΣ.</strong></span> 
     </span>
    </p>
   </div>
   <div class='ocr_carea' id='block_1_98' title="bbox 2319 3982 3688 4070">
    <p class='ocr_par' dir='ltr' id='par_1_98' title="bbox 2319 3982 3688 4070">
     <span class='ocr_line' id='line_1_98' title="bbox 2319 3982 3688 4070; baseline -0.002 -19"><span class='ocrx_word' id='word_1_696' title='bbox 2319 3999 2541 4070; x_wconf 84' lang='grc' dir='ltr'>Ταύτην</span> <span class='ocrx_word' id='word_1_697' title='bbox 2569 3996 2811 4068; x_wconf 71' lang='grc' dir='ltr'>ἐζήλωσε</span> <span class='ocrx_word' id='word_1_698' title='bbox 2839 3999 2941 4069; x_wconf 83' lang='grc' dir='ltr'><strong>τὴν</strong></span> <span class='ocrx_word' id='word_1_699' title='bbox 2964 3999 3244 4054; x_wconf 85' lang='grc' dir='ltr'>πολιτείαν</span> <span class='ocrx_word' id='word_1_700' title='bbox 3275 3999 3360 4052; x_wconf 79' lang='grc' dir='ltr'>καὶ</span> <span class='ocrx_word' id='word_1_701' title='bbox 3383 3995 3595 4058; x_wconf 77' lang='grc' dir='ltr'><strong>Ἰωάννης.</strong></span> <span class='ocrx_word' id='word_1_702' title='bbox 3614 3982 3688 4050; x_wconf 59' lang='grc' dir='ltr'>ἀνίί</span> 
     </span>
    </p>
   </div>
   <div class='ocr_carea' id='block_1_99' title="bbox 2249 4083 3688 4166">
    <p class='ocr_par' dir='ltr' id='par_1_99' title="bbox 2249 4083 3688 4166">
     <span class='ocr_line' id='line_1_99' title="bbox 2249 4083 3688 4166; baseline -0.024 -3"><span class='ocrx_word' id='word_1_703' title='bbox 2249 4093 2387 4163; x_wconf 70' lang='grc' dir='ltr'>πρὸς</span> <span class='ocrx_word' id='word_1_704' title='bbox 2411 4095 2527 4150; x_wconf 71' lang='grc' dir='ltr'>τοῖς</span> <span class='ocrx_word' id='word_1_705' title='bbox 2560 4091 2742 4156; x_wconf 76' lang='grc' dir='ltr'>ἄλλοις</span> <span class='ocrx_word' id='word_1_706' title='bbox 2776 4093 3088 4166; x_wconf 77' lang='grc' dir='ltr'>ἡμερότητι</span> <span class='ocrx_word' id='word_1_707' title='bbox 3130 4096 3225 4148; x_wconf 65' lang='grc' dir='ltr'><strong>κα)⁵</strong></span> <span class='ocrx_word' id='word_1_708' title='bbox 3271 4090 3501 4164; x_wconf 84' lang='grc' dir='ltr'><strong>πραότητι</strong></span> <span class='ocrx_word' id='word_1_709' title='bbox 3535 4083 3688 4151; x_wconf 67' lang='grc' dir='ltr'><strong>λάμπων.</strong></span> 
     </span>
    </p>
   </div>
   <div class='ocr_carea' id='block_1_100' title="bbox 2259 4167 3688 4257">
    <p class='ocr_par' dir='ltr' id='par_1_100' title="bbox 2259 4167 3688 4257">
     <span class='ocr_line' id='line_1_100' title="bbox 2259 4167 3688 4257; baseline -0.009 -18"><span class='ocrx_word' id='word_1_710' title='bbox 2259 4185 2482 4257; x_wconf 85' lang='grc' dir='ltr'>Ῥαχίαν</span> <span class='ocrx_word' id='word_1_711' title='bbox 2509 4185 2567 4239; x_wconf 76' lang='grc' dir='ltr'><strong>δὲ</strong></span> <span class='ocrx_word' id='word_1_712' title='bbox 2613 4187 2878 4256; x_wconf 83' lang='grc' dir='ltr'>τραχεῖαν</span> <span class='ocrx_word' id='word_1_713' title='bbox 2939 4186 3288 4252; x_wconf 79' lang='grc' dir='ltr'>καταλαϐὼν,</span> <span class='ocrx_word' id='word_1_714' title='bbox 3327 4181 3615 4252; x_wconf 73' lang='grc' dir='ltr'>δυσχείμαρον</span> <span class='ocrx_word' id='word_1_715' title='bbox 3642 4167 3688 4220; x_wconf 67' lang='grc' dir='ltr'><strong>υἱ</strong></span> 
     </span>
    </p>
   </div>
   <div class='ocr_carea' id='block_1_101' title="bbox 2248 4259 3687 4352">
    <p class='ocr_par' dir='ltr' id='par_1_101' title="bbox 2248 4259 3687 4352">
     <span class='ocr_line' id='line_1_101' title="bbox 2248 4259 3687 4352; baseline -0.013 -19"><span class='ocrx_word' id='word_1_716' title='bbox 2248 4281 2640 4352; x_wconf 83' lang='grc' dir='ltr'>προσάρκτιον,</span> <span class='ocrx_word' id='word_1_717' title='bbox 2677 4280 2738 4334; x_wconf 81' lang='grc' dir='ltr'>ὲν</span> <span class='ocrx_word' id='word_1_718' title='bbox 2767 4280 2954 4352; x_wconf 75' lang='grc' dir='ltr'>ἐκείνῃ</span> <span class='ocrx_word' id='word_1_719' title='bbox 2983 4281 3129 4344; x_wconf 84' lang='grc' dir='ltr'>τέως</span> <span class='ocrx_word' id='word_1_720' title='bbox 3157 4281 3309 4334; x_wconf 83' lang='grc' dir='ltr'>πέντε</span> <span class='ocrx_word' id='word_1_721' title='bbox 3341 4277 3422 4331; x_wconf 75' lang='grc' dir='ltr'>καὶ</span> <span class='ocrx_word' id='word_1_722' title='bbox 3448 4259 3687 4326; x_wconf 77' lang='grc' dir='ltr'>είκοσιδιετέ·</span> 
     </span>
    </p>
   </div>
   <div class='ocr_carea' id='block_1_102' title="bbox 2247 4367 3686 4442">
    <p class='ocr_par' dir='ltr' id='par_1_102' title="bbox 2247 4367 3686 4442">
     <span class='ocr_line' id='line_1_102' title="bbox 2247 4367 3686 4442; baseline -0.001 -18"><span class='ocrx_word' id='word_1_723' title='bbox 2247 4371 2402 4425; x_wconf 90' lang='grc' dir='ltr'>λεσεν</span> <span class='ocrx_word' id='word_1_724' title='bbox 2426 4372 2544 4442; x_wconf 80' lang='grc' dir='ltr'>ἔτη,</span> <span class='ocrx_word' id='word_1_725' title='bbox 2581 4372 2681 4436; x_wconf 81' lang='grc' dir='ltr'><strong>τὰς</strong></span> <span class='ocrx_word' id='word_1_726' title='bbox 2719 4372 2970 4434; x_wconf 78' lang='grc' dir='ltr'>ἐναντίας</span> <span class='ocrx_word' id='word_1_727' title='bbox 3007 4373 3108 4436; x_wconf 70' lang='grc' dir='ltr'><strong>τοῦ</strong></span> <span class='ocrx_word' id='word_1_728' title='bbox 3152 4373 3308 4442; x_wconf 80' lang='grc' dir='ltr'>ἀέρος</span> <span class='ocrx_word' id='word_1_729' title='bbox 3340 4367 3576 4438; x_wconf 80' lang='grc' dir='ltr'>δεχόμενος</span> <span class='ocrx_word' id='word_1_730' title='bbox 3597 4367 3686 4422; x_wconf 58' lang='lat' dir='ltr'><strong>75W</strong></span> 
     </span>
    </p>
   </div>
   <div class='ocr_carea' id='block_1_103' title="bbox 2249 4447 3687 4537">
    <p class='ocr_par' dir='ltr' id='par_1_103' title="bbox 2249 4447 3687 4537">
     <span class='ocr_line' id='line_1_103' title="bbox 2249 4447 3687 4537; baseline -0.002 -20"><span class='ocrx_word' id='word_1_731' title='bbox 2249 4464 2432 4529; x_wconf 81' lang='grc' dir='ltr'>εολάς.</span> <span class='ocrx_word' id='word_1_732' title='bbox 2460 4465 2644 4520; x_wconf 80' lang='grc' dir='ltr'>Τᾶλλα</span> <span class='ocrx_word' id='word_1_733' title='bbox 2669 4465 2727 4519; x_wconf 86' lang='grc' dir='ltr'><strong>δὲ</strong></span> <span class='ocrx_word' id='word_1_734' title='bbox 2757 4467 2956 4529; x_wconf 83' lang='grc' dir='ltr'>πάντα,</span> <span class='ocrx_word' id='word_1_735' title='bbox 2984 4465 3077 4521; x_wconf 79' lang='grc' dir='ltr'><strong>ῖνα</strong></span> <span class='ocrx_word' id='word_1_736' title='bbox 3121 4466 3196 4537; x_wconf 81' lang='grc' dir='ltr'><strong>μὴ</strong></span> <span class='ocrx_word' id='word_1_737' title='bbox 3225 4464 3339 4518; x_wconf 77' lang='grc' dir='ltr'>καθ’</span> <span class='ocrx_word' id='word_1_738' title='bbox 3364 4463 3553 4516; x_wconf 71' lang='grc' dir='ltr'>ἕκαστον</span> <span class='ocrx_word' id='word_1_739' title='bbox 3575 4447 3687 4514; x_wconf 58' lang='lat' dir='ltr'><strong>cuii?</strong></span> 
     </span>
    </p>
   </div>
   <div class='ocr_carea' id='block_1_104' title="bbox 2249 4551 3687 4638">
    <p class='ocr_par' dir='ltr' id='par_1_104' title="bbox 2249 4551 3687 4638">
     <span class='ocr_line' id='line_1_104' title="bbox 2249 4551 3687 4638; baseline -0.019 -10"><span class='ocrx_word' id='word_1_740' title='bbox 2249 4575 2454 4628; x_wconf 80' lang='grc' dir='ltr'>χωμαι.</span> <span class='ocrx_word' id='word_1_741' title='bbox 2493 4558 2694 4630; x_wconf 81' lang='grc' dir='ltr'>τροφὴ,</span> <span class='ocrx_word' id='word_1_742' title='bbox 2731 4558 2823 4611; x_wconf 85' lang='grc' dir='ltr'><strong>καὶ</strong></span> <span class='ocrx_word' id='word_1_743' title='bbox 2865 4557 3057 4628; x_wconf 80' lang='grc' dir='ltr'>ἐσθὴς,</span> <span class='ocrx_word' id='word_1_744' title='bbox 3095 4559 3191 4613; x_wconf 73' lang='grc' dir='ltr'>καὶ</span> <span class='ocrx_word' id='word_1_745' title='bbox 3223 4558 3288 4611; x_wconf 78' lang='grc' dir='ltr'><strong>τὸ.</strong></span> <span class='ocrx_word' id='word_1_746' title='bbox 3309 4557 3394 4609; x_wconf 81' lang='grc' dir='ltr'>τοῦ</span> <span class='ocrx_word' id='word_1_747' title='bbox 3431 4551 3600 4638; x_wconf 51' lang='grc' dir='ltr'>σιδήρου</span> 
     </span>
    </p>
   </div>
   <div class='ocr_carea' id='block_1_105' title="bbox 2248 4629 3686 4732">
    <p class='ocr_par' dir='ltr' id='par_1_105' title="bbox 2248 4629 3686 4732">
     <span class='ocr_line' id='line_1_105' title="bbox 2248 4629 3686 4732; baseline -0.017 -15"><span class='ocrx_word' id='word_1_748' title='bbox 2248 4649 2360 4713; x_wconf 70' lang='grc' dir='ltr'>τίαν</span> <span class='ocrx_word' id='word_1_749' title='bbox 2385 4652 2498 4713; x_wconf 84' lang='grc' dir='ltr'><strong>τοῖς</strong></span> <span class='ocrx_word' id='word_1_750' title='bbox 2534 4629 2971 4720; x_wconf 58' lang='grc' dir='ltr'>προειρημένοις</span> <span class='ocrx_word' id='word_1_751' title='bbox 3007 4652 3126 4704; x_wconf 76' lang='grc' dir='ltr'>ἐστὶ</span> <span class='ocrx_word' id='word_1_752' title='bbox 3179 4629 3686 4732; x_wconf 81' lang='grc' dir='ltr'>παραπλήσια.</span> 
     </span>
    </p>
   </div>
   <div class='ocr_carea' id='block_1_106' title="bbox 2252 4729 3688 4810">
    <p class='ocr_par' dir='ltr' id='par_1_106' title="bbox 2252 4729 3688 4810">
     <span class='ocr_line' id='line_1_106' title="bbox 2252 4729 3688 4810; baseline -0.021 -20"><span class='ocrx_word' id='word_1_753' title='bbox 2252 4739 2369 4790; x_wconf 77' lang='grc' dir='ltr'>ἐστι</span> <span class='ocrx_word' id='word_1_754' title='bbox 2400 4740 2507 4791; x_wconf 85' lang='grc' dir='ltr'>τῶν</span> <span class='ocrx_word' id='word_1_755' title='bbox 2540 4739 2903 4809; x_wconf 86' lang='grc' dir='ltr'>ἀνθρωπίνων</span> <span class='ocrx_word' id='word_1_756' title='bbox 2932 4741 3192 4795; x_wconf 85' lang='grc' dir='ltr'>ἁπάντων</span> <span class='ocrx_word' id='word_1_757' title='bbox 3223 4739 3505 4810; x_wconf 72' lang='grc' dir='ltr'>ὑπέρτερος,</span> <span class='ocrx_word' id='word_1_758' title='bbox 3527 4729 3582 4790; x_wconf 77' lang='grc' dir='ltr'><strong>ὡς</strong></span> <span class='ocrx_word' id='word_1_759' title='bbox 3601 4729 3688 4794; x_wconf 51' lang='lat' dir='ltr'><strong>Wa-</strong></span> 
     </span>
    </p>
   </div>
   <div class='ocr_carea' id='block_1_107' title="bbox 2252 4814 3688 4902">
    <p class='ocr_par' dir='ltr' id='par_1_107' title="bbox 2252 4814 3688 4902">
     <span class='ocr_line' id='line_1_107' title="bbox 2252 4814 3688 4902; baseline -0.01 -19"><span class='ocrx_word' id='word_1_760' title='bbox 2252 4831 2382 4900; x_wconf 90' lang='grc' dir='ltr'>μίαν</span> <span class='ocrx_word' id='word_1_761' title='bbox 2409 4833 2472 4883; x_wconf 84' lang='grc' dir='ltr'>ὲκ</span> <span class='ocrx_word' id='word_1_762' title='bbox 2500 4830 2709 4884; x_wconf 90' lang='grc' dir='ltr'>τούτων</span> <span class='ocrx_word' id='word_1_763' title='bbox 2738 4832 3086 4902; x_wconf 81' lang='grc' dir='ltr'>καρποῦσθαι</span> <span class='ocrx_word' id='word_1_764' title='bbox 3119 4829 3450 4902; x_wconf 75' lang='grc' dir='ltr'>παραψυχήν.</span> <span class='ocrx_word' id='word_1_765' title='bbox 3477 4821 3563 4882; x_wconf 77' lang='grc' dir='ltr'><strong>Καὶ</strong></span> <span class='ocrx_word' id='word_1_766' title='bbox 3578 4814 3688 4869; x_wconf 72' lang='grc' dir='ltr'>τούτου</span> 
     </span>
    </p>
   </div>
   <div class='ocr_carea' id='block_1_108' title="bbox 2247 4905 3688 4996">
    <p class='ocr_par' dir='ltr' id='par_1_108' title="bbox 2247 4905 3688 4996">
     <span class='ocr_line' id='line_1_108' title="bbox 2247 4905 3688 4996; baseline -0.02 1"><span class='ocrx_word' id='word_1_767' title='bbox 2247 4925 2550 4994; x_wconf 71' lang='grc' dir='ltr'><strong>τεκμήριον</strong></span> <span class='ocrx_word' id='word_1_768' title='bbox 2576 4925 2808 4992; x_wconf 76' lang='grc' dir='ltr'>ἐναργὲς</span> <span class='ocrx_word' id='word_1_769' title='bbox 2849 4925 3052 4980; x_wconf 83' lang='grc' dir='ltr'><strong>αὐτίκα</strong></span> <span class='ocrx_word' id='word_1_770' title='bbox 3099 4925 3419 4996; x_wconf 80' lang='grc' dir='ltr'>παρέξομαι.</span> <span class='ocrx_word' id='word_1_771' title='bbox 3456 4905 3688 4979; x_wconf 60' lang='grc' dir='ltr'><strong>Ἐπιδὴτέέ</strong></span> 
     </span>
    </p>
   </div>
   <div class='ocr_carea' id='block_1_109' title="bbox 2248 5003 3686 5088">
    <p class='ocr_par' dir='ltr' id='par_1_109' title="bbox 2248 5003 3686 5088">
     <span class='ocr_line' id='line_1_109' title="bbox 2248 5003 3686 5088; baseline -0.02 -9"><span class='ocrx_word' id='word_1_772' title='bbox 2248 5031 2336 5078; x_wconf 83' lang='grc' dir='ltr'><strong>τις</strong></span> <span class='ocrx_word' id='word_1_773' title='bbox 2366 5013 2476 5068; x_wconf 86' lang='grc' dir='ltr'><strong>τῶν</strong></span> <span class='ocrx_word' id='word_1_774' title='bbox 2509 5015 2813 5069; x_wconf 86' lang='grc' dir='ltr'>σπουδαίων</span> <span class='ocrx_word' id='word_1_775' title='bbox 2844 5017 3165 5088; x_wconf 79' lang='grc' dir='ltr'>ἀμυγδάλην</span> <span class='ocrx_word' id='word_1_776' title='bbox 3196 5017 3324 5088; x_wconf 82' lang='grc' dir='ltr'>παρ’</span> <span class='ocrx_word' id='word_1_777' title='bbox 3359 5013 3506 5082; x_wconf 71' lang='grc' dir='ltr'>αὐτὴν</span> <span class='ocrx_word' id='word_1_778' title='bbox 3527 5003 3686 5074; x_wconf 45' lang='lat' dir='ltr'><strong>ieiunus:</strong></span> 
     </span>
    </p>
   </div>
   <div class='ocr_carea' id='block_1_110' title="bbox 2249 5081 3727 5181">
    <p class='ocr_par' dir='ltr' id='par_1_110' title="bbox 2249 5081 3727 5181">
     <span class='ocr_line' id='line_1_110' title="bbox 2249 5081 3727 5181; baseline -0.017 -3"><span class='ocrx_word' id='word_1_779' title='bbox 2249 5105 2347 5177; x_wconf 71' lang='grc' dir='ltr'><strong>τὴν</strong></span> <span class='ocrx_word' id='word_1_780' title='bbox 2380 5106 2627 5172; x_wconf 71' lang='grc' dir='ltr'><strong>στιϐάδα,</strong></span> <span class='ocrx_word' id='word_1_781' title='bbox 2651 5103 2771 5161; x_wconf 74' lang='grc' dir='ltr'>εἶτα</span> <span class='ocrx_word' id='word_1_782' title='bbox 2795 5081 3076 5180; x_wconf 28' lang='grc' dir='ltr'><strong>τῷυχρδνῳ</strong></span> <span class='ocrx_word' id='word_1_783' title='bbox 3106 5081 3322 5181; x_wconf 78' lang='grc' dir='ltr'>δένδρον</span> <span class='ocrx_word' id='word_1_784' title='bbox 3359 5081 3586 5174; x_wconf 72' lang='grc' dir='ltr'>γινομένη,</span> <span class='ocrx_word' id='word_1_785' title='bbox 3605 5088 3687 5145; x_wconf 60' lang='grc' dir='ltr'><strong>σκιάν</strong></span> <span class='ocrx_word' id='word_1_786' title='bbox 3721 5081 3727 5181; x_wconf 59' lang='grc' dir='ltr'><strong>ΙΙ</strong></span> 
     </span>
    </p>
   </div>
   <div class='ocr_carea' id='block_1_111' title="bbox 2248 5181 3691 5270">
    <p class='ocr_par' dir='ltr' id='par_1_111' title="bbox 2248 5181 3691 5270">
     <span class='ocr_line' id='line_1_111' title="bbox 2248 5181 3691 5270; baseline 0.001 -24"><span class='ocrx_word' id='word_1_787' title='bbox 2248 5210 2308 5246; x_wconf 88' lang='grc' dir='ltr'>τε</span> <span class='ocrx_word' id='word_1_788' title='bbox 2343 5194 2491 5265; x_wconf 82' lang='grc' dir='ltr'>αὐτῷ</span> <span class='ocrx_word' id='word_1_789' title='bbox 2514 5199 2766 5268; x_wconf 84' lang='grc' dir='ltr'>παρεῖχε,</span> <span class='ocrx_word' id='word_1_790' title='bbox 2792 5199 2884 5251; x_wconf 76' lang='grc' dir='ltr'><strong>καὶ</strong></span> <span class='ocrx_word' id='word_1_791' title='bbox 2921 5201 3018 5270; x_wconf 81' lang='grc' dir='ltr'><strong>τὴν</strong></span> <span class='ocrx_word' id='word_1_792' title='bbox 3047 5198 3175 5268; x_wconf 54' lang='lat' dir='ltr'><strong>eam</strong></span> <span class='ocrx_word' id='word_1_793' title='bbox 3212 5198 3400 5260; x_wconf 87' lang='grc' dir='ltr'>είστία,</span> <span class='ocrx_word' id='word_1_794' title='bbox 3430 5181 3691 5258; x_wconf 57' lang='grc' dir='ltr'>ἀποτμηθῆκὲ</span> 
     </span>
    </p>
   </div>
   <div class='ocr_carea' id='block_1_112' title="bbox 2249 5272 3687 5359">
    <p class='ocr_par' dir='ltr' id='par_1_112' title="bbox 2249 5272 3687 5359">
     <span class='ocr_line' id='line_1_112' title="bbox 2249 5272 3687 5359; baseline -0.001 -25"><span class='ocrx_word' id='word_1_795' title='bbox 2249 5281 2562 5348; x_wconf 78' lang='grc' dir='ltr'>ἐκέλευσεν,</span> <span class='ocrx_word' id='word_1_796' title='bbox 2607 5285 2695 5338; x_wconf 82' lang='grc' dir='ltr'><strong>ἵνα</strong></span> <span class='ocrx_word' id='word_1_797' title='bbox 2767 5288 2902 5358; x_wconf 81' lang='grc' dir='ltr'>μηδὲ</span> <span class='ocrx_word' id='word_1_798' title='bbox 2949 5289 3073 5359; x_wconf 76' lang='grc' dir='ltr'>μιᾶς</span> <span class='ocrx_word' id='word_1_799' title='bbox 3123 5287 3330 5341; x_wconf 75' lang='grc' dir='ltr'>ἐκεῖθεν</span> <span class='ocrx_word' id='word_1_800' title='bbox 3382 5277 3580 5345; x_wconf 78' lang='grc' dir='ltr'>ἀπολαύῃ</span> <span class='ocrx_word' id='word_1_801' title='bbox 3612 5272 3687 5337; x_wconf 49' lang='grc' dir='ltr'>θεῖ·</span> 
     </span>
    </p>
   </div>
   <div class='ocr_carea' id='block_1_113' title="bbox 2251 5359 3688 5449">
    <p class='ocr_par' dir='ltr' id='par_1_113' title="bbox 2251 5359 3688 5449">
     <span class='ocr_line' id='line_1_113' title="bbox 2251 5359 3688 5449; baseline -0.006 -21"><span class='ocrx_word' id='word_1_802' title='bbox 2251 5375 2520 5443; x_wconf 88' lang='grc' dir='ltr'>αγωγίας.</span> <span class='ocrx_word' id='word_1_803' title='bbox 2545 5377 2746 5430; x_wconf 81' lang='grc' dir='ltr'>Τοῦτον</span> <span class='ocrx_word' id='word_1_804' title='bbox 2781 5379 3066 5447; x_wconf 65' lang='grc' dir='ltr'>ἠσπάσατο</span> <span class='ocrx_word' id='word_1_805' title='bbox 3097 5379 3190 5432; x_wconf 76' lang='grc' dir='ltr'>τὸν</span> <span class='ocrx_word' id='word_1_806' title='bbox 3212 5379 3324 5449; x_wconf 79' lang='grc' dir='ltr'>βίον</span> <span class='ocrx_word' id='word_1_807' title='bbox 3351 5378 3434 5431; x_wconf 77' lang='grc' dir='ltr'>καὶ</span> <span class='ocrx_word' id='word_1_808' title='bbox 3458 5367 3644 5431; x_wconf 64' lang='grc' dir='ltr'><strong>Μωῦσῆςν</strong></span> <span class='ocrx_word' id='word_1_809' title='bbox 3662 5359 3688 5405; x_wconf 66' lang='grc' dir='ltr'><strong>έν</strong></span> 
     </span>
    </p>
   </div>
   <div class='ocr_carea' id='block_1_114' title="bbox 2250 5457 3687 5546">
    <p class='ocr_par' dir='ltr' id='par_1_114' title="bbox 2250 5457 3687 5546">
     <span class='ocr_line' id='line_1_114' title="bbox 2250 5457 3687 5546; baseline 0.001 -26"><span class='ocrx_word' id='word_1_810' title='bbox 2250 5467 2429 5538; x_wconf 72' lang='grc' dir='ltr'>ὑψηλῇ</span> <span class='ocrx_word' id='word_1_811' title='bbox 2459 5486 2562 5522; x_wconf 88' lang='grc' dir='ltr'>τινι</span> <span class='ocrx_word' id='word_1_812' title='bbox 2590 5473 2801 5541; x_wconf 72' lang='grc' dir='ltr'>κορυφῇ</span> <span class='ocrx_word' id='word_1_813' title='bbox 2845 5471 3059 5542; x_wconf 85' lang='grc' dir='ltr'><strong>Ῥαμᾶς</strong></span> <span class='ocrx_word' id='word_1_814' title='bbox 3094 5471 3447 5542; x_wconf 78' lang='grc' dir='ltr'>ὑπερκειμένη</span> <span class='ocrx_word' id='word_1_815' title='bbox 3473 5465 3552 5531; x_wconf 75' lang='grc' dir='ltr'><strong>τῆς</strong></span> <span class='ocrx_word' id='word_1_816' title='bbox 3566 5457 3687 5546; x_wconf 55' lang='grc' dir='ltr'><strong>κώμῗῇ</strong></span> 
     </span>
    </p>
   </div>
   <div class='ocr_carea' id='block_1_115' title="bbox 2248 5551 3682 5634">
    <p class='ocr_par' dir='ltr' id='par_1_115' title="bbox 2248 5551 3682 5634">
     <span class='ocr_line' id='line_1_115' title="bbox 2248 5551 3682 5634; baseline -0.015 -8"><span class='ocrx_word' id='word_1_817' title='bbox 2248 5558 2678 5629; x_wconf 72' lang='grc' dir='ltr'>ἀγωνιζόμενοςο</span> <span class='ocrx_word' id='word_1_818' title='bbox 2718 5562 2812 5614; x_wconf 70' lang='grc' dir='ltr'><strong>καὶ</strong></span> <span class='ocrx_word' id='word_1_819' title='bbox 2867 5563 3162 5634; x_wconf 81' lang='grc' dir='ltr'>Ἀντίοχος,</span> <span class='ocrx_word' id='word_1_820' title='bbox 3205 5561 3341 5633; x_wconf 78' lang='grc' dir='ltr'>ἀνὴρ</span> <span class='ocrx_word' id='word_1_821' title='bbox 3383 5551 3634 5628; x_wconf 64' lang='grc' dir='ltr'>πρεσϐύτης.</span> <span class='ocrx_word' id='word_1_822' title='bbox 3662 5553 3682 5584; x_wconf 74' lang='grc' dir='ltr'><strong>ί¹</strong></span> 
     </span>
    </p>
   </div>
   <div class='ocr_carea' id='block_1_116' title="bbox 2247 5634 3683 5725">
    <p class='ocr_par' dir='ltr' id='par_1_116' title="bbox 2247 5634 3683 5725">
     <span class='ocr_line' id='line_1_116' title="bbox 2247 5634 3683 5725; baseline -0.02 -4"><span class='ocrx_word' id='word_1_823' title='bbox 2247 5652 2589 5722; x_wconf 69' lang='grc' dir='ltr'>ἐρημωτάτῳ</span> <span class='ocrx_word' id='word_1_824' title='bbox 2623 5653 2774 5723; x_wconf 74' lang='grc' dir='ltr'><strong>τόπῳ</strong></span> <span class='ocrx_word' id='word_1_825' title='bbox 2808 5653 2865 5706; x_wconf 69' lang='grc' dir='ltr'><strong>τὸ</strong></span> <span class='ocrx_word' id='word_1_826' title='bbox 2894 5653 3144 5725; x_wconf 84' lang='grc' dir='ltr'>θριγκίον</span> <span class='ocrx_word' id='word_1_827' title='bbox 3167 5654 3504 5724; x_wconf 71' lang='grc' dir='ltr'>δειμάμενος·</span> <span class='ocrx_word' id='word_1_828' title='bbox 3535 5640 3601 5696; x_wconf 72' lang='grc' dir='ltr'>καὶ</span> <span class='ocrx_word' id='word_1_829' title='bbox 3625 5634 3683 5682; x_wconf 58' lang='grc' dir='ltr'><strong>Ἀθ·</strong></span> 
     </span>
    </p>
   </div>
   <div class='ocr_carea' id='block_1_117' title="bbox 1815 5741 2480 5802">
    <p class='ocr_par' dir='ltr' id='par_1_117' title="bbox 1815 5741 2480 5802">
     <span class='ocr_line' id='line_1_117' title="bbox 1815 5741 2480 5802; baseline 0.012 -8"><span class='ocrx_word' id='word_1_830' title='bbox 1815 5741 2043 5797; x_wconf 66' lang='grc' dir='ltr'><strong>ΥΑΒΙᾹῖ</strong></span> <span class='ocrx_word' id='word_1_831' title='bbox 2081 5745 2480 5802; x_wconf 70' lang='lat' dir='ltr'><strong>LECTIONICS.</strong></span> 
     </span>
    </p>
   </div>
   <div class='ocr_carea' id='block_1_118' title="bbox 639 5802 1192 5868">
    <p class='ocr_par' dir='ltr' id='par_1_118' title="bbox 639 5802 1192 5868">
     <span class='ocr_line' id='line_1_118' title="bbox 639 5802 1192 5868; baseline 0.014 -12"><span class='ocrx_word' id='word_1_832' title='bbox 639 5803 688 5840; x_wconf 67' lang='lat'><strong>&quot;</strong></span> <span class='ocrx_word' id='word_1_833' title='bbox 716 5802 994 5861; x_wconf 74' lang='lat' dir='ltr'><strong>Antonius.</strong></span> <span class='ocrx_word' id='word_1_834' title='bbox 1029 5811 1192 5868; x_wconf 76' lang='lat' dir='ltr'><strong>ﬂerv.</strong></span> 
     </span>
    </p>
   </div>
  </div>
