3898 6196
195 313 316 377 1457

1419 315 1824 379 RELIGIOSA
1857 320 2249 384 HISTORIA.

3314 323 3449 392 1458

187 440 416 502 τωνῖνος,
446 439 503 489 ἐν
533 429 869 503 γεγηρακότι
901 427 1114 500 σώματι
1146 431 1262 493 τοῖς
1293 430 1435 495 νέοις
1464 433 1756 504 παραπλη-

1870 434 2040 490 instar
2074 433 2329 489 desudat.
2353 431 2558 504 Estque
2585 432 2672 489 his
2698 432 2956 489 onmibus
2979 435 3166 490 eadem
3190 439 3454 503 vestis,et

185 531 306 594 σίως
334 527 760 598 ἀγωνιζόμενος.
794 522 905 576 Καὶ
934 521 1082 577 ἐστιν
1120 522 1304 586 αὐτοῖς
1334 521 1498 594 ἐσθὴς
1535 525 1568 595 ἡ
1596 524 1756 595 αὐτὴ,

185 626 272 682 καὶ
293 624 491 696 τροφὴ,
525 622 621 676 καὶ
677 619 888 684 στάσις,
921 617 1018 672 καὶ
1069 618 1371 690 προσευχὴ,
1405 619 1500 672 καὶ
1541 618 1759 673 παννύ-

184 737 282 791 χιοι
309 718 484 778 πόνοι,
509 716 605 769 καὶ
643 712 982 783 πανημέριοι
1005 726 1018 740 ·
1052 711 1148 764 καὶ⁵
1181 709 1307 764 οὔτε
1337 710 1531 782 χρόνου
1561 711 1756 782 μῆκος,

183 809 241 862 οὐ
267 809 467 878 γῆρας,
501 805 604 858 οὐκ
643 802 902 857 ἀσθένεια
943 799 1160 870 φύσεως
1187 800 1402 871 ἐλέγχει
1431 802 1528 871 τὴν
1555 817 1756 871 καρτε-

183 899 322 972 ρίαν,
353 884 472 953 ἀλλ’
518 894 840 967 ἀκμάζοντα
866 895 926 946 ἐν
971 894 1186 956 ἑαυτοῖς
1217 893 1402 963 έχουσι
1447 893 1540 947 τὸν
1579 893 1760 964 ἔρωτα

180 988 270 1043 τοῦ
293 989 500 1042 πονεῖν.
532 985 644 1040 Καὶ
694 983 890 1046 ἄλλους
929 983 988 1036 δέ
1033 982 1323 1046 πλείστους
1351 983 1660 1052 ἀγωνιστὰς
1701 986 1760 1041 ἐν

181 1081 284 1143 τοῖς
318 1078 610 1149 ἡμετέροις
642 1077 887 1148 μέρεσιν,
916 1073 1070 1145 ὃρεσί
1109 1091 1168 1128 τε
1201 1075 1297 1130 καὶ
1333 1075 1557 1140 πεδίοις,
1595 1079 1624 1130 ό
1661 1079 1761 1150 τῆς

183 1169 384 1242 ἀρετῆς
421 1167 766 1238 ἀγωνοθέτης
813 1165 928 1237 ἔχει
965 1165 1120 1230 θεὸς,
1168 1165 1264 1230 οὓς
1299 1167 1396 1220 καὶ
1450 1168 1757 1240 ἀριθμῆσαι

177 1260 336 1331 μόνον
397 1261 499 1313 οὐκ
557 1257 804 1322 εὐπετὲς,
903 1257 1035 1328 μήτι
1107 1272 1172 1324 γε
1238 1257 1302 1328 δὴ
1370 1258 1599 1312 ἑκάστου
1645 1259 1760 1329 βίον

177 1349 516 1420 συγγράψαι.
563 1345 870 1420 Ἀρκοῦσαν
902 1345 1082 1398 τοίνυν
1131 1347 1195 1398 ἐκ
1239 1347 1448 1402 τούτων
1489 1348 1760 1418 ὠφέλειαν

174 1443 283 1504 τοῖς
319 1441 604 1511 κερδάνειν
641 1437 989 1510 βουλομένοις
1013 1437 1436 1508 προτεθεικότες
1461 1440 1547 1509 ἐφ’
1573 1439 1760 1511 ἕτερον

174 1529 312 1597 εἶδος
335 1534 644 1604 διηγήσεως
675 1530 966 1602 τρέψομαι,
1001 1530 1096 1584 καὶ
1128 1529 1232 1600 τῆς
1262 1531 1469 1586 τούτων
1506 1528 1761 1603 εὐλογίας

178 1640 278 1694 μετ
288 1623 511 1678 αλαϐεῖν
546 1621 736 1688 ἀξιῶν.

389 1718 514 1771 ΚΧ.
539 1745 610 1758 --
633 1715 922 1770 ΖΕΒΙΝΑΣ
959 1717 992 1789 ἢ
1028 1719 1544 1772 ΠΟΛΥΧΡΟΝΙΟΣ.

1865 525 2064 590 victus,
2108 536 2162 580 et
2196 524 2386 591 statio,
2417 533 2471 580 et
2509 525 2711 591 oratio,
2745 526 3118 597 nocturnique
3161 543 3227 584 ac
3259 529 3449 586 diurni

1864 616 2086 672 labores
2132 617 2378 670 continui
2419 635 2432 669 :
2477 625 2531 670 et
2571 632 2749 687 neque
2783 618 3047 688 temporis
3087 618 3447 689 diuturnitas,

1864 721 2042 776 neque
2075 705 2314 770 senium,
2359 722 2537 776 neque
2569 707 2918 764 imbecillitas
2953 716 3163 765 natura:
3184 721 3448 767 constan~

1863 799 1996 851 tiam
2053 796 2280 867 frangit,
2327 797 2422 852 sed
2475 805 2731 868 vegetum
2787 799 2842 852 in
2903 801 3102 870 seipsis
3160 802 3447 858 laborandi

1863 888 2104 944 retinent
2138 889 2406 944 studium.
2439 889 2594 944 Alios
2629 897 2896 960 praeterea
2933 893 3249 962 complures
3283 895 3336 948 in
3383 895 3448 948 li-

1863 979 2028 1034 nibus
2066 979 2310 1046 nostris,
2359 980 2749 1052 montibusque
2789 990 2846 1036 ct
2900 985 3143 1052 campis,
3211 986 3450 1041 athletas

1866 1070 2030 1126 habet
2070 1073 2295 1127 virtutis
2339 1072 2668 1143 agonotheta
2713 1071 2881 1138 Deus,
2916 1089 3056 1144 quos
3098 1076 3182 1130 vel
3221 1092 3450 1133 enume-

1862 1176 1988 1215 rare
2009 1159 2232 1216 diﬂicile
2252 1161 2346 1225 sit,
2387 1162 2587 1218 nedum
2637 1162 2854 1234 1258
2895 1165 3238 1236 singulorum
3279 1168 3448 1222 vitam

1862 1252 2232 1308 conscribere.
2268 1253 2450 1318 Quare
2479 1269 2604 1308 cum
2631 1269 2698 1308 ex
2735 1253 2822 1309 his
2849 1253 3209 1311 sufficientem
3250 1257 3318 1312 iis
3353 1261 3460 1329 qui.

1864 1344 2081 1400 lucrum
2114 1353 2340 1415 captant
2393 1346 2687 1400 utilitatem
2733 1349 3212 1418 proposuerimus,
3249 1348 3466 1406 horum-

1862 1435 2024 1489 etiam
2055 1445 2112 1489 ut
2147 1435 2534 1491 benedictione
2580 1436 2830 1491 fruamur
2875 1445 3134 1504 orantes,
3176 1438 3243 1493 ad
3285 1440 3462 1494 aliain

1863 1525 2237 1580 narrationem
2277 1537 2682 1583 convertentur.

1969 1709 2161 1766 XXIV.
2186 1741 2254 1750 —
2287 1711 2578 1768 ZEBINAS
2621 1721 2716 1767 aut
2754 1714 3304 1774 POLYCllBONlUS.

249 1805 478 1860 Ζεϐινᾶν
501 1805 685 1878 ᾅδουσι
723 1807 888 1879 μέχρι
919 1771 1016 1862 καὶ
1043 1810 1284 1880 τήμερον
1315 1771 1377 1862 oi
1412 1809 1510 1880 τῆς
1534 1771 1754 1862 ἐκείνου

1937 1801 2204 1856 Zebinam
2245 1803 2519 1874 hodieque
2576 1806 2878 1876 praedicant
2921 1809 3014 1878 qui
3060 1771 3443 1868 videre—illum

178 1897 307 1960 θέας
341 1895 656 1968 ἠξιωμένοι.
689 1898 826 1951 Φασὶ
866 1897 922 1952 δὲ
955 1898 1117 1952 αὐτὸν
1157 1900 1238 1962 είς
1267 1898 1448 1969 γῆρας
1483 1897 1756 1953 ἐλάσαντα

179 1988 337 2059 βαθὺ.
366 1989 462 2042 καὶ
495 1992 609 2053 τοῖς
655 1991 839 2054 αὐτοῖς
868 1992 1056 2055 πόνοις
1100 1991 1298 2062 μέχρις
1323 1990 1498 2061 αὐτῆς
1544 1993 1756 2062 χρησά-

181 2097 345 2152 μενον
373 2080 474 2150 τῆς
503 2081 783 2150 τελευτῆς.
826 2083 993 2153 μηδὲν
1027 2082 1137 2136 τῶν
1169 2084 1271 2153 τῆς
1310 2081 1564 2152 νεότητος
1594 2082 1756 2152 άμεί-

178 2173 282 2244 ψαι
314 2171 394 2244 τῷ
445 2172 732 2245 βαρυτάτῳ
787 2173 1108 2246 βιαζόμενον
1149 2175 1314 2245 γήρᾳ.
1381 2174 1758 2227 Ἐπλεονέκτει

177 2267 258 2332 δὲ,
287 2266 362 2329 ὡς
387 2265 616 2335 ἔφασαν,
642 2267 768 2330 τοὺς
793 2268 880 2321 ἐπ’
903 2266 1070 2320 αὐτοῦ
1103 2266 1310 2331 πάντας
1337 2266 1661 2338 ἀνθρώπους
1688 2270 1757 2339 τῇ

179 2355 280 2426 τῆς
328 2356 640 2426 προσευχῆς
692 2355 1014 2426 προσεδρίᾳ.
1057 2355 1148 2407 Ἐν
1198 2355 1371 2425 ταύτῃ
1419 2353 1529 2425 γὰρ
1567 2353 1760 2423 διημε-

183 2443 360 2516 ρεύων
389 2461 448 2497 τε
477 2445 572 2497 καὶ
593 2444 1046 2514 διανυκτερεύων,
1079 2444 1139 2496 οὐ
1175 2442 1333 2514 μόνον
1363 2443 1464 2496 οὐκ
1487 2441 1760 2514 ἐλάμϐανε

177 2537 365 2606 κόρον,
421 2534 558 2588 ἀλλά
602 2535 698 2588 καὶ
733 2533 1070 2606 θερμότερον
1109 2534 1200 2588 τὸν
1241 2534 1404 2588 πόθον
1453 2534 1758 2605 εἰργάζετο.

190 2625 358 2679 Ἀλλὰ
414 2626 510 2680 καὶ
556 2627 673 2688 τοῖς
722 2625 860 2696 πρὸς
909 2625 1072 2680 αὐτὸν
1114 2624 1171 2678 δέ
1229 2641 1295 2693 γε
1343 2623 1762 2694 ἀφικνουμένοις

172 2714 339 2782 ὀλίγα
371 2713 510 2768 άττα
540 2713 948 2784 διαλεγόμενος,
991 2714 1258 2783 κατάγειν
1284 2715 1349 2768 ἐκ
1380 2713 1488 2767 τῶν
1517 2712 1762 2784 οὐρανῶν

167 2802 283 2856 οὐκ
330 2802 577 2873 ἠνείχετο
634 2801 735 2874 τὴν
787 2801 1066 2856 διάνοιαν·
1131 2801 1246 2855 ἀλλ’
1304 2799 1470 2864 εὐθὺς
1539 2799 1763 2853 ἐκείνων

163 2893 685 2962 ἀπαλλαττόμενος,
751 2891 827 2955 ὡς
879 2893 1014 2963 μηδέ
1073 2892 1212 2963 πρὸς
1253 2891 1428 2964 βραχύ
1475 2891 1764 2963 χωρισθεὶς

163 2982 279 3036 τοῦ
301 2982 408 3035 τῶν
431 2983 568 3036 ὅλων
605 2983 768 3046 Θεοῦ,
799 2983 963 3036 πάλιν
998 2983 1095 3054 τὴν
1134 2983 1370 3037 ἱκετείαν
1402 2983 1760 3053 προσέφερεν.

183 3071 420 3144 Ἐπειδὴ
462 3073 519 3127 δέ
550 3073 652 3144 τὴν
700 3073 924 3144 διηνεκῆ
960 3073 1150 3127 στάσιν
1204 3073 1266 3126 τὸ
1309 3074 1488 3144 γῆρας
1542 3073 1764 3136 ἀλύπως

169 3165 374 3238 φέρειν
399 3165 501 3219 οὐκ
531 3165 640 3233 εἴα,
665 3165 906 3236 ἔρεισμα
931 3164 1105 3236 τούτῳ
1134 3164 1233 3236 τὴν
1263 3163 1567 3236 βακτηρίαν
1592 3180 1765 3234 προσ-

170 3259 373 3329 έφερε,
411 3259 506 3311 καὶ
535 3257 708 3329 ταύτῃ
740 3257 1204 3328 προσκλινόμενος
1233 3255 1396 3326 ὐμνει
1437 3255 1546 3329 τοι
1558 3255 1766 3308 Δεσπό-

168 3315 301 3421 τηὶιν⁸
339 3315 434 3404 καὶ
467 3315 998 3422 ηὐχετοῗΦιλοξενίᾳ
1025 3315 1083 3403 δὲ
1135 3315 1415 3420 πρὸς-τοῖς
1445 3315 1626 3411 ἄλλοις
1671 3365 1764 3400 κο-

172 3439 494 3509 σμούμενος
531 3439 776 3507 ἀγαθοῖς,
838 3439 1022 3511 μένειν
1075 3438 1176 3508 τὴν
1240 3437 1482 3506 ἑσπέραν
1539 3436 1767 3501 πολλοὺς

171 3530 293 3586 τῶν
343 3530 418 3594 ὡς
466 3531 630 3583 αὐτὸν
681 3531 1102 3600 ἀφικνουμένων
1152 3529 1425 3583 ἐκέλευεν.
1467 3528 1528 3581 Οἱ
1565 3528 1622 3582 δέ
1667 3527 1764 3598 τὴν

174 3619 480 3690 παννύχιον
502 3619 669 3674 αὐτοῦ
695 3620 1298 3690 δειμαίνοντες“στάσιν,
1326 3617 1584 3690 ἀσχολίας
1610 3619 1766 3683 τινὰς

178 3712 584 3784 σκηπτόμενοι,
617 3711 728 3765 τῶν
781 3711 959 3765 πόνων
1021 3711 1163 3780 σφᾶς
1221 3711 1420 3774 αὐτοὺς
1468 3709 1762 3780 ὑπεξῆγον.

176 3803 388 3860 Τοῦτον
421 3803 514 3858 καὶ
542 3803 572 3856 ό
622 3803 795 3874 μέγας
848 3802 1058 3864 ἐκεῖνος
1110 3800 1471 3873 ὑπερηγάσθη
1531 3801 1762 3874 Μάρων,

175 3895 278 3950 καὶ
304 3897 418 3959 τοῖς
442 3894 670 3963 φοιτῶσι
703 3891 841 3962 πρὸς
879 3890 1044 3947 αὐτὸν
1093 3892 1267 3947 ἅπασι
1310 3891 1608 3964 παρηγγύα
1637 3893 1765 3964 τρέο

175 4003 324 4057 χειν,
352 3987 446 4041 καὶ
468 3986 564 4038 τοῦ
609 3983 919 4056 πρεσϐύτου
959 3984 1058 4056 τὴν
1094 3983 1348 4052 εὐλογίαν
1384 3985 1615 4054 τρυγᾷν,
1662 4000 1767 4036 πα-

174 4076 319 4145 τέρα
369 4078 462 4128 καὶ⁵
512 4075 832 4130 διδάσκαλον
872 4073 1154 4146 ὀνομάζων
1175 4114 1190 4138 ,
1223 4075 1320 4128 καὶ
1368 4074 1550 4142 πάσης
1596 4072 1765 4142 ἀρχέ-

174 4181 353 4218 τυπον
406 4165 697 4218 ἀποκαλῶν
752 4165 976 4234 ἀρετῆς.
1045 4164 1233 4232 Τούτῳ
1281 4163 1612 4233 κοινωνῆσαι
1671 4164 1766 4216 καὶ

174 4257 362 4326 ταφῆς
420 4256 828 4326 παρεκάλεσεν-
876 4241 998 4306 ἀλλ”
1031 4255 1133 4306 οὐκ
1180 4255 1372 4306 εἴασαν
1417 4254 1468 4306 ot
1512 4252 1574 4307 τὸ
1621 4253 1766 4324 ἱερὸν

173 4348 364 4400 ἐκεῖνο
384 4344 547 4416 σῶμα
577 4343 1004 4414 διαρπάσαντες,
1029 4340 1126 4394 καὶ
1160 4342 1242 4405 είς
1269 4341 1332 4394 τὸ
1365 4341 1765 4413 προειρημένον

1795 3129 1837 3186 C

1865 1901 2208 1950 meruerunt.
2249 1894 2418 1949 Aiunt
2467 1902 2648 1949 autem
2690 1896 2864 1963 illum,
2910 1913 3034 1952 cum
3070 1899 3138 1954 ad
3173 1916 3445 1958 summam

1867 1991 2206 2038 senectutem
2241 1985 2574 2053 pervenerit,
2609 1987 2802 2042 iisdem
2834 1987 3116 2045 laboribus
3161 1990 3228 2044 ad
3271 1992 3445 2062 ipsam

1866 2091 2038 2146 usque
2060 2084 2290 2132 mortem
2321 2093 2480 2132 usum
2510 2093 2654 2142 esse,
2693 2095 2872 2150 neque
2913 2089 3158 2136 extremo
3192 2082 3446 2139 adactum

1868 2167 2024 2222 senio
2064 2165 2258 2230 fuisse,
2285 2169 2303 2188 "
2334 2175 2395 2222 ut
2420 2183 2607 2223 eorum
2649 2185 2772 2239 qua:
2811 2169 2998 2240 junior
3041 2170 3254 2226 solebat
3283 2174 3446 2242 quid-

1867 2271 2031 2328 quam
2077 2257 2417 2313 immutaret.
2479 2258 2790 2329 Superabat
2849 2271 3062 2326 autem,
3122 2269 3182 2316 ut
3240 2262 3445 2328 ferunt,

1867 2363 2061 2403 omnes
2108 2348 2210 2403 aevi
2249 2349 2338 2403 sui
2369 2351 2629 2406 mortales
2686 2351 3016 2408 assiduitate
3057 2355 3349 2412 orationis.
3384 2356 3447 2411 In

1871 2438 1973 2493 hac
2005 2439 2150 2494 enim
2195 2447 2386 2496 noctes
2439 2439 2666 2510 diesque
2706 2457 3091 2515 perseverans,
3128 2461 3237 2502 non
3284 2447 3450 2502 modo

1869 2544 1979 2583 non
2007 2529 2334 2593 satiabatur,
2376 2531 2468 2585 sed
2505 2531 2835 2587 desiderium
2869 2533 3030 2588 etiam
3057 2534 3325 2592 efﬁciebat
3352 2553 3447 2592 ve-

1870 2620 2202 2675 hementius.
2257 2620 2439 2686 Quare
2490 2635 2614 2676 cum
2649 2621 2718 2679 iis
2757 2623 2850 2694 qui
2885 2625 2950 2678 ad
2982 2640 3105 2680 eum
3152 2627 3448 2684 veniebant

1871 2713 2062 2783 paucis
2088 2705 2810 2784 disserens,'c0gitationem
2843 2731 2873 2770 a
2909 2713 3231 2774 caelestibus
3270 2719 3449 2776 abdu-

1871 2819 1997 2860 cere
2021 2817 2128 2858 non
2158 2803 2508 2874 patiebatur:
2544 2805 2638 2860 sed
2673 2805 2742 2860 ab
2780 2807 2888 2863 illis
2936 2824 3062 2865 mox
3097 2811 3258 2875 liher,
3287 2811 3446 2882 quasi

1874 2911 1974 2951 nec
2025 2895 2298 2950 tantillum
2347 2911 2377 2948 a
2443 2896 2550 2951 Deo
2597 2899 2979 2954 universorum
3032 2908 3344 2972 separatus,
3381 2901 3448 2956 ad

1871 2986 2178 3041 orationem
2238 2985 2439 3040 iterum
2483 2988 2715 3043 redibat.
2758 2989 2822 3043 Et
2867 2991 3125 3059 quoniam
3159 2999 3219 3046 ut
3260 3007 3450 3062 perpe-

1875 3088 2022 3130 tuam
2057 3077 2350 3132 stationem
2383 3077 2504 3134 sine
2547 3079 2796 3152 molestia
2849 3079 3017 3135 ferret
3049 3089 3308 3138 senectus
3340 3097 3448 3138 non

1872 3167 2242 3236 permittebat,
2281 3166 2408 3222 huic
2451 3167 2824 3222 sustentandae
2879 3169 3133 3224 baculum
3173 3169 3445 3233 adhibuit,

1871 3273 1981 3328 quo
2032 3259 2258 3314 innixus
2295 3258 2486 3314 laudes
2515 3259 2747 3313 Domino
2805 3274 3109 3331 precesque
3160 3262 3440 3317 offerebat.

1873 3349 2279 3419 Hos'pitalitatis
2329 3353 2471 3405 inter
2507 3358 2702 3405 cetera
2743 3351 2885 3406 bona
2925 3353 3109 3408 studio
3159 3361 3444 3423 praestans,

1871 3443 2075 3498 multos
2113 3457 2181 3497 ex
2217 3442 2284 3498 iis
2330 3441 2426 3512 qui
2462 3440 2528 3496 ad
2565 3441 2742 3511 ipsum
2782 3442 3096 3507 veniebant,
3127 3451 3448 3514 exspectare

1871 3548 2154 3604 vesperam
2201 3531 2446 3603 jubebat.
2507 3531 2574 3585 Hi
2625 3545 2755 3586 vero
2808 3533 3125 3587 continuam
3175 3534 3296 3604 ejus
3336 3544 3445 3588 tota

1871 3632 2032 3679 nocte
2077 3625 2367 3679 stationem
2422 3620 2865 3686 reformidantes,
2922 3622 3269 3692 negotiorum
3316 3636 3455 3692 pra-

1869 3724 2019 3772 textu
2048 3715 2330 3770 laboribus
2349 3729 2407 3770 se
2425 3711 2824 3769 subducebant.
2851 3712 3009 3768 llunc
3025 3727 3257 3782 magnus
3281 3712 3446 3768 etiam

1868 3806 1960 3861 ille
1979 3806 2128 3862 Maro
2145 3805 2448 3860 admiratus
2472 3811 2558 3858 est
2585 3801 2959 3868 vehementer,
2982 3802 3450 3870 adventantesque

1869 3898 1937 3952 ad
1973 3915 2033 3954 se
2065 3913 2258 3952 omnes
2313 3895 2658 3961 hortabatur,
2691 3902 2748 3949 ut
2771 3894 2838 3950 ad
2868 3911 2993 3953 eum
3021 3908 3081 3949 se
3111 3891 3446 3956 conferrent,

1868 3991 2102 4060 ejusque
2125 3988 2509 4044 benedictione
2530 3985 2872 4052 fruerentur,
2905 3994 3115 4056 patrem
3161 3985 3313 4039 illum
3351 3999 3446 4042 v.0-

1870 4095 2003 4134 cans
2033 4087 2088 4133 et
2118 4077 2465 4148 magistrum,
2504 4084 2558 4130 et
2593 4078 2853 4130 virtutum
2893 4077 3138 4129 omnium
3170 4075 3450 4143 exemplar

1870 4170 2172 4240 appellans.
2225 4167 2366 4234 Quin
2395 4175 2450 4223 et
2475 4167 2662 4221 eodem
2695 4166 2949 4236 sepulcro
3001 4173 3061 4218 ut
3117 4165 3458 4220 conderetur.

1868 4259 2062 4315 orabat
2101 4279 2116 4311 :
2164 4257 2379 4328 1259
2428 4257 2522 4312 sed
2571 4271 2679 4310 non
2737 4254 3036 4325 permisere
3080 4256 3173 4323 qui
3230 4269 3444 4308 sacrum

1870 4349 2005 4406 illud
2061 4364 2260 4419 corpus
2300 4354 2620 4418 rapuerunt,
2668 4353 2724 4402 et
2768 4353 3130 4400 memoratum
3167 4345 3224 4399 in
3270 4345 3464 4400 locum

174 4436 384 4514 χωρίον
437 4436 899 4506 ἀποκομίσαντες.
955 4433 1012 4487 '0
1073 4433 1130 4486 δὲ
1191 4432 1476 4498 θεσπέσιος
1541 4434 1763 4498 Ζεϐινᾶς

1871 4443 2256 4511 deportarunt.
2289 4439 2483 4494 Divino
2508 4447 2690 4492 autem
2725 4437 2942 4492 Zebinte
2977 4445 3108 4492 ante
3149 4439 3303 4491 illum
3337 4437 3448 4493 vita

174 4519 650 4598 προτελευτῆσας,
691 4528 772 4589 είς
815 4525 914 4597 τὴν
963 4523 1311 4587 πελάζουσαν
1371 4525 1522 4595 αὐτῷ
1573 4525 1769 4596 κώμην

178 4616 384 4688 (Κίττα
401 4617 458 4669 δέ
476 4617 616 4690 αὕτη
637 4617 926 4686 καλεῖται),
942 4615 1051 4669 τῶν
1065 4615 1439 4686 νομιζομένων
1459 4617 1766 4686 ἀπήλαυσε,

177 4709 282 4763 καὶ
316 4710 484 4780 σηκὸν
503 4710 561 4764 δέ
599 4713 665 4782 τῇ
694 4711 840 4781 θήκῃ
879 4709 1136 4779 μέγιστον
1175 4707 1554 4779 ᾠκοδόμησαν.
1591 4710 1766 4762 Ίασιν

174 4798 294 4870 γὰρ
329 4800 619 4866 ἀναϐλύζει
647 4803 758 4864 τοῖς
794 4799 934 4870 μετά
962 4799 1200 4862 πίστεως
1239 4798 1535 4870 προσιοῦσι
1569 4817 1768 4852 παντοο

173 4889 386 4962 δαπήν.
416 4892 571 4962 Ἔχει
591 4893 648 4946 δὲ
679 4892 774 4946 νῦν
800 4893 895 4946 καὶ
925 4891 1206 4962 μάρτυρας
1239 4891 1587 4961 ὁμοροφίους,
1613 4893 1764 4964 παρὰ

176 4981 434 5054 Πέρσαις
467 4984 566 5054 μέν
589 4968 1022 5054 ἠγωνισμένους,
1062 4982 1299 5053 ἐτησίοις
1329 4983 1386 5036 δέ
1423 4985 1767 5057 πανηγύρεσι

180 5073 324 5146 παρ’
359 5073 518 5144 ἡμῶν
547 5076 914 5145 τιμωμένους.

256 5165 373 5236 Τῆς
401 5163 590 5217 τούτου
621 5165 968 5228 διδασκαλίας
995 5164 1024 5216 ὁ
1073 5162 1246 5234 μέγας
1279 5163 1561 5234 ἀπήλαυσε
1596 5165 1768 5218 Holu-

173 5256 437 5328 χρόνιος·
471 5257 566 5311 καὶ
613 5259 642 5310 ὁ
687 5256 963 5319 θειότατος
1006 5255 1063 5307 δέ
1113 5254 1370 5317 Ἰάκωϐος
1417 5256 1607 5310 τοῦτον
1664 5257 1769 5326 ἔφη

175 5348 408 5420 πρῶτον
450 5349 689 5422 τρίχινον
737 5348 888 5419 αὐτῷ
916 5347 1205 5401 δεδωκέναι
1251 5347 1471 5417 χιτῶνα.
1529 5348 1670 5418 Ἐγὼ
1712 5350 1770 5402 δέ

175 5444 398 5496 ἐκεῖνον
433 5443 506 5514 μὴ
539 5443 873 5513 θεασάμενος
920 5440 1141 5492 πώποτε
1190 5440 1318 5510 (πρὸ
1361 5440 1470 5513 γὰρ
1499 5442 1599 5512 τῆς
1630 5443 1772 5512 ἐμῆς

75 5599 82 5605 ⁸
174 5532 427 5603 ἀφίξεως
452 5533 546 5586 τοῦ
571 5534 686 5604 βίου
718 5531 1145 5605 προκατειλήφει
1172 5530 1232 5582 τὸ
1263 5531 1486 5603 τέρμα),
1517 5535 1574 5587 ἐν
1603 5534 1775 5586 Πολυ-

174 5623 390 5696 χρονίῳ
427 5623 604 5694 τούτῳ
632 5625 712 5694 τῷ
736 5623 876 5679 πάνυ
904 5625 1006 5694 τὴν
1042 5620 1137 5674 τοῦ
1169 5620 1312 5674 θείου
1338 5623 1534 5677 Ζεϐινᾶ
1561 5624 1774 5694 φιλοσο-

177 5713 322 5783 φίαν
368 5712 498 5784 δρῶ.
535 5715 610 5768 Οὐ
646 5714 754 5785 γὰρ
783 5714 954 5778 οὕτως
983 5713 1011 5765 ὁ
1036 5711 1204 5782 κηρὸς
1243 5711 1336 5766 τοῦ
1367 5715 1651 5771 δακτυλίου
1682 5716 1772 5770 τὸν

1872 4530 2064 4585 funt-to
2127 4529 2359 4584 vicinam
2422 4527 2566 4600 apud
2623 4527 2828 4582 Cittam
2881 4526 3029 4596 justa
3076 4526 3221 4582 facta
3276 4538 3445 4583 sunt:

1874 4623 2247 4691 templumque
2283 4621 2466 4674 loculo
2515 4619 2635 4689 ejus
2683 4619 2982 4673 maximqu
3022 4619 3443 4675 inazdificarunt.

1871 4712 2201 4766 Curationes
2233 4711 2380 4766 enim
2423 4709 2673 4766 diversas
2705 4717 2930 4781 praastat
2963 4711 3032 4766 iis
3061 4711 3153 4780 qui
3189 4728 3311 4766 cum
3345 4711 3450 4768 flde

1872 4804 2165 4858 accedunt.
2218 4802 2334 4858 Sub
2386 4803 2692 4873 eodemque
2736 4811 2880 4857 tecto
2905 4803 3235 4872 conjunctos
3282 4805 3446 4860 etiam

1873 4909 2022 4948 nunc
2079 4893 2242 4947 habet
2294 4901 2584 4962 martyres,
2626 4892 2720 4962 qui
2779 4891 2923 4962 apud
2970 4892 3171 4948 Persas
3224 4893 3466 4964 quidem

1873 4983 2245 5047 decertarunt,
2293 4981 2436 5052 apud
2490 4995 2593 5035 nos
2651 4996 2778 5035 vero
2825 4983 3025 5037 annuis
3082 4983 3452 5038 conventibus

1875 5075 2239 5130 honorantur.

1945 5165 2121 5236 Hujus
2139 5164 2442 5234 disciplinae
2467 5165 2737 5235 particeps
2770 5164 2874 5220 fuit
2899 5178 3130 5235 magnus
3146 5162 3457 5231 Polychro-

1873 5259 2040 5313 nius:
2081 5257 2176 5314 scd
2213 5265 2268 5311 ct
2297 5256 2682 5312 divinissimus
2715 5256 2954 5312 Jacobus
2995 5257 3142 5310 hunc
3179 5257 3282 5312 sibi
3338 5259 3448 5328 pri-

1874 5371 2017 5409 mam
2056 5354 2334 5410 cilicinam
2373 5353 2614 5408 tunicam
2673 5353 2891 5408 dedisse
2932 5352 3089 5408 dixit.
3146 5350 3260 5421 Ego
3294 5367 3447 5419 vero,

1873 5445 1967 5515 qui
1991 5460 2116 5500 eum
2143 5447 2422 5514 nunquam
2453 5444 2562 5499 vidi
2595 5444 2926 5507 (decesserat
2956 5443 3100 5498 enim
3128 5442 3446 5513 priusquam

1874 5536 2162 5604 venirem),
2192 5535 2246 5588 in
2283 5538 2383 5589 hoc
2422 5549 2618 5604 magno
2643 5533 3008 5603 Polychronio
3036 5531 3254 5587 Z'ebinte
3275 5531 3453 5602 philo-

1876 5625 2122 5696 snphiam
2161 5623 2467 5694 conspicio.
2501 5621 2613 5676 Nec
2646 5623 2790 5676 enim
2837 5620 3022 5674 annuli
3064 5619 3289 5690 ﬁguram
3319 5635 3450 5674 cera

1878 5717 1955 5772 sic
1977 5716 2251 5784 exprimit,
2284 5724 2342 5772 ut
2376 5715 2464 5769 hic
2495 5715 2643 5769 illius
2675 5713 3030 5770 characteres.
3054 5710 3220 5766 refert
3252 5729 3266 5764 :
3302 5709 3452 5782 quod
