3898 6196
226 257 367 328 1461

1480 265 1887 326 RELlGIOSA
1909 262 2293 327 HISTORIA.

3361 253 3492 326 1462

223 378 421 446 χρείαν
459 376 618 446 δῆθεν
647 377 920 448 δεόμενος,
950 377 1156 451 ταύτην
1198 378 1292 431 καί
1331 378 1548 450 νύκτωρ
1591 379 1802 433 ἐπετὶθτ

1919 378 2063 434 hanc
2089 377 2336 434 humeris
2358 383 2526 433 noctu
2543 375 2879 449 imponebat,
2912 385 2967 434 et
2987 378 3090 434 hac
3109 385 3346 436 onustus
3374 392 3498 433 ora-

221 469 343 530 τοῐς
373 465 567 537 ὤμοις,
619 468 710 521 καί
752 467 1108 539 ἐπικειμένης
1149 469 1512 541 προσηύχετο,
1542 471 1635 523 καὶ
1688 465 1815 541 μεθ’

221 557 445 629 ἡμέραν
471 558 764 612 ἀπολαύων
810 559 1029 630 σχολῆς.
1089 559 1514 631 ’Δφικνουμένου
1560 560 1615 614 δέ
1648 579 1811 624 τινος.

222 649 325 699 καὶ
353 650 452 720 τὴν
483 649 656 720 θύραν
679 651 1070 714 πατάσσοντος,
1126 650 1183 704 εν
1237 669 1343 705 τινι
1383 652 1568 725 χωρίῳ
1607 654 1814 724 ταύτην

223 741 596 812 κατέκρυπτε.
632 742 850 815 Ταύτην
896 743 986 814 μοί
1020 759 1105 807 τις
1144 743 1394 810 ἀπέδειξε
1437 745 1771 816 θεασάμενος
1794 762 1808 777 °

223 831 326 883 καὶ⁹
352 833 551 900 γνῶναι
581 833 862 904 βουληθεὶς
884 835 944 888 τὸ
971 835 1190 906 φορτίον
1208 837 1426 900 ὁπόσον,
1457 837 1608 908 μόλις
1631 839 1811 908 ἀμφο-

220 925 412 993 τέραις
465 923 692 997 ῂώρησα
747 929 871 988 ταῖς
904 928 1110 998 χερσίν.
1178 928 1238 982 Ὀ
1267 929 1323 982 δέ
1366 947 1433 1000 με
1473 930 1812 1000 θεασάμενος

219 1019 446 1084 ἀφεῖναι
472 1017 744 1072 ἐκέλευεν.
792 1018 934 1087 Ἐγὼ
964 1019 1021 1072 δὲ
1056 1021 1451 1094 ἀντελιπάρουν
1487 1023 1690 1087 λαϐεῖν,
1723 1024 1811 1076 ἵνα

219 1108 411 1177 κλέψω
451 1109 546 1162 τοῦ
598 1110 761 1163 πόνου
795 1110 894 1181 τὴν
945 1111 1240 1181 πρόφασιν.
1288 1113 1376 1176 Ὠς
1426 1115 1482 1168 δὲ
1509 1115 1810 1186 ἀνιώμενον

216 1195 386 1266 εἶδον,
418 1201 788 1273 παρεχώρησα
817 1202 894 1273 τῷ
927 1201 1076 1273 πόθῳ
1117 1207 1215 1274 τῆς
1243 1205 1420 1275 νίκης.
1470 1207 1564 1259 Ἐκ
1605 1206 1810 1260 τούτων

214 1292 376 1362 αὑτῷ
402 1292 509 1345 τῶν
538 1293 716 1346 πόνων
754 1293 980 1346 ἐπανθεῖ
1026 1295 1120 1347 καὶ
1173 1294 1452 1360 θεόσδοτος
1501 1297 1679 1368 χάρις,
1713 1298 1809 1351 καὶ¹

216 1383 399 1436 πολλά
424 1382 678 1454 θαύματα
701 1386 820 1446 ταῖς
858 1384 1071 1437 ἐκείνου
1121 1390 1448 1457 προσευχαῖς
1478 1389 1804 1460 ἐνεργεῖται.

215 1473 334 1526 Καὶ
383 1476 490 1546 γάρ
542 1475 706 1546 ἡνίκα
745 1478 773 1529 6
805 1475 1038 1546 χαλεπὸς
1081 1479 1287 1542 ἐκεῖνος
1335 1481 1544 1550 αὐχμὸς
1593 1481 1808 1552 τρύχων

213 1567 351 1628 τοὺς
385 1565 709 1638 ἀνθρώπους
737 1567 817 1630 εἰς
843 1568 1053 1620 ἱκεσίαν
1080 1569 1377 1640 διήγειρεν.
1411 1572 1640 1639 ἀφίκετο
1669 1575 1806 1642 πρὸς

215 1657 386 1708 αὑτὸν
409 1657 598 1729 ἱερέων
625 1656 829 1727 πλῆθος
855 1674 868 1687 ⁸
905 1659 1069 1728 συνῆν
1095 1659 1153 1711 δέ
1183 1662 1391 1725 τούτοις
1423 1663 1519 1716 καὶ
1547 1664 1644 1732 τῆς
1686 1665 1804 1716 Ἀν-

1915 469 2009 524 bat
2043 488 2054 524 :
2090 469 2330 526 interdiu
2359 483 2489 526 vero
2516 469 2684 526 etiam
2705 511 2720 537 ,
2751 485 2878 524 cum
2917 470 3172 526 vacabat.
3201 469 3340 526 Cum
3363 483 3496 526 vero

1914 561 2210 618 accedebat
2240 561 2443 633 aliquis
2464 602 2479 627 ,
2510 572 2566 617 et
2591 562 2790 618 ostium
2827 562 3108 634 pulsabat,
3151 577 3274 618 eam
3299 563 3357 616 in
3389 562 3494 616 ali-

1911 667 2026 723 quo
2068 653 2189 708 loco
2226 652 2622 709 abscondebat.
2661 651 2814 708 Hanc
2836 654 3194 724 conspicatus
3228 652 3454 724 quidam
3476 693 3491 715 ,

1913 745 2048 800 mibi
2100 760 2322 816 quoque
2371 744 2674 812 indicavit;
2724 753 2780 800 et
2814 761 2938 800 cum
2973 746 3265 816 explorare
3301 745 3494 800 vellem

1912 833 2105 904 quanti
2163 847 2309 892 esset
2365 836 2663 906 ponderis,
2730 837 3003 892 ambabus
3064 852 3186 892 eam
3239 835 3494 891 manibus

1911 938 2054 992 aegre
2104 925 2325 981 sustuli.
2368 924 2527 991 Quod
2558 925 2650 980 ille
2692 923 3179 991 animadvertens,
3212 925 3497 981 dimittere

1906 1017 2097 1085 jussit.
2132 1017 2248 1087 Ego
2283 1026 2476 1072 contra
2513 1017 2743 1072 orabam
2792 1027 2849 1072 ut
2900 1017 3120 1073 auferre
3160 1017 3403 1084 sineret,
3435 1026 3494 1072 ut

1909 1109 2120 1165 laboris
2157 1110 2510 1165 occasionem
2553 1110 2851 1182 eriperem.
2886 1109 2995 1165 Sed
3032 1124 3160 1166 cum
3191 1111 3346 1165 illum
3375 1126 3495 1166 mo—

1911 1201 2046 1257 leste
2091 1201 2145 1255 id
2202 1199 2349 1256 ferre
2394 1199 2682 1266 viderem,
2717 1201 2865 1257 cessi
2912 1203 3162 1258 victoriae
3193 1200 3492 1257 desiderio.

1907 1287 1983 1345 Ex
2032 1290 2120 1347 his
2170 1290 2252 1345 illi
2294 1289 2582 1346 laboribus
2623 1289 2863 1346 eﬂioruit
2906 1291 3174 1348 divinitus
3225 1305 3502 1347 concessa.

1907 1381 2124 1451 gratia,
2169 1381 2462 1452 multaque
2513 1381 2636 1451 ejus
2693 1383 2953 1452 precibus
3011 1383 3149 1437 fiunt
3203 1384 3510 1438 miracula..

1909 1471 2126 1527 Etenim
2156 1487 2283 1527 cum
2325 1475 2508 1545 gravis
2547 1475 2641 1528 illa
2674 1474 2941 1538 siccitas,
2974 1489 3097 1546 qua:
3125 1475 3379 1531 homines
3409 1476 3492 1530 af-

1907 1562 2133 1635 ﬂigebat
2154 1603 2172 1632 ,
2206 1565 2273 1620 ad
2314 1580 2511 1636 preces
2540 1567 2815 1631 incitaret,
2848 1565 3001 1620 venit
3043 1566 3110 1620 ad
3143 1581 3267 1621 eum
3295 1581 3498 1636 magna

1905 1656 2073 1711 turba
2134 1659 2483 1712 sacerdotum
2523 1676 2536 1712 :
2573 1673 2699 1713 cum
2756 1657 2962 1728 quibus
3005 1668 3058 1714 et
3105 1659 3330 1730 quidam
3376 1661 3500 1714 erat’

213 1748 449 1816 τιοχέων
475 1766 556 1810 τις
583 1748 787 1819 χώρας,
817 1748 1010 1819 κώμας
1059 1751 1262 1815 πολλὰς
1304 1753 1609 1823 ποιμαίνειν
1645 1772 1802 1808 τετα-

1913 1746 2275 1804 Antiocheam
2307 1750 2584 1820 regionis,
2617 1750 2711 1821 qui
2755 1751 2958 1807 multos
2999 1751 3154 1806 vicos
3186 1759 3380 1821 pastor
3407 1766 3495 1804 re-

215 1841 442 1908 γμένος.
471 1833 639 1903 υὺτος
664 1840 771 1893 τῶν
811 1841 1094 1912 παρόντων
1134 1845 1262 1907 τοὺς
1305 1845 1655 1915 γεραιτέρους
1693 1847 1806 1900 ἰκέ-

214 1947 364 1995 σιευε,
407 1934 589 1984 πεῖσαι
616 1933 706 1986 τὸν
746 1932 946 2004 ἄνδρα,
979 1932 1221 2006 ληκυθίῳ
1258 1936 1364 1988 τινὶ
1412 1937 1675 1990 ἐπιθεῖναι
1709 1938 1807 2010 τὴν

209 2020 421 2085 δεξιάν.
457 2021 576 2074 Τῶν
623 2022 680 2075 δὲ
734 2025 1034 2094 εἰρηκότων
1083 2025 1158 2088 ὼς
1187 2027 1286 2079 οὑκ
1331 2026 1603 2094 ἀνέξεται,
1639 2029 1806 2100 εὐχῆς

215 2113 363 2184 μετά
391 2113 564 2167 ταῦτα
584 2115 894 2185 γινομένης,
926 2118 1020 2169 καὶ
1045 2117 1144 2186 τῆς
1183 2116 1479 2181 θεσπεσίας
1511 2136 1601 2190 μοι
1632 2137 1804 2188 κεφα-

214 2204 318 2274 λῆς
347 2206 810 2278 προσευχομένης,
842 2207 1064 2262 ὄπισθεν
1088 2209 1295 2271 ἐκεῖνος
1319 2208 1491 2272 ἐστὼς
1516 2209 1801 2281 προύτεινε

217 2299 340 2360 ταῖς
368 2297 461 2351 δύο
490 2298 646 2368 χερσὶ
670 2299 730 2352 τὸ
761 2298 1040 2369 ληκύθιον.
1081 2301 1156 2354 Τὸ
1183 2301 1240 2355 δέ
1261 2301 1575 2367 ἀνέϐλυσεν,
1613 2303 1688 2368 ῶς
1713 2305 1805 2359 δύο

215 2390 314 2443 καὶ
365 2393 511 2460 τρεῖς
553 2389 663 2443 τῶν
711 2393 994 2462 παρόντων
1033 2394 1270 2446 ἐκτεῖναι
1317 2394 1416 2456 τὰς
1461 2397 1669 2464 χεῖρας,
1707 2399 1804 2451 καὶ

215 2482 656 2552 πεπληρωμένας
683 2481 885 2546 ταύτας
922 2482 1017 2536 τοῦ
1044 2483 1223 2538 ἐλαίου
1251 2484 1452 2539 λαϐεῖν.
1489 2485 1626 2538 Ἀλλ’
1653 2487 1802 2558 ὅμως

209 2575 310 2627 καὶ
339 2573 439 2641 τῆς
459 2573 610 2637 θείας
652 2574 875 2645 χάριτος
905 2576 1065 2642 ἀφεὶς
1094 2577 1192 2638 τάς
1215 2576 1467 2643 ἀκτῖνας,
1493 2577 1588 2630 καὶ
1610 2596 1804 2632 παντο-

204 2664 406 2727 δαποῖς
444 2662 834 2735 κατορθώμασι
859 2663 1082 2734 βρίθων,
1114 2666 1210 2719 καὶ
1237 2667 1508 2739 ὁσημέραι
1529 2669 1803 2739 συλλέγων

202 2754 318 2825 τ’ἧς
350 2756 668 2826 φιλοσοφίας
697 2757 788 2811 τὸν
811 2757 1061 2822 πλοῦτον,
1089 2757 1262 2822 οὕτως
1301 2759 1419 2812 ἐστὶ
1457 2759 1519 2812 τὸ
1547 2762 1804 2833 φρόνημα

201 2844 464 2916 μέτριος,
517 2847 593 2908 ὡς
633 2845 867 2900 ἐκάστου
910 2847 1018 2900 τῶν
1054 2847 1129 2913 ὡς
1183 2849 1349 2904 αὑτὸν
1387 2851 1801 2923 ἀφικνουμένων

203 2938 389 3007 ἄμφω
415 2936 494 2989 τὼ
521 2938 649 2990 πόδε
689 2939 1179 3010 περιπτύσσεσθαι,
1209 2943 1302 2996 καὶ
1327 2943 1389 2995 τὸ
1419 2944 1668 3013 μέτωπον
1689 2947 1802 2998 ἐπι⁹

203 3028 426 3082 τιθέναι
463 3031 527 3099 τῇ
561 3032 658 3101 γῇ,
704 3032 814 3083 εἴτε
872 3031 1234 3103 στρατιώτης,
1280 3033 1391 3094 εἴτε
1431 3035 1798 3107 χειροτέχνης,

206 3119 330 3172 εἴτε
353 3087 754 3191 ἀγροὶκόςνεῑη.
794 3087 1135 3190 Διηγησομαι
1254 3139 1329 3184 τι,
1367 3087 1463 3175 καῖ
1501 3087 1602 3195 τὴν
1827 3087 1870 3144 C

205 3227 356 3278 τητα
384 3211 479 3264 καί
507 3211 606 3280 τὴν
649 3211 978 3281 μετριότητα
1024 3212 1189 3266 αὑτοῦ
1226 3211 1434 3280 διδάξαι
1476 3213 1796 3285 δυνάμενον.

221 3304 397 3374 ⁴Ανήρ
417 3319 502 3366 τις
531 3301 836 3366 σπουδαῖος,
861 3302 1014 3355 τοῦδε
1039 3301 1132 3356 τοῦ
1157 3301 1345 3366 ἔθνους
1377 3301 1475 3374 τὴν
1501 3304 1800 3374 ἠγεμονίαν

211 3393 418 3464 λαχὼν,
450 3394 545 3446 καὶ
573 3392 672 3463 τὴν
709 3394 890 3463 Κῦρον
920 3392 1265 3457 καταλαϐὼν,
1296 3394 1393 3447 σὺν
1423 3395 1548 3464 ἐμοὶ
1571 3395 1673 3464 τῆς
1693 3395 1801 3449 τῶν

219 3483 476 3554 μεγάλων
505 3483 707 3537 τούτων
735 3483 982 3554 ἀθλητῶν
1007 3483 1312 3539 ἀπολαῦσαι
1343 3482 1580 3555 θεωρίας
1601 3485 1801 3556 ἠθέλη-

217 3591 302 3627 σε.
345 3573 480 3636 Τοὺς
507 3571 698 3636 ἄλλους
731 3573 911 3625 τοίνυν
943 3574 1453 3643 περινοστήσαντες,
1487 3573 1800 3644 ἀφικόμεθα

217 3668 314 3720 καὶ
347 3665 499 3735 παρὰ
547 3662 755 3727 τούτον,
801 3659 861 3716 οὑ
896 3664 990 3717 νῦν
1029 3666 1128 3734 τὴν
1182 3665 1381 3734 ἀρετὴν
1411 3666 1796 3736 ἁφηγούμεθα.

230 3757 396 3829 Ἐμοῦ
426 3759 606 3812 τοίνυν
627 3758 929 3830 εἰρηκότος,
961 3758 1035 3819 cii;
1057 3758 1281 3828 ἡγεμών
1310 3760 1457 3810 ἐστιν
1491 3759 1520 3810 ὁ
1555 3762 1650 3812 σὺν
1677 3761 1802 3829 ἐμοὶ

217 3851 684 3921 παραγενόμενος,
716 3851 812 3902 καὶ
838 3848 932 3902 τοῦ
961 3849 1170 3903 δικαίου
1197 3852 1540 3920 φροντιστὴς,
1569 3853 1662 3904 καὶ
1687 3850 1798 3905 τῶν

219 3941 459 3996 εὐσεϐῶν
493 3943 747 4014 ἐραστὴς,
769 3941 930 4004 εὐθὺς
955 3942 982 3992 6
1010 3940 1295 4003 θεσπέσιος
1322 3941 1606 4010 ἄνθρωπος
1632 3943 1800 4010 ἄμφω

218 4032 296 4085 τὼ
329 4035 478 4102 χεῖρε
515 4034 820 4104 προτείνας,
856 4033 946 4085 καὶ
977 4033 1180 4100 ἀμφοῖν
1212 4033 1326 4083 τοῖν
1358 4032 1539 4083 ποδοῖν
1569 4031 1800 4101 λαϐόμε-

217 4141 338 4186 νος,
376 4140 394 4173 ι
433 4122 657 4192 Δίτησίν
677 4140 817 4181 τινα,
847 4122 975 4189 ἔφη,
1007 4121 1442 4188 ἐπαγγείλασθαί
1472 4138 1554 4174 σοι
1583 4121 1740 4177 θέλω.
1775 4143 1794 4174 ι

219 4212 325 4264 Τοῦ
349 4211 405 4263 δὲ
432 4210 552 4263 λίαν
583 4209 1029 4280 δυσχεράναντος,
1059 4209 1152 4260 καὶ
1173 4208 1491 4264 ἀνίστασθαι
1527 4211 1797 4266 ἱκετεύονο

219 4321 330 4365 τοέ,
365 4303 457 4355 καὶ
488 4303 736 4372 ποιήσειν
762 4301 789 4353 ὃ
821 4317 872 4353 τι
904 4299 969 4352 ἂν
1003 4299 1314 4352 κελεύσειεν
1368 4301 1798 4372 ὑπισχνουμένου

221 4393 472 4466 (ἐτόπαζε
497 4391 605 4462 γὰρ
623 4390 783 4444 αὑτὸν
807 4390 933 4459 περί
963 4406 1102 4452 τινος
1125 4388 1234 4441 τῶν
1265 4389 1522 4461 ὑπηκόων
1547 4410 1800 4464 παρακα-
1832 4424 1876 4477 D

219 4484 377 4547 λεῖνρ,
410 4481 510 4552 ἔφη
544 4485 572 4536 6
609 4481 893 4545 θεσπέσιος
927 4481 1231 4550 ἄνθρωπος’
1275 4499 1294 4532 ι
1332 4483 1539 4537 Οὐκοῦν
1578 4485 1795 4555 ἐπειδή-

222 4593 327 4644 περ
368 4575 624 4644 ὑπέσχου,
664 4574 758 4626 καὶ
786 4574 934 4642 ὅρκῳ
964 4572 1062 4642 τὴν
1108 4573 1402 4643 ὑπόσχεσιν
1437 4574 1794 4638 ἐϐεϐαίωσας,

223 4667 522 4729 σπουδαίως
556 4665 653 4727 τὰς
687 4664 827 4734 ὑπὲρ
853 4663 986 4734 ἐμοῦ
1010 4663 1088 4734 τῷ
1117 4665 1236 4733 Θεῷ
1260 4665 1590 4735 προσένεγκε
1627 4684 1796 4737 προει-⁹

220 4759 406 4828 ευχάς.
442 4776 461 4808 ι
509 4757 570 4810 '0
594 4755 650 4810 δὲ
678 4755 745 4808 τὰ
780 4757 1008 4825 μέτωπα
1039 4754 1258 4807 τύπτων
1289 4756 1497 4808 ἱκέτευε
1524 4756 1680 4809 λῦσαι
1708 4759 1799 4811 τὸν

219 4849 403 4918 ὅρκον.
445 4848 519 4911 ὼς
553 4849 652 4900 οὑκ
683 4845 980 4917 ἀξιόχρεως
1032 4843 1106 4897 ῶν
1145 4846 1266 4899 οὑδὲ
1310 4847 1411 4907 τὰς
1461 4847 1600 4918 ὑπὲρ
1632 4850 1798 4902 αὑτοῦ

224 4940 459 5002 ἱκετείας
510 4940 588 5009 τῷ
640 4940 886 5009 Δεσπότη
939 4938 1290 5008 προσφέρειν.
1346 4939 1450 4991 Τὸν
1479 4942 1535 4990 ἐν
1562 4941 1799 5009 τοσούτῳ

222 5031 403 5083 τοίνυν
433 5029 746 5097 φιλοσοφίας
777 5028 902 5098 ὑψει
929 5028 1198 5097 τοσαύτην
1233 5028 1423 5098 ἔχοντα
1469 5030 1564 5082 τοῦ
1601 5033 1801 5100 φρονή-

225 5139 390 5193 ματος
431 5122 780 5192 μετριότητα,
822 5125 971 5184 ποῖος
1014 5121 1078 5172 ἂν
1123 5121 1279 5189 λόγος
1317 5123 1635 5192 εὑφημῆσαι
1665 5124 1799 5193 πρὸς

221 5214 378 5280 ἀξίαν
407 5213 694 5284 ἀρκέσειε;
727 5214 928 5268 Τούτου
959 5213 1055 5284 τὴν
1095 5213 1409 5282 φιλοπονίαν
1447 5215 1567 5267 οὑδὲ
1608 5233 1800 5267 παντο-

219 5305 367 5358 δαπά
401 5305 781 5375 προσπεσόντα
833 5305 1080 5374 διήλεγξε
1137 5305 1305 5373 πάθη,
1347 5306 1462 5358 ἀλλ’
1502 5307 1605 5358 ὑπὸ
1644 5307 1798 5358 νόσου

223 5397 472 5466 ποικίλης
490 5395 966 5465 πολιορκούμενος,
989 5397 1098 5448 τῶν
1122 5397 1299 5450 αὑτῶν
1323 5397 1498 5450 πόνων
1526 5400 1796 5467 ἀνέχεται.

224 5489 444 5550 Πολλοῖς
467 5487 523 5540 δέ
546 5487 802 5549 πολλάκις
829 5489 1160 5556 χρησάμενοι
1184 5489 1386 5556 λόγοις,
1414 5492 1570 5559 μόγις
1595 5493 1798 5543 τουτονὶ

224 5581 312 5631 τοι
341 5581 583 5632 οἰκίσκον
624 5579 1115 5648 ‹ξ›κοδομησάμεθα,
1147 5580 1346 5642 θάλπος
1370 5584 1546 5648 ὀλίγον
1587 5583 1660 5648 τῷ
1699 5582 1800 5634 σώ-

226 5689 353 5738 ματι
403 5673 631 5740 πάμπαν
671 5672 1064 5741 κατι-ξυγρ.ἐν‹.;›
1115 5675 1580 5742 μηχανησάμενοι.
1615 5674 1798 5744 Τούτῳ

1911 1840 2098 1908 gebat.
2137 1839 2238 1894 Hie
2271 1843 2573 1896 astantium
2610 1845 2860 1900 seniores
2903 1845 3166 1915 rogabat,
3193 1845 3339 1922 _viro
3370 1860 3496 1915 per-

1909 1931 2231 1995 suaderent,
2267 1939 2327 1985 ut
2357 1934 2574 1988 cuidam
2608 1935 2826 2006 lecytbo
2868 1936 3119 1992 dextram
3160 1937 3487 2007 imponeret.

1909 2021 2065 2088 Quod
2099 2023 2255 2076 illum
2292 2025 2526 2080 minime
2557 2026 2830 2083 facturum
2859 2044 2982 2083 cum
3009 2029 3313 2093 dixissent,
3355 2028 3488 2083 dum

1910 2129 2106 2184 preces
2142 2115 2384 2184 posthaec
2415 2116 2629 2178 fierent,
2663 2128 2716 2172 et
2746 2120 3123 2173 venerandum
3163 2119 3297 2173 mihi
3322 2129 3490 2190 caput

1914 2203 2128 2276 1262
2160 2216 2379 2270 oraret,
2411 2207 2529 2277 ipse
2570 2219 2718 2264 retro
2752 2219 2909 2266 stans
2945 2211 3223 2282 lecythum
3257 2223 3494 2284 utraque

1911 2309 2080 2349 manu
2130 2297 2425 2366 porrexit:
2479 2298 2574 2366 qui
2629 2300 2703 2352 ita
2759 2308 2976 2356 scatere
3020 2303 3222 2371 coepit,
3269 2312 3330 2358 ut
3380 2305 3492 2360 duo

1911 2391 2094 2440 tresve
2131 2401 2199 2440 ex
2249 2387 2317 2443 iis
2363 2388 2457 2458 qui
2502 2388 2732 2443 aderant
2776 2406 2975 2445 manus
3005 2393 3401 2460 extenderent,
3436 2404 3492 2451 et

1911 2473 2033 2526 oleo
2067 2474 2260 2543 plenas
2304 2474 2596 2531 referrent.
2631 2479 2886 2533 Attamen
2923 2481 3049 2534 licet
3075 2485 3268 2552 gratia:
3297 2483 3492 2539 fundat

1907 2564 2128 2627 radios,
2174 2575 2228 2620 et
2273 2568 2497 2623 eximiis
2547 2569 2796 2624 omnium
2854 2586 3116 2640 generum
3175 2576 3491 2632 actionibus

1906 2653 2146 2724 polleat,
2179 2657 2499 2727 etquotidie
2525 2674 2666 2729 opus
2695 2671 2891 2731 augeat
2915 2661 3302 2732 philosOphiae,
3337 2671 3487 2720 tanta

1905 2755 1991 2801 est
2071 2748 2242 2803 animi
2315 2750 2614 2817 modestia,
2688 2760 2747 2806 ut
2829 2753 3170 2824 singulorum
3245 2758 3337 2826 qui
3420 2759 3489 2812 ad

1904 2853 2033 2893 eum
2065 2841 2292 2896 veniunt
2324 2842 2490 2912 pedes
2525 2844 2923 2914 amplectatur,
2968 2856 3020 2899 et
3057 2855 3215 2901 terra:
3251 2848 3488 2905 frontem

1907 2927 2186 2999 imponat,
2225 2946 2323 2987 seu
2352 2933 2538 2997 miles,
2571 2949 2669 2988 seu
2700 2933 2882 3004 cpifex
2916 2937 2961 2988 is
3004 2937 3164 2990 fuerit
3187 2977 3202 2998 ,
3236 2951 3331 2993 seu
3362 2953 3483 2993 ruso

1904 3021 2070 3076 ticus.
2120 3021 2250 3076 llem
2287 3026 2780 3091 commemorabo,
2831 3043 2954 3097 quae
2982 3036 3035 3083 et
3080 3029 3485 3099 simplicitatem

1905 3110 2026 3181 ejus
2068 3121 2124 3167 et
2179 3114 2505 3169 modestiam
2565 3116 2744 3188 possit
2808 3118 3125 3173 ostendere.
3151 3117 3486 3190 Virquidatn

1906 3206 2136 3275 probus,
2176 3205 2354 3276 gentis
2399 3205 2565 3275 hujus
2598 3208 2982 3278 praefecturam
3017 3211 3249 3266 sortitus
3278 3251 3293 3276 ,
3325 3215 3341 3232 ⁶
3382 3211 3485 3282 Cy-

1905 3309 2027 3349 rum
2079 3311 2204 3350 cum
2256 3299 2536 3364 venisset,
2591 3287 2918 3370 ma‘gnorum
2973 3301 3208 3356 istorum
3258 3303 3489 3358 athleta-

1905 3400 2027 3439 rum
2069 3395 2371 3456 conspectu
2408 3389 2516 3442 frui
2557 3404 2770 3444 mecum
2801 3391 2996 3444 voluit.
3028 3392 3169 3447 Aliis
3209 3408 3337 3446 vero
3367 3408 3486 3461 per-

1905 3476 2160 3535 lustratis
2183 3517 2197 3542 ,
2235 3479 2300 3533 ad
2328 3480 2476 3534 hunc
2510 3481 2677 3535 etiam
2719 3480 3105 3550 pervenimus,
3135 3481 3298 3551 cujus
3339 3498 3488 3536 nunc

1905 3567 1973 3623 de
2019 3570 2224 3624 virtute
2267 3585 2451 3626 sermo
2484 3570 2648 3626 nobis
2684 3580 2788 3626 est.
2821 3571 2923 3626 Cui
2962 3587 3088 3626 cum
3119 3572 3318 3626 ducem
3361 3587 3490 3628 esse

1906 3660 2170 3717 dixissem
2207 3663 2301 3732 qui
2327 3678 2539 3716 mecum
2585 3671 2846 3724 venerat,
2873 3662 3015 3732 aequi
3039 3661 3352 3727 studiosum
3378 3701 3393 3724 ,
3430 3672 3485 3717 et

1906 3763 2179 3807 amantem
2217 3753 2462 3822 piorum,
2493 3754 2677 3807 statim
2710 3754 2874 3808 homo
2901 3752 3123 3807 divinus
3157 3750 3352 3806 ambas
3374 3766 3487 3806 rna-

1903 3861 2014 3901 nus
2066 3845 2331 3908 tendens,
2395 3853 2449 3899 et
2501 3846 2694 3915 pedem
2741 3853 3041 3915 utrumque
3098 3842 3480 3914 prehendens,

1913 3954 1932 3987 ι
1985 3935 2158 3996 Volo,
2208 3937 2420 4004 inquit,
2469 3952 2497 3988 a
2539 3944 2593 3991 te
2626 3937 2911 4006 quidpiam
2963 3938 3268 4006 postulare.
3317 3954 3336 3988 ι
3390 3936 3486 3990 lllo

1908 4038 2090 4081 autem
2138 4043 2284 4095 aegre
2341 4026 2638 4080 admodum
2703 4029 2947 4090 ferente,
3019 4036 3073 4081 et
3125 4038 3182 4081 ut
3233 4015 3486 4095 surgeret

1909 4127 2131 4177 orante,
2172 4118 2556 4186 factorumque
2593 4133 2652 4171 se
2691 4117 2838 4185 quod
2878 4117 3095 4185 juberet
3130 4117 3486 4185 promittente

1908 4208 2168 4277 (putabat
2201 4208 2346 4259 enim
2379 4205 2534 4258 illum
2571 4220 2670 4274 pro
2712 4204 2899 4273 aliquo
2933 4219 3001 4257 ex
3031 4202 3270 4257 subditis
3313 4203 3484 4256 inter-

1908 4298 2166 4365 cedere),
2213 4318 2230 4349 ι
2282 4298 2553 4364 Quoniam
2585 4311 2719 4365 ergo
2746 4336 2759 4358 ,
2811 4295 2886 4350 ait
2924 4294 3009 4349 vir
3049 4293 3306 4359 divinus,
3354 4310 3481 4366 pro-

1907 4391 2107 4445 misisti
2137 4429 2150 4448 ,
2207 4399 2260 4442 et
2321 4387 2744 4457 promissionem
2793 4384 3154 4455 jurejurando
3189 4386 3482 4440 confirma»

1911 4486 2023 4544 sti,
2070 4484 2184 4536 acri
2227 4481 2413 4537 studio
2460 4495 2557 4548 pro
2596 4494 2681 4534 me
2717 4477 2826 4532 Deo
2859 4493 3050 4549 preces
3085 4478 3240 4534 olTer.
3289 4499 3308 4531 ι
3346 4477 3482 4532 Tum

1907 4576 2000 4630 ille
2045 4575 2279 4629 frontem
2320 4573 2526 4627 feriens
2575 4571 2902 4626 obsecrabat
2956 4581 3016 4625 ut
3064 4570 3378 4640 juramento
3425 4586 3484 4625 se

1909 4668 2255 4732 absolveret,
2291 4677 2348 4720 ut
2399 4666 2490 4734 qui
2519 4678 2620 4718 nec
2655 4678 2753 4732 pro
2801 4664 2985 4732 scipso
3011 4663 3210 4734 dignas
3252 4662 3482 4718 Domino

1909 4760 2341 4829 preccsoll'erre
2385 4758 2579 4826 possit.
2624 4756 2762 4810 Eum
2798 4755 2968 4826 igitur
3000 4757 3092 4826 qui
3141 4756 3194 4809 in
3230 4764 3340 4808 tam
3387 4771 3482 4811 su-

1911 4853 2060 4905 blimi
2094 4849 2443 4920 philosophia
2478 4856 2684 4901 tantam
2720 4849 2892 4900 animi
2935 4846 3364 4902 moderationem
3399 4864 3483 4902 re—

1908 4948 2100 5008 tineat,
2127 4943 2339 5013 1263
2359 4957 2608 5010 quaenam
2640 4956 2738 5010 pro
2766 4940 3033 5011 dignitate
3057 4939 3282 4995 laudare
3312 4940 3484 5010 possit

1908 5031 2119 5086 oratio?
2173 5029 2481 5084 Laborandi
2541 5028 2784 5082 studium
2821 5030 2875 5083 in
2909 5044 2977 5082 co
3003 5037 3211 5082 tantum
3248 5036 3331 5083 est
3359 5069 3373 5090 ,
3422 5038 3478 5080 ut

1909 5126 2073 5180 trullis
2107 5122 2528 5192 aegritudinibus
2559 5119 2893 5189 infringatur
2930 5138 2943 5172 :
2975 5118 3067 5174 scd
3107 5119 3341 5174 di\crsis
3383 5121 3481 5173 oh-

1908 5232 2097 5270 scssus
2148 5213 2360 5270 morbis
2429 5212 2654 5267 eosdem
2716 5211 2932 5265 labores
2985 5210 3245 5266 sustinet.
3299 5208 3484 5264 Multis

1905 5319 2088 5367 autem
2125 5309 2276 5361 illum
2338 5320 2482 5374 smpe
2519 5302 2700 5358 verbis
2740 5309 2992 5363 orantes,
3054 5315 3195 5367 ψει-ο
3245 5299 3483 5354 obtinui-

1906 5419 2029 5457 mus
2064 5409 2124 5454 ttt
2160 5401 2302 5453 hanc
2341 5399 2414 5452 illi
2454 5393 2846 5462 domunculam
2879 5399 3329 5458 cxstrucremus,
3366 5409 3484 5446 cor-

1906 5495 2022 5564 pori
2066 5495 2228 5563 plano
2277 5490 2476 5560 rigenti
2525 5489 2761 5542 calorem
2794 5485 3050 5552 exiguum
3098 5493 3475 5551 procurantes.

1908 5587 2044 5638 Huic
2079 5599 2272 5636 aurum
2306 5597 2451 5650 swpe
2478 5579 2630 5633 multi
2666 5577 2747 5629 vel
2779 5576 3105 5644 superstites
3131 5576 3476 5634 obtulerunt.

1907 5677 1988 5731 vel
2029 5676 2324 5730 nmrientcs
2369 5673 2733 5742 reliquerunt.
2773 5667 2889 5736 Ipse
2924 5681 3048 5720 vero
3108 5665 3240 5720 nihil
3274 5682 3302 5721 a
3349 5682 3488 5737 quo-
