3898 6196
615 211 754 278 1463

1614 217 2100 282 TII'EODORETI
2131 222 2469 286 EPISCOPI
2500 192 2865 289 CYRENSIS

3623 255 3717 325 1464

606 341 771 398 quam
803 327 1012 398 accepit
1051 340 1326 398 unquam,
1358 326 1453 383 sed
1496 342 1687 383 eorum
1730 346 1852 400 qua:
1885 331 2162 388 affereban

2253 371 2260 392 ι
2289 335 2472 434 πολλοὶ
2500 337 2598 408 μὲν
2622 339 2878 434 πολλάκις
2904 342 3118 434 χρυσίον
3141 346 3396 416 περιόντες
3421 361 3712 434 προσηνε-(χχν.

603 428 696 474 tur
725 420 1137 491 dispensatores
1169 424 1318 490 ipsos
1347 435 1470 476 esse
1490 420 1680 491 jussit.
1719 422 2009 479 Pelliceam
2041 441 2182 495 quo-

603 526 712 582 que
743 521 950 568 vestem
981 513 1049 567 ab
1077 513 1264 582 aliquo
1289 512 1393 568 sibi
1424 513 1642 567 allatam
1678 530 1912 586 magnus
1940 515 2182 574 Jacobus

603 603 671 658 ad
705 619 830 662 eum
857 605 1006 660 misit
1031 621 1044 656 :
1083 606 1177 660 sed
1205 606 1346 660 hanc.
1368 605 1684 662 densiorem
1708 615 1763 662 et
1788 609 2181 679 elegantiorem

599 712 724 754 esse
753 697 946 752 videns
978 713 1102 752 mox
1144 697 1380 753 remisit.
1417 695 1634 753 Vilibus
1663 698 1812 752 enim
1845 697 2178 769 minimique

599 786 760 856 pretii
812 786 1150 843 indumentis
1194 801 1409 857 semper
1455 802 1592 843 usus
1639 797 1745 843 est.
1791 786 2178 858 Paupertatem

601 885 787 934 autem
837 879 1054 949 magnis
1096 879 1296 948 opibus
1333 879 1414 934 sic
1458 879 1843 935 amabiliorem
1885 881 2071 945 ducit,
2121 890 2181 936 ut

598 984 703 1025 nec
741 969 1066 1025 alimentum
1115 971 1492 1026 necessarium
1537 986 1756 1040 semper
1789 971 2008 1028 habeat.
2052 971 2180 1029 Scio

593 1063 764 1128 enim,
791 1078 920 1120 eum
953 1079 1096 1134 saepe
1126 1064 1193 1119 ad
1230 1065 1381 1119 illum
1411 1064 1753 1134 postulanda:
1780 1065 2180 1124 benedictionis

544 1145 553 1227 ξ
592 1155 774 1225 gratia
800 1156 1046 1212 venirem
1067 1197 1081 1221 ,
1111 1155 1266 1212 aliud
1292 1156 1431 1211 nihil
1460 1167 1660 1227 praeter
1688 1159 1902 1214 caricas
1923 1159 2062 1215 duas
2095 1161 2180 1214 in-

593 1247 833 1304 venisse.
879 1247 1056 1319 Hujus
1089 1249 1196 1305 mel
1235 1257 1290 1303 et
1335 1250 1725 1320 spectantibus
1767 1252 2011 1322 Optabile
2050 1262 2175 1317 est,

591 1343 646 1391 et
699 1337 1051 1395 audientibus
1124 1338 1548 1410 pcrjucundum.
1621 1339 1809 1411 Neque
1894 1341 2173 1399 hominem

589 1432 843 1499 quamvis
871 1431 1286 1488 dicacissimum
1308 1476 1324 1500 ,
1353 1449 1684 1504 quemquam
1711 1436 1866 1500 novi,
1924 1436 2019 1505 qui
2053 1436 2178 1491 huic

588 1522 765 1579 labem
784 1539 1028 1596 unquam
1055 1526 1379 1596 imposuerit
1404 1545 1416 1580 :
1446 1525 1540 1581 sed
1563 1541 1690 1581 eum
1717 1527 1944 1581 laudant
1971 1535 2024 1580 et
2042 1541 2172 1596 prte-

585 1614 1001 1678 dicantomnes,
1020 1625 1074 1672 et
1096 1617 1190 1687 qui
1211 1616 1278 1671 ad
1302 1632 1428 1673 eum
1446 1616 1673 1672 veniunt
1690 1617 1883 1672 nolunt
1903 1616 2177 1672 recedere.

2287 428 2580 482 κατέλιπον
2629 431 2686 484 δὲ
2736 432 2830 484 καὶ
2861 433 3297 506 τελευτήσαντεςο
3343 441 3526 510 ἐδέξατο
3552 428 3594 505 δὲ

2287 521 2417 591 παρ’
2442 521 2655 586 οὐδενὸς
2700 523 2822 576 οὐδὲ
2867 524 3083 581 πώποτε
3103 544 3118 558 ⁶
3145 530 3254 584 ἀλλ’
3284 534 3457 602 αὐτοὺς
3494 543 3714 616 οἰκονόμους

2283 613 2540 680 γενέσθαι
2583 613 2692 667 τῶν
2725 618 3177 689 προσφερομένων
3214 624 3458 683 ἐκέλευσε.
3501 635 3585 687 Καὶ
3615 613 3710 692 σισύ-

2284 723 2386 776 ραν
2407 707 2464 760 δὲ
2487 706 2638 779 αὕτῷ
2667 710 2696 762 ὁ
2719 709 2894 780 μέγας
2924 711 3174 777 Ἰάκωϐος
3203 714 3300 768 ὑπό
3326 735 3452 782 τινος
3478 723 3593 793 αὐτῷ
3615 744 3710 796 κομι-

2285 798 2503 852 σθεῖσαν
2547 800 2894 855 ἀπέστειλεν·
2932 804 3068 858 ἀλλά
3112 807 3202 860 καὶ
3253 809 3434 881 ταύτην
3475 813 3711 888 ἀντέπεμψε,

2284 892 2692 963 στεγανωτέραν
2727 893 2895 964 αὐτὴν
2929 898 3022 949 καὶ
3056 898 3421 972 εὐεργεστέραν
3460 903 3573 959 ἰδών.
3607 908 3712 962 Εὐτε-

2280 980 2398 1034 λέσι
2425 981 2534 1053 γὰρ
2558 983 2676 1037 λίαν
2699 985 2793 1038 καὶ
2818 986 3038 1052 εὐώνοις
3061 989 3284 1059 ἱματίοις
3309 993 3587 1064 κεχρημένος
3605 998 3711 1053 διετέ·

2281 1068 2382 1126 λει.
2421 1071 2577 1125 Οὕτω
2604 1073 2660 1126 δὲ
2694 1074 2793 1146 τὴν
2824 1078 3015 1131 πενίαν
3044 1079 3217 1151 πάσης
3243 1083 3590 1155 ἐρασμιωτέραν
3612 1087 3709 1156 βατι-

2281 1161 2428 1226 λείας
2453 1165 2762 1234 ήγείτο,·ὠς
2795 1169 2929 1240 μηδὲ
2959 1171 3056 1242 τήν
3085 1173 3368 1240 ἀναγκαίαν
3405 1176 3523 1244 ἔχειν
3551 1179 3612 1230 ἀεὶ
3632 1197 3709 1248 τρο-

2281 1253 2408 1323 φήν.
2451 1248 2585 1310 Οἶδα
2633 1257 2740 1330 γὰρ
2791 1260 3050 1325 πολλάκις
3095 1265 3417 1334 ἀφικόμενος,
3443 1268 3518 1320 καὶ
3546 1270 3708 1338 εὐλογίιν

2282 1343 2532 1414 αἰτήσας,
2564 1350 2659 1400 καὶ
2686 1348 2852 1420 μηδὲν
2883 1351 3070 1421 ἕτερον
3096 1353 3261 1425 εὑρὼν
3291 1355 3320 1427 ἢ
3352 1356 3433 1410 δύο
3469 1359 3597 1425 μόνας
3617 1361 3706 1427 iazi-

2280 1433 2394 1498 δας.
2425 1437 2629 1492 Τούτου
2654 1441 2715 1493 τὸ
2757 1441 2898 1512 μέλι,
2931 1445 3026 1497 καὶ
3050 1449 3160 1509 τοῖς
3185 1447 3340 1518 δρῶσι
3369 1449 3703 1521 τριπόθητον,κιὶ

2281 1527 2394 1590 τοῖς
2424 1527 2682 1583 ἀκούουσι
2714 1531 2831 1585 λίαν
2877 1533 3198 1603 ἐπέραστον.
3228 1538 3410 1591 Οὐδένα
3446 1542 3532 1610 γάρ
3557 1537 3638 1594 οἶδα
3652 1544 3702 1592 ἀν·

2283 1617 2520 1689 θρώπων
2545 1664 2559 1687 ,
2597 1623 2718 1676 οὐδὲ
2768 1624 2877 1678 τῶν
2929 1628 3122 1700 κομιδῇ
3170 1629 3570 1702 φιλοσκωμμὸνων
3601 1633 3702 1698 τούτῳ

588 1711 780 1783 μῶμον
819 1712 1198 1767 ὲπιτεθεικότα
1226 1711 1464 1767 πώποτε.
1522 1713 1682 1767 Ἀλλὰ
1732 1713 1933 1776 πάντες
1976 1711 2161 1783 ᾅδουσι
2192 1712 2286 1766 καὶ
2316 1714 2646 1787 εὐφημοῦσι,
2686 1719 2778 1772 καὶ
2804 1721 3118 1792 παράύτὸν
3164 1725 3430 1793 φοιτῶντες
3462 1727 3512 1778 οὐ
3551 1727 3701 1780 θέλουσιν

582 1805 1038 1874 ἀπαλλάττεσθαι.

1002 1897 1170 1953 XXV.
1193 1930 1263 1940 —
1297 1903 1312 1920 ⁹
1344 1897 1755 1954 ASCLEPIUS-

657 1991 901 2062 Hujusce
927 1991 1144 2046 ordinis
1185 1998 1271 2046 est
1315 1990 1673 2044 admirandus
1720 2003 1940 2059 quoque
1978 1985 2166 2042 Ascle-

584 2083 711 2154 pius
739 2123 755 2148 ,
793 2081 992 2140 stadiis
1011 2083 1199 2136 decem
1228 2080 1446 2136 distans
1467 2120 1482 2144 ,
1512 2080 1609 2135 sed
1646 2079 1838 2135 eodem
1862 2082 2052 2135 vivens
2079 2078 2167 2132 in-

584 2181 803 2234 stituto.
844 2175 980 2231 Nam
1029 2183 1087 2231 et
1128 2175 1286 2230 cibus
1332 2175 1474 2230 idem
1524 2175 1642 2241 illi,
1687 2184 1744 2229 et
1797 2175 2068 2239 vestitus,
2115 2185 2168 2229 et

583 2286 800 2326 morum
838 2269 1146 2335 modestia,
1180 2280 1234 2326 et
1270 2270 1546 2340 hospitum
1574 2283 1744 2334 cura,
1783 2277 1837 2324 et
1871 2285 2025 2323 amor
2057 2268 2168 2323 ira-

583 2371 730 2416 trum
753 2399 768 2426 ,
801 2359 1115 2430 Ienitasque
1165 2368 1220 2414 et
1257 2358 1630 2414 mansuetudo
1657 2398 1673 2422 ,
1714 2366 1769 2414 et
1817 2360 2167 2413 conversatio

584 2467 710 2507 cum
754 2450 906 2516 Deo,
950 2460 1004 2507 et
1052 2466 1268 2508 smnma
1309 2459 1603 2522 paupertas
1637 2467 1650 2504 :
1689 2449 1906 2522 1264
1945 2449 2166 2505 virtutis

581 2551 784 2615 praeter
825 2545 940 2600 htec
971 2544 1252 2600 allluentia
1276 2583 1290 2608 ,
1325 2552 1382 2598 et
1415 2559 1550 2613 opes
1586 2543 1984 2613 philosophia},
2031 2543 2165 2596 alia-

581 2652 691 2706 que
729 2638 916 2692 omnia
947 2651 1074 2707 quae
1101 2635 1170 2691 de
1194 2649 1360 2690 sacro
1391 2635 1486 2689 illo
1527 2634 1708 2703 capite
1757 2634 2160 2690 recensuimus.

580 2727 791 2783 Ferunt
836 2736 1018 2782 autem
1072 2727 1228 2780 illum
1267 2734 1382 2779 tum
1415 2725 1625 2791 etiam,
1668 2739 1794 2780 cum
1820 2725 1888 2781 de
1934 2740 2164 2780 numero

581 2829 734 2876 esset
764 2822 860 2890 qui
895 2821 950 2874 in
982 2819 1108 2874 vico
1143 2819 1439 2884 habitant,
1468 2817 1769 2874 asceticam
1809 2825 1866 2872 et
1912 2817 2164 2872 moderaa

581 2920 694 2965 tam
732 2912 899 2965 vitam
934 2911 1148 2980 egisse,
1183 2911 1507 2980 nullamque
1537 2925 1606 2964 ex
1650 2908 1889 2964 aliorum
1939 2923 2162 2964 consor-

579 3002 662 3056 tio
691 3002 964 3074 maculam
995 3003 1366 3058 contraxisse.
1420 3001 1578 3058 Unde
1625 3001 1720 3072 qui
1772 3008 2009 3072 utraque
2049 3002 2160 3055 vita

577 3100 694 3146 tum
733 3093 878 3147 civili
909 3102 1022 3146 tum
1058 3094 1304 3149 solitaria
1343 3094 1632 3159 excelluit,
1671 3093 1921 3164 duplices
1966 3092 2160 3148 merito

579 3197 818 3237 coronas
849 3182 1101 3253 recipiet.
1135 3181 1291 3238 Multi
1333 3197 1500 3254 porro
1529 3189 1585 3237 et
1625 3182 1716 3236 alii
1750 3182 1870 3250 ejus
1899 3180 2158 3234 virtutem

2722 1901 2851 1956 κε’.
2885 1933 2955 1944 -
2985 1903 3386 1960 ΑΣΚᾹΗΠΙΟΣ.

2347 1987 2562 2061 Ταύτης
2587 1989 2702 2042 ἐστὶ
2724 1991 2825 2062 τῆς
2855 1994 3165 2066 συμμορίας
3186 1996 3274 2048 καὶ
3310 1996 3696 2066 ’Δσκληπιδςόϐιυ-

2278 2077 2494 2149 μάσιος,
2531 2079 2663 2134 δέκα
2687 2081 2790 2152 μὲν
2821 2083 3073 2148 σταδίους
3105 2084 3519 2156 ἀφεστηκὼς.τὴν
3543 2087 3694 2155 αὑτὴνᾶ

2276 2170 2552 2224 πολιτείαν
2590 2171 2903 2242 ἐζηλωκώς.
2933 2174 3044 2226 Καὶ
3071 2175 3239 2245 τροφὴ
3269 2175 3366 2246 γὰρ
3391 2174 3512 2244 αὐτῷ
3545 2177 3568 2243 ἡ
3601 2175 3691 2242 alti,

2269 2261 2364 2313 καὶ
2395 2261 2578 2331 ἐσθής,
2607 2262 2701 2315 καὶ
2733 2263 2900 2334 ἤθους
2942 2265 3247 2336 μετριότης,
3275 2266 3359 2318 καὶ
3399 2266 3690 2334 φιλοξενία,κιὶ

2269 2353 2614 2424 φιλαδελφία,
2641 2356 2920 2426 ήμερύτης
2955 2375 3016 2410 τε
3056 2358 3149 2411 καὶ
3175 2358 3395 2426 πραότης
3415 2397 3428 2418 ,
3458 2357 3531 2409 καὶ
3562 2359 3584 2426 ἡ
3616 2355 3688 2424 arpi;

2263 2444 2356 2497 τὸν
2385 2445 2520 2498 Θεὸν
2545 2446 2748 2516 ὁμιλία,
2783 2448 2876 2501 καὶ
2898 2451 2932 2520 ή
2963 2449 3228 2521 ἀκροτάτη
3251 2450 3420 2502 πενία·
3448 2449 3552 2519 πρὸς
3566 2448 3685 2504 τούτοις

2271 2537 2364 2589 καὶ
2397 2537 2430 2606 ή
2463 2536 2562 2608 τῆς
2587 2537 2788 2607 ἀρετῆς
2825 2541 3135 2611 περιουσία,
3187 2542 3272 2594 καὶ
3315 2541 3400 2610 τῆς
3433 2536 3684 2608 φιλοσιςίιςό

2269 2626 2520 2691 πλοῦτος,
2554 2627 2644 2679 καὶ
2671 2628 2838 2682 τᾶλλα
2871 2630 3074 2694 πάντα,
3100 2632 3197 2685 ὅσα
3223 2631 3339 2701 περὶ
3363 2631 3444 2700 τῆς
3477 2631 3584 2700 ἱερᾶς
3605 2626 3682 2678 gms.

2267 2737 2366 2789 νης
2395 2719 2746 2791 διεξήλθομεν
2775 2721 3048 2793 κεφαλῆς.
3081 2724 3214 2777 Φασὶ
3245 2723 3296 2776 δὲ
3329 2722 3479 2784 αὐτὸν,
3516 2717 3683 2785 ultrix:

2265 2813 2378 2874 τοῖς
2429 2812 2529 2882 τὴν
2582 2813 2777 2884 κώμην
2809 2815 3061 2870 οἰκοῦσιν
3111 2815 3340 2884 ἀδελφοῖς
3383 2810 3680 2882 συγκατείλεκτι.

2266 2903 2357 2958 τὸν
2390 2906 2688 2976 ἀσκητικὸν
2737 2909 2832 2964 καὶ
2875 2909 3112 2980 κόσμιον
3164 2906 3469 2962 ἀσπάσασθαι
3508 2903 3601 2972 βίον,
3633 2897 3680 2949 καὶ

2271 2998 2541 3068 μηδεμίαν
2574 3001 2638 3052 ἐκ
2668 3001 2767 3070 τῆς
2799 3001 2906 3054 τῶν
2929 3001 3148 3056 πολλῶν
3174 3001 3422 3072 ἐπιμιξίας
3446 2996 3575 3064 λώϐην
3593 2989 3681 3046 Eili-

2269 3106 2379 3145 σαι.
2425 3091 2512 3144 Ἐν
2542 3091 2791 3164 ἐκατέρῳ
2815 3091 3001 3146 τοίνυν
3029 3093 3320 3164 διαπρέψας
3339 3091 3436 3162 βίῳ,
3459 3088 3516 3157 τῷ
3533 3103 3571 3136 τε
3597 3080 3682 3132 πολι·

2266 3181 2422 3251 τικῷ,
2450 3184 2544 3235 καὶ
2577 3184 2852 3255 ὲρημικῷ,
2883 3185 3092 3238 διπλῶν
3129 3185 3338 3248 εἰκότως
3363 3183 3437 3236 καὶ
3458 3179 3532 3232 τῶν
3555 3173 3683 3238 πεὲἀ·

576 3273 816 3328 aemulati
848 3282 1010 3340 sunt,
1045 3289 1147 3330 nec
1182 3281 1374 3331 nostra
1405 3275 1585 3330 solum
1615 3274 1776 3345 plena
1797 3280 1880 3328 est
1901 3311 1916 3336 ,
1949 3272 2044 3327 sed
2080 3271 2158 3325 vi-

2266 3288 2372 3323 νων
2420 3270 2805 3344 ἀξιωθήσεται.
2848 3273 3049 3328 Πολλοὶ
3094 3275 3150 3329 δὲ
3203 3276 3293 3328 καὶ
3331 3274 3442 3328 ἄλλοι
3476 3262 3681 3335 ςήντοὺτου

576 3367 714 3421 cinae
752 3375 808 3422 et
823 3367 936 3436 jam
973 3367 1141 3423 urbes
1193 3375 1249 3422 et
1289 3366 1394 3423 vici
1428 3367 1746 3437 hujusmodi
1786 3365 2153 3437 philosophia.

576 3459 783 3515 Horum
809 3476 956 3516 unus
986 3470 1070 3517 est
1093 3460 1480 3517 divinissimus
1509 3460 1752 3516 Jacobus
1773 3501 1788 3525 ,
1821 3459 2156 3515 domuncula

572 3552 808 3624 quadam
843 3553 1094 3608 reclusus
1127 3569 1296 3624 prope
1326 3555 1508 3610 vicum
1532 3591 1547 3616 ,
1579 3568 1739 3623 quem
1796 3550 2078 3605 Nimuzam
2111 3549 2158 3581 ²⁶

571 3650 792 3704 vocant.
824 3642 929 3709 Qui
961 3659 1086 3698 cum
1118 3644 1213 3698 lini
1246 3644 1370 3698 vita:
1399 3644 1473 3698 sit
1506 3643 1828 3713 proximus,
1859 3654 2156 3695 annorum-

573 3748 683 3803 que
725 3735 967 3804 amplius
1007 3737 1344 3806 nonaginta,
1391 3736 1542 3790 solus
1585 3735 1838 3791 inclusus
1884 3742 2002 3794 est.
2057 3748 2157 3804 per

573 3828 864 3893 angustum
899 3822 1149 3880 foramen
1181 3826 1404 3897 oblique
1432 3825 1691 3880 inﬂexum
1724 3839 1989 3896 responsa
2024 3825 2154 3880 red-

570 3915 742 3981 dens,
774 3916 870 3972 sed
897 3917 970 3971 ita
1007 3925 1067 3972 ut
1099 3933 1206 3973 non
1234 3919 1504 3981 videatur,
1542 3934 1642 3974 nec
1677 3919 1802 3988 igne
1832 3926 1992 3973 utens
2012 3957 2028 3982 ,
2052 3931 2155 3972 nec

571 4007 776 4064 lumine
808 4007 1002 4065 fruens
1046 4010 1307 4066 lucernae.
1343 4009 1425 4064 Me
1456 4027 1587 4065 vero
1634 4011 1718 4066 bis
1764 4007 2038 4080 patefacta
2061 4007 2152 4078 ja-

573 4112 681 4153 nua
719 4097 929 4169 ingredi
957 4098 1161 4168 jussit,
1201 4102 1346 4156 hunc
1381 4102 1515 4155 mihi
1561 4102 1828 4156 honorem
1861 4101 2147 4165 tribuens,

567 4198 621 4243 et
649 4205 809 4246 suum
853 4205 983 4260 erga
1019 4207 1106 4247 me
1149 4208 1394 4249 arnorem
1426 4193 1836 4251 demonstrans.
1869 4193 1973 4260 Qui
2017 4207 2152 4264 ergo

570 4280 897 4349 superstites
939 4289 1069 4335 sunt
1095 4282 1344 4339 oratione
1373 4299 1492 4339 mea
1534 4300 1643 4338 non
1682 4291 1862 4354 egent.
1910 4282 2151 4338 Possunt

567 4371 712 4425 enim
737 4411 751 4434 ,
784 4372 831 4427 si
881 4373 1083 4439 velint,
1122 4375 1354 4430 istorum
1391 4377 1756 4447 philosophiae
1800 4383 2146 4445 spectatores

570 4460 709 4515 tleri.
769 4460 1016 4517 Posteris
1061 4472 1268 4530 autem,
1325 4475 1380 4521 et
1427 4467 1698 4524 honorum
1759 4478 1986 4537 aspectu
2031 4484 2144 4524 non

565 4548 922 4612 (ruentibus.
993 4553 1062 4608 ad
1132 4555 1422 4612 utilitatem
1494 4558 1600 4612 ista
1683 4557 1965 4614 sufﬁcient
2023 4575 2148 4630 qum

2261 3361 2543 3434 ἐζήλωσαν
2574 3365 2795 3436 ἀρε-τὴν,
2829 3367 2923 3418 καὶ
2959 3367 3175 3440 πλήρης
3199 3369 3291 3438 οὐχ
3328 3369 3355 3436 η
3384 3359 3553 3434 ἡμετέρα
3577 3352 3680 3423 μόνη.

2259 3455 2397 3509 ἀλλὰ
2423 3457 2516 3509 καὶ
2563 3457 2620 3509 al
2677 3457 3091 3526 γειτονεύουσιν⁹
3138 3461 3310 3522 πόλεις
3337 3457 3412 3511 καὶ
3449 3451 3595 3519 κῶμαι.
3621 3442 3679 3507 τῆς

2258 3547 2472 3602 τοιᾶσδε
2515 3547 2854 3618 φιλοσοφίας.
2891 3544 2991 3614 Εἷς
3022 3551 3080 3604 δὲ
3116 3551 3308 3604 τούτων
3337 3547 3432 3600 ἐστὶ
3458 3541 3526 3594 καὶ
3555 3531 3676 3590 ὁθεεὸι

2258 3659 2420 3704 τατος
2465 3641 2738 3704 Ἰάκωϐος,
2769 3642 2827 3694 ὲν
2857 3643 3092 3714 οίκίσκῳ
3125 3644 3228 3696 τινὶ
3267 3632 3574 3707 καθειργμένος
3592 3619 3677 3691 πρέ

2257 3731 2421 3804 κώμῃ
2476 3733 2756 3804 Νιμουζᾶν
2787 3735 3104 3809 καλουμένῃ
3129 3752 3142 3766 ·
3173 3736 3229 3800 ὃς
3260 3734 3342 3787 καὶ
3385 3727 3486 3798 παρ’
3525 3718 3610 3775 αὖτδ
3635 3713 3674 3763 ὢν

2257 3825 2350 3878 τοῦ
2382 3825 2498 3895 βίον
2525 3826 2584 3880 τδ
2609 3828 2788 3898 τέρμα
2819 3829 2984 3900 (ἐτῶν
3017 3831 3125 3900 γάρ
3173 3829 3281 3881 ἐστι
3322 3811 3673 3904 πλειόνωνῆὲννε-

2265 3915 2548 3986 νήκοντα)ν
2580 3917 2740 3988 μόνος
2772 3898 3122 3989 κάθεῖρκται,
3153 3918 3236 3972 διά
3269 3931 3395 3975 τινος
3417 3905 3584 3982 βραχέος
3603 3898 3674 3966 495'

2257 4022 2464 4076 Ὑματος
2521 4007 2829 4072 ὲλτικοειδῶς
2898 4009 3283 4082 ὀρωρυγμένου
3337 4005 3423 4067 τὰς
3471 3989 3673 4082 ἀποκρίσεις
3732 4003 3733 4025 ι

2256 4097 2599 4168 ποιούμενοςν
2635 4100 2732 4170 οὐχ
2759 4079 3038 4171 δρῶμένοξ
3067 4079 3147 4162 δὲ,
3175 4100 3262 4152 καὶ
3289 4097 3397 4151 οὔτε
3420 4089 3524 4160 ττυρἱ

2254 4207 2364 4254 νθςν
2395 4191 2520 4245 οὔτε
2549 4192 2824 4264 λυχνιαίου
2848 4195 3028 4262 φωτὸς
3053 4194 3345 4248 ἀπολαύων.
3375 4186 3481 4256 Ἐμὲ
3501 4181 3543 4234 δὲ
3559 4177 3673 4235 ειςτιν

2253 4283 2424 4354 θύραν
2476 4285 2694 4352 ἀνοίξας
2745 4285 2852 4338 ἔσω
2890 4287 3148 4354 γενέσθαι
3195 4280 3475 4354 προσέταξε,
3501 4269 3670 4336 ταῦτῇῐλε

2251 4377 2493 4446 τιμήσας
2523 4417 2538 4439 9
2574 4375 2668 4428 καὶ
2699 4377 2765 4448 ῆν
2794 4376 2906 4448 ἔχει
2957 4380 3089 4451 περὶ
3119 4379 3216 4448 ἐμὲ
3248 4372 3452 4443 στοργὴ-θ
3491 4354 3671 4448 ὲπιδεὶξιςς

2253 4466 2317 4518 Ol
2364 4465 2462 4536 μὲν
2489 4462 2584 4520 οὖν
2622 4465 2700 4519 ἔτι
2731 4467 3015 4538 περιόντες
3072 4468 3179 4520 τῶν
3229 4466 3344 4534 παρ’
3372 4457 3482 4531 ἐμοῦ
3517 4451 3671 4547 16W?

2251 4559 2482 4613 δέονται.
2521 4560 2787 4616 Δύνανται
2809 4564 2941 4633 γὰρ,
2970 4562 3022 4616 εί
3052 4562 3380 4631 ἐθελήσωσιν,
3412 4546 3674 4633 αὐτόπται

565 4641 782 4694 illorum
819 4642 1182 4714 philosophia:
1221 4645 1455 4700 formam
1497 4647 1817 4702 ostendunt.
1856 4623 2054 4714 Quare
2077 4649 2145 4704 de

2253 4652 2455 4707 τούτων
2489 4653 2743 4722 γενέσθαι
2775 4653 3114 4722 φιλοσοφίας.
3146 4655 3264 4716 Τοῖς
3295 4650 3335 4702 δ’
3369 4641 3606 4714 ἐσομένοις,
3625 4623 3673 4722 λαὶ

567 4731 652 4787 liis
685 4731 942 4802 loquendi
995 4735 1157 4790 tinem
1205 4737 1296 4791 hic
1349 4735 1578 4803 faciens,
1631 4745 1686 4793 et
1740 4739 2144 4796 benedictionis

563 4826 1068 4882 remunerationem
1092 4844 1402 4899 exposcens
1423 4867 1437 4893 ,
1467 4829 1551 4896 ,‘ad
1589 4831 1750 4885 aliam
1782 4832 2148 4888 narrationem

563 4929 652 4972 me
678 4915 985 4975 conferam.

863 5202 1076 5274 1265
1108 5201 1296 5258 XXVI.
1330 5236 1396 5246 —
1431 5205 1819 5264 SYMEONES.

631 5290 957 5363 Symeonem
998 5295 1299 5361 eximium,
1349 5314 1606 5370 magnum
1655 5301 1808 5357 orbis
1869 5312 2141 5359 terrarum

562 5383 910 5450 miraculum,
941 5397 1147 5442 norunt
1179 5403 1372 5444 omnes
1401 5391 1492 5460 qui
1538 5391 1785 5447 Romano
1819 5405 2012 5464 parent
2037 5397 2144 5452 im-

2251 4748 2349 4820 τῇς
2374 4743 2578 4798 τούτων
2603 4745 2664 4798 οὐ
2691 4745 3164 4816 μεταλαγχάνουσι
3187 4745 3325 4807 θέας,
3348 4737 3483 4810 ἀρκεῖ
3495 4729 3562 4783 καὶ
3580 4731 3672 4820 τινα

2251 4841 2330 4902 εἰς
2361 4838 2654 4908 ὠφέλειαν,
2680 4838 2782 4908 τῆς
2812 4838 3018 4893 τούτων
3049 4837 3352 4910 φιλοσοφίας
3374 4831 3450 4884 τὸν
3470 4823 3672 4896 χαρυίτηρέι

2250 4929 2554 4987 δεικνύντα.
2595 4930 2862 4985 Ἐνταῦθα
2885 4931 3064 4986 τοίνυν
3093 4931 3286 4986 καὶτὸν
3308 4924 3422 4994 περὶ
3438 4918 3589 4974 τούτων
3601 4917 3673 4967 πμ·
3722 4963 3723 4967 η

2254 5024 2494 5094 περᾶναί
2517 5023 2693 5092 λόγον.
2714 5025 2808 5078 καί
2836 5029 2936 5096 τῆς
2965 5025 3210 5095 εὐλογίας
3234 5023 3326 5091 τὴν
3356 5002 3673 5072 ἀντίδοσιν

2253 5114 2460 5182 ’ίείλαοπ
2489 5116 2574 5184 ἐφ’
2607 5113 2794 5184 ἕτερον
2829 5114 3073 5186 διήγημα
3105 5111 3470 5185 μεταϐήσομαι.

2709 5207 2940 5276 κακ-
2972 5202 3351 5261 ΣΥΜΕΩΝΗΣ.

2324 5298 2619 5370 Συμεὼνην
2647 5299 2737 5352 τὸν
2781 5300 2945 5364 πάνυ,
2984 5299 3044 5352 τὸ
3099 5297 3242 5368 μέγα
3283 5292 3443 5362 θαῦμα
3470 5283 3543 5349 τῆς

2258 5391 2446 5462 μένης,
2492 5392 2638 5444 ἴσασι
2665 5390 2762 5461 μὲν
2800 5389 3036 5453 ἅπαντες
3065 5390 3112 5442 ei
3162 5389 3256 5458 τῆς
3298 5375 3534 5450 Ῥωμαίων
3554 5365 3670 5436 illm

3567 5273 3671 5328 οἰκω-

1845 5554 2080 5612 VARIA‘J
2119 5553 2518 5612 ιεατιοκεδ.

630 5627 673 5662 ³⁸
708 5632 895 5690 Dum):
926 5636 1084 5692 habet
1110 5637 1392 5696 Ilet'vctus.
