3898 6196
552 171 682 238 1471

1533 177 2024 238 THEODORETI
2071 175 2413 238 EPISCOPI
2447 179 2810 241 CYRENSIS
3594 186 3686 251 1472

543 287 657 342 mis
685 285 880 342 diebus
935 296 1105 356 stare,
1155 288 1438 359 Deumque
1490 290 1761 346 laudare:
1798 290 1999 347 deinde
2038 290 2129 344 ubi

2246 291 2451 362 ἡμέρας
2488 294 2729 358 ἑστάναι,
2772 294 2866 348 καὶ
2916 292 3007 347 τὸν
3063 294 3190 348 Θεὸν
3229 295 3479 365 ἀνυμνεῖν.
3503 295 3599 352 Εἶτα
3624 305 3686 355 τοῦ

548 393 752 449 corpus
806 382 1103 436 stationem
1153 390 1380 452 propter
1431 383 1668 438 inediam
1709 384 1854 440 ferre
1894 384 2131 454 amplius

549 484 657 522 non
685 477 918 538 poterat,
949 471 1143 527 sedere
1189 471 1468 542 deinceps,
1505 482 1560 529 et
1585 475 1660 529 ita
1691 475 1936 530 divinam
1973 475 2134 528 litur-

547 561 694 631 giam
776 562 1108 618 exsolvere:
1181 565 1478 634 postremis
1531 580 1664 620 vero
1713 566 1910 622 diebus
1965 566 2134 620 etiam

546 653 906 707 decumbere.
969 653 1333 724 Consumptis
1385 656 1533 711 enim
1601 657 1867 726 paulatim
1926 657 2136 712 exstin-

547 742 764 811 ctisque
830 743 1045 799 viribus
1088 744 1275 814 jacere
1349 748 1745 802 semimortuus
1813 747 2132 818 cogebatur.

548 830 844 898 Postquam
904 843 1090 888 autem
1143 837 1198 891 in
1243 837 1501 892 columna
1551 838 1726 901 stetit,
1779 837 1975 892 adduci
2026 854 2136 894 non

548 921 728 990 potuit
757 929 816 974 ut
847 922 1233 990 descenderet,
1267 925 1542 994 aliamque
1569 929 1838 983 rationem
1867 930 1992 984 iniit
2021 945 2130 1000 qua

550 1019 746 1068 staret.
775 1011 1010 1068 Trabem
1042 1015 1191 1069 enim
1217 1015 1455 1086 alligans
1485 1017 1774 1086 columnae,
1809 1028 1864 1076 et
1891 1021 2136 1088 seipsum

551 1103 692 1156 trabi
745 1105 1079 1175 astringens,
1137 1107 1502 1177 quadraginta
1558 1109 1677 1166 dies
1738 1111 1822 1166 sic
1879 1113 2136 1182 explevit.

551 1187 803 1245 Postbaec
835 1208 967 1247 vero
989 1194 1199 1263 majore
1219 1197 1440 1253 caelitus
1471 1208 1696 1269 accepta
1715 1201 1914 1270 gratia,
1949 1217 2017 1256 ne
2038 1203 2139 1257 boc

551 1283 774 1352 quidem
796 1299 938 1354 Opus~
962 1286 1150 1341 habuit
1170 1289 1376 1344 auxilio
1400 1306 1414 1344 :
1441 1291 1536 1346 sed
1565 1293 1706 1347 cibis
1729 1294 1988 1350 omnibus
2011 1295 2139 1350 abs-

551 1375 737 1430 tinens
765 1377 1128 1446 quadraginta
1161 1380 1279 1436 dies
1315 1383 1499 1443 stetit.
1529 1384 1817 1440 alacritate
1862 1387 2030 1441 animi
2063 1387 2143 1446 di-

551 1465 793 1536 vinaque
823 1468 997 1537 gratia
1019 1469 1396 1529 conﬁrmatus.
1423 1472 1624 1529 Tribus
1653 1491 1805 1547 ergo,
1844 1488 1902 1531 ut
1931 1478 2139 1534 dictum

550 1565 656 1618 est.
693 1560 748 1612 in
780 1559 870 1614 illa
909 1559 1245 1618 domuncula
1300 1570 1598 1624 transactis
1621 1571 1639 1590 ‘
1669 1570 1855 1631 anuis,
1888 1571 1954 1626 ad
1993 1572 2139 1627 cele-

2236 381 2486 453 σὼματος
2513 383 2603 438 διά
2647 383 2744 455 τὴν
2781 384 3052 438 ἀπαστίαν
3081 383 3260 454 φέρειν
3287 385 3379 438 οὐκ
3417 385 3484 440 ἔτι
3505 387 3579 458 τὴν
3603 394 3685 445 σιὰ.

2238 491 2322 527 σιν
2357 474 2650 545 ἰσχύοντος,
2699 475 2971 546 καθῆσθαι
2999 474 3200 538 λοιπὸν,
3236 477 3324 532 καὶ
3353 476 3446 548 τήν.
3473 478 3588 532 θείαν
3614 483 3686 536 λει-

2235 563 2493 632 τουργίαν
2547 564 2830 618 ὲπιτελεῖνο
2887 564 2987 628 τὰς
3013 565 3070 617 δὲ
3100 565 3394 628 τελευταίας
3431 569 3598 636 ἡμέρας
3628 574 3687 625 καὶ

2240 653 2677 725 προσκλίνεσθαι.
2712 657 3117 726 Δαπανωμένης
3161 656 3264 726 γὰρ
3300 658 3428 710 κατὰ
3455 659 3588 728 βραχὺ
3628 663 3687 729 τῆς

2241 744 2442 814 ἰσχύος,
2476 747 2571 798 καὶ
2601 746 3102 818 ἀποσϐεννυμένης,
3124 746 3324 800 κεῖσθαι
3341 747 3563 819 ἡμιθανὴς
3580 753 3687 819 ἠναγ-

2238 836 2453 900 κάζετο.
2499 837 2656 890 Ἐπεὶ
2688 839 2745 891 δὲ
2780 839 2871 892 ἐπὶ
2913 839 3009 891 τοῦ
3044 837 3214 902 κίονος
3247 837 3385 909 ἔστη,
3417 841 3604 895 κατιέναι
3629 845 3687 910 μὲν

2237 929 2340 981 οὐκ
2378 928 2648 998 ἠνείχετο,
2698 931 3084 1001 ἐμηχανήσατο
3125 931 3180 984 δὲ
3219 931 3312 998 τὴν
3340 933 3501 986 στάσιν
3539 935 3685 1005 ἑτέρως.

2240 1019 2407 1072 Δοκδν
2446 1021 2555 1090 γάρ
2603 1037 2724 1072 τινα
2766 1021 3080 1092 προσδήσας
3100 1021 3178 1092 τῷ
3221 1022 3368 1087 κίονι,
3405 1023 3485 1075 καὶ
3519 1027 3685 1093 σχοινίοις

2241 1106 2403 1160 πάλιν
2455 1107 2647 1160 ἑαυτὸν
2687 1111 2753 1178 τῇ
2801 1107 2945 1178 δοκῷ
2983 1109 3374 1178 προσαρμόσας,
3400 1110 3484 1172 τὰς
3505 1115 3684 1181 τεσσαρά-

2242 1217 2406 1254 κοντα
2442 1199 2586 1253 οὕτω
2600 1200 2903 1253 διετέλεσεν
2934 1201 3164 1271 ἡμέρας.
3195 1200 3336 1254 Μετὰ
3359 1201 3408 1253 δὲ
3428 1202 3563 1255 ταῦτα
3577 1204 3684 1256 πλείο-

2243 1308 2332 1354 νος
2391 1291 2582 1344 λοιπὸν
2628 1291 2728 1361 τῆς
2777 1291 2987 1346 ἄνωθεν
3043 1293 3258 1361 χάριτος
3316 1292 3589 1355 ἀπολαύσας.
3613 1295 3683 1345 ιω

2242 1383 2446 1451 ταύτης
2482 1382 2674 1453 ἐδεήθη
2721 1384 2819 1453 τῆς
2872 1383 3143 1454 βοηθείας,
3187 1384 3296 1436 ἀλλ’
3329 1385 3497 1455 ἕστηκε
3520 1386 3590 1439 τὰς
3613 1403 3683 1438 τις·

2245 1473 2558 1546 σαράκοντα
2591 1473 2826 1545 ἡμέρας,
2865 1475 3052 1526 σιτίων
3088 1475 3185 1545 μὲν
3209 1477 3303 1529 οὐκ
3333 1475 3582 1538 ἀπολαύων,
3608 1493 3681 1546 προ.

2245 1561 2416 1635 θυμία
2446 1563 2504 1616 δὲ
2536 1565 2630 1616 καὶ
2685 1562 2807 1634 θείᾳ
2848 1561 3194 1634 ῥωννύμενος
3222 1564 3406 1633 χάριτι.
3435 1564 3544 1633 Τρία
3559 1564 3676 1623 tofm.

549 1648 851 1704 berrimum
890 1651 1038 1708 hunc
1089 1655 1294 1711 montis
1329 1659 1586 1713 verticem
1629 1662 1798 1727 venit,
1840 1663 2134 1718 maceriam

2246 1654 2314 1718 ὡς
2362 1655 2519 1726 ἔφην,
2539 1658 2598 1708 ἐν
2622 1655 2816 1726 ἐκείνῳ
2839 1656 2920 1726 τῷ
2968 1655 3195 1726 οἰκίσκῳ
3223 1657 3500 1718 διατελέσας
3524 1657 3608 1723 ἔτη.
3627 1657 3678 1724 τὴν

555 1741 764 1812 1271
799 1743 1141 1802 circumduci
1181 1750 1529 1819 praecipiens,
1586 1760 1890 1824 catenaqne
1949 1755 2132 1810 ferrea

549 1833 740 1904 viginti
769 1835 1082 1891 cubitorum
1121 1837 1409 1905 fabricata,
1441 1842 1677 1912 ejusque
1713 1846 1892 1914 capite
1924 1861 2034 1900 uno
2065 1845 2132 1900 ad

551 1941 748 1981 saxum
791 1927 984 1998 ingens
1019 1929 1202 1998 allixo,
1231 1933 1408 1988 altero
1438 1935 1506 1988 ad
1539 1935 1794 1991 dextrum
1833 1938 2022 2008 pedem
2065 1940 2132 1993 il-

553 2017 746 2086 ligato,
784 2028 843 2072 ut
879 2025 1037 2074 extra
1075 2021 1282 2079 limites
1322 2025 1448 2080 illos
1489 2042 1590 2082 nec
1649 2028 1696 2082 si
1749 2030 1914 2084 vellet
1948 2031 2133 2102 egredi

553 2118 766 2176 posset,
819 2107 972 2162 intus
1006 2112 1230 2173 mansit,
1275 2115 1474 2168 caelum
1515 2115 1740 2172 assidue
1793 2119 1980 2174 animo
2029 2121 2139 2189 agi-

552 2208 700 2264 tans,
725 2209 780 2254 et
809 2218 932 2272 quae
982 2219 1149 2272 supra
1177 2207 1351 2261 cat-los
1384 2217 1511 2262 sunt
1543 2213 1914 2281 contemplari
1953 2213 2005 2266 vi
2035 2229 2133 2267 cn-

551 2306 716 2346 nans.
753 2292 952 2347 Mentis
1005 2297 1152 2349 cnim
1188 2298 1430 2353 volatum
1485 2298 1617 2355 ferri
1666 2303 1946 2358 vinculum
2003 2304 2135 2358 illud

549 2398 662 2437 non
695 2383 1043 2454 impediebat.
1079 2387 1218 2442 Cum
1268 2406 1398 2446 vero
1447 2391 1810 2450 admirandus
1860 2394 2133 2462 Meletins,

550 2475 646 2544 qui
689 2475 1048 2534 Antiocheam
1094 2481 1340 2552 regionis
1391 2492 1522 2539 tunc
1559 2486 1940 2558 episcOpatum
1982 2502 2136 2558 rege-

551 2564 669 2632 bat,
696 2567 780 2622 vir
805 2569 1094 2638 prudentia
1121 2580 1177 2628 et
1209 2573 1567 2643 intelligentia
1591 2577 1796 2643 clarus,
1825 2578 2137 2650 ingeniique

552 2659 782 2714 solertia
835 2670 1094 2728 ornatus,
1155 2681 1628 2736 supervacaneum
1684 2671 1893 2725 diceret
1929 2671 2132 2728 ferrum

550 2762 696 2812 esse,
727 2764 852 2803 cum
884 2750 952 2806 ad
1009 2753 1242 2810 rationis
1276 2756 1498 2812 vincula
1547 2761 1772 2829 corpori
1829 2761 2134 2830 injicienda

551 2841 814 2897 voluntas
871 2843 1171 2909 snllicerct,
1232 2849 1423 2915 cessit,
1475 2859 1529 2905 et
1595 2852 1965 2908 admonitioni
2015 2855 2138 2924 ejus

552 2933 761 3001 paruit,
795 2933 1086 3005 accitoque
1119 2935 1278 2992 fabro
1304 2939 1586 2994 vinculum
1624 2941 1760 2994 solvi
1782 2942 1973 3011 jussit.
2022 2942 2129 3000 Sed

551 3023 680 3091 quia
721 3023 873 3077 cruri
904 3026 1184 3095 applicata
1252 3028 1412 3097 pellis
1458 3027 1655 3094 fuerat,
1717 3046 1788 3084 ne
1836 3045 2039 3102 corpus
2101 3049 2130 3088 a

553 3112 705 3168 terra
731 3114 1042 3182 laederetur,
1077 3125 1133 3172 et
1159 3117 1302 3173 banc
1335 3135 1556 3190 quoque
1586 3120 1716 3190 quia
1750 3133 1984 3177 consuta
2009 3131 2128 3179 erat

551 3204 792 3276 diﬂ'ringi
829 3209 1142 3276 Oportebat,
1179 3209 1405 3266 cimires
1441 3214 1713 3267 maximos
1738 3229 1906 3284 supra
1939 3215 2137 3286 viginti

553 3294 608 3349 in
633 3309 696 3349 ea
727 3295 1009 3352 latitantes
1053 3298 1204 3354 visos
1251 3299 1534 3366 dixerunt,
1563 3309 1619 3358 et
1664 3302 1769 3359 hoc
1805 3320 1865 3360 se
1898 3320 2137 3376 conspe-

552 3387 703 3442 xisse
755 3387 1044 3444 allirmavit
1108 3391 1466 3448 admirandus
1517 3393 1792 3452 Meletins.
1842 3395 1955 3466 Ego
2005 3413 2139 3454 vero

554 3481 760 3538 i.lcirco
786 3485 1240 3550 commemoravi,
1277 3494 1336 3540 ut
1376 3502 1628 3556 magnam
1679 3487 1784 3542 viri
1818 3490 2135 3558 patientiam

556 3574 684 3630 binc
726 3575 893 3630 etiam
947 3576 1320 3632 ostenderem.
1375 3576 1513 3631 Nam
1547 3593 1673 3632 cum
1715 3580 1911 3648 pellem
1968 3595 2138 3636 manu

553 3667 942 3734 comprimere,
977 3675 1034 3721 et
1065 3681 1262 3722 omnes
1287 3683 1524 3723 enecare
1577 3668 1739 3724 facile
1774 3679 1988 3740 posset,
2023 3687 2138 3727 mo-

557 3757 730 3810 lestos
763 3772 986 3812 morsus
1042 3758 1350 3813 toleranter
1377 3773 1576 3828 passus
1615 3769 1720 3825 est,
1749 3761 1803 3816 in
1863 3764 2048 3832 parvis
2077 3780 2160 3834 se.

557 3845 790 3900 libenter
817 3846 885 3900 ad
928 3847 1470 3916 majoracertamina
1495 3865 1782 3906 exercens.
1811 3849 1976 3906 Fama
2006 3869 2138 3924 ergo

557 3952 655 4007 per
683 3952 876 3994 omnes
926 3953 1055 3994 oras
1110 3940 1396 4004 volitante,
1448 3945 1858 3996 concurrebant
1921 3959 2136 4011 omnes,

557 4044 665 4082 non
699 4028 865 4084 vicini
913 4023 1098 4096 mndo,
1131 4031 1226 4086 sed
1269 4030 1304 4085 ii
1337 4033 1500 4086 etiam
1543 4032 1640 4104 qui
1683 4033 1982 4088 multorum
2024 4036 2139 4091 dic—

556 4135 680 4174 rum
711 4121 910 4177 itinere
945 4121 1268 4190 distabant;
1304 4124 1396 4177 alii
1447 4124 1782 4196 paralyticos
1815 4125 2133 4194 offerentes,

556 4210 648 4264 alii
685 4211 982 4267 sanitatem
1017 4213 1183 4283 aegris
1242 4214 1610 4284 postulantes,
1642 4214 1733 4268 alii
1801 4225 1986 4285 patres
2023 4216 2136 4272 ﬁeri

559 4309 836 4370 rogantes,
868 4310 923 4355 et
971 4304 1119 4372 quod
1154 4319 1184 4358 a
1235 4315 1433 4359 natura
1468 4320 1581 4359 non
1635 4315 1983 4376 acceperant,
2041 4323 2139 4377 per
2171 4345 2216 4400 ι)

559 4393 713 4446 illum
743 4395 995 4451 obtinere
1021 4395 1408 4466 deprecantes.
1431 4396 1534 4463 Qui
1565 4397 1907 4466 accipiebant
1931 4409 2137 4467 alitem,

557 4493 612 4540 ct
636 4485 818 4555 petitis
850 4487 1228 4556 potiebantur,
1251 4503 1376 4542 cum
1401 4488 1598 4558 gaudio
1623 4489 1837 4558 1272
1862 4489 2134 4557 redibant,

557 4577 1038 4648 praedicantesque
1069 4579 1334 4634 beneﬁcia
1390 4595 1512 4650 quae
1551 4591 1902 4649 acceperant,
1965 4585 2143 4639 multo

557 4671 748 4738 plures
781 4671 848 4725 ad
891 4673 1082 4726 eadem
1119 4672 1350 4742 petenda
1401 4673 1776 4728 concitabant.
1829 4673 1923 4730 Sic
1957 4687 2140 4732 autem

561 4760 808 4830 undique
842 4762 1194 4818 venientibus
1223 4763 1506 4824 omnibus,
1540 4771 1595 4818 et
1648 4771 1758 4818 tota
1792 4764 1878 4817 via
1913 4763 2138 4822 ﬂuvium

549 4853 834 4922 imitante,
871 4854 1158 4910 hominum
1193 4857 1419 4926 pelagus
1462 4857 1554 4912 illo
1587 4857 1639 4910 in
1666 4856 1797 4930 loco,
1818 4858 2002 4913 videre
2033 4869 2138 4924 est,

560 4945 761 5002 ﬂuvios
811 4946 1168 5017 undiquaque
1229 4946 1522 5003 inllueules
1575 4949 1883 5019 excipiens.
1954 4949 2141 5020 Neque

561 5038 707 5094 enim
738 5038 904 5109 hujus
948 5047 1159 5093 tantum
1218 5048 1423 5096 nostrae
1475 5042 1713 5112 regionis
1767 5045 1962 5100 incolae
2008 5062 2141 5101 con-

561 5129 763 5197 ﬂuunt,
793 5133 889 5188 sed
921 5142 976 5188 et
1007 5131 1314 5198 lsmaelitae,
1355 5141 1408 5188 et
1432 5133 1632 5198 Persae,
1682 5143 1736 5190 et
1763 5136 2008 5190 Armenii
2057 5137 2140 5194 bis

565 5223 796 5289 subditi,
829 5231 885 5280 et
921 5222 1130 5287 lberes,
1163 5233 1217 5278 et
1253 5223 1572 5287 llomeritze,
1625 5236 1678 5280 et
1707 5227 1798 5296 qui
1854 5226 1962 5281 illis
2002 5227 2142 5283 inte-

564 5314 744 5369 riores
769 5322 921 5370 sunt.
946 5315 1161 5371 Venere
1187 5315 1357 5372 etiam
1391 5317 1546 5370 multi
1580 5317 1802 5372 ultimas
1826 5315 2142 5373 Occidentis

563 5417 693 5458 oras
724 5404 1056 5470 incolentes,
1093 5414 1148 5460 et
1179 5405 1426 5476 ilispani,
1462 5413 1517 5461 et
1554 5406 1828 5470 Britanni,
1871 5417 1924 5462 et
1979 5406 2138 5473 Galli,

567 5492 663 5562 qui
715 5491 913 5548 borum
973 5496 1192 5550 media'
1232 5497 1503 5552 obtinent.
1571 5495 1646 5552 De
1704 5494 1853 5551 Italia
1907 5511 2143 5566 namque

571 5599 968 5651 supervacuum
1006 5587 1321 5645 estdicere.
1355 5587 1557 5642 Ferunt
1599 5589 1744 5642 enim
1800 5589 2034 5642 maxima
2087 5590 2138 5644 in

2243 1746 2410 1798 πολυθ
2421 1745 2678 1818 ρύλλητον
2704 1745 2912 1818 ταύτην
2928 1746 3194 1800 κατέλαϐε
3213 1746 3447 1817 κορυφὴν,
3466 1746 3636 1815 θριγκίον
3648 1749 3676 1796 ἐν

2244 1836 2428 1907 κύκλῳ
2454 1837 2704 1906 γενέσθαι
2739 1840 3150 1908 παρεγγυήσας,
3191 1837 3365 1891 ἅλυσίν
3397 1853 3447 1889 τε
3471 1838 3522 1888 ἐκ
3546 1837 3675 1904 milites

2244 1929 2463 1998 πήχεων
2517 1928 2688 1980 εἴκοσι
2736 1928 3173 1990 κατασκευάσας,
3217 1929 3301 1981 καὶ
3340 1927 3508 1997 ταύτης
3535 1926 3674 1994 θατὲριν

2247 2022 2348 2092 μὲν
2393 2021 2567 2090 ἀρχὴν
2622 2021 2798 2093 πέτρᾳ
2851 2022 3090 2093 μεγίστῃ
3161 2019 3497 2091 προσηλώσας,
3533 2017 3672 2085 θατέριι

2243 2112 2298 2164 δὲ
2323 2112 2400 2181 τῷ
2428 2111 2586 2182 δεξιῷ
2620 2111 2743 2166 ποδὶ
2765 2113 3181 2184 προσαρμόσας,
3216 2111 3285 2175 ὡς
3329 2113 3386 2164 ἂν
3424 2111 3530 2181 μηδὲ
3563 2109 3671 2178 βουλί-

2231 2220 2406 2272 Δμενος
2441 2201 2546 2267 ἔξω
2589 2203 2696 2255 τῶν
2728 2203 2872 2272 ὅρων
2921 2203 3144 2256 ἐκείνων
3192 2203 3351 2265 ἀπίοι,
3390 2200 3538 2268 διῆγεν
3576 2198 3669 2255 ἔνεον,

2243 2294 2509 2365 διηνεκῶς
2552 2294 2644 2346 τὸν
2687 2294 2920 2366 οὐρανὸν
2981 2291 3384 2364 φανταζόμενος,
3425 2290 3500 2344 καὶ
3535 2289 3581 2341 τὰ
3612 2287 3669 2340 iw

2244 2385 2351 2436 τῶν
2402 2384 2646 2454 οὐρανῶν
2683 2384 2916 2456 θεωρεῖν
2957 2383 3287 2454 βιαζόμενος.
3333 2383 3398 2435 Οὐ
3434 2381 3519 2450 γάρ
3550 2378 3667 2430 ἐκώλυε

2243 2475 2343 2544 τῆς
2409 2474 2646 2538 διανοίας
2698 2475 2796 2544 τὴν
2849 2478 3052 2546 πτῆσιν
3094 2476 3122 2528 ό
3172 2473 3261 2526 τοῦ
3319 2473 3500 2542 σιδήρου
3539 2467 3666 2536 δεσμός.

2257 2564 2479 2637 Ἐπειδὴ
2509 2565 2566 2618 δὲ
2601 2565 2865 2630 Μελέτιος
2897 2569 2926 2620 ό
2956 2565 3271 2636 Θαυμάσιος,
3321 2562 3570 2616 ἐπισκοπεῖν
3588 2575 3665 2624 mw

2245 2659 2420 2712 καῦτα
2449 2658 2549 2728 τῆς
2592 2658 2867 2728 Ἀντιόχου
2902 2659 3117 2721 πόλεως
3149 2655 3441 2726 τεταγμένος
3463 2653 3535 2721 τὴν
3549 2649 3665 2720 χὼριν.

2243 2753 2385 2822 ἀνὴρ
2437 2752 2694 2822 φρονήσει
2738 2752 2832 2804 καὶ
2883 2751 3106 2805 συνέσει
3142 2750 3372 2820 λάμπων,
3415 2747 3488 2798 καὶ
3519 2739 3666 2810 ἀγχιννᾷ

2245 2844 2685 2914 κεκοσμημένος,
2721 2827 2985 2915 περιττὸν
3019 2844 3122 2914 ἔφη
3152 2842 3238 2896 τὸν
3279 2840 3475 2910 σίδηρον,
3499 2834 3666 2905 ἀρκούσης

2244 2939 2342 3005 τῆς
2373 2937 2596 3009 γνώμης
2631 2937 2825 3004 λογικὰ
2868 2938 2953 3006 τῷ
3000 2936 3210 3007 σώματι
3257 2933 3501 3003 περιθεῖναι
3537 2927 3664 2993 δεηιάυ

2237 3026 2354 3097 ⁴εἶξε
2390 3031 2508 3100 μὲν,
2541 3032 2635 3084 καί
2680 3030 2777 3100 τήν
2817 3029 3145 3099 παραίνεσιν
3187 3023 3420 3086 εὐπειθῶς
3448 3016 3666 3079 είσεδέξατθ’

2245 3121 2454 3194 χαλκέα
2498 3121 2554 3174 δὲ
2603 3121 2867 3191 κληθῆναι
2895 3119 3184 3183 κελεύσας,
3218 3116 3358 3170 λῦσαι
3385 3107 3593 3184 προσέταξε
3613 3103 3668 3154 τὸν

2245 3212 2461 3282 δεσμόν.
2510 3210 2728 3281 Ἐπειδὴ
2759 3211 2816 3264 δὲ
2850 3211 2950 3265 καὶ
3003 3211 3177 3281 δέρμα
3223 3209 3295 3278 τῷ
3339 3205 3467 3258 σκέλει
3507 3196 3668 3267 προσήρ-

2251 3320 2440 3373 μοσται
2478 3301 2553 3365 ὡς
2615 3303 2682 3355 ἂν
2728 3303 2800 3373 μὴ
2851 3302 3128 3373 λωϐηθείη
3177 3301 3277 3354 ὑπὸ
3321 3283 3667 3386 τοῦἑσιδήρονττδ
3726 3303 3727 3316 π

2249 3392 2427 3461 σῶμα,
2469 3391 2562 3444 καὶ
2600 3391 2706 3444 ἔδει
2759 3391 2854 3442 καὶ
2881 3391 3044 3444 τοῦτο
3076 3382 3481 3460 (συνερραμμένον
3502 3375 3578 3444 γὰρ
3597 3373 3663 3440 ἦνέν

2246 3483 2630 3554 διαρραγῆναι,
2685 3481 2901 3544 πλείους
2961 3483 2994 3552 ἢ
3054 3481 3222 3534 εῐκοσι
3273 3475 3504 3548 μεγίστους
3539 3465 3664 3558 ἔφασαν

2246 3575 2432 3645 κόρεις
2470 3575 2527 3625 ἐν
2551 3573 2745 3638 ἐκείνῳ
2775 3571 3017 3626 κατιδεῖν
3058 3560 3459 3641 ἐμφωλεύονταςο
3479 3557 3663 3656 sui}???

2246 3665 2351 3736 ἔφη
2377 3667 2404 3717 ό
2437 3664 2738 3734 θαυμάσιος
2780 3663 3074 3717 τεθεᾶσθαι
3102 3661 3362 3722 Μελέτιος.
3409 3649 3518 3718 Ἐγὼ
3549 3645 3662 3698 διέτ-

2245 3757 2650 3826 εμνημόνευσα,
2676 3755 2772 3824 τὴν
2803 3754 3008 3826 πολλὴν
3034 3755 3127 3809 τοῦ
3154 3752 3330 3822 ἀνδρὸς
3350 3739 3572 3800 κάντεῦθεν
3585 3749 3662 3800 καρ-

2244 3847 2432 3918 τερίαν
2461 3844 2789 3910 ἐπιδεικνύς.
2838 3846 3075 3918 Πιλῆσαι
3105 3845 3210 3916 γὰρ
3237 3845 3296 3914 τῇ
3327 3837 3446 3911 χειρὶ
3479 3827 3659 3932 τδ-δέίίαι

2246 3941 2340 3994 καὶ
2371 3940 2682 4009 διαφθεῖραι
2711 3941 2918 4004 πάντας
2951 3941 3246 4010 δυνάμενος
3278 3932 3463 4008 ῥᾳδίως,
3485 3925 3562 3977 τῶν
3577 3925 3662 4018 ἀνιε-

2248 4029 2359 4102 ρῶν
2387 4030 2682 4100 δηγμάτων
2735 4029 2985 4099 ἠνείχετο
3025 4026 3314 4100 καρτερῶν,
3359 4025 3407 4075 ἐν
3427 4019 3512 4078 τοῖς
3537 4019 3661 4110 Fui":

2245 4123 2344 4192 τὴν
2371 4123 2480 4174 τῶν
2510 4121 2774 4194 μειζόνων
2811 4122 3042 4192 ἀγώνων
3084 4117 3429 4185 ἀσπαζόμενος
3451 4111 3660 4194 lupus?"

2246 4189 2360 4285 Τῆς
2417 4189 2598 4268 τοίλνυν
2649 4217 2836 4286 φήμης
2863 4189 3123 4269 νπάντοσε
3169 4189 3661 4308 διαθεούσηςλιῖνῗίῖεῖ

2247 4303 2508 4368 ἅπαντες,
2547 4303 2647 4374 οὐχ
2693 4305 2742 4356 οἱ
2799 4303 3197 4371 γειτονεύοντες
3243 4298 3401 4366 μόνον,
3441 4285 3541 4340 ἀλλὰ
3563 4283 3661 4331 καὶοι

2246 4393 2456 4447 πολλῶν
2491 4395 2714 4465 ἡμερῶν
2763 4393 3140 4464 ἀφεστηκότες
3177 4391 3316 4445 ὀδόν·
3361 4385 3420 4477 οίΔ

2247 4486 2443 4555 μένους
2499 4485 2561 4538 τὸ
2624 4484 2784 4554 σῶμα
2842 4486 3258 4556 προσφέροντες,
3309 4478 3352 4530 οἱ
3385 4473 3432 4527 δὲ
3475 4467 3662 4538 meum;

2245 4577 2433 4645 ὑγείαν
2473 4578 2772 4642 αίτοῦντες,
2802 4579 2850 4630 οἱ
2879 4577 2936 4630 δὲ
2979 4576 3213 4647 πατέρας
3255 4565 3470 4640 γενέσθαι
3726 4627 3727 4630 η

2243 4667 2481 4730 λοῦντες.
2507 4667 2602 4720 καὶ
2622 4667 2650 4720 δ
2678 4667 2830 4738 παρὰ
2851 4667 2947 4738 τῆς
2973 4669 3183 4736 φύσεως
3207 4663 3300 4716 ούκ
3325 4655 3497 4711 ἔλαϐον,
3519 4649 3660 4738 ἱκέτευον

2242 4760 2309 4813 δι’
2338 4759 2544 4812 ἐκείνου
2574 4759 2778 4814 λαϐεῖν.
2801 4760 3178 4830 Λαμὸάνοντες
3203 4757 3273 4818 δὲ,
3297 4751 3380 4806 καὶ
3399 4747 3484 4800 τῶν
3497 4736 3660 4804 αἰτὴπων

2244 4851 2631 4917 ἀπολαύοντες,
2653 4861 2662 4868 ‘
2684 4852 2800 4921 μετ’
2845 4850 3179 4922 εὐφροσύνης
3209 4846 3300 4918 μὲν
3329 4835 3584 4924 ἐπανῄεσοψ

2247 4943 2536 5016 ρύττοντες
2561 4943 2620 4996 δὲ
2650 4919 2749 5006 τάς
2781 4919 3101 5015 εὐεργεσίας
3129 4919 3201 4994 ὧν
3240 4937 3424 5003 ἔτυχονν

2247 5034 2395 5099 σίους
2425 5033 2534 5086 τῶν
2559 5032 2739 5086 αὐτῶν
2792 5033 3148 5104 δεησομένους
3178 5028 3464 5094 ἐξέπεμπον.
3508 5011 3658 5104 Ουτοι-οξ

2250 5129 2465 5180 πάντων
2502 5124 2837 5196 πανταχόθεν
2877 5122 3295 5195 ἀφικνουμένων,
3323 5116 3404 5168 καὶ
3430 5108 3563 5200 πᾴσης

2245 5218 2488 5287 ποταμὸν
2521 5183 2889 5288 μιμοτέξιένηςν
2917 5183 3146 5283 πέλαγός
3172 5206 3438 5278 ἀνθρώπων
3725 5183 3727 5264 1

2390 5271 2402 5287 ι
2521 5271 2534 5286 ι
2589 5271 2600 5287 ι
2697 5271 2709 5288 ι
2824 5271 2889 5288 I"
3068 5271 3079 5283 '
3129 5271 3143 5276 '
3272 5271 3281 5278 '
3601 5276 3608 5288 ν
3631 5285 3652 5298 ι.
3726 5279 3727 5300 1

2247 5312 2306 5364 ὲν
2341 5309 2534 5379 ἐκείνῳ
2559 5309 2951 5379 συνιστάμενον
2998 5307 3073 5377 τῷ
3106 5303 3281 5376 χωρίῳ
3310 5297 3417 5356 τοὺς
3444 5271 3658 5407 manli;

2250 5400 2270 5407 -
2357 5401 2368 5407 -
2817 5399 2828 5407 .
2970 5405 2992 5407 _
3013 5401 3024 5407 -
3118 5398 3127 5407 .
3285 5392 3296 5407 ο
3336 5406 3340 5407 ,
3419 5384 3452 5407 -2
3499 5389 3567 5407 ριν-υ

2245 5400 2536 5471 δεχόμενον
2563 5399 2885 5470 ¹«ιι-ποταμούς.
2959 5401 3033 5452 Οὐ
3069 5398 3173 5465 γὰρ
3235 5392 3374 5464 μόνον
3416 5384 3453 5435 οἱ

2452 5465 2780 5560 οἰκουμένην
2823 5490 3094 5551 οἰκοῦντες
3147 5480 3446 5556 συρῤέουσιν.
3726 5567 3727 5570 η

2260 5557 2616 5655 "insaniant,
2652 5584 2744 5638 καὶ
2772 5585 2997 5655 Πέρσαι,
3058 5579 3144 5634 καὶ
3205 5570 3439 5644 Ἀρμένιοι
3480 5558 3515 5610 Ol
3541 5557 3652 5602 τθυτ⁶³⁴
