3898 6196
213 340 345 405 1473

1416 340 1821 402 ΡιΕΙᾸῧΙΟδΑ
1862 342 2246 405 HISTORIA.

3322 343 3456 408 1474

210 454 525 528 ὑποχείριοι,
562 452 653 506 καὶ
680 450 912 522 Ἴϐηρες,
962 452 1053 505 καί
1093 452 1403 522 ὀμηρῖται,
1436 453 1526 505 καί
1553 454 1604 503 οἰ
1636 453 1776 504 ὲκεί-

1887 453 2053 507 Roma
2083 455 2356 510 celebrem
2410 454 2547 510 adeo
2597 457 2774 510 virum
2811 470 2953 519 esse,
2993 465 3054 511 ut
3104 456 3157 512 in
3197 458 3456 514 omnibus

208 566 312 602 νων
339 546 622 617 ὲνδότεροι.
646 545 934 615 Ἀφίκοντο
960 545 1017 598 δὲ
1046 545 1231 597 πολλοὶ
1254 545 1351 607 τὰς
1376 545 1477 613 τῆς
1509 545 1780 615 Ἑσπέρας

206 639 477 699 οἰκοῦντες
506 635 782 707 ἐσχατιὰς,
832 637 1030 691 Σπάνοι
1077 654 1137 690 τε
1186 637 1278 689 καὶ
1324 637 1633 707 Βρεττανοὶ,
1687 637 1780 689 καὶ

206 727 459 792 Γαλάται,
482 728 532 780 οἰ
554 727 616 779 τὸ
643 728 805 797 μέσον
827 724 1032 779 τούτων
1062 726 1403 795 κατέχοντες.
1440 726 1573 795 Περὶ
1599 726 1707 796 γὰρ
1728 728 1772 759 ⁸¹

1889 543 2231 599 oﬂicinarum
2261 545 2549 602 vestibulis
2609 561 2807 617 parvas
2863 548 2986 617 ejus
3038 549 3304 619 imagines
3338 558 3454 603 sta-

1888 642 2064 698 tuant,
2096 634 2325 689 tutelam
2355 650 2421 690 ex
2459 635 2544 691 his
2574 637 2873 705 quamdam
2910 639 3015 693 sibi
3048 648 3102 695 et
3132 640 3453 710 praesidium

1883 732 2290 795 comparantes.

219 820 444 882 Ἰταλίας
491 819 745 890 περιττὸν
814 818 909 873 καὶ
954 818 1156 885 λέγειν.
1202 819 1339 870 Φασί
1386 818 1496 888 γάρ
1544 816 1716 879 οὕτως
1759 816 1817 868 ὲν
1858 842 1863 845 -
1899 815 2086 888 Ῥώμῃ
2144 818 2211 886 τῇ
2275 816 2506 887 μεγίστη
2564 817 3002 890 πολυθρύλλητον
3050 820 3303 888 γενέσθαι
3365 818 3457 874 τὸν

204 916 389 987 ἄνδρα,
422 916 498 979 ὡς
528 917 587 968 ὲν
629 915 800 969 ἅπασι
838 917 951 977 τοῖς
992 913 1099 966 τῶν
1163 913 1542 986 ἐργαστηρίων
1622 910 1981 981 προπυλαίοις
2048 911 2263 975 εἰκόνας
2304 911 2454 983 αὐτῷ
2502 912 2763 983 βραχείας
2807 913 3131 984 ἀναστῆσαι,
3209 913 3457 987 φυλακήν

203 1025 322 1062 τινα
371 1007 553 1077 σφίσιν
601 1008 786 1071 αὐτοῖς
830 1007 923 1060 καὶ
977 1005 1277 1074 ἀσφάλειαν
1327 1004 1576 1058 ἐντεῦθεν
1618 1004 1956 1074 πορίζοντας.

284 1098 501 1168 Ἐπειδὴ
529 1098 707 1151 τοίνυν
733 1096 968 1168 ἀριθμοῦ
991 1098 1271 1168 κρείττους
1300 1099 1348 1149 οἰ
1370 1095 1778 1167 ἀφικνούμενοι,

204 1188 540 1261 προσψαύειν
570 1188 628 1241 δὲ
680 1188 918 1250 ἅπαντες
963 1189 1299 1260 ἐπεχείρουν,
1345 1190 1439 1242 καί
1476 1204 1600 1243 τινα
1630 1187 1783 1241 εὐλο-

201 1281 327 1348 γίαν
356 1280 463 1333 ἀπὸ
498 1279 606 1332 τῶν
646 1279 983 1350 δερματίνων
1008 1280 1230 1333 ἐκείνων
1271 1281 1501 1351 ἱματίων
1528 1282 1736 1352 τρυγᾷν
1758 1297 1773 1312 ⁸

203 1371 424 1443 πρῶτον
453 1371 551 1441 μὲν
578 1371 678 1439 τῆς
725 1372 892 1441 τιμῆς
922 1371 984 1424 τὸ
1023 1372 1360 1443 ὑπερϐάλλον
1400 1373 1601 1426 άτοπον
1640 1368 1778 1425 εἶναι

201 1461 461 1529 νομίζων,
519 1460 708 1514 ἔπειτα
760 1461 854 1514 καὶ
900 1460 994 1515 τοῦ
1044 1462 1369 1533 πράγματος
1415 1463 1475 1515 τὸ
1520 1463 1777 1517 ἐπίπονον

199 1553 589 1623 δυσχεραίνων,
617 1551 716 1623 τὴν
742 1554 833 1605 ἐπὶ
850 1552 943 1606 τοῦ
963 1554 1140 1617 κίονος
1159 1554 1544 1625 ἐμηχανήσατο
1565 1555 1774 1609 στάσιν.

208 1643 434 1713 Πρῶτον
467 1641 565 1711 μὲν
601 1641 661 1705 ἒξ
687 1643 908 1711 πήχεων
933 1643 1210 1712 τμηθῆναι
1232 1642 1515 1707 κελεύσας,
1541 1639 1661 1697 εἶτα
1687 1642 1780 1696 δύο

203 1733 301 1787 καὶ
329 1731 481 1795 δέκα,
516 1733 652 1803 μετὰ
680 1732 735 1785 δὲ
761 1733 933 1786 ταῦτα
959 1733 1051 1786 δύο
1080 1734 1173 1787 καὶ
1199 1735 1392 1799 εἰκοσι,
1421 1735 1517 1788 νῦν
1534 1735 1589 1788 δὲ
1613 1734 1673 1799 ἒξ
1687 1735 1781 1787 καὶ

204 1825 496 1894 τριάκοντα
516 1838 530 1854 ο
557 1824 860 1893 ἀναπτῆναι
889 1823 996 1894 γὰρ
1024 1826 1105 1888 εἰς
1136 1826 1364 1897 οὐρανὸν
1398 1826 1631 1895 ἐφίεται,
1683 1826 1781 1879 καὶ

202 1912 303 1981 τῆς
333 1912 572 1981 ἐπιγείου
615 1910 819 1981 ταύτης
851 1912 1234 1983 ἀπαλλαγῆναι
1278 1914 1581 1986 διατριϐῆς.
1639 1912 1781 1983 Ἐγὼ

202 2001 259 2054 δὲ
283 2000 403 2054 οὐδὲ
434 1998 531 2072 τῆς
569 2001 719 2065 θείας
758 2001 885 2055 ἄνευ
925 2004 1239 2074 οἰκονομίας
1281 2004 1485 2076 ταύτην
1531 2004 1777 2057 πιστεύω

203 2092 457 2159 γενέσθαι
481 2094 581 2162 τὴν
608 2093 817 2147 στάσιν.
857 2086 1045 2163 υῦπερ
1083 2096 1267 2150 εἵνεκα
1305 2097 1430 2159 τοὺς
1485 2095 1785 2166 μεμψιμοί-

207 2201 335 2255 ρους
395 2184 695 2256 παρακαλῶ
759 2185 1056 2256 χαλινῶσαι
1103 2188 1204 2259 τὴν
1260 2189 1529 2257 γλῶτταν,
1564 2190 1659 2244 καὶ
1706 2190 1782 2259 μὴ

206 2276 527 2347 ἐπιτρέπειν
554 2276 630 2339 ὡς
657 2276 814 2348 ἔτυχε
839 2278 1099 2349 φέρεσθαι
1126 2297 1141 2311 ·
1175 2284 1394 2334 σκοπεῖν
1430 2281 1509 2345 δὲ,
1542 2282 1617 2345 ὡς
1656 2281 1784 2335 πολ-

204 2366 365 2429 λάκις
390 2366 615 2422 τοιαῦτα
644 2368 672 2421 ὁ
704 2369 985 2440 Δεσπότης
1029 2370 1138 2424 τῶν
1178 2372 1563 2444 ρᾳθυμοτέρων
1597 2372 1783 2427 ἕνεκεν

204 2457 473 2526 ὡφελείας
495 2462 897 2531 ἐμηχανήσατο.
929 2462 1039 2516 Καὶ
1062 2463 1171 2535 γὰρ
1199 2464 1291 2517 τὸν
1331 2464 1557 2517 Ἡσαΐαν
1576 2464 1783 2535 γυμνὸν

205 2550 304 2602 καὶ
330 2550 666 2618 άνυπόδητον
707 2550 921 2619 βαδίσαι
956 2552 1257 2624 προσέταξε
1278 2571 1292 2584 ’
1346 2556 1439 2608 καὶ
1468 2554 1559 2608 τὸν
1622 2554 1780 2627 Ἰερε·

201 2640 338 2710 μίαν
371 2640 696 2716 περίζωσμα
725 2645 789 2711 τῇ
826 2642 992 2710 ὀσφύϊ
1025 2644 1349 2714 περιθεῖναι,
1374 2646 1467 2698 καὶ
1505 2644 1648 2699 οὕτω
1673 2648 1784 2710 τοῖς

197 2729 456 2784 ἁπειθέσι
487 2731 818 2803 προσφέρειν
841 2733 942 2803 τὴν
970 2736 1308 2808 προφητείαν
1333 2753 1348 2767 ο
1391 2739 1484 2790 καὶ
1513 2737 1700 2792 ἄλλοτε
1726 2736 1783 2791 δὲ

199 2820 421 2883 κλοιοὺς
461 2820 700 2885 ξυλίνους
731 2823 823 2875 καὶ
844 2824 1096 2896 σιδηροῦς
1138 2826 1276 2896 μετὰ
1314 2827 1487 2881 ταῦτα
1531 2828 1609 2899 τῷ
1655 2846 1786 2899 τρα-

200 2911 357 2983 χήλῳ
413 2912 724 2981 περιόαλεῖν
752 2931 767 2945 ο
793 2915 889 2967 καί
941 2915 1021 2985 τῷ
1070 2917 1231 2989 Ὠσηὲ
1292 2921 1526 2986 γυναῖκα
1581 2920 1785 2991 πόρνην

205 3002 421 3066 λαϐεῖν,
456 3004 546 3055 καὶ
594 3000 752 3067 αὖθις
804 3006 1090 3075 ἀγαπῆσαι
1129 3010 1359 3074 γυναῖκα
1394 3009 1637 3079 πονηρὰν
1690 3012 1785 3065 καὶ

205 3094 497 3165 μοιχαλίδα
523 3110 537 3125 ⁸
584 3094 677 3147 κα)⁸
707 3094 784 3165 τῷ
827 3094 1105 3168 Ἰεζεκιὴλ,
1158 3098 1253 3149 ἐπὶ
1291 3097 1384 3150 τοῦ
1415 3099 1588 3166 δεξιοῦ
1623 3101 1785 3153 πλευ-

1963 1094 2236 1161 Quoniam
2267 1104 2449 1151 autem
2479 1094 2912 1151 innumerabiles
2939 1102 3095 1149 erant
3123 1096 3216 1164 qui
3252 1097 3456 1152 adven-

1887 1188 2099 1247 tabant.
2160 1195 2214 1242 et
2269 1195 2496 1257 tangere
2554 1203 2746 1244 omnes
2779 1188 3145 1253 conabantur,
3191 1196 3356 1257 atque
3390 1205 3458 1245 ex

1885 1277 2129 1347 pelliceis
2166 1277 2275 1333 illis
2305 1279 2551 1333 vestibus
2584 1278 3024 1333 benedictionem
3058 1278 3296 1348 aliquam
3323 1278 3461 1333 han-

1884 1368 2037 1422 rire:
2077 1368 2320 1437 primum
2356 1369 2581 1423 nimiam
2633 1370 2859 1424 honoris
2895 1369 3331 1438 magnitudinem
3366 1369 3461 1422 ah-

1886 1456 2114 1511 surdam
2143 1458 2494 1524 existimans,
2515 1458 2712 1513 deinde
2732 1473 2846 1514 rem
2877 1466 2935 1512 ut
2964 1458 3292 1513 laboriosam
3318 1475 3460 1530 azgre

1885 1547 2090 1613 ferens,
2133 1548 2426 1603 stationem
2456 1550 2510 1603 in
2540 1549 2796 1604 columna
2826 1550 3179 1619 excogitavit.
3206 1550 3283 1603 Ac
3310 1551 3462 1619 prin-

1885 1640 2031 1710 cipio
2063 1640 2285 1709 quidem
2347 1654 2440 1695 sex
2502 1640 2815 1696 cubitorum
2855 1640 2991 1695 caedi
3046 1639 3238 1710 jussit,
3270 1647 3459 1710 postea

1886 1729 2200 1793 duodecim.
2232 1740 2348 1785 tum
2400 1730 2601 1786 deinde
2660 1731 2897 1786 duorum
2955 1740 3010 1785 et
3041 1730 3255 1801 viginti,
3312 1745 3462 1785 nunc

1887 1835 2017 1874 vero
2070 1836 2162 1876 sex
2230 1829 2284 1876 et
2326 1821 2570 1891 triginta.
2609 1820 2840 1876 Evolare
2889 1836 3128 1891 namque
3160 1821 3215 1875 in
3260 1821 3459 1877 caelum

1885 1912 2062 1981 cupit,
2095 1922 2148 1967 et
2178 1912 2248 1966 ab
2274 1912 2377 1967 hac
2436 1921 2658 1967 terrena
2724 1914 3147 1968 conversatione
3181 1911 3458 1968 recedere.

1886 2003 1999 2074 Ego
2025 2019 2156 2059 vero
2187 2005 2479 2060 stationem
2534 2006 2674 2060 hanc
2722 2020 2830 2059 non
2864 2005 3072 2076 absque
3114 2006 3300 2061 divino
3328 2021 3460 2060 con-

1884 2098 2012 2152 silio
2052 2096 2248 2152 factam
2298 2097 2488 2153 credo.
2525 2096 2891 2163 Quamobrem
2922 2114 3019 2154 eos
3066 2113 3165 2152 oro
3199 2114 3341 2169 quos
3370 2113 3459 2153 rc-
3550 2128 3553 2131 ι

1883 2188 2222 2258 prehendere
2260 2187 2514 2251 delectat,
2548 2197 2609 2243 ut
2648 2189 2847 2259 linguas
2900 2188 3116 2244 frenum
3170 2190 3461 2260 injiciant,

1884 2293 2062 2348 neque
2096 2278 2307 2348 1273
2335 2280 2483 2333 illam
2519 2290 2725 2334 temere
2764 2279 2898 2333 ferri
2933 2281 3161 2336 sinant:
3202 2280 3298 2335 sed
3332 2294 3463 2335 con-

1883 2370 2130 2425 siderent
2158 2368 2447 2423 Dominum
2480 2370 2609 2423 talia
2633 2384 2877 2439 persaepe
2907 2370 2973 2424 ad
3006 2371 3323 2439 segniorum
3351 2370 3461 2424 uti-

1884 2462 2095 2516 litatem
2130 2460 2465 2514 instituisse.
2499 2458 2630 2512 Nam
2659 2468 2714 2515 et
2746 2460 2934 2514 Isaiam
2969 2471 2991 2498 ³
3023 2460 3228 2515 nudum
3258 2461 3463 2517 discal-

1884 2560 2212 2622 ceatumque
2242 2551 2686 2621 incederejnssit
2722 2568 2736 2605 :
2782 2540 2863 2611 ,et‘
2896 2548 3189 2606 Jeremiam
3221 2552 3241 2586 ί
3278 2552 3463 2604 accin-

1885 2660 2012 2715 gere
2049 2644 2265 2699 lumbos
2296 2657 2449 2706 suos,
2480 2653 2643 2713 atque
2681 2643 2754 2697 ita
2781 2642 3127 2713 prophetiam
3164 2640 3463 2696 incredulis

1886 2732 2201 2788 eﬂ'errezet
2251 2731 2550 2802 aliquando
2606 2740 2831 2786 catenas
2889 2731 3097 2800 ligneas
3154 2738 3210 2786 et
3271 2739 3461 2802 postea

1887 2822 2099 2879 ferreas
2128 2823 2274 2878 collo
2306 2822 2627 2893 imponere:
2661 2832 2715 2879 et
2756 2821 2950 2878 Oscam
2984 2838 3212 2878 uxorem
3245 2838 3464 2879 sumere

1887 2914 2264 2981 fornicariam,
2300 2924 2355 2971 et
2385 2930 2584 2970 rursus
2621 2915 2850 2985 diligere
2881 2930 3109 2970 uxorem
3152 2930 3375 2986 pravam
3407 2923 3464 2972 et

1886 3007 2212 3062 adulteram.
2264 3006 2332 3061 Et
2370 3006 2711 3063 Ezechielem
2738 3017 2767 3046 ν
2802 3023 2966 3079 super
3011 3009 3155 3064 latus
3206 3008 3459 3065 dextrum

1886 3098 2130 3154 dormire
2162 3098 2281 3155 dies
2305 3100 2693 3170 quadraginta,
2724 3108 2778 3154 et
2811 3116 2978 3169 super
3010 3101 3296 3156 sinistrum
3329 3117 3460 3157 cen-

203 3182 308 3256 ροῦ
348 3184 757 3256 τεσσαράκοντα
813 3186 1209 3257 κατακλιθῆναι
1257 3188 1503 3260 ἡμέρας,
1555 3191 1650 3244 καὶ
1693 3193 1782 3245 ἐπὶ

1887 3199 1999 3244 tum
2042 3198 2097 3245 et
2133 3190 2575 3261 quinquaginta:
2630 3201 2683 3246 et
2726 3206 2971 3258 rursum,
3029 3193 3317 3263 perfodere
3354 3195 3459 3250 sibi

200 3276 302 3331 τοῦ
336 3276 618 3347 εὐωνύμου
678 3278 1015 3348 πεντήκοντα
1048 3277 1141 3331 καὶ
1179 3278 1406 3332 ἑκατόν·
1450 3280 1545 3333 καί
1599 3282 1782 3347 πάλιν,

202 3366 450 3436 διορῦξαι
496 3372 693 3440 τοῖχον,
732 3371 827 3423 καὶ
872 3369 1140 3439 φεύγοντα
1190 3370 1443 3437 ἐξελθεῖν,
1488 3374 1581 3425 κα)⁸
1625 3376 1787 3445 αἰχμ-

216 3460 458 3513 αλωσίαν
487 3462 545 3513 ὲν
576 3462 751 3531 ἑαυτῷ
772 3462 1089 3532 διαγράψαν
1110 3463 1202 3515 καὶ
1222 3463 1409 3517 ἄλλοτε
1443 3464 1498 3518 δὲ
1525 3464 1676 3535 ξίφος
1708 3466 1787 3528 εἰς

206 3552 395 3623 ἀκμὴν
426 3552 759 3623 παραθῆξαι,
786 3554 880 3606 καὶ
904 3551 1167 3623 ξύρασθαι
1184 3554 1358 3624 τούτῳ
1391 3554 1488 3626 τὴν
1519 3556 1783 3627 κεφαλὴν,

208 3645 303 3697 καὶ
332 3642 573 3713 τετραχῆ
598 3643 697 3706 τὰς
733 3647 926 3713 τρίχας
956 3642 1175 3708 διελεῖν,
1222 3646 1318 3697 καὶ
1349 3645 1641 3717 ἀπονεῖμαι
1688 3648 1787 3711 τὰς

211 3736 314 3805 μὲν
341 3737 421 3799 εἰς
446 3734 586 3801 τόδε,
618 3735 714 3797 τὰς
740 3734 795 3787 δὲ
825 3735 905 3797 εἰς
931 3734 1073 3797 τόδε,
1127 3734 1212 3787 ἰνα
1256 3735 1329 3805 μὴ
1358 3736 1574 3791 ἅπαντα
1613 3753 1785 3792 κατα-

209 3830 373 3897 λέγω.
408 3828 656 3881 Γίνεσθαι
690 3827 746 3880 δὲ
783 3826 987 3880 τούτων
1030 3826 1261 3880 ἕκαστον
1306 3828 1637 3899 προσέταττε
1675 3828 1785 3882 τῶν

208 3921 345 3973 δλων
382 3922 411 3973 ό
438 3920 721 3991 πρύτανις,
752 3920 880 3983 τοὺς
912 3918 1055 3988 λόγῳ
1102 3918 1177 3989 μὴ
1228 3919 1605 3989 πειθομένους,
1650 3920 1785 3989 μηδὲ

213 4008 307 4076 τῆς
338 4009 674 4078 προφητείας
708 4009 921 4061 ἐπαΐειν
964 4008 1347 4077 ἀνεχομένους,
1390 4007 1469 4077 τῷ
1515 4011 1616 4076 τῆς
1653 4007 1786 4059 θεω-

216 4100 336 4166 ρίας
389 4099 676 4167 παραδόξῳ
729 4099 1022 4166 συλλέγων,
1083 4100 1178 4151 καὶ
1239 4098 1350 4150 τῶν
1398 4097 1785 4168 θεσπισμάτων

208 4185 430 4241 ἀκούειν
478 4188 934 4255 παρασκευάζων.
980 4188 1078 4249 Τίς
1126 4188 1236 4254 γὰρ
1259 4188 1360 4239 ούκ
1405 4188 1470 4241 ἂν
1509 4188 1781 4259 ἐξεπλάγη

210 4277 354 4331 θεῖον
380 4276 666 4347 ἄνθρωπον
695 4277 902 4346 γυμνὸν
943 4276 1228 4347 βαδίζοντα
1255 4278 1509 4349 θεωρῶν;
1563 4280 1655 4343 Τίς
1684 4281 1785 4334 ούκ

211 4368 277 4422 ἂν
305 4369 404 4439 τὴν
428 4367 604 4421 αἰτίαν
638 4367 733 4421 τοῦ
772 4367 1095 4437 γιγνομένου
1154 4368 1346 4439 μαθεῖν
1377 4370 1645 4442 ὲπόθησε;
1687 4371 1783 4435 Τίς

208 4461 266 4514 δὲ
288 4461 388 4513 οὐκ
420 4459 485 4514 ἂν
514 4460 709 4530 ῆρετο’
750 4460 815 4512 Τί
853 4461 1052 4530 δήποτε
1098 4462 1273 4533 πόρνῃ
1305 4466 1569 4517 συνοικεῖν
1596 4465 1624 4517 ὁ
1649 4480 1783 4536 προ-

1889 3280 2175 3350 parietem,
2212 3287 2266 3335 et
2301 3296 2396 3350 per
2426 3296 2551 3335 eum
2583 3279 2845 3352 eﬂugere,
2875 3283 3370 3355 captivitatemque
3403 3286 3459 3340 in

1886 3374 2073 3443 seipso
2114 3373 2406 3444 designare
2445 3392 2460 3428 :
2498 3374 2635 3429 alias
2684 3375 2845 3429 etiam
2878 3383 2905 3412 ι
2936 3376 3100 3446 gladii
3144 3380 3317 3432 aciem
3362 3395 3459 3434 ex-

1892 3480 2112 3532 acuere,
2144 3473 2199 3521 et
2226 3475 2388 3535 caput
2414 3465 2626 3529 radere,
2664 3467 2916 3536 pilosque
2949 3468 3340 3537 quadrifariam
3372 3469 3460 3523 di-

1887 3559 2091 3623 videre,
2121 3566 2285 3628 atque
2316 3557 2422 3612 hoc
2447 3556 2538 3612 illa
2568 3565 2743 3627 parte,
2772 3566 2826 3612 et
2863 3558 2962 3611 hac
2991 3559 3122 3613 illud
3158 3559 3354 3623 facere,
3390 3575 3460 3614 ne

1886 3651 2070 3706 omnia
2121 3664 2497 3722 percenseam.
2567 3648 2775 3703 Horum
2838 3650 3272 3720 unumquodque
3340 3650 3457 3704 lieri

1882 3740 2048 3811 jussit
2069 3741 2453 3796 universorum
2482 3738 2813 3799 moderator,
2834 3754 2931 3792 eos
2962 3739 3056 3807 qui
3084 3738 3321 3793 sermoni
3349 3754 3458 3791 non

1887 3829 2171 3901 parebant,
2202 3837 2256 3883 et
2282 3828 2584 3899 prophetia:
2630 3844 2798 3883 aures
2834 3829 3078 3898 praebere
3110 3828 3455 3894 abnuebant,

1886 3919 2186 3991 spectaculi
2220 3920 2645 3974 admirabilitate
2668 3921 2956 3990 colligens,
2980 3932 3032 3973 et
3060 3921 3125 3973 ad
3160 3920 3459 3975 audiendas

1887 4013 2309 4067 vaticinationes
2342 4013 2629 4067 inducens.
2667 4012 2804 4077 Quis
2831 4013 2975 4066 enim
3003 4026 3113 4065 non
3153 4012 3456 4080 obstupuit,

1886 4119 2011 4157 cum
2045 4103 2287 4156 divinum
2320 4103 2593 4156 hominem
2653 4104 2860 4156 nudum
2894 4102 3266 4156 ambulantem
3307 4103 3459 4157 vide-

1887 4198 1969 4245 ret
1996 4193 2020 4245 ?
2048 4191 2175 4260 quis
2213 4192 2333 4259 ejus
2363 4192 2440 4245 rei
2471 4205 2696 4244 causam
2728 4204 3071 4260 cognoscere
3102 4205 3211 4244 non
3246 4190 3462 4245 deslde—

1887 4283 2069 4337 ravit?
2099 4280 2232 4347 Quis
2259 4296 2423 4350 porro
2453 4280 2769 4334 sciscitatus
2814 4294 2923 4333 non
2954 4287 3060 4346 est,
3097 4297 3199 4335 cur
3238 4281 3457 4335 tandem

1885 4390 2007 4428 cum
2040 4374 2337 4427 fornicaria
2396 4372 2641 4426 habitare
2693 4372 2956 4442 propheta
2993 4387 3100 4425 non
3154 4374 3460 4441 gravetur?

1890 4464 1957 4520 Ut
1988 4464 2152 4532 igitur
2173 4464 2366 4518 horum
2392 4464 2829 4533 unumquodque
2861 4463 3245 4517 universorum
3277 4462 3457 4519 Dcus‘

211 4551 389 4621 φήτης
412 4550 701 4621 άνέχεται;
736 4549 999 4621 Καθάπερ
1023 4551 1205 4605 τοίνυν
1242 4552 1467 4605 ἐκείνων
1507 4553 1782 4607 ἓκαστονό

1892 4556 2010 4612 lieri
2040 4557 2226 4627 jussit,
2264 4565 2323 4611 ut
2352 4557 2668 4626 ignavorum
2694 4570 2758 4610 ac
2792 4554 3043 4611 desidum
3076 4556 3300 4609 utilitati
3332 4571 3459 4609 con-

208 4642 318 4694 τῶν
346 4642 483 4695 ὅλων
511 4642 643 4706 Θεὸς
665 4642 918 4710 γενέσθαι
938 4641 1264 4713 προσέταξε,
1283 4642 1384 4711 τῆς
1401 4643 1509 4695 τῶν
1532 4642 1783 4714 ῥᾳστώνῃ

211 4736 495 4799 συζώντων
547 4735 1000 4807 προμηθούμενος
1043 4734 1350 4805 ὠφελείαςο
1403 4733 1547 4788 οὔτω
1588 4736 1682 4789 καὶ
1722 4734 1783 4789 τὸ

210 4828 397 4883 καινὸν
420 4829 578 4881 τοῦτο
607 4826 703 4880 καὶ
737 4827 1042 4900 παράδοξον
1074 4827 1445 4897 ὲπρυτάνευσε
1471 4827 1669 4897 θέαμα,
1705 4825 1783 4897 τῷ

210 4921 349 4992 ξένῳ
377 4922 583 4983 πάντας
616 4920 791 4975 ἕλκων
834 4921 916 4984 είς
962 4919 1215 4990 θεωρίαν,
1262 4921 1355 4973 καὶ
1389 4920 1619 4991 πιθανὴν
1670 4921 1783 4983 τοῖς

209 5014 624 5083 ἀφικνουμένοις
679 5010 1116 5085 παρασκευάζων
1172 5012 1271 5083 τὴν
1336 5012 1784 5084 προσφερομένην

210 5104 556 5175 παραίνεσιν.
599 5103 673 5155 Τὸ
705 5104 814 5174 γὰρ
847 5102 1033 5156 καινὸν
1072 5101 1168 5155 τοῦ
1219 5102 1490 5173 θεάματος
1527 5104 1783 5173 ἐνέχυρον

210 5195 503 5267 ἀξιόχρεων
533 5194 740 5263 γίνεται
759 5195 851 5248 τοῦ
875 5194 1201 5266 διδάγματος
1226 5212 1239 5225 ·
1280 5196 1373 5248 καὶ
1397 5195 1426 5246 ὁ
1450 5196 1529 5258 εἰς
1549 5195 1784 5265 θεωρίαν

211 5287 605 5356 ἀφικνούμενος
646 5287 718 5339 τά
749 5287 867 5339 θεῖα
901 5285 1206 5349 παιδευθεὶς
1250 5285 1629 5357 ἐπανέρχεται.
1672 5286 1783 5339 Καὶ

288 5452 311 5481 ³
343 5442 446 5499 lsa.
481 5459 571 5506 xx,
594 5443 649 5496 2.
732 5440 975 5505 Herem.
1012 5461 1050 5509 ι,
1094 5444 1158 5498 l7
1181 5458 1195 5508 ;
1221 5458 1410 5509 xxvm,
1440 5443 1527 5514 12.

1604 5453 1631 5481 υ
1665 5442 1823 5496 Osee.
1858 5442 1993 5507 1.2;
2031 5442 2193 5507 111,1.

1898 4651 2144 4705 suleret:
2184 4651 2264 4705 sic
2293 4660 2347 4703 et
2386 4664 2586 4703 novum
2627 4648 2772 4701 istud
2811 4645 3301 4717 admirandumque
3334 4661 3456 4717 spe-

1889 4739 2165 4793 ctaculum
2199 4738 2457 4800 instituit,
2502 4746 2560 4791 ut
2586 4752 2778 4791 omnes
2809 4736 2887 4791 rel
2939 4736 3183 4791 novitate
3233 4736 3299 4791 ad
3340 4750 3459 4805 spe-

1889 4831 2152 4885 ctandum
2177 4830 2541 4899 pertraheret,
2564 4829 3014 4898 probabiletnque
3037 4827 3459 4882 adventantibus

1890 4921 2151 4976 traditam
2186 4920 2402 4992 1274
2445 4920 2550 4975 sibi
2591 4920 3016 4973 admonitionem
3054 4918 3313 4973 eliiceret.
3351 4916 3459 4973 No—

1864 5013 2035 5066 ‘vitas
2053 5013 2197 5066 enim
2229 5012 2534 5080 spectaculi
2557 5012 2811 5065 idoneum
2844 5011 3040 5080 pignus
3064 5020 3147 5064 est
3173 5009 3457 5073 doctrinae.

1889 5113 1943 5158 et
1972 5105 2064 5175 qui
2102 5104 2169 5158 ad
2198 5106 2553 5173 spectandum
2587 5103 2735 5157 venit
2776 5102 2982 5157 divinis
3033 5101 3278 5155 imbutus
3306 5116 3458 5156 rece-

1890 5196 1989 5250 dit.
2015 5193 2082 5249 Et
2108 5193 2570 5265 quemadmodum
2602 5194 2694 5263 qui
2721 5193 2863 5263 apud
2892 5193 3142 5246 homines
3170 5191 3459 5260 imperium

1889 5285 2161 5350 obtinent,
2228 5298 2329 5353 per
2381 5291 2690 5353 temporum
2751 5281 3043 5337 intervalla
3110 5293 3460 5333 nummorum

2282 5449 2310 5480 τ
2340 5438 2537 5495 Ezech.
2570 5455 2643 5503 Iv,
2675 5437 2867 5505 4;:11,
2903 5437 2955 5492 5.
3031 5445 3058 5475 ι
3087 5435 3285 5492 Ezech.
3329 5435 3456 5501 v,1.

1485 5557 1716 5613 νΑιιιΑῑ
1758 5555 2164 5615 LECTIONES.

282 5651 325 5683 ἰ
361 5650 459 5705 llic
487 5655 641 5706 locus
663 5651 731 5705 de
756 5652 905 5706 cultu
937 5649 1213 5707 Simeonis
1238 5651 1291 5705 in
1315 5650 1467 5705 Italia
1516 5652 1787 5721 rcpt‘ritut‘
1841 5651 2005 5721 etiam
2056 5651 2109 5705 iu
2156 5646 2384 5705 Joannis
2436 5647 2689 5705 Damasc.
2746 5662 2831 5703 or.
2875 5645 2967 5715 Ill,
3010 5644 3079 5700 De
3110 5647 3303 5719 imagg.
3341 5654 3380 5702 t.
3416 5641 3464 5715 1,

210 5738 261 5792 ι).
303 5722 428 5787 366,
463 5721 774 5788 LeQuicuii
805 5729 858 5777 et
890 5722 944 5777 in
979 5721 1128 5777 Actis
1151 5722 1347 5791 synodi
1381 5720 1612 5777 Nicaeum
1636 5737 1696 5787 ιι,
1734 5727 1839 5775 act.
1869 5720 1925 5774 4.
