3898 6196
181 347 335 413 1477

1436 358 1842 419 RELIGIOSA
1882 361 2265 424 HISTORIA.

3336 379 3472 443 1478

176 466 345 536 ἔφην,
380 464 642 530 ἐπιδεῖξαι
687 465 867 518 αὐτῶν
902 468 998 537 τῆς
1033 469 1272 534 διανοίας
1301 471 1534 543 θελήσας
1557 477 1656 545 τὴν
1686 475 1769 528 πί-

1885 485 1942 529 ut
1973 493 2175 548 quanta
2233 481 2452 538 illorum
2500 487 2668 540 animi
2715 486 2850 544 fides
2897 501 3042 545 esset
3094 496 3465 555 ostenderem.

175 573 325 611 στιν.
365 557 440 610 Οὐ
465 556 575 626 γὰρ
604 556 672 609 ἂν
695 556 838 610 οὕτω
876 561 996 611 κατ’
1023 560 1272 631 ἀλλήλων
1300 563 1602 636 ἐμάνησαν,
1631 568 1680 619 εί
1707 567 1782 638 μὴ

177 649 458 720 μεγίστην
491 650 634 719 ἔχειν
655 650 888 720 δύναμιν
925 654 1018 707 τοῦ
1046 653 1335 710 θεσπεσίου
1363 657 1653 728 ἀνθρώπου
1683 659 1781 732 τὴν

173 741 438 811 εὐλογίαν
473 742 784 797 ἐπίστευον.
827 739 982 798 Εἶδον
1011 743 1067 798 δὲ
1101 746 1194 799 καὶ
1237 747 1426 802 ἄλλοτε
1470 749 1654 820 θαῦμα
1687 769 1780 820 γε-

174 834 491 906 γενημένον
539 835 807 904 ἀοίδιμον.
844 835 1116 889 Εἰσελθὼν
1163 840 1272 910 γάρ
1315 858 1396 902 τις
1423 841 1778 912 (Σαρακηνῶν

172 924 237 977 δὲ
265 925 364 978 καὶ
388 920 542 988 οὗτος
581 925 855 997 φύλαρχος
881 923 994 998 ἦν),
1027 930 1127 1000 τὴν
1157 931 1307 984 Θείαν
1331 933 1574 985 ἱκέτευσε
1605 951 1776 1004 κεφα-

174 1014 307 1087 λὴν,
334 1016 623 1086 ἐπαμῦναι
680 1019 836 1092 ἀνδρὶ
884 1021 1028 1073 κατὰ
1061 1022 1159 1093 τὴν
1203 1023 1322 1075 ὁδὸν
1375 1023 1666 1095 παρεθέντι
1711 1026 1777 1080 τὰ

178 1110 330 1179 μέλη
371 1109 464 1163 τοῦ
508 1110 781 1179 σώματος.
827 1112 1020 1182 Ἔλεγε
1053 1114 1109 1167 δὲ
1141 1113 1299 1168 τοῦτο
1325 1115 1464 1171 κατὰ
1504 1117 1602 1190 τὴν
1631 1119 1778 1172 Καλ-

172 1199 390 1253 λίνικον
434 1203 716 1274 (φρούριον
754 1203 808 1256 δὲ
843 1203 983 1274 αὕτη
1039 1207 1319 1277 μέγιστον)
1351 1209 1778 1283 ὑπομεμενηκέ-

173 1309 271 1344 ναι
310 1293 368 1345 τὸ
400 1293 593 1354 πάθος.
634 1295 983 1366 Κομισθέντα
1007 1297 1188 1351 τοίνυν
1218 1301 1298 1364 είς
1327 1301 1493 1371 μέσον
1534 1304 1779 1375 ἀρνηθῆ-

171 1399 270 1434 ναι
304 1385 557 1437 ἐκέλευσε
586 1386 684 1454 τὴν
731 1387 840 1438 τῶν
889 1377 1172 1458 προγόνων
1223 1391 1501 1449 ἀσέϐειαν.
1559 1395 1777 1468 Ἐπειδὴ

170 1473 237 1527 δὲ
280 1475 518 1544 ἅσμενος
576 1479 906 1558 κατεδέξατο
931 1521 944 1542 ,
985 1483 1080 1534 καὶ
1122 1483 1436 1553 ὑπήκουσε,
1469 1488 1564 1540 καὶ
1593 1487 1654 1540 τὸ
1681 1507 1779 1543 xs-

170 1564 408 1620 λευσθὲν
438 1567 840 1640 ὲ-ξεπλήρωσεν,
880 1571 1046 1643 ἤρετο
1083 1575 1133 1626 εί
1191 1575 1543 1649 πιστεύειτῷ
1577 1581 1774 1652 Πατρὶ,

173 1657 282 1709 καὶ
309 1655 386 1726 τῷ
416 1662 696 1727 μονογενεῖ
727 1659 858 1732 Υίῴ,
892 1665 984 1716 καὶ
1032 1664 1109 1736 τῷ
1147 1664 1292 1738 ἁγίῳ
1326 1669 1630 1740 Πνεύματι.
1665 1671 1774 1725 Τοῦ

171 1748 238 1801 δὲ
269 1749 546 1803 πιστεύειν
604 1753 1043 1824 ὁμολογήσαντος
1071 1797 1085 1821 ,
1127 1777 1145 1810 ι
1191 1759 1454 1827 Ταύταις,
1493 1761 1620 1834 ἔφη,
1654 1765 1776 1830 ταῖς

173 1842 588 1910 προσηγορίαις
632 1845 928 1909 πιστεύων,
962 1848 1248 1921 ἀνάστηθι.
1279 1871 1298 1903 ι
1351 1851 1437 1917 Ὠς
1466 1827 1772 1928 δὲ’ἁννέστη,
1809 1827 1851 1882 Β

174 1931 519 1999 προσέταξεν
567 1935 659 1987 ἐπ’
689 1935 857 2004 ὤμων
887 1940 1074 2010 φέρειν
1112 1943 1207 1996 τὸν
1261 1943 1537 2017 φύλαρχον
1581 1948 1778 2019 μέχρις

175 2021 357 2093 αὐτῆς
402 2024 504 2093 τῆς
547 2025 758 2098 κλίνης.
811 2029 1086 2099 Μέγιστον
1120 2033 1178 2086 δὲ
1221 2029 1334 2107 εἶχε
1382 2036 1561 2108 σῶμα.
1605 2040 1716 2093 Καὶ
1748 2040 1776 2093 δ

178 2113 287 2184 μὲν
315 2114 496 2170 λαϐὼν
549 2123 865 2188 παραυτίκα
908 2123 1116 2195 ᾤχετο·
1152 2128 1215 2180 Ol
1265 2129 1322 2182 δὲ
1377 2131 1644 2201 παρόντες
1696 2133 1776 2198 εἰς

174 2206 454 2277 ὑμνῳδίαν
485 2209 576 2262 τοῦ
613 2212 748 2266 Θεοῦ
782 2215 881 2280 τὰς
911 2215 1166 2285 γλώσσας
1210 2221 1490 2292 ἐκίνησαν.
1519 2223 1690 2278 Τοῦτο
1719 2226 1776 2280 δὲ

175 2299 485 2367 προσέταξε
521 2302 611 2355 τὸν
645 2306 928 2379 Δεσπότην
983 2311 1355 2381 μιμούμενος·
1385 2314 1443 2378 ὃς
1487 2315 1566 2386 τῷ
1598 2335 1776 2388 παρα-

174 2390 326 2463 λύτῳ
349 2393 535 2465 φέρειν
548 2397 646 2468 τὴν
663 2398 850 2471 κλίνην
872 2401 1058 2456 ὲκέλευ
1068 2421 1175 2458 σεν.
1197 2405 1356 2460 Ἀλλὰ
1377 2407 1565 2478 μηδεὶς
1586 2427 1777 2482 τυραν-

173 2482 298 2536 νίδα
339 2484 572 2540 καλείτω
624 2490 724 2560 τὴν
773 2491 1024 2562 μίμησιν.
1054 2496 1229 2550 Αὐτοῦ
1273 2500 1382 2570 γάρ
1420 2501 1536 2554 ἐστι
1583 2505 1771 2573 φωνήο

179 2591 199 2624 ι
230 2575 288 2627 '0
315 2578 587 2632 πιστεύων
616 2583 696 2645 είς
729 2584 851 2654 ἐμὲ,
879 2585 946 2639 τὰ
970 2585 1108 2658 ἔργα
1126 2588 1162 2643 ἃ
1198 2590 1310 2660 ἐγὼ
1333 2592 1494 2656 ποιῶ,
1522 2595 1774 2662 κάκεῖνος

172 2669 421 2737 ποιήσει,
461 2672 552 2724 καὶ
585 2672 809 2742 μείζονα
859 2675 1068 2731 τούτων
1101 2681 1343 2752 ποιήσει.
1385 2702 1404 2735 ι
1433 2685 1543 2738 Καὶ
1569 2686 1772 2758 ταύτης

163 2755 235 2808 δὲ
267 2759 366 2828 τῆς
423 2762 755 2830 ἐπαγγελίας
809 2765 872 2820 τὺ
913 2767 1071 2831 τέλος
1116 2771 1486 2844 ἐθεασάμεθα.
1527 2777 1638 2849 Τῆς
1664 2755 1774 2850 γάρ

157 2847 276 2902 τοῦ
309 2851 513 2922 Κυρίου
542 2857 700 2919 σκιᾶς
715 2857 954 2929 οὐδαμοῦ
980 2847 1647 2940 θαῦμαὲργασαμένης,ήή
1678 2847 1770 2923 τοῦ

165 2943 421 3014 μεγάλου
475 2949 683 3020 Πέτρου
719 2953 871 3015 σκιὰ,
923 2955 1020 3008 καὶ
1054 2955 1284 3010 θάνατον
1333 2958 1515 3025 ἔλυσε,
1557 2962 1654 3016 καὶ
1686 2963 1772 3014 νό-

166 3051 309 3097 σους
358 3037 616 3109 ἐξήλασε,
661 3042 757 3094 καὶ
807 3043 1072 3113 δαίμονας
1128 3048 1517 3116 ἐφυγάδευσεν.
1553 3053 1696 3106 Ἀλλ’
1741 3053 1771 3106 ὁ

1885 567 2070 642 Neque
2097 573 2242 627 enim
2273 577 2326 628 in
2365 577 2579 646 seipsos
2614 579 2694 634 sic
2726 580 3101 646 insaniisscnt,
3154 589 3257 643 nisi
3298 591 3466 650 divini

1887 660 2121 717 hominis
2152 664 2590 722 benedictionem
2617 670 2723 724 vim
2753 673 3040 729 maximam
3066 676 3267 733 habere
3297 683 3472 738 credi-

1883 754 2118 810 dissent.
2164 754 2287 810 Vidi
2331 773 2500 827 porro
2529 768 2582 814 et
2625 762 2772 818 aliud
2811 765 3027 820 celebre
3057 765 3262 824 factum
3298 775 3468 828 mira-

1883 845 2088 898 culmu.
2131 847 2425 916 Ingressus
2453 850 2671 920 quidam
2710 852 2850 922 (erat
2894 865 3076 912 autem
3119 859 3210 914 hic
3247 877 3469 932 quoque

1892 935 2230 1006 phylarchus
2261 937 2710 1011 Saracenorum),
2744 943 2989 1000 divinum
3037 959 3202 1019 caput
3245 954 3464 1022 orabat,

1881 1034 1942 1081 ut
1972 1043 2130 1098 opem
2168 1029 2332 1087 ferret
2384 1027 2622 1096 homini,
2658 1036 2748 1090 cui
2794 1039 3033 1110 paralysi
3078 1043 3257 1097 soluta
3294 1047 3348 1101 in
3380 1048 3465 1102 via

1883 1116 2095 1174 fuerant
2129 1125 2371 1178 membra
2392 1128 2662 1197 corporis.
2691 1129 2886 1185 Aiebat
2927 1139 3110 1187 autem
3137 1135 3205 1188 ad
3237 1135 3467 1192 Callini-

1880 1226 2025 1270 cum.
2057 1215 2205 1283 quod
2242 1218 2526 1272 castellum
2569 1229 2652 1274 est
2682 1222 3003 1288 maximum,
3045 1225 3099 1278 in
3141 1224 3289 1282 hunc
3316 1243 3465 1283 mor-

1881 1300 2010 1354 bum
2043 1303 2325 1358 incidisse.
2351 1305 2487 1360 Cum
2515 1308 2558 1361 is
2583 1325 2712 1380 ergo
2729 1311 2930 1368 allatus
2947 1321 3094 1369 esset
3118 1315 3173 1368 in
3198 1317 3463 1386 medium,

1877 1391 2042 1460 jussit
2088 1403 2148 1447 ut
2205 1396 2473 1468 majorum
2539 1400 2879 1470 impietatem
2935 1405 3255 1476 abnegaret.
3307 1407 3463 1476 Quod

1879 1483 1971 1537 ille
2001 1500 2122 1537 cum
2146 1487 2382 1542 libenter
2412 1490 2748 1557 admisisset,
2784 1494 3286 1568 obtemperansqne
3307 1501 3465 1570 jussa

1879 1571 2182 1642 implesset,
2220 1578 2429 1648 rogavit
2470 1593 2536 1633 an
2579 1580 2836 1637 crederet
2869 1582 3046 1650 Patri,
3086 1595 3144 1642 et
3177 1589 3465 1661 unigenito

1877 1661 2042 1730 Filio,
2077 1675 2130 1720 et
2163 1664 2390 1737 Spiritui
2437 1681 2652 1727 sancto.
2695 1673 2759 1728 Et
2795 1690 2918 1730 cum
2965 1680 3192 1735 credere
3236 1698 3296 1738 se
3332 1700 3464 1753 pro-

1881 1753 2065 1814 fessus
2099 1769 2284 1825 esset,
2333 1781 2353 1814 ι
2396 1763 2514 1826 llis,
2567 1765 2780 1837 inquit,
2835 1771 3153 1827 nominibus
3208 1776 3464 1839 credens,

1881 1860 2062 1920 surge.
2102 1868 2120 1900 ι
2165 1847 2266 1905 Ubi
2297 1862 2478 1908 autem
2509 1857 2772 1920 surrexit,
2800 1856 2970 1928 jussit
2995 1869 3053 1915 ut
3099 1862 3462 1934 phylarchum

1881 1938 2130 1997 humeris
2170 1945 2290 1999 suis
2327 1946 2394 2001 ad
2447 1947 2625 2017 ipsum
2658 1966 2833 2022 usque
2860 1952 3060 2010 lectum
3107 1954 3295 2024 ferret,
3331 1957 3467 2014 Erat

1881 2042 2060 2088 autem
2095 2035 2140 2089 is
2163 2051 2393 2108 corpore
2426 2043 2756 2109 prmgrandi.
2796 2043 2918 2110 Quo
2949 2039 3040 2102 ille
3077 2047 3298 2105 sublato
3331 2065 3468 2105 con-

1882 2122 2061 2178 restim
2098 2126 2232 2182 abiit
2267 2148 2279 2182 :
2321 2132 2413 2201 qui
2463 2148 2593 2188 vero
2628 2143 2930 2204 praesentes
2976 2139 3232 2207 aderant,
3278 2142 3331 2194 in
3371 2141 3462 2197 Dei

1879 2213 2095 2270 laudem
2134 2218 2350 2289 linguas
2395 2224 2730 2280 excitarunt.
2778 2224 2893 2282 [loc
2947 2243 3112 2297 porro
3152 2231 3242 2286 ille
3277 2230 3464 2286 Domi-

1880 2319 2012 2359 num
2062 2306 2286 2363 imitans
2335 2315 2615 2383 praecepit,
2670 2316 2763 2383 qui
2815 2318 3120 2388 paralytico
3173 2320 3344 2387 jussit
3403 2329 3464 2375 ut

1879 2397 2142 2451 lectulum
2171 2415 2330 2454 suum
2371 2401 2558 2458 ferret.
2597 2405 2868 2460 Caeterum
2913 2407 3278 2465 imitationem
3319 2412 3463 2466 hanc

1881 2504 2043 2544 neruo
2084 2493 2432 2561 tyrannidem
2469 2505 2640 2550 vocet.
2672 2496 2804 2566 Ejus
2829 2498 2975 2552 enim
3007 2516 3109 2554 vox
3147 2514 3268 2556 est:
3306 2521 3324 2552 ‹
3355 2503 3461 2569 Qui

1878 2580 2054 2636 credit
2085 2582 2140 2636 in
2177 2598 2282 2648 me,
2309 2600 2476 2655 Opera
2509 2602 2630 2657 quae
2655 2603 2758 2660 ego
2784 2587 2928 2644 facio
2955 2600 3009 2646 et
3035 2592 3150 2661 ipse
3182 2593 3364 2660 faciet,
3406 2607 3462 2650 et

1877 2673 2088 2743 majora
2142 2679 2337 2731 horum
2403 2677 2566 2734 faciet
2589 2687 2639 2734 ι’.
2698 2700 2717 2732 ι
2776 2681 2949 2752 Cujus
3003 2699 3137 2739 sane
3199 2688 3462 2755 promissi

1877 2775 2139 2821 eventum
2173 2767 2430 2824 vidimus.
2467 2770 2600 2824 Nam
2635 2788 2761 2828 cum
2797 2776 2990 2830 umbra
3043 2774 3258 2832 Domini
3293 2780 3463 2834 mira-

1875 2859 2060 2914 culum
2111 2876 2390 2934 nunquam
2454 2864 2674 2932 fecerit,
2729 2869 2914 2939 magni
2960 2868 3107 2923 Petri
3163 2871 3354 2924 umbra
3407 2882 3463 2928 et

1875 2959 2108 3006 mortem
2162 2953 2384 3016 delevit.
2442 2965 2498 3012 ct
2553 2959 2776 3014 morbos
2829 2961 3032 3031 exegit,
3075 2969 3131 3017 et
3181 2961 3461 3020 dmrnones

1878 3041 2106 3114 fugavit.
2145 3047 2359 3118 1277
2391 3047 2594 3104 Verum
2626 3050 2896 3110 Dominus
2923 3066 2974 3108 et
3002 3055 3104 3110 ista
3137 3072 3232 3127 per
3267 3073 3460 3116 servos

166 3125 460 3196 ⁸ιεσπότης
516 3129 612 3182 καὶ
659 3131 831 3185 ταῦτα
893 3133 982 3187 διὰ
1031 3135 1138 3190 τῶν
1187 3137 1388 3192 δούλων
1440 3142 1661 3213 ἐνήργει
1703 3142 1769 3197 τὰ

1875 3153 2007 3194 suos
2031 3141 2296 3195 miracula
2323 3144 2596 3210 patrabat,
2629 3153 2687 3199 et
2725 3161 2872 3200 nunc
2911 3147 3166 3204 similiter
3197 3150 3319 3219 ejus
3357 3164 3458 3205 no-

168 3213 438 3284 θαύματα
463 3231 475 3245 ·
503 3219 596 3272 καὶ
622 3221 716 3273 νῦν
747 3221 804 3274 δὲ
836 3221 1120 3289 ὡσαύτως,
1150 3228 1217 3298 τῇ
1265 3228 1456 3282 τούτου
1483 3233 1766 3305 κεχρημέ-

168 3321 272 3368 νος
303 3312 644 3382 προσηγορίᾳ
680 3314 750 3368 τὰ
810 3315 983 3387 μυρία
1026 3319 1054 3371 ὁ
1086 3319 1226 3382 θεῖος
1265 3320 1563 3394 Συμεὼνης
1603 3326 1768 3397 ἐργά-

172 3395 336 3460 ζεται
381 3397 657 3470 θαύματα.
693 3405 899 3476 Συνέϐη
939 3408 1048 3480 γὰρ
1084 3412 1178 3464 καὶ
1221 3410 1410 3484 ἕτερον
1443 3395 1644 3486 θαῦμα
1671 3435 1766 3488 γε-

173 3485 368 3540 νέσθαι
416 3489 520 3542 ὑπὸ
555 3493 748 3548 τούτου
787 3498 880 3551 τοῦ
920 3502 1192 3573 προτέρου
1225 3504 1491 3576 μηδαμῶς
1513 3485 1767 3563 ἐλαττού-

178 3592 362 3646 μενον.
389 3580 510 3632 Τῶν
535 3582 643 3654 γὰρ
684 3587 762 3649 είς
783 3587 844 3638 τὸ
876 3592 1141 3664 σωτήριον
1173 3593 1344 3664 ὄνομα
1369 3597 1464 3650 τοῦ
1493 3601 1764 3655 Δεσπνὲτου

174 3669 423 3739 Χριστοῦ
473 3679 918 3732 πεπιστευκότων
957 3699 1062 3746 τις,
1105 3685 1452 3762 Ίσμαηλίτης
1479 3693 1579 3746 οὐκ
1625 3696 1764 3768 ἄση-

181 3778 313 3830 μος,
351 3764 516 3836 εὐχὴν
572 3768 870 3840 ἐποιήσατο
936 3774 1076 3846 πρὸς
1128 3776 1221 3830 τὸν
1283 3779 1414 3836 Θεὸν
1469 3783 1562 3835 ὑπ’
1615 3764 1766 3857 αὺτῷ

181 3855 438 3927 μάρτυρι,
475 3859 568 3913 καὶ
607 3861 923 3934 ὑπόσχεσιν.
955 3866 1018 3920 Ἦ
1048 3867 1105 3921 δὲ
1132 3869 1425 3942 ὑπόσχεσις
1465 3870 1553 3948 ἦν,
1584 3855 1766 3951 πάσης

178 3947 474 4011 ἀφέξεσθαι
507 3950 602 4005 τοῦ
622 3954 812 4008 λοιποῦ
853 3957 1015 4030 μέχρι
1039 3960 1230 4025 τέλους
1253 3947 1502 4036 ἐμψύχου
1533 3947 1761 4040 τροφῆς.

180 4036 397 4108 Ταύτην
440 4041 540 4094 οὐκ
591 4039 688 4096 οἶδ’
722 4047 873 4111 ὅπως
919 4052 1098 4120 χρόνῳ
1147 4055 1253 4106 τινὶ
1295 4053 1394 4124 τὴν
1430 4036 1766 4124 ἐπαγγελίαν

180 4127 590 4198 παραδραμὼν,
624 4133 773 4202 δρυιν
837 4140 1152 4202 καταθύσας
1213 4141 1415 4197 ἐσθίειν
1473 4147 1760 4219 ἐτόλμησε.

179 4216 286 4270 Τοῦ
312 4217 369 4270 δὲ
400 4218 534 4272 Θεοῦ
555 4223 719 4275 αὑτὸν
756 4225 823 4278 δι’
846 4227 1067 4298 ἐλέγχου
1108 4233 1247 4301 πρὸς
1285 4216 1628 4312 ἐπιστροφὴν
1663 4216 1763 4296 ἰν-

176 4311 361 4376 εγκεῖν
383 4309 758 4384 ἐθελήσαντος,
774 4318 978 4373 καὶτὸν
993 4322 1187 4376 ἑαυτοῦ
1206 4325 1433 4396 τιμῆσαι
1457 4329 1764 4404 θεράποντα

181 4401 436 4471 μάρτυρα
465 4404 565 4474 τῆς
598 4408 1010 4480 παραϐαθείσης
1051 4415 1344 4486 γενόμενον
1391 4401 1760 4493 ὑποσχέσεως,

1874 3245 1999 3286 men
2032 3246 2308 3301 usurpans
2333 3235 2555 3290 divinus
2595 3236 2895 3308 Symeones
2919 3237 3206 3296 innumera
3248 3246 3461 3314 peragit

1875 3323 2161 3379 miracula.
2193 3325 2408 3380 Accidit
2440 3343 2677 3396 namque
2709 3339 2767 3382 ut
2812 3329 2962 3384 aliud
3009 3347 3228 3402 quoque
3271 3334 3340 3388 ab
3390 3351 3459 3390 eo

1875 3414 2032 3471 ﬂeret
2068 3417 2400 3472 miraculum
2451 3419 2624 3474 nihilo
2667 3419 2900 3478 inferius
2933 3425 3137 3494 priore.
3187 3425 3456 3482 lsmaelita

1874 3509 2021 3565 enim
2051 3510 2276 3580 quidam
2301 3512 2463 3567 exiis
2492 3512 2586 3582 qui
2611 3497 2685 3568 in
2717 3515 2964 3571 salutare
2998 3515 3203 3573 Christi
3241 3517 3458 3574 Domini

1874 3613 2072 3654 nomen
2108 3599 2481 3668 crediderant,
2520 3601 2750 3659 minime
2792 3603 3090 3667 obscurus,
3128 3613 3312 3661 votum
3335 3610 3459 3678 ipso

1872 3696 2012 3746 teste
2055 3689 2166 3746 Deo
2214 3689 2444 3756 fecerat,
2495 3702 2546 3747 et
2601 3694 3055 3763 promissionem.
3119 3695 3459 3753 Promiserat

1873 3791 2052 3834 autem
2101 3778 2371 3846 futurum,
2408 3791 2469 3835 ut
2522 3782 2784 3852 deinceps
2838 3791 3105 3853 perpetuo
3155 3785 3459 3841 abstineret

1872 3870 1943 3926 ab
1976 3886 2074 3928 esu
2113 3872 2361 3941 cujusvis
2395 3872 2646 3927 animati.
2697 3871 2850 3927 Hanc
2904 3875 2996 3928 ille
3030 3876 3457 3943 promissionem

1873 3964 2058 4018 nescio
2087 3979 2196 4032 quo
2230 3973 2391 4032 pacto
2417 3973 2806 4034 transgressus
2841 3965 3138 4034 aliquando
3161 3973 3455 4020 mactatam

1873 4054 2130 4124 gallinam
2167 4069 2335 4108 ausus
2364 4063 2448 4109 est
2483 4055 2790 4110 comedere.
2827 4055 3000 4120 Quem
3048 4055 3188 4111 Deus
3219 4057 3285 4110 ad
3314 4071 3454 4110 con-

1872 4142 2180 4198 versionem
2215 4151 2372 4198 cerlo
2400 4143 2606 4197 indicio
2633 4144 2836 4198 ducere
2881 4159 3006 4198 cum
3037 4145 3222 4209 vellet,
3264 4145 3452 4200 famu~

1871 4233 2097 4304 lumque
2123 4249 2287 4289 suum
2328 4233 2603 4288 honorare
2633 4234 2727 4302 qui
2779 4233 2938 4288 testis
2988 4232 3168 4288 fuerat
3209 4234 3452 4304 promis-

1872 4327 2068 4389 sionis,
2100 4326 2156 4381 in
2191 4325 2391 4396 lapidis
2442 4333 2697 4379 naturam
2737 4325 2950 4396 gallinas
3003 4341 3133 4380 caro
3183 4341 3453 4383 conversa

1871 4429 2004 4475 est:
2048 4419 2183 4474 adeo
2227 4430 2285 4471 ιιι
2343 4433 2442 4472 nec
2492 4418 2540 4472 si
2577 4417 2740 4472 vellet
2780 4417 2948 4472 edere
3012 4419 3250 4489 amplius
3301 4419 3450 4472 illam

179 4494 260 4555 είς
311 4492 458 4547 λίθου
495 4497 656 4564 φύσιν
710 4501 913 4574 ήσὰρξ
965 4503 1066 4572 τῆς
1116 4507 1327 4578 ὄρνιθος
1385 4492 1764 4584 μετεϐάλλετο,

1875 4523 2076 4584 posset.
2114 4512 2218 4580 Qui
2259 4511 2405 4567 enim
2461 4511 2512 4565 id
2547 4511 2633 4566 edi
2685 4519 2893 4582 posset,
2931 4510 3074 4580 quod
3117 4510 3225 4565 cibi
3281 4527 3450 4566 causa

176 4583 318 4638 ὥστε
356 4587 490 4658 μηδὲ
549 4590 870 4660 βουλόμενον
901 4596 1162 4654 δύνασθαι
1215 4601 1400 4657 λοιπὸν
1430 4608 1631 4661 ἐσθίειν
1662 4583 1762 4664 αὐέ

175 4677 286 4730 τόν.
329 4679 451 4744 Πῶς
487 4683 598 4754 γὰρ
653 4678 764 4736 οἷόν
810 4703 867 4739 τε
903 4684 993 4759 ἦν,
1029 4692 1138 4744 ἀπὸ
1184 4697 1556 4765 πετρωθέντος
1591 4693 1764 4774 οὗπερ

175 4770 257 4833 εἰς
297 4769 502 4842 βρῶσιν
554 4777 848 4848 ἐπείληπτο
903 4780 1155 4852 σώματος
1207 4787 1409 4840 ἐσθίειν
1464 4791 1760 4858 δύνασθαις

177 4865 360 4937 Ταύτῃ
393 4870 763 4940 καταπλαγεὶς
802 4875 830 4926 ὀ
863 4873 1139 4946 βάρϐαρος
1180 4881 1247 4948 τῇ
1297 4882 1584 4951 παραδόξῳ
1638 4884 1761 4957 θέᾳ,

179 4958 278 5011 σὺν
307 4959 484 5031 πολλῷ
513 4962 665 5033 τάχει
687 4964 781 5017 τὸν
810 4966 955 5020 ὅσιον
996 4970 1398 5042 κατελάμϐανε,
1427 4975 1487 5027 τὸ
1519 4993 1762 5048 κεκρυμ-

179 5048 343 5117 μένον
363 5053 441 5113 είς
469 5051 583 5120 φῶς
619 5057 942 5130 προσφέρων
973 5060 1296 5134 ἁμάρτημα,
1327 5066 1420 5119 καὶ
1448 5067 1546 5139 τὴν
1587 5070 1759 5139 παρά-

177 5141 338 5194 ϐασιν
372 5143 764 5216 ἀνακηρύττων
818 5153 973 5216 πᾶσι,
1013 5156 1106 5207 καὶ
1151 5154 1245 5209 τοῦ
1305 5161 1645 5231 πταίσματος
1696 5165 1759 5217 ἐκ

176 5233 312 5288 Θεοῦ
346 5241 680 5312 συγγνώμην
714 5245 1034 5316 αἰτούμενος
1059 5260 1076 5277 ⁸
1109 5249 1204 5302 καὶ
1233 5249 1323 5303 τὸν
1353 5253 1508 5322 ἆγιον
1531 5257 1610 5320 εἰς
1641 5258 1760 5310 ὲπι-

177 5328 403 5399 κουρίαν
430 5330 632 5397 καλῶν,
669 5335 743 5398 ὡς
768 5335 834 5390 ἂν
867 5340 989 5402 ταῖς
1027 5342 1455 5413 παντοδυνάμοις
1479 5347 1644 5400 αὐτοῦ
1679 5350 1761 5401 εὐ-

176 5421 300 5489 χαῖς
327 5420 435 5476 τῶν
468 5423 686 5492 δεσμῶν
715 5427 878 5480 αὑτὸν
901 5429 999 5498 τῆς
1029 5432 1302 5504 ἁμαρτίας
1327 5436 1594 5492 ἑλκύσειε.
1619 5439 1758 5492 Πολ-

175 5507 258 5564 λοι
281 5511 340 5564 δὲ
368 5513 463 5568 τοῦ
492 5515 770 5586 θαύματος
799 5519 1061 5576 αὐτόπται
1103 5525 1396 5593 γεγόνασι,
1419 5529 1480 5582 τὺ
1510 5529 1646 5601 πρὸς
1683 5531 1761 5602 τῷ

178 5603 361 5675 στήθει
391 5607 556 5678 μέρος
583 5609 642 5674 ἐξ
664 5611 850 5666 ὀστέου
888 5615 980 5669 καὶ
1021 5615 1170 5671 λίθου
1199 5620 1555 5692 συγκείμενον
1582 5623 1760 5694 ψηλα-

242 5787 272 5832 γ
303 5780 458 5839 Joau.
512 5802 620 5851 xxv,
664 5786 748 5846 12.

1871 4616 2148 4674 sumptum
2217 4604 2271 4657 in
2332 4601 2567 4673 lapidem
2632 4601 2968 4656 transierat?
3019 4599 3452 4672 Obstupefactus

1872 4697 2138 4752 inusitato
2185 4695 2502 4766 spectaculo
2535 4695 2806 4750 barbarus
2854 4693 2920 4748 ad
2984 4703 3238 4748 sanctum
3281 4694 3452 4749 celer-
3503 4697 3510 4704 '

1869 4791 2009 4845 rime
2036 4787 2317 4860 profectus
2355 4797 2460 4851 est,
2514 4787 2791 4842 occultum
2839 4795 3121 4856 peccatum
3177 4785 3232 4839 in
3270 4785 3449 4840 lucem

1869 4880 2180 4952 proferens,
2201 4888 2254 4933 et
2279 4878 2774 4950 transgressionem
2802 4891 2956 4929 suam
2989 4873 3250 4928 onmibus
3281 4889 3452 4978 enim:

1869 4973 2034 5037 tians,
2078 4971 2378 5040 delictique
2424 4970 2638 5024 veniam
2686 4983 2714 5021 a
2769 4965 2880 5022 Deo
2915 4975 3125 5037 petens,
3172 4974 3225 5020 et
3266 4965 3448 5022 sancti

1867 5065 2134 5119 auxilium
2162 5064 2448 5128 invocans,
2471 5070 2529 5115 ut
2563 5060 2819 5132 precibus
2843 5063 2958 5114 suis
2977 5056 3447 5130 omnipotentibus

1868 5157 2080 5228 peccati
2109 5155 2352 5211 vinculis
2381 5155 2559 5224 ipsum
2604 5154 2934 5210 exsolveret.
2979 5150 3304 5205 Miraculum
3342 5150 3445 5204 hoc

1867 5253 2024 5306 multi
2056 5265 2413 5321 conspexere,
2459 5249 2552 5318 qui
2589 5247 2805 5318 gallinae
2847 5253 3056 5314 partem
3098 5242 3306 5312 pectori
3347 5242 3446 5297 ad-

1865 5347 2165 5400 htercntem
2199 5359 2265 5397 ex
2295 5356 2422 5396 ossc
2449 5347 2504 5394 et
2533 5338 2712 5409 lapide
2739 5335 3029 5404 conﬂatam
3057 5341 3440 5390 attrectarunt.

1867 5437 1978 5506 Ego
2021 5449 2148 5488 vero
2184 5447 2293 5486 non
2319 5431 2500 5486 solum
2529 5428 2783 5483 miraculi
2805 5435 3103 5496 spectator,
3132 5424 3224 5480 sed
3260 5435 3442 5479 rerum

1864 5531 2030 5586 etiam
2061 5527 2374 5582 futurarum
2423 5521 2799 5593 praedictionis
2830 5519 3048 5589 1278
3089 5517 3307 5572 auditor
3338 5514 3441 5570 fui.

1867 5621 2002 5676 Nam
2038 5628 2093 5676 et
2117 5619 2424 5676 siccitatem
2452 5616 2602 5670 illam
2641 5628 2764 5685 qua:
2797 5613 3030 5677 exstitit,
3079 5618 3446 5681 magnamque

3875 5491 3877 5562 ὲ
