3898 6196
205 318 340 386 1481
931 315 937 323 ’
1291 368 1308 398 ,

1431 321 1838 384 RELIGIOSA
1878 322 2262 386 HISTORIA.

3315 325 3449 391 1482

202 436 372 506 μέρος
425 435 524 488 οὐκ
579 433 857 504 ἐλάχιστον
915 433 1242 498 καταλύσας,
1301 437 1580 506 πρῦκειται
1643 435 1776 488 πᾶσι

1894 434 2249 498 spectaculum
2285 433 2627 503 proponitur.
2675 431 2828 486 Nunc
2854 432 3073 503 quidem
3109 435 3266 505 longo
3297 448 3450 494 stans

201 526 385 596 θέαμα
415 525 599 579 καινὸν
630 526 724 579 καὶ¹
755 525 1059 595 παράδοξον
1083 543 1096 558 ο
1138 526 1234 581 νῦν
1279 527 1377 598 μὲν
1416 526 1584 590 ἑστὼς
1617 525 1780 596 μέχρι

201 617 425 682 πολλοῦ,
456 616 553 671 νῦν
576 616 632 670 δὲ
675 615 826 686 θαμά
857 618 1404 688 κατακαμπτόμενος,
1437 618 1532 672 καὶ
1563 615 1640 686 τῷ
1663 615 1782 686 Θεῷ

201 709 535 779 προσφέρων
590 707 978 779 προσκύνησιν.
1028 709 1224 762 Πολλοὶ
1265 709 1321 762 δὲ
1351 709 1448 762 καὶ
1490 706 1783 778 ἀριθμοῦσι

197 799 312 851 τῶν
357 797 608 852 ἑστώτων
644 799 874 853 ταυτασὶ
920 799 1020 864 τὰς
1068 800 1487 870 προσκυνήσεις.
1519 797 1702 864 Ἀπαξ
1727 797 1784 851 δέ

197 909 282 954 τις
315 890 427 944 τῶν
464 892 561 946 σὺν
589 893 713 962 ἐμοὶ
743 891 918 962 χιλίας
948 893 1043 946 καὶ
1068 893 1345 956 διακοσίας
1369 892 1506 964 πρὸς
1527 891 1784 960 τέτταρσι

194 982 292 1032 καὶ
347 983 759 1052 τεσσαράκοντα
802 980 1134 1054 ἀριθμήσας,
1162 977 1282 1036 εἶτα
1314 982 1570 1046 ὀκλάσας,
1604 981 1784 1051 ἀφῆκε

188 1073 291 1142 τὴν
351 1072 553 1143 ψῆφον.
613 1072 998 1127 Κατακύπτων
1049 1073 1106 1125 δὲ
1158 1074 1246 1126 ἀεὶ
1292 1075 1404 1136 τοῖς
1454 1071 1564 1124 τῶν
1609 1070 1787 1124 ποδῶν

187 1165 492 1229 δακτύλοις
543 1165 912 1236 προσπελάζει
960 1164 1020 1218 τὸ
1072 1163 1345 1235 μέτωπον.
1391 1165 1572 1230 Ἀπαξ
1599 1161 1658 1216 δὲ
1683 1162 1786 1232 τῆς

189 1256 503 1326 ἑϐδομάδος
530 1255 784 1328 τροφὴνή
813 1257 1026 1329 γαστὴρ
1061 1255 1452 1327 ὑποδεχομένη,
1472 1255 1567 1308 καὶ
1584 1253 1787 1326 ταύτην

193 1349 473 1420 βραχεῖαν
499 1389 514 1414 ,
550 1347 794 1412 εὐπετῶς
825 1347 1271 1419 έπικάμπτεσθαι
1308 1346 1387 1418 τῷ
1414 1345 1568 1417 νώτῳ
1605 1362 1786 1416 παρα-

193 1440 398 1508 χωρεῖ.
414 1437 549 1489 Φασὶ
567 1436 625 1489 δὲ
652 1437 761 1490 ἀπὸ
788 1437 886 1508 τῆς
919 1438 1162 1501 στάσεως
1188 1439 1282 1490 καὶ
1311 1436 1526 1506 χρόνιον
1559 1433 1714 1497 ἕλκος
1726 1433 1787 1486 ὲν

197 1528 424 1599 θατέρῳ
453 1527 708 1595 γενέσθαι
732 1527 874 1593 ποδὶ,
907 1529 1002 1582 καὶ
1027 1528 1293 1598 διηνεκῶς
1331 1528 1581 1582 πλεῖστον
1615 1525 1788 1598 ἰχῶρα

201 1618 421 1672 ἐκεῖθεν
438 1615 805 1688 ὲκκρίνεσθαι.
825 1617 962 1669 Ἀλλ’
975 1618 1125 1688 ὅμως
1145 1616 1300 1670 οὐδὲν
1315 1615 1542 1673 τουτωνὶ⁵
1561 1615 1670 1668 τῶν
1692 1631 1788 1668 πα·

204 1708 322 1763 θῶν
341 1708 440 1778 τὴν
467 1708 784 1778 φιλοσοφίαν
814 1707 1100 1780 ἐξήλεγξεν
1122 1726 1135 1739 ”
1158 1708 1294 1762 ἀλλά
1313 1708 1482 1779 φέρει.
1502 1705 1785 1775 γενναίως,

205 1803 306 1856 καὶ
340 1802 409 1855 τὰ
433 1801 676 1868 ἑκούσια,
700 1801 796 1856 καλ⁹
825 1802 894 1856 τὰ
926 1800 1158 1856 ἀκούσια
1183 1799 1498 1854 καὶτούτων
1521 1799 1788 1854 κάκείνων

209 1893 283 1964 τῇ
317 1891 595 1964 προθυμίᾳ
622 1893 1062 1964 περιγενόμενος.
1091 1892 1262 1948 Τοῦτο
1291 1892 1348 1946 δὲ
1383 1893 1445 1945 τὸ
1475 1892 1633 1954 ἕλκος
1667 1892 1792 1945 ὑπο-

205 1986 378 2052 δεῖξαί
401 2003 506 2039 τινι
548 1984 867 2056 ἠναγκάσθη
898 1983 1062 2038 ποτέ’
1110 1985 1443 2057 διηγήσομαι
1465 1983 1523 2036 δὲ
1571 1983 1666 2036 καὶ
1691 1981 1790 2052 τὴν

206 2077 413 2150 αἰτίαν.
457 2076 708 2146 Ἀφίκετό
727 2093 811 2139 τις
833 2075 941 2128 ἀπὸ
979 2075 1292 2146 Ῥαϐαίνης,
1313 2073 1452 2146 ἀνὴρ
1479 2072 1786 2137 σπουδαῖος,

208 2169 308 2223 καὶ
337 2171 403 2240 τῇ
432 2168 525 2220 τοῦ
549 2167 784 2239 Χριστοῦ
803 2167 1049 2238 διακονίᾳ
1079 2166 1463 2238 τετιμημένος.
1494 2159 1662 2229 Οὗτος
1690 2165 1790 2236 τὴν

208 2261 456 2332 κορυφὴν
489 2260 706 2330 ἐκείνην
733 2259 1054 2314 καταλαϐών
1075 2276 1089 2290 ⁸
1127 2279 1146 2312 t
1183 2260 1320 2314 Εἰπέ
1359 2276 1470 2330 μοι,
1497 2258 1623 2329 ἔφη,
1655 2257 1791 2330 πρὸς

203 2353 310 2422 τῆς
353 2351 610 2421 ἀληθείας
643 2351 834 2422 αὐτῆς,
873 2352 972 2423 τῆς
1015 2350 1125 2404 τῶν
1159 2349 1462 2421 ἀνθρώπων
1493 2350 1650 2420 γένος
1672 2350 1788 2402 έπιο

207 2443 544 2516 πρεψάσης,
582 2442 867 2514 ἄνθρωπος
894 2439 962 2510 εἶ,
986 2442 1018 2513 ἢ
1043 2441 1328 2513 ἀσώματος
1368 2439 1530 2511 φύσις
1555 2456 1571 2508 ;
1600 2458 1619 2492 ι
1658 2441 1792 2493 Δυσ-

203 2536 556 2608 χερανάντων
599 2535 656 2588 δὲ
706 2534 842 2605 πρὸς
868 2534 973 2606 τὴν
1007 2533 1275 2606 ἐρώτησιν
1317 2533 1426 2586 τῶν
1483 2530 1789 2603 παρόντων,

203 2629 372 2700 σιγὴν
413 2627 512 2698 μὲν
555 2629 710 2695 ἄγειν
759 2625 1012 2680 ἐκέλευσε
1061 2625 1268 2689 πάντας
1293 2643 1308 2658 ο
1345 2625 1481 2695 πρὸς
1505 2625 1710 2677 ἐκεῖνον
1734 2622 1791 2675 δὲ

199 2718 317 2786 ἔφη
343 2733 358 2746 ·
380 2717 444 2768 Τί
470 2716 533 2787 δή
567 2732 698 2769 ποτε
735 2715 939 2786 ταύτην
967 2716 1066 2788 τὴν
1100 2715 1294 2773 πεῦσιν
1329 2716 1736 2786 προσήνεγκαςς
1764 2733 1782 2765 ι

199 2807 317 2862 Τοῦ
342 2807 401 2862 δὲ
421 2809 703 2880 εἰρηκότος
723 2823 734 2837 ’
764 2825 783 2859 t
814 2807 901 2872 Ὦς
933 2806 1152 2862 πάντων
1183 2807 1365 2861 ἀκούω
1395 2806 1789 2877 θρυλλούντων.

198 2900 282 2964 ώς
315 2898 439 2952 οὔτε
475 2900 696 2965 ἐσθίεις,
731 2898 854 2953 οὕτε
889 2899 1201 2964 καθεύδειςο
1235 2898 1538 2971 ἀνθρώπων
1565 2899 1621 2953 δὲ
1661 2899 1792 2954 ἑκά-

202 3007 372 3062 τερον
421 2991 550 3043 ῐδιον
575 3006 590 3021 ο
619 2991 678 3044 οὐ
713 2989 820 3062 γὰρ
857 2989 922 3044 ἀν
945 3007 1028 3052 τις
1067 2989 1269 3059 ταύτην
1304 2990 1444 3061 ἔχων
1477 2991 1574 3062 τὴν
1606 2990 1787 3058 φύσιν,

1884 533 2149 594 tempore,
2184 541 2330 580 nunc
2364 525 2598 580 subinde
2658 541 2716 580 se
2765 524 3069 590 inflectens,
3108 525 3324 598 Dcoque
3359 530 3454 582 all-

1885 616 2187 670 orationem
2225 617 2441 686 1280
2489 615 2740 672 offerens.
2778 618 2855 672 Ac
2896 617 3051 671 multi
3097 633 3231 674 sane
3264 627 3453 674 astan-

1885 707 2023 760 tium
2052 709 2071 726 ‘
2099 707 2451 761 adorationes
2497 707 2630 762 istas
2661 716 3006 763 enumerant.
3046 707 3221 765 Semel
3271 720 3454 766 autem

1886 797 2108 868 quidam
2145 798 2308 853 exiis
2335 799 2426 866 qui
2452 812 2663 852 mecum
2698 807 2878 865 erant,
2911 815 3034 854 cum
3063 801 3217 856 mille
3251 802 3459 858 ducen-

1886 899 1971 945 tas
1994 889 2356 960 quadraginta
2375 896 2612 960 quatuor
2637 901 3037 957 enumerasset,
3065 891 3243 950 fessus
3269 903 3459 963 postea

1886 994 2180 1034 numerare
2206 979 2438 1035 destitit.
2485 981 2712 1050 Semper
2736 988 2943 1045 autem,
2971 996 3096 1035 cum
3129 998 3189 1038 se
3228 984 3460 1039 inclina-

1887 1072 2000 1135 bat,
2028 1071 2096 1126 ad
2130 1071 2335 1142 digitos
2383 1087 2559 1141 usque
2592 1073 2789 1141 pedum
2832 1071 3066 1127 frontem
3112 1075 3459 1132 admovebat.

1887 1160 2022 1215 Nam
2040 1176 2167 1216 cum
2199 1161 2367 1217 semel
2393 1161 2446 1216 in
2479 1161 2823 1218 ltebtlomada
2841 1162 3021 1218 cibum
3049 1174 3237 1220 venter
3257 1169 3460 1235 capiat,

1887 1267 2124 1323 eumque
2144 1253 2426 1323 exiguum,
2455 1253 2619 1307 dorso
2653 1251 2907 1307 concedit
2939 1261 2999 1306 ttt
3032 1252 3195 1308 facile
3218 1254 3464 1309 inflecta-

1890 1350 1999 1396 tur.
2038 1343 2206 1397 Aiunt
2231 1349 2410 1397 autem
2441 1341 2516 1395 illi
2558 1357 2624 1396 ex
2660 1340 3276 1396 stationeinveteratun't
3306 1344 3466 1399 ulcus

1889 1433 2082 1500 fuisse,
2110 1434 2451 1504 multamque
2481 1449 2548 1490 ex
2578 1447 2642 1488 eo
2671 1434 2882 1488 saniem
2909 1434 3258 1489 continenter
3291 1434 3464 1489 deflu-

1889 1527 2058 1583 xisse.
2097 1529 2165 1580 At
2196 1536 2380 1582 tamen
2423 1526 2562 1581 nihil
2614 1526 2847 1582 istorum
2897 1525 3018 1595 ejus
3057 1525 3464 1596 philosophiam

1891 1617 2146 1673 labefecit
2199 1635 2213 1672 :
2269 1618 2364 1672 sed
2419 1617 2600 1672 omnia
2649 1617 2866 1672 fortiter
2921 1618 3135 1682 tolerat,
3188 1626 3301 1672 tum
3344 1635 3468 1688 qua:

1889 1716 2088 1778 sponte
2125 1708 2293 1772 subit,
2344 1715 2456 1764 tum
2489 1722 2610 1778 qua:
2650 1708 2858 1763 nolenti
2908 1707 3185 1775 accidunt,
3223 1720 3282 1764 ut
3317 1720 3466 1764 utra-

1891 1814 2002 1870 que
2048 1800 2212 1854 animi
2271 1800 2558 1856 alacritate
2611 1800 2900 1870 pervincit.
2958 1799 3072 1854 Hoc
3107 1816 3272 1870 porro
3308 1803 3466 1856 ulcus

1893 1888 2112 1944 cuidam
2153 1889 2472 1959 aliquando,
2503 1905 2610 1960 qua
2639 1889 2704 1943 de
2731 1883 2920 1955 causa,
2947 1889 3148 1956 dicam,
3181 1894 3468 1948 ostendere

1892 1986 2122 2034 coactus
2151 1987 2256 2034 est.
2303 1977 2540 2034 Venerat
2578 1993 2608 2032 a
2635 1977 2874 2033 Rabaeua
2917 1979 2962 2011 ⁸³
2993 1981 3215 2050 quidam
3255 1983 3338 2036 vir
3367 1983 3470 2036 bn-

1891 2085 2020 2136 nus,
2041 2070 2362 2140 Christique
2383 2069 2647 2124 famulatu
2672 2070 2996 2126 honoratus.
3029 2071 3080 2126 ls
3111 2072 3177 2126 ad
3205 2087 3469 2128 cacumen

1895 2162 2029 2220 illud
2051 2177 2172 2216 cum
2197 2162 2556 2226 ascendisset,
2589 2179 2608 2213 ι
2639 2159 2734 2216 Dic
2769 2161 2924 2226 mihi,
2954 2162 3150 2232 inquit,
3179 2163 3466 2234 peripsam

1893 2257 2198 2316 veritatem,
2241 2268 2362 2322 quae
2406 2253 2707 2307 humanum
2751 2267 2925 2323 genus
2962 2255 3030 2308 ad
3072 2247 3132 2308 se
3174 2258 3466 2318 convertit,

1894 2349 2130 2404 homone
2155 2361 2236 2408 es,
2278 2360 2345 2399 an
2383 2345 2708 2414 incorporea
2737 2345 2980 2398 natura?
3016 2363 3036 2396 ι
3075 2344 3244 2416 Αὲῖενο
3282 2356 3464 2400 autem

1895 2438 2376 2510 interrogationem
2431 2435 2742 2492 ferentibus
2798 2435 3016 2490 cunctis
3067 2437 3160 2505 qui
3205 2439 3465 2502 aderant,

1892 2527 2058 2583 silere
2085 2540 2279 2581 omnes
2303 2525 2488 2594 jussit,
2515 2533 2570 2580 et
2603 2525 2757 2578 illum
2782 2525 3106 2596 alloquens:
3142 2545 3160 2577 ι
3199 2527 3309 2582 Cur
3338 2530 3462 2592 hoc,

1893 2619 2004 2684 ait,
2062 2619 2383 2674 sciscitatus
2431 2617 2531 2672 es?
2569 2635 2588 2668 ›
2632 2615 2696 2670 Et
2743 2631 2869 2671 cum
2911 2617 3004 2673 ille
3048 2619 3462 2689 respondisset:

1899 2729 1916 2762 ι
1947 2709 2085 2776 Quia
2113 2709 2313 2779 jactari
2346 2709 2416 2764 ab
2445 2708 2699 2765 omnibus
2727 2708 2910 2772 video,
2941 2716 2995 2763 te
3029 2723 3134 2764 nec
3155 2710 3465 2772 comedere.

1892 2817 1994 2858 nec
2023 2801 2302 2857 dormire:
2329 2800 2611 2854 hominum
2638 2807 2820 2856 autem
2846 2799 3126 2870 proprium
3147 2810 3231 2857 est
3257 2812 3468 2857 utrum-

1893 2909 2020 2964 que,
2055 2907 2232 2962 neque
2262 2891 2406 2946 enim
2441 2891 2733 2962 quisquam
2763 2899 2847 2946 est
2879 2892 2980 2944 hac
3013 2891 3275 2962 praeditus
3305 2902 3468 2946 natu-

1893 3001 1973 3051 ra,
1999 2986 2092 3056 qui
2127 2987 2335 3056 absque
2373 2985 2498 3040 cibo
2532 2993 2588 3040 et
2625 2999 2824 3041 somno
2860 2985 3026 3039 vitam
3074 2984 3277 3040 ducat:
3315 3004 3333 3038 ι
3371 2987 3466 3040 ad—

202 3082 420 3154 τροφῆς
447 3081 574 3152 δίχα
620 3081 714 3135 καὶ
769 3081 940 3134 ὕπνου
985 3081 1324 3136 διαϐιώσειεν
1349 3097 1366 3112 ·
1403 3102 1422 3134 ι
1461 3083 1788 3138 ὲπιτεθεῖναι

1896 3079 2101 3135 moveri
2122 3079 2325 3135 scalam
2349 3077 2537 3147 jussit,
2563 3077 2829 3148 illumque
2855 3079 3155 3134 ascendere
3185 3081 3461 3149 praecepit.

209 3174 314 3245 μὲν
347 3171 425 3242 τῷ
449 3171 586 3226 κίονι
619 3171 860 3244 κλίμακα
883 3171 1236 3242 προσέταξεν,
1262 3173 1525 3244 ἀναϐῆναί
1548 3191 1606 3226 τε
1644 3177 1788 3228 ὲκεῖ-

205 3283 304 3320 νον
324 3264 705 3329 έκέλευσε,καὶ
730 3265 944 3336 πρῶτον
973 3264 1069 3335 μὲν
1097 3264 1195 3328 τὰς
1218 3267 1404 3336 χεῖρας
1432 3267 1788 3336 καταμαθεῖν,

208 3356 335 3409 εἶτα
371 3356 478 3408 ἔσω
509 3355 603 3410 τοῦ
631 3355 952 3428 δερματίνου
985 3354 1331 3427 περιϐολαίου
1371 3356 1470 3426 τὴν
1499 3359 1654 3426 χεῖρα
1691 3356 1788 3428 βα-

208 3447 347 3508 λεῖν,
377 3447 473 3500 καὶ
504 3447 630 3500 ίδεῖν
654 3447 729 3519 μὴ
755 3449 880 3512 τοὺς
915 3447 1081 3510 πόδας
1113 3449 1295 3517 μόνον,
1325 3447 1460 3502 ἀλλά
1481 3449 1573 3501 καὶ
1606 3449 1666 3502 τὸ
1696 3467 1790 3519 χα-

209 3534 523 3590 λεπώτατον
547 3537 722 3602 ἕλκος.
753 3538 899 3592 Ἰδὼν
931 3539 987 3592 δὲ
1019 3540 1114 3593 καὶ
1141 3539 1423 3611 θαυμάσας
1453 3543 1481 3594 ὁ
1508 3541 1792 3612 ἄνθρωπος

211 3626 314 3698 τὴν
333 3626 427 3681 τοῦ
459 3628 652 3692 ἱλκους
673 3629 998 3700 ὑπερϐολὴν,
1029 3629 1124 3684 καὶ
1151 3633 1283 3702 παρ’
1311 3631 1479 3686 αὐτοῦ
1506 3630 1693 3703 μαθὼν
1715 3631 1792 3696 ώς

214 3719 481 3774 ἀπολαύει
506 3723 712 3794 τροφῆς
736 3762 750 3789 ,
779 3721 1138 3794 κατελήλυθεν
1168 3722 1408 3786 ἐκεῖθεν.
1433 3725 1567 3796 πρὸς
1602 3726 1703 3796 ἐμὲ
1733 3725 1791 3778 δὲ

215 3810 547 3881 ἀφικόμενος
569 3811 865 3884 διηγήσατο
900 3813 1097 3868 πάντα.
1135 3813 1223 3866 Ἐν
1247 3812 1305 3866 δὲ
1333 3816 1452 3879 ταῖς
1473 3815 1792 3885 δημοτελέσι

216 3902 555 3974 πανηγύρεσι
578 3906 669 3958 καὶ
687 3905 852 3976 ἀλλην
882 3905 1247 3978 ἐπιδείκνυται
1271 3906 1587 3978 καρτερίαν.
1637 3905 1791 3961 Μετὰ

218 3992 324 4062 γὰρ
343 3994 494 4062 ἡλίου
527 3995 738 4066 δυσμὰς
763 3975 869 4061 ἕως
916 3975 994 4050 διδ
1021 3991 1174 4061 οὗτος
1225 3975 1387 4051 πάλιν
1413 3975 1494 4060 είς
1533 3996 1624 4049 τὸν
1657 3996 1791 4066 ἑῷον

219 4073 468 4151 ὁρίζοντα
493 4084 750 4154 γένηται,
786 4087 886 4147 τὰς
924 4088 1114 4156 χεῖρας
1165 4085 1460 4139 ἀνατείνων
1503 4085 1584 4147 είς
1627 4087 1792 4156 ούρα-

217 4171 306 4225 νὺν
338 4173 628 4244 παννύχιον
648 4174 898 4245 ἕστηκεν,
933 4173 1058 4227 οὔτε
1109 4173 1263 4244 ὕπνῳ
1291 4175 1632 4247 θελγόμενος,
1665 4175 1790 4230 οὔτε

217 4265 322 4319 ὑπὸ
360 4264 522 4317 πόνου
557 4263 874 4335 νικώμενος.

300 4358 387 4412 Ἐν
408 4354 680 4418 τοσούτοις
700 4353 758 4408 δὲ
787 4355 988 4420 πόνοις,
1019 4355 1116 4411 καὶ
1145 4355 1588 4430 κατορθωμάτων
1616 4361 1786 4430 ὄγκῳ,

1897 3187 1960 3227 ac
1999 3172 2177 3241 primo
2202 3170 2422 3241 quidem
2449 3183 2644 3226 manus
2674 3170 2986 3240 explorare,
3027 3169 3226 3225 deinde
3253 3169 3463 3240 128],

1899 3261 2002 3319 sub
2028 3261 2307 3332 pelliceam
2332 3271 2535 3317 vestem
2573 3275 2794 3316 manum
2819 3260 3134 3326 immittere,
3171 3268 3226 3315 et
3268 3261 3468 3316 intueri

1897 3367 2009 3408 non
2061 3353 2226 3422 pedes
2270 3360 2504 3418 tantum,
2557 3352 2654 3408 sed
2705 3351 2866 3408 ulcus
2895 3351 3060 3406 etiam
3102 3352 3464 3408 teterrimum.

1897 3443 2261 3515 Conspicatus
2297 3451 2479 3500 autem
2509 3443 2596 3498 vir
2649 3443 2764 3510 ille,
2821 3443 3232 3514 admiratusque
3267 3445 3470 3501 ulceris

1899 3531 2354 3604 magnitudinem,
2391 3531 2704 3603 certiorque
2733 3533 2804 3587 ab
2837 3547 2904 3588 eo
2925 3531 3105 3588 factus
3132 3533 3312 3603 ipsum
3344 3534 3469 3587 cibo

1896 3624 2065 3692 vesci,
2102 3623 2384 3680 descendit
2444 3624 2618 3688 illinc,
2669 3630 2724 3680 et
2755 3622 2825 3678 ad
2872 3638 2959 3679 me
3012 3624 3240 3679 veniens
3283 3625 3467 3678 omnia

1897 3719 2160 3774 narravit.
2219 3717 2276 3772 In
2327 3718 2559 3788 publicis
2617 3723 2797 3776 autem
2838 3716 3286 3772 solemnitatibus
3320 3718 3468 3772 aliud

1897 3811 2061 3867 etiam
2083 3810 2409 3866 constantia:
2438 3809 2713 3880 specimen
2744 3808 2969 3880 prazbet.
2986 3808 3118 3864 Post
3145 3808 3286 3864 solis
3318 3811 3465 3864 enim

1897 3916 2176 3967 occasum,
2205 3901 2385 3972 quoad
2411 3901 2554 3956 idem
2584 3915 2778 3957 rursus
2809 3901 2876 3956 ad
2917 3901 3257 3956 horizontem
3287 3901 3470 3956 νοιιίιιι

1897 3995 2242 4059 orientalem,
2286 3994 2538 4048 manibus
2588 3994 2642 4046 in
2691 3993 2894 4048 cmlnm
2924 3995 3167 4048 extensis
3210 3999 3321 4047 stat
3349 4000 3468 4044 tota

1897 4095 2080 4150 nocte,
2116 4099 2215 4138 nec
2246 4097 2440 4137 somno
2461 4083 2580 4151 capi
2613 4097 2672 4138 se
2706 4082 2916 4147 sinens,
2951 4098 3051 4137 nec
3077 4083 3266 4137 labore
3300 4082 3464 4137 vinci.

1968 4353 2024 4408 ln
2073 4351 2242 4407 tantis
2283 4356 2466 4405 autem
2512 4347 2816 4410 laboribus,
2842 4359 3303 4418 egregtorumque
3334 4344 3470 4399 faci-

217 4443 312 4496 καὶ
341 4442 531 4513 πλήθει
564 4441 878 4514 θαυμάτων,
920 4442 1094 4508 οὕτως
1131 4445 1250 4498 ὲστὶ
1288 4447 1350 4500 τὸ
1399 4448 1652 4520 φρόνημα
1690 4449 1788 4521 μέ-

1901 4463 2094 4505 norum
2152 4445 2529 4516 amplitudine,
2581 4450 2637 4498 et
2684 4441 3079 4496 miraculorum
3138 4439 3466 4511 frequentia,

214 4550 385 4606 τριος,
412 4534 488 4598 ώς
533 4535 750 4590 πάντων
771 4533 1074 4607 ἀνθρώπων
1104 4536 1249 4592 κατά
1283 4538 1384 4611 τὴν
1421 4539 1580 4607 ἀξίαν
1631 4541 1794 4596 Dota-

213 4642 326 4688 τος.
371 4624 514 4694 Πρὸς
567 4623 624 4677 δὲ
663 4623 742 4695 τῷ
779 4626 988 4698 μετρίῳ
1034 4627 1384 4700 φρονήματι,
1416 4631 1513 4686 καὶ
1553 4631 1792 4704 εὐπρόσ-

214 4717 333 4781 οδος
383 4717 502 4771 λίαν
539 4716 698 4784 ἐστὶ,
755 4717 850 4770 καὶ
904 4717 1146 4786 γλυκὺς,
1203 4721 1298 4774 καὶ
1347 4719 1642 4792 ἐπίχαρις,
1696 4723 1793 4777 καὶ

217 4808 354 4879 πρὸς
379 4810 609 4863 ’ἑκαστον
639 4810 747 4864 τῶν
770 4809 1169 4880 διαλεγομένων
1199 4811 1648 4884 ἀποκρινόμενος,
1682 4815 1792 4868 εἴτε

219 4902 582 4974 χειροτέχνης,
598 4902 707 4954 εἴτε
741 4903 1062 4973 προσαίτης,
1081 4903 1190 4956 είτε
1213 4904 1470 4975 ἄγροικος
1489 4906 1598 4978 εἴη.
1621 4908 1789 4960 Ἐλα-

217 4991 279 5043 6ε
323 4990 380 5043 δὲ
418 4992 513 5044 καὶ
552 4990 652 5061 τῆς
685 4991 1033 5056 διδασκαλίας
1065 4993 1219 5065 παρά
1275 4994 1368 5049 τοῦ
1415 4999 1790 5070 μεγαλοδώρου

217 5083 484 5135 Δεσπότου
535 5083 596 5135 τὸ
635 5083 840 5155 δῶρον·
892 5087 985 5139 καὶ
1031 5085 1110 5148 δίς
1159 5086 1395 5159 ἑκάστης
1435 5089 1650 5158 ἡμέρας
1694 5093 1793 5154 τὰς

217 5171 567 5241 παραινέσεις
603 5173 948 5242 ποιούμενος,
996 5175 1280 5240 ἐπικλύζει
1309 5177 1417 5230 τών
1484 5180 1792 5234 ἀκουόντων

217 5263 315 5325 τὰς
343 5263 534 5328 ἀκοὰς,
581 5265 672 5316 ἐπὶ
719 5265 940 5337 χάριτος
991 5268 1138 5338 μάλα
1175 5267 1573 5340 διαλεγόμενος,
1606 5273 1699 5325 καὶ
1725 5273 1792 5325 τὰ

217 5354 312 5408 τοῦ
357 5353 502 5408 θείου
552 5355 872 5426 Πνεύματος
899 5359 1225 5430 προσφέρων
1282 5361 1648 5432 παιδεύματα,
1700 5366 1791 5416 καὶ

218 5446 500 5503 ἀνανεύειν
528 5447 609 5510 είς
649 5447 899 5518 οὐρανὸν,
963 5451 1057 5504 καὶ
1106 5451 1372 5505 πέτασθαι
1438 5455 1788 5525 παρεγγυῶν,

1897 4548 2049 4596 tanta
2073 4547 2161 4596 est
2196 4539 2316 4606 ejus
2340 4537 2507 4592 animi
2536 4532 2864 4596 moderatio,
2895 4546 2960 4587 ac
2996 4531 3043 4588 si
3083 4531 3329 4587 omnium
3367 4533 3468 4586 bo-

1897 4632 2109 4687 minum
2155 4629 2379 4685 infimus
2414 4637 2582 4685 esset.
2621 4626 2828 4682 Praeter
2865 4622 3186 4679 modestiam
3223 4637 3374 4687 vero,
3414 4631 3470 4677 et

1897 4724 2048 4779 aditu
2076 4721 2260 4778 facilis
2295 4725 2311 4743 ‘
2337 4727 2444 4784 est,
2478 4728 2532 4774 et
2570 4716 2810 4772 alfabilis
2841 4730 2906 4771 ac
2931 4714 3142 4781 suavis,
3174 4713 3472 4782 unicuique

1896 4831 2088 4872 eorum
2133 4811 2474 4884 respondens
2508 4811 2604 4882 qui
2641 4810 3016 4879 alloquuntur,
3050 4806 3165 4862 sive
3204 4804 3384 4876 opifex
3422 4805 3472 4857 is

1897 4909 1992 4976 sit,
2019 4909 2137 4964 sive
2157 4903 2468 4967 mendicus.
2504 4905 2620 4959 sive
2646 4901 2990 4957 rusticanus.
3025 4897 3303 4954 Doctrina!
3329 4913 3471 4967 quo-

1896 5018 2002 5073 que
2051 5001 2258 5055 donum
2315 5013 2345 5051 a
2407 4995 2620 5050 liberali
2674 4993 2908 5049 Domino
2949 4990 3166 5061 accepit
3212 5007 3226 5044 :
3273 4995 3329 5044 et
3387 4989 3470 5041 bis

1897 5093 2148 5164 quotidie
2188 5087 2605 5145 exhortationes
2647 5084 2883 5148 habens,
2925 5081 3264 5136 audientium
3305 5095 3470 5132 aures

1898 5186 2115 5256 irrigat,
2147 5181 2284 5237 scite
2323 5178 2622 5234 admodum
2665 5175 2970 5240 disserens,
2995 5181 3050 5228 et
3086 5171 3256 5226 divini
3296 5169 3473 5240 Spiri-

1899 5287 1987 5332 tus
2015 5276 2350 5330 tlocumenta
2387 5269 2678 5332 exhibens,
2723 5265 3035 5335 jubensque
3071 5262 3125 5316 in
3155 5263 3351 5318 coelum
3387 5276 3472 5311 rc-

1903 5367 2140 5435 spieerc,
2171 5371 2225 5418 et
2269 5361 2506 5421 evolare.
2543 5365 2709 5428 atque
2767 5369 2796 5408 a
2855 5361 3002 5410 terra
3055 5353 3358 5414 discedere,
3415 5359 3471 5404 et

1901 5469 2130 5526 regnum
2173 5451 2318 5523 quod
2363 5453 2717 5520 exspectatur
2760 5444 3092 5516 cogitatione
3131 5456 3375 5507 versare,
3411 5448 3469 5497 et

1496 5631 1730 5686 ΥΑῐὶῐιλΕ
1773 5629 2174 5688 LECTlO‘NES.

296 5711 337 5745 ³³
375 5712 459 5766 Ab
482 5711 755 5766 Arabena.
789 5713 954 5767 llcrv.

543 5806 804 5867 Ριτιιοι..
857 5806 976 5867 Gn.
1016 5804 1331 5865 LXXX“.

3067 5796 3161 5874 7&7.
