3898 6196
354 277 448 340 εδδ

1531 275 1936 337 RELIGIOSA
1977 271 2359 337 HISTORlA.

3428 265 3562 331 H86

313 395 487 466 ψυχῆς
519 395 861 468 ἀνθρωπίνης
888 395 1008 448 οὐδὲ
1044 395 1173 463 μιᾶς
1201 391 1721 464 μεταλαγχάνοντες,
1745 392 1887 446 ούτω

2004 391 2396 461 idipiscuntur.
2424 389 2529 442 Alii
2561 397 2726 456 porro
2767 385 2820 438 in
2866 381 3265 446 tabernaculis,
3299 388 3354 436 et
3385 382 3473 434 alii
3509 383 3566 436 in

310 488 408 558 τῆς
433 489 786 558 ἀναρρήσεως
819 487 1202 542 ἀπολαύουσιν.
1237 485 1421 539 Ἀλλοι
1450 487 1504 538 δέ
1550 488 1606 538 ἐν
1636 486 1882 556 σκηναῖς,

312 580 406 634 καὶ
429 580 608 650 ἕτεροι
631 581 689 633 ἐν
721 579 984 643 καλύϐαις
1011 579 1306 648 διάγοντες,
1338 579 1430 633 τὸν
1463 577 1593 632 Θεὸν
1617 576 1886 646 ἀνυμνοῦ-

310 685 412 724 σιν.
442 671 508 723 Οί
535 669 592 723 δὲ
620 671 710 722 τὸν
737 671 795 722 ἐν
819 669 1035 738 ἄντροις
1084 668 1182 724 καὶ
1212 669 1499 738 σπηλαίοις
1551 666 1887 731 ἀσπάζονται

307 759 442 828 βίον.
490 759 684 814 Πολλοὶ
717 760 794 823 δὲ,
827 753 902 814 ὧν
950 759 1108 812 ἐνίων
1143 759 1519 830 ἐμνήσθημεν,
1559 760 1659 812 οὐκ
1693 757 1888 831 ἄντρον

303 847 547 918 ἔχειν,ού
575 847 858 916 σπήλαιον,
890 849 951 900 ού
980 848 1207 919 σκηνὴν,
1234 850 1294 902 οὐ
1341 847 1582 918 καλύϐην
1633 847 1890 919 ἐπείσθην

306 957 405 994 σαν
428 957 441 974 ο
471 941 610 994 ἀλλά
639 939 832 1011 γυμνῷ
851 939 931 1011 τῷ
957 939 1080 1011 ἀέρι
1115 943 1184 994 τὰ
1217 941 1454 1010 σφέτερα
1478 939 1705 1011 σώματα
1731 939 1892 994 δεδω-

304 1031 491 1096 κότες,
528 1031 635 1086 τῶν
661 1031 921 1085 ἐναντίων
951 1034 1252 1102 ποιοτήτων
1280 1032 1565 1102 ἀνέχονται
1585 1049 1597 1062 ο
1630 1031 1759 1084 ποτέ
1792 1032 1890 1102 μὲν

305 1122 382 1192 τῷ
416 1121 620 1195 κρυμῷ
641 1123 720 1190 τῷ
745 1123 972 1194 ἀκράτῳ
1003 1122 1380 1194 πηγνύμενοι·
1409 1121 1538 1176 ποτὲ
1567 1122 1623 1176 δέ
1653 1121 1732 1192 τῷ
1758 1121 1890 1194 πυρὶ

307 1215 407 1285 τῆς
450 1218 668 1278 ἀκτῖνος
695 1215 1038 1284 φλεγόμενοι.
1085 1216 1195 1268 Καὶ
1223 1217 1426 1269 τούτων
1454 1215 1511 1268 δὲ
1560 1210 1624 1270 αὖ
1661 1216 1820 1270 πάλιν
1863 1217 1892 1268 ό

311 1300 425 1370 βίος
456 1301 730 1372 διάφορος.
755 1304 816 1356 Οἱ
855 1301 952 1372 μέν
983 1301 1091 1374 γὰρ
1122 1301 1318 1356 ἐστῶσι
1347 1303 1627 1375 διηνεκῶς,
1654 1307 1701 1358 oi
1729 1305 1784 1358 δὲ
1811 1305 1892 1370 είς

309 1393 584 1463 καθέδραν
629 1393 719 1446 καὶ
752 1394 937 1447 στάσιν
980 1394 1078 1463 τὴν
1111 1395 1329 1466 ἡμέραν
1363 1396 1645 1467 μερίζουσι
1708 1398 1804 1450 κα)⁸
1842 1399 1894 1452 οί

315 1484 416 1553 μέν
448 1485 506 1536 ἐν
534 1482 802 1554 θριγκίοις
831 1483 940 1536 τισὶ
973 1483 1383 1554 καθειργμένοι,
1415 1486 1522 1538 τῶν
1556 1486 1767 1541 πολλῶν
1797 1488 1896 1552 τὰς

316 1573 605 1636 συνουσίας
637 1571 996 1637 ἐκκλίνουσιν,
1031 1575 1080 1626 οἱ
1111 1573 1168 1627 δὲ
1210 1574 1385 1628 οὐδενὶ
1409 1575 1636 1647 τοιούτῳ
1682 1575 1895 1647 καλύμ-

317 1682 450 1734 ματι
477 1664 772 1736 χρώμενοι,
797 1665 1116 1737 πρόκεινται
1153 1668 1288 1721 πᾶσι
1313 1671 1428 1730 τοῖς
1455 1667 1796 1738 βουλομένοις
1817 1669 1898 1731 είς

1995 481 2228 549 tuguriis
2261 481 2542 550 degentes,
2581 478 2745 530 lteum
2787 475 3065 529 celebrant
3107 492 3119 527 :
3159 473 3250 526 alii
3286 472 3340 524 in
3383 473 3562 524 antris

1993 580 2045 626 ct
2076 571 2360 642 speluncis
2400 572 2580 624 vivere
2607 569 2936 622 maluerunt.
2967 564 3170 626 Multis,
3203 581 3437 634 quorum
3473 564 3570 615 ali-

1994 679 2134 732 quos
2178 663 2641 726 memoravimus,
2678 675 2776 714 nec
2819 669 3062 720 antrum,
3104 673 3203 711 nec
3248 657 3568 726 speluncam

1994 753 2194 808 habere
2225 752 2453 822 placuit.
2486 766 2584 804 nec
2620 749 3061 813 tabernaculum,
3097 763 3197 802 nec
3236 747 3518 817 tugurium
3552 763 3567 799 :

1998 843 2216 916 1284.
2246 844 2339 898 sed
2375 841 2528 896 nudo
2567 841 2679 894 aeri
2721 854 2956 910 corpora
3003 854 3102 893 sua
3141 840 3570 900 committentes,

1996 935 2302 989 contrarias
2327 933 2615 1003 perferunt
2637 932 2956 1002 qualitates,
2978 947 3124 985 nunc
3154 929 3356 1000 frigore
3381 932 3574 984 inuno-

1995 1026 2119 1080 dico
2147 1026 2417 1089 concreti,
2457 1041 2603 1079 llllllC
2639 1025 2772 1079 solis
2799 1023 3092 1077 ardoribus
3125 1024 3353 1092 perusti.
3394 1026 3574 1094 Atque

1999 1117 2194 1170 horum
2229 1131 2425 1172 rursus
2457 1117 2568 1169 vita
2606 1116 2826 1170 diversa
2861 1122 2964 1169 est.
2997 1113 3227 1179 Quidam
3257 1117 3402 1168 enim
3427 1125 3576 1171 stant

1997 1220 2298 1280 perpetuo:
2334 1209 2426 1263 alii
2453 1209 2692 1264 statione
2727 1223 2790 1263 ac
2823 1206 3067 1264 sessione
3099 1207 3242 1262 diem
3282 1207 3570 1262 dividunt:

1998 1309 2052 1354 et
2102 1300 2194 1353 alii
2239 1299 2461 1370 quidem
2513 1283 2770 1355 maceriis
2821 1298 3154 1370 quibusdam
3200 1299 3574 1369 circumsepti,

1999 1392 2297 1448 multorum
2329 1391 2507 1446 vitant
2538 1407 2898 1462 congressum
2937 1406 2949 1446 ε
2985 1391 3076 1446 alii
3119 1393 3267 1447 nullo
3305 1391 3578 1461 ejusmodi

2001 1491 2322 1552 legumento
2364 1493 2605 1548 utentes,
2644 1486 2902 1539 oumibus
2945 1485 3038 1554 qui
3081 1485 3439 1555 contemplari
3483 1500 3578 1540 eos

2003 1575 2190 1629 volunt
2221 1573 2404 1644 palam
2439 1581 2568 1630 sunt
2606 1574 2865 1641 expositi.
2895 1573 3028 1640 Quae
3071 1573 3288 1643 singula
3324 1576 3578 1644 persequi

2005 1677 2230 1719 necesse
2252 1663 2440 1729 habui,
2465 1679 2588 1718 eum
2617 1664 2924 1718 admirandi
2951 1663 3204 1719 Baradati
3239 1665 3406 1720 vitam
3441 1666 3581 1719 scri-

315 1757 572 1825 Θεωρίαν.
606 1757 823 1811 Τούτων
863 1759 920 1812 δέ
959 1758 1192 1813 ἕκαστον
1223 1761 1316 1812 ἐπὶ
1355 1760 1451 1813 τοῦ
1501 1760 1767 1832 παρόντος
1813 1760 1894 1813 δι-

2004 1743 2128 1808 bere
2159 1755 2553 1811 instituissem.
2593 1754 2778 1810 Novas
2809 1757 2956 1810 enim
3008 1757 3094 1811 hic
3129 1758 3293 1812 etiam
3333 1757 3576 1827 patiendi

314 1845 553 1909 ἐξελθεῖν
591 1847 963 1918 ἠναγκάσθην,
992 1849 1086 1902 τοῦ
1128 1849 1430 1920 θαυμασίου
1461 1851 1775 1921 Βαραδάτου
1807 1851 1899 1904 τὸν

317 1939 434 2008 βίον
461 1937 724 2011 ἐθελήσας
751 1941 1084 2011 συγγράψαι.
1123 1942 1302 1995 Καινά
1325 1942 1434 2013 γὰρ
1475 1944 1568 1996 καὶ
1602 1937 1756 2007 οὗτος
1801 1945 1900 1995 ἐπ-

315 2029 508 2098 ενόησε
541 2030 836 2102 καρτερίας
866 2031 1296 2104 ἐπιτηδεύματα.
1321 2032 1544 2104 Πρῶτον
1576 2033 1675 2104 μέν
1704 2033 1812 2104 γὰρ
1842 2034 1900 2086 ἐν

314 2120 547 2192 οἰκίσκῳ
592 2122 781 2192 χρόνον
828 2123 998 2176 πολὺν
1043 2123 1234 2176 ἐαυτὸν
1267 2123 1578 2194 καθείρξας,
1614 2125 1714 2192 τῆς
1750 2123 1902 2189 θείας

318 2211 489 2281 μόνης
515 2211 871 2282 ψυχαγωγίας
907 2212 1206 2284 ἀπήλαυεν.
1245 2214 1486 2266 Ἐκεῖθεν
1515 2214 1612 2284 τὴν
1647 2215 1901 2285 ὑπερκει-

319 2307 492 2377 μένην
522 2308 844 2362 καταλαϐὼν
873 2309 1086 2378 ῥαχίαν,
1116 2309 1212 2361 καὶ
1237 2307 1468 2360 κιϐωτόν
1489 2323 1610 2361 τινα
1641 2306 1900 2379 βραχεῖαν

315 2398 438 2450 ούδέ
465 2398 543 2468 τῷ
579 2399 792 2470 σώματι
819 2399 1133 2470 σύμμετρον
1165 2402 1228 2454 ἐκ
1257 2399 1428 2464 ξύλων
1464 2400 1898 2467 κατασκευάσας,

310 2489 376 2540 ἐν
401 2491 537 2561 αὐτῇ
569 2492 746 2562 διῆγε,
774 2495 1144 2546 κατακύπτειν
1169 2493 1434 2562 διηνεκῶς
1463 2493 1897 2564 ἠναγκασμένος.

306 2583 396 2634 Οὐ
431 2581 540 2653 γάρ
557 2579 703 2654 εἶχεν
731 2583 863 2654 ὕψος
899 2586 1182 2656 ἱσόμετρον
1205 2584 1284 2654 τῷ
1308 2585 1472 2654 μήκει
1501 2585 1594 2637 τοῦ
1627 2585 1898 2654 σώματος.

301 2675 392 2726 Οὐ
419 2675 594 2728 σανίσι
620 2675 676 2728 δέ
701 2693 764 2745 γε
798 2676 938 2745 αὕτη
959 2678 1324 2747 συνήρμοστο,
1345 2675 1480 2729 ἀλλά
1509 2679 1632 2739 ταῖς
1661 2676 1903 2744 κιγκλίσι

305 2765 723 2836 παραπλησίως
755 2767 1050 2838 διήνοικτο,
1077 2767 1172 2819 καὶ
1211 2768 1334 2829 ταῖς
1361 2770 1720 2834 φωταγωγοῖς
1740 2767 1902 2837 ἐῴκει

303 2861 439 2921 ταῖς
476 2859 776 2928 εὐρυτέροις
803 2857 1063 2928 ἐχούσαις
1083 2858 1178 2910 τοῦ
1208 2858 1384 2927 φωτὸς
1414 2857 1512 2920 τὰς
1545 2858 1801 2921 εἰσόδους.
1827 2851 1902 2911 Οὗ

307 2949 504 3018 χάριν,
537 2948 662 3002 οὔτε
709 2952 828 3012 ταῖς
877 2949 984 3003 τῶν
1023 2950 1196 3003 ὑετῶν
1247 2949 1622 3020 ἀπηλλάττετο
1670 2950 1903 3022 προσϐο-

307 3042 462 3104 λαῖς,
514 3039 636 3094 οὔτε
682 3042 782 3110 τῆς
827 3041 1062 3112 ἡλιακῆς
1101 3040 1461 3110 ἠλευθεροῦτο
1517 3041 1731 3108 φλογὸς,
1786 3040 1899 3093 ἀλλ’

310 3135 608 3204 ἀμφότερα
639 3137 750 3198 τοῖς
788 3135 966 3198 ἄλλοις
1021 3135 1330 3205 ὑπαιθρίοις
1367 3134 1762 3204 παραπλησίως
1792 3131 1900 3186 est.
1931 3110 1947 3157 ί

311 3242 448 3297 χετο
471 3241 483 3252 ·
515 3225 853 3280 ἐπλεονέκτει
882 3226 938 3278 δὲ
973 3226 1119 3296 μόνῳ
1144 3225 1222 3296 τῷ
1241 3227 1339 3296 τῆς
1370 3223 1698 3296 καθείρξεως
1733 3222 1900 3294 πόνῳ.

317 3317 500 3369 ιίολὺν
521 3317 577 3368 δέ
606 3318 796 3388 χρόνον
825 3317 1017 3374 τοῦτον
1043 3319 1353 3380 διατελέσας
1380 3318 1471 3370 τὶν
1501 3318 1720 3388 τρόπον,
1744 3314 1902 3369 ὓστε-

322 3424 417 3475 ρον
437 3407 746 3477 ἐξελήλυθε,
779 3411 898 3472 ταῖς
921 3408 1016 3462 τοῦ
1053 3407 1342 3462 θεσπεσίου
1390 3408 1666 3472 Θεοδότου,
1717 3407 1774 3470 ὃς
1805 3408 1904 3477 τὴν

325 3500 718 3569 ἀρχιερατικὴν
737 3502 836 3570 τῆς
874 3501 1193 3572 Ἀντιοχέων
1222 3501 1383 3554 ἔλαϐε
1417 3499 1729 3570 προεδρίαν,
1763 3513 1906 3570 παρ⁴

329 3590 600 3642 αινέσεσιν
627 3589 796 3654 εἴξας.
817 3592 1057 3662 Ἕστηκε
1088 3591 1271 3661 μέντοι
1295 3591 1556 3660 διηνεκῶς
1582 3593 1660 3656 είς
1681 3591 1907 3664 οὐρανὸν

327 3681 425 3742 τὰς
466 3683 652 3751 χεῖρας
693 3683 970 3748 ἐκτείνων,
1016 3685 1112 3736 καὶ
1162 3685 1254 3736 τὸν
1299 3683 1411 3736 τῶν
1457 3684 1594 3738 ὅλων
1640 3685 1771 3737 Θεὸν
1813 3686 1908 3737 ἀν-

326 3775 532 3843 υςινῶν,
569 3773 714 3827 ἅπαν
740 3775 800 3828 τὸ
851 3774 1011 3845 σῶμα
1056 3775 1136 3845 τῷ
1169 3775 1478 3848 δερματίνῳ
1505 3775 1906 3846 συγκαλύπτων

325 3865 510 3934 χιτῶνι
533 3881 546 3895 '
582 3866 711 3935 περὶ
743 3863 840 3936 τὴν
870 3869 992 3937 ρίνα
1023 3867 1081 3920 δὲ
1116 3867 1305 3938 μόνην,
1342 3867 1437 3922 καὶ
1463 3867 1523 3920 τὸ
1556 3869 1750 3937 στόμα,
1777 3863 1928 3937 βραέ

327 3961 475 4025 [tim
524 3958 603 4028 τῷ
641 3962 912 4029 πνεύματι
961 3961 1318 4031 παρείσδυσιν
1364 3960 1784 4021 καταλέλοιπεν,
1822 3957 1910 4011 ἵνα

329 4049 568 4119 ἀναπνέῃ
588 4050 680 4102 τὸν
707 4051 884 4103 κοινὸν
916 4051 1053 4119 ἀέρα
1075 4050 1382 4118 δεχόμενος,
1415 4050 1715 4119 ἐπειδήπερ
1736 4048 1910 4114 ἄλλως

327 4141 426 4209 ζῇν
454 4140 552 4209 οὐχ
579 4142 665 4194 οἵα
693 4158 752 4192 τε
802 4141 909 4193 τῶν
941 4141 1244 4210 ἀνθρώπων
1273 4141 1306 4209 ἡ
1352 4139 1534 4209 φύσις.
1571 4141 1680 4193 Καὶ
1720 4141 1909 4194 τοῦτον

328 4233 546 4284 ᾶπαντα
593 4232 854 4302 ὑπομένει
913 4231 1002 4283 τὸν
1053 4230 1234 4294 πόνον,
1280 4230 1382 4284 οὐκ
1431 4230 1704 4301 εὖρωστον
1750 4232 1910 4302 σῶμα

331 4322 530 4394 λαχὼν,
566 4324 701 4377 ἀλλὰ
729 4324 822 4376 καὶ
854 4323 974 4377 λίαν
1016 4323 1230 4388 πολλοῖς
1297 4323 1624 4394 βαλλόμενος
1673 4323 1904 4378 πάθεσιο

2002 1851 2152 1900 artes
2181 1845 2496 1916 exquisivit.
2542 1845 2619 1900 Ac
2658 1846 2838 1916 primo
2881 1846 3101 1916 quidem
3149 1846 3480 1901 domuncula
3523 1865 3583 1901 se

2003 1933 2182 2002 ipsum
2219 1934 2384 2006 longo
2419 1944 2668 2008 tempore
2715 1937 3006 1993 includens
3051 1939 3165 1992 sola
3201 1936 3294 1993 ltei
3328 1938 3582 1994 consola-

2004 2024 2156 2080 tione
2190 2025 2499 2083 fruebatur.
2542 2028 2674 2083 lnde
2715 2031 3114 2100 superpositam
3145 2046 3331 2101 rupem
3367 2039 3580 2101 petens.

2003 2131 2172 2187 parva
2191 2119 2428 2188 quadam
2447 2136 2575 2175 arca
2593 2121 2848 2190 corporis
2866 2138 3181 2177 mensuram
3205 2137 3310 2176 non
3330 2130 3582 2193 aequante

2001 2223 2067 2263 ex
2108 2208 2268 2280 lignis
2293 2209 2580 2277 fabricata,
2605 2213 2656 2266 in
2691 2228 2752 2266 ea
2775 2213 3025 2281 degebat,
3060 2215 3430 2284 deorsumque
3457 2231 3582 2284 per-

2001 2303 2166 2363 petuo
2209 2296 2489 2352 incurvari
2531 2299 2848 2370 cogebatur,
2893 2316 3018 2354 cum
3063 2303 3407 2357 altitudinem
3457 2321 3582 2358 cor-

2003 2387 2156 2456 poris
2200 2391 2512 2458 proceritati
2555 2407 2738 2462 parem
2787 2407 2894 2447 non
2937 2393 3182 2449 haberet.
3232 2395 3419 2467 Neque
3455 2414 3584 2452 vero

2004 2480 2304 2548 compactis
2344 2482 2627 2538 asseribus
2667 2483 2758 2537 illa
2791 2485 3098 2550 conatabat,
3133 2489 3226 2542 sed
3251 2498 3438 2559 aperta
3465 2501 3586 2546 erat

2004 2573 2371 2628 cancellorum
2401 2573 2456 2628 in
2485 2589 2715 2652 morem,
2746 2577 3052 2648 similisque
3087 2577 3338 2634 fenestris
3364 2599 3481 2652 quae
3510 2587 3586 2638 lu-

2005 2663 2169 2719 minis
2219 2663 2479 2721 introitus
2537 2651 2760 2722 latiores
2821 2670 3042 2724 habent.
3095 2669 3215 2736 Quo
3266 2651 3466 2736 licbat,
3528 2685 3586 2730 ut

2006 2771 2184 2826 neque
2214 2758 2282 2812 ab
2314 2758 2516 2828 impetu
2548 2760 2747 2830 pluviae
2777 2761 3037 2817 immunis
3069 2771 3239 2830 esset,
3265 2780 3362 2820 nec
3393 2781 3421 2818 a
3452 2769 3585 2821 solis

2007 2850 2204 2906 ardore
2249 2851 2416 2906 libera
2463 2869 2476 2906 :
2511 2853 2602 2907 sed
2642 2861 2936 2922 utrumque
2977 2854 3149 2908 nihilo
3192 2858 3376 2912 secius
3420 2873 3584 2928 quam

2005 2958 2127 3013 qua:
2169 2945 2274 2999 sub
2319 2945 2410 3000 dio
2453 2956 2584 3002 sunt
2629 2953 2940 3017 exciperet;
2974 2950 2992 2972 ‘
3026 2949 3127 3005 hoc
3166 2966 3276 3005 uno
3311 2957 3584 3022 superior.

2007 3033 2154 3102 quod
2187 3035 2514 3092 inclusionis
2550 3037 2704 3092 labor
2733 3039 3046 3093 aeredebat.
3075 3039 3208 3095 Cum
3255 3049 3432 3096 autem
3466 3044 3590 3096 diuo

2008 3137 2173 3185 turno
2207 3139 2453 3200 tempore
2486 3134 2633 3186 hunc
2665 3133 2719 3187 in
2763 3135 2982 3188 modum
3012 3136 3364 3206 perstitisset,
3400 3151 3588 3206 postea

2006 3238 2268 3291 egressus
2305 3235 2408 3286 est,
2443 3222 2615 3276 divini
2651 3221 2944 3292 Theodoti,
2983 3226 3071 3279 cui
3114 3227 3444 3295 pontificalis
3477 3231 3590 3281 An-

2009 3314 2374 3369 tiochensium
2425 3316 2584 3370 sedes
2641 3314 2934 3385 obtigerat,
2977 3316 3201 3371 monitis
3241 3316 3456 3388 1285
3487 3320 3590 3374 ob-

2006 3417 2337 3476 temperans.
2388 3404 2508 3460 Stat
2558 3417 2737 3462 autem
2782 3408 3008 3463 assidue
3049 3425 3246 3464 mamis
3289 3412 3590 3465 extendens

2006 3501 2060 3554 i-n
2089 3501 2310 3563 cmlum,
2339 3510 2389 3554 et
2412 3503 2788 3556 universorum
2820 3503 2987 3557 Deum
3019 3503 3271 3570 laudans,
3305 3511 3594 3572 totumque

2007 3609 2213 3662 corpus
2257 3594 2484 3664 pellicea
2518 3595 2784 3665 obtegens
2809 3599 2990 3649 tunica
3018 3613 3030 3648 ε
3062 3597 3210 3650 circa
3241 3610 3434 3648 nasum
3461 3610 3591 3648 vero

2007 3694 2061 3740 et
2101 3701 2164 3741 os
2192 3686 2392 3749 solum,
2419 3687 2692 3741 modicum
2714 3687 2932 3758 Spiritui
2961 3695 3197 3742 meatum
3229 3685 3470 3756 reliquit,
3498 3703 3593 3756 per

2005 3793 2166 3848 quem
2212 3777 2479 3848 respiret,
2520 3793 2982 3850 communemque
3019 3794 3200 3834 acrem
3243 3777 3437 3840 ducat,
3471 3778 3593 3833 sine

2008 3885 2118 3939 quo
2167 3871 2354 3924 vivere
2407 3873 2648 3926 humana
2701 3883 2899 3926 natura
2958 3888 3070 3927 non
3127 3881 3334 3944 posset.
3389 3872 3589 3927 Totum

2009 3975 2174 4029 porro
2211 3961 2358 4014 hunc
2401 3962 2640 4015 laborem
2687 3966 2955 4024 sustinet,
2989 3979 3112 4018 cum
3153 3979 3356 4032 corpus
3394 3972 3592 4018 nactus

2010 4051 2084 4105 sit
2115 4051 2340 4106 minime
2377 4054 2685 4117 robustmn,
2719 4070 2782 4107 ac
2814 4057 3004 4110 multis
3036 4057 3242 4112 morbis
3265 4057 3587 4123 obnoxium,

2010 4142 2105 4198 sed
2150 4141 2370 4206 fervens
2404 4145 2572 4196 animi
2612 4144 2896 4209 alacritas,
2939 4143 3236 4216 divinaque
3277 4163 3466 4203 amore.
3509 4151 3595 4202 in-

2009 4246 2197 4296 censa,
2231 4232 2482 4288 laborare
2512 4233 2646 4288 illud
2685 4235 2986 4305 compellit,
3025 4237 3172 4308 quod
3204 4230 3457 4296 laborare
3481 4256 3590 4295 non

2010 4331 2210 4394 potest.
2233 4321 2352 4377 Jam
2386 4340 2512 4380 vero
2545 4327 2744 4382 mentis
2767 4326 3127 4398 intelligentia
3164 4337 3455 4401 praestans,
3489 4347 3588 4402 0p-

330 4416 527 4480 ζέουσα
565 4415 620 4468 δέ
658 4417 690 4486 ἠ
729 4414 1026 4486 προθυμία,
1061 4415 1156 4468 καὶ
1185 4413 1262 4486 τῷ
1314 4414 1442 4485 θείῳ
1491 4413 1654 4486 ἔρωτι
1692 4431 1901 4486 πυρπο-

2012 4415 2142 4471 time
2173 4417 2480 4486 interrogat
2516 4426 2570 4472 et
2611 4419 2924 4486 respondet,
2959 4421 3280 4492 rectiusque
3313 4425 3592 4479 interdum

326 4510 584 4579 λουμένη,
617 4508 866 4580 βιάζεται
896 4512 1080 4562 ’πονεῖν
1129 4509 1192 4562 τὸ
1242 4511 1425 4561 πονεῖν
1478 4508 1537 4560 ού
1586 4507 1902 4577 δυνάμενον.

329 4598 436 4650 Καὶ
478 4597 577 4660 τὰς
631 4597 837 4668 φρένας
887 4597 946 4651 δὲ
999 4597 1212 4650 συνέσει
1249 4595 1681 4666 κεκοσμημένος,
1713 4597 1910 4665 ἄριστα

327 4690 549 4752 καὶτὰς
581 4688 805 4752 πεύσεις
837 4689 932 4742 καὶ
977 4689 1081 4752 τὰς
1137 4687 1458 4757 ἀποκρίσεις
1497 4689 1764 4740 ποιεῖται·
1813 4686 1910 4739 καὶ

329 4783 698 4850 συλλογίζεται
761 4781 909 4835 ἐστιν
960 4781 1046 4834 ὅτε
1091 4780 1198 4833 τῶν
1266 4781 1390 4842 τοὺς
1447 4778 1908 4848 Ἀριστοτελικοὺς

328 4875 682 4943 λαϐυρίνθους
729 4873 1118 4942 ἁνεγνωκότων
1166 4872 1390 4942 ἄμεινόν
1437 4889 1495 4925 τε
1550 4875 1642 4925 καὶ
1671 4871 1910 4925 δυνατώ-

327 4983 504 5035 τερον.
553 4967 642 5020 Ἑν
676 4966 824 5038 αὐτῷ
855 4966 912 5019 δὲ
951 4963 1027 5017 ὢν
1065 4964 1144 5034 τῷ
1175 4964 1299 5033 ὕψει
1332 4967 1430 5034 τῆς
1455 4964 1677 5034 ἀρετῆς,
1716 4964 1816 5017 οὐκ
1843 4964 1908 5033 ἐᾷ

317 5042 700 5126 ίσυναναϐἦναι
727 5057 788 5110 τὸ
814 5057 1092 5128 φρόνημα,
1121 5055 1256 5108 ἀλλά
1287 5055 1438 5108 κάτω
1461 5055 1648 5124 ἕρπειν
1671 5053 1904 5119 κελεύει,

330 5147 459 5219 περὶ
493 5149 632 5200 αύτά
660 5147 754 5201 τοῦ
799 5148 960 5217 ὅρους
1003 5147 1070 5200 τὰ
1121 5147 1420 5218 κράσπεδα.
1467 5140 1589 5198 Οἵδε
1629 5144 1737 5215 γὰρ
1775 5146 1906 5214 ὅσην

330 5239 476 5291 ἕλκει
507 5237 710 5308 βλάϐην
753 5239 1159 5308 φλεγμαίνουσα
1191 5237 1269 5306 τῷ
1328 5237 1482 5309 τύφῳ
1512 5237 1741 5290 διάνοια.
1785 5237 1826 5288 Τ
1829 5254 1905 5288 οι-

330 5328 469 5398 αύτη
500 5331 558 5382 ἐν
586 5330 869 5399 κεφαλαίῳ
903 5332 996 5383 καὶ
1027 5332 1060 5400 ὴ
1088 5329 1242 5383 τοῦδε
1289 5329 1574 5398 φιλοσοφία
1596 5345 1608 5358 ·
1645 5329 1709 5398 ἣν
1749 5329 1907 5394 αὐξο-

336 5419 503 5488 μένην
531 5420 740 5487 γένοιτο
789 5421 887 5490 τὴν
933 5419 1136 5472 νύσσαν
1184 5417 1277 5472 τοῦ
1323 5419 1522 5488 δρόμου
1555 5417 1902 5471 καταλαϐεῖν.

333 5510 502 5580 Κοινὴ
537 5509 644 5582 γὰρ
667 5510 976 5582 εὐφροσύνη
1012 5511 1121 5563 τῶν
1157 5510 1414 5570 εὐσεϐῶν,
1453 5509 1560 5562 τῶν
1596 5510 1906 5579 νικηφόρων
1953 5503 1959 5509 ’

330 5602 534 5657 τούτων
564 5606 596 5675 ή
629 5602 867 5656 εὔκλεια.
923 5603 1053 5672 Ἐμέ
1095 5603 1150 5656 δὲ
1191 5603 1277 5672 εἴη
1311 5604 1428 5663 ταῖς
1456 5600 1646 5653 τούτου
1685 5602 1906 5670 ὑπερει-

2013 4522 2076 4561 ac
2103 4509 2382 4576 potentius
2414 4518 2857 4578 argumentatur,
2891 4525 3055 4580 quam
3097 4513 3190 4583 qui
3225 4515 3279 4569 in
3317 4515 3593 4571 Aristote-

2014 4596 2133 4650 licis
2178 4597 2507 4667 labyrinthis
2551 4599 2754 4654 versati
2799 4608 2946 4654 sunt.
3001 4599 3250 4674 Cumque
3297 4604 3362 4659 ad
3411 4606 3590 4675 ipsum

2011 4688 2231 4744 virtutis
2295 4686 2570 4759 fastigium
2629 4691 2972 4760 pervenerit,
3028 4706 3138 4746 non
3205 4693 3470 4762 permittit
3534 4707 3592 4748 ut

2013 4780 2180 4833 animi
2233 4779 2408 4835 fastus
2455 4781 2616 4834 simul
2669 4781 2956 4849 ascendat,
3003 4783 3097 4837 sed
3147 4782 3290 4838 intra
3341 4785 3489 4839 illum
3524 4789 3592 4841 ad

2011 4871 2159 4941 ipsas
2218 4875 2417 4928 montis
2476 4873 2690 4929 radices
2747 4889 2940 4943 repere
2989 4875 3170 4944 jubet.
3226 4875 3384 4930 Novit
3441 4879 3589 4932 enim

2010 4971 2280 5032 quantum
2329 4966 2514 5018 «ἔσειιηί
2569 4963 2714 5019 fastu
2765 4965 2953 5020 inflata
3001 4979 3156 5022 mens
3200 4967 3412 5023 atterat.
3468 4968 3592 5024 llaec

2010 5057 2176 5125 igitur
2206 5059 2257 5112 in
2303 5073 2520 5111 summa
2558 5059 2724 5129 hujus
2765 5069 2849 5114 est
2892 5059 3236 5129 philosophia
3275 5079 3289 5118 :
3326 5079 3446 5130 quae
3483 5064 3594 5117 uti-

2011 5165 2133 5202 nam
2179 5151 2256 5204 sic
2302 5160 2537 5215 crescat,
2578 5162 2637 5206 ut
2683 5152 2749 5206 ad
2795 5169 2995 5209 cursus
3046 5167 3244 5209 metam
3297 5159 3591 5228 pertingat.

2008 5239 2328 5294 Communis
2351 5241 2494 5294 enim
2522 5243 2735 5312 piorum
2761 5251 2846 5298 est
2869 5243 3082 5309 ltetitia,
3110 5245 3378 5300 victorum
3404 5247 3594 5314 hujus-

2015 5329 2160 5383 modi
2219 5331 2415 5400 gloria.
2473 5329 2599 5385 Mihi
2654 5347 2785 5389 vero
2839 5335 3047 5388 utinam
3097 5335 3288 5390 horum
3343 5339 3594 5408 precibus

2015 5421 2252 5476 subnixo
2280 5425 2562 5493 enutingat
2598 5425 2668 5480 ab
2694 5425 2796 5480 hoc
2834 5436 3020 5482 monte
3065 5445 3174 5484 non
3212 5431 3401 5500 procul
3447 5429 3594 5484 absi-
3667 5478 3674 5496 ,

2015 5526 2179 5569 suae.
2212 5515 2304 5570 sed
2346 5517 2612 5585 paulatim
2644 5519 2962 5586 ascendere,
3002 5529 3055 5577 et
3088 5521 3318 5577 istorum
3350 5533 3595 5579 contem-
3670 5505 3673 5508 ’

2015 5606 2254 5669 platione
2283 5610 2544 5661 recreari.

331 5699 554 5768 ὃιῗμενον
598 5701 946 5766 προσευχαῖς,
994 5696 1068 5769 μὴ
1103 5696 1290 5767 πόρρω
1335 5695 1489 5749 τοῦδε
1537 5695 1792 5762 γενέσθαι
1821 5694 1912 5747 τοῦ
1954 5695 2146 5766 Egeo;-
2183 5700 2314 5752 ἀλλὰ
2351 5702 2693 5774 καταμικρίλν
2725 5703 3010 5775 ἀναϐῆναι,
3076 5705 3167 5757 καλ⁵
3237 5709 3360 5773 ταῖς
3399 5695 3609 5754 τούτων

332 5796 605 5865 ἐντρυρᾷν
635 5794 909 5865 θεωρίαις.
