3898 6196
483 270 616 334 1487
1465 273 1952 332 TIIEUDURETI
1979 256 2312 332 EPISCOPl
2353 273 2718 332 CYRENSIS
3513 285 3598 352 κδ,

851 380 1083 437 XXVIII.
1127 413 1189 422 -ς
1230 379 1687 440 'I‘IIALELALUS.

546 476 731 544 Neque
786 473 1042 529 Thalelzei
1104 472 1282 528 silebo
1331 473 1706 529 narrationem
1760 490 1775 527 :
1829 472 2050 542 plenum

475 566 619 621 enim
645 574 730 621 est
748 563 1016 619 miraculo
1041 563 1435 633 spectaculum.
1469 561 1580 618 Nec
1611 578 1742 618 vero
1773 563 1896 618 aliis
1925 570 2049 616 tan-

475 669 587 710 tum
642 654 1000 711 narrantibus
1047 653 1266 724 1286
1305 652 1511 719 audivi,
1562 653 1658 708 sed
1709 654 1889 708 oculis
1933 653 2050 722 ipse

476 748 583 802 vidi
645 745 1026 802 admirandum
1093 745 1490 816 spectaculum.
1559 744 1832 798 Vicesimo
1902 744 2048 799 enim

475 840 652 893 smdio
697 853 728 893 a
772 835 998 893 Gabalis
1040 837 1197 910 (urbs
1237 851 1301 892 ea
1347 845 1432 892 est
1477 852 1645 907 parva
1688 847 1740 889 et
1779 837 2047 907 elegans),

474 933 669 986 collem
705 929 1001 1002 quemdam
1029 944 1153 984 cum
1188 928 1505 990 insedisset,
1537 929 1589 982 in
1621 944 1728 997 quo
1759 927 2048 982 delubrum

477 1029 595 1076 erat
625 1022 968 1078 daemonibus
995 1020 1335 1084 dedicatum,
1357 1028 1409 1074 et
1440 1020 1510 1074 ah
1547 1020 1729 1090 impiis
1759 1021 1890 1075 olim
1928 1035 2048 1075 cre-

476 1112 592 1167 bris
620 1113 910 1169 sacriﬁciis
949 1114 1305 1173 honoratum,
1346 1112 1604 1182 exiguum
1652 1111 1722 1166 ibi
1770 1113 2048 1183 tugurium

480 1201 688 1256 deﬁxit.
734 1201 986 1259 Nefarios
1025 1212 1209 1259 autem
1250 1201 1376 1260 illos
1419 1205 1542 1259 ideo
1587 1206 1769 1260 colere
1802 1221 1861 1260 se
1900 1205 2050 1261 dice-

480 1292 628 1357 bant,
668 1299 727 1348 ut
760 1309 1007 1365 magnam
1040 1295 1260 1349 illorum
1290 1294 1671 1351 crudelitatem
1704 1296 1905 1352 hostiis
1936 1296 2052 1365 pla-

478 1398 603 1439 cere
629 1385 957 1441 niterentur.
999 1384 1187 1440 Multis
1228 1387 1374 1440 enim
1419 1387 1590 1441 exitio
1619 1397 1798 1450 erant,
1830 1397 1884 1442 et
1914 1401 2051 1457 pra:-

477 1477 842 1546 tercuntibus,
881 1481 898 1498 '
937 1486 992 1534 et
1023 1480 1550 1551 propinquantibus,
1585 1495 1694 1534 non
1733 1480 2051 1534 hominibus

477 1572 660 1639 modo,
688 1573 784 1629 sed
813 1583 866 1629 et
895 1574 1089 1640 asinis,
1117 1585 1172 1630 et
1201 1575 1390 1640 mulis,
1418 1583 1469 1629 et
1501 1576 1696 1638 bobus,
1720 1583 1775 1629 et
1803 1575 2000 1630 ovibus
2035 1593 2048 1628 :

476 1677 586 1715 non
627 1662 896 1719 bellantes
939 1679 1065 1718 cum
1103 1663 1304 1728 brutis,
1342 1664 1434 1718 sed
1478 1664 1795 1718 hominibus
1832 1679 1928 1733 per
1959 1663 2049 1717 illa

2611 383 2747 437 κη’.
2774 415 2840 421 ---
2867 383 2998 436 ΘΑΛ
3009 385 3254 438 ΕΛΑΙΟΣ.

2229 477 2365 531 Ούδέ
2421 477 2715 531 Θαλελαίου
2773 477 3058 545 σιγήσομαι
3093 476 3151 529 τὸ
3192 477 3429 549 διήγημα,
3469 489 3600 553 μεστήν

2158 567 2266 639 γὰρ
2294 568 2355 622 τὸ
2395 568 2577 639 θέαμα
2608 567 2906 637 θαύματος.
2953 569 3063 620 Οὐκ
3105 568 3265 622 ἄλλων
3311 570 3359 623 δὲ
3409 575 3529 642 μόνον
3557 580 3601 632 δι.

2158 657 2524 728 ηγησαμένων
2553 658 2785 727 ἀκήκοα,
2811 655 2945 710 ἀλλά
2995 656 3084 709 καὶ
3129 658 3373 730 αὐτόπτης
3417 662 3604 735 ἐγενόμην

2159 744 2250 796 τοῦ
2288 743 2588 815 παραδόξου
2623 743 2917 814 θαύματος.
2959 743 3088 795 Ἀπὸ
3136 745 3338 799 σταδίων
3361 748 3450 817 γὰρ
3491 752 3605 806 εἴκοςι

2161 838 2198 889 Γ
2201 835 2414 890 αϐἀλων
2451 836 2637 907 (πόλις
2683 834 2742 888 δὲ
2786 834 2921 904 αῦτη
2954 833 3153 906 σμικρά
3195 837 3282 889 καὶ
3321 843 3605 912 χαριεστάτη),

2157 928 2317 999 λόφον
2348 927 2471 982 τινὰ
2514 926 2853 993 καταλαϐὼν,
2905 928 2964 979 ἐν
3104 927 3310 998 τέμενος
3337 925 3395 999 ἦν
3435 931 3610 1002 δαίμοσιν

2157 1019 2537 1090 ἀνακείμενον,
2575 1019 2669 1074 καὶ
2701 1018 2807 1070 ὑπὸ
2854 1016 2965 1071 τῶν
3003 1017 3163 1070 πάλαι
3201 1017 3439 1072 δυσσεϐὦν
3460 1023 3610 1087 πολλαῖς

2158 1112 2367 1174 θυσίαις
2396 1110 2728 1182 τιμώμενον,
2765 1109 3004 1181 σμικράν
3029 1125 3144 1162 τινα
3181 1109 3395 1180 καλύϐην
3428 1114 3606 1183 ἐπήξατο.

2171 1203 2530 1274 Ἐθεράπευον
2576 1203 2634 1257 δὲ
2663 1203 2789 1266 τοὺς
2837 1199 3176 1271 ἀλιτηρίους,
3209 1201 3279 1264 ὼς
3328 1201 3512 1271 ἔφασαν,
3549 1208 3610 1274 ria

2159 1297 2359 1369 πολλὴν
2386 1296 2565 1350 αὐτῶν
2597 1296 2854 1366 ὠμότητα
2894 1294 3106 1358 θυσίαις
3152 1295 3386 1364 πραΰνειν
3413 1297 3610 1366 emptiqu-

2157 1405 2258 1442 νοι.
2316 1387 2539 1450 Πολλοῖς
2576 1386 2686 1458 γὰρ
2737 1385 3104 1456 ἐλυμαίνοντο,
3163 1385 3250 1439 καὶ
3297 1386 3521 1457 παριοῦσι,
3556 1393 3609 1440 καῖ

2157 1479 2579 1549 γειτονεύουσιν,
2601 1478 2703 1531 οὐκ
2725 1477 3035 1548 ἀνθρώποις
3062 1477 3252 1547 μόνοις,
3278 1477 3394 1531 ἀλλὰ
3417 1480 3490 1532 καὶ
3506 1480 3610 1543 δνοις,

2157 1572 2253 1626 καὶ
2279 1573 2546 1644 ἡμιόνοις,
2582 1571 2677 1624 καὶ
2710 1569 2885 1640 βουσὶ,
2919 1570 3012 1623 καὶ
3037 1569 3330 1639 προϐάτοις
3357 1571 3408 1623 ού
3435 1575 3520 1634 τοῖς
3533 1573 3612 1625 dir}-

2156 1682 2276 1734 γοις
2304 1664 2689 1737 πολεμοῦντες,
2727 1662 2863 1716 ἀλλὰ
2895 1662 2983 1715 διά
3027 1661 3223 1714 τούτων
3265 1664 3363 1722 τοῖς
3395 1661 3612 1732 ἀνθρώπως

476 1753 712 1807 insidias
747 1753 1058 1808 tendentes.
1099 1751 1255 1809 Tunc
1294 1769 1425 1825 ergo
1466 1754 1852 1809 adventantem
1899 1754 2050 1807 illum

2158 1757 2620 1819 ἐπιϐουλεύοντες.
2655 1755 2791 1809 Τότε
2820 1754 3003 1809 τοίνυν
3027 1755 3332 1824 ἀφικόμενον
3362 1753 3512 1807 τοῦτον
3531 1757 3614 1808 lii-r-

476 1851 788 1908 cernentes,
813 1853 1122 1913 pet-terrere
1155 1843 1375 1915 quidem
1407 1848 1590 1899 conati
1631 1856 1784 1908 sunt,
1818 1844 1912 1899 sed
1948 1842 2051 1898 mi-

477 1937 622 1990 nime
659 1943 978 2007 potuerunt,
1021 1950 1146 1989 cum
1179 1950 1302 1990 eum
1351 1934 1483 1990 ﬁdes
1510 1944 1840 2005 protegeret,
1870 1945 1924 1988 et
1955 1948 2054 2004 pro

468 2045 542 2084 eo
571 2029 745 2099 gratia
785 2040 1072 2100 pugnaret.
1111 2026 1268 2084 Unde
1305 2030 1460 2084 rabie
1502 2044 1566 2083 ac
1606 2029 1795 2084 furore
1837 2029 2051 2100 perciti,

475 2121 741 2176 adversus
770 2121 1015 2176 consitas
1045 2120 1116 2175 ibi
1147 2120 1376 2176 arbores
1411 2122 1715 2175 irrucrunt.
1753 2120 1920 2174 Erant
1953 2137 2051 2174 au-

465 2219 583 2267 tem
616 2211 669 2265 iu
701 2212 842 2268 colle
873 2211 967 2267 illo
991 2220 1044 2268 et
1074 2212 1211 2267 ﬁcus
1240 2220 1294 2267 et
1323 2212 1458 2268 olea:
1491 2213 1734 2269 virentes
1759 2214 2009 2284 plurima:
2035 2232 2048 2267 :

476 2317 541 2356 ex
585 2302 789 2373 quibus
822 2301 1009 2358 subito
1043 2303 1249 2359 evulsa:
1285 2303 1514 2358 fuerunt
1555 2304 1848 2374 plusquam
1890 2304 2054 2372 quiu-

475 2402 670 2463 gcutae.
715 2393 872 2461 Quod
916 2394 1134 2464 quidem
1183 2396 1540 2450 narrantibus
1581 2396 1778 2451 vicinis
1827 2396 2054 2452 rusticis

475 2485 732 2556 cognovi,
756 2485 849 2554 qui
885 2500 1010 2540 cum
1045 2485 1346 2557 impietatis
1369 2488 1501 2543 olim
1531 2488 1767 2558 caligine
1799 2500 2053 2543 teneren-

475 2587 590 2643 tur,
620 2592 717 2646 per
752 2577 918 2646 hujus
959 2575 1269 2632 doctrinam
1312 2592 1377 2632 ac
1418 2577 1682 2632 miracula
1729 2577 1932 2631 divinae
1961 2592 2052 2632 co-

475 2669 739 2740 gnitionis
776 2669 958 2724 lumen
992 2669 1487 2740 perceperunt.'Et
1517 2673 1777 2742 quoniam
1812 2671 2054 2741 philoso-

477 2762 620 2830 phia».
680 2760 939 2816 athletam
1000 2760 1187 2817 infesti
1240 2760 1522 2818 dzetuoncs
1583 2763 1666 2816 his
1717 2764 1884 2817 rclms
1943 2779 2050 2818 non

475 2849 821 2918 expulerant,
882 2849 1020 2903 alias
1071 2865 1266 2904 rursus
1321 2850 1606 2905 machinas
1668 2851 2049 2907 adnmverunt.

477 2941 650 2995 Noctu
705 2942 850 2994 enim
894 2939 1192 3006 ululantes,
1239 2949 1294 2997 et
1352 2943 1632 3013 lampadas
1683 2953 2050 3010 ostentantes,

477 3043 742 3088 terrorem
786 3033 1013 3103 injicere
1058 3034 1425 3100 conabantur,
1465 3043 1520 3090 et
1559 3044 1795 3090 mentem
1830 3048 2053 3106 pertur-

477 3125 627 3181 bare.
675 3123 742 3180 Ut
787 3139 916 3182 vero
946 3125 1188 3182 insultus
1225 3126 1445 3181 illorum
1483 3143 1673 3182 omnes
1702 3129 1916 3195 derisit,
1961 3130 2053 3184 illo

479 3217 692 3287 1287
716 3216 932 3271 tandem
956 3217 1542 3292 relicto,diﬁ‘ugcruut.
1569 3221 1688 3291 Ipse
1710 3229 1893 3276 autem
1917 3222 2054 3280 rotis

473 3313 688 3366 duabus
744 3311 1052 3380 fabricatis,
1095 3329 1330 3385 quarum
1394 3315 1661 3370 diametcr
1719 3313 1888 3370 duum
1934 3321 2055 3369 erat

461 3405 810 3471 cubitorum,
846 3415 996 3463 rotas
1025 3407 1217 3462 ambas
1249 3407 1476 3474 tabulis,
1509 3424 1617 3465 non
1656 3409 1802 3465 inter
1831 3426 1891 3465 se
1921 3426 2054 3466 cou-

475 3499 667 3564 nexis.
729 3497 824 3554 sed
884 3498 1222 3555 distantibus
1275 3499 1574 3571 copulavit.
1633 3499 1840 3556 Deinde
1901 3502 2053 3558 intus

473 3590 697 3656 sedens,
737 3590 1044 3662 cuneisque
1074 3600 1128 3645 et
1169 3592 1342 3646 clavis
1372 3590 1642 3646 distantes
1683 3592 1806 3646 illas
1835 3591 2052 3648 tabulas

475 3683 716 3754 deﬁgens
743 3724 758 3747 .
789 3685 894 3740 sub
930 3684 1023 3739 dio
1063 3692 1235 3738 rotam
1266 3683 1484 3738 evexit:
1519 3683 1621 3736 tria
1665 3684 1770 3736 alia
1816 3699 2047 3754 procera

478 3776 622 3842 ligna
659 3775 713 3828 iu
751 3783 952 3829 terram
987 3773 1230 3844 deﬁgens
1251 3812 1266 3836 ,
1297 3783 1348 3827 et
1377 3774 1664 3843 superiora
1695 3775 1916 3829 illorum
1956 3792 2051 3830 ca-

479 3868 588 3935 pita
623 3865 782 3937 lignis
817 3865 940 3919 aliis
985 3866 1356 3929 committens,
1407 3865 1718 3937 horumque
1769 3867 1823 3921 in
1871 3869 2053 3925 medio

478 3959 747 4028 duplicem
812 3955 961 4013 illam
1027 3962 1204 4010 rotam
1274 3957 1495 4026 illigans
1565 3965 1619 4012 et
1684 3960 2049 4028 suspendens.

480 4050 653 4124 Hujus
700 4059 883 4106 autem
918 4048 1153 4122 spatium
1200 4047 1436 4104 interius
1469 4048 1702 4104 duorum
1736 4051 2052 4107 cubitorum

478 4145 822 4200 altitudinem
857 4142 1050 4207 habet,
1092 4140 1264 4196 cubiti
1301 4155 1434 4196 vero
1480 4142 1643 4198 unius
1685 4143 2048 4199 latitudinem.

476 4236 533 4292 In
577 4238 680 4293 hoc
719 4236 818 4292 ille
863 4233 1133 4298 residens,
1167 4233 1252 4288 vel
1295 4232 1484 4303 potius
1529 4250 1857 4305 suspensus,
1892 4237 2053 4291 anuis

475 4329 584 4396 jam
627 4327 812 4382 decem
856 4322 1138 4396 perpetuis
1170 4323 1330 4393 egit:
1361 4333 1413 4377 et
1453 4337 1579 4376 cum
1622 4333 1779 4378 vasto
1824 4324 1896 4378 sit
1927 4340 2051 4379 cor-

2152 1865 2265 1912 τες,
2302 1849 2704 1916 καταπλήττειν
2732 1846 3035 1918 ἐπειρῶντο
3069 1846 3187 1915 μὲν,
3224 1847 3314 1898 οὐκ
3338 1845 3543 1914 ἡδύναντι

2154 1940 2249 1993 καὶ
2279 1940 2378 2009 τῆς
2407 1941 2644 2003 πίστεως
2665 1938 3165 2012 περιφραττούσης,
3188 1939 3275 1992 καὶ
3300 1939 3613 2009 ὑπερμαχούπς

2153 2032 2251 2101 τῆς
2283 2033 2527 2102 χάριτος.
2553 2029 2841 2101 Τοιγάρτοι
2871 2028 3079 2101 λύσσης
3130 2030 3218 2082 καὶ
3251 2029 3417 2099 μανίας
3445 2029 3612 2097 evasit;

2155 2118 2404 2186 σθέντες,
2455 2119 2600 2175 κατά
2651 2120 2760 2174 τῶν
2810 2121 2933 2173 ἐκεῖ
2984 2119 3377 2189 πεφυτευμένων
3415 2118 3612 2188 ἐχώρηςιν

2152 2212 2404 2285 δένδρων.
2433 2212 2632 2266 Πολλαὶ
2676 2211 2732 2264 δέ
2766 2213 2898 2283 περὶ
2929 2211 3021 2265 τὸν
3061 2210 3216 2280 λόφον
3237 2212 3414 2264 ἐκεῖνον
3441 2211 3559 2262 συκαῖ
3577 2226 3612 2260 τι

2154 2305 2250 2360 καὶ
2299 2305 2477 2360 ἐλαῖαι
2507 2305 2790 2377 τεθηλυῖαι
2829 2304 3129 2375 ἐτύγχανον
3175 2299 3336 2357 οῦσαι.
3370 2303 3446 2359 Ἐκ
3476 2301 3612 2354 τούτων

2155 2397 2375 2461 πλείους
2431 2399 2464 2470 ἢ
2519 2396 2881 2460 πεντακοσίας
2947 2394 3266 2463 ἐξαπιναίως
3307 2392 3612 2460 ἀναπεισθῆναί

2155 2507 2310 2562 φασι.
2336 2490 2446 2546 Καὶ
2466 2489 2626 2544 τοῦτο
2644 2489 2752 2542 τῶν
2776 2487 3194 2558 γειτονευόντων
3219 2485 3450 2557 ἀγροίκων
3475 2484 3612 2551 Bima:-

2157 2582 2333 2653 μένων
2354 2582 2567 2652 ἀκήκοα
2586 2597 2600 2612 ⁸
2631 2581 2680 2634 οἳ
2737 2581 2912 2634 πάλαι
2963 2578 3043 2650 τῷ
3072 2579 3170 2650 τῆς
3211 2576 3430 2639 ἀσεϐείας
3461 2577 3610 2642 κατεχό-

2157 2689 2309 2740 μενοι
2334 2673 2505 2744 ζόφῳ,
2538 2673 2626 2726 διά
2651 2672 2749 2742 τῆς
2777 2670 2977 2726 τούτου
3015 2669 3342 2732 διδασκαλίας
3369 2686 3417 2720 τε
3441 2667 3509 2718 καὶ
3532 2668 3608 2716 θαυ-

2158 2762 2515 2834 ματουργίας,
2573 2761 2635 2814 τὸ
2680 2761 2782 2830 τῆς
2841 2760 3176 2830 θεογνωσίας
3213 2757 3484 2824 ὑπεδέξαντο
3524 2755 3609 2822 τίς·

2167 2853 2384 2922 Ἐπειδὴ
2413 2853 2470 2905 δέ
2495 2853 2586 2906 καὶ
2615 2853 2773 2906 τοῦτο
2791 2852 3096 2924 δράσαντες
3122 2852 3170 2906 οί
3192 2851 3424 2920 ἀλιτήριοι
3443 2848 3611 2915 δαίμονες

2154 2947 2254 3000 ούκ
2285 2945 2587 3009 ἐδεδίξαντο
2613 2945 2713 3016 τῆς
2734 2945 3062 3014 φιλοσοφίας
3095 2945 3186 2999 τὸν
3207 2943 3431 3014 ἀθλητὴν,
3457 2940 3610 2993 κσὶὶτε·

2160 3056 2226 3111 ρα
2245 3035 2401 3103 αὖθις
2432 3039 2771 3111 προσέφερον
2795 3040 3188 3109 μηχανήματα.
3219 3036 3420 3104 Νύκτωρ
3442 3031 3518 3100 γὰρ
3535 3030 3607 3080 ὀλο-

2155 3134 2292 3205 λυγῇ
2328 3132 2621 3205 χρώμενοι,
2659 3134 2754 3187 καὶ
2791 3132 3087 3202 λαμπάδας
3113 3128 3472 3188 ἐπιδεικνύντες,
3494 3122 3602 3176 £265:-

2159 3226 2364 3297 ματοῦν
2383 3226 2702 3298 ἐπειρῶντο,
2722 3227 2814 3279 καὶ
2834 3225 3068 3296 θόρυϐον
3095 3222 3336 3295 ἐμϐαλεῖν
3355 3219 3415 3289 τῷ
3431 3211 3596 3282 ὶοτιςμῷι

2168 3318 2256 3381 Ὠς
2283 3316 2340 3370 δὲ
2364 3317 2542 3380 πάσας
2578 3316 2759 3370 αὐτῶν
2787 3316 2885 3380 τάς
2936 3317 3160 3386 ἐφόδους
3191 3314 3434 3382 ἐγέλασεν,
3457 3309 3603 3373 ὓπερ-θ

2155 3410 2319 3466 αὑτὸν
2379 3409 2770 3472 καταλιπόντες
2826 3409 3166 3479 ἀπέδρασαν.
3202 3409 3258 3461 '0
3287 3405 3338 3459 δέ
3371 3402 3444 3456 δύο
3462 3396 3610 3468 τροχοὺς

2155 3500 2574 3564 κατασκευάσας
2605 3499 2698 3554 δύο
2723 3501 2946 3572 πήχεων
2978 3500 3270 3572 διάμετρον
3304 3495 3497 3566 ἔχοντες,
3517 3485 3612 3538 cavi-

2157 3612 2241 3649 σιν
2263 3596 2324 3648 οὑ
2377 3595 2854 3666 συνηρμοσμέναις
2881 3592 3167 3666 ἀλλήλαις,
3193 3589 3320 3644 ἀλλά
3355 3584 3453 3655 διχὰ
3472 3581 3614 3666 διεστη-

2156 3685 2332 3749 κυίαις
2363 3665 2532 3756 ἄμφω
2578 3684 2865 3750 συνέζευξε
2903 3684 2982 3737 τὼ
3009 3665 3204 3758 τροχώ.
3235 3678 3351 3734 Εἶτα
3395 3674 3505 3729 ἔνδον
3532 3665 3616 3720 καο-

2158 3779 2301 3842 ίσας,
2334 3780 2428 3831 καί⁵
2457 3779 2688 3848 γόμφοις
2719 3777 2813 3830 καὶ
2835 3777 2984 3848 ήλοις
3023 3779 3122 3840 τὰς
3157 3770 3459 3843 διεστηκυίας
3475 3761 3616 3817 ὲκείνας

2155 3866 2476 3938 καταπήξας
2504 3866 2743 3930 σανίδας,
2786 3864 3057 3937 ὕπαιθρον
3087 3866 3336 3935 ἐξήρτησε
3365 3858 3440 3910 τὸν
3463 3849 3614 3924 τροχόν

2153 3960 2278 4033 τρία
2309 3961 2472 4031 ἐτερα
2506 3959 2640 4026 ξύλα
2680 3958 2860 4029 ὑψηλὰ
2885 3960 2964 4021 είς
2991 3960 3096 4030 τὴν
3131 3958 3230 4028 γῆν
3260 3947 3539 4018 καταπήξας,
3561 3939 3619 4033 mi

2153 4031 2250 4118 τάς
2280 4054 2392 4109 ἄνω
2419 4053 2624 4107 τούτων
2662 4052 2835 4124 ἀρχὰς
2867 4050 3048 4117 ξύλοις
3093 4051 3288 4121 ἑτέροις
3328 4041 3539 4109 συνάψας.
3560 4031 3619 4083 καὶ

2153 4147 2358 4201 τούτων
2385 4148 2442 4199 ἐν
2471 4145 2621 4216 μέσῳ
2653 4144 2964 4215 προσδήσας
2994 4143 3090 4196 τὸν
3121 4139 3329 4196 διπλοῦν
3357 4137 3522 4190 ἐκεῖνον
3538 4140 3619 4193 τρθ·

2153 4241 2267 4310 χὸν,
2300 4241 2394 4292 καὶ
2436 4239 2736 4308 αίωρήσας.
2764 4239 2968 4291 Τούτου
3001 4237 3059 4290 δὲ
3087 4236 3148 4289 τὸ
3176 4232 3316 4294 ἐντὸς
3341 4229 3441 4318 δύοῗ
3459 4221 3534 4293 μὲν

2154 4345 2293 4399 χεων
2331 4326 2445 4398 ἔχει
2477 4328 2539 4379 τὸ
2587 4326 2740 4396 ὕψος,
2771 4329 2974 4397 πήχεος
3017 4327 3075 4380 δέ
3113 4325 3172 4379 τὸ
3200 4319 3361 4392 εὖρος.
3398 4317 3469 4368 Ἦν
3503 4317 3623 4399 ’τωῖῳ

479 4414 630 4490 pore,
685 4435 784 4477 nec
841 4419 1040 4476 sedens
1089 4419 1366 4475 cervicem
1420 4419 1634 4488 erigere
1690 4425 1898 4488 potest,
1951 4417 2047 4472 sed

2155 4396 2484 4490 καθήμενος,
2536 4419 2738 4488 μᾶλλον
2776 4396 3259 4489 δέψκρεμάμενος,
3289 4411 3404 4465 δέκα
3432 4403 3536 4462 τέως

479 4515 740 4568 incurvus
770 4527 986 4581 semper
1024 4519 1208 4567 manet
1256 4510 1436 4566 fronte
1475 4509 1709 4580 genibus
1748 4507 1930 4564 afﬁxa.
1965 4508 2047 4562 Ad

479 4609 625 4661 hunc
663 4621 763 4676 ego
793 4620 918 4660 cum
949 4605 1248 4669 venissem,
1280 4603 1485 4659 divinis
1526 4601 1829 4674 Evangeliis
1869 4602 2050 4657 inten-

477 4710 627 4768 tum,
658 4714 964 4770 magnoque
1001 4697 1185 4754 studio
1219 4697 1458 4754 fructum
1499 4713 1566 4752 ex
1603 4696 1689 4752 his
1734 4703 2048 4767 captantem

475 4791 682 4848 inveni.
725 4789 1064 4861 Interrogavi
1109 4797 1293 4844 autem
1339 4803 1494 4844 novze
1546 4787 1708 4844 istius
1753 4801 2050 4842 conversa-

478 4883 641 4940 tionis
662 4897 885 4938 causam
903 4882 1119 4940 discere
1147 4883 1397 4954 cupiens.
1417 4883 1485 4936 At
1512 4882 1622 4948 ille,
1646 4880 1833 4936 Grmca
1863 4881 2048 4951 lingua

477 4974 846 5046 respondens,
884 4988 1007 5030 nam
1041 4980 1203 5045 gente
1239 4971 1381 5030 Cilix
1417 4979 1534 5027 erat
1567 4990 1580 5026 :
1619 4990 1637 5023 ι
1680 4969 1816 5042 Ego,
1848 4970 2046 5040 inquit,

477 5066 668 5122 multis
714 5073 948 5121 onustus
991 5066 1258 5136 peccatis,
1311 5071 1367 5120 et
1415 5065 1703 5118 intentatis
1761 5061 2049 5132 suppliciis

479 5156 638 5215 ﬁdem
673 5158 905 5222 habens,
948 5157 1050 5213 hoc
1082 5157 1206 5213 vitae
1244 5171 1418 5227 genus
1465 5154 1797 5225 excogitavi,
1843 5166 1902 5207 ut
1934 5170 2047 5208 me-

477 5251 694 5306 diocres
723 5250 1001 5306 cruciatus
1041 5249 1259 5320 corpori
1300 5246 1575 5319 iuﬁigens,
1614 5246 2046 5318 impendentium

479 5342 697 5396 illorum
733 5342 1053 5411 gravitatem
1089 5340 1368 5410 effugiam.
1401 5337 1698 5393 Graviores
1737 5337 1884 5392 enim
1919 5340 1934 5357 ‘
1969 5336 2047 5390 illi

479 5441 630 5498 sunt,
670 5447 777 5486 non
811 5433 1113 5504 quantitate
1147 5433 1352 5498 solum,
1398 5431 1494 5487 sed
1530 5431 1649 5501 ipsa
1678 5430 1842 5483 etiam
1873 5427 2050 5498 quali-

478 5529 628 5588 tate;
685 5530 816 5577 sunt
858 5525 1003 5578 enim
1053 5523 1433 5578 lnvoluntarii.
1486 5519 1642 5588 Quod
1679 5534 1808 5576 vero
1852 5527 2049 5589 praeter

478 5612 810 5668 voluntatem
848 5611 926 5677 ﬁt,
951 5613 1107 5668 valde
1133 5613 1390 5667 acerbum
1419 5620 1503 5666 est
1531 5631 1543 5665 :
1567 5609 1714 5681 quod
1750 5618 1932 5664 autem
1965 5617 2049 5664 est

478 5703 872 5768 voluntarium,
917 5704 1164 5772 quamvis
1223 5703 1557 5758 laboriosum
1599 5702 1691 5767 sit,
1736 5701 1916 5754 minus
1961 5708 2046 5756 est

2154 4486 2400 4562 ἐτέλεσεν
2432 4486 2548 4578 ετηζ
2591 4511 2758 4579 Σῶμα
2799 4509 2857 4562 δὲ
2905 4486 3161 4580 Wa...
3212 4506 3358 4575 ἔχων,
3405 4495 3502 4549 osa
3531 4486 3622 4542 κει.

2153 4601 2353 4671 ήμενος
2382 4600 2644 4673 ἀνορθοῦν
2676 4601 2898 4654 δύναται
2928 4601 3020 4654 τὸν
3062 4599 3287 4670 αὐχένα·
3331 4588 3447 4646 ἀλλά
3484 4592 3621 4673 συγκεξ

2152 4669 2338 4761 iii-11930;
2374 4692 2459 4744 ἀεὶ
2484 4669 2493 4673 ﬁ
2517 4694 2770 4758 κάθηται,
2818 4695 2928 4756 τοῖς
2963 4669 3151 4760 γόνασι
3195 4680 3556 4761 προσηλωμένον,
3585 4669 3624 4719 τὺ

2151 4784 2443 4855 πρόσωπον
2483 4784 2643 4853 ἔχων.
2710 4785 2852 4854 Πρὸς
2900 4784 3088 4838 τοῦτον
3137 4780 3462 4851 ἀφικόμενος,
3517 4760 3624 4862 εῧῇν

2151 4876 2310 4929 αὑτὸν
2340 4876 2448 4927 τῶν
2495 4875 2655 4928 θείων
2711 4875 3058 4944 Ιεῖύαγγελίων
3100 4875 3196 4946 τὴν
3233 4870 3467 4940 ὠφέλειαν
3495 4857 3625 4912 συὶ-ιφ

2150 4985 2337 5037 γοντα.
2387 4968 2631 5038 ’Πρόμην
2666 4967 2744 5030 δὲ,
2786 4968 2977 5037 μαθεῖν
3011 4969 3108 5037 τῆς
3148 4967 3330 5033 καινῆς
3357 4955 3532 5021 ἐκείνης
3557 4961 3623 4997 πο⁶

2149 5059 2352 5120 λιτείας
2369 5059 2465 5129 τὴν
2487 5060 2664 5113 αἰτίαν
2687 5060 2866 5113 ποθῶν
2881 5075 2895 5089 °
2927 5062 2955 5113 ό
2975 5059 3031 5113 δέ
3049 5063 3110 5130 τῇ
3148 5053 3340 5110 Ἐλλάδι
3360 5044 3626 5140 Ignotifo

2152 5153 2304 5222 φωνῇ
2332 5168 2348 5183 ο
2395 5151 2550 5217 Κίλιξ
2592 5151 2700 5222 γὰρ
2745 5153 2804 5204 τὸ
2837 5152 2990 5221 γένος
3030 5150 3311 5221 ἐτύγχανεν
3345 5143 3440 5194 ὤν’
3465 5131 3624 5226 (Ἐτίξ

2150 5241 2252 5312 ἔφη
2275 5281 2290 5304 ,
2343 5241 2559 5305 πολλοῖς
2617 5242 2974 5312 ὑποκείμενος
3017 5239 3387 5310 ἁμαρτήμασι.
3424 5224 3508 5312 καὶ,
3543 5224 3625 5312 mf

2148 5303 2860 5402 ἠπειλημὲναις-τιμωρίαίς
2898 5303 3183 5391 πιστεύων,
3218 5303 3328 5378 τόδε
3365 5317 3444 5372 τοῦ
3468 5311 3557 5382 βίου
3586 5303 3625 5352 τδ

2150 5418 2288 5484 εἶδος
2324 5423 2670 5491 ἐπινενόηκα,
2714 5421 2965 5485 κολάσεις
3013 5420 3231 5492 μετρίας
3260 5414 3330 5485 τῷ
3359 5408 3530 5476 σώματι
3555 5409 3626 5464 μη·

2150 5512 2484 5584 χανώμενος,
2529 5514 2595 5567 ἵν’
2644 5515 2864 5566 ἐκείνων
2909 5513 3016 5567 τῶν
3071 5501 3492 5582 προσδοκωμένων

2153 5606 2373 5676 συλήσω
2400 5607 2489 5659 τὸν
2524 5607 2706 5675 δγκον.
2743 5605 3132 5678 Χαλεπώτεραι
3158 5601 3261 5671 γὰρ
3300 5596 3492 5650 ἐκεῖναι,
3511 5582 3558 5678 ξδῦ

2153 5698 2411 5770 ποσότητι
2444 5700 2620 5769 μόνον,
2673 5698 2806 5752 ἀλλὰ
2832 5697 2926 5752 καὶ
2974 5697 3107 5769 αὐτῇ
3240 5687 3476 5752 ποιότητι·
3509 5672 3627 5725 ἁλων-
