3898 6196
251 238 382 306 “89

1449 238 1852 301 RELIGIOSA
1896 237 2277 297 HISTORIA.

3350 229 3481 295 1490

247 363 349 400 σιοι
380 345 498 416 γάρ.
529 344 598 398 Τὸ
629 344 684 398 δὲ
717 345 866 416 παρὰ
891 342 1114 415 γνώμην
1141 343 1478 414 γιγνόμενον,
1507 346 1628 398 λίαν
1653 347 1802 398 ἀνιαο

1912 343 2214 396 molestum.
2247 341 2596 409 Spontaneus
2628 337 2776 394 enim
2807 338 2964 393 labor
2993 345 3100 400 est.
3131 350 3238 391 non
3266 337 3477 393 violen-

244 435 370 507 ρόνο
406 434 466 487 τὸ
513 434 566 488 δὲ
614 433 937 498 ἐθελούσιον,
984 433 1088 488 κᾶν
1142 433 1398 487 ἐπίπωον
1439 428 1602 506 ἧττόν
1655 434 1802 487 ἐστιν

243 521 500 595 ἀλγεινόν.
534 522 866 594 Αὑθαίρετος
898 521 1028 594 γὰρ,
1062 522 1182 577 ἀλλ’
1217 522 1280 576 οὐ
1331 523 1500 594 βίαιος
1540 525 1568 576 ό
1619 525 1800 588 πόνος.

248 617 360 670 Ἵνα
379 615 574 678 τοίνυν,
611 614 737 686 ἔφη,
771 618 890 678 ταῖς
923 618 1149 687 μικραῖς
1182 614 1408 680 ταύταις
1440 617 1617 679 ἀνίαις
1645 616 1802 669 ἐλατ-

240 706 394 760 τώσω
421 706 488 760 τά
520 705 972 778 προσδοκώμενα,
1026 706 1168 776 μέγα
1218 706 1466 761 ἐντεῦθεν
1493 707 1705 762 ἀποίσω
1745 706 1806 760 τὸ

243 797 444 868 κέρδος.
473 815 492 848 ι
522 798 742 850 Τούτων
770 797 1009 860 ἀκούσας
1044 797 1164 851 λίαν
1203 795 1368 851 αὑτὸν
1393 797 1494 867 τῆς
1530 799 1807 867 ἀγχινοίας

239 887 661 960 ύπερηγάσθηνο
711 889 792 942 ὅτι
825 889 884 942 οὑ
919 889 1078 958 μόνον
1121 889 1260 962 ὑπὲρ
1298 889 1367 942 τά
1407 889 1631 958 κείμενα
1663 890 1808 958 ἡγωο

233 979 406 1044 νίζετο
457 979 786 1050 σκάμματα,
817 981 912 1032 καὶ
945 980 1080 1035 ἄλλα
1117 980 1330 1033 οἴκοθεν
1363 979 1578 1033 ὑπενόει
1611 979 1810 1047 ἀγωνί-

231 1086 441 1140 σματα·
481 1070 608 1124 ἀλλ’
641 1072 723 1124 ὃτι
755 1070 851 1124 καὶ
892 1070 1098 1124 τούτων
1123 1071 1224 1134 τὰς
1257 1069 1438 1133 αίτίας
1467 1071 1807 1138 ἐπεγίνωσκέ

229 1179 314 1228 τε,
351 1162 444 1215 καὶ
486 1162 688 1226 ἄλλους
721 1161 989 1216 ἐδίδασκε.
1035 1164 1144 1216 Καὶ
1188 1163 1442 1234 θαύματα
1471 1162 1525 1215 δὲ
1570 1162 1656 1215 διὰ
1710 1164 1810 1232 τῆς

234 1254 422 1307 τούτου
450 1255 763 1327 προσευχῆς
797 1255 970 1308 πολλὰ
1009 1255 1255 1325 γίνεσθαι
1305 1255 1510 1322 ἔφασαν
1555 1256 1604 1307 οἱ
1653 1255 1810 1323 περί-

235 1361 397 1408 οικοι,
423 1345 525 1398 οὐκ
555 1343 857 1414 ἀνθρώπων
886 1345 1070 1414 μόνον,
1103 1344 1240 1398 ἀλλά
1272 1344 1366 1397 καὶ¹
1399 1343 1682 1414 καμήλων,
1715 1347 1810 1397 καὶ

235 1439 396 1504 ὄνων,
437 1439 531 1492 καὶ
555 1439 792 1510 ἡμιόνων
819 1438 1115 1512 θεραπείας
1150 1429 1551 1493 ἀπολαυόντων.
1591 1434 1809 1489 Ἐντεῦ-

235 1529 328 1582 θεν
357 1529 582 1600 ἀσεϐείᾳ
613 1531 781 1586 πάλαι
807 1533 1170 1602 κατεχόμενον
1198 1534 1372 1586 ἐκεῖνο
1390 1531 1534 1586 ἀπαν
1554 1529 1615 1583 τὸ
1640 1528 1808 1590 ἔθνος,

234 1627 334 1696 τήν
369 1625 467 1695 μὲν
521 1624 781 1696 πατρῴαν
820 1625 1096 1696 ἐξαπάτην
1143 1625 1392 1697 ἠρνήθη,
1430 1623 1528 1678 τοῦ
1579 1623 1723 1676 θείου
1753 1619 1811 1674 δὲ

1911 441 2022 488 tus.
2053 433 2210 498 Quod
2239 433 2285 487 si
2303 431 2510 502 parvis,
2532 431 2732 501 inquit,
2754 429 2839 484 his
2861 429 3136 485 molestiis
3153 443 3214 482 ea
3237 428 3474 482 minuam

1916 525 2132 596 1288
2173 539 2296 594 qua:
2329 531 2740 594 exspectantur,
2771 537 3028 594 magnum
3066 521 3196 575 hinc
3236 525 3472 576 referam

1913 617 2146 671 lucrum.
2186 634 2204 666 ›
2245 614 2340 670 His
2370 614 2597 680 auditis,
2641 614 2924 670 solertiam
2967 612 3090 683 ejus
3129 613 3482 668 vehementer

1915 707 2218 760 admiratus
2256 719 2402 769 sum,
2442 703 2590 774 quod
2637 718 2745 758 non
2781 703 2960 759 solum
3000 703 3144 758 ultra
3185 703 3483 758 constituta
3533 721 3542 732 ’

1915 807 2216 855 scammata
2265 797 2596 857 decertaret,
2652 797 2870 867 aliaque
2909 795 2979 852 de
3033 809 3132 850 suo
3183 796 3484 849 certamina

1914 890 2255 960 excogitaret
2279 907 2292 943 :
2319 888 2413 944 sed
2447 886 2590 958 quod
2617 887 2812 941 horum
2838 901 3038 942 causas
3061 893 3117 942 et
3139 887 3258 955 ipse
3279 897 3482 947 nosset,

1915 987 1971 1035 et
2014 980 2155 1036 alios
2188 980 2433 1035 doceret.
2494 977 2758 1032 Miracula
2812 992 2978 1048 porro
3019 977 3184 1046 hujus
3231 977 3486 1047 precibus

1917 1072 2085 1126 multa
2110 1071 2224 1125 fieri
2260 1081 2427 1127 testes
2451 1077 2583 1125 sunt
2609 1069 2795 1134 vicini,
2821 1083 2933 1124 non
2963 1067 3280 1123 hominibus
3300 1069 3482 1131 modo,

1917 1179 2107 1217 verum
2131 1163 2297 1218 etiam
2331 1163 2583 1226 camelis,
2619 1169 2676 1216 et
2717 1161 2914 1227 asinis,
2953 1167 3010 1216 et
3047 1159 3216 1215 mulis
3239 1159 3486 1212 curatio-

1919 1271 2046 1308 num
2093 1253 2336 1309 remedia
2374 1253 2830 1324 peryipientibus.
2866 1252 3009 1306 Hinc
3047 1258 3162 1306 tota
3204 1266 3338 1322 gens
3369 1252 3486 1319 illa,

1917 1361 2040 1398 cum
2087 1343 2366 1413 impietate
2393 1343 2524 1398 olim
2559 1344 2856 1407 laboraret,
2897 1349 3180 1413 paternam
3211 1341 3488 1414 deceptio-

1919 1453 2040 1490 nem
2073 1436 2366 1503 abdicavit,
2432 1435 2711 1505 divinique
2758 1435 2986 1492 luminis
3029 1434 3325 1506 splendore
3367 1437 3490 1490 illu-

1919 1532 2092 1582 strata
2122 1534 2230 1581 est.
2255 1525 2458 1580 Horum
2489 1525 2662 1580 fretus
2683 1523 2911 1590 auxilio,
2934 1524 3242 1579 daemonum
3272 1539 3490 1594 quoque

1919 1617 2208 1672 delubrum
2261 1617 2479 1680 evertit.
2527 1625 2581 1672 et
2625 1617 2887 1686 templum
2945 1615 3246 1670 maximum
3296 1614 3490 1669 trium-

237 1695 418 1784 φωτὸς
449 1715 549 1787 τὴν
578 1695 772 1787 αἴγλην
799 1717 1034 1781 ἐδέξατο.
1057 1695 1281 1778 Τούτοις
1303 1714 1582 1785 χρώμενος
1612 1712 1806 1780 ύπουρ-

1922 1708 2224 1780 phantibus
2265 1709 2599 1779 martyribus
2643 1695 2854 1772 erexit,
2905 1705 3016 1764 diis
3072 1705 3228 1763 falsis
3271 1706 3488 1762 divinos

234 1809 374 1874 γοϊς,
413 1809 509 1861 καὶ
551 1807 611 1861 τὸ
657 1808 766 1862 τῶν
809 1808 1078 1879 δαιμόνων
1118 1808 1384 1862 κατέλυσε
1437 1805 1686 1876 τέμενος,
1724 1805 1818 1856 καὶ

235 1897 405 1966 σηκὸν
448 1897 705 1968 μέγιστον
738 1901 849 1963 τοῖς
889 1899 1220 1964 καλλινίκοις
1264 1899 1522 1970 ἀνήγειρε
1559 1895 1816 1968 μάρτυσι,

231 1991 348 2051 τοῖς
401 1989 774 2061 ψευδωνύμοις
827 1989 970 2055 θεοῖς
1014 1992 1140 2056 τοὺς
1178 1991 1355 2054 θείους
1407 1988 1694 2053 ἀντιτάξας
1733 2004 1820 2040 νε-

236 2078 422 2150 κρούς.
454 2081 587 2144 Ταῖς
635 2081 692 2135 δὲ
735 2081 940 2136 τούτων
974 2084 1058 2154 εἴη
1110 2081 1466 2156 πρεσϐείαις,
1500 2081 1591 2134 καὶ
1629 2079 1818 2132 τοῦτον

235 2167 376 2236 μετὰ
404 2171 504 2242 τῆς
535 2171 706 2240 αὐτῆς
732 2171 890 2243 νίκης
931 2171 1041 2225 τῶν
1080 2173 1307 2242 ἀγώνων
1345 2171 1406 2226 τὸ
1433 2169 1612 2243 τέρμα
1654 2187 1821 2223 κατα-

1920 1809 2171 1858 mortuos
2205 1817 2508 1872 opponens.
2539 1799 2787 1869 quorum
2817 1801 3030 1856 utinam
3073 1798 3488 1856 intercessioni-

1917 1895 2023 1950 bus
2077 1893 2385 1966 contingat,
2433 1904 2487 1950 et
2537 1895 2684 1950 hunc
2749 1896 2816 1948 ad
2869 1894 3231 1950 certamin-um
3287 1902 3486 1949 metam

1918 1987 2108 2042 eadem
2139 2002 2264 2041 cum
2293 1987 2526 2042 victoria
2561 1987 2872 2058 pervenire,
2901 1993 2957 2041 et
2990 2001 3092 2042 nos
3123 1985 3304 2041 abhis
3332 1992 3386 2038 et
3419 1983 3488 2036 ab

1920 2076 2014 2133 illo
2054 2077 2296 2147 adjutos,
2341 2079 2544 2134 divina:
2594 2079 2955 2151 philosophiae
2999 2077 3362 2135 certaminum
3392 2089 3486 2134 ar-

1919 2157 2114 2225 dentes
2142 2168 2279 2226 eﬂicl
2313 2177 2610 2226 amatores.

231 2262 439 2330 λαϐεῖν,
465 2267 559 2321 καὶ
577 2268 724 2339 ἡμᾶς
744 2265 851 2321 ύπδ
871 2267 1076 2324 τούτων
1103 2269 1360 2324 κάκείνου
1385 2267 1800 2342 βοηθουμένους,
1839 2264 2076 2334 ἐραστὰς
2109 2266 2362 2334 γενέσθαι
2396 2267 2632 2339 θερμοὺς
2659 2265 2768 2320 τῶν
2799 2266 2894 2337 τῆς
2954 2263 3268 2336 φιλοσοφίας
3341 2263 3488 2332 ἀγω-

231 2355 532 2421 νισμάτων.
571 2357 764 2428 Ἀμήν.

576 2447 705 2504 Ke'.
727 2451 1101 2506 —MAPANA
1127 2438 1461 2507 καιἸςΥΡΑ.

296 2535 426 2591 Τῶν
468 2538 706 2610 ἀρίστων
751 2541 963 2612 ἀνδρῶν
1005 2541 1104 2614 τὴν
1157 2542 1434 2598 πολιτείαν
1465 2540 1808 2613 συγγράψας,

222 2623 508 2696 προῦργον
530 2627 736 2698 νομίζω
765 2629 1156 2697 καὶγυναικῶν
1181 2629 1332 2684 οὐδὲν
1353 2627 1516 2704 ἦττον
1538 2633 1586 2684 εί
1613 2631 1687 2702 μὴ
1718 2629 1812 2682 καὶ

221 2717 434 2786 μᾶλλον
455 2718 846 2790 ἠγωνισμένων
875 2721 1296 2796 ἐπιμνησθῆναι.
1330 2715 1499 2776 Αῦται
1519 2722 1628 2793 γὰρ
1653 2721 1813 2794 εὐφη-

221 2809 356 2878 μίας
383 2811 635 2880 μείζονός
664 2814 801 2866 εἰσιν
833 2813 1146 2886 ἀξιώτεραι,
1182 2815 1345 2886 φύσιν
1370 2816 1468 2888 μὲν
1492 2814 1811 2872 ἀσθενεστέ-

223 2917 323 2969 ραν
354 2901 646 2970 λαχοῦσαι,
667 2903 766 2975 τὴν
791 2895 960 2976 αὐτὴν
989 2906 1045 2958 δὲ
1085 2909 1198 2971 τοῖς
1239 2906 1460 2978 ἀνδράσι
1499 2905 1808 2977 προθυμίαν

219 2987 695 3058 ἐπιδεικνύμεναι,
723 2992 818 3044 καὶ
842 2995 940 3064 τῆς
969 2997 1301 3066 προγονικῆς
1329 2995 1588 3066 αἰσχύνης
1625 2995 1687 3048 τὸ
1711 2995 1805 3064 γέ-

2235 2444 2426 2501 XXIX.
2465 2444 2831 2501 -—MARANA
2873 2453 2927 2501 et
2949 2444 3159 2502 CYllA.

1981 2533 2369 2592 Praestantium
2425 2537 2671 2594 virorum
2703 2537 3121 2594 conversatione
3171 2538 3486 2609 descripta,

1913 2641 2094 2699 opem
2123 2629 2359 2700 pretium
2383 2628 2641 2684 existimo
2671 2627 2905 2686 feminas
2953 2630 3118 2686 etiam
3151 2643 3490 2685 commemo-

1915 2733 2058 2787 rare,
2091 2736 2324 2792 quarum
2350 2721 2526 2776 nihilo
2575 2721 2811 2786 minora,
2882 2722 2980 2778 sed
3037 2721 3258 2792 majora.
3307 2723 3490 2793 potius

1915 2815 2212 2872 certamina
2234 2815 2477 2871 fuerunt.
2503 2814 2596 2871 llze
2622 2829 2857 2886 namque
2879 2803 3075 2887 majori
3103 2815 3260 2873 laude
3279 2816 3489 2886 dignioo

1915 2921 2005 2962 res
2037 2915 2192 2970 sunt,
2241 2922 2361 2977 quae
2401 2907 2753 2964 infirmiorem
2815 2915 3066 2964 naturam
3113 2924 3239 2964 cum
3284 2909 3491 2965 sortita

1923 2997 2056 3063 sint,
2081 2995 2328 3052 eamdem
2361 3012 2486 3053 curn
2513 2998 2642 3053 viris
2675 2996 2843 3052 animi
2871 2997 3207 3054 alacritatem
3232 3000 3488 3055 ostende-

219 3098 312 3144 νος
356 3079 766 3152 ἐλευθεροῦσαι.
815 3061 1099 3156 Μαράναςή
1129 3086 1186 3140 δὲ
1219 3061 1316 3140 καί⁵
1355 3061 1668 3154 Κύρας-ὲπὶ
1714 3061 1806 3142 τοῦ

1915 3098 2070 3154 runt,
2101 3104 2386 3160 genusque
2416 3105 2576 3146 suum
2617 3090 2689 3148 ab
2729 3089 2880 3145 avito
2916 3089 3187 3148 dedecore
3241 3092 3488 3146 vindica-

219 3172 501 3244 παρόντος
533 3174 934 3248 μνησθήσομαι,
985 3179 1041 3232 αἳ
1076 3178 1175 3243 τάς
1229 3179 1395 3243 ἄλλας
1445 3180 1662 3246 ἁπάσας
1696 3185 1810 3246 τοῖς

216 3261 322 3330 τῆς
363 3263 663 3333 καρτερίας
714 3268 1064 3344 νενικήκασιν
1102 3269 1302 3333 ἄθλοις.
1335 3269 1572 3335 Ταύταις
1609 3273 1810 3345 πατρὶς

225 3353 328 3420 μὲν
367 3353 402 3422 ἡ
436 3353 693 3427 Βέρροια,
729 3357 885 3426 γένος
908 3359 964 3412 δὲ
995 3359 1056 3413 τὸ
1090 3360 1189 3432 τῆς
1237 3361 1492 3432 πατρίδος
1516 3361 1806 3434 ἐπίσημον,

217 3443 405 3514 τροφὴ
431 3443 488 3496 δὲ
516 3445 595 3516 τῷ
627 3447 774 3516 γένει
797 3451 1174 3522 συμϐαίνουσα
1197 3469 1212 3482 ·
1243 3451 1382 3508 ἀλλά
1409 3453 1612 3507 τούτων
1634 3455 1808 3510 ἀπάν-

216 3552 335 3588 των
367 3535 739 3606 ὑπεριδοῦσαι,
775 3541 869 3596 καὶ
909 3541 1083 3614 βραχύ
1118 3560 1170 3596 τι
1195 3544 1302 3616 πρὸ
1340 3544 1434 3598 τοῦ
1465 3545 1673 3610 ἄστεως
1702 3565 1812 3618 χως

222 3626 349 3698 ρίον
373 3627 784 3697 περιϐαλοῦσαι,
817 3631 912 3684 καὶ
933 3631 1064 3685 εἴσω
1085 3632 1275 3686 τούτου
1308 3633 1620 3703 γενόμεναι,
1651 3635 1808 3707 πηλῷ

219 3721 328 3773 καὶ
351 3718 518 3784 λίθοις
554 3721 652 3792 τὴν
676 3721 847 3792 θύραν
879 3723 1322 3796 ἀνῳκοδόμησαν.
1365 3726 1706 3796 Κοινωνῆσαι
1749 3727 1805 3781 δὲ

219 3813 422 3873 αὑταῖς
457 3811 609 3866 τοῦδε
630 3813 723 3868 τοῦ
766 3815 884 3886 βίου
915 3815 1013 3878 τὰς
1055 3814 1390 3887 θεραπαίνας
1432 3817 1808 3890 προθυμηθείη

223 3916 350 3964 σας,
377 3898 482 3965 ἔξω
527 3901 680 3957 τοῦδε
739 3904 834 3957 τοῦ
878 3904 1166 3977 περιϐόλου
1202 3908 1437 3978 σμικρὸν
1481 3908 1806 3978 δειμάμεναι

222 3990 590 4061 καταγώγιον,
622 3997 680 4050 ἐν
709 3997 900 4068 ἐκείνῳ
936 3999 1144 4068 διάγειν
1181 4000 1496 4054 ἐκέλευσαν.
1533 4000 1805 4071 Ἐφορῶσι

221 4081 285 4132 δέ
314 4077 470 4135 αὗται
493 4085 581 4138 διά
630 4090 868 4158 σμικρᾶς
893 4107 1038 4151 τινος
1080 4089 1292 4159 θυρίδος
1333 4091 1402 4142 τὰ
1441 4089 1534 4141 ὑπ’
1582 4091 1806 4145 ἐκείνων

223 4171 516 4240 γινόμενα’
544 4176 636 4228 καὶ
657 4175 736 4240 εἷς
766 4195 825 4230 τε
853 4179 1166 4249 προσευχὴν
1191 4179 1343 4251 θαμά
1364 4181 1685 4250 διανιστᾶσι,
1712 4184 1806 4236 καὶ

223 4261 307 4324 είς
332 4262 422 4316 τὸν
449 4262 589 4317 θεῖον
611 4264 788 4336 ἔρωτα
821 4267 1208 4336 πυρπολοῦσιν.
1255 4262 1426 4323 Αῦται
1469 4270 1524 4324 δὲ
1573 4270 1696 4326 οὕτε
1725 4267 1804 4325 οἷ-

227 4369 346 4420 κον,
368 4353 492 4409 οΰτε
521 4357 761 4428 καλύϐην
794 4359 1032 4431 ἔχουσαι,
1055 4359 1148 4414 τὸν
1177 4360 1443 4433 ὕπαιθρον
1467 4365 1804 4428 ἀσπάζονται

227 4442 363 4529 βίον,
419 4447 562 4501 Ἀντὶ
582 4447 639 4500 δέ
666 4447 856 4520 θύρας,
891 4449 1120 4520 βραχεῖά
1146 4468 1232 4515 τις
1259 4452 1449 4516 αὑταῖς
1485 4453 1640 4523 θυρὶς
1675 4472 1804 4515 κατ-

222 4538 574 4607 εσκεύασται,
607 4540 676 4594 δι’
713 4537 781 4615 ἧς
812 4543 910 4614 τήν
935 4561 993 4596 τε
1037 4544 1341 4613 ἀναγκαίαν
1373 4548 1580 4622 τροφὴν
1625 4547 1800 4602 εἰσδέ-

220 4646 432 4700 χονται,
462 4632 556 4686 καὶ¹
587 4636 707 4696 ταῖς
741 4635 876 4706 πρὸς
904 4634 1074 4699 αύτάς
1103 4636 1524 4708 ἀφικνουμέναις
1553 4639 1801 4710 προσδια-

221 4719 472 4790 λέγονται.
504 4723 767 4792 γυναιξίν.
792 4727 883 4790 El;
908 4724 963 4783 δὲ
992 4728 1195 4797 ταύτην
1231 4727 1461 4798 ὥρισται
1489 4727 1587 4799 τὴν
1615 4747 1800 4783 συνου-

225 4815 349 4868 σίαν
373 4815 473 4886 τῆς
507 4818 886 4888 Πεντηκοστῆς
914 4819 940 4870 ὁ
980 4819 1169 4893 καιρός
1191 4834 1206 4850 ⁸
1239 4819 1379 4873 κατά
1401 4819 1510 4894 γὰρ
1532 4820 1621 4880 τὸν
1645 4821 1802 4876 ἄλλον

224 4907 416 4977 χρόνον
447 4908 537 4960 τὸν
569 4909 791 4986 ἡσύχιον
820 4909 1154 4972 ἀσπάζονται
1204 4909 1334 4980 βίον.
1387 4911 1451 4964 Ἦ
1488 4912 1723 4986 Μαράνα
1745 4912 1802 4966 δὲ

225 4999 362 5068 μόνη
390 5001 509 5062 ταῖς
537 5001 960 5078 ἀφικνουμέναις
983 5002 1286 5072 διαλέγεται
1307 5021 1321 5034 °
1344 5004 1442 5074 τῆς
1473 5004 1580 5076 γάρ
1610 5002 1814 5078 ἐτέρας

220 5088 398 5150 οὐδεὶς
432 5090 635 5160 ἀκήκοε
675 5092 893 5152 πώποτε
923 5093 1337 5171 φθεγξαμένης·
1387 5094 1797 5166 σιδηροφοροῦσι

219 5179 298 5243 δὲ,
327 5179 420 5231 καὶ
443 5181 693 5235 τοσοῦτον
744 5183 968 5254 φέρουσι
1014 5185 1252 5256 φορτίον,
1308 5185 1383 5248 ὠς
1429 5185 1526 5255 τὴν
1586 5186 1796 5260 Κύραν,

220 5271 611 5343 ἀσθενέστερον
638 5274 798 5345 σῶμα
825 5276 1113 5348 λαχοῦσαν,
1148 5277 1308 5348 μέχρι
1350 5280 1450 5348 τῆς
1481 5279 1582 5349 γῆς
1629 5296 1798 5332 κατα-

223 5365 595 5435 κάμπτεσθαι,
621 5369 714 5420 καὶ
740 5369 999 5440 ἀνορθοῦν
1018 5371 1080 5423 τὸ
1109 5371 1266 5443 σῶμα
1287 5371 1485 5443 ἥκιστα
1518 5371 1794 5428 δύνασθαι.

221 5457 304 5510 Τά
340 5457 397 5509 δέ
429 5459 742 5528 περιϐόλαια
780 5460 1011 5532 μέγιστα
1051 5463 1262 5531 έχουσιν
1285 5503 1300 5528 ,
1331 5462 1404 5526 ώς
1444 5462 1666 5517 ὄπισθεν
1703 5464 1800 5534 μέν

223 5549 619 5620 ἀποσύρεσθαι,
672 5552 768 5605 καὶ
808 5551 1048 5624 ἀκριϐῶς
1081 5553 1478 5622 συγκαλύπτειν
1523 5554 1599 5608 τὼ
1629 5555 1756 5608 πόδε
1781 5572 1794 5586 ·

221 5638 529 5712 ἔμπροσθεν
555 5643 609 5696 δὲ
640 5645 830 5718 μέχρις
855 5646 1024 5717 αὐτῆς
1049 5647 1144 5720 τῆς
1183 5646 1357 5720 ζώνης
1395 5648 1695 5716 καθίεσθαι›
1739 5650 1797 5703 τδ

1912 3187 2059 3233 runt.
2089 3179 2322 3237 Mariana:
2349 3192 2530 3238 autem
2563 3191 2616 3237 et
2643 3183 2799 3255 Cyrae
2820 3182 2878 3238 in
2897 3197 3140 3254 praesens
3159 3184 3488 3239 mentionem

1914 3271 2134 3335 faciam,
2165 3289 2286 3343 qua:
2315 3274 2624 3330 tolerantiae
2681 3273 3076 3329 certaminibus
3105 3275 3322 3345 1289
3353 3275 3487 3329 alias

1910 3377 2102 3420 omnes
2152 3363 2367 3426 vicere._
2419 3362 2518 3418 His
2548 3362 2726 3435 patria
2759 3363 2980 3434 quidem
3037 3371 3122 3419 est
3177 3362 3482 3419 Berrhtea:

1908 3469 2080 3524 genus
2106 3460 2289 3510 autem
2324 3455 2378 3510 in
2409 3455 2588 3524 patria
2622 3454 2950 3526 illu.stre,iet
3001 3451 3252 3509 educatio
3300 3455 3484 3524 generi

1913 3547 2284 3603 conveniens.
2315 3545 2423 3602 Sed
2475 3546 2574 3601 bis.
2614 3546 2878 3604 omnibus
2946 3545 3300 3616 contemptis,
3359 3560 3484 3601 eum

1909 3639 2164 3708 exiguum
2185 3636 2477 3708 quemdam
2519 3637 2700 3692 locum
2740 3645 2868 3695 ante
2899 3637 3089 3695 urbem
3141 3639 3486 3708 circumspe-

1909 3728 2140 3794 xissent,
2172 3729 2226 3783 in
2264 3743 2502 3799 eumque
2531 3727 2852 3793 intrassent,
2917 3727 3057 3787 luto-
3091 3743 3156 3784 ac
3210 3728 3486 3800 lapidibus

1903 3819 2128 3888 januam
2154 3819 2502 3875 obstrinxere.
2527 3816 2788 3876 Eamulas
2825 3826 3035 3884 autem,
3052 3820 3071 3840 ‘
3091 3833 3215 3890 quae
3237 3818 3483 3889 ejusdem

1908 3911 2032 3967 vitae
2069 3910 2369 3980 participes
2417 3910 2534 3964 fieri
2588 3911 2870 3976 volebant,
2909 3919 3066 3968 extra
3114 3911 3218 3966 hoc
3266 3921 3480 3981 septum

1908 3987 2074 4070 parvo
2134 4009 2345 4060 structo
2376 4000 2715 4064 habitacula,
2763 4002 2820 4056 in
2857 4017 2926 4056 eo
2951 4002 3147 4072 degere
3171 4001 3478 4070 jusserunt.

1906 4090 2252 4149 Contuentur.
2280 4096 2463 4142 autem
2503 4089 2631 4157 ipsae
2659 4103 2756 4157 per
2785 4089 3124 4144 fenestellam
3149 4106 3279 4161 quae.
3307 4092 3376 4146 ab
3401 4093 3492 4147 eis

1906 4188 2190 4252 geruntur,
2234 4193 2438 4248 easque
2459 4177 2527 4232 ad
2556 4178 2859 4233 orationem
2884 4177 3197 4249 frequenter
3219 4181 3482 4244 excitam,

1905 4284 1960 4328 et
1995 4271 2062 4327 ad
2093 4270 2341 4330 divinum
2375 4283 2617 4324 amorem
2646 4269 2986 4330 incendunt.,
3023 4269 3169 4342 ipsas.
3196 4287 3327 4327 vero
3379 4289 3482 4328 nec

1840 4393 1883 4446 υ
1909 4367 2152 4430 domum,
2185 4381 2286 4420 nec
2316 4362 2616 4434 tugurium.
2650 4361 2940 4430 habentes,
3000 4364 3103 4419 sub
3172 4364 3266 4420 dio
3311 4364 3475 4418 vitam

1905 4455 2228 4517 ducunt.,Et
2277 4455 2462 4526 januae
2512 4454 2633 4509 loco
2690 4468 2869 4524 parva
2917 4453 3164 4526 quadam
3227 4456 3464 4512 fenestra

1905 4549 2048 4610 facta
2072 4560 2177 4618 est,
2213 4564 2310 4620 per
2340 4564 2504 4620 quam
2533 4558 2586 4604 et
2640 4549 2866 4604 victum...
2902 4547 3274 4606 necessarium
3335 4549 3480 4602 acci.

1903 4643 2083 4713 piunt,
2114 4651 2169 4699 et
2198 4657 2326 4697 cum
2357 4641 2577 4698 feminis
2610 4656 2733 4713 quae
2752 4641 2821 4696 ad
2861 4656 2958 4699 eas
3014 4640 3244 4698 veniunt
3297 4642 3471 4696 collu—

1904 4747 2169 4808 quuntur.
2202 4737 2281 4791 Ad
2313 4750 2645 4807 congressus
2676 4735 3186 4804 antembujusmodi
3214 4734 3475 4803 designa-

1905 4837 2018 4883 tum
2050 4836 2136 4884 est
2167 4838 2382 4899 tempus
2399 4826 2758 4884 Pentecostes
2786 4827 2946 4883 :aliis
2973 4828 3119 4883 enim
3134 4827 3477 4896 temporibus

1902 4917 2181 4974 silentium
2199 4917 2518 4974 observant.
2539 4915 2759 4971 Marana
2785 4931 2951 4988 porro
2979 4931 3104 4971 cum
3129 4916 3475 4972 adventanti-

1902 5009 2005 5064 bus
2030 5007 2154 5064 sola.
2169 5007 2409 5078 loquitur
2427 5025 2441 5062 :
2457 5007 2686 5062 alteram
2714 5022 2845 5062 vero
2867 5007 3177 5078 loquentem
3198 5021 3360 5060 nemo
3376 5023 3477 5058 tm-

1901 5114 2067 5170 quam
2129 5099 2359 5156 audivit.
2397 5098 2623 5155 Ferrum
2675 5107 2911 5171 gestant,
2959 5105 3280 5169 tantumque
3334 5114 3476 5153 onus

1903 5191 2104 5256 ferunt,
2126 5190 2508 5262 utCyra,,qure
2538 5191 2895 5248 imbecilliore
2917 5198 3002 5248 est.
3027 5205 3278 5262 corpore,
3303 5205 3487 5260 usque

1903 5283 1969 5338 ad
2009 5292 2209 5340 terram
2249 5283 2587 5349 incurvetnr,
2612 5290 2668 5337 et
2691 5297 2894 5351 corpus
2921 5281 3132 5352 erigere
3160 5280 3480 5336 nullatenus.

1903 5374 2098 5446 possit.
2135 5375 2385 5430 Amictus
2414 5375 2615 5429 habent
2646 5373 2958 5445 perlongos,
3002 5373 3078 5428 ita
3135 5381 3196 5427 ut
3243 5389 3274 5428 a
3321 5381 3488 5443 tergo.

1903 5467 2215 5532 trahantur,
2248 5474 2302 5520 et
2337 5465 2500 5535 pedes
2531 5479 2761 5536 prorsus
2787 5470 2992 5534 tegant,
3046 5464 3292 5519 anterius
3344 5479 3485 5518 verni

1905 5571 2080 5627 usque
2103 5555 2168 5610 ad
2189 5571 2384 5612 zonam
2408 5556 2581 5627 ipsam
2595 5556 2954 5626 descendunt,
2975 5555 3164 5613 faciem
3185 5557 3489 5622 ctcollum”

1904 5658 1950 5706 et
1993 5658 2234 5723 pectora,
2287 5658 2338 5706 et
2399 5666 2592 5707 manus
2666 5649 2887 5722 penitus
2944 5650 3308 5712 occultantes.
3367 5651 3492 5708 [tam
