3898 6196
411 257 541 324 1491

1329 263 1814 324 THEODORETI
1847 265 2186 326 EPISCOPI
2222 265 2588 327 CYRENSIS

3531 255 3671 321 H92

411 379 591 425 autem
622 383 765 440 saepe
806 370 1089 440 conspexi,
1155 385 1254 439 per
1299 371 1520 441 janttam
1583 375 1937 430 intromissus
1973 394 1984 428 :

2109 377 2384 447 πρόσωπον
2414 376 2548 448 ὁμοῦ
2578 377 2669 429 καὶ
2702 375 2792 430 τὸν
2820 372 3020 445 αὐχένα
3041 413 3055 436 ,
3087 369 3183 425 καὶ
3224 369 3291 424 τὰ
3329 368 3502 439 στήθη
3527 410 3544 433 ,
3573 371 3676 421 καὶ

420 465 651 518 reserari
682 463 826 517 cnim
865 463 999 517 mihi
1033 464 1544 534 1290jnsserunt
1584 467 1875 523 sacerdotii
1900 469 1984 522 di-

419 555 680 623 gnitatem
735 553 1088 610 honorantes.
1129 555 1246 611 Vidi
1297 572 1424 626 ergo
1459 574 1557 613 nec
1598 569 1822 614 strenuo
1869 561 1988 614 viro

411 643 795 713 perferendum
845 646 998 702 illius
1035 643 1167 700 ferri
1223 647 1456 718 pondus.
1511 651 1571 704 lit
1625 660 1746 720 post
1790 655 1988 706 multas

413 755 602 809 preces
635 747 767 795 tunc
796 741 1015 811 quidem
1050 741 1268 796 auferre
1294 745 1443 812 potui
1475 763 1486 798 :
1524 745 1616 798 sed
1646 755 1763 814 post
1785 747 1989 800 disces-

411 847 532 884 sum
573 839 824 885 nostrum
853 832 994 887 idem
1030 833 1228 887 iterum
1263 835 1526 889 membris
1561 838 1678 891 suis
1701 837 1985 905 imposue-

412 931 560 988 runt,
600 923 798 978 cervici
829 925 1050 988 collare,
1095 926 1292 980 lumbis
1319 927 1621 998 cingulum.
1660 929 1913 983 manibus
1937 937 1989 983 et

415 1015 790 1085 pedibusqute
825 1013 910 1071 his
941 1025 1098 1071 erant
1141 1017 1435 1072 destinata.
1490 1021 1666 1087 Atque
1725 1021 1870 1074 hunc
1933 1021 1985 1073 in

415 1108 634 1161 modum
667 1108 832 1161 vitam
855 1107 1083 1173 ducunt,
1118 1126 1223 1164 non
1263 1113 1506 1181 quinque
1530 1123 1622 1165 aut
1655 1112 1868 1175 decem,
1905 1115 1987 1168 vel

415 1197 726 1262 quindecim
753 1213 1018 1253 annorum
1054 1202 1254 1270 spatio,
1283 1202 1375 1255 sed
1410 1203 1641 1256 duorum
1671 1212 1722 1256 et
1753 1203 1992 1270 quadra-

416 1290 586 1355 pinta.
655 1289 717 1344 Et
772 1305 894 1346 cum
951 1301 1058 1346 tam
1119 1294 1282 1364 longe
1333 1303 1575 1363 tempore
1632 1296 1989 1361 decertarint,

419 1381 640 1449 perinde
661 1396 722 1436 ac
750 1381 794 1436 si
829 1398 975 1436 nunc
1015 1383 1248 1454 primum
1319 1395 1595 1438 certamen
1645 1386 1866 1449 inirent,
1918 1387 1991 1438 ita

419 1472 653 1528 sudores
701 1482 983 1544 expetunt.
1047 1472 1247 1544 Sponsi
1316 1477 1458 1529 enim
1527 1477 1991 1547 pulchritmlinem

420 1565 748 1634 cogitantes,
773 1564 930 1620 facile
971 1579 1035 1621 ac
1075 1566 1327 1623 lubenter
1365 1583 1562 1622 rursus
1601 1570 1838 1622 laborem
1872 1584 1989 1638 per-

421 1656 619 1719 ferunt,
650 1661 702 1709 et
728 1654 792 1708 ad
815 1656 1176 1710 certaminum
1199 1668 1397 1710 metam
1432 1660 1717 1725 pervenire
1749 1660 1989 1719 Sltttleltl.

422 1753 658 1799 stantem
694 1746 748 1800 in
778 1760 840 1801 ea
896 1762 1268 1817 coronamque
1324 1751 1566 1803 victoria».
1614 1753 1993 1806 ostendi-nterii
2031 1716 2069 1768 Β

421 1846 708 1893 rernentes
736 1853 896 1908 quem
931 1839 1188 1909 diligunt.
1226 1839 1336 1893 llac
1367 1840 1434 1895 de
1460 1859 1626 1896 causa
1677 1853 1730 1897 et
1782 1845 1994 1912 pluviae,

421 1938 476 1981 et
522 1928 689 1989 nivis.
731 1940 786 1982 et
821 1930 952 1984 solis
1009 1932 1116 1984 vim
1173 1933 1507 1986 su~tinentes
1540 1950 1647 1986 non
1683 1936 1996 2000 tt'istantttr,

421 2030 523 2070 nec
554 2016 982 2082 discruciantur,
1023 2020 1116 2074 sed
1153 2037 1214 2074 ex
1245 2021 1451 2091 iisquae
1480 2026 1709 2078 umlesta
1742 2027 1997 2080 videntur

423 2106 666 2159 hctitiam
694 2108 938 2177 capiunt.
968 2108 1045 2162 Ac
1071 2109 1238 2163 divini
1280 2113 1502 2180 quidem
1531 2112 1697 2168 Musis
1727 2115 1996 2184 jujttltitttlt

423 2199 780 2264 :cmulantes,
847 2210 928 2256 ter
1007 2203 1351 2260 tantumdem
1416 2207 1679 2275 temporis
1745 2208 1998 2276 impastae

425 2300 831 2362 transegerunt.
863 2294 1236 2367 Quadraginta
1268 2299 1412 2354 enim
1445 2309 1567 2366 post
1596 2304 1612 2321 ⁶
1652 2301 1770 2355 dles
1799 2300 1998 2370 exiguo

425 2383 550 2437 eibo
586 2384 802 2439 refecta:
822 2395 972 2440 sunt.
997 2385 1104 2441 Ter
1120 2388 1282 2441 etiam
1305 2387 1476 2442 divini
1507 2389 1744 2446 Danielis
1765 2391 1999 2445 inediam

425 2474 697 2528 :emulata:
745 2481 896 2542 sunt,
927 2483 1038 2532 tres
1073 2476 1285 2532 dierum
1314 2477 1685 2535 hebdomadas
1735 2497 1999 2551 peragen-

425 2571 530 2628 tes,
576 2576 740 2634 atque
783 2578 964 2620 escam
1001 2576 1129 2621 tunc
1191 2568 1408 2638 corpori
1476 2569 1816 2624 exhibentes.
1863 2571 1998 2624 Cum

423 2663 604 2710 autem
634 2657 868 2726 cepisset
899 2657 1023 2714 iltas
1057 2659 1350 2729 aliquando
1396 2661 1730 2716 desiderium
1798 2665 2004 2717 saluta-

424 2748 568 2802 rium
609 2748 814 2804 Chrlsti
883 2750 1228 2806 cruciatuum
1288 2767 1445 2807 sacra
1501 2753 1614 2808 loca
1680 2755 1999 2818 contuendi,

425 2841 624 2896 (ﬁliam
649 2841 904 2913 profecta:
931 2853 1078 2907 sunt,
1132 2844 1342 2898 nullum
1399 2853 1513 2900 toto
1574 2847 1768 2901 itinere
1816 2848 1998 2902 cibum

427 2940 760 3001 gustantes:
797 2933 891 2988 sed
927 2933 992 2986 ad
1033 2934 1224 2988 urbem
1261 2934 1408 2990 illam
1437 2951 1561 2989 cum
1599 2937 1998 3006 pervenissent,

2088 470 2187 532 τὰς
2211 471 2400 540 χεῖρας
2433 468 2675 541 ἀκριϐῶς
2704 466 3175 538 κατακρύπτοντα.
3211 462 3427 525 Ταύτας
3452 462 3511 514 δέ
3545 462 3683 512 πο).-

2089 561 2244 624 7άκις
2265 561 2578 632 ἐθεασάμην
2611 560 2742 614 εἴσω
2776 560 2874 630 τῆς
2913 557 3084 628 θύρας
3104 556 3318 626 ἐκείνης
3355 554 3682 624 γενόμενος.

2089 652 2340 723 Διορύξαι
2367 651 2476 724 γάρ
2515 670 2605 723 μοι
2663 649 3168 724 παρεκελεύσαντο,
3222 651 3316 716 τῆς
3367 646 3688 716 ἱερωσύνης

2089 745 2186 816 τὴν
2221 745 2510 816 προεδρίαν
2541 742 2801 814 τιμῶσαι.
2829 738 2981 794 Εἶδον
3010 739 3190 792 τοίνυν
3215 738 3334 790 οὐδὲ
3369 737 3533 805 ἀνδρὶ
3560 753 3690 802 γεν-

2088 836 2226 906 ναίῳ
2260 836 2492 905 φορητὸν
2519 835 2609 887 τὸν
2649 833 2857 886 ἐκείνου
2887 830 2978 884 τοῦ
3014 831 3234 900 σιδήρου
3282 828 3558 896 σταθμὸν,
3597 827 3692 876 καὶ

2093 927 2264 981 πολλά
2294 927 2624 998 λιπαρήσας,
2654 924 2968 996 παραυτίκα
2993 923 3091 993 μὲν
3123 920 3342 990 ἀφελεῖν
3373 917 3690 987 ἠδυνήθην·

2096 1021 2232 1092 μετά
2262 1020 2317 1073 δὲ
2345 1019 2440 1091 τὴν
2475 1019 2749 1090 ἡμετέραν
2775 1016 3143 1087 ἀναχώρησιν,
3187 1013 3342 1067 πάλιν
3367 1012 3543 1066 αὑτὸν
3579 1014 3695 1071 τοῖς

2091 1113 2310 1172 οἰκείοις
2345 1108 2667 1178 περιέθεσαν
2702 1109 2918 1178 μέλεσιν
2937 1124 2951 1138 ·
2995 1105 3179 1175 αύχένι
3206 1104 3304 1174 μὲν
3334 1105 3424 1156 τὸν
3447 1120 3688 1172 περιαυο

2093 1203 2289 1272 χένιον,
2319 1201 2422 1265 ίξύῐ
2449 1201 2504 1254 δὲ
2531 1200 2628 1271 τὴν
2660 1198 2855 1268 ζώνην.
2894 1198 3051 1268 χερσὶ
3085 1197 3141 1248 δὲ
3180 1198 3272 1247 καὶ
3307 1195 3433 1246 ποσὶ
3453 1196 3540 1246 τὰ
3570 1193 3693 1244 1:5-

2094 1309 2204 1356 τοις
2243 1291 2718 1362 ἀπονενεμηρένα.
2752 1290 2859 1343 Καὶ
2893 1290 3080 1343 τοῦτον
3111 1285 3410 1358 βιοτεύουσι
3435 1285 3534 1337 τὸν
3573 1285 3696 1354 τρο-

2096 1401 2214 1446 πον,
2248 1384 2306 1436 οὐ
2340 1386 2520 1444 πέντε,
2548 1384 2580 1455 ἢ
2623 1383 2774 1447 δέκα,
2819 1382 2850 1451 ἦ
2880 1381 3270 1434 πεντεκαίδεκα
3300 1379 3437 1448 μόνα
3493 1377 3698 1442 ἐξανύο

2099 1492 2260 1528 σασαι
2289 1475 2402 1544 ἔτη,
2437 1475 2570 1528 ἀλλά
2599 1474 2690 1526 δύο
2713 1475 2806 1526 καὶ
2833 1490 2886 1525 τε
2899 1473 3258 1543 σσαράκοντα.
3293 1470 3403 1522 Καὶ
3425 1468 3696 1520 τοσοῦτον

2096 1566 2503 1636 ἀγωνισάμενοιι
2530 1565 2740 1634 χρόνον,
2767 1563 2840 1624 ὡς
2865 1562 2989 1633 ἄρτι
3015 1562 3122 1614 τῶν
3146 1560 3370 1629 ἀγώνων
3397 1560 3695 1628 asangm:

2097 1657 2203 1710 τῶν
2237 1657 2474 1728 ἱδρώτων
2505 1655 2691 1726 ἐρῶσι.
2724 1655 2796 1706 Τὸ
2817 1653 2924 1723 γὰρ
2946 1653 3038 1706 τοῦ
3069 1652 3301 1722 νυμφίου
3331 1649 3694 1720 φανταζόμε-

2099 1769 2184 1803 ναι
2223 1750 2450 1811 κάλλος,
2494 1747 2737 1810 εύπετῶς
2775 1746 2920 1818 μάλα
2955 1745 3044 1798 καὶ
3087 1744 3283 1814 ῥαδίως
3324 1743 3576 1813 φέρουσι
3609 1741 3694 1794 τοῦ

2098 1842 2298 1914 δρόμου
2333 1841 2420 1893 τὸν
2455 1841 2635 1905 πόνον,
2683 1840 2776 1892 καί¹
2829 1835 3155 1891 καταλαϐεῖν
3205 1836 3533 1904 ἐπείγονται
3598 1835 3698 1885 τῶν

2101 1934 2326 2001 ἀγώνων
2356 1933 2414 1985 τὺ
2457 1932 2626 1994 τέλος.
2670 1934 2726 1984 ἐν
2776 1930 2966 2000 ἐκείνῳ
3013 1929 3103 1980 τὸν
3143 1925 3419 1999 ἐρώμενον
3477 1925 3696 1978 ἑστῶτα

2103 2024 2416 2094 βλέπουσαι,
2443 2024 2535 2075 καὶ
2556 2021 2653 2090 τῆς
2687 2020 2842 2088 νίκης
2866 2015 3254 2071 ὑποδεικνύντα
3269 2017 3360 2070 τὸν
3389 2016 3694 2084 στέςρανον.

2103 2115 2307 2167 Τούτου
2340 2115 2542 2175 εἵνεκα,
2576 2114 2668 2166 καί
2696 2111 2875 2176 ὑετοῦ,
2909 2110 3002 2162 καὶ
3023 2107 3260 2178 νιφετοῦ,
3294 2109 3389 2161 καὶ
3419 2107 3597 2177 ἡλίου
3618 2107 3698 2159 δε-

2101 2207 2326 2277 χόμεναι
2363 2205 2684 2276 προσϐολὴν,
2711 2203 2811 2255 οὐκ
2847 2201 3121 2266 ἀνιῶνται,
3171 2199 3288 2252 ούδέ
3327 2198 3694 2266 ἀλγύνονται,

2101 2300 2216 2354 ἀλλ’
2252 2302 2313 2351 ἐκ
2348 2298 2452 2351 τῶν
2481 2296 2778 2349 δοκούντων
2813 2294 3053 2365 ἀνιαρῶν
3085 2291 3352 2364 θυμηδίαν
3401 2290 3694 2359 καρποῦν-

2100 2408 2209 2443 ται.
2244 2389 2354 2442 Καὶ
2387 2387 2478 2440 τοῦ
2518 2389 2613 2457 μὲν
2643 2387 2926 2440 θεσπεσίου
2973 2385 3251 2447 Μωῦσὲως
3286 2383 3387 2452 τὴν
3427 2383 3693 2452 νηστείαν

2104 2481 2434 2552 ζηλώσασαι,
2470 2481 2591 2549 τρὶς
2638 2480 2812 2533 ἄσιτοι
2856 2475 3108 2530 τοσοῦτον
3131 2474 3435 2532 διετέλεσαν
3471 2475 3688 2544 χρόνον.

2103 2573 2201 2632 Διά
2220 2573 2624 2643 τεσσαράκοντα
2654 2570 2760 2642 γὰρ
2783 2569 3003 2641 ἡμερῶν
3032 2568 3235 2640 τροφῆς
3262 2565 3540 2635 βραχείας
3577 2580 3691 2634 μετ-

2089 2666 2316 2719 -ἐλαϐον,
2350 2665 2483 2733 Τρὶς
2513 2664 2568 2716 δέ
2617 2664 2708 2716 καὶ
2744 2663 2837 2716 τοῦ
2866 2662 3010 2716 θείου
3035 2659 3233 2730 Δανιὴλ
3278 2659 3379 2728 τὴν
3409 2657 3692 2709 ἀπαστίαν

2105 2757 2403 2827 ἐζήλωσαν,
2443 2759 2588 2826 τρεῖς
2623 2755 2922 2824 ἑϐδομάδας
2949 2753 3172 2826 ἡμερῶν
3216 2749 3576 2815 ἐξανύουσαι,
3606 2747 3693 2800 καὶ

2102 2851 2224 2903 τότε
2273 2848 2474 2919 τροφὴν
2511 2848 2839 2919 χορηγοῦσαι
2890 2847 2967 2918 τῷ
3016 2846 3246 2918 σώματι.
3283 2842 3614 2913 Ποθήσασαι
3643 2842 3692 2894 δέ

2110 2960 2239 2994 ποτε
2277 2942 2384 2993 τῶν
2435 2942 2716 3011 σωτηρίων
2762 2940 2855 2993 τοῦ
2887 2938 3124 3011 Χριστοῦ
3174 2935 3532 3006 παθημάτων
3571 2935 3696 2992 τοὺς

429 3023 750 3079 adoratione
783 3025 1072 3095 completa,
1107 3025 1290 3080 cibum
1314 3041 1617 3096 sumpsere,
1639 3029 1850 3097 iterque
1874 3044 1998 3082 rur-

2112 3032 2290 3102 ispob:
2341 3029 2634 3084 θεάσασθαι
2687 3029 2902 3094 τόπους,
2948 3028 3182 3098 ἔδραμον
3209 3027 3288 3088 είς
3340 3025 3436 3095 τὴν
3476 3023 3694 3083 Αἰλίαν,

428 3131 525 3169 sus
556 3117 608 3168 in
646 3115 822 3169 reditu
849 3115 1049 3184 jejuna:
1088 3116 1295 3186 1291
1329 3118 1704 3175 confecerunt.
1762 3119 2003 3174 Mansio-

430 3220 529 3258 nes
551 3213 729 3258 autem
759 3204 1102 3258 intercedunt
1123 3219 1231 3259 non
1259 3206 1549 3275 pauciores
1573 3221 1734 3275 quam
1786 3207 2000 3278 viginti.

431 3296 497 3352 Et
525 3309 650 3352 cum
681 3295 924 3352 victricis
954 3294 1172 3352 Thecla;
1203 3298 1484 3366 templum,
1512 3297 1658 3367 quod
1702 3298 1754 3350 in
1801 3297 2003 3352 Isauria

431 3401 534 3454 egi,
559 3389 736 3443 visere
763 3377 1033 3452 libuisset,
1064 3398 1122 3444 ut
1157 3390 1443 3444 charitatis
1469 3390 1520 3443 in
1556 3389 1722 3443 Deum
1753 3389 2002 3445 ﬂammas

435 3482 676 3551 undique
702 3483 1083 3547 accenderent,
1101 3483 1301 3553 jejuna:
1323 3482 1575 3536 similiter
1604 3483 1802 3544 ierunt,
1830 3482 2011 3536 redit:-

434 3582 692 3645 runtque.
755 3573 941 3644 Usque
969 3576 1106 3628 adeo
1135 3575 1382 3629 divinum
1415 3576 1534 3627 illas
1563 3574 1822 3642 phittrum
1855 3587 2004 3626 extra

437 3679 498 3719 se
526 3664 773 3732 rapiebat
803 3683 814 3717 :
849 3667 930 3718 sic
971 3665 1092 3718 illas
1125 3664 1345 3718 divinus
1376 3677 1502 3729 erga
1542 3677 1802 3729 sponsum
1854 3677 2009 3714 amor

436 3756 804 3810 dementabat.
839 3754 928 3808 lla!
957 3755 1119 3822 igitur
1145 3755 1236 3807 tali
1275 3755 1398 3808 vita:
1435 3753 1605 3806 lornta
1633 3753 1893 3805 muliebre
1915 3771 2007 3822 ge-

439 3861 545 3900 nus
575 3855 856 3909 ornantes,
889 3845 1037 3898 velut
1068 3845 1397 3912 exemplaria
1456 3844 1670 3897 czctetis
1713 3842 1894 3908 factm,
1927 3846 2008 3897 vi-

440 3937 704 3992 ctricibus
735 3936 954 3991 coronis
976 3953 1005 3990 a
1031 3935 1259 3990 Domino
1287 3936 1714 3990 coronabunlur.
1750 3935 1858 4006 Ego
1883 3954 2012 3992 vero

442 4039 496 4083 et
530 4028 763 4083 utilitate
796 4045 916 4099 quae
955 4028 1079 4083 hinc
1115 4029 1292 4084 oritur
1322 4028 1624 4098 proposita,
1674 4037 1725 4083 et
1789 4029 2012 4084 benedi-

441 4122 626 4176 ctione
652 4123 907 4184 delibata,
941 4123 1006 4175 ad
1039 4123 1268 4175 alteram
1299 4137 1517 4192 pergam
1547 4123 1937 4178 narratlunem.

2101 3123 2356 3192 οὐδεμιᾶς
2387 3120 2526 3173 κατά
2579 3121 2677 3190 τὴν
2719 3119 2834 3172 ὁδὸν
2889 3117 3088 3187 ἐδωδῆς
3123 3113 3524 3170 ἀπολαύσασαι,
3565 3109 3693 3162 ἀλλ’

2103 3217 2182 3278 εἰς
2221 3214 2436 3281 ἐκείνην
2467 3211 2793 3282 ἀφικόμεναι
2827 3209 2923 3281 τὴν
2956 3209 3140 3273 πόλιν,
3175 3206 3268 3258 καὶ
3298 3203 3391 3273 τὴν
3433 3199 3690 3270 προσκύο

2105 3323 2258 3376 νησιν
2309 3303 2731 3373 ἐκπληρώσασαι
2759 3344 2772 3368 ,
2810 3303 3014 3372 τροφῆς
3051 3297 3360 3370 μετέλαϐον,
3391 3293 3486 3346 καὶ
3515 3291 3691 3344 πόλιν

2107 3393 2406 3463 ἐπανῆλθον
2440 3393 2614 3446 ἄσιτοι
2636 3390 2731 3462 τὴν
2766 3389 2990 3461 πορείαν
3031 3387 3331 3442 ἀνύσασαι·
3371 3382 3608 3450 σταθμοὶ
3635 3380 3693 3431 δέ

2107 3489 2243 3540 εἰσιν
2274 3486 2373 3538 οῦκ
2416 3484 2667 3547 ἐλάττους
2701 3481 2806 3534 τῶν
2842 3482 3032 3536 εἴκοσι.
3079 3479 3189 3532 Καὶ
3239 3478 3338 3546 τῆς
3375 3474 3695 3528 καλλινίκου

2109 3579 2165 3632 δὲ
2201 3578 2409 3648 Θέκλης
2443 3575 2852 3648 ἐπιθυμήσασαι
2883 3571 3182 3626 θεάσασθαι
3211 3570 3298 3623 τὸν
3339 3568 3395 3621 ἐν
3445 3566 3697 3636 Ἰσαυρξα

2115 3670 2299 3740 σηκὸν,
2341 3669 2426 3720 ἵνα
2461 3667 2559 3735 τῆς
2593 3667 2718 3738 περὶ
2770 3666 2860 3720 τὸν
2909 3664 3042 3718 Θεὸν
3069 3663 3290 3733 ἀγάπης
3349 3658 3698 3726 πανταχόθεν

2115 3757 2463 3828 ἐξάψωσιτδν
2491 3758 2714 3828 πυρσὸν,
2755 3756 2830 3819 ώς
2879 3754 3120 3825 ἀπῆλθον
3167 3751 3342 3813 οὕτως
3386 3747 3698 3818 ἐπανῆλθον

2116 3853 2310 3906 ἄσιτοι.
2356 3850 2621 3903 Τοσοῦτον
2674 3849 2843 3912 αὐτὰς
2877 3850 2935 3902 τὸ
2972 3847 3112 3900 θεῖον
3166 3843 3538 3911 ἐξεϐάκχευσε
3585 3840 3698 3908 qi}.-

2115 3962 2271 4017 τρον·
2304 3946 2475 4009 οῦτως
2519 3944 2684 4008 αύτάς
2712 3947 2738 3998 ὁ
2769 3943 2910 4007 θεῖος
2961 3942 3098 4014 ἔρως
3151 3939 3280 4008 περὶ
3328 3937 3422 3987 τὸν
3465 3934 3702 4004 νυμςξίον

2120 4037 2398 4108 ἐξὲμηνεν.
2434 4032 2602 4090 Αῦται
2639 4037 2736 4108 μέν
2764 4034 2988 4106 τοιαύτῃ
3014 4030 3254 4101 πολιτείᾳ
3273 4027 3332 4080 τὸ
3363 4027 3504 4094 θῆλυ
3531 4042 3706 4077 κατα-

2121 4130 2470 4199 κοσμήσασαι
2501 4129 2674 4198 γένος,
2709 4125 2785 4186 ὡς
2807 4125 3089 4195 ἀρχέτυπα
3125 4121 3216 4175 καἱ
3235 4122 3355 4182 ταῖς
3380 4117 3580 4177 ἄλλαις
3618 4133 3706 4183 ΤΞ·

443 4213 683 4282 νόμεναι,
708 4215 820 4277 τοῖς
849 4211 1134 4275 ἐπινικίοις
1169 4213 1450 4282 στεφάνοις
1479 4214 1583 4266 ὑπὸ
1615 4214 1706 4268 τοῦ
1737 4216 2008 4270 Δεσπὸτου
2047 4223 2519 4293 ταινιωθήσονται.
2554 4219 2694 4289 Ἐγὼ
2724 4220 2777 4273 δὲ
2809 4219 2903 4272 καὶ
2979 4217 3078 4288 τὴν
3119 4211 3366 4269 ἐντεῦθεν
3429 4210 3710 4280 ώςέλειαν

446 4305 686 4376 προθεὶς,
715 4307 808 4359 καὶ
837 4305 934 4376 τὴν
958 4303 1204 4372 εὐλογίαν
1226 4305 1580 4374 δρεψάμενος,
1607 4307 1692 4374 ἐφ’
1715 4307 1900 4378 ἕτερον
1929 4307 2212 4382 βαδιοῦμαι
2239 4313 2498 4385 διήγημα.

933 4393 1075 4448 XXX
1091 4393 1520 4449 .---DO.\ININA.

527 4486 702 4540 Diviui
753 4485 1016 4546 Maronis,
1069 4485 1227 4554 cujus
1259 4493 1415 4540 antea
1446 4486 1814 4550 mcminhnus,
1848 4489 2013 4542 vitam

447 4579 699 4637 aemulata
730 4584 816 4631 est
841 4575 1162 4630 admiranda
1197 4573 1484 4639 Domnina,
1523 4592 1645 4644 quze
1678 4577 1730 4629 in
1763 4585 2019 4632 maternae

449 4677 649 4729 domus
677 4672 836 4725 horto
878 4684 1103 4738 parvum
1138 4667 1413 4738 tugurium
1447 4668 1654 4725 detixit.
1715 4667 2016 4741 Tugurium

451 4777 631 4822 autem
655 4763 761 4818 hoc
793 4761 866 4816 illi
893 4767 1154 4831 praestant
1175 4761 1339 4814 culmi
1366 4761 1710 4830 panicorum.
1738 4761 1794 4816 ln
1817 4777 1882 4817 eo
1903 4762 2020 4818 dies

454 4867 600 4914 totos
639 4855 920 4911 continuis
955 4854 1212 4924 lacrymis
1245 4854 1472 4916 ducens,
1504 4869 1609 4908 non
1649 4854 1794 4908 solas
1842 4855 2024 4922 rigant

455 4966 640 5018 genas,
672 4949 763 5004 sed
800 4947 1030 5002 amictus
1066 4961 1281 5016 quoque
1311 4947 1582 5002 cilicinos.
1611 4945 1836 5004 Talibus
1877 4948 2020 5001 enim

454 5042 792 5098 indumentis
824 5055 1026 5110 corpus
1056 5039 1206 5110 tegit.
1237 5038 1350 5093 Sub
1388 5039 1653 5108 gallorum
1680 5050 1859 5094 autem
1892 5055 2023 5092 can—

455 5147 569 5187 tum
596 5132 664 5186 ad
695 5131 940 5186 divinum
971 5131 1256 5199 templum,
1290 5127 1436 5200 quod
1468 5145 1574 5182 non
1605 5130 1794 5199 procul
1842 5129 2019 5191 abest,

456 5240 515 5279 se
545 5223 859 5287 conferens,
888 5235 1013 5275 eum
1050 5222 1192 5285 aliis,
1237 5230 1349 5275 tum
1397 5220 1636 5283 feminis,
1693 5228 1806 5272 tum
1863 5219 2020 5284 viris,

456 5315 687 5369 Domino
725 5314 1101 5368 universorum
1135 5310 1324 5365 laudes
1358 5310 1536 5365 oti'ert.
1573 5308 1681 5363 Nec
1723 5308 2022 5377 incipiente

455 5413 666 5457 tantum
685 5405 792 5466 die,
828 5418 1012 5460 verum
1033 5403 1196 5457 etiam
1219 5401 1501 5456 desinente
1529 5401 1632 5455 hoc
1658 5401 1808 5463 facit,
1840 5402 2018 5454 locum

458 5494 572 5547 Deo
602 5504 990 5549 consecratum
1024 5496 1218 5563 quovis
1268 5494 1375 5547 alio
1405 5494 1526 5547 loco
1573 5492 2021 5546 vener-abiliorcm

459 5601 606 5646 esse,
635 5595 688 5640 et
715 5602 946 5642 censens
981 5589 1120 5656 ipsa,
1153 5595 1206 5642 ct
1240 5587 1377 5643 alios
1404 5588 1628 5644 docens.
1664 5585 1784 5652 Quo
1805 5587 2025 5640 nomine

460 5687 715 5748 magnam
743 5677 890 5732 illius
925 5691 1111 5732 curam
1141 5678 1328 5748 gessit,
1362 5679 1523 5734 matri
1554 5688 1607 5734 ct
1659 5677 1870 5752 1292
1916 5677 2023 5732 tra-

2633 4402 2710 4455 A'.
2736 4428 2807 4445 —-
2832 4399 3165 4454 AOMNINA.

2193 4494 2297 4548 Τοῦ
2327 4493 2612 4548 θεσπεσίου
2641 4494 2924 4564 Μάρωνος,
2965 4487 3025 4545 οὗ
3061 4491 3153 4543 καὶ
3198 4485 3387 4557 πρώην
3423 4487 3714 4558 ἐμνήσθη-

2125 4603 2243 4657 μεν,
2271 4589 2304 4657 ὴ
2334 4584 2608 4655 θαυμασία
2641 4584 2874 4655 Δομνίνα
2905 4582 2994 4636 τὸν
3020 4581 3131 4642 βίον
3166 4577 3483 4649 ζηλώσασα,
3533 4579 3600 4628 ἐν
3634 4575 3714 4646 τῷ

2123 4679 2284 4747 κήπῳ
2328 4680 2425 4746 τῆς
2466 4675 2724 4746 μητρῴας
2772 4674 2949 4737 οἰκίας
2996 4672 3232 4744 σμικράν
3281 4689 3403 4722 τινα
3457 4670 3716 4736 καλύϐην

2123 4768 2381 4840 ἐπήξατο.
2418 4770 2569 4820 Ποιεῖ
2589 4768 2645 4820 δέ
2667 4767 2803 4838 αὐτῇ
2837 4765 3078 4835 καλύϐην
3115 4763 3223 4817 τῶν
3267 4761 3501 4832 μεὶξνων
3529 4764 3570 4832 ἡ
3611 4781 3716 4813 κι-

2125 4861 2291 4930 λάμη.
2334 4859 2422 4912 Ἐν
2452 4859 2634 4930 ἐκείνῃ
2665 4855 3084 4927 διημερεύουσα,
3131 4855 3359 4923 δάκρυσι
3392 4852 3718 4920 διηνεκέσιν

2124 4951 2185 5005 οὐ
2225 4951 2392 5021 μόνας
2430 4949 2760 5020 καταϐρέχει
2808 4948 2907 5011 τάς
2937 4946 3188 5018 παρειὰς,
3236 4944 3376 4999 ἀλλά
3406 4943 3503 4996 καὶ
3529 4943 3608 4994 τά
3658 4945 3722 4994 ἐκ

2123 5043 2327 5115 τριχῶν
2362 5041 2682 5112 περιϐόλαια
2702 5057 2715 5070 ·
2744 5039 2965 5094 τοιοῖσδε
2989 5039 3093 5110 γὰρ
3132 5037 3403 5108 ἐσθήμασι
3431 5036 3724 5102 συγκαλύο

2127 5152 2251 5188 πτει
2279 5135 2339 5188 τὸ
2389 5133 2564 5204 σῶμα.
2623 5133 2756 5203 Περὶ
2788 5132 2843 5185 δὲ
2889 5130 3264 5202 ἀλεκτρυόνων
3298 5129 3466 5199 ᾠδὰς,
3506 5131 3598 5191 εἰς
3627 5130 3726 5180 τὸν

2129 5228 2268 5282 θεῖον
2299 5227 2427 5280 ναὸν
2472 5227 2534 5279 οὐ
2584 5225 2770 5296 πόρρω
2803 5224 2930 5278 ὄντα
2985 5222 3136 5276 ίοῦσα
3163 5265 3176 5288 ,
3218 5220 3355 5292 μετά
3388 5218 3499 5270 τῶν
3533 5220 3726 5272 ἄλλων

2127 5315 2522 5384 καὶγυναικῶν
2579 5315 2672 5368 καὶ
2721 5312 2947 5384 ἀνδρῶν,
3005 5311 3084 5381 τῷ
3132 5309 3378 5382 Δεσπὸτῃ
3403 5308 3512 5360 τῶν
3576 5309 3726 5362 ὅλων

2131 5407 2430 5479 προσφέρει
2481 5408 2579 5478 τὴν
2608 5405 2900 5476 ὑμνῳδίαν.
2946 5404 3116 5458 Τοῦτο
3157 5402 3214 5454 δέ
3261 5402 3363 5454 οὐκ
3394 5402 3730 5472 ἀρχομένης

2133 5498 2290 5569 μόνον
2325 5497 2553 5568 ἡμέρας,
2604 5496 2738 5548 ἀλλά
2773 5494 2866 5548 καὶ
2909 5495 3247 5561 τελευτώσης
3301 5495 3466 5558 ποιεῖ,
3506 5495 3730 5555 παντδς

2131 5590 2315 5658 ἐτέρου
2341 5586 2537 5658 χωρίου
2560 5586 2650 5638 τὸν
2680 5585 3054 5654 ἀφιερωμένον
3087 5584 3162 5654 τῷ
3189 5583 3307 5654 Θεῷ
3332 5583 3510 5653 χῶρον
3553 5585 3730 5638 σεϐα-

2133 5676 2431 5750 σμιώτερον
2459 5669 2614 5738 εἶναι,
2649 5676 2740 5727 καὶ
2774 5674 3230 5746 ὑπολαμϐάνουσα
3255 5716 3268 5740 ,
3312 5671 3404 5726 καὶ
3459 5675 3590 5738 τοὶς
3625 5677 3728 5727 αὶ.-
