3898 6196
175 308 310 376 1493

1372 302 1782 368 RELIGIOSA
1822 303 1876 362 Π
1886 302 2210 366 ῘΞΤΟΒῙΑ,

3266 299 3398 367 1404

165 421 282 483 loc;
314 415 720 472 ἐκδιδάσκουσα.
745 414 946 470 Τούτου
983 415 1164 471 εΰιεκα
1209 416 1300 470 καὶ
1331 417 1530 488 πολλῆς
1559 417 1718 471 αὐτὸν
1746 473 1747 476 η

1850 417 1998 475 ribus
2037 420 2396 489 persuadens,
2428 424 2487 473 ut
2511 415 2798 474 facultates
2844 431 2974 474 suas
3009 418 3064 472 in
3114 419 3247 474 illud
3298 421 3398 474 im-

167 509 472 580 ἐπιμελείας
520 507 751 578 ⁴Ιγξίωσε,
792 507 890 577 τὴν
932 506 1144 578 μητέρα
1174 507 1430 573 πείσασα,
1479 507 1574 561 καὶ
1597 508 1722 570 τοὺς

164 598 438 667 ἀδελφοὺς,
475 597 555 660 είς
585 595 774 650 τοῦτον
809 595 1118 666 δαπανῆσαι
1149 595 1218 649 τὰ
1255 595 1404 651 ὅντα.
1433 595 1650 667 Τροφὴν
1679 595 1723 648 δ’

162 689 269 759 ἔχει
323 686 410 740 τὸν
463 687 638 756 φακὸν
678 686 1120 758 ὰποὸρεχόμενον
1170 686 1340 742 ὕδατι.
1393 687 1504 742 Καὶ⁵
1537 687 1725 741 τοῦτον

159 779 370 833 ἅπαντα
406 779 670 850 ὑπομένει
697 779 788 832 τὸν
818 779 1012 845 πόνον,
1056 779 1269 850 σώματι
1307 780 1728 851 κατεσκηλιτευ-

163 871 305 940 μένῳ
343 869 434 923 καὶ
457 870 678 942 ήμιθνεϊ
706 871 986 944 χρωμένη.
1017 872 1354 926 Λεπτότατον
1384 871 1492 944 γάρ
1519 873 1579 926 τὸ
1609 871 1728 943 δέρ-

158 987 252 1039 μα,
293 968 384 1022 καὶ
414 968 742 1038 ὑμενοειδές,
777 970 993 1032 λεπτοῖς
1021 971 1132 1033 τοῖς
1164 968 1373 1032 ὀστέοις
1399 968 1727 1038 περίκειται,

153 1059 244 1110 καὶ
268 1057 508 1128 πιμελῆς
537 1057 631 1111 καὶ
658 1058 878 1128 σαρκῶν
911 1057 1015 1110 ὑπὸ
1053 1057 1162 1112 τῶν
1190 1058 1366 1111 πόνων
1392 1055 1732 1127 δαπανηθέν-

145 1167 270 1202 των.
307 1151 351 1201 Π
359 1149 612 1220 ρὸκειται
632 1148 688 1203 δὲ
713 1151 848 1202 πᾶσι
878 1151 990 1212 τοῖς
1016 1149 1147 1220 ὁρᾷν
1174 1149 1342 1218 αὐτὴν
1369 1147 1730 1218 βουλομένοις,

148 1241 240 1294 καὶ
267 1241 527 1311 ἀνδράσι,
561 1241 657 1294 καὶ
708 1239 975 1308 γυναιξὶν,
1025 1239 1149 1294 οὕτε
1185 1240 1368 1310 ὁρῶσα
1420 1239 1732 1309 πρόσωπον,

147 1333 269 1386 οὔτε
290 1334 384 1385 ἐτὲ
396 1350 472 1404 ρῳ
501 1332 820 1404 προτιθεῑσα
845 1330 1133 1400 πρόσωπον
1153 1345 1166 1360 ·
1198 1329 1312 1384 ἀλλ’
1361 1329 1602 1400 ἀκριϐῶς
1639 1328 1736 1398 μέν

151 1424 232 1496 τῷ
265 1423 604 1496 περιϐολαίῳ
634 1421 1043 1492 καλυπτομένη,
1074 1421 1236 1493 μέχρι
1259 1437 1320 1474 τε
1353 1421 1462 1474 τῶν
1495 1420 1738 1488 γονάτων

160 1514 691 1585 κατακαμπτομένη.
723 1513 910 1567 Λεπτά
943 1512 998 1566 δὲ
1030 1511 1147 1565 λίαν
1175 1511 1272 1564 καὶ
1300 1510 1490 1580 ἄσημα
1511 1509 1741 1578 φθεγγο-

161 1606 322 1676 μένη,
368 1604 506 1676 μετὰ
535 1604 781 1676 δακρύων
814 1604 869 1657 δὲ
904 1605 992 1658 ἀεί
1014 1602 1087 1656 τὰ
1123 1601 1394 1672 λεγόμενα
1431 1600 1741 1671 προφέρου-

161 1715 248 1753 σα.
292 1697 554 1762 Πολλάκις
578 1697 686 1768 γάρ
719 1713 818 1766 μου
854 1693 1092 1749 λαϐοῦσα
1121 1693 1220 1764 τὴν
1257 1693 1458 1760 δεξιὰν,
1501 1692 1596 1744 κοιλ¹
1627 1693 1741 1754 τοῖς

1827 510 2338 578 penderentucibus
2358 524 2522 581 porro
2550 509 2629 564 illi
2645 516 2729 565 est
2757 509 2876 566 lens
2901 523 3043 580 aqua
3067 510 3393 566 madefacta.

1827 599 2204 670 Lahoremque
2237 600 2382 656 hunc
2416 608 2591 656 totum
2619 600 2878 666 sustinet,
2915 615 3038 655 cum
3073 616 3305 672 corpore
3326 603 3399 656 sit

1826 692 2114 754 exhausto,
2139 708 2203 746 ac
2233 693 2615 749 semimortua.
2650 691 3002 749 Tennissima
3047 695 3194 748 enim
3230 694 3396 759 cutis,

1827 789 1882 836 et
1909 781 2238 836 membranae
2295 781 2518 846 similis,
2570 783 2799 837 tenuia‘
2849 797 2979 839 ossa
3029 785 3397 853 circumtegit,

1829 873 1990 942 adipe
2024 887 2302 942 caraeque
2333 887 2428 942 per
2454 874 2676 929 labores
2725 875 3089 945 consumptis.
3145 875 3398 930 Omnium

1831 971 2012 1017 autem
2054 963 2231 1018 oculis
2265 961 2515 1033 exposita
2572 969 2658 1018 est
2717 965 2813 1032 qui
2874 964 3195 1033 conspicere
3251 965 3398 1018 illam

1831 1055 2042 1119 volunt,
2080 1064 2191 1109 tum
2225 1054 2377 1117 viris,
2410 1062 2524 1109 tum
2554 1053 2794 1119 feminis,
2843 1069 2946 1108 nec
2987 1054 3179 1110 faciem
3231 1057 3402 1112 ullius

1833 1147 2112 1216 aspiciens
2132 1147 2272 1216 ipsa,
2293 1160 2394 1202 nec
2419 1145 2609 1202 faciem
2635 1145 2728 1201 ulli
2747 1145 3098 1215 spectandam
3119 1146 3400 1216 prabens:

1835 1239 1928 1293 sed
1968 1239 2168 1293 amictu
2197 1240 2416 1309 penitus
2445 1245 2697 1294 contecta
2722 1279 2738 1304 ,
2771 1245 2826 1296 et
2871 1237 2950 1292 ad=
2998 1252 3176 1309 genua
3230 1253 3405 1309 usque

1836 1331 2152 1393 incurvata.
2187 1331 2533 1387 Exiliautem
2591 1329 2887 1385 admodum
2936 1345 3073 1386 voce
3126 1345 3228 1386 nec
3273 1333 3408 1386 satis

1835 1438 2100 1492 expressa
2133 1424 2387 1492 loquens,
2422 1436 2547 1478 cum
2578 1422 2838 1494 lacrymis
2863 1435 3082 1493 semper
3139 1423 3407 1493 loquitur.

1841 1515 1996 1585 Saepe
2019 1515 2163 1569 enim
2193 1514 2472 1570 dexteram
2503 1528 2678 1568 meam
2723 1513 3086 1584 prehendens,
3131 1522 3190 1567 et
3234 1513 3410 1568 oculis

1840 1605 1961 1660 suis
1988 1604 2306 1668 admovens,
2335 1603 2418 1659 sic
2441 1602 2804 1659 madefactam
2827 1603 3064 1670 dimisit,
3124 1609 3184 1657 ut
3232 1603 3410 1674 lacry-

1845 1710 1964 1751 mas
1983 1709 2178 1750 manus
2211 1696 2329 1764 ipsa
2356 1694 2609 1751 stillaret.
2653 1693 2784 1748 Eam
2839 1693 3026 1763 igitur,
3062 1708 3184 1764 quae
3244 1695 3411 1750 tantis

155 1788 458 1858 ὀφθαλμοῖς
491 1787 759 1852 ἐπιθεῖσα,
792 1787 934 1840 οὕτω
961 1786 1249 1858 διάϐροχον
1281 1783 1582 1854 γενομένην
1601 1784 1742 1852 ἀφῆ-

1850 1785 2344 1856 ahundansopihus
2393 1785 2772 1855 philosophias,
2834 1784 3061 1855 perinde
3111 1795 3168 1839 ut
3220 1787 3312 1854 qui
3355 1787 3420 1841 in.

154 1896 274 1944 κεν,
306 1879 384 1942 ὡς
415 1879 582 1948 αὐτὴν
611 1878 912 1944 ἀποστάξαι
941 1878 1039 1948 τὴν
1063 1879 1218 1948 χεῖρα
1238 1876 1298 1929 τὸ
1325 1877 1578 1946 δάκρυον.
1631 1871 1741 1944 Τὴν

151 1967 249 2026 οὖν
284 1973 344 2025 ἐν
378 1971 618 2042 τοσούτῳ
671 1970 887 2040 πλούτῳ
932 1969 1250 2038 φιλοσοφίας
1291 1971 1402 2029 τοῖς
1434 1969 1490 2020 ἐν
1539 1964 1740 2036 ἐσχάτῃ

154 2063 295 2130 ζῶσι
322 2065 486 2135 πενίᾳ
515 2063 916 2134 παραπλησίως
955 2061 1320 2133 δακρύουσαν,
1359 2059 1454 2112 κοιλ⁸
1483 2057 1744 2128 ὀλοφυρο-

155 2155 354 2228 μένην,
379 2157 474 2210 καὶ
505 2156 818 2220 στένουσαν,
851 2156 1002 2219 ποῖος
1027 2153 1092 2207 ἂν
1127 2152 1294 2218 ἀξίως
1322 2150 1625 2204 ἐπαινέσειε
1651 2147 1743 2202 λό-

61 2297 68 2304 ,
151 2264 254 2316 γος
277 2265 292 2313 ;
337 2247 395 2302 Ὀ
417 2246 525 2319 γὰρ
554 2246 754 2320 θερμὸς
778 2245 910 2316 περὶ
937 2245 1028 2299 τὸν
1050 2245 1183 2298 Θεὸν
1205 2243 1344 2316 ἔρως
1368 2244 1544 2296 ἐκεῖνο
1571 2241 1743 2295 τίκτει

153 2338 220 2390 τὸ
254 2337 530 2410 δάκρυον,
586 2339 666 2402 εἰς
716 2339 818 2406 τὴν
861 2336 1012 2390 Θείαν
1048 2335 1283 2407 θεωρίαν
1318 2331 1608 2404 πυρσεύων
1651 2333 1745 2386 τὸν

153 2428 309 2492 νοῦν,
353 2429 445 2482 καὶ
476 2430 596 2492 ταῖς
634 2429 816 2482 ἀκτῖσι
857 2427 1084 2492 νύττων,
1117 2427 1212 2481 καὶ
1237 2428 1318 2490 είς
1359 2425 1457 2497 τὴν
1495 2425 1746 2480 ἐντεῦθεν

150 2519 506 2590 κατεπείγων
539 2519 854 2590 μετάϐασιν.
892 2520 1003 2573 Καὶ
1032 2521 1090 2573 ἐν
1117 2517 1329 2582 τούτοις
1354 2517 1412 2571 δὲ
1449 2516 1746 2588 διημερεύ-

146 2611 293 2665 ουσά
333 2628 395 2664 τε
437 2611 531 2664 καὶ
572 2610 1088 2681 διανυκτερεύουσα,
1121 2609 1244 2663 οὐδὲ
1282 2608 1392 2662 τῶν
1445 2607 1622 2662 ἄλλων
1647 2607 1746 2678 τῆς

145 2700 368 2773 ἀρετῆς
399 2701 554 2754 είδῶν
580 2701 808 2772 ἀμελεῖ·
843 2700 981 2755 ἀλλὰ
1019 2690 1313 2768 θεραπεύει
1342 2699 1441 2770 μὲν
1471 2701 1550 2761 είς
1589 2696 1748 2751 δύνα-

144 2810 246 2862 μιν
275 2793 414 2856 τοὺς
442 2793 700 2863 ἀρίστους
731 2793 1038 2862 ἀγωνιστὰς
1058 2833 1073 2858 ,
1128 2784 1204 2846 ῶν
1232 2789 1610 2862 ἐμνήσθημεν,
1653 2790 1748 2842 καὶ

142 2881 242 2947 οὓς
286 2883 689 2956 παρελίπομεν.
723 2883 1027 2955 Θεραπεύει
1055 2883 1112 2938 δὲ
1142 2881 1384 2945 καὶτοὺς
1413 2881 1549 2952 πρὸς
1580 2879 1747 2950 αὐτὴν

143 2972 618 3044 ἀφικνουμένους,
649 2973 985 3044 κατάγεσθαι
1014 2973 1114 3045 μὲν
1144 2971 1299 3046 ,παρὰ
1325 2971 1402 3045 τῷ
1429 2974 1525 3042 τῆς
1555 2969 1748 3044 κώμης

145 3063 390 3135 ποιμένι
425 3065 742 3131 κελεύουσα,
777 3065 914 3136 αὐτὴ
944 3065 1000 3119 δέ
1034 3065 1135 3129 τὰς
1174 3065 1361 3136 χρείας
1405 3065 1624 3127 ἁπάσας
1656 3064 1748 3116 ἐκ-

1841 1892 2059 1932 summa
2085 1886 2326 1947 egestate
2358 1878 2565 1941 vivunt,
2617 1877 2975 1948 lacrymatur,
3025 1885 3082 1932 et
3128 1877 3297 1948 luget,
3348 1891 3423 1932 ac-

1842 1967 2192 2039 ingemiscit,
2265 1983 2512 2040 quaenam
2573 1984 2674 2042 pro
2722 1971 2918 2026 merito
2968 1971 3194 2026 laudare
3241 1971 3415 2040 possit

1841 2061 2066 2116 oratio?
2095 2061 2310 2118 Ardeas
2340 2063 2487 2117 enim
2520 2063 2576 2118 in
2613 2063 2782 2119 Deum
2822 2077 2978 2117 amor
3008 2063 3110 2119 has
3145 2063 3288 2133 parit
3340 2063 3418 2117 la-

1842 2167 2082 2225 crymas,
2117 2165 2352 2209 mentem
2379 2154 2444 2209 ad
2479 2154 2719 2211 divinam
2753 2156 3060 2211 accendens
3080 2155 3418 2226 contempla-

1842 2245 2069 2310 tionem,
2111 2247 2459 2316 stimulisque
2487 2261 2753 2318 pungens,
2787 2255 2843 2301 et
2865 2258 3067 2317 urgens
3101 2257 3160 2301 ut
3189 2262 3257 2300 ex
3312 2247 3418 2299 hac

1852 2335 1964 2392 vita
2006 2336 2258 2392 excedat.
2293 2337 2482 2408 Neque
2512 2353 2662 2405 vero,
2681 2338 2809 2393 dum
2847 2339 2902 2393 in
2931 2339 3019 2394 his
3055 2339 3174 2395 dies
3201 2347 3419 2396 noctes-

1843 2442 1950 2496 que
1980 2443 2040 2482 se
2071 2434 2312 2492 exercet,
2336 2427 2442 2480 alia
2479 2427 2742 2482 virtutum
2765 2442 2968 2498 genera
3013 2429 3247 2499 negligit
3279 2447 3292 2484 :
3322 2429 3419 2484 sed

1844 2532 2033 2572 curam
2069 2532 2167 2586 pro
2203 2516 2417 2573 viribus
2451 2516 2594 2587 gerit
2619 2518 3203 2587 praestantissimorum
3241 2520 3419 2574 athle-

1844 2617 2045 2672 tarum,
2075 2623 2306 2678 quorum
2362 2609 2692 2664 mentionem
2731 2608 2978 2670 fecimus.
3020 2617 3074 2665 et
3114 2626 3256 2680 quos
3279 2625 3414 2679 prae-

1845 2702 2208 2757 termisimus.
2232 2700 2434 2755 Curam
2463 2715 2652 2756 eorum
2679 2715 2898 2772 quoque
2918 2701 3080 2772 gerit,
3098 2701 3192 2771 qui
3212 2703 3276 2756 ad
3303 2702 3423 2756 illos

1845 2792 2092 2857 veniunt,
2122 2791 2265 2861 apud
2301 2790 2406 2846 vici
2449 2798 2727 2862 pastorem
2767 2791 3037 2848 diversari
3071 2807 3168 2848 eos
3197 2793 3421 2863 iubens,

1846 2893 1901 2940 et
1928 2884 2112 2939 omnia
2143 2884 2253 2939 illis
2283 2882 2590 2939 necessaria
2625 2881 2981 2938 submittens.
3015 2881 3224 2939 Praesto
3274 2883 3424 2938 enim

1849 2977 1928 3032 illi
1969 2984 2097 3033 sunt
2123 2974 2190 3031 ad
2225 2982 2476 3046 sumptus
2499 2973 2778 3030 faciendos
2831 2975 3028 3030 matris
3085 2974 3428 3046 fratrumque

1851 3069 2160 3132 facultates,
2181 3081 2303 3138 qua:
2327 3082 2421 3138 per
2453 3065 2666 3138 1293
2701 3081 2821 3122 eam
2845 3066 3286 3123 benedictionem
3333 3082 3427 3123 ac-

148 3156 486 3226 ⁸πέμπουσα.
529 3155 821 3227 Πρόκειται
852 3155 960 3228 γὰρ
990 3156 1128 3227 αὐτῇ
1180 3157 1250 3210 τὰ
1273 3155 1372 3227 τῆς
1415 3158 1619 3226 μητρὸς
1653 3155 1747 3209 καὶ

1851 3159 2082 3230 cipiunt.
2115 3157 2260 3225 Quin
2296 3166 2351 3214 et
2377 3159 2509 3214 mihi
2538 3160 2726 3223 etiam,
2749 3172 2877 3213 cum
2939 3157 3009 3213 ad
3045 3174 3166 3214 eain
3215 3167 3426 3230 partem

147 3247 267 3303 τῶν
315 3247 567 3319 ἀδελφῶν
608 3251 690 3315 είς
719 3251 988 3321 δαπάνην,
1039 3250 1137 3321 τὴν
1185 3249 1252 3303 δι’
1277 3251 1447 3320 αὐτῆς
1497 3249 1748 3318 εὐλογίαν

149 3339 547 3412 καρπούμενα.
582 3339 780 3412 Κάμοῦ
814 3341 870 3394 δὲ
901 3343 981 3406 είς
1019 3339 1194 3397 ἐκεῖνο
1221 3341 1281 3394 τὸ
1305 3342 1468 3414 μέρος
1490 3344 1751 3412 ἀφικνου-

155 3430 362 3499 μένου,
389 3430 448 3484 τὸ
470 3433 643 3486 νότιον
665 3433 719 3487 δὲ
745 3434 844 3504 τῆς
871 3433 1142 3506 ἡμετέρας
1165 3432 1349 3504 χώρας
1375 3436 1510 3499 ἐστὶ,
1537 3435 1630 3489 καὶ
1651 3433 1755 3507 ἄρ-

148 3537 317 3584 τους,
351 3519 442 3573 καὶ
471 3521 712 3591 ὀπώρας,
741 3522 836 3576 καὶ
867 3523 957 3575 τὸν
983 3523 1270 3594 διάϐροχον
1312 3522 1522 3594 πέμπει
1554 3523 1748 3592 φακόν.

165 3611 345 3666 Ἀλλὰ
378 3613 538 3682 μέχρι
571 3613 697 3666 πότε
730 3613 983 3684 μηκύνων
1020 3614 1226 3700 ταύτης
1256 3613 1355 3685 τὴν
1379 3614 1582 3686 ἀρετὴν
1610 3615 1752 3670 ᾶπα-

153 3723 268 3760 σαν
309 3703 610 3774 διηγεῖσθαι
655 3704 963 3773 φιλονεικῶ,
1013 3703 1131 3756 δέον
1160 3705 1254 3758 καὶ
1304 3703 1414 3757 τῶν
1454 3703 1628 3758 ἄλλων
1671 3707 1752 3770 είς

157 3793 339 3866 μέσον
371 3792 683 3864 προτιθέναι
715 3791 804 3846 τὸν
833 3791 965 3862 βίον,
992 3791 1048 3844 αἶ
1095 3793 1190 3845 καὶ
1234 3792 1459 3864 ταύτην,
1495 3794 1752 3858 κάκείνας

152 3881 238 3940 ὧν
266 3883 504 3956 πρόσθεν
532 3885 830 3958 ἐμνήσθην,
872 3885 1239 3956 ὲμιμήσαντο;
1287 3883 1486 3939 Πολλαὶ
1517 3885 1625 3956 γὰρ
1661 3885 1754 3938 καὶ

154 3979 349 4044 ἄλλαι,
382 3977 437 4030 αἳ
467 3977 564 4048 μὲν
593 3978 686 4032 τὸν
718 3977 1004 4050 μοναδικὸν
1048 3976 1368 4048 ἠσπάσαντο
1417 3976 1532 4049 βίον
1553 4021 1567 4043 ,
1613 3979 1669 4030 αἳ
1697 3973 1754 4030 δὲ

153 4070 269 4140 τὴν
303 4072 436 4139 μετὰ
458 4073 716 4126 πλειόνων
745 4073 1038 4145 ἠγάπησαν
1079 4071 1374 4136 πολιτείαν,
1407 4073 1480 4134 ὼς
1503 4073 1595 4123 καὶ
1630 4087 1756 4122 πεν-

153 4161 410 4230 τήκοντα
439 4163 532 4214 καὶ
577 4163 875 4228 διακοσίας,
912 4165 1006 4216 καὶ
1057 4163 1294 4223 πλείους,
1353 4163 1448 4214 καὶ
1498 4161 1754 4223 ἐλάττους

157 4250 315 4304 κατὰ
341 4251 534 4303 ταυτὸν
569 4247 856 4321 βιοτεύειν,
889 4251 1018 4321 μιᾶς
1041 4249 1374 4320 άνεχομένας
1405 4251 1633 4321 τροφῆς,
1665 4251 1757 4306 ἐπὶ

155 4343 385 4415 quaiva
421 4343 580 4412 μόνον
627 4339 908 4396 καθεύδειν
959 4341 1332 4410 αἱρουμένας,
1381 4342 1476 4396 καὶ
1522 4343 1621 4403 τὰς
1657 4341 1757 4412 μὲν

158 4439 364 4511 χεῖρας
417 4435 798 4508 ἀπονεμούσας
844 4434 995 4507 ἐρίῳ,
1051 4432 1242 4506 ὕμνοις
1274 4433 1332 4487 δὲ
1359 4433 1460 4504 τὴν
1509 4433 1754 4504 γλῶτταν
1788 4457 1836 4514 θ

157 4527 529 4600 ἀφιερούσας.

248 4621 435 4692 Μυρία
459 4621 513 4674 δὲ
535 4619 760 4673 τοιαῦτα
789 4615 882 4673 καὶ
919 4615 1153 4691 ἀριθμὸν
1175 4615 1413 4674 νικῶντα
1441 4615 1756 4689 φιλοσοφίας

161 4713 298 4766 ἐστὶ
330 4715 742 4786 φροντιστήρια,
767 4713 865 4764 οὐκ
892 4711 949 4764 ἐν
968 4711 1033 4782 τῇ
1062 4710 1309 4783 ἡμετέρᾳ
1328 4711 1383 4763 δὲ
1417 4711 1595 4781 μόνον,
1624 4710 1759 4764 ἀλλὰ

162 4803 275 4858 καὶ
312 4804 452 4858 κατὰ
475 4805 656 4859 πᾶσαν
688 4803 788 4874 τὴν
814 4802 948 4857 Ἕω.
979 4803 1198 4873 Πλήρης
1227 4801 1283 4854 δὲ
1304 4800 1507 4854 τούτων
1530 4803 1623 4854 καὶ
1645 4801 1757 4856 Πα-

163 4895 448 4968 λαιστίνη,
479 4897 571 4950 καὶ
604 4895 897 4962 Αἴγυπτος,
931 4893 1026 4946 καὶ
1071 4893 1248 4957 Ἀσία,
1290 4893 1382 4946 καὶ
1407 4893 1624 4958 Πόντος,
1665 4893 1758 4948 καὶ

163 4985 418 5060 Εὐρώπη
456 4991 624 5042 πᾶσα.
670 4986 757 5054 Ἐξ
791 4979 851 5039 οὗ
883 4985 993 5057 γὰρ
1020 4986 1048 5037 ὁ
1071 4985 1346 5055 Δεσπότης
1389 4986 1622 5055 Χριστὸς
1661 4986 1760 5056 τὴν

171 5077 491 5148 Παρθενίαν
527 5079 784 5149 ἐτίμησεν
806 5077 911 5131 ὑπὸ
943 5075 1212 5152 παρθένου
1243 5071 1474 5146 τεχθεὶς,
1507 5077 1632 5140 τοὺς
1662 5075 1760 5148 τῆς

166 5169 477 5239 παρθενίας
497 5171 769 5241 λειμῶνας
791 5174 824 5243 ἡ
850 5172 1011 5242 φύσις
1039 5171 1358 5242 ἐϐλάστησε,
1379 5171 1472 5224 καὶ
1495 5172 1562 5225 τὰ
1584 5169 1757 5243 εὐώδη

169 5260 358 5314 ταῦτα
388 5261 480 5313 καὶ
503 5261 794 5332 ἀμάραντα
817 5264 953 5334 ἄνθη
977 5263 1277 5334 προσφέρει
1304 5262 1379 5334 τῷ
1413 5266 1633 5333 ποιητῇ,
1659 5263 1760 5315 οὐκ

171 5356 264 5415 εἰς
293 5354 462 5423 άρρεν
494 5354 586 5404 καὶ
613 5351 747 5422 θῆλυ
780 5355 878 5424 τὴν
907 5355 1108 5426 ἀρετὴν
1136 5354 1501 5426 διακρίνουσα,
1528 5355 1650 5406 οὐδὲ
1681 5354 1759 5414 εἰς

172 5450 279 5502 δύο
316 5446 578 5517 διαφορὰς
618 5449 716 5515 τὴν
762 5446 1079 5515 φιλοσοφίαν
1121 5445 1445 5518 μερίζουσα·
1493 5445 1760 5514 σωμάτων

175 5539 316 5612 γὰρ,
347 5539 460 5592 ἀλλ’
494 5539 555 5590 ού
587 5535 774 5607 ψυχῶν
806 5537 867 5590 τὸ
897 5538 1170 5608 διάφορον.
1205 5555 1224 5590 t
1270 5539 1358 5591 Ἐν
1397 5538 1506 5608 γὰρ
1543 5533 1762 5607 Χριστῷ

193 5630 376 5697 Ἰησοῦ
401 5673 415 5694 ,
463 5629 604 5684 κατὰ
634 5629 722 5681 τὸν
763 5629 906 5682 θεῖον
947 5630 1286 5692 Ἀπόστολον,
1335 5627 1434 5681 οὐκ
1468 5627 1546 5681 ἐνι
1597 5629 1763 5696 ἄρσεν

179 5721 283 5776 καὶ
316 5717 487 5789 θῆλυ*
535 5737 552 5768 ι
602 5717 701 5787 μία
731 5717 787 5770 δέ
824 5718 916 5770 καὶ
957 5717 1180 5792 ἀνδράσι
1213 5717 1302 5772 καὶ
1344 5717 1554 5785 γυναιξὶ
1606 5734 1761 5788 κεχο-

1849 3250 2036 3318 venio,
2079 3265 2199 3322 qua
2219 3251 2429 3323 regioni
2477 3259 2681 3308 nostra
2709 3249 2779 3307 ad
2815 3257 3064 3306 austrum
3091 3250 3198 3306 sita
3245 3258 3348 3316 est,
3373 3259 3430 3326 et

1849 3355 2045 3413 panes,
2091 3349 2145 3396 et
2179 3340 2415 3408 fructus,
2452 3349 2507 3396 et
2554 3341 2758 3396 lentem
2800 3339 3170 3396 madefactam
3228 3341 3422 3397 mittit.

1854 3433 1960 3488 Sed
1979 3447 2268 3504 quousque
2305 3432 2520 3488 tandem
2546 3432 2861 3488 orationem
2889 3431 3196 3504 producens
3211 3447 3426 3488 omnem

1852 3528 1972 3600 ejus
2019 3528 2274 3583 virtutem
2333 3541 2611 3598 exponere
2656 3525 2952 3590 contendo,
3014 3541 3141 3580 cum
3195 3525 3427 3578 aliarum

1853 3634 2069 3690 quoque
2096 3617 2262 3672 vitam
2285 3617 2341 3672 in
2377 3608 2614 3671 medium
2652 3614 2900 3686 proferre
2946 3614 3255 3680 conveniat,
3308 3629 3430 3683 qua:

1853 3711 2062 3768 ethanc
2087 3723 2142 3766 et
2160 3709 2281 3764 illas
2321 3723 2555 3779 quarum
2587 3707 2740 3777 prius
2775 3705 3146 3769 meminimus,
3206 3704 3431 3758 imitata

1855 3803 2022 3858 sunt?
2044 3801 2221 3857 Multa:
2247 3799 2517 3872 siquidem
2540 3798 2680 3864 aliae,
2707 3798 2903 3870 partim
2931 3795 3236 3852 solitariam
3264 3795 3443 3849 vitam-

1856 3901 1984 3950 snnt
2017 3893 2296 3964 amplexae,
2323 3892 2521 3963 partim
2553 3889 2760 3946 versari
2787 3903 2912 3944 cum
2939 3887 3190 3958 pluribus
3221 3887 3428 3940 malue-

1857 3994 2005 4052 runt,
2065 3985 2138 4040 ita
2197 3993 2256 4036 ut
2324 3982 2575 4038 ducentae
2640 3988 2696 4036 et
2751 3979 3170 4051 quinquaginta,
3224 3991 3317 4031 aut
3366 3991 3449 4030 co-

1857 4076 2042 4146 plures
2102 4072 2458 4142 paucioresve
2483 4086 2590 4126 una
2616 4071 2834 4141 degant,
2855 4085 2962 4124 uno
2977 4070 3102 4124 cibo
3128 4074 3442 4127 vescentes,

1858 4177 2024 4233 super
2046 4162 2241 4216 storeis
2271 4160 2404 4214 solis
2440 4157 2681 4213 dormire
2717 4159 2911 4217 solitae.
2948 4165 3003 4210 et
3035 4169 3230 4208 manus
3295 4153 3423 4222 qui-

1858 4255 1980 4309 dem
2031 4251 2268 4306 lauificio
2323 4249 2680 4317 addicentes,
2737 4248 2980 4319 linguam
3042 4262 3169 4303 vero
3216 4245 3447 4319 hymnis

1860 4351 2276 4400 εοιιεεοτθηιθε.

1934 4613 2164 4673 Exstant
2189 4624 2368 4672 autem
2410 4614 2624 4670 infinita
2671 4627 3072 4681 numerumque
3119 4610 3447 4667 excedentia

1865 4709 2176 4765 istiusmodi
2210 4705 2566 4779 philosophia:
2589 4703 2896 4775 gymnasia,
2935 4717 3043 4757 non
3093 4700 3148 4755 in
3209 4700 3430 4771 regione

1862 4819 2051 4867 nostra
2069 4819 2302 4872 tantum,
2325 4806 2418 4864 sed
2446 4821 2540 4877 per
2560 4812 2732 4861 totum
2750 4802 2912 4858 etiam
2939 4801 3238 4858 Orientem.
3273 4800 3449 4854 Plena-

1865 4904 1986 4961 istis
2020 4913 2073 4959 et
2101 4902 2408 4966 Palaestina,
2443 4909 2499 4956 et
2530 4899 2820 4972 Egyptus,
2847 4905 2902 4953 et
2933 4899 2950 4917 ⁶
2985 4896 3137 4962 Asia,
3182 4907 3236 4950 et
3293 4894 3436 4948 Pon-

1867 5004 1976 5060 tus,
2012 5005 2064 5051 et
2101 4994 2316 5064 EurOpa
2352 4992 2634 5047 universa.
2683 4989 2758 5043 Ex
2819 5003 2929 5058 quo
2983 4986 3136 5042 enim.
3187 4985 3439 5040 Christus

1868 5084 2128 5142 Dominus
2152 5083 2218 5139 (le
2243 5081 2466 5153 Virgine
2494 5094 2727 5136 nascens
2745 5077 3109 5148 virginitatem
3130 5075 3437 5139 honoravit,

1867 5175 2203 5246 virginitatis
2251 5183 2404 5246 prata
2448 5180 2644 5227 natura
2707 5169 2986 5241 produxit,
3041 5174 3095 5222 et
3133 5165 3446 5221 odoriferos

1868 5265 2004 5320 istos
2071 5280 2170 5319 nec
2240 5276 2481 5332 unquam
2545 5268 2954 5314 marcescentes
3010 5254 3172 5311 flores
3227 5254 3438 5325 profert

1868 5355 2140 5421 Creatori,
2169 5354 2589 5424 haudquaquam
2634 5350 2687 5404 in
2723 5348 3028 5404 masculum
3074 5357 3126 5402 et
3183 5345 3437 5401 feminam

1867 5447 2125 5502 virtutem
2163 5445 2526 5514 distinguens,
2574 5454 2752 5508 neque
2804 5438 2857 5491 in
2915 5437 3052 5492 duas
3110 5435 3441 5490 dill’erentias

1867 5538 2112 5608 partiens
2138 5533 2562 5605 philosotihiam.
2587 5531 2895 5600 Corporum
2952 5530 3120 5594 enim,
3165 5545 3272 5584 non
3318 5528 3439 5582 ani-

1871 5642 2084 5681 marum
2131 5637 2214 5680 est
2247 5623 2572 5679 differentia.
2611 5639 2629 5673 ι
2691 5619 2747 5674 In
2814 5619 3038 5676 Christo
3089 5620 3234 5674 enim
3286 5616 3444 5678 Jesu,

1873 5719 2015 5774 sicut
2061 5717 2276 5773 divinus
2313 5717 2391 5771 ait
2438 5712 2758 5786 Apostolus,
2829 5726 2935 5770 non
2993 5719 3076 5768 est
3141 5711 3465 5772 masculum-
