3898 6196
296 190 443 262 1497

311 349 686 373 Wu-

1326 197 1607 257 ORATIO
1663 197 1761 257 DE
1802 198 2067 259 DIVINA
2108 195 2560 256 ClIARlTATE.

3447 193 3580 257 1.198

638 535 986 669 ΤΟΥ
1097 526 1979 666 ΜΑΚΑΡΙΟΥ
2085 529 3258 665 ΘΕΟΔΩΡΗΤΟΥ

1608 765 2008 820 ΕΠΙΣΚΟΠΟΥ
2049 764 2289 819 ΚΥΡΟΥ
2363 791 2366 800 ·

687 932 1054 1023 ΛΟΓΟΣ
1128 932 1386 1018 ΠΕΡΙ
1441 929 1658 1015 ΤΗΣ
1708 927 2038 1016 ΘΕΙΑΣ
2111 927 2306 1013 ΚΑΙ
2350 917 2669 1010 ΑΓΙᾹΣ
2727 919 3206 1012 ΑΓΑΠΗΣ.

1886 1137 1958 1160 τ’

1240 1307 1653 1421 BEATI
1719 1305 2638 1420 THEODORETI

1621 1523 1926 1582 EPISCOPI
1959 1522 2306 1581 CYRENSIS

439 1705 894 1804 ORATIO
1031 1703 1177 1793 DE
1317 1700 1741 1795 DlVlNA
1881 1699 2032 1788 ET

1882 1915 1950 1931 υ-

2144 1699 2585 1790 SANCTA
2721 1699 3440 1791 CHARITATE.

386 2055 598 2109 Ἦλίκοι
632 2053 730 2124 μὲν
759 2055 807 2106 οί
835 2051 934 2122 τῆς
966 2049 1172 2122 ἀρετῆς
1203 2046 1459 2118 ἀθληταὶ,
1494 2046 1589 2099 καὶ
1616 2047 1763 2108 ὅσοις
1797 2043 1884 2098 καὶ

2069 2044 2286 2116 1296
2331 2045 2533 2112 Quanti
2585 2047 2698 2102 sint
2747 2048 2964 2104 virtutis
2995 2052 3243 2116 athletze,
3301 2061 3356 2108 et
3405 2070 3566 2123 quam

297 2149 441 2212 οἵοις
489 2147 776 2214 στεφάνοις
813 2141 1228 2214 λαμπρύνονται
1255 2181 1270 2206 ,
1301 2137 1488 2208 σαφῶς
1535 2136 1779 2190 διδάσκει
1812 2134 1882 2188 τὰ

299 2239 439 2310 περὶ
475 2237 656 2290 αὐτῶν
693 2234 1080 2305 συγγραφέντα
1121 2235 1254 2304 ἡμῖν
1299 2231 1635 2300 διηγήματα.
1675 2227 1741 2281 El
1773 2227 1884 2296 γὰρ

297 2329 404 2384 καὶ
447 2329 522 2400 μή
560 2329 770 2390 πάντας
804 2326 987 2379 αὐτῶν
1030 2325 1276 2396 περιέχει
1324 2325 1452 2385 τοὺς
1502 2320 1731 2382 ἄθλους,
1767 2317 1884 2372 ἀλλ’

294 2420 524 2491 ἀπόχρη
564 2419 660 2472 καὶ
700 2417 770 2472 τὰ
818 2418 974 2484 ὀλίγα
1026 2415 1228 2480 παντὸς
1272 2415 1366 2468 τοῦ
1413 2413 1529 2484 βίου
1573 2411 1743 2476 δεῖξαι
1790 2409 1884 2462 τὸν

293 2513 657 2584 χαρακτῆρα.
705 2509 819 2564 Καὶ
865 2509 975 2580 γὰρ
1029 2509 1120 2562 τὸν
1152 2507 1352 2578 χρυσὸν
1397 2507 1494 2576 οὐχ
1541 2505 1758 2558 ἅπαντα
1789 2502 1883 2557 τὸν

299 2602 764 2675 προσφερόμενον
805 2599 1104 2653 δαπανῶσα
1149 2597 1380 2669 ήλίθος,
1417 2595 1536 2649 ἀλλ’
1579 2593 1747 2664 ὀλίγῳ
1776 2592 1884 2645 τινὶ

290 2693 748 2766 προστριϐομένη
799 2691 1096 2762 δόκιμονῆ
1151 2690 1406 2760 ἀδόκιμον
1463 2687 1744 2740 δείκνυσιο
1786 2684 1883 2737 καὶ

291 2789 398 2842 τὸν
423 2785 651 2858 τοξότην
679 2785 737 2839 δὲ
764 2783 1028 2845 ὡσαύτως
1058 2781 1118 2846 ἐξ
1143 2781 1340 2850 ὀλίγων
1370 2778 1687 2850 ἀφιεμένων
1713 2773 1883 2846 βελῶν

293 2877 617 2948 καταμάθοι
641 2877 706 2930 ἄν
731 2893 814 2938 τις
842 2873 1108 2945 ἀκριϐῶς,
1133 2871 1244 2925 εῐτε
1278 2872 1477 2942 ἄριστα
1502 2868 1711 2933 τοξεύοι
1740 2866 1884 2921 κατά

299 2971 516 3026 σκοποῦ
572 2969 817 3040 βάλλων,
881 2966 995 3018 εἴτε
1045 2965 1151 3030 ἔξω
1201 2964 1458 3032 φέροιτο,
1525 2960 1628 3032 τὴν
1682 2960 1882 3030 τέχνην

295 3065 408 3118 οὐκ
436 3061 770 3133 ἠσκημένος.
807 3057 962 3111 Οὕτω
990 3057 1084 3109 καὶ
1110 3056 1236 3118 τοὺς
1268 3053 1462 3116 ἄλλους
1492 3051 1762 3123 τεχνίτας,
1794 3051 1881 3104 ἵνα

300 3155 386 3230 μὴ
426 3153 549 3208 καθ’
575 3153 808 3205 ἕκαστον
839 3148 1002 3216 λέγω,
1035 3146 1260 3200 δυνατὸν
1287 3144 1601 3212 διαγνῶναι,
1636 3144 1730 3198 καὶ
1755 3143 1880 3214 δρο-

302 3245 483 3317 μέας,
525 3243 621 3296 καὶ
668 3239 982 3312 τραγῳδίας
1027 3237 1358 3308 ὑποκριτὰς,
1393 3237 1488 3289 καὶ
1515 3234 1877 3306 κυϐερνήτας,

1986 2139 2176 2192 multis
2212 2138 2583 2209 qualibusque
2614 2141 2836 2196 coronis
2863 2141 3139 2214 fulgeant,
3180 2146 3468 2216 perspicue
3501 2146 3569 2201 de

1985 2229 2094 2284 illis
2125 2230 2363 2285 amabis
2399 2232 2730 2301 conscriptae
2765 2237 3112 2290 narrationes
3142 2237 3338 2291 docent
3389 2257 3402 2291 :
3448 2255 3569 2307 quae

1985 2319 2204 2374 tametsi
2250 2333 2358 2374 non
2389 2329 2590 2376 cuncta
2621 2323 2842 2377 illorum
2877 2326 3198 2379 contineant
3228 2327 3566 2390 certamina,

1985 2411 2264 2467 suﬂiciunt
2296 2427 2430 2468 sane
2477 2414 2563 2473 vel
2614 2428 2789 2485 pauca
2827 2414 2894 2469 ad
2931 2418 3100 2471 totius
3131 2418 3255 2472 vitae
3292 2419 3560 2473 rationem
3647 2447 3660 2460 ς

1985 2502 2331 2575 formamque
2388 2506 2902 2562 demonstrandam.
2961 2508 3172 2563 Etenim
3234 2525 3344 2564 non
3406 2525 3568 2564 omne

1985 2610 2179 2650 aurum
2217 2597 2440 2650 allatum
2476 2598 2755 2653 consumit
2782 2599 2921 2669 lapis
2953 2598 3157 2670 Lydius
3177 2641 3190 2664 ,
3221 2601 3314 2654 sed
3344 2617 3566 2670 parvam

1983 2687 2280 2757 quamdam
2328 2697 2537 2758 partem
2582 2689 2712 2743 dum
2765 2692 2986 2757 atterit,
3035 2692 3337 2761 probumne
3385 2693 3457 2747 sit
3499 2710 3566 2746 an

1984 2778 2352 2834 adulterinum
2434 2779 2798 2836 demonstrat.
2894 2783 3138 2853 Itemque
3222 2783 3569 2853 sagittarium

1983 2871 2256 2942 quispiam
2305 2887 2374 2926 ex
2427 2875 2619 2943 paucis
2663 2875 2788 2928 telis
2837 2875 3057 2931 emissis
3099 2885 3361 2930 accurate
3408 2893 3569 2932 nosse

1983 2965 2262 3035 potuerit,
2327 2980 2425 3021 seu
2480 2966 2624 3021 bene
2673 2967 2891 3022 emittat
2949 2968 3181 3040 sagittas
3233 2968 3288 3022 in
3339 2963 3568 3037 sco‘pum

1983 3057 2228 3124 dirigens
2254 3098 2268 3119 ,
2319 3072 2416 3112 seu
2455 3071 2485 3111 a
2519 3071 2690 3127 scopo
2725 3059 2942 3114 aberret
2970 3057 3023 3112 in
3053 3067 3172 3114 arte
3212 3075 3319 3114 non
3353 3061 3568 3114 excrci-

1992 3157 2162 3204 tatus.
2195 3148 2458 3203 Eumdem
2489 3150 2654 3204 etiam
2687 3150 2741 3204 in
2794 3151 3016 3205 modum
3071 3152 3254 3207 caeteri
3287 3153 3528 3205 artiﬁces
3553 3192 3568 3215 ,

1987 3255 2055 3296 ne
2081 3239 2149 3296 de
2184 3239 2419 3311 singulis
2451 3239 2635 3296 dicere
2668 3241 2739 3296 sit
2768 3255 2928 3311 Opus,
2965 3243 3253 3312 explorare
3278 3243 3439 3298 facile
3486 3253 3572 3298 est

301 3337 402 3392 καὶ
429 3335 766 3404 ναυπηγοὺς,
791 3332 884 3384 καὶ
917 3330 1158 3402 ίατροὺς,
1183 3330 1277 3382 καὶ
1305 3329 1598 3399 γηπόνους,
1627 3329 1724 3381 καὶ
1753 3327 1882 3390 τοὺς

1983 3340 2038 3386 et
2081 3331 2314 3402 pugiles,
2347 3339 2402 3386 et
2435 3346 2710 3399 cursores,
2758 3332 2972 3402 1297
3007 3343 3061 3387 et
3105 3334 3391 3404 tragmdia)
3421 3345 3568 3388 acto-

302 3426 500 3488 ἄλλους
527 3423 880 3487 ἁπαξαπλῶς,
907 3423 1020 3474 ὅσοι
1046 3421 1167 3474 τινὰ
1199 3418 1638 3490 μεταχειρίζουσι
1660 3419 1877 3490 τέχνην·

1985 3438 2108 3489 res,
2147 3429 2202 3478 et
2237 3422 2673 3493 gubernatores,
2728 3430 2782 3478 et
2816 3425 3040 3478 navium
3077 3424 3470 3486 fabricatores,
3517 3437 3566 3474 ιιι

308 3519 472 3588 ίκανὴ
501 3517 611 3585 γὰρ
659 3516 814 3584 ὀλίγη
854 3516 1018 3584 πεῖρα
1067 3513 1303 3567 καὶτῶν
1348 3513 1729 3583 ἐπιστημόνων
1761 3515 1883 3566 ἑπι-

305 3607 478 3677 δεῖξαι
515 3607 612 3678 τὴν
641 3607 859 3677 τέχνην,
890 3607 984 3658 καὶ
1013 3605 1121 3658 τῶν
1146 3605 1372 3676 ὀνόματι
1411 3606 1556 3676 μόνῳ
1585 3606 1882 3677 χρωμένων

305 3702 524 3771 ἐλέγξαι
549 3701 646 3773 τὴν
674 3699 936 3771 ἀμαθίαν.
977 3699 1219 3770 ’Δπόχρη
1255 3699 1455 3764 τοίνυν,
1493 3701 1567 3762 ὼς
1595 3701 1753 3768 ἔφην,
1790 3700 1884 3752 καὶ

305 3793 374 3847 τά
418 3793 572 3862 ὀλίγα
604 3791 987 3862 συγγραφέντα
1019 3790 1127 3842 τῶν
1157 3790 1374 3861 ἑκάστῳ
1411 3790 1879 3862 κατωρθωμένων,

306 3884 487 3936 πᾶσαν
530 3883 737 3948 διδάξαι
782 3881 881 3952 τὴν
923 3881 1018 3934 τοῦ
1057 3880 1171 3951 βίου
1207 3881 1552 3952 προαίρεσιν.
1607 3880 1884 3948 Προσήκει

305 3973 362 4026 δὲ
392 3977 540 4044 ήμᾶς
570 3977 662 4028 ἐπὶ
693 3975 787 4028 τοῦ
821 3974 1108 4045 παρόντος,
1145 3973 1465 4042 ἐρευνῆσαι,
1501 3972 1596 4024 καὶ
1627 3971 1881 4040 ζητῆσαι,

307 4064 402 4117 καὶ
437 4066 776 4134 καταμαθεῖν
822 4065 1104 4135 ἀκριϐῶς,
1161 4061 1326 4114 πόθεν
1365 4061 1676 4131 ὁρμώμενοι
1723 4060 1884 4131 τήνδε

305 4151 405 4218 τὴν
439 4149 712 4202 πολιτείαν
736 4150 1077 4219 ἠσπάσαντο,
1107 4149 1200 4200 καὶ
1235 4148 1411 4210 ποίοις
1440 4147 1712 4220 χρώμενοι
1738 4149 1886 4218 λογι-

310 4243 488 4312 σμοῖς,
515 4242 688 4311 αὐτὴν
738 4240 1037 4294 κατέλαϐον
1077 4241 1176 4311 τῆς
1211 4239 1532 4311 φιλοσοφίας
1582 4243 1683 4314 τὴν
1722 4258 1887 4313 κορυ-

308 4335 416 4406 φήν
439 4349 453 4364 .
485 4335 567 4387 δτι
596 4334 704 4405 γὰρ
739 4333 800 4386 οὐ
831 4336 895 4403 τῇ
927 4331 1086 4405 ῥώμῃ
1116 4332 1448 4406 θαρροῦντες
1480 4333 1576 4388 τοῦ
1609 4335 1881 4405 σώματος,

305 4425 414 4478 τῶν
461 4423 602 4494 ὑπὲρ
632 4423 732 4492 τὴν
778 4423 940 4492 φύσιν
993 4423 1092 4494 τήν
1146 4424 1493 4494 ἀνθρωπείαν
1538 4425 1882 4496 ἠράσθησαν,

305 4519 398 4570 καὶ
430 4518 556 4580 τοὺς
586 4516 756 4587 ταύτῃ
792 4514 1079 4585 κειμένους
1120 4515 1470 4587 ὑπερέϐησαν
1504 4492 1743 4587 νόμουςῖ
1789 4517 1884 4570 καὶ

305 4612 373 4662 τὰ
428 4609 675 4677 παγέντα
719 4610 832 4670 τοῖς
873 4611 973 4678 τῆς
1020 4608 1304 4671 εὐσεϐείας
1349 4609 1675 4676 ἀγωνισταῖς
1716 4609 1883 4680 ὑπερ·

306 4701 586 4772 επήδησαν
610 4700 931 4770 σκάμματα,
969 4699 1143 4770 σαφὴς
1168 4701 1200 4770 ή
1223 4703 1386 4771 πεῖρα
1411 4700 1747 4764 διδάσκαλος.
1777 4701 1883 4753 Οὐ-

305 4792 415 4855 δεὶς
447 4792 552 4862 γὰρ
596 4790 704 4843 τῶν
750 4789 849 4859 τῆς
895 4789 1212 4860 φιλοσοφίας
1244 4791 1447 4861 ταύτης
1479 4792 1748 4864 άμοίρων,
1779 4793 1880 4866 τὴν

299 4882 507 4934 τούτων
543 4880 841 4952 καρτερίαν
889 4880 1201 4948 ἐπεδείξατο
1246 4881 1490 4935 πώποτε.
1532 4884 1596 4937 Et
1642 4885 1749 4956 γὰρ
1785 4886 1881 4938 καὶ

302 4972 547 5039 νίψωνται
584 4972 845 5040 ποιμένες
869 5014 882 5035 ,
915 4972 1028 5026 ἀλλ’
1072 4974 1174 5026 οὐκ
1216 4974 1330 5026 ἀεί’
1379 4977 1471 5026 καὶ
1515 4974 1733 5046 ἄντροις
1769 4978 1880 5047 γὰρ

303 5064 577 5134 χρῶνται,
627 5066 720 5116 καὶ
748 5065 828 5128 είς
860 5065 959 5128 τὰς
999 5064 1176 5128 οἰκίας
1207 5065 1463 5124 ὲπανιᾶσι
1486 5105 1498 5127 ,
1547 5069 1641 5121 καὶ
1677 5069 1873 5139 ὑποδή-

306 5172 438 5223 μασι
469 5155 525 5207 δὲ
556 5155 680 5217 τοὺς
710 5155 877 5218 πόδας
904 5155 1263 5220 καλύπτουσι,
1301 5158 1395 5210 καὶ
1438 5157 1713 5230 ἐσθήμασι
1749 5160 1876 5230 θερ-

307 5248 557 5317 μοτέροις
586 5247 655 5298 τὰ
681 5247 817 5300 ἄλλα
854 5249 997 5320 μέρη
1029 5248 1123 5302 τοῦ
1161 5248 1413 5320 σώματος
1445 5252 1832 5322 περιϐάλλουσι
1861 5271 1874 5284 ⁸

302 5338 399 5389 καὶ
428 5338 528 5400 δὶς,
565 5337 659 5390 καὶ
683 5337 803 5408 τρὶς
831 5338 933 5408 τῆς
961 5339 1195 5408 ἡμέρας,
1224 5340 1364 5410 τάχα
1392 5340 1450 5393 δὲ
1480 5342 1574 5394 καὶ
1599 5343 1875 5412 τετράκις,

300 5427 509 5496 τροφῆς
547 5426 900 5481 ἀπολαύουσι.
951 5429 1060 5482 Καὶ
1105 5430 1425 5502 κρεωφαγία
1455 5430 1512 5483 δὲ
1544 5432 1637 5484 καὶ
1669 5435 1878 5486 οἰνοπο-

303 5518 394 5571 σία
431 5519 612 5588 πάσης
659 5519 899 5590 ἐσχάρας
953 5518 1176 5589 ἄμεινον
1218 5519 1590 5592 διαθερμαίνει
1639 5523 1708 5576 τὰ
1768 5522 1862 5576 σώ-

304 5623 451 5680 ματα
491 5626 502 5638 '
543 5610 670 5663 ὅταν
701 5609 808 5681 γὰρ
848 5611 881 5681 ἡ
936 5610 1158 5681 τοιαύτη
1205 5613 1378 5684 τροφὴ
1435 5614 1531 5684 τὴν
1590 5614 1875 5669 ἀλλοίωσιν

1982 3514 2226 3570 medicos
2253 3555 2268 3579 ,
2305 3523 2361 3570 et
2389 3514 2697 3586 agricolas,
2732 3523 2787 3568 et
2832 3515 3006 3578 alios,
3041 3523 3102 3570 ut
3139 3516 3308 3572 semel
3345 3516 3559 3576 dicunt,

1983 3607 2301 3678 quicunque
2323 3608 2340 3627 ‘
2391 3613 2565 3662 artem
2599 3607 2840 3676 aliquam
2865 3614 3111 3662 tractant
3143 3625 3157 3662 :
3199 3605 3397 3662 suﬂicit
3425 3607 3568 3660 enim

1982 3699 2244 3768 exiguum
2279 3697 2558 3768 quoddam
2613 3699 2895 3770 specimen
2941 3700 3008 3755 ad
3059 3699 3360 3767 peritorum
3397 3707 3568 3752 artem

1986 3790 2497 3861 comprobandam',
2532 3798 2588 3846 et
2617 3806 2807 3846 eorum
2832 3832 2848 3859 ,
2875 3793 2971 3862 qui
3009 3792 3188 3848 solum
3219 3807 3416 3846 nomen
3467 3790 3568 3844 sibi

1983 3882 2305 3944 vindicant,
2353 3883 2721 3953 ignorantiam
2768 3885 3198 3956 coarguendam.
3246 3883 3572 3939 Sull'et-m-iut

1985 3973 2172 4042 igitur,
2211 3982 2272 4026 ut
2305 3973 2418 4026 dixi
2443 4012 2458 4037 ,
2495 3974 2583 4028 vel
2618 3975 2851 4044 paucula
2888 3977 2983 4029 illa
3013 3979 3327 4043 conscripta
3361 3975 3428 4028 dc
3468 3974 3567 4036 iis,

1983 4076 2104 4130 qua:
2134 4061 2403 4129 praeclara
2441 4061 2511 4114 ab
2548 4075 2886 4130 unoquoque
2919 4061 3064 4116 facta
3105 4077 3168 4115 ac
3200 4072 3351 4131 gesta
3403 4068 3566 4122 sunt,

1986 4152 2054 4205 ad
2094 4151 2412 4206 universam
2447 4150 2574 4205 vitae
2610 4151 2882 4206 rationem
2913 4151 3268 4206 edocendam.
3301 4150 3570 4206 Convenit

1985 4251 2170 4297 autem
2207 4257 2308 4296 nos
2335 4241 2388 4295 in
2421 4242 2681 4312 praesenti
2711 4241 3091 4312 perscrutari,
3123 4249 3178 4296 et
3213 4242 3566 4311 investigare,

1985 4351 2049 4390 ac
2097 4333 2414 4405 perdiscere
2471 4332 2696 4394 scdulo.
2751 4332 3027 4388 undenam
3059 4331 3314 4405 impulsi,
3349 4333 3567 4403 ejusce-

1985 4423 2131 4479 modi
2175 4424 2301 4478 vita:
2357 4425 2624 4478 rationem
2680 4424 2920 4494 amplexi
2969 4424 3118 4493 sint,
3169 4432 3222 4481 et
3255 4425 3566 4494 cujusmndi

1983 4517 2067 4571 usi
2117 4515 2429 4570 rationibus
2473 4515 2539 4569 ad
2573 4515 2775 4570 divinae
2809 4515 2974 4584 hujus
3006 4515 3368 4586 philosophia:
3414 4517 3566 4571 fasti-

1981 4610 2130 4680 gium
2190 4609 2537 4679 pertigerint.
2587 4608 2722 4662 Nam
2759 4608 2902 4678 quod
2944 4624 3055 4664 non
3085 4610 3336 4680 corporis
3367 4609 3567 4664 robore

1985 4700 2106 4756 freti
2133 4741 2146 4764 ,
2177 4715 2298 4770 quae
2325 4700 2624 4754 humanam
2654 4708 2906 4754 naturam
2932 4701 3208 4756 excedunt
3229 4700 3562 4762 adamarint,

1985 4791 2361 4861 terminosque
2416 4792 2464 4846 ei
2507 4791 2842 4846 constitutos
2894 4791 3226 4860 transgressi
3289 4790 3439 4856 sint,
3498 4805 3564 4843 ac

1983 4891 2138 4953 septa
2193 4883 2416 4952 pietatis
2465 4881 2687 4935 athletis
2719 4881 2898 4935 defixa
2939 4880 3340 4942 transilierint,
3387 4879 3563 4933 mani-

1985 4975 2123 5032 feste
2178 4975 2343 5029 docet
2417 4973 2782 5044 experientia.
2841 4973 3011 5028 Nemo
3069 4972 3340 5042 siquidem
3397 4971 3562 5039 hujus

1985 5065 2353 5137 philosOpbia:
2391 5078 2627 5133 expers,
2665 5062 2886 5115 illorum
2929 5059 3272 5114 tolerantiam
3318 5071 3557 5126 unquam

1983 5157 2247 5213 ostendit.
2283 5155 2498 5210 Etenim
2527 5154 2572 5208 si
2606 5153 2732 5207 nive
2758 5151 3088 5222 quandoque
3119 5157 3560 5220 conSperguntur

1981 5259 2263 5320 pastores,
2318 5247 2414 5302 sed
2482 5260 2589 5301 non
2639 5259 2859 5312 semper
2909 5260 2923 5296 ι
2985 5241 3246 5312 quoniam
3297 5249 3352 5295 et
3382 5237 3559 5294 antris

1983 5351 2234 5404 utuntur,
2275 5347 2331 5393 et
2375 5337 2572 5392 domos
2619 5344 2874 5405 repetunt
2899 5374 2913 5394 ,
2965 5342 3019 5389 et
3048 5332 3248 5388 calceis
3278 5329 3442 5401 pedes
3474 5340 3554 5384 tc-

1979 5445 2155 5505 guut,
2217 5440 2272 5486 et
2325 5427 2685 5484 calidioribus
2739 5424 3082 5480 vestimentis
3126 5423 3264 5478 alias
3301 5423 3556 5491 corporis

1981 5539 2164 5600 partes
2203 5526 2505 5586 amiciunt,
2541 5531 2594 5578 et
2628 5521 2713 5577 bis
2750 5529 2896 5575 terve
2945 5520 2997 5574 in
3028 5519 3152 5583 die,
3187 5532 3250 5571 ac
3284 5517 3472 5572 forsan
3501 5523 3555 5566 et

1981 5627 2196 5689 quater,
2230 5618 2409 5673 cibum
2461 5621 2703 5669 sumunt.
2759 5610 2862 5666 Sed
2897 5619 2946 5666 et
2987 5611 3172 5665 carnis
3204 5624 3333 5665 esus
3366 5651 3377 5677 ,
3416 5604 3556 5660 vitti-
