3898 6196
501 206 637 272 1499

1485 206 1970 268 THEODORETI
2011 203 2350 265 EPISCOPI
2388 203 2752 268 CYRENSIS

3534 209 3630 278 iraa

492 335 598 388 que
645 324 827 387 potus,
881 317 1080 388 quovis
1126 316 1251 373 foco
1279 316 1474 371 melius
1517 333 1750 386 corpora
1787 313 2051 370 excalefa-

2167 311 2404 384 δέξηται.
2441 315 2533 368 καὶ
2558 309 2668 368 οἷον
2703 311 2839 384 ιθμῷ
2865 331 2964 368 τινι
2990 314 3328 385 διακριθεῖσα,
3352 317 3434 370 καὶ
3452 319 3500 372 τδ
3523 316 3632 394 ᾗπερ
3657 329 3663 337 '

490 412 666 463 ciunt.
700 407 834 463 Cum
859 410 1005 464 enim
1041 408 1312 478 ejusmodi
1347 411 1739 463 nutrimentum
1775 409 2060 461 alteratum

493 501 698 563 fuerit,
730 509 783 554 et
819 501 976 570 quasi
1013 501 1232 571 quidam
1267 500 1389 556 colo
1430 500 1765 564 discretum,
1813 509 1860 552 et
1905 501 2063 564 jecur

491 610 811 662 occupans,
859 594 911 646 in
955 595 1278 662 sanguinem
1325 601 1598 648 mutatum
1642 593 1958 656 exstiterit,
1995 591 2060 645 ad

490 683 822 750 corquidem
850 698 946 750 per
976 682 1190 752 1298
1222 697 1409 736 cavam
1443 696 1635 734 venam
1691 679 2058 750 progreditur,

493 773 617 825 inde
649 760 775 825 vero
806 773 1237 827 concalefactam
1268 811 1282 834 .
1318 773 1475 841 quasi
1519 787 1616 839 per
1674 774 1942 840 quosdam
1973 772 2059 825 di-

492 878 806 930 Spersarum
829 877 1090 916 venarum
1117 862 1449 925 conductus,
1480 862 1754 930 percurrit
1778 863 2063 916 universas

494 964 677 1022 partes
725 954 1028 1022 corporis:
1086 970 1415 1025 quocunque
1479 963 1658 1008 autem
1710 957 2060 1025 pervenerit,

495 1061 600 1096 non
632 1053 842 1097 tantum
880 1047 1065 1112 irrigat
1097 1087 1110 1111 ,
1147 1047 1242 1101 sed
1271 1055 1323 1100 et
1357 1048 1500 1116 ignis
1529 1047 1701 1100 instar
1721 1045 2062 1110 excalcfaeil,

495 1137 802 1205 meliusque
857 1138 1117 1192 mollibus
1153 1139 1397 1191 vestibus
1441 1154 1641 1208 corpus
1686 1139 2060 1194 circumfovet.

490 1227 680 1298 Neque
716 1231 896 1294 enim,
951 1240 1007 1284 ut
1040 1232 1287 1284 nonnulli
1331 1231 1682 1293 existimant,
1737 1233 1938 1284 tunicae
1963 1270 1977 1292 ,
2011 1239 2064 1284 et

493 1329 631 1390 toga:
657 1360 670 1383 ,
723 1330 777 1375 ct
809 1322 973 1390 pallia
1002 1362 1014 1384 ,
1067 1322 1286 1391 corpori
1323 1324 1565 1390 prarbcnt
1611 1323 1846 1376 calorem
1885 1338 1897 1373 :
1931 1323 2067 1377 alias

493 1413 640 1463 enim
681 1421 734 1463 et
787 1410 951 1478 lignis
1008 1417 1062 1463 et
1103 1409 1380 1479 lapidibus
1429 1408 1632 1478 quibus
1684 1409 2063 1474 admoventur,

491 1502 730 1553 calorem
781 1500 1184 1569 imprimerent.
1218 1501 1286 1553 At
1319 1517 1480 1555 nemo
1517 1500 1652 1553 vidit
1712 1517 1950 1570 unquam
1995 1501 2065 1554 li-

491 1606 680 1656 gnum,
736 1589 1044 1657 lapidemve
1087 1589 1406 1645 calidiorem
1450 1605 1478 1643 a
1531 1592 1778 1644 vestibus
1837 1590 2061 1644 factum.

495 1682 682 1749 itaque
729 1681 951 1750 corpori
1009 1681 1248 1736 calorem
1311 1681 1415 1735 ista
1469 1697 1578 1735 non
1638 1683 1922 1751 praebent,
1973 1684 2066 1738 sed
2100 1664 2142 1722 Β

494 1773 749 1841 corporis
796 1772 1037 1825 calorem
1073 1782 1402 1826 conservant
1441 1773 1704 1828 duntaxat
1739 1792 1751 1827 :
1800 1783 1853 1828 et.
1887 1773 2066 1844 frigidi

493 1865 715 1933 quidem
748 1866 890 1920 aeris
920 1865 1184 1934 impetum
1216 1865 1566 1934 propellunt,
1597 1878 1862 1920 exeuntes
1885 1876 2065 1921 autem

491 1970 521 2008 e
550 1969 784 2023 corpore
816 1970 1051 2024 vapores
1093 1956 1440 2024 suscipiunt,
1490 1955 1666 2024 iisque
1713 1966 1767 2009 et
1810 1955 2068 2010 caleftunt

492 2046 632 2115 ipsa.
666 2054 722 2099 et
751 2049 766 2067 ⁶
797 2047 1060 2100 calidiora
1107 2047 1326 2116 corpori
1364 2048 1745 2102 admoventur.
1772 2049 1951 2104 Testis
1982 2057 2068 2103 est

489 2137 830 2206 experientia
881 2155 894 2190 :
960 2139 1218 2206 quoniam
1284 2137 1536 2207 frigidum
1589 2156 1828 2208 pet'srepe
1866 2141 2064 2194 lectum

491 2229 863 2296 ingredientes
889 2268 903 2292 ,
935 2230 1121 2283 statim
1151 2231 1519 2298 applicatione
1546 2234 1796 2301 corporis
1830 2240 2062 2286 stratum

489 2335 554 2373 cx
585 2320 783 2390 frigido
811 2321 1047 2374 calidum
1081 2320 1383 2376 reddimus.
1409 2323 1638 2376 Constat
1670 2324 1834 2393 igitur
1859 2341 2064 2395 corpus

404 2461 421 2478 ,
489 2412 612 2464 cibo
637 2426 700 2465 ac
739 2412 1079 2466 nutrimento
1111 2413 1288 2482 magis
1309 2454 1323 2478 ,
1349 2429 1512 2483 quam
1550 2417 1877 2471 vestimento
1910 2419 2024 2472 ullo
2045 2460 2062 2484 ,

491 2502 730 2557 calefieri
777 2521 789 2556 :
826 2513 879 2556 et
909 2505 1002 2573 qui
1031 2518 1098 2558 eo
1135 2521 1307 2575 usque
1356 2504 1423 2558 ad
1457 2507 1762 2562 satietatem
1792 2509 2063 2576 fruantur,

490 2591 806 2660 praesidium
841 2593 1122 2650 sufficiens
1152 2595 1353 2650 habere
1391 2596 1680 2651 adversum
1727 2597 1946 2669 frigoris
1984 2601 2066 2654 in-

488 2686 828 2740 cursionem.
875 2687 976 2741 Illo
1029 2687 1302 2758 siquidem
1348 2703 1552 2758 corpus
1605 2699 1860 2756 armant,
1907 2699 1963 2747 et
1997 2693 2064 2747 ad

489 2776 860 2831 resistendum
895 2778 1022 2834 huic
1054 2781 1182 2834 anui
1218 2783 1528 2850 tempestati
1580 2792 1911 2854 prarparant.
1959 2785 2062 2852 Qui

488 2884 619 2924 vero
672 2871 854 2925 cibqu
906 2880 960 2926 et
1002 2881 1188 2942 potmn
1234 2874 1474 2941 quotidie
1524 2892 1633 2930 non
1691 2890 1956 2946 sumunt,
2011 2887 2066 2934 et

488 2960 713 3028 quando
772 2968 998 3015 sunmnt
1046 2963 1358 3018 satietatem
1408 2977 1515 3018 non
1562 2971 1917 3033 exspectant,
1968 2963 2060 3020 sed

487 3053 808 3119 flagrantem
859 3052 1256 3123 appetitionem
1296 3053 1610 3122 refrenant,
1653 3063 1706 3111 et
1733 3071 1795 3111 ea
1839 3065 2064 3112 sumunt

487 3159 612 3212 quae
652 3144 876 3198 minime
912 3147 1135 3214 corpori
1167 3145 1541 3200 calefacienda
1569 3154 1698 3200 sunt
1735 3156 1858 3217 apta
1885 3189 1899 3212 ,
1939 3149 2068 3202 dum

488 3237 574 3288 vel
627 3236 830 3291 herbas
890 3239 1196 3291 cnmedunt
1248 3240 1423 3292 instar
1467 3239 1787 3294 animalium
1839 3241 2072 3296 rationis

491 3327 804 3395 expertium
839 3368 854 3393 ,
898 3328 982 3382 vel
1034 3329 1168 3384 solis
1224 3329 1440 3400 1299
1485 3331 1810 3387 madefactis
1840 3347 2073 3387 vescun-

488 3426 577 3470 tur
620 3419 1035 3486 leguniinibus,
1091 3436 1386 3490 quemnam
1445 3437 1512 3476 ex
1567 3421 1836 3491 ejusmodi
1896 3424 2073 3478 nutri-

492 3519 679 3564 mento
732 3511 978 3566 calorem
1017 3511 1346 3568 hauserint?
1403 3522 1498 3568 aut
1542 3525 1742 3584 quanta
1787 3530 1851 3568 ac
1893 3516 2074 3584 qualis

489 3599 618 3654 inde
651 3603 942 3672 sanguinis
1000 3605 1284 3674 scaturigo
1316 3604 1478 3660 fuerit
1521 3605 1544 3658 ?
1597 3604 1952 3674 Perspicuum
1989 3617 2076 3662 cst

488 3691 652 3758 igitur
712 3693 862 3746 nulla
915 3708 981 3746 ex
1037 3702 1192 3762 parte
1248 3695 1393 3749 alios
1441 3695 1637 3747 borum
1697 3694 1895 3749 studiis
1949 3711 2073 3750 esse

489 3783 719 3836 similes.
781 3781 971 3852 Neque
1036 3784 1185 3837 enim
1244 3799 1352 3837 una
1415 3783 1716 3852 eademque
1769 3794 1852 3838 est
1905 3787 2072 3841 vestis

488 3874 683 3927 horum
732 3882 898 3942 atque
930 3875 1150 3928 illorum
1178 3915 1192 3940 ,
1227 3891 1352 3929 cum
1384 3875 1497 3930 haec
1531 3877 1604 3933 sit
1642 3877 1943 3944 asperrima
1971 3917 1985 3940 .
2020 3885 2074 3930 et

487 3966 718 4020 minime
780 3964 848 4019 ad
903 3965 1339 4020 calefaciendum
1408 3968 1762 4022 accommoda
1816 3986 1829 4022 :
1897 3983 2074 4037 neque

487 4059 687 4113 similis
722 4069 805 4114 est
847 4060 1060 4125 victus,
1093 4058 1188 4114 sed
1220 4075 1285 4114 ex
1319 4060 1587 4115 diametro
1623 4075 1898 4130 pugnans.
1935 4059 2072 4114 Nam

486 4151 806 4220 pastoribus
832 4190 847 4214 ,
881 4152 1120 4221 aliisque
1157 4151 1466 4215 similibus,
1507 4151 1830 4206 comedendi
1857 4160 2072 4222 tempus

486 4253 574 4298 est
602 4259 766 4300 omne
798 4252 1015 4314 tempus
1050 4261 1064 4298 :
1105 4258 1208 4298 suo
1251 4244 1396 4298 enim
1419 4245 1662 4314 appetitu
1707 4252 1924 4314 tempus
1957 4259 2073 4298 me-

2165 407 2586 472 καταλαϐοῦσα,
2628 406 2724 477 τὴν
2779 408 2856 470 είς
2893 401 3030 476 αἷμα
3088 408 3363 476 μεταϐολὴν
3409 410 3630 482 ὑπομείνῃ,

2163 501 2332 569 χωρεῖ
2362 499 2462 569 μὲν
2501 501 2580 561 είς
2607 499 2703 568 τὴν
2742 499 2962 568 καρδίαν
3006 497 3089 550 διὰ
3122 501 3215 568 τῆς
3259 498 3422 570 κοίλης
3461 501 3630 568 φλεϐὁςι

2163 590 2571 661 ὲκθερμαθεῖσα
2616 589 2706 653 δὲ,
2759 589 3000 650 ἐκεῖθεν,
3047 579 3153 640 οἷον
3188 589 3270 641 διά
3302 607 3440 642 τινων
3483 592 3634 659 ὀχετῶν

2162 681 2270 735 τῶν
2300 682 2714 752 διεσπαρμένων
2740 680 2974 750 φλεϐῶν,
3005 682 3080 742 είς
3112 673 3310 732 ἅπαντα
3335 677 3558 751 διατρέχει
3589 685 3633 737 τὰ

2164 773 2258 828 τοῦ
2288 773 2538 844 σώματος
2581 775 2743 844 μόρια
2767 790 2781 804 ·
2831 767 2892 826 οὗ
2934 773 2976 824 δ’
3014 772 3076 825 ἂν
3109 773 3370 842 ἀφίκηται,
3407 775 3490 826 οὐκ
3527 776 3636 845 ἄρδει

2168 865 2350 933 μόνον,
2384 863 2519 917 ἀλλά
2564 863 2658 915 καὶ
2698 862 2868 931 πυρὸς
2900 862 3052 932 δίκην
3095 863 3436 932 ὲκθερμαίνει,
3465 864 3635 918 καὶτῶν

2168 955 2430 1025 μαλακῶν
2476 955 2706 1024 ἱματίων
2743 955 2964 1023 ἄμεινον
3012 954 3316 1024 περιθάλπει
3341 955 3393 1008 τδ
3418 957 3557 1024 σῶμα.
3582 960 3633 1010 θῦ

2165 1049 2294 1118 γὰρ,
2329 1047 2403 1110 ὦς
2443 1065 2586 1110 τινες
2637 1048 3099 1117 ὑπολαμϐάνουσι,
3146 1047 3369 1115 χιτῶνες,
3399 1049 3477 1099 καὶ
3507 1051 3635 1117 ἀμπε·

2163 1137 2340 1207 χὸναι,
2372 1139 2464 1191 καὶ
2492 1138 2822 1207 έφεστρίδες,
2849 1137 2926 1206 τῷ
2953 1135 3189 1206 στώματι
3214 1138 3305 1206 τὴν
3345 1137 3518 1207 θέρμην
3543 1157 3636 1209 παρ-

2165 1229 2403 1296 έχουσιν
2443 1229 2474 1298 ἦ
2508 1227 2616 1298 γὰρ
2644 1229 2731 1290 ἂν,
2769 1229 2862 1280 καὶ
2891 1226 3045 1294 ξύλα,
3077 1227 3169 1280 καὶ
3195 1226 3359 1292 λίθους
3385 1229 3634 1298 ὲθέρμαναν,

2164 1317 2246 1382 οἷς
2293 1321 2359 1374 ἀν
2403 1321 2672 1374 ἐπέλασαν
2706 1335 2721 1351 ·
2759 1319 2873 1374 ἀλλ’
2904 1320 3078 1382 οὐδεὶς
3122 1319 3363 1373 ἐθεάσατο
3400 1322 3634 1391 πώποτε,ἦ

2169 1410 2324 1477 ξύλον
2347 1453 2360 1475 ,
2391 1412 2422 1480 ἢ
2455 1412 2598 1466 λίθον
2624 1453 2638 1474 ,
2674 1413 3005 1483 θερμότερον
3039 1411 3142 1465 ὑπὸ
3170 1412 3380 1481 ἱματίων
3409 1415 3636 1482 γεγενημέ-

2167 1518 2278 1556 νον.
2315 1503 2523 1556 Οὐκοῦν
2572 1503 2693 1556 οὐδὲ
2749 1504 2826 1574 τῷ
2886 1504 3098 1574 σώματι
3147 1502 3306 1556 ταῦτα
3349 1504 3536 1573 παρέχει
3570 1505 3635 1570 τὴν

2168 1591 2378 1662 Θέρμην
2405 1609 2417 1621 ·
2447 1592 2582 1645 ἀλλά
2604 1592 2697 1645 τοῦ
2734 1594 2984 1663 σώματος
3008 1592 3173 1646 ταῦτα
3198 1591 3425 1660 φυλάττει
3451 1592 3528 1661 τὴν
3553 1591 3636 1661 θέρ-

2175 1701 2280 1753 μην
2301 1699 2314 1713 ⁸
2344 1684 2438 1737 καὶ
2473 1685 2724 1755 ἀπείργει
2760 1684 2858 1754 μὲν
2891 1684 2984 1739 τοῦ
3025 1682 3228 1755 ψυχροῦ
3252 1683 3395 1752 ἀέρος
3419 1685 3498 1744 τὴν
3517 1700 3632 1751 προτ-

2169 1774 2332 1845 ϐολήν
2363 1791 2378 1807 ο
2411 1775 2785 1848 ύποδεχδμενα
2822 1777 2879 1830 δὲ
2911 1777 3034 1839 τοὺς
3064 1777 3126 1829 ἐκ
3146 1775 3233 1830 τοῦ
3267 1773 3482 1846 σώματος
3513 1775 3633 1839 ἐξιέν-

2168 1884 2267 1930 τας
2309 1869 2538 1938 ἀτμοὺς,
2568 1869 2663 1921 καὶ
2711 1869 3065 1939 Θερμαίνεται
3106 1867 3321 1930 τούτοις,
3376 1868 3453 1920 καὶ
3493 1867 3629 1934 θερμί-

2168 1974 2304 2027 τερα
2352 1958 2677 2029 προσϐάλλει
2715 1958 2792 2028 τῷ
2818 1958 3050 2028 σώματι.
3074 1959 3179 2011 Καὶ
3212 1957 3397 2026 μάρτυς
3428 1956 3456 2023 ἡ
3489 1955 3630 2022 πείρα·

2167 2048 2353 2120 ψυχρᾷ
2397 2051 2507 2121 γὰρ
2545 2050 2805 2113 πολλάκις
2845 2053 2916 2120 τῇ
2967 2050 3122 2121 κλίνῃ
3167 2047 3558 2119 προσϐάλλοντες,
3589 2049 3629 2114 τῇ

2166 2138 2261 2192 τοῦ
2309 2139 2559 2209 σώματος
2605 2140 2791 2210 ὁμιλίᾳ
2841 2139 3054 2210 θερμὴν
3091 2138 3185 2208 τὴν
3222 2139 3316 2209 πρὸ
3349 2137 3532 2208 βραχέκ
3561 2136 3629 2204 #4-

2168 2232 2306 2302 χράν
2334 2232 2710 2301 ἀποτελοῦμεν
2744 2234 3056 2302 στρωμνήν.
3092 2229 3286 2284 Οὐκοῦν
3319 2233 3348 2300 ὴ
3377 2229 3517 2300 τροςὴ
3542 2246 3630 2279 παν·

2165 2323 2257 2386 τδς
2318 2323 2534 2392 ἱματίου
2595 2322 2754 2375 πλέον
2804 2321 3178 2392 διαθερμαίνει
3225 2319 3282 2372 τὸ
3331 2319 3490 2387 σῶμα·
3527 2317 3560 2367 cl
3593 2315 3628 2366 δὲ

2165 2414 2370 2485 ταύτης
2406 2417 2487 2479 είς
2518 2415 2679 2485 κόρον
2715 2413 3222 2484 μεταλαμϐάνοντες
3243 2453 3257 2475 ,
3302 2410 3454 2480 ἔρυμα
3480 2407 3627 2476 ἔχουσιν

2166 2507 2372 2577 ἀρκοῦν
2418 2505 2556 2576 πρὸς
2583 2506 2682 2575 τὴν
2708 2506 2804 2557 τοῦ
2849 2503 3068 2576 κρυμοῦ
3101 2501 3396 2575 προσϐολήν.
3431 2497 3625 2551 Καθοπλί-

2167 2595 2322 2660 ζουσι
2359 2597 2468 2667 γὰρ
2515 2595 2687 2667 ταύτῃ
2723 2596 2783 2648 τὸ
2829 2595 3015 2666 σῶμα,
3059 2594 3152 2647 καὶ
3188 2593 3404 2663 ἀντέχειν
3441 2590 3543 2660 πρὸς
3563 2588 3625 2654 τὴν

2164 2686 2424 2756 τοιαύτην
2467 2684 2562 2738 τοῦ
2616 2684 2771 2748 ἔτους
2814 2683 3317 2754 παρασκευάζουσιν
3348 2681 3486 2750 ὥραν.
3516 2678 3562 2730 Oi
3591 2675 3628 2727 δὲ

2170 2777 2308 2847 μήτε
2337 2776 2544 2839 σιτίων,
2575 2776 2713 2846 μήτε
2740 2775 2950 2841 ποτῶν,
2973 2775 3093 2828 καθ’
3122 2774 3340 2843 ἑκάστην
3362 2769 3627 2826 ἀπολαύοντες

2165 2869 2263 2939 τὴν
2295 2866 2547 2938 ἡμέραν,
2601 2869 2695 2920 καὶ
2746 2866 2908 2938 ἡνίκα
2967 2867 3083 2921 δ’ἂν
3131 2865 3455 2928 ἀπολαύουσι,
3489 2861 3532 2912 ού
3569 2858 3626 2908 τίν

2169 2960 2332 3028 κόρον
2382 2957 2778 3028 ἀναμένοντες,
2832 2957 2977 3012 ἀλλά
3022 2960 3119 3028 τὴν
3166 2955 3330 3029 ὄρεξιν
3371 2952 3626 3023 ἀκμάζουσαν

2170 3051 2531 3122 χαλινοῦντες.
2561 3053 2655 3106 καὶ
2687 3051 3216 3122 μεταλαμϐάνοντες,
3243 3051 3298 3105 ού
3327 3048 3416 3101 τῶν
3440 3043 3624 3115 Θερμάναι

2172 3148 2489 3218 δυναμένων
2546 3146 2609 3199 τδ
2659 3147 2858 3217 σῶμα,
2913 3145 3036 3199 ἀλλ’
3087 3146 3119 3215 ἦ
3173 3140 3511 3213 ποηφαγοῦντες
3548 3136 3622 3192 τοῖς

2172 3239 2387 3308 ἀλόγοις
2421 3238 2839 3310 παραπλησίως,
2878 3236 2911 3306 ἢ
2959 3236 3258 3307 διαϐρόχοις
3303 3231 3490 3300 ὀσπρίοις
3518 3222 3619 3292 χρώ·

2175 3349 2325 3403 μενοι
2367 3332 2548 3404 μόνοις
2575 3372 2590 3391 .
2632 3334 2782 3384 Μῖον
2843 3331 2908 3383 ἂν
2968 3332 3028 3386 ἐκ
3088 3332 3184 3401 τῆς
3233 3325 3441 3392 τοιαύτης
3474 3312 3619 3388 τςοξῗό

2171 3424 2467 3495 ἀρύσαιντο
2514 3422 2757 3488 θάλπος;
2809 3421 2956 3492 πόση
3003 3422 3049 3475 δ’
3102 3421 3167 3474 ἂν
3215 3409 3496 3478 ὲντεῦθεν,ἢ
3536 3404 3623 3495 ποία

2171 3516 2326 3579 λιϐὰς
2355 3516 2586 3585 αἵματος
2611 3514 2855 3583 γένοιτο;
2901 3513 3042 3567 Κατ’
3093 3511 3240 3565 οὐδὲν
3282 3507 3430 3562 τοίνυν
3457 3503 3556 3554 {mata
3583 3494 3626 3544 τὶ

2171 3607 2281 3662 τῶν
2309 3607 2484 3662 ἀλλων
2531 3608 2645 3669 τοῖς
2701 3605 2908 3658 τούτων
2963 3601 3387 3674 ἐπιτηδεύμασιν.
3429 3593 3529 3647 Οὔτε
3557 3585 3625 3652 γάρ

2173 3697 2335 3767 ἐσθὴς
2384 3697 2416 3766 ἡ
2465 3694 2606 3765 αὑτὴ
2649 3694 2856 3746 τούτων
2903 3694 3180 3747 κάκείνων
3209 3708 3222 3721 ·
3267 3683 3523 3758 τραχυτάτη

2171 3789 2308 3858 αὕτη
2333 3829 2347 3852 ,
2385 3789 2479 3841 καὶ
2509 3788 2709 3857 ἥκιστα
2742 3785 3018 3856 θερμάναι
3054 3782 3313 3852 δυναμένη
3341 3795 3351 3807 ·
3394 3774 3490 3826 οὗτε
3514 3766 3626 3835 τροξῆ

2171 3880 2354 3952 ὁμοία,
2384 3879 2500 3932 ἀλλ’
2532 3878 2749 3932 ἐναντία
2781 3881 2845 3931 ὲκ
2869 3877 3189 3947 διαμέτρου.
3223 3870 3422 3941 Ποιμέσι
3450 3861 3625 3933 μὲντίρο

2172 3971 2265 4025 καὶ
2293 3972 2404 4033 τοῖς
2429 3969 2612 4033 ἄλλοις
2642 3971 2754 4034 τοῖς
2789 3968 3079 4033 τοιούτοις,
3122 3965 3314 4037 τροφῆς
3352 3957 3502 4029 mpii;
3536 3952 3628 4050 ἄτας

2171 4064 2399 4135 καιρός·
2437 4066 2503 4135 τῇ
2539 4062 2715 4134 ὀρέξει
2759 4059 2866 4130 γὰρ
2900 4061 3168 4132 ὁρίζονται
3213 4058 3297 4110 τὸν
3337 4050 3521 4120 καιρδν.
3559 4056 3622 4092 21‘

2172 4153 2340 4208 lmOev
2372 4154 2405 4224 ή
2437 4156 2592 4207 πεῖνα
2624 4151 2942 4224 προσϐάλλῃ
2969 4191 2984 4214 ,
3031 4147 3329 4221 παραυτίκα
3361 4137 3630 4224 προσφέρουσι

2171 4246 2272 4315 τὴν
2327 4222 2536 4316 τρδφῆν
2561 4261 2573 4276 ⁶
2627 4222 2723 4298 κάλ
2773 4243 3177 4314 προσφέρουσιν
3215 4241 3290 4294 ὅτι
3335 4237 3391 4290 ἄν
3431 4232 3560 4300 τύχῃ·
3591 4222 3630 4274 οὗ

487 4336 722 4400 tiuntur,
758 4346 814 4391 et
845 4350 972 4390 cum
1003 4351 1163 4391 mane
1204 4350 1302 4392 eos
1327 4333 1498 4390 fames
1529 4335 1811 4397 invaserit,
1866 4333 2064 4389 evesti-

2174 4336 2282 4407 γὰρ
2322 4335 2575 4405 ὥρισται,
2605 4333 2766 4387 τοῦτο
2799 4334 2897 4403 μὲν
2947 4333 3169 4396 ἐσθίειν,
3204 4331 3364 4382 έκεῖνο
3397 4325 3445 4416 δε
3477 4323 3629 4416 itum.

489 4429 578 4498 gio
600 4429 781 4483 cibum
811 4429 1066 4498 capiunt:
1086 4428 1310 4498 capiunt
1333 4438 1513 4482 autem
1528 4427 1746 4482 obvium
1767 4442 2058 4496 quemque,

487 4537 612 4575 cum
655 4521 793 4590 ipsis
824 4521 1112 4575 deﬁnitum
1149 4535 1260 4574 non
1308 4520 1402 4582 sit,
1463 4519 1569 4574 hoc
1603 4519 1826 4588 quidem
1869 4518 2060 4584 vesci,

488 4616 584 4671 illo
624 4631 758 4671 vero
811 4616 1036 4670 minime
1062 4653 1078 4680 ,
1143 4612 1240 4670 sed
1285 4614 1708 4684 quibuscunque
1751 4611 2060 4677 voluerint,

487 4708 662 4764 libere
685 4707 969 4762 fruuntur.
1004 4708 1075 4762 At
1102 4707 1187 4763 his
1208 4745 1223 4770 .
1255 4714 1310 4762 et
1341 4705 1482 4770 dies,
1519 4714 1762 4774 tempora
1793 4744 1806 4765 .
1835 4713 1887 4758 et
1912 4711 2062 4759 certa

486 4815 628 4855 esca:
662 4814 868 4870 genera
917 4807 1092 4862 sunt,
1130 4807 1299 4868 atque
1359 4811 1631 4852 mensurae
1679 4815 1691 4851 :
1745 4809 1810 4850 ac
1847 4796 2060 4851 seclusa

487 4892 653 4962 huius
702 4891 949 4947 satietas.
1011 4889 1192 4957 Quare
1240 4905 1348 4945 non
1401 4887 1661 4959 estquod
1705 4887 2060 4959 querulorum

485 4985 757 5055 quispiam
811 4983 972 5038 nobis
1007 4983 1280 5053 agricolas
1310 5023 1326 5049 ,
1369 4992 1422 5036 et
1456 4989 1704 5051 pastores
1730 5022 1743 5044 ,
1778 4989 1832 5034 et
1865 4990 2061 5034 nautas

487 5075 540 5128 in
571 5075 812 5129 medium
845 5075 1131 5143 proferens
1157 5110 1172 5134 ,
1209 5079 1439 5126 conetur
1465 5071 1829 5124 maximorum
1866 5068 2059 5122 harum

483 5166 728 5237 pugilum
763 5175 1065 5221 extenuare
1111 5161 1441 5218 certamina.
1472 5159 1727 5227 Agricola
1758 5158 2058 5227 siquidem.

486 5257 726 5313 interdiu
759 5257 1020 5311 laborans
1043 5295 1058 5323 ,
1088 5254 1234 5309 domi
1268 5259 1432 5308 noctu
1460 5251 1728 5313 reficitur,
1755 5263 1972 5303 omnem
2011 5249 2059 5303 ei

488 5365 677 5404 curam
707 5358 760 5404 et
786 5349 1116 5418 obsequium
1163 5346 1620 5402 subministrante
1675 5342 1904 5411 conjuge
1947 5358 1960 5395 :
2009 5349 2063 5394 ct

485 5447 671 5511 pastor
703 5441 962 5496 similiter
996 5447 1194 5495 cuncta
1239 5439 1331 5492 illa
1369 5436 1424 5490 in
1463 5443 1718 5506 promptu
1751 5433 1912 5487 habet
1943 5450 2063 5502 qua:

484 5532 746 5588 diximus.
795 5532 966 5588 Nauta
1015 5546 1185 5598 vero,
1230 5545 1434 5601 corpus
1480 5526 1700 5599 quidem
1737 5525 1868 5580 solis
1909 5527 2060 5580 radio

488 5625 745 5693 exponit,
797 5624 892 5680 sed
948 5625 1016 5680 ab
1066 5625 1223 5692 aquis
1262 5620 1560 5679 remedium
1599 5618 1752 5674 affert
1800 5620 2059 5686 torpori:

2170 4429 2308 4482 ἀλλά
2339 4429 2557 4481 πάντων
2588 4419 2663 4480 ὦν
2691 4425 2758 4478 ἂν
2811 4423 3072 4478 ἐθέλωσιν
3091 4463 3104 4487 ,
3151 4419 3310 4480 ἀδεῶς
3343 4409 3629 4468 ἀπολαύουσιν.

2180 4517 2446 4573 Ἔνταῖοα
2474 4516 2531 4571 δὲ
2561 4517 2656 4570 καὶ
2685 4515 2890 4587 ἡμέραι
2910 4553 2924 4579 ,
2977 4514 3075 4567 καὶ
3112 4511 3313 4582 καιροὶ,
3343 4508 3422 4560 καὶ
3451 4503 3536 4567 εἴδη
3569 4497 3631 4560 τὴς

2166 4611 2396 4683 τροφῆς.
2428 4609 2525 4663 καὶ
2556 4609 2763 4679 μέτρα·
2806 4607 2902 4662 καὶ
2944 4606 3107 4677 κόρος
3149 4602 3336 4672 ταύτης
3378 4601 3628 4684 κεχωριεμε-

2167 4719 2274 4766 νος.
2305 4700 2512 4771 Μηδεὶς
2560 4698 2740 4752 τοίνυν
2785 4698 2917 4768 ἡμῖν
2964 4697 3074 4748 τῶν
3114 4689 3480 4765 μεμψιμοίρων,
3511 4691 3628 4771 γητο-

2169 4813 2315 4859 νους.
2350 4769 2444 4848 καὶ
2470 4791 2754 4864 ποιμένας,
2782 4791 2876 4843 καὶ
2905 4788 3106 4852 ναύτας
3136 4784 3399 4856 προφέρων
3419 4777 3482 4837 είς
3503 4769 3628 4868 μιέἷςν.

2171 4885 2493 4957 σμικρύνειν
2522 4882 2873 4953 ἐπιχειρείτω
2898 4879 3006 4934 τῶν
3037 4877 3297 4950 μεγίστων
3323 4869 3494 4925 τούτων
3517 4858 3629 4957 ἅθ’-η·

2166 4951 2276 5033 των
2303 4951 2426 5042 τοὺς
2465 4951 2806 5046 ἀγῶνάς-Ὅ
2838 4993 2896 5028 τε
2937 4974 3045 5043 γὰρ
3087 4970 3330 5040 γηπάνοςο
3361 4961 3461 5054 1‘50.
3483 4951 3629 5054 ήμ

2168 5070 2360 5141 καμὼν
2388 5110 2402 5133 ,
2458 5070 2597 5121 οἴκοι
2647 5066 3012 5136 θεραπεύεται
3066 5061 3274 5129 νύκτωρ
3298 5095 3311 5119 ,
3351 5051 3496 5105 πᾶσαν
3531 5053 3629 5142 mag

2168 5163 2460 5232 θεραπείαν
2495 5163 2594 5231 τῆς
2622 5160 2893 5230 ὁμοζύγου
2932 5155 3273 5229 ποριζούσης.
3307 5146 3403 5244 Καὶ

2166 5257 2222 5310 δὲ
2253 5255 2512 5317 ὡσαύτως
2548 5252 2943 5324 μεταλαγχάνει
2977 5249 3188 5302 πάντων
3213 5241 3430 5296 ἐκείνων,
3459 5234 3515 5324 ὼγ
3540 5234 3628 5324 τῖξθξ

2169 5349 2470 5418 ειρήκαμεν
2496 5361 2509 5376 ·
2556 5347 2584 5398 ὁ
2638 5344 2694 5398 δὲ
2745 5344 2944 5411 ναύτης
2978 5340 3187 5410 δέχεται
3240 5334 3328 5404 μὲν
3371 5325 3452 5394 τὴν
3493 5320 3629 5418 afui;

2169 5440 2308 5492 κατά
2333 5439 2424 5490 τοῦ
2463 5439 2712 5506 σώματος
2737 5452 2748 5464 ·
2780 5434 2915 5489 ἀλλά
2949 5434 3045 5502 τὴν
3069 5429 3173 5485 ἀπὸ
3200 5425 3300 5479 τῶν
3323 5418 3497 5512 ὑδάτων
3727 5447 3729 5514 !

2172 5531 2328 5584 πείαν
2362 5531 2664 5600 προσφέρει
2711 5527 2786 5598 τῷ
2835 5525 3080 5598 σώματι·
3130 5513 3528 5606 ἐπινήχεταιγλρ

2174 5622 2440 5692 βούλετχι,
2489 5621 2581 5673 καί
2618 5622 2684 5690 τῇ
2717 5617 2874 5688 φλογὶ
2906 5617 3002 5687 τῆς
3045 5612 3252 5672 ἀκτῖνος
3283 5592 3628 5666 ἀλεξιιφάρίλ²²⁶⁴
