3898 6196
231 193 366 262 ποι

1272 200 1551 262 ORATIO
1606 202 1700 259 DE
1737 199 1996 259 DIVI-NA
2039 205 2489 268 ΕΠΑΒΓΓΑΤΕ-

3363 204 3498 267 1532

3396 243 3497 270 ἀνά

224 312 556 382 προσφέρει
601 319 702 380 τὴν
739 313 847 366 τῶν
899 312 1106 367 ὑδάτων
1163 312 1500 383 ψυχρότητα.
1549 310 1704 368 Οὗτοι
1760 314 1807 367 δὲ

1923 329 2042 366 nam
2065 316 2115 368 in
2135 317 2220 370 his
2240 327 2386 371 natat
2401 325 2665 386 quantum
2689 315 2796 368 vult
2811 325 2884 380 ,et
2899 315 3093 368 solaris
3113 315 3248 368 radii
3267 316 3498 370 ﬂamma:

226 402 552 475 θεραπείας
591 405 690 476 μὲν
733 406 991 476 οὐδεμιᾶς
1022 407 1152 476 παρ’
1182 408 1396 470 οὐδενὸς
1442 407 1823 460 ἀπολαύουσιν.

223 496 306 548 Οὐ
351 497 473 568 γὰρ
517 497 826 550 συνοικοῡσι
849 499 1125 565 γυναῖκες,
1159 499 1214 552 αἳ
1242 502 1354 561 τοῖς
1378 500 1603 568 ἀνδράσι
1639 515 1848 568 παντο--

220 586 418 658 δαπὴν
457 589 812 659 μηχανῶνται
852 589 1206 660 παραψυχήν.
1237 591 1373 644 Οῠτε
1399 590 1455 642 δὲ
1483 591 1580 659 τῆς
1607 591 1826 653 ἀκτῖνος

220 679 584 752 θερμότερον
641 679 1098 750 προσϐαλούσης,
1149 682 1249 750 τὴν
1303 681 1411 732 άπὸ
1457 680 1563 733 τῶν
1616 680 1825 733 ὑδάτων

217 771 614 839 ψυγαγωγίαν
664 771 1099 841 προσφέρονταισ
1141 773 1202 824 ού
1251 771 1516 840 χειμῶνος
1564 770 1682 841 ὥρα
1725 773 1824 840 τὴν

216 862 448 931 στροφὴν
491 865 870 915 άντιτάττουσι
904 861 980 930 τῷ
1033 862 1267 931 κρυμῷ,
1310 861 1433 914 οὔτε
1485 861 1581 929 τῆς
1631 862 1823 923 νυκτὸς

217 951 328 1022 τὴν
383 954 749 1014 ἀνάπαυλαν,
790 947 903 1005 οἷόν
941 971 992 1005 τι
1026 955 1343 1022 φάρμακον,
1379 957 1486 1016 τοῖς
1521 954 1822 1022 μεθημερι-

215 1046 341 1106 νοῖς
400 1045 781 1113 προσφέρουσι
837 1045 1019 1106 πόνοις
1053 1060 1068 1074 ⁸
1113 1045 1205 1096 καὶ
1252 1042 1472 1112 μείζους
1527 1042 1674 1112 γὰρ,
1729 1042 1821 1093 καὶ

219 1135 488 1200 πλείους,
523 1137 570 1187 oi
604 1135 807 1204 ταύτης
834 1134 946 1187 τῶν
973 1136 1031 1186 ἐν
1066 1136 1246 1204 ἡμέρα
1288 1133 1631 1204 γιγνομένων
1666 1132 1821 1202 ἱδρώ-

213 1243 357 1280 των.
409 1229 506 1280 Ἐν
547 1227 718 1296 ταύτῃ
762 1227 891 1296 γάρ,
932 1227 1024 1279 καὶ
1051 1227 1152 1297 τὴν
1196 1227 1332 1296 πρὸς
1373 1225 1464 1277 τὸν
1494 1225 1662 1278 ὕπνον
1691 1226 1822 1277 ἀνα-

210 1317 490 1385 δέχονται
548 1320 758 1387 πάλην,
827 1319 921 1372 καὶ
979 1320 1079 1388 τῆς
1139 1319 1396 1386 γλυκείας
1445 1319 1661 1386 ἐκείνης
1720 1318 1820 1370 οὐκ

211 1409 528 1478 ἀνέχονται
577 1411 788 1479 ἥττης·
827 1410 962 1463 ἀλλὰ
1022 1412 1120 1480 τῆς
1167 1411 1390 1480 ἡδίστης
1447 1411 1818 1481 περιγίνονται

209 1502 582 1570 τυραννίδος,
630 1503 722 1556 καὶ
751 1503 1032 1572 παννύχιοι
1063 1502 1366 1555 διατελοῦσι
1415 1503 1504 1555 τὸν
1542 1503 1819 1574 Δεσπότην

214 1591 560 1660 ὑμνοῦντες.
596 1593 784 1656 Ούδεὶς
810 1593 987 1646 τοίνυν
1017 1593 1123 1646 τῶν
1158 1593 1262 1657 ἔξω
1290 1595 1389 1662 τῆς
1426 1593 1631 1649 τούτων
1665 1595 1817 1663 φιλο-

217 1683 480 1749 σοφίας,
526 1683 626 1755 τὴν
659 1684 863 1738 τούτων
899 1686 1258 1740 ἐπιδέδεικται
1303 1687 1618 1757 καρτερίαν.
1652 1689 1714 1740 El
1759 1687 1816 1741 δὲ

219 1773 436 1843 μηδεὶς
469 1774 576 1828 τῶν
613 1775 788 1828 ἄλλων
835 1776 1138 1844 ἀνθρώπων
1173 1779 1448 1848 ἀντισχεῖν
1499 1779 1638 1849 πρὸς
1688 1780 1816 1843 τοὺς

216 1865 521 1928 τοιούτους
576 1868 771 1929 πόνους
803 1868 1084 1937 δεδύνηται
1113 1908 1127 1931 ,
1163 1869 1320 1938 δῆλον
1372 1870 1449 1933 ὡς
1494 1872 1522 1923 ὁ
1557 1869 1686 1940 περὶ
1723 1870 1814 1923 τὸν

217 1953 369 2007 Θεὸν
404 1956 540 2026 ἔρως
567 1957 870 2028 ὑπερϐῆναι
894 1961 1019 2022 τοὺς
1043 1961 1140 2032 τῆς
1162 1960 1376 2029 φύσεως
1402 1962 1815 2031 παρεσκεύασεν

218 2047 433 2117 ὅρους·
469 2050 565 2102 καὶ
606 2050 684 2120 τῷ
727 2050 932 2104 ἄνωθεν
977 2054 1168 2125 πυρσῷ
1204 2055 1674 2126 πυρπολούμενοι,
1721 2055 1816 2125 φέ-

223 2156 431 2209 ρουσιν
465 2142 748 2206 ἀσπασίως
775 2143 874 2215 τὴν
901 2145 994 2198 τοῦ
1021 2147 1235 2216 κρυμοῦ
1267 2147 1592 2218 προσϐολὴν,
1621 2147 1715 2200 καὶ
1746 2151 1811 2219 τῇ

223 2230 495 2284 ἐντεῦθεν
532 2231 737 2302 δρόσῳ,
796 2234 896 2303 τὴν
946 2237 1043 2304 τῆς
1091 2239 1308 2300 ἀκτῖνος
1362 2236 1813 2306 καταπραΰνουσι

221 2318 439 2387 φλόγα.
473 2313 641 2384 Οὗτος
688 2321 886 2386 αὐτοὺς
939 2325 1034 2377 καὶ
1076 2327 1308 2397 τρέφει,
1363 2328 1455 2381 καὶ
1495 2327 1685 2398 ἄρδει,
1720 2327 1815 2381 καί⁸

223 2411 596 2482 περιϐάλλει,
643 2413 739 2467 καὶ
768 2415 945 2486 πτερά
973 2417 1187 2480 δίδωσι,
1236 2419 1331 2472 καὶ
1375 2419 1635 2474 πέτεσθαι
1675 2420 1817 2474 διδά-

219 2519 356 2556 σκει
385 2543 404 2569 ,
455 2503 550 2556 καὶ
592 2505 684 2557 τὸν
721 2506 948 2576 οὐρανὸν
986 2508 1336 2576 ὑπερϐαίνειν
1380 2511 1812 2581 παρασκευάζει,

215 2595 321 2646 καὶ
364 2593 461 2646 τὸν
504 2593 782 2664 ἐρώμενον
827 2596 903 2660 ὡς
932 2597 1157 2652 δυνατὸν
1191 2600 1562 2664 ἐπιδείκνυσι,
1615 2603 1710 2656 καὶ
1745 2605 1811 2674 τῇ

211 2686 325 2754 τῆς
361 2682 600 2755 θεωρίας
631 2687 902 2757 φαντασία
950 2689 1210 2760 πυρσεύει
1247 2689 1339 2743 τὸν
1388 2690 1570 2757 πόθον,
1604 2692 1699 2746 καὶ
1731 2692 1812 2744 δι-

214 2776 442 2845 εγείρει
494 2775 555 2829 τὺ
599 2777 858 2848 φίλτρον,
909 2777 1004 2832 καὶ
1048 2780 1414 2852 σφοδροτέραν
1463 2782 1684 2849 ἐξάπτει
1715 2781 1812 2853 τὴν

217 2865 432 2933 φλόγα.
478 2865 745 2938 Καθάπερ
801 2869 911 2941 γὰρ
957 2871 1006 2922 οἱ
1063 2871 1172 2924 τῶν
1226 2875 1494 2942 σωμάτων
1553 2873 1808 2944 ἐρῶντες,

1928 406 2224 457 remedium
2241 408 2466 474 opponit
2484 421 2748 474 aquarum
2783 405 3157 474 l'rigiditatem.
3177 403 3238 456 lli
3259 412 3438 458 autem
3466 421 3496 456 ιι

1925 509 2034 562 quo
2068 505 2335 550 curentur
2369 513 2475 551 non
2509 498 2730 552 habent.
2757 495 2944 564 Neque
2985 495 3128 548 enim
3179 496 3290 550 illis
3331 497 3495 548 coha-

1925 587 2099 640 bitant
2135 603 2332 641 uxores
2365 605 2486 657 quae
2503 604 2667 642 omne
2688 603 2858 657 genus
2879 586 3058 640 solatii
3081 586 3215 639 viris
3249 588 3364 640 suis
3397 603 3495 639 ex-

1924 684 2168 748 cogitant
2203 698 2215 733 :
2256 695 2431 747 neque
2490 679 2700 748 1300
2733 679 2899 732 solari
2932 678 3086 732 radio
3129 677 3359 731 calidius
3404 695 3496 731 cus

1924 771 2186 836 feriente,
2223 771 2617 840 relligerantur
2647 772 2805 838 aquis
2851 788 2863 822 :
2895 784 3070 836 neque
3095 769 3322 822 hiberno
3355 775 3496 822 temo

1925 877 2053 930 pore
2079 871 2358 930 opponunt
2391 875 2570 916 escam
2603 860 2816 930 frigori,
2845 875 3024 927 neque
3051 861 3292 928 quietem
3319 859 3496 913 noctis

1927 953 2070 1004 velut
2101 955 2422 1006 diurnorum
2452 952 2701 1004 laborum
2731 951 3183 1004 medicamentum
3210 950 3494 1013 adhibent,

1923 1061 2044 1097 cum
2080 1053 2132 1098 ct
2171 1045 2406 1111 majores
2436 1054 2489 1099 et
2516 1045 2700 1114 plures
2736 1043 2846 1096 illis
2885 1043 3055 1108 hujus
3089 1043 3200 1096 sint
3228 1041 3492 1107 sudores,

1922 1152 2086 1204 quam
2131 1136 2263 1190 diei.
2321 1137 2392 1190 l)e
2427 1148 2588 1190 nocte
2618 1137 2762 1189 enim
2794 1151 2918 1188 cum
2959 1149 3153 1188 somno
3183 1135 3494 1202 colluctan-

1923 1237 2033 1288 tur,
2068 1243 2244 1296 neque
2279 1229 2427 1282 illius
2454 1228 2743 1282 dulcedine
2773 1242 2831 1281 se
2866 1226 3007 1280 vinci
3043 1225 3363 1295 patiuntur:
3397 1226 3493 1279 sed

1923 1321 2303 1376 dulcissimam
2330 1322 2476 1374 illam
2503 1319 2846 1391 tyrannidem
2878 1319 3104 1374 vincunt
3127 1318 3227 1388 ipsi
3251 1358 3264 1382 ,
3301 1325 3496 1372 totam-

1921 1428 2026 1482 que
2061 1422 2276 1466 noctem
2317 1413 2372 1466 in
2411 1412 2612 1466 divinis
2647 1409 2906 1465 laudibus
2950 1410 3285 1478 transigunt.
3327 1409 3496 1463 Nemo

1922 1505 2088 1574 igitur
2119 1505 2315 1558 horum
2353 1504 2717 1573 philosophiae
2745 1517 2972 1572 expers.
3015 1517 3208 1556 eorum
3247 1502 3494 1555 toleran-

1925 1597 2052 1650 tiam
2088 1597 2356 1650 exhibuit.
2387 1595 2611 1662 Quodsi
2638 1596 2822 1649 nullus
2853 1603 3176 1648 caeterorum
3211 1592 3492 1646 hominum

1921 1685 2190 1754 ejusmodi
2247 1687 2529 1740 laboribus
2580 1685 2837 1740 resistere
2879 1685 3092 1754 potuit,
3141 1685 3494 1744 manil‘euum

1918 1789 2001 1832 est
2034 1793 2274 1833 amorem
2307 1778 2360 1831 in
2385 1779 2555 1831 Deum
2591 1776 2867 1840 echcisse,
2902 1785 2961 1830 ut
2993 1777 3260 1830 terminos
3284 1787 3494 1829 natura:

1917 1878 2243 1938 superarent
2294 1889 2306 1924 :
2359 1886 2708 1940 supernaque
2765 1870 2887 1923 illos
2937 1868 3153 1922 ﬂamma
3199 1870 3492 1930 incensos,

1918 1960 2140 2030 frigoris
2167 1962 2424 2029 impetum
2458 1962 2690 2015 libenter
2713 1961 2991 2014 sustinere
3010 1999 3023 2018 ,
3054 1975 3117 2012 ar.
3136 1960 3343 2012 caelesti
3373 1975 3496 2012 rere

1917 2052 2199 2121 perfusos,
2231 2052 2428 2107 solaris
2452 2051 2588 2105 radii
2613 2052 2886 2105 llanimam
2921 2051 3192 2118 mitigare.
3219 2050 3317 2104 llic
3345 2052 3496 2120 ipsos

1916 2152 1975 2197 et
2009 2145 2221 2208 nutrit,
2253 2155 2307 2198 et
2342 2145 2571 2214 irrigat,
2612 2155 2662 2198 et
2699 2143 2898 2203 vestit,
2930 2144 3122 2198 etalas
3159 2145 3398 2212 praebet,
3431 2157 3496 2195 ac

1915 2238 2104 2292 volare
2137 2238 2296 2292 doret
2321 2280 2335 2304 ,
2377 2247 2433 2292 et
2472 2247 2532 2292 ut
2589 2239 2790 2292 cmlum
2829 2238 3226 2292 transcendant
3293 2237 3492 2300 eﬂicit,

1915 2337 1970 2384 et
2009 2325 2271 2383 dilectum
2313 2330 2496 2398 quoad
2549 2330 2665 2382 ﬁeri
2718 2337 2897 2397 potest
2936 2329 3204 2391 ostendit,
3245 2339 3494 2382 contem-

1916 2421 2284 2491 plationisque
2315 2420 2498 2488 specie
2524 2420 2856 2474 desiderium
2881 2420 3142 2484 incendit,
3175 2427 3229 2473 et
3251 2435 3493 2473 amorem

1915 2509 2156 2573 excitat,
2190 2513 2570 2578 ﬂammamque
2600 2510 2762 2566 infert
2791 2511 3183 2565 ardentiorem.
3215 2510 3494 2576 Quemad—

1914 2602 2136 2656 modum
2182 2603 2329 2657 enim
2373 2618 2668 2673 corporum
2703 2617 2890 2657 amore
2920 2601 3108 2670 capti,
3163 2615 3226 2655 ex
3263 2607 3490 2670 aspectu

1913 2710 2106 2750 eorum
2160 2710 2301 2765 quos
2349 2702 2570 2760 amant,
2637 2691 2930 2749 inateriam
2995 2692 3167 2746 amori
3223 2691 3495 2746 submini-

1915 2794 2131 2851 strant,
2171 2787 2540 2854 ardoremque
2573 2786 2723 2840 illum
2755 2784 3060 2856 graviorem
3093 2785 3330 2839 reddunt
3361 2803 3375 2840 :
3413 2785 3492 2839 sic

1914 2878 2008 2947 qui
2045 2876 2246 2931 divina:
2277 2877 2593 2930 dilectionis
2645 2875 2900 2930 stimulos
2937 2875 3312 2937 admiserunt,
3347 2875 3492 2929 divi-

217 2958 368 3030 ὓλην
408 2957 518 3012 άπὸ
547 2961 646 3029 τῆς
693 2960 819 3023 θέας
845 2962 954 3015 τῶν
991 2964 1280 3034 ἐρωμένων
1312 2965 1388 3034 τῷ
1419 2966 1621 3038 φίλτρῳ
1653 2969 1805 3039 πορί-

1916 2982 2040 3020 nam
2075 2967 2221 3021 illam
2272 2975 2326 3021 et
2358 2967 2623 3020 illibatam
2653 2963 3120 3034 pulchritudinem
3163 2966 3345 3019 animo
3380 2965 3494 3018 vol-

217 3051 426 3116 ζουσι,
475 3051 689 3105 καὶτὸν
726 3050 941 3123 οίστρον
977 3055 1184 3108 ἐκεῖνον
1217 3056 1597 3130 χαλεπώτερον
1633 3061 1807 3131 ἀπερ-

215 3144 494 3212 γάζονται
523 3160 536 3176 ο
572 3143 744 3206 οὕτως
789 3146 836 3197 oi
881 3146 980 3215 τῆς
1027 3145 1180 3210 θείας
1227 3148 1446 3218 ἀγάπης
1491 3151 1557 3204 τὰ
1609 3151 1808 3221 κέντρα

215 3235 539 3307 δεχόμενοι,
587 3234 650 3288 τὸ
689 3235 830 3288 θεῖον
863 3237 1042 3289 ἐκεῖνο
1088 3238 1180 3290 καὶ
1222 3240 1498 3310 ἀκήρατον
1539 3240 1808 3308 φανταζό-

225 3345 390 3400 μενοι
425 3330 642 3394 κάλλος,
677 3331 943 3402 ὀξυτέρας
981 3334 1079 3404 τῆς
1111 3334 1333 3405 ἀγάπης
1362 3336 1459 3398 τὰς
1484 3337 1676 3400 ἀκίδας
1719 3341 1811 3408 sp-

219 3419 514 3489 γάζονται,
532 3423 626 3474 καὶ
647 3423 758 3492 ὅσῳ
786 3423 950 3477 πλέον
973 3425 1281 3478 ἀπολαῦσαι
1305 3426 1547 3487 ποθοῦσι.
1568 3427 1807 3499 τοσούτῳ

227 3511 438 3582 μᾶλλον
479 3513 569 3565 τὸν
598 3515 758 3584 κόρον
788 3513 1087 3567 ἐλαύνουσι.
1123 3515 1199 3585 Τῇ
1239 3516 1338 3585 μὲν
1368 3516 1476 3584 γὰρ
1507 3517 1664 3589 ἡδονῇ
1695 3518 1806 3572 τῶν

227 3603 502 3673 σωμάτων
533 3603 818 3657 ἀκολουθεῖ
851 3605 1136 3676 πλησμονὴ
1155 3646 1168 3666 ,
1216 3608 1244 3658 ὁ
1273 3608 1327 3660 δὲ
1358 3608 1498 3671 θεῖος
1530 3609 1670 3680 ἔρως
1709 3611 1804 3664 τοῦ

223 3699 394 3768 κόρου
425 3695 550 3760 τοὺς
579 3696 776 3765 νόμους
817 3697 878 3749 οὐ
913 3697 1145 3767 δέχεται.
1180 3698 1434 3762 Τοιοῦτος
1469 3696 1537 3770 ἦν
1568 3703 1804 3774 Μωῦσῆς

223 3791 254 3842 ὁ
291 3789 463 3858 μέγας
510 3787 838 3860 νομοθέτης·
881 3787 940 3852 ὃς
999 3788 1295 3854 πολλάκις,
1343 3788 1418 3852 ὡς
1467 3791 1685 3860 ἐφικτὸν
1713 3795 1806 3846 άν-

222 3880 430 3952 θρώπῳ
451 3924 466 3946 ,
503 3880 604 3951 τῆς
633 3880 785 3943 θείας
833 3881 1068 3952 θεωρίας
1094 3882 1344 3947 ἀξιωθεὶς
1367 3923 1382 3946 ,
1423 3885 1514 3936 καὶ
1545 3886 1806 3948 πολλάκις

224 3973 324 4040 τῇς
355 3973 630 4042 μακαρίας
659 3972 970 4036 ἀπολαύσας
1003 3975 1187 4043 φωνῆς
1213 4013 1227 4036 ,
1272 3975 1365 4026 καὶ
1394 3975 1804 4043 τεσσαράκοντα

223 4062 364 4113 κατὰ
397 4062 593 4114 ταύτὸν
618 4063 830 4131 ἡμέρας
870 4065 1001 4114 εἴσω
1023 4063 1118 4114 τοῦ
1145 4065 1345 4130 γνόφου
1373 4065 1679 4132 γενόμενος,
1713 4066 1805 4118 καὶ

223 4149 323 4218 τὴν
351 4149 502 4202 θείαν
528 4150 849 4219 νομοθεσίαν
879 4149 1196 4218 δεξάμενος,
1231 4151 1293 4202 οὐ
1324 4151 1482 4219 μόνον
1511 4151 1671 4221 κόρον
1704 4153 1803 4205 οὐκ

220 4240 415 4294 ἔλαϐεν
436 4284 448 4304 ,
484 4241 621 4294 ἀλλὰ
670 4241 764 4293 καὶ
796 4241 1158 4311 σφοδροτέραν
1193 4242 1288 4294 καὶ
1321 4241 1658 4313 θερμοτέραν
1699 4243 1798 4315 τὴν

215 4332 522 4402 ἐπιθυμίαν
568 4335 856 4404 ἐκτήσατο.
893 4332 1160 4405 Καθάπερ
1189 4336 1298 4405 γάρ
1328 4351 1451 4390 τινα
1498 4339 1663 4410 κάρον
1692 4339 1796 4392 ὑπὸ

213 4426 320 4492 τῆς
351 4424 444 4476 τοῦ
473 4423 673 4495 ἔρωτος
712 4426 921 4478 ἐκείνου
973 4425 1264 4496 δεξάμενος
1319 4428 1489 4499 μέθης
1515 4470 1530 4494 ,
1579 4431 1672 4483 καὶ
1719 4430 1795 4500 τῷ

223 4517 432 4586 φίλτρῳ
461 4515 577 4568 λίαν
608 4516 996 4586 ὲκδακχευθεὶς
1015 4560 1028 4582 ,
1061 4518 1159 4588 τὴν
1202 4520 1298 4589 μὲν
1324 4521 1532 4574 οἰκείαν
1559 4523 1792 4593 ἠγνόησε

223 4606 402 4674 φύσιν,
435 4606 751 4686 ἐπεθύμησε
780 4606 836 4658 δὲ
866 4605 1012 4672 ἰδεῖν,
1049 4606 1085 4661 ἃ.
1116 4607 1189 4679 μὴ
1219 4609 1376 4678 θέμις
1403 4609 1533 4662 ἰδεῖν
1559 4625 1574 4640 ⁸
1604 4611 1793 4683 ὥσπερ

220 4698 328 4766 γὰρ
371 4697 761 4768 ἐπιλαθόμενος
791 4698 889 4768 τῆς
932 4699 1250 4763 δεσποτείας
1277 4739 1290 4762 ,
1344 4702 1436 4756 καὶ
1469 4701 1528 4756 τὸ
1570 4703 1790 4775 φίλτρον

220 4787 562 4856 λογιζόμενος
619 4787 815 4856 μόνον,
852 4787 955 4858 ἔφη
993 4788 1126 4856 πρὸς
1173 4789 1262 4842 τὸν
1303 4790 1414 4844 τῶν
1459 4791 1596 4846 ὅλων
1626 4794 1788 4846 956v-

226 4897 242 4928 ι
302 4879 454 4945 Ἰδοὺ,
489 4881 553 4932 σὺ
580 4879 760 4946 λέγεις
795 4896 884 4950 μοι
910 4897 924 4912 ο
962 4874 1133 4950 Εὖρες
1156 4882 1317 4953 χάριν
1344 4883 1474 4955 παρ’
1504 4885 1650 4954 ἐμοὶ,
1693 4887 1790 4940 καὶ

219 4966 336 5022 οἶδά
367 4987 423 5022 σε
453 4971 603 5041 παρὰ
632 4973 861 5035 πάντας.
886 4973 950 5026 Εἰ
971 4972 1147 5026 τοίνυν
1171 4969 1328 5046 εὗρον
1361 4977 1521 5048 χάριν
1553 4979 1795 5032 ἐναντίον

221 5077 334 5114 σου.
373 5061 672 5129 ἐμφάνισον
715 5080 805 5131 μοι
860 5063 1124 5116 σεαυτόν’
1180 5067 1436 5132 γνωστῶς
1485 5060 1580 5122 ἴδω
1634 5087 1717 5125 σε.
1767 5089 1788 5122 ι

218 5150 487 5219 Τοιαύτην
528 5153 636 5206 ἀπὸ
685 5155 788 5224 τῆς
845 5155 997 5221 θείας
1053 5159 1274 5230 ἀγάπης
1323 5160 1542 5225 ἐδέξατο
1596 5164 1788 5236 μέθην,

217 5244 311 5295 καί
339 5245 373 5313 ἡ
408 5245 548 5314 μέθη
579 5246 638 5299 τὸ
667 5247 818 5317 δίψος
851 5250 950 5303 οὐκ
980 5251 1236 5313 ἔσϐεσεν,
1269 5252 1404 5306 ἀλλὰ
1434 5255 1788 5327 σφοδρότερον

215 5333 614 5406 ἀπειργάσατο.
639 5339 744 5390 Καὶ
771 5342 802 5410 ἡ
834 5341 1118 5413 προσθήκη
1147 5343 1247 5414 τῆς
1275 5345 1504 5408 πόσεως,
1541 5348 1790 5414 ἰπίτασις

211 5428 430 5494 ἐγένετο
458 5429 556 5499 τῆς
582 5433 843 5503 ἐφέσεως,
871 5435 964 5487 καὶ
989 5434 1088 5504 τὴν
1112 5435 1290 5504 ὄρεξιν
1317 5437 1553 5507 ηὔξησεν
1587 5442 1617 5494 ’δ
1642 5440 1785 5494 ἀπό-ο

286 5623 312 5654 ⁸
347 5610 518 5670 Exod.
553 5616 808 5682 xxiv.55,
849 5617 933 5670 5-4.
1017 5618 1042 5657 ὶν
1078 5619 1242 5677 Exod.
1279 5639 1503 5688 xxvvm,
1549 5624 1627 5678 i5.

1911 3067 2135 3130 ventes,
2170 3057 2607 3113 vehementiores
2641 3057 2927 3111 charitatis
2975 3057 3196 3111 aculeos
3227 3057 3487 3122 cilicium,

1908 3157 1963 3203 et
2011 3149 2217 3219 1301
2273 3159 2478 3219 quanto
2535 3149 2708 3218 magis
2771 3147 2874 3202 frui
2933 3147 3286 3214 desiderant,
3337 3157 3490 3202 tanto

1909 3243 2084 3310 magis
2143 3241 2448 3296 satietatem
2537 3241 2835 3309 depellunt.
2933 3238 3066 3292 Nam
3153 3240 3488 3308 voluptatem

1907 3331 2130 3400 quidem
2186 3346 2480 3400 corporum
2558 3333 2808 3400 sequitur
2890 3331 3119 3386 satietas
3185 3349 3200 3386 :
3265 3332 3488 3386 divinus

1908 3429 2092 3476 autem
2141 3437 2298 3477 amor
2345 3423 2618 3478 satietatis
2663 3423 2812 3490 leges
2860 3437 2969 3476 non
3027 3422 3284 3476 admittit.
3338 3421 3488 3476 Talis

1907 3521 2028 3567 erat
2079 3528 2312 3583 magnus
2365 3513 2648 3583 legislator
2679 3511 2857 3568 Moses
2880 3523 2929 3576 II,
2982 3512 3076 3582 qui
3131 3527 3256 3566 cum
3305 3510 3486 3564 divina

1912 3618 2055 3674 saepe
2106 3605 2612 3675 contemplatione,
2659 3611 2928 3672 quantum
2970 3601 3180 3656 homini
3227 3601 3310 3654 las
3348 3601 3484 3664 luit,

1905 3701 2110 3768 dignus
2137 3704 2286 3752 esset
2319 3696 2576 3760 habitus,
2619 3705 2674 3752 et
2711 3695 3028 3765 frequenter
3056 3696 3270 3749 beatam
3299 3709 3484 3748 vocem

1906 3791 2245 3854 audivisset,
2279 3787 2511 3857 diesque
2538 3787 2705 3843 simul
2731 3785 3094 3856 quadraginta
3123 3785 3269 3840 intra
3296 3785 3484 3854 caligi-

1905 3899 2029 3938 nem
2049 3889 2333 3943 versatus,
2358 3881 2603 3934 divinam
2635 3880 2808 3950 legem
2825 3879 3152 3948 accepisset,
3184 3895 3291 3932 non
3323 3879 3484 3932 modo

1904 3989 2029 4027 eum
2063 3972 2292 4026 satietas
2326 3985 2434 4023 non
2467 3969 2645 4031 cedit,
2697 3969 2792 4024 sed
2821 3977 2872 4024 et
2907 3968 3287 4023 vehementius
3318 3977 3483 4035 atque

1906 4063 2194 4116 ardentius
2230 4060 2564 4114 desiderium
2601 4059 2723 4126 ejus
2771 4060 3003 4113 exstitit.
3057 4060 3288 4113 Perinde
3334 4059 3478 4111 enim

1905 4168 1970 4206 ac
2015 4153 2058 4207 si
2092 4151 2245 4221 gravi
2277 4150 2512 4220 quodam
2541 4163 2744 4218 sopore
2784 4164 2846 4202 ex
2884 4148 3092 4202 amoris
3122 4148 3270 4202 illius
3299 4148 3479 4202 ebrie-

1904 4250 2018 4297 tate
2060 4254 2399 4311 oppressus,
2449 4248 2503 4292 et
2532 4239 2692 4308 quasi
2743 4237 2980 4307 quodam
3037 4238 3240 4292 amoris
3293 4237 3477 4291 furore

1903 4349 2068 4404 supra
2109 4331 2332 4386 modum
2372 4329 2650 4400 percitus,
2696 4329 2976 4399 propriam
3023 4335 3276 4383 naturam
3325 4328 3478 4396 igno-

1900 4426 2076 4488 ravit,
2123 4433 2178 4479 et
2213 4437 2278 4478 ea
2321 4423 2509 4476 videre
2557 4419 2930 4482 desideravit,
2987 4434 3112 4486 quae
3161 4417 3345 4472 \idere
3390 4416 3475 4473 fas

1897 4532 2007 4570 non
2055 4524 2164 4571 est.
2215 4514 2383 4580 Quasi
2439 4514 2585 4568 enim
2641 4511 2849 4567 oblitus
2897 4510 3164 4572 dominii,
3201 4519 3258 4564 et
3294 4510 3472 4566 solum

1897 4623 2140 4662 amorem
2179 4607 2366 4661 animo
2391 4620 2656 4666 versans,
2694 4603 2833 4657 dixit
2882 4603 3266 4658 universorum
3323 4601 3472 4657 Deo:

1901 4720 1920 4750 ι
1963 4698 2101 4753 Ecce
2129 4707 2187 4752 tu
2218 4699 2358 4754 dicis
2376 4698 2512 4752 mihi
2538 4714 2554 4751 :
2586 4696 2851 4752 Invenisti
2883 4697 3120 4766 gratiam
3143 4708 3328 4750 coram
3364 4709 3470 4753 me,

1895 4797 1948 4845 et
1979 4790 2105 4844 novi
2139 4798 2190 4844 te
2234 4805 2346 4860 pra:
2383 4788 2622 4843 cunctis.
2659 4787 2716 4842 Si
2747 4803 2880 4857 ergo
2931 4787 3112 4841 inveni
3145 4788 3374 4856 gratiam
3417 4786 3473 4838 in

1895 4888 2192 4950 conspectu
2239 4891 2369 4943 tuo,
2421 4877 2651 4935 ostende
2704 4877 2840 4931 mihi
2890 4877 3166 4945 teipsum,
3207 4883 3264 4928 ut
3302 4874 3471 4928 sciam

1889 4962 2025 5028 'teh.
2065 4989 2083 5024 ι
2121 4970 2354 5026 Tantam
2388 4986 2417 5025 a
2449 4971 2635 5025 divina
2671 4969 2973 5024 dilectione
3018 4967 3202 5021 hausit
3235 4966 3472 5020 ebrieta-

1894 5075 2002 5124 tem
2037 5085 2050 5123 :
2088 5083 2188 5122 nec
2219 5082 2282 5122 ea
2318 5075 2498 5120 tamen
2531 5065 2680 5119 sitim
2713 5063 2836 5131 ejus
2864 5061 3153 5123 restinxit,
3185 5058 3282 5115 sed
3318 5059 3473 5112 vehe-

1891 5161 2217 5217 mentiorem
2271 5159 2544 5224 reddidit,
2615 5165 2671 5213 et
2719 5157 2968 5212 accessio
3019 5163 3190 5225 potus
3235 5150 3469 5206 intentio

1897 5251 2158 5308 desiderii
2207 5251 2349 5305 facta
2381 5260 2502 5314 est,
2551 5247 3016 5318 ctappetitionem
3067 5245 3220 5298 anxit
3259 5241 3464 5296 l'ruitio.

1897 5344 1966 5398 Et
1994 5342 2462 5414 quemadmodum
2504 5341 2676 5411 ignis,
2729 5347 2935 5407 quanto
2986 5337 3105 5406 plus
3145 5330 3464 5389 nutrimenti

1897 5437 2124 5508 suscipit
2148 5475 2160 5503 ,
2189 5442 2344 5490 tanto
2367 5433 2632 5505 majorem
2659 5431 2766 5486 vim
2795 5429 3038 5494 exserit,
3067 5435 3295 5499 augetur
3318 5425 3462 5482 enim
