3898 6196
580 196 719 263 1503

1571 194 2061 257 THEODORETI
2100 192 2440 254 EPISCUPI
2489 193 2848 254 CYRENSIS
3595 207 3677 274 lilii

579 306 934 380 appositiunc
979 307 1262 375 materiae,
1294 313 1489 364 etnon
1535 308 1828 365 hebetatur
1879 327 1893 365 :
1941 309 2022 365 sic
2069 307 2113 361 D

2139 307 2165 361 ei
2196 311 2242 368 Α
2269 307 2481 369 λαυσις.
2515 308 2624 360 Καὶ
2657 307 2903 378 καθάπερ
2946 303 3008 358 τὸ
3036 307 3175 377 πῦρ,
3208 307 3310 380 ὅσῳ
3334 309 3519 366 πλείονα
3553 323 3678 390 τροςὶςν

576 399 804 453 dilectio
853 411 1039 453 rerum
1091 397 1403 452 divinarum
1453 400 1920 469 contemplatione
1971 399 2162 454 incen-

576 491 748 553 ditur,
786 496 841 543 et
865 488 1328 544 vehementiorem
1363 490 1492 545 inde
1522 491 2008 561 ardentioremque
2031 504 2163 561 ope-

577 584 849 637 rationem
886 581 1073 652 recipil
1124 599 1137 636 :
1185 582 1397 652 1302
1429 589 1484 637 et
1512 590 1721 648 quanto
1765 585 1891 653 quis
1924 583 2161 653 amplius

578 676 633 727 in
661 672 864 729 divinis
895 673 1202 736 institerit,
1259 683 1415 728 tanto
1463 675 1642 744 magis
1673 675 1964 730 charitalis
2008 672 2162 728 ﬂam-

579 781 722 822 mam
781 765 1010 820 excitat.
1056 766 1234 836 Atque
1281 767 1386 821 hoc
1441 781 1542 820 nos
1571 782 1681 822 non
1712 768 1892 822 solum
1929 782 2162 838 magnus

579 857 770 910 docuit
799 857 1010 921 Moses,
1045 859 1139 913 sed
1169 858 1333 912 etiam
1363 866 1556 913 sancta
1586 860 1677 913 illa
1700 874 1935 929 sponsa,
1964 859 2031 913 de
2053 874 2161 929 qua

577 951 802 1005 divinus
825 951 902 1004 ait
936 949 1176 1006 Paulus:
1209 968 1227 1001 ι
1270 950 1540 1022 Despondi
1568 967 1665 1007 vos
1702 953 1795 1006 uni
1830 943 1966 1020 viro,
1990 953 2160 1024 virgi-

580 1058 704 1094 nem
737 1049 948 1097 castam
968 1042 1226 1097 exhibere
1257 1043 1476 1099 Christo
1497 1047 1543 1097 °.
1577 1063 1595 1095 ι
1625 1043 1746 1099 llaec
1763 1046 1910 1100 enim
1933 1046 1988 1100 in
2017 1045 2160 1101 Can-

581 1133 690 1186 tico
725 1133 1064 1187 canticorum
1114 1132 1179 1186 ad
1215 1149 1482 1203 sponsum
1540 1137 1745 1189 clamat
1794 1154 1808 1191 :
1851 1155 1869 1188 ‹
1921 1135 2162 1192 Ostende

583 1222 714 1273 mihi
751 1221 948 1276 faciem
976 1229 1164 1285 tuam,
1201 1232 1360 1277 sonet
1385 1239 1488 1279 vox
1521 1231 1610 1277 tua
1638 1226 1691 1278 in
1727 1226 1955 1281 auribus
1982 1227 2156 1282 meis:

583 1328 686 1365 vox
726 1313 872 1367 enim
926 1321 1017 1366 tua
1073 1313 1283 1376 dulcis,
1347 1324 1402 1369 et
1456 1313 1631 1370 facies
1681 1324 1773 1370 tua
1819 1318 2019 1372 decora
2042 1316 2091 1373 δ.
2137 1336 2155 1370 ι

581 1402 656 1455 Ex
693 1403 779 1458 his
803 1403 948 1458 enim
975 1419 1099 1473 quae
1132 1405 1200 1460 de
1225 1405 1346 1475 ipso
1380 1407 1631 1460 audierat
1663 1407 1792 1472 dici,
1824 1408 1943 1477 ejus
1974 1425 2162 1464 amore

582 1503 773 1564 capta,
829 1510 941 1549 non
986 1505 1071 1551 est
1119 1504 1378 1550 contenta
1426 1498 1646 1563 verbis,
1685 1499 1776 1553 sed
1825 1500 1999 1569 ipsam
2044 1501 2162 1568 ejus

582 1600 772 1639 vocem
803 1586 995 1640 audire
1048 1587 1330 1642 desiderat
1381 1607 1398 1644 :
1453 1598 1507 1644 et
1537 1606 1604 1645 ex
1652 1589 1718 1645 iis
1749 1606 1873 1660 quae
1900 1591 1967 1646 de
2013 1592 2162 1647 illius

2269 397 2620 468 ὑποδέχεται,
2686 397 2920 467 τοσούτῳ
2969 397 3184 467 μείζονα
3232 398 3320 469 τὴν
3365 401 3584 474 ἐνέργειαν
3619 413 3678 464 tu.

2275 504 2462 540 κνυσιν
2511 485 2756 558 (αὔξεται
2787 488 2897 558 γὰρ
2929 485 3061 556 αὕτη
3103 489 3166 558 τῇ
3209 488 3457 562 προσθήκῃ
3494 494 3677 567 ﬁxum,

2267 576 2384 630 ἀλλ’
2421 577 2521 630 οὐκ
2571 575 2962 647 ἀμϐλύνεται)·
3011 576 3176 640 οὕτως
3219 579 3251 648 ή
3298 580 3415 650 πρὸς
3437 583 3541 636 Θεδν
3567 588 3678 661 ἀγάπη

2268 670 2334 740 τῇ
2364 668 2567 740 θεωρίᾳ
2606 667 2715 723 τῶν
2746 667 2906 722 θείων
2941 667 3286 739 πυρσεύεται.
3327 673 3408 725 καὶ
3436 676 3679 750 σφοδροτέραν

2267 759 2500 824 ἐκεῖθεν,
2551 761 2645 814 καὶ
2675 759 3013 833 θερμοτέραν
3044 762 3143 832 τὴν
3175 761 3424 832 ἔνέργειαν
3451 767 3676 840 ὑποδέχετιί.

2267 853 2376 906 Καὶ
2396 853 2505 924 ὅσῳ
2524 853 2590 907 ἄν
2613 871 2702 918 τις
2722 853 2882 907 πλέον
2909 855 3020 916 τοῖς
3045 853 3202 917 θείοις
3228 855 3512 932 ἐνδιατρίψῃ,
3532 866 3678 934 τοσούτῳ

2272 940 2474 1010 μᾶλλον
2506 939 2733 1005 ἐξάπτει
2772 941 2871 1011 τῆς
2922 940 3141 1009 ἀγάπης
3185 940 3276 1013 τὴν
3301 943 3466 1012 φλόγα.
3491 948 3680 1004 Καὶτοῦτο

2266 1033 2415 1103 ἡμᾶς
2443 1033 2503 1086 ού
2534 1033 2696 1104 μόνον
2733 1035 2762 1087 ὁ
2813 1033 2990 1104 μέγας
3039 1033 3235 1100 ἐδίδαξε
3261 1035 3484 1107 Μωῦσῆς,
3507 1039 3601 1093 ἀλλὰ
3631 1049 3679 1096 ua

2267 1125 2301 1194 ἡ
2338 1123 2470 1192 ἁγία
2499 1125 2684 1196 νύμφη
2710 1167 2726 1191 ,
2765 1127 2898 1196 περὶ
2924 1119 2994 1196 ἦς
3021 1127 3049 1179 ὁ
3087 1123 3349 1189 θεσπέσιος
3380 1127 3499 1195 λέγει
3527 1131 3675 1195 Παῦλος

2273 1233 2293 1267 ε
2331 1215 2691 1286 Ἥρμοσάμην
2719 1216 2862 1286 ὑμᾶς
2891 1216 2974 1269 ἑνὶ
2995 1215 3146 1287 ἀνδρὶ
3172 1216 3409 1286 παρθένον
3430 1219 3558 1288 ἁγνὴν
3580 1241 3677 1291 περι.

2270 1306 2465 1376 στῆσαι
2503 1306 2579 1376 τῷ
2607 1305 2850 1377 Χριστῷ.
2893 1326 2914 1359 ι
2945 1306 3092 1377 Αὕτη
3123 1307 3228 1378 γάρ
3255 1309 3304 1361 έν
3329 1309 3398 1378 τῷ
3429 1311 3676 1380 ᾋσματιτὲεν

2269 1397 2529 1468 ᾀσμάτων
2560 1397 2696 1468 πρὸς
2727 1397 2818 1450 τὸν
2858 1399 3091 1468 νυμφίον
3129 1396 3224 1468 βοᾷ
3245 1415 3259 1428 ’
3291 1417 3310 1451 ι
3352 1399 3500 1464 Δεῑξόν
3533 1419 3594 1470 μοι
3624 1405 3674 1473 τὴν

2267 1485 2390 1555 ὄψιν
2421 1503 2516 1539 σου
2538 1527 2552 1554 ,
2585 1487 2680 1540 καὶ
2715 1486 3008 1542 ἀκούτισὸν
3042 1505 3130 1559 μοι
3159 1488 3254 1558 τῆς
3281 1489 3440 1558 φωνῆς
3477 1507 3574 1552 σον,
3596 1493 3673 1560 ὅτιῄ

2269 1578 2419 1648 φωνή
2456 1595 2549 1632 σου
2584 1578 2758 1650 ἡδεῖα,
2805 1578 2903 1632 καὶ
2941 1580 2974 1650 ἡ
3003 1579 3124 1650 ὄψις
3156 1597 3246 1634 σου
3273 1581 3442 1654 ὡραῖα.
3474 1601 3487 1634 ι
3526 1583 3590 1636 Ἐκ
3618 1587 3672 1652 γὰρ

583 1675 997 1745 puldiritudiue
1027 1679 1242 1732 narrari
1277 1679 1560 1746 audierat,
1597 1689 1858 1750 tanquam
1891 1683 2014 1738 aliis
2035 1684 2122 1739 sui

2132 1701 2165 1735 ι-
2196 1671 2236 1726 Β
2265 1670 2376 1724 τῶν
2415 1671 2544 1743 περὶ
2596 1671 2762 1725 αὐτοῦ
2807 1670 2984 1740 λόγων
3027 1672 3282 1743 δεξαμένη
3309 1673 3390 1726 τὸν
3430 1673 3589 1744 ἔρωτα,
3623 1677 3671 1726 ιιι

583 1774 775 1828 vecta,
825 1766 1002 1835 ipsius
1040 1782 1264 1837 quoque
1292 1779 1595 1839 conspectu
1651 1771 1757 1825 frui
1813 1773 2004 1842 cupit,
2055 1775 2164 1828 vim

583 1855 789 1910 amoris
853 1855 1168 1911 laudatione
1225 1859 1313 1911 illa
1369 1860 1691 1930 significans
1734 1879 1747 1914 :
1801 1879 1820 1913 ε
1873 1861 2161 1930 Ostende,

581 1947 760 2010 mihi,
816 1947 1033 2016 inquit,
1093 1948 1286 2003 faciem
1339 1958 1524 2016 tuam,
1585 1960 1640 2005 ct
1679 1964 1836 2006 sonet
1899 1970 2002 2008 rex
2068 1964 2160 2008 tua

583 2038 638 2091 in
684 2037 914 2092 auribus
947 2039 1127 2093 meis:
1178 2056 1276 2093 vox
1309 2043 1454 2095 enim
1497 2050 1590 2096 tua
1643 2044 1857 2108 dulcis,
1899 2055 1955 2100 et
1999 2045 2166 2103 facies

583 2134 677 2179 tua
715 2126 934 2182 decora.
993 2147 1014 2180 ι
1053 2127 1230 2199 llujus
1286 2131 1450 2188 etiam
1512 2134 1942 2204 pulchritudinis
1983 2153 2168 2194 amore

585 2228 783 2289 captus
839 2220 989 2277 illius
1035 2237 1272 2292 sponsor
1331 2239 1394 2279 ac
1436 2228 1870 2298 paranymphus,
1921 2229 2164 2297 divinus,

587 2309 835 2379 inquam,
871 2310 1111 2378 Paulus,
1165 2314 1456 2370 amabilem
1505 2317 1653 2371 illam
1715 2320 1904 2375 amisit
1955 2334 2164 2375 vacem.

591 2422 610 2454 ι
675 2402 814 2470 Quis
863 2419 967 2460 nos
1029 2407 1310 2484 separabit
1350 2423 1380 2462 a
1432 2409 1702 2466 cbaritate
1762 2409 2016 2468 Christi?
2069 2413 2168 2468 tri-

587 2492 834 2558 bulatio,
889 2507 959 2549 an
1011 2497 1306 2568 angustia,
1373 2514 1440 2552 an
1476 2498 1670 2566 fames,
1721 2513 1790 2554 an
1833 2505 2167 2572 persecutio,

586 2599 656 2636 an
719 2583 978 2650 nuditas,
1048 2600 1116 2640 an
1180 2587 1521 2657 periculum,
1583 2603 1652 2643 an
1713 2590 1964 2662 gladius?
2025 2593 2168 2649 sicut

587 2675 860 2746 scriptum
907 2684 993 2732 est
1030 2695 1044 2732 :
1089 2680 1217 2748 quia
1259 2689 1481 2750 propter
1531 2689 1581 2736 te
1623 2681 2020 2738 mortiﬁcamur
2055 2693 2167 2739 tota

585 2767 708 2830 die,
755 2767 1010 2822 aestimati
1061 2785 1255 2827 sumus
1303 2771 1448 2827 sicut
1504 2786 1636 2828 oves
1687 2773 1988 2830 occisionis
2043 2786 2090 2829 ο.
2143 2794 2162 2828 ι

585 2857 795 2914 Deinde
817 2867 875 2915 et
898 2862 1206 2918 tolerantiae
1225 2864 1388 2934 hujus
1411 2865 1655 2920 ostendit
1678 2881 1942 2946 causam:
1976 2888 1993 2921 ι
2030 2868 2166 2926 Nam

585 2951 638 3003 iu
672 2951 780 3016 his,
809 2951 1028 3022 inquit,
1065 2955 1326 3012 omnibus
1370 2971 1716 3027 superamus,
1749 2969 1974 3031 propter
1999 2960 2164 3018 Deum

584 3042 677 3109 qui
709 3019 902 3097 dilexit
935 3060 1058 3100 nos.
1104 3064 1122 3097 ι
1149 3019 1583 3104 Considerantes
1605 3019 1796 3114 enim,
1827 3019 2018 3120 quales
2041 3069 2166 3108 cum
2195 3019 2237 3077 ο

585 3147 858 3199 essemus,
900 3134 1214 3203 cujusmodi
1243 3139 1261 3157 ⁹
1295 3136 1456 3191 bonis
1485 3136 1664 3192 aﬂ‘ecti
1713 3137 1912 3202 simus,
1946 3147 2000 3194 et
2032 3155 2170 3210 quo-

586 3225 754 3279 modo
807 3239 918 3280 non
974 3227 1135 3296 primi
1181 3242 1284 3282 nos
1329 3228 1644 3295 dileximus,
1680 3229 1777 3285 sed
1829 3231 2006 3286 amari
2049 3231 2170 3288 red-

584 3314 895 3371 amavimus
930 3334 944 3371 :
976 3318 1120 3372 etab
1153 3333 1241 3385 eo,
1278 3335 1440 3389 quem
1465 3320 1593 3376 odio
1618 3321 1974 3388 habebamus,
2005 3324 2167 3378 amati

583 3422 809 3475 ειιιιιιιε,
858 3425 1092 3478 cumque
1129 3409 1338 3466 inimici
1377 3410 1588 3482 1303
1640 3427 1928 3480 essemus,
1975 3429 2169 3470 recon-

583 3499 756 3555 ciliati
792 3516 985 3558 sumus
1021 3502 1066 3568 τ,
1096 3518 1206 3558 non
1255 3503 1362 3574 ipsi
1416 3517 1517 3574 pro
1549 3505 1998 3560 reconciliatione
2036 3521 2165 3576 sup-

583 3592 895 3663 plicantes,
955 3594 1052 3649 sed
1102 3594 1533 3651 intercessorem
1593 3595 1858 3650 habentes
1905 3595 2167 3664 Uuigeni-

585 3695 724 3747 tum,
752 3692 806 3738 et
829 3684 925 3754 qui
957 3684 1218 3753 injuriam
1243 3685 1633 3748 intuleramus,
1659 3685 1728 3738 ab
1751 3683 1946 3739 aﬂ'ecto
1967 3686 2166 3755 injuria

585 3775 1020 3829 consolationem
1063 3775 1378 3845 accepimus
1412 3793 1425 3830 :
1455 3790 1674 3830 crucem
1693 3784 1900 3846 praeter
1922 3791 1984 3832 ea
2013 3778 2162 3832 salu-

586 3873 762 3919 tarem
783 3865 1176 3936 expendentes,
1208 3866 1450 3937 itemque
1478 3880 1580 3938 pro
1604 3867 1765 3922 nobis
1795 3868 2122 3923 crucifixum
2148 3907 2163 3934 ,

583 3959 860 4014 salutares
903 3958 1196 4028 passiones
1224 3998 1239 4022 ,
1310 3960 1507 4016 mortis
1562 3959 1757 4027 ﬁnem,
1795 3975 1945 4032 spem
1978 3977 2163 4018 resur-

587 4047 853 4104 rectionis
878 4047 1042 4104 nobis
1072 4049 1280 4104 datam.

659 4223 782 4280 llaec
800 4231 861 4280 et
887 4223 1158 4295 ejusmodi
1182 4227 1288 4281 alia
1310 4228 1746 4297 considerantes,
1781 4228 1939 4286 facile
1963 4231 2157 4302 gravia

586 4331 818 4386 quaeque
846 4316 1007 4372 nobis
1038 4318 1350 4388 ingruentia
1397 4335 1746 4390 superamus,
1780 4327 1834 4375 et
1865 4321 2162 4378 beneficio-

587 4422 708 4460 rum
744 4408 1186 4464 recordationem
1215 4425 1338 4464 cum
1382 4411 1715 4481 temporaria
1743 4412 1993 4482 corporis
2023 4412 2161 4467 afﬂi-

587 4500 772 4555 ctione
799 4509 1208 4570 comparantes,
1235 4501 1552 4573 graviorum
1590 4517 1772 4558 rerum
1809 4504 2159 4563 incursiones

586 4589 824 4646 libenter
851 4592 1220 4647 sustinemus:
1255 4594 1516 4663 quoniam
1549 4595 1804 4650 universa
1847 4598 1971 4651 vitae
2005 4599 2161 4651 tat-dia

587 4691 714 4734 cum
753 4679 968 4736 Domini
1021 4698 1208 4738 amore
1255 4685 1642 4754 ponderantes,
1678 4686 1973 4742 admodum
2025 4688 2164 4744 levia

589 4767 682 4820 illa
713 4767 1200 4838 deprehendimus.
1248 4771 1406 4839 Quod
1443 4774 1489 4828 si
1520 4781 1742 4842 cuncta,
1775 4790 1896 4846 qum
1923 4776 2166 4848 jucunda

588 4867 642 4913 ct
671 4859 1011 4916 dclectabilia
1041 4863 1295 4918 videntur
1324 4865 1377 4918 in
1406 4864 1508 4919 hac
1539 4866 1672 4930 vita,
1718 4867 1772 4921 in
1813 4884 1980 4923 unum
2012 4870 2166 4926 rede-

589 4949 852 5019 gerimus,
879 4965 948 5006 ex
973 4951 1206 5010 adverso
1239 4955 1470 5012 libratus
1503 4956 1725 5014 divinus
1773 4974 1927 5016 amor
1977 4964 2167 5018 umbra

591 5041 786 5109 quavis
823 5041 1187 5099 imbecilliora
1213 5046 1326 5111 illa,
1363 5049 1664 5119 vernisque
1713 5050 1942 5108 floribus
1972 5069 2165 5110 corru-

595 5133 874 5204 ptibiliora
931 5136 1298 5194 demonstrat.
1358 5138 1483 5195 Haec
1533 5142 1732 5212 partim
1787 5156 1918 5200 ante
1968 5145 2168 5214 dictis,

599 5226 797 5293 partim
822 5237 874 5283 et
913 5238 1036 5298 post
1069 5228 1322 5287 dicendis
1349 5231 1602 5301 designat
1634 5234 1946 5292 manifeste.
1978 5255 1994 5289 ι
2039 5238 2170 5293 Cer-

595 5326 688 5374 tus
725 5335 845 5376 sum
893 5321 1062 5388 enim,
1105 5323 1304 5394 inquit,
1361 5324 1509 5396 quod
1568 5341 1746 5398 neque
1787 5343 1958 5394 mors,
1997 5344 2173 5400 neque

598 5415 730 5475 vita,
760 5428 937 5484 neque
973 5416 1172 5486 angeli,
1193 5431 1370 5488 neque
1401 5417 1761 5490 principatus,
1805 5436 1982 5492 neque
2017 5434 2167 5491 pote-

673 5601 695 5630 α
734 5591 774 5644 ll
815 5592 937 5649 Cor.
983 5595 1133 5660 “,9.
1214 5594 1237 5633 ἀ
1279 5596 1438 5654 Cant.
1467 5613 1524 5667 ll,
1555 5598 1638 5653 14.

2269 1761 2522 1832 ἀρκεῖται
2572 1764 2688 1827 τοῖς
2718 1762 2935 1832 λόγοις,
2981 1762 3115 1817 ἀλλά
3167 1765 3255 1816 καὶ
3307 1765 3450 1836 αὐτῆς
3489 1766 3671 1819 inero-33::

2269 1851 2426 1904 ποθεῖ
2457 1852 2556 1922 τῆς
2601 1853 2807 1922 φωνῆς.
2858 1852 2972 1907 Καὶ
3019 1854 3337 1926 πτερωθεῖσα
3372 1858 3464 1918 τοῖς
3503 1859 3592 1926 περὶ
3621 1857 3672 1922 τῆς

2267 1940 2418 2011 ὥρας
2445 1942 2611 1996 αὐτοῦ
2639 1943 2963 2015 διηγήμασι,
3005 1945 3098 1998 καὶ
3134 1945 3293 2016 αὐτῆς
3320 1946 3492 2015 ἐφίεται
3520 1947 3669 2017 figim-

2270 2032 2418 2103 ρίας,
2447 2037 2569 2097 ταῖς
2597 2037 2922 2105 εἰρημέναις
2962 2038 3250 2108 εὐφημίαις
3277 2038 3331 2092 τὸ
3371 2038 3541 2110 φίλτρον
3561 2040 3670 2108 σημαία

2268 2142 2453 2181 νουσα.
2491 2146 2510 2178 ι
2543 2127 2724 2196 Δεῖξύν
2763 2145 2879 2200 μοι,
2920 2131 3074 2200 φησὶ,
3103 2131 3198 2200 τὴν
3234 2130 3346 2199 ὄψιν
3371 2148 3474 2196 σου,
3497 2131 3670 2183 καίων

2268 2217 2418 2271 τισόν
2458 2235 2550 2288 μοι
2587 2219 2685 2289 τῆς
2736 2220 2932 2290 φωνῆς
2982 2238 3111 2287 σου,
3144 2223 3274 2293 ὄτιὴ
3329 2223 3454 2292 φωνή
3480 2239 3547 2274 σου
3576 2223 3668 2290 iisin

2269 2310 2361 2364 καὶ
2395 2310 2428 2380 ἡ
2467 2309 2590 2380 ὄψις
2618 2327 2709 2364 σου
2735 2311 2944 2383 ὡραῖα.
2980 2331 2998 2364 ι
3035 2311 3232 2366 Τούτου
3280 2312 3362 2366 τοῦ
3398 2312 3569 2374 κάλλους
3589 2315 3669 2364 nit

2267 2401 2472 2474 ταύτης
2522 2405 2900 2476 προμνήστωρ
2948 2407 3044 2459 καλ¹
3089 2406 3421 2477 ννμφοστόλος
3451 2405 3667 2473 nauem

2269 2491 2559 2558 θεσπέσιος
2581 2535 2598 2560 ,
2652 2496 2796 2566 φημί
2819 2537 2834 2562 ,
2876 2495 3098 2561 Παῦλος
3123 2540 3136 2562 ,
3171 2496 3265 2566 τὴν
3302 2495 3518 2568 ἐρωτικὴν
3548 2494 3666 2560 tanaim

2267 2584 2448 2655 ἀφῆκε
2480 2586 2664 2655 φωνήν
2682 2604 2694 2617 ·
2733 2605 2752 2639 ι
2777 2587 2875 2652 Τίς
2913 2591 3064 2661 ἡμᾶς
3088 2589 3298 2660 χωρίσει
3325 2588 3418 2642 ἀπὸ
3452 2589 3523 2658 τῆς
3545 2588 3665 2653 ἀγάπης

2266 2675 2361 2731 τοῦ
2402 2678 2674 2748 Χριστοῦ;
2729 2679 2969 2751 Θλίψις,
3020 2683 3053 2755 ἢ
3097 2680 3422 2752 στενοχωρία,
3456 2676 3663 2750 ἢλιμδςνῆ

2265 2768 2542 2840 διωγμὸς,
2606 2773 2640 2844 ἢ
2687 2774 2974 2847 γυμνότης
3001 2816 3017 2842 ,
3072 2774 3386 2845 ἢκίνδυνος,
3426 2772 3451 2842 ἢ
3493 2771 3663 2841 μάχαιριι

2267 2858 2452 2925 καθὼς
2487 2862 2822 2934 γέγραπται·
2854 2865 2946 2919 ὃτι
2979 2866 3142 2920 ἕνεκά
3173 2882 3261 2918 σου
3294 2860 3578 2931 θανατούμεθα
3599 2858 3664 2922 ὅλην

2268 2946 2370 3018 τὴν
2391 2950 2628 3021 ἡμέραν,
2652 2951 2907 3024 ἐλογίσθη
2917 2971 3020 3025 μεν
3039 2953 3111 3018 ὡς
3135 2954 3358 3026 πρόϐατα
3376 2950 3544 3021 σφαγῆς.
3567 2942 3664 2999 illis

2271 3040 2367 3094 καὶ
2416 3042 2516 3107 τῆς
2559 3042 2862 3114 καρτερίας
2925 3044 3262 3098 ὑποδείκνυσι
3291 3041 3374 3113 τὴν
3422 3039 3592 3094 αἰτίης
3623 3035 3667 3084 Ἑν

2270 3130 2482 3196 τούτοις
2506 3130 2638 3203 γὰρ,
2670 3135 2830 3204 φησὶ,
2873 3138 3017 3191 πᾶσι
3047 3134 3399 3209 ὑπερνικῶμεν
3427 3128 3666 3192 611119“?!-

2269 3223 2544 3294 πήσαντος
2571 3225 2718 3294 ἡμᾶς
2740 3225 2898 3280 Θεοῦ.
2940 3246 2960 3280 ι
2991 3227 3342 3299 Σκοπούμενοι
3365 3225 3444 3293 γὰρ
3465 3217 3668 3279 τίνεςδντες

2269 3312 2431 3369 τίνων
2487 3314 2890 3387 ἀπηλαύσαμεν
2951 3319 3210 3390 ἀγαθῶν,
3268 3315 3432 3382 καὶ
3469 3312 3540 3380 0‘51
3569 3308 3667 3376 ἧβεῖἶ

2268 3407 2638 3479 ἠγαπήσαμεν
2687 3409 2945 3481 πρῶτοι,
3007 3411 3125 3465 ἀλλ’
3175 3407 3486 3480 ἀγαπηθέντες
3523 3401 3666 3465 ἀπηγε-

2269 3497 2526 3569 πήσαμεν
2551 3515 2564 3529 ·
2617 3498 2712 3552 καὶ
2763 3500 3055 3570 μισοῦντες
3083 3499 3446 3572 ὴγαπήθημεν,
3472 3491 3538 3547 καὶ
3562 3485 3667 3558 ἐχθρθἱ

2268 3587 2422 3653 ὅντες
2451 3589 2876 3662 κατηλλάγημεν
2902 3608 2917 3622 ·
2954 3594 3056 3648 οὐκ
3088 3593 3236 3647 αὐτοὶ
3265 3592 3418 3662 τυχεῖν
3438 3585 3518 3639 τῶν
3546 3578 3666 3634 basiis-

2267 3678 2380 3747 γῶν
2429 3680 2808 3746 ἱκετεύσαντες
2836 3723 2851 3746 ,
2889 3683 3032 3738 ἀλλά
3087 3684 3177 3739 τὸν
3227 3679 3466 3749 Μονογενῆ
3502 3671 3666 3740 δεξάμενα

2268 3770 2608 3842 πρεσϐευτήν
2637 3789 2651 3802 ·
2686 3774 2779 3826 καὶ
2809 3774 2860 3828 οἱ
2887 3775 3209 3846 ἠδικηκότες
3241 3773 3335 3828 ὑπὸ
3355 3769 3432 3824 τοῦ
3454 3762 3666 3832 samum»;

2268 3863 2749 3935 παρακληθέντεςς
2805 3867 2902 3921 καὶ
2939 3868 3078 3940 πρὸς
3116 3868 3312 3930 τούτοις
3354 3850 3666 3946 λογιζόμενοι

2267 3953 2531 4018 ζωοποιὸν
2566 3957 2822 4029 σταυρὸν,
2863 3959 2958 4014 τὸν
2985 3959 3127 4032 ὑπὲρ
3151 3959 3297 4031 ἡμῶν
3327 3947 3621 4022 σταυρωθέντα,
3638 3953 3670 3989 τι

2265 4045 2512 4117 σωτήρια
2565 4047 2712 4119 πάθη
2736 4087 2750 4114 ,
2791 4049 2888 4104 τού
2932 4049 3170 4106 θανάτου
3214 4051 3306 4120 τὴν
3333 4044 3528 4106 παῦλαν,
3552 4032 3670 4106 sint“

2266 4135 2450 4192 θεῖσαν
2478 4139 2609 4209 ἡμῖν
2636 4140 2736 4211 τῆς
2768 4141 3128 4208 ἀναστάσεως
3154 4141 3348 4196 ἐλπίδα.
3641 4212 3645 4221 ’

2335 4228 2520 4282 Ταῦτα
2537 4231 2633 4285 καὶ
2652 4230 2722 4284 τὰ
2736 4235 2958 4288 τοιαῦτα
2985 4233 3330 4304 σκοπούμενοι
3343 4228 3432 4282 τῶν
3444 4229 3672 4294 sparsim“

2265 4336 2372 4374 των
2394 4322 2525 4391 ἡμῖν
2549 4323 2943 4395 περιγινόμεθα
2965 4323 3317 4398 σκυθρωπῶν,
3349 4315 3527 4373 καὶτῶν
3549 4309 3674 4372 r3297:-

2265 4409 2396 4465 σιῶν
2411 4412 2508 4483 τὴν
2532 4413 2750 4486 μνήμην
2768 4416 3154 4486 παρατιθέντες
3166 4418 3227 4487 τῇ
3246 4407 3511 4485 προσκαίρῳ
3524 4407 3671 4490 καθ’

2265 4500 2389 4572 θείᾳ
2401 4502 2494 4556 τοῦ
2514 4503 2784 4576 σώματος,
2800 4506 3040 4578 φέρομεν
3065 4505 3330 4568 ἀσπασίως
3348 4501 3429 4570 τὴν
3439 4496 3522 4550 τῶν
3537 4492 3674 4552 suum

2266 4593 2591 4667 προσϐολήν.
2630 4577 3188 4661 Ἀντιταλαντεύοντες
3219 4596 3318 4666 γὰρ
3340 4591 3407 4662 τῷ
3440 4584 3536 4655 περὶ
3556 4577 3675 4675 τὸν-ΔΞ·

2269 4687 2474 4759 σπότην
2525 4688 2734 4762 φίλτρῳ
2782 4691 2959 4744 πάντα
3011 4693 3078 4746 τὰ
3118 4690 3210 4744 τοῦ
3239 4689 3344 4760 βίου
3372 4677 3558 4750 λυηράν
3580 4678 3675 4764 mg},

2265 4777 2386 4832 λίαν
2434 4779 2783 4851 εὑρίσκομεν.
2840 4781 2961 4837 Κᾶν
3006 4783 3074 4836 τά
3121 4779 3314 4852 τερπνὰ
3349 4776 3399 4830 δὲ
3445 4773 3598 4826 ἅπαντα
3630 4769 3676 4858 γλί

2267 4869 2487 4941 θυμήρη
2515 4870 2775 4926 δοκοῦντα
2823 4872 2967 4927 κατά
3040 4871 3230 4928 ταυτὸν
3281 4863 3604 4933 συναγάγωμεν,
3627 4861 3675 4944 :2:

2262 4961 2706 5035 τισταθμώμενος
2731 4965 2760 5018 ὁ
2788 4964 2928 5030 θεῖος
2953 4966 3133 5031 πόθος,
3161 4963 3306 5025 σκιᾶς
3324 4953 3614 5048 alim???“

2263 5051 2470 5106 ἀνθέων
2523 5053 2756 5123 ὲαρ’-νῶν
2787 5054 3192 5127 εὔφθαρτότερα
3235 5051 3461 5106 δείκνυσι.
3484 5040 3610 5091 Ταῦτα
3630 5040 3676 5075 11'-

2262 5142 2351 5198 διὰ
2375 5143 2485 5196 τῶν
2515 5145 2842 5217 εἰρημένων,
2873 5147 2967 5201 καὶ
2994 5147 3082 5201 διὰ
3127 5145 3233 5238 τῶν
3260 5131 3676 5238 λεχθησομέῒςυέν

2269 5235 2449 5306 μαίνει
2498 5237 2706 5306 σαφῶς.
2767 5256 2786 5291 ε
2841 5241 3145 5310 Πέπεισμαι
3177 5236 3297 5308 γὰρ.
3334 5230 3488 5322 φησῖντ
3520 5222 3576 5322 δτξ

2261 5329 2508 5393 θάνατος,
2545 5327 2667 5384 οὔτε
2699 5331 2834 5402 ζωὴ,
2871 5331 2990 5386 οὔτε
3052 5330 3288 5399 ἄγγελοι,
3327 5322 3432 5378 οὔτε
3463 5309 3677 5410 ἀρχαὶνξξί

2271 5418 2547 5491 δυνάμεις,
2579 5419 2701 5475 οὔτε
2739 5422 3027 5490 ἐνεστῶτα,
3060 5419 3178 5475 οὕτε
3215 5415 3459 5490 μέλλοντα,
3481 5401 3567 5456 οὔτε
3596 5401 3677 5457 ili”

1743 5612 1763 5639 ε
1804 5599 1959 5658 Rom.
1989 5618 2104 5671 νιιι,
2242 5619 2355 5675 seq.
2441 5603 2458 5642 ί
2492 5602 2647 5660 lion).
2689 5619 2742 5670 v,
2781 5602 2864 5658 12.
