3898 6196
141 373 247 440 1505

1086 364 1368 426 ORATIO
1416 364 1513 424 DE
1554 363 1818 425 DIVINA
1857 363 2309 426 CIIARVITATE.

3189 368 3322 434 1506

132 507 211 560 μα,
251 481 348 536 οὕτε
400 476 580 549 βάθος,
622 472 746 528 οὔτε
779 489 861 536 τις
915 472 1088 537 κτίσις
1128 474 1310 544 ἑτέρα,
1363 471 1644 543 δυνήσεται

1757 479 1950 536 states,
1981 487 2162 542 neque
2192 472 2477 540 instantia,
2509 488 2685 544 neque
2730 473 2935 541 futura,
2970 491 3146 547 neque
3200 481 3326 534 alti-

129 577 248 648 ἡμᾶς
288 569 503 644 χωρίσαι
552 567 662 621 ἀπὸ
687 566 805 644 πτῆς
849 566 1071 635 ἀγάπης
1121 565 1216 618 τοῦ
1250 564 1408 628 Θεοῦ,
1437 563 1535 631 τῆς
1591 563 1650 614 ἐν

124 664 304 739 Χριστῷ
334 659 504 730 Ἰησοῦ
531 658 609 728 τῷ
639 657 829 729 Κυρίῳ
867 656 1041 727 ἡμῶν.
1085 674 1104 706 ι
1153 655 1370 725 Ἐπειδὴ
1400 655 1507 724 γὰρ
1539 653 1650 706 ἀνω

119 761 175 813 τὰ
199 752 468 827 σκυθρωπά
522 749 658 821 μόνα
703 747 985 812 τεθεικὼς,
1047 747 1390 818 παρεξήτασε
1449 744 1646 814 θλίψιν,

119 850 198 902 καὶ
227 843 586 914 στενοχωρίαν,
617 841 712 894 καὶ
762 839 1024 908 διωγμὸν,
1076 838 1171 892 καὶ
1203 837 1382 908 λιμὸν,
1430 837 1525 890 καὶ
1555 852 1651 903 γυ-

118 941 332 1010 μνότητα,
366 936 462 988 καὶ
510 932 775 992 κίνδυνον,
804 930 899 984 καὶ
949 931 1242 1000 μάχαιραν,
1272 927 1519 981 τουτέστι
1550 925 1648 998 τὴν

115 1034 264 1102 βιαίαν
283 1028 492 1096 σφαγήν
517 1043 528 1054 ’
550 1023 773 1084 εἰκότως
792 1020 1044 1084 ἐνταῦθα,
1065 1020 1158 1073 καὶ
1179 1021 1246 1072 τὰ
1272 1018 1488 1089 θυμήρη
1516 1033 1649 1088 προ-

109 1123 259 1189 τίθησι
273 1120 378 1180 τοῖς
406 1115 692 1180 ἀλγεινοῖς,
735 1109 815 1180 τῷ
832 1109 1045 1178 Θανάτῳ
1068 1107 1166 1177 τὴν
1187 1106 1352 1176 ζωὴν,
1386 1105 1454 1159 τὰ
1483 1102 1649 1175 νοητά

107 1214 202 1273 τοῖς
231 1207 517 1275 αἰσθητοῖς,
567 1205 679 1264 τοῖς
707 1200 1007 1271 ὁρωμένοις
1046 1197 1146 1260 τὰς
1190 1197 1454 1267 ἀοράτως
1488 1194 1650 1247 δυνά-

107 1319 227 1374 μεις,
243 1302 343 1362 τοῖς
358 1294 592 1367 παροῦσι
618 1293 710 1346 καὶ
732 1289 1071 1360 παριοῦσιτά
1106 1286 1368 1359 μέλλοντά
1381 1303 1440 1339 τε
1463 1285 1558 1337 καὶ
1579 1285 1648 1338 τὰ

105 1395 302 1465 μένοντα
324 1408 336 1419 ο
369 1389 503 1459 πρὸς
527 1385 756 1448 τούτοις,
779 1385 876 1454 τῆς
898 1383 1120 1451 γεέννης
1137 1381 1198 1432 τὸ
1224 1379 1402 1450 βάθος,
1427 1378 1522 1431 καί⁵
1548 1377 1646 1448 τῆς

101 1484 345 1557 βασιλείας
388 1481 448 1534 τὸ
495 1479 648 1548 ῦψος.
697 1475 883 1530 Ταῦτα
927 1475 982 1527 δὲ
1033 1474 1210 1526 πάντα
1252 1470 1644 1542 παρεξετάσας,

99 1580 182 1631 καὶ
213 1575 375 1647 εὑρὼν
414 1573 629 1626 ἅπαντα
677 1569 754 1639 τῷ
793 1567 1000 1638 φίλτρῳ
1051 1564 1503 1636 παραχωροῦντα,
1553 1562 1648 1616 καὶ¹

96 1671 156 1723 τά
188 1666 391 1738 λυπηρά
444 1664 538 1716 καὶ
587 1662 654 1715 τὰ
697 1661 940 1731 θυμήρη,
993 1660 1088 1712 καὶ
1127 1658 1226 1726 τῆς
1285 1657 1505 1725 ἀγάπης
1549 1654 1646 1724 τὴν

97 1761 327 1830 στέρησιν
357 1758 454 1825 τῆς
485 1758 542 1808 ἐν
579 1753 775 1823 γεέννῃ
823 1750 1100 1812 κολάσεως
1154 1748 1484 1818 πικροτέραν
1510 1761 1524 1775 ”
1551 1745 1646 1799 καὶ

93 1852 253 1918 δείξας
283 1850 374 1912 ὡς,
436 1846 595 1917 εἴπερ
644 1839 754 1898 οἶόν
803 1860 859 1895 τε
895 1838 983 1913 ἦν,
1022 1841 1194 1893 είλετο
1236 1839 1302 1892 ἀν
1353 1838 1489 1908 μετὰ
1547 1836 1647 1902 τῆς

95 1946 230 2006 θείας
259 1943 472 2011 ἀγάπης
501 1941 602 2008 τὴν
624 1936 996 2008 ἡπειλημένην
1027 1934 1270 1994 κόλασιν,
1304 1932 1336 2001 ἢ
1366 1931 1488 1999 δίχα
1521 1928 1648 1982 ταύ-

92 2052 180 2104 της
208 2033 296 2104 τὴν
330 2030 740 2102 ἐπηγγελμένην
780 2027 889 2079 τῶν
921 2026 1166 2096 οὐρανῶν
1210 2023 1505 2093 βασιλείαν,
1547 2038 1645 2092 με-

89 2125 223 2177 θύων
265 2123 339 2194 τῷ
392 2122 541 2192 πόθῳ
570 2119 639 2174 τά
673 2118 747 2191 μὴ
800 2117 1088 2188 ὑφεστῶτα
1142 2115 1313 2186 ζητεῖ,
1355 2113 1646 2168 καὶταῦτα

91 2218 357 2286 συγκρῖναι
386 2213 462 2284 τῷ
493 2213 621 2277 θείῳ
644 2212 848 2284 φίλτρῳ
884 2211 1194 2280 φιλονεικεῖ.
1235 2228 1252 2260 ι
1285 2207 1423 2261 Οῦτε
1446 2206 1647 2277 ὕψωμα

85 2307 204 2378 γὰρ,
239 2308 418 2376 φησὶν,
451 2304 573 2358 οὔτε
605 2303 788 2374 βάθος,
823 2301 943 2355 οὔτε
974 2319 1056 2364 τις
1087 2301 1262 2363 κτίσις
1285 2301 1449 2368 ἑτέρα
1486 2298 1645 2366 δυνή-

87 2415 226 2450 σεται
257 2399 399 2468 ἡμᾶς
436 2395 669 2467 χωρίσαι
707 2394 816 2446 ἀπὸ
848 2394 946 2463 τῆς
971 2393 1192 2461 ἀγάπης
1219 2390 1312 2443 τοῦ
1357 2389 1515 2453 Θεοῦ,
1546 2387 1647 2458 τῆς

80 2491 135 2540 ἐν
159 2489 372 2559 Χριστῷ
407 2486 582 2557 Ἰησοῦ
613 2487 691 2556 τῷ
729 2485 918 2556 Κυρίῳ
936 2483 1112 2555 ἡμῶν.
1154 2503 1172 2534 ι
1215 2483 1290 2536 Οὐ
1321 2483 1428 2553 γὰρ
1465 2481 1643 2552 μόνον,

79 2597 147 2650 φη
156 2581 225 2641 ei,
244 2581 460 2632 πάντων
485 2577 622 2648 όμοῦ
646 2577 753 2630 τῶν
767 2576 1060 2647 ὁρωμένων
1077 2577 1167 2629 καὶ
1183 2575 1432 2646 ἀοράτων
1447 2574 1508 2626 τὸ
1521 2573 1647 2643 περὶ

72 2670 159 2722 τὸν
211 2671 440 2739 Σωτῆρα
474 2668 569 2721 καὶ
589 2667 884 2737 Λυτρωτὴν
910 2665 1206 2736 προτίθημι
1239 2664 1482 2732 φίλτρον,
1511 2661 1646 2714 ἀλλὰ

73 2760 162 2814 καὶ
203 2761 255 2813 εῖ
289 2777 376 2822 τις
413 2759 574 2831 ἑτέρα
608 2758 783 2820 κτίσις
810 2755 1014 2826 ταύτης
1043 2756 1138 2808 καὶ
1170 2754 1372 2825 μείζων
1401 2753 1495 2807 καὶ
1523 2750 1646 2806 καλ-

71 2849 196 2902 λίων
229 2851 556 2920 ἀναφανείη,
585 2851 646 2903 οὐ
679 2849 857 2901 πείσει
889 2865 957 2918 με
1015 2847 1114 2917 τὴν
1148 2847 1366 2915 ἀγάπην
1411 2844 1642 2910 ἀλλάξα-

74 2941 212 2995 σθαι·
231 2941 395 2995 ’Λλλά
423 2943 527 2994 κᾶν
551 2940 620 2995 τὰ
641 2941 862 3011 θυμήρη
883 2957 968 3003 τις
993 2941 1249 3011 παράσχῃ
1268 2939 1390 3008 δίχα
1417 2937 1642 3007 ταύτης,

68 3035 127 3087 ού
158 3035 382 3106 δέξομαι
406 3049 419 3062 ⁸
458 3033 564 3087 κάν
602 3032 856 3100 ἐπαγάγῃ
880 3030 966 3083 διὰ
995 3029 1199 3098 ταύτην
1224 3029 1292 3082 τά
1322 3027 1642 3098 σκυθρωπά,

66 3125 347 3196 ὲπέραστά
383 3141 470 3195 μοι
500 3125 770 3194 φανεῖται,
795 3126 890 3177 καὶ
917 3123 1036 3176 λίαν
1063 3121 1301 3192 ἑράσμια
1327 3135 1339 3148 ·
1366 3118 1459 3172 καὶ
1483 3121 1513 3172 ὁ
1557 3118 1644 3172 διὰ
1671 3151 1720 3213 c

63 3215 266 3288 ταύτην
311 3215 465 3285 λιμὸς
505 3216 681 3285 πάσης
731 3232 821 3286 μοι
851 3214 1064 3286 τρυφῆς
1095 3213 1520 3284 θυμηρέστερος,
1551 3211 1646 3264 καὶ

59 3309 287 3380 εἰρήνης
333 3308 495 3379 ἡδίων
531 3310 559 3362 ὁ
585 3307 844 3378 διωγμὸς,
891 3308 1039 3378 καὶὴ
1086 3307 1360 3377 γυμνότης
1393 3303 1646 3374 ἁλουργί-

53 3399 141 3462 δος
204 3401 311 3452 καὶ
361 3399 753 3468 χρυσοπάστων
811 3399 1041 3469 ἱματίων
1082 3395 1409 3469 χαριεστέρα
1435 3412 1448 3426 ·
1481 3394 1577 3449 καὶ
1617 3396 1645 3448 ὁ

51 3489 309 3552 κίνδυνος
337 3491 510 3558 πάσης
525 3489 707 3551 ἀδείας
727 3488 1080 3558 γλυκύτερος,
1106 3489 1199 3542 καὶ
1223 3489 1256 3559 ἡ
1283 3487 1434 3558 βιαία
1460 3486 1643 3556 σφαγὴ

53 3582 247 3653 πάσης
302 3578 636 3651 αἱρετωτέρα
675 3576 837 3648 ζωῆς,
879 3579 941 3632 Ἦ
971 3579 1079 3650 γὰρ
1119 3579 1266 3632 αίτία
1292 3579 1400 3632 τῶν
1430 3578 1641 3642 παθῶν,

47 3671 390 3742 ψυχαγωγία
428 3686 520 3738 μοι
571 3669 802 3737 γίνεται.
840 3668 937 3722 Διὰ
977 3668 1086 3736 γὰρ
1117 3669 1207 3721 τὸν
1240 3670 1476 3739 ἐραστὴν
1505 3667 1642 3738 ὁμοῦ

51 3763 148 3816 καὶ
214 3762 496 3832 ἐρώμενον
538 3761 762 3832 δέχομαι
819 3760 918 3824 τὰς
972 3759 1176 3812 τούτων
1201 3761 1447 3828 νιφάδας.
1485 3779 1503 3813 ι
1539 3761 1643 3814 Τὸν

46 3856 162 3926 γάρ
239 3855 317 3926 μὴ
374 3855 572 3923 γνόντα
629 3853 906 3924 ἁμαρτίαν
951 3851 1093 3924 ὑπὲρ
1151 3853 1309 3923 ἡμῶν
1367 3853 1642 3924 ἁμαρτίαν

45 3945 340 4015 ἐποίησεν,
393 3947 481 3999 ἵνα
528 3947 688 4017 ἡμεῖς
734 3943 1024 4015 γενώμεθα
1055 3944 1191 3999 Θεοῦ
1221 3944 1538 4014 δικαιοσύνη
1585 3946 1642 3997 ἐν

42 4036 225 4105 αὐτῷ.
252 4067 326 4076 -
351 4039 448 4099 Ὃς
477 4037 731 4098 πλούσιος
757 4037 832 4088 ὣν
875 4037 942 4089 δι’
968 4037 1119 4105 ἡμᾶς
1156 4035 1522 4104 ἐπτώχευσεν,
1556 4035 1643 4086 ἴνα

41 4127 216 4197 ἡμεῖς
275 4128 345 4196 τῇ
409 4126 620 4178 ἐκείνου
671 4125 916 4195 πτωχείᾳ
952 4125 1365 4194 πλουτήσωμεν,
1402 4143 1422 4176 ι
1483 4124 1639 4177 Καί·

1752 561 1905 627 tudo,
1933 576 2110 632 neque
2139 563 2488 632 profundum,
2520 581 2698 636 neque
2727 575 2984 622 creatura
3010 571 3117 623 alia
3149 573 3326 640 possit

1751 667 1853 708 nos
1890 669 2202 724 separarea
2247 654 2517 711 eharitate
2555 657 2670 725 Dei,
2705 675 2826 729 quae
2881 668 2964 716 est
2997 661 3052 716 in
3100 661 3324 717 Christo

1745 744 1876 801 Jesu
1907 745 2138 802 Domino
2164 756 2357 802 nostro
2377 751 2424 804 ⁸.
2461 768 2480 800 ι
2508 749 2646 815 Quia
2678 753 2820 806 enim
2849 768 3014 822 supra
3047 769 3108 809 ea
3142 748 3320 810 solum

1747 853 1872 908 quae
1909 837 2087 892 tristia
2117 845 2280 892 erant
2308 839 2493 908 posuit
2518 850 2571 894 et
2611 843 2966 910 comparavit,
3011 845 3324 898 tribulatio-

1748 943 1894 991 nem,
1923 936 1976 982 et
2011 929 2346 1000 angustiam,
2389 938 2447 983 et
2493 933 2957 1000 persecutionem,
2991 944 3045 988 et
3102 936 3322 998 famem,

1746 1028 1801 1074 et
1824 1019 2152 1086 nuditatem,
2173 1030 2226 1076 et
2257 1021 2583 1092 periculum,
2619 1030 2673 1076 et
2701 1023 2964 1091 gladium,
2993 1025 3045 1078 id
3074 1034 3182 1089 est,
3205 1029 3325 1080 vio-

1748 1113 1950 1166 lentam
1999 1112 2243 1167 caedem:
2295 1113 2420 1182 jure
2466 1114 2674 1184 Optimo
2724 1115 2813 1169 hic
2859 1117 3024 1169 etiam
3081 1117 3326 1182 jucunda

1747 1203 2001 1258 tristibus
2035 1203 2306 1273 adjungit,
2355 1204 2517 1257 morti
2556 1206 2742 1270 vitam,
2787 1206 3000 1276 1304
3047 1207 3328 1262 sensibili-

1745 1295 1849 1351 bns
1884 1295 2596 1366 intelligibiiia,visibilibus
2642 1297 2872 1352 virtutes
2907 1298 3010 1353 sub
3047 1308 3325 1367 aspectum

1745 1403 1854 1441 non
1885 1385 2169 1452 cadentes,
2195 1387 2564 1457 prresentibus
2609 1402 2672 1441 ac
2707 1390 3001 1457 praeteritis
3036 1389 3217 1444 futura
3273 1402 3328 1444 et

1747 1479 2144 1548 permanentia,
2206 1477 2568 1548 profunditati
2628 1479 2867 1549 denique
2929 1482 3190 1550 gebennm
3245 1485 3325 1534 al-

1746 1565 2036 1622 titudinem
2065 1569 2240 1638 regni.
2275 1569 2400 1623 Haec
2426 1585 2554 1624 vero
2585 1572 2766 1624 omnia
2793 1587 2914 1625 cum
2950 1573 3094 1627 inter
3126 1589 3184 1628 se
3207 1590 3326 1626 mu-

1747 1667 1844 1714 tuo
1879 1661 2273 1725 examinasset,
2306 1671 2620 1732 cunctaque
2649 1663 2821 1717 amori
2872 1665 3122 1718 cedentia
3182 1651 3328 1718 ermi-

1749 1751 2009 1820 perisset,
2055 1751 2232 1806 tristia
2297 1753 2542 1807 simulet
2602 1753 2871 1820 jucunda,
2928 1754 3327 1824 charitatisqne

1749 1841 2112 1910 privationem
2144 1843 2342 1910 quovis
2369 1858 2491 1898 esse
2531 1843 2802 1910 supplicio
2856 1845 3119 1912 gehennm
3165 1861 3324 1900 acer-

1749 1933 1979 1996 biorem,
2015 1942 2068 1987 et
2109 1935 2269 1988 malle
2301 1949 2379 1997 se,
2421 1935 2464 1988 si
2527 1935 2735 1999 liceret,
2797 1935 3136 1990 ostendisset
3197 1952 3322 1988 eum

1749 2023 2045 2078 dilectione
2069 2023 2252 2078 divina
2286 2026 2611 2079 intentatam
2653 2025 2979 2094 gehennam,
3015 2042 3176 2096 quam
3205 2029 3324 2082 sine

1749 2115 1843 2170 illa
1871 2115 2203 2184 promissum
2243 2120 2517 2185 regnum"
2549 2117 2840 2179 cmlorum,
2878 2116 3186 2172 inebriatus
3231 2119 3322 2171 de-

1749 2206 1976 2268 siderio,
2002 2223 2110 2261 non
2140 2208 2498 2262 subsistentia
2529 2209 2745 2277 quaerit,
2775 2219 2831 2263 et
2852 2223 2978 2262 cum
3014 2209 3104 2264 Dei
3131 2225 3320 2264 amare

1749 2312 2071 2367 comparare
2111 2297 2203 2350 illa
2232 2297 2539 2350 contendit.
2595 2316 2613 2348 ι
2655 2295 2842 2366 Neque
2875 2297 3110 2352 altitudo
3144 2300 3286 2352 enim
3309 2339 3324 2358 .

1749 2389 1843 2454 ait,
1875 2403 2055 2456 neque
2087 2387 2446 2457 profundum,
2489 2403 2668 2457 neque
2699 2397 2952 2442 creatura
2980 2389 3085 2442 alia
3125 2389 3328 2459 puterit

1749 2494 1851 2534 nos
1881 2492 2141 2548 separare
2173 2492 2200 2530 a
2238 2478 2508 2531 charitate
2531 2475 2647 2542 Dei,
2713 2493 2836 2548 quae
2873 2486 2960 2533 est
3014 2478 3068 2532 in
3103 2479 3326 2534 Christo

1747 2570 1877 2627 Jesu
1908 2570 2142 2625 Domino
2176 2578 2388 2624 nostro.
2430 2588 2449 2621 ι
2480 2569 2598 2623 Non
2629 2570 2830 2632 solum,
2869 2569 3066 2639 inquit,
3107 2573 3326 2624 cunctis

1749 2662 1915 2720 simul
1950 2661 2263 2716 visibilibus
2289 2670 2341 2714 et
2371 2659 2746 2715 iuvisibilibus
2777 2675 3018 2714 amorem
3055 2662 3108 2715 in
3135 2659 3327 2715 Salva-

1748 2762 1922 2808 torem
1949 2762 2003 2809 et
2039 2753 2460 2822 Redemptorem
2490 2768 2770 2823 prchono,
2801 2755 2894 2810 sed
2924 2765 2977 2811 ct
2999 2755 3046 2810 si
3077 2771 3183 2826 qua
3217 2757 3327 2811 alia

1747 2853 2003 2900 creatura
2039 2845 2142 2899 hac
2207 2845 2387 2915 major
2445 2853 2500 2898 et
2558 2846 2847 2915 pulchrior
2891 2848 3224 2917 apparuerit,
3266 2856 3326 2902 ut

1747 2937 2072 2992 cbaritatem
2125 2944 2328 2990 mutem
2378 2953 2723 3008 nequaquam
2787 2940 3161 3009 persuadebit.
3217 2942 3324 2994 Sed

1749 3044 1924 3098 neque
1957 3028 2201 3098 jucunda
2242 3029 2286 3084 si
2325 3031 2450 3099 quis
2482 3029 2698 3096 oﬂerat,
2729 3031 2848 3087 sine
2887 3031 2990 3086 hac
3021 3032 3276 3103 recipiam
3307 3047 3321 3084 :

1749 3131 1802 3176 et
1827 3121 1956 3175 licet
2008 3121 2190 3174 tristia
2231 3129 2454 3191 propter
2521 3123 2662 3176 hanc
2714 3123 2950 3192 ingerat,
3009 3125 3319 3194 expetenda

1753 3211 1912 3277 mihi,
1945 3211 2212 3280 valdeque
2244 3211 2504 3265 amabilia
2534 3212 2906 3267 videbuntur:
2953 3223 3006 3269 et
3040 3229 3163 3284 qua:
3201 3214 3324 3283 ejus

1749 3317 1917 3358 causa
1947 3303 2216 3358 toleratur
2249 3302 2442 3366 fames,
2479 3304 2906 3374 quibuscunqne
2932 3305 3148 3362 deliciis
3187 3309 3322 3362 mihi

1746 3394 1956 3466 gratior
1988 3401 2095 3460 est,
2132 3402 2184 3447 et
2225 3393 2534 3460 persecutio
2577 3409 2709 3462 pace
2738 3395 2977 3462 dulcior,
3007 3403 3061 3451 et
3100 3398 3322 3452 nuditas

1748 3499 1992 3555 purpura
2023 3499 2270 3554 auroque
2299 3484 2525 3540 intextis
2564 3486 2810 3542 vestibus
2857 3488 3148 3544 venustior
3195 3508 3210 3544 :
3268 3499 3324 3544 et

1746 3592 2052 3663 periculum
2077 3593 2270 3663 quavis
2301 3592 2940 3664 securitatejucnndins,
2971 3595 3324 3669 violentaque

1741 3683 2016 3755 jugulatio
2053 3685 2203 3739 omni
2235 3685 2343 3739 vita
2379 3684 2554 3757 magis
2605 3686 2934 3756 expetenda.
2996 3687 3321 3745 Passienum

1744 3776 1890 3830 enim
1918 3791 2082 3831 causa
2116 3775 2513 3832 consolationis
2549 3775 2682 3830 mihi
2721 3777 2844 3831 loco
2877 3784 2984 3842 est,
3034 3793 3160 3834 cum
3193 3797 3322 3844 pro-

1745 3875 1865 3936 pter
1902 3875 2204 3921 amatorem
2251 3866 2414 3920 simul
2466 3873 2521 3920 et
2561 3874 2801 3919 amatum
2840 3866 3058 3922 illarum
3110 3878 3320 3938 tempe-

1745 3965 1917 4012 states
1949 3955 2238 4026 perferam.
2277 3955 2488 4024 1305
2526 3972 2544 4004 ι
2585 3953 2720 4007 Eum
2753 3956 2897 4009 enim
2925 3959 3019 4026 qui
3053 3975 3163 4013 non
3217 3976 3318 4013 no-

1746 4055 1898 4102 verat
1921 4055 2233 4116 peccalum,
2269 4060 2369 4113 pro
2406 4046 2568 4100 nobis
2597 4053 2880 4114 peccatum
2929 4047 3078 4112 fecit,
3113 4057 3171 4102 ut
3218 4067 3321 4106 nos

1743 4136 2082 4191 eiﬁceremur
2103 4135 2319 4204 jnstitia
2349 4134 2442 4189 Dei
2470 4136 2523 4188 in
2555 4136 2739 4204 ipsoh.
2767 4155 2786 4186 ι
2813 4167 2884 4175 -
2903 4155 2922 4188 ι
2950 4136 3052 4204 Qui
3085 4155 3208 4193 cum
3239 4141 3321 4195 di-

3844 174 3877 233 ἐξ

3826 300 3855 321 ηί

3830 592 3833 617 l

3850 886 3871 911 ιη

3874 942 3879 959 ι

3854 972 3881 993 «ι

3854 1004 3881 1021 μ

3856 1052 3857 1075 l

3836 1186 3884 1237 ii

3854 1246 3863 1265 τ

3854 1390 3869 1403 η

3872 1898 3881 1937 ι

3876 1960 3883 1977 ι

3862 2448 3867 2465 ι

3866 2582 3883 2663 il

3865 3367 3872 3448 ἱ

3867 3459 3878 3560 l

46 4236 67 4269 ι
92 4215 474 4288 Ἑξηγόρασεν
504 4217 652 4286 ἡμᾶς
678 4216 743 4268 ὲκ
765 4215 862 4284 τῆς
887 4215 1132 4284 κατάρας
1151 4213 1245 4267 τοῦ
1274 4215 1460 4284 νόμου,
1487 4215 1642 4284 γενό-

37 4324 214 4376 μενος
267 4307 412 4378 ὑπὲρ
467 4307 625 4377 ἡμῶν
647 4305 886 4375 κατάρα.
925 4324 944 4358 ι
983 4305 1096 4359 Καί
1129 4323 1139 4334 ’
1183 4325 1200 4356 ι
1247 4307 1640 4360 Ἐταπείνωσεν

31 4400 268 4466 ἑαυτὸν,
297 4401 590 4470 γενόμενος
609 4401 848 4472 ὑπήκοος
876 4402 1036 4472 μέχρι
1061 4400 1312 4465 θανάτου,
1334 4401 1562 4457 θανάτου
1581 4402 1638 4456 δὲ

1742 4245 1838 4284 ves
1865 4239 2030 4294 esset,
2071 4234 2297 4299 propter
2331 4242 2431 4282 nos
2461 4242 2668 4298 egenus
2717 4227 2898 4286 factus
2929 4238 3034 4296 est,
3081 4240 3142 4286 ut
3173 4233 3319 4290 illius

1743 4319 1928 4389 inopia
1961 4333 2062 4372 nos
2085 4317 2282 4372 divites
2317 4331 2566 4372 essemus
2594 4319 2637 4371 ί.
2672 4336 2690 4369 ι
2729 4316 2793 4372 Ει
2822 4336 2836 4373 :
2873 4336 2892 4370 ι
2932 4318 3182 4376 Redemit
3209 4338 3312 4378 nos

1743 4409 1811 4464 de
1843 4407 2133 4462 maledicto
2161 4406 2313 4478 legis,
2336 4406 2516 4462 factus
2544 4423 2643 4477 pro
2665 4407 2826 4462 nobis
2849 4410 3200 4466 maledictum
3228 4413 3307 4466 ἱ.»

28 4491 292 4563 σταυροῦ
313 4535 326 4548 .
353 4502 376 4543 ἰ
398 4493 507 4546 Καί
523 4509 537 4522 ο
562 4511 580 4544 ‹
614 4493 734 4546 Ἔτι
754 4493 1091 4566 ἁμαρτωλῶν
1123 4494 1296 4567 ὄντων¹
1317 4496 1492 4565 ἡμῶν,
1516 4497 1640 4565 Χριο

1747 4499 1855 4556 Et:
1903 4517 1921 4550 ι
1964 4499 2280 4554 ilumiliavit
2317 4500 2670 4570 semetipsum
2710 4499 2890 4558 factus
2935 4501 3195 4560 obediens
3221 4521 3314 4560 us-

25 4580 164 4643 στὸς
221 4583 372 4655 ὑπὲρ
424 4583 581 4654 ἡμῶν
608 4583 865 4638 ἀπέθανε.
910 4604 928 4636 ι
980 4583 1164 4639 Ταῦτα
1196 4586 1288 4638 καὶ
1323 4586 1392 4638 τά
1417 4586 1640 4640 τοιαῦτα

1745 4607 1844 4660 que
1885 4591 1951 4645 ad
1987 4602 2238 4655 mortem,
2298 4599 2530 4646 mortem
2587 4603 2768 4646 autem
2803 4594 2985 4649 crucis
3012 4594 3060 4648 κ.
3118 4614 3138 4648 ι
3210 4597 3313 4650 Et:

18 4674 428 4746 λογιζόμενος,
489 4678 587 4730 οὑκ
646 4679 713 4730 ἀν
766 4677 1029 4748 δεξαίμην
1077 4677 1175 4749 τὴν
1235 4678 1341 4731 τῶν
1391 4677 1637 4748 οὐρανῶν

1745 4701 1760 4733 ι
1803 4682 1940 4736 Cum
1974 4681 2155 4736 adhuc
2202 4690 2520 4750 peccatores
2575 4698 2844 4748 essemus,
2904 4682 3160 4738 Christus
3217 4701 3315 4754 pro

19 4765 356 4835 βασιλείαν,
410 4768 531 4839 δίχα
573 4771 672 4839 τῆς
729 4769 858 4839 περὶ
892 4769 1096 4823 τούτων
1139 4769 1362 4838 ἀγάπης
1393 4786 1406 4799 ·
1438 4770 1538 4822 οὐκ
1569 4769 1635 4822 ἂν

1745 4773 1892 4827 nobis
1925 4780 2177 4828 mortuus
2208 4781 2291 4827 est
2317 4771 2360 4826 ι.
2401 4790 2419 4823 ι
2459 4771 2583 4828 Haec
2611 4781 2666 4827 et
2692 4773 2745 4827 id
2788 4788 2964 4844 genus
2991 4774 3096 4827 alia
3128 4779 3317 4829 consl-

14 4857 280 4928 φύγοιμι
319 4860 420 4929 τὴν
450 4861 507 4912 ὲν
534 4860 728 4933 γεέννῃ
752 4861 1048 4932 τιμωρίαν,
1085 4862 1243 4932 εἴπερ
1272 4861 1420 4924 εἰκὸς
1449 4856 1516 4931 ἦν
1541 4860 1635 4914 τὸν

11 4949 248 5021 ταύτην
289 4953 485 5021 ἔχοντα
522 4953 743 5006 κόλασιν
778 4953 1092 5024 ὑπομένειν.
1132 4955 1302 5007 Τοῦτο
1344 4956 1439 5008 καὶ
1468 4954 1630 5007 ἀλλα-

11 5040 116 5110 χοῦ
179 5043 442 5096 διδάσκει
499 5045 683 5114 σαφῶς
716 5060 729 5073 ο
782 5064 799 5098 ι
847 5045 913 5098 Ἠ
968 5046 1074 5117 γὰρ
1121 5047 1306 5117 ἀγάπη
1361 5047 1456 5100 τοῦ
1496 5046 1630 5101 Θεοῦ

11 5134 258 5204 συνέχει
306 5137 475 5205 ἡμᾶς,
528 5137 820 5207 κρίναντας
862 5138 1040 5203 τοῦτο,
1070 5139 1149 5192 ὅτι
1183 5133 1264 5200 εἷς
1308 5140 1450 5211 ὑπὲρ
1492 5140 1632 5194 πάν-

11 5243 126 5278 των
163 5225 481 5290 ἀπέθανεν,
513 5227 599 5278 ἵνα
629 5229 677 5280 οί
722 5225 942 5292 ζῶντες,
983 5229 1179 5300 μηκέτι
1203 5231 1414 5294 ἑαυτοῖς
1439 5231 1628 5296 ζῶσιν,

11 5317 155 5371 Ξιλλά
198 5317 290 5387 τῷ
341 5319 482 5388 ὑπὲρ
529 5318 709 5371 αὐτῶν
756 5320 1080 5374 ἀποθανόντι
1122 5321 1215 5375 καὶ
1255 5321 1564 5377 ἀναστάντι.
1606 5341 1623 5374 ι

12 5409 68 5460 ili
105 5408 319 5462 τοίνυν
361 5407 435 5480 μὴ
484 5410 698 5473 ἑαυτοῖς
732 5409 956 5477 ζῶντες,
1006 5412 1142 5466 ἀλλὰ
1179 5412 1258 5484 τῷ
1291 5415 1430 5484 ὑπὲρ
1455 5414 1636 5468 αὐτῶν

11 5500 376 5554 ὶπξσθανὸντι
429 5501 526 5554 καὶ
575 5502 890 5570 ἀναστάντι,
934 5505 1114 5560 πάντα
1170 5507 1309 5580 ὑπὲρ
1339 5506 1505 5562 αὐτοῦ
1542 5508 1636 5561 καὶ

1733 4881 1956 4946 derans,
2009 4895 2235 4949 regnum
2284 4879 2549 4935 caalorum
2582 4879 2701 4934 sine
2734 4879 3004 4935 charitate
3058 4881 3113 4934 in
3145 4881 3312 4936 Deum

1742 4972 1972 5042 adipisci
2003 4972 2213 5026 nolim:
2263 4987 2441 5040 neque
2491 4971 2754 5040 gehennae
2781 4972 3110 5042 supplicium
3166 4973 3315 5026 refu-

1738 5079 1888 5133 gere,
1925 5063 1971 5117 si
2005 5079 2103 5133 par
2134 5071 2332 5125 essset,
2365 5078 2488 5117 eum
2521 5064 2613 5133 qui
2639 5062 2742 5116 hac
2771 5063 3032 5132 praeditus
3063 5065 3154 5129 sit,
3181 5081 3312 5135 sup-

1743 5155 1970 5225 plicium
2004 5154 2176 5208 ullum
2210 5153 2511 5210 sustinere.
2545 5153 2660 5209 Hoc
2687 5171 2909 5225 quoque
2943 5155 3072 5211 alibi
3103 5155 3316 5226 perspi-

1737 5259 1840 5298 cue
1873 5241 2075 5298 docet:
2117 5260 2136 5294 ι
2169 5241 2429 5299 Charitas
2457 5243 2601 5298 enim
2644 5242 2735 5297 Dei
2778 5252 2934 5313 urget
2989 5259 3110 5312 nos,
3162 5247 3312 5300 {nsti-

1735 5341 1953 5388 mantes
1983 5334 2110 5397 hoc,
2145 5334 2404 5404 quoniam
2435 5349 2582 5390 unus
2626 5348 2726 5404 pro
2759 5336 3019 5392 omnibus
3053 5346 3307 5393 mortuus

1733 5433 1839 5488 est,
1872 5432 1933 5478 ut
1960 5424 2054 5496 qui
2091 5425 2303 5493 vivunt,
2329 5425 2440 5495 jam
2470 5442 2580 5482 non
2608 5423 2715 5481 sibi
2746 5427 2958 5495 vivant,
2989 5428 3083 5485 sed
3110 5430 3157 5483 ei
3211 5430 3303 5498 qui

1732 5529 1833 5586 pro
1861 5513 1998 5585 ipsis
2032 5521 2285 5570 mortuus
2320 5520 2404 5569 est
2429 5519 2483 5570 et
2512 5517 2816 5570 resurrexit
2839 5523 2899 5568 ιιι.
2950 5532 2970 5566 ι
3006 5513 3111 5580 Qui
3139 5515 3307 5585 igitur

71 5704 105 5741 8
147 5701 335 5754 an.
367 5718 486 5766 vm,
517 5703 606 5767 58,
643 5707 726 5758 δτι.

11 5784 27 5810 ι
71 5772 121 5828 il
158 5774 315 5827 (lor.
350 5789 402 5839 ν,
440 5775 523 5828 Μ.

810 5709 833 5747 ιι
869 5707 908 5762 Ii
943 5707 1070 5763 Ccr.
1111 5725 1162 5766 ν.
1194 5709 1282 5766 εει.
1371 5708 1383 5747 ί
1417 5710 1550 5766 ibid.
1577 5727 1644 5766 vn

1745 5720 1769 5768 ι.
1852 5714 1864 5763 ι
1899 5712 2075 5769 ϐαι-αν.
2109 5729 2192 5780 ιιι,
2227 5716 2310 5771 15.
2379 5715 2400 5755 li
2430 5715 2665 5786 Philipp.
2695 5731 2756 5780 ιι,
2786 5716 2839 5770 8.
2923 5713 2937 5753 ι
2985 5715 3142 5770 Rom.
3171 5729 3225 5780 ν,
3251 5713 3316 5776 8.
