3898 6196
223 432 340 497 1509

1211 427 1494 487 ORATIO
1543 426 1642 486 DE
1685 425 1947 486 DIVINA
1993 427 2445 486 (ἸΠΑΠΙΤΛΤΕ.

3329 419 3468 487 ιιιο

217 552 313 622 γὰρ
333 547 525 610 πάντα,
548 542 617 596 τά
645 541 869 613 ἔσχατα,
915 542 1009 595 καὶ
1052 541 1122 595 τὰ
1154 543 1376 613 ἀρχαῖα.
1405 539 1549 612 Πρὸς
1569 540 1778 602 τούτοις

1885 542 2053 604 sima,
2107 551 2161 593 et
2207 542 2454 610 antiqua.
2503 539 2718 604 Quibus
2766 537 3031 595 Dominus
3085 537 3382 608 subjunxit
3413 547 3462 602 υ.

212 648 238 696 ὁ
258 642 518 709 Δεσπότης
547 636 796 706 ἐπήγαγε
825 651 839 666 ο
857 652 891 697 ¹ι
928 633 1188 703 Ποίμαινε
1213 633 1280 685 τά
1304 629 1554 702 πρόϐατά
1589 647 1712 700 μου.
1755 649 1772 681 ι

223 731 347 802 Ἐγὼ
370 730 470 800 μὲν
511 727 642 798 γάρ,
697 725 882 796 φησὶν,
916 724 1203 794 ἀνενδεὴς·
1240 721 1566 794 εὐεργεσίαν
1591 720 1648 774 δὲ
1683 736 1780 791 με·

209 825 381 894 γίστην
411 819 548 892 ἡγοῦ
558 835 676 890 μαι,
695 817 806 870 τῶν
830 816 980 887 ἐμῶν
1004 815 1290 887 προϐάτων
1313 815 1413 886 τὴν
1439 813 1776 883 ἐπιμέλειαν,

207 919 292 972 καὶ
319 915 416 986 τὴν
461 915 540 977 είς
599 913 782 965 ἐκεῖνα
815 909 1142 980 κηδεμονίαν
1178 909 1258 972 είς
1304 905 1546 978 ἐμαυτὸν
1587 903 1778 960 ἀναδέ-

153 1069 170 1086 ν
205 1025 369 1078 χομαι.
413 1007 456 1058 Π
465 1004 686 1076 ροσήκει
711 1000 887 1056 τοίνυν
909 1017 988 1064 σε,
1012 995 1080 1072 ἦς
1100 999 1398 1062 ἀπολαύεις
1418 996 1778 1068 προμηθείας,

207 1099 532 1170 μεταδιδόναι
565 1097 679 1158 τοῖς
707 1093 1039 1164 ὁμοδούλοις,
1079 1093 1174 1146 καὶ
1213 1091 1448 1163 βόσκειν,
1477 1090 1552 1154 ὡς
1589 1089 1778 1160 βόσκῃ,

201 1190 288 1242 ml.
329 1189 406 1251 ὼς
470 1185 755 1256 ποιμαίνῃ,
795 1183 1128 1253 ποιμαίνειν,
1163 1183 1262 1236 καὶ
1290 1185 1358 1251 ἣν
1407 1179 1645 1249 ὀφείλεις
1693 1195 1782 1248 μοι

202 1282 368 1352 χάριν,
401 1279 470 1332 δι’
497 1278 724 1331 ἐκείνων
750 1274 1072 1328 ὲκτιννύειν.
1122 1273 1306 1328 Ταῦτα
1341 1272 1500 1325 πάλιν
1531 1273 1623 1324 καὶ
1649 1271 1730 1334 δὶς
1757 1271 1784 1322 ό

197 1373 466 1442 Δεσπότης
487 1370 670 1441 ἡρετο,
695 1367 791 1421 καὶ
823 1366 906 1429 δλς
935 1366 965 1418 ό
995 1365 1172 1436 μέγας
1194 1365 1528 1436 ἀπεκρίνατο
1558 1362 1782 1432 Πέτρος,

199 1464 288 1516 καὶ
311 1462 392 1525 δὶς
412 1459 507 1514 τοῦ
543 1457 801 1528 ποιμένος
820 1456 918 1528 τὴν
942 1455 1278 1528 χειροτονίαν
1301 1454 1536 1518 ἐδέξατο.
1568 1452 1784 1523 Ἐπειδὴ

196 1554 250 1607 δὲ
273 1555 363 1606 καὶ
390 1553 549 1624 τρίτῃ
574 1546 920 1619 προσηνέχθη
948 1546 1160 1612 πεῦσις,
1193 1548 1294 1600 οὐκ
1325 1546 1402 1598 ἔθ’
1431 1545 1630 1616 ὁμοίως
1655 1545 1787 1614 θαρ-

199 1643 397 1705 σαλέως
432 1641 527 1694 καὶ
559 1638 734 1701 ἀδεῶς
773 1639 802 1690 ὁ
851 1638 1122 1709 μακάριος
1165 1636 1518 1708 ἀποκρίνεται
1545 1636 1780 1705 Πέτρος-

195 1731 329 1785 άλλά
355 1730 505 1792 δέους
544 1727 904 1800 ἐμπίπλαται,
940 1729 1034 1780 καὶ
1092 1726 1320 1798 θόρυϐον
1379 1726 1679 1795 είσδέχεται
1718 1727 1784 1793 τῇ

194 1823 357 1894 ψυχῇ,
393 1823 486 1876 καὶ
525 1822 733 1892 ἀγωνιᾷ
786 1823 852 1892 τῇ
906 1819 1094 1890 ψήφῳ,
1137 1817 1230 1871 καλ
1285 1817 1542 1880 δέδοικεν,
1568 1816 1782 1886 ὑφορώ-

1886 649 1905 683 ι
1949 631 2116 687 Pasce
2152 648 2282 686 oves
2318 642 2526 687 uit-as“.
2559 654 2577 686 ι
2608 632 2720 701 Ego
2751 633 2927 695 enim,
2971 631 3069 695 ait,
3102 630 3313 684 nullius
3341 647 3463 686 sum

1883 723 2134 793 indigens
2167 741 2180 777 :
2213 725 2511 777 maximum
2541 740 2673 778 vero
2705 723 3032 778 beneﬁcium
3077 725 3222 778 duco
3273 739 3463 779 curam

1881 817 2066 873 ovium
2098 831 2347 872 mearum
2373 858 2387 883 ,
2413 817 2955 885 sollieitudincmque
2985 833 3112 885 erga
3151 818 3274 871 illas
3305 818 3434 871 aditi
3455 848 3468 860 -

1881 910 2051 964 bitam
2090 909 2146 964 in
2184 911 2452 978 meipsum
2483 909 2713 978 recipio.
2749 911 2978 978 Uportet
3011 911 3180 978 igitur
3208 919 3260 965 te
3292 912 3466 980 provi-

1883 999 2125 1054 dentiam
2161 1016 2281 1055 eam
2315 1017 2420 1070 qua
2455 1000 2659 1054 frueris
2704 1001 2987 1055 conservis
3026 1003 3137 1055 tuis
3171 1002 3462 1072 impertiri,

1883 1103 2088 1160 eosque
2125 1106 2372 1160 pascere,
2417 1091 2580 1146 sicuti
2622 1093 2893 1160 pasceris,
2925 1099 2978 1145 et
3020 1102 3077 1143 ut
3109 1097 3336 1159 reperis,
3379 1109 3467 1146 re-

1885 1198 2046 1252 gere,
2089 1191 2143 1237 et
2189 1183 2335 1252 quod
2392 1184 2526 1237 mibi
2571 1191 2858 1252 acceptum
2905 1183 3073 1238 debes
3118 1184 3466 1247 beneﬁt-ium,

1887 1291 1984 1345 per
2033 1275 2160 1330 illos
2199 1275 2520 1344 rependere.
2551 1273 2676 1329 Haec
2717 1276 2916 1328 iterum
2959 1275 3324 1343 interrogavit
3358 1275 3463 1328 llo-

1888 1366 2110 1428 minus,
2161 1376 2216 1420 et
2271 1366 2357 1419 bis
2399 1381 2630 1436 magnus
2673 1365 2964 1434 respondit
3009 1365 3242 1427 Petrus,
3286 1374 3340 1419 et
3383 1365 3467 1420 bis

1889 1459 2132 1530 pastoris
2183 1458 2593 1512 ordinationem
2645 1458 2914 1526 suscepit.
2976 1457 3275 1522 Postquam
3337 1472 3467 1510 vero

1888 1550 2054 1604 tertia
2093 1563 2314 1618 quoque
2362 1547 2576 1616 adjecta
2628 1557 2710 1600 est
2754 1546 3148 1613 interrogatio,
3191 1560 3300 1598 non
3348 1545 3464 1614 pari

1885 1642 1994 1712 jam
2033 1640 2234 1694 ﬁducia
2265 1647 2320 1694 et
2354 1638 2654 1692 securitate
2687 1637 2978 1704 respondet
3012 1637 3203 1689 beatus
3250 1634 3468 1701 Petrus,

1891 1731 1986 1786 sed
2005 1739 2060 1785 et
2098 1731 2298 1783 timore
2318 1730 2534 1795 plenus,
2565 1737 2619 1781 et
2638 1728 2822 1781 animo
2845 1727 3343 1796 l303turbatus,
3370 1742 3470 1780 an-

1891 1823 2062 1893 gitur,
2099 1822 2422 1892 metuitque,
2455 1819 2825 1874 reformidans
2870 1835 2938 1872 ne
2984 1819 3265 1879 Dominus.
3303 1819 3466 1871 aliam

195 1890 376 1983 μενος,
415 1914 488 1984 μὴ
521 1890 716 1983 ἑτέραν
768 1890 999 1983 ἄρνησιν
1042 1913 1070 1964 ὁ
1119 1911 1396 1981 Δεσπότης
1425 1909 1776 1982 προθεωρῶν,

1884 1915 2004 1984 ejus
2027 1916 2371 1984 negationem
2406 1911 2732 1982 praevidens,
2769 1911 2974 1964 amoris
3006 1910 3171 1963 verba
3203 1910 3466 1963 derideat.

191 2003 297 2056 τῶν
325 2003 419 2074 τῆς
443 2003 662 2073 ἀγάπης
686 2002 946 2072 ῥημάτων
982 1993 1259 2072 καταγελᾷ
1289 2015 1302 2027 ·
1347 1999 1620 2070 ἀνέδραμε
1671 1999 1780 2069 γὰρ

189 2093 218 2143 ὁ
239 2091 361 2155 νοῦς
393 2093 472 2155 είς
500 2091 570 2145 τά
602 2091 865 2162 πρότερα,
917 2092 1012 2144 καὶ
1043 2091 1318 2162 ἀνέμησεν
1351 2089 1536 2157 αὐτὸν,
1571 2089 1646 2153 ώς
1678 2089 1782 2160 ἤδη

189 2185 284 2238 καὶ
317 2185 581 2256 πρότερον
611 2184 873 2247 πολλάκις
898 2184 996 2254 μὲν
1040 2185 1202 2254 μέχρι
1243 2183 1475 2237 Θανάτου
1502 2182 1578 2256 μὴ
1606 2199 1779 2237 κατα-

188 2277 366 2330 λιπεῖν
414 2276 786 2348 διισχυρίσατο
823 2277 916 2330 τὸν
970 2275 1310 2340 διδάσκαλον,
1359 2277 1560 2348 ἤκουσε
1613 2276 1670 2329 δὲ
1706 2275 1782 2339 ὡς

194 2390 212 2421 ι
253 2369 388 2440 Πρὶν
418 2367 688 2439 ἀλέκτορα
718 2367 989 2437 φωνῆσαι,
1015 2371 1134 2439 τρὶς
1173 2370 1467 2440 ἀπαρνήσῃ
1501 2386 1588 2439 με.
1627 2388 1644 2420 ι
1673 2371 1782 2422 Kal.

183 2455 366 2532 εὗρεν,
397 2461 458 2514 ού
489 2459 586 2532 τὴν
615 2461 824 2513 οἰκείαν
855 2461 1148 2530 ὑπόσχεσιν
1179 2462 1616 2532 περατουμένην,
1645 2461 1783 2514 άλλά

178 2554 277 2605 τοῦ
312 2551 587 2604 Δεσπὸτου
620 2551 1018 2623 βεϐαιουμένην
1072 2550 1170 2621 τὴν
1199 2553 1523 2624 πρόρρησιν.
1558 2551 1622 2605 Ἦ
1653 2553 1780 2606 τού-

176 2662 289 2699 των
315 2645 482 2697 αὐτὸν
518 2643 816 2696 ὲδεδίττετο
847 2644 1058 2714 μνήμη,
1095 2645 1189 2696 καὶ
1220 2643 1319 2696 οὐκ
1358 2644 1441 2696 εἴα
1468 2642 1781 2714 θαρσαλέως

171 2739 277 2810 τὴν
301 2735 570 2808 άρμοδίαν
603 2735 940 2806 προσφέρειν
962 2734 1274 2806 ἀπόκρισιν.
1296 2734 1434 2786 Ἀλλ’
1469 2735 1649 2801 ὀξείας
1680 2735 1780 2806 μὲν

172 2832 271 2884 καὶ
301 2827 512 2897 πικρὰς
544 2827 762 2892 ἐδέξατο
792 2826 892 2890 τὰς
905 2825 1127 2890 ἀκίδαςο
1153 2825 1523 2898 παρεχώρησε
1555 2828 1609 2880 δὲ
1626 2828 1778 2897 ὅμως

170 2924 254 2995 τῷ
302 2923 554 2995 Δεσπότῃ
598 2923 694 2992 τῆς
742 2921 1032 2990 γνώσεως·
1080 2921 1180 2974 οὐκ
1222 2923 1560 2984 ἀντιτείνων,
1588 2921 1663 2984 ὡς
1718 2921 1778 2974 τὸ

176 3020 482 3087 πρότερον,
525 3015 644 3068 οὐδὲ
696 3015 870 3082 λέγων
892 3031 905 3044 ·
953 3033 970 3064 ι
1009 3014 1134 3068 Κᾶν
1166 3014 1262 3088 δέῃ
1296 3032 1361 3086 με
1397 3016 1494 3067 σὺν
1523 3016 1606 3067 σοὶ
1641 3015 1778 3068 ἀπο-

175 3109 394 3171 θανεῖν,
448 3108 508 3160 ού
577 3107 651 3176 μή
698 3123 758 3158 σε
801 3107 1214 3177 ἀπαρνήσομαι.
1257 3127 1274 3158 ι
1332 3107 1494 3160 Ἀλλά
1520 3106 1624 3176 τῆς
1679 3107 1777 3177 μὲν

1888 2005 2116 2062 [{eﬁexit
2145 2005 2289 2060 enim
2336 2020 2464 2060 sese
2497 2019 2652 2058 mens
2683 2003 2750 2055 ad
2786 2017 2847 2056 ea
2891 2017 3013 2071 qtue
3044 2011 3466 2071 praecesserant,

1883 2099 2020 2153 etin
2063 2099 2382 2152 memoriam
2431 2097 2745 2160 revocavit,
2778 2109 2889 2165 quo
2938 2103 3098 2165 pacto
3147 2096 3260 2162 jam
3310 2103 3470 2149 antea

1885 2191 2085 2260 saépius
2117 2197 2512 2257 asseverasset,
2547 2190 2872 2258 magistrum
2901 2205 2962 2242 se
2995 2187 3062 2241 ad
3092 2198 3324 2240 mortem
3373 2202 3468 2242 us-

1884 2299 1990 2352 que
2021 2297 2130 2336 non
2164 2282 2481 2335 relicturum
2506 2322 2521 2346 ,
2565 2281 2839 2334 audiisset
2874 2289 3086 2344 autem,
3116 2280 3261 2348 quod
3295 2279 3472 2348 prius-

1884 2389 2046 2444 quam
2081 2374 2259 2442 gallus
2290 2382 2672 2436 cantaret,,ter
2701 2372 3075 2441 abuegaturus
3108 2389 3233 2425 eum
3271 2380 3419 2425 esset
3450 2391 3464 2426 :

1882 2480 2052 2536 reque
2086 2467 2202 2534 ipsa
2241 2463 2637 2532 comperisset,
2687 2477 2796 2516 non
2846 2461 3274 2530 promissionem
3305 2475 3466 2514 suam

1882 2573 2006 2613 esse
2032 2556 2360 2626 completam
2391 2597 2402 2614 .
2448 2554 2542 2610 sed
2574 2555 2990 2625 praedictionem
3021 2552 3232 2607 Domini
3263 2555 3468 2607 contir—

1884 2657 2112 2704 matam.
2139 2648 2384 2713 Quorum
2435 2647 2749 2701 recordatio
2780 2648 2978 2700 timore
3009 2645 3166 2698 illum
3201 2645 3468 2715 percelle-

1883 2743 2010 2806 bat,
2070 2757 2171 2796 nec
2222 2740 2575 2810 permittebat
2624 2755 2749 2793 eum
2797 2738 3142 2794 conﬁdenter
3186 2737 3327 2792 idem
3382 2752 3471 2792 re-

1883 2835 2176 2906 spondere.
2195 2831 2397 2886 Verum
2431 2831 2656 2886 aculeos
2675 2831 2895 2900 quidem
2929 2837 3222 2900 peracutus
3241 2838 3292 2884 et
3314 2843 3473 2884 acer-

1883 2925 1982 2980 bos
2016 2922 2287 2995 persensit
2321 2940 2334 2976 :
2374 2921 2740 2992 cognitionem
2774 2928 2955 2974 tamen
3006 2919 3240 2973 Domino
3271 2917 3465 2982 cessit,

1881 3023 2085 3074 nonut
2119 3016 2618 3087 pt'ius‘resistens,
2667 3028 2849 3084 neque
2894 3012 3128 3068 dicens:
3172 3029 3192 3063 ι
3236 3013 3470 3068 Etiamsi

1881 3113 2187 3184 oportuerit
2221 3125 2308 3165 me
2353 3109 2490 3163 mori
2541 3116 2758 3168 tecmu,
2791 3121 2901 3162 non
2955 3115 3010 3162 te
3056 3107 3370 3177 relinquam
3401 3115 3466 3173 νς

173 3201 409 3268 ἀγάπης
433 3197 596 3250 αὐτὸν
627 3197 770 3266 ἔχειν
797 3196 1086 3266 συνίστορα
1115 3197 1340 3267 φάσκων
1369 3197 1458 3251 τὸν
1478 3199 1775 3270 Δεσπότην,

1884 3204 1979 3258 sed
2009 3201 2298 3256 charitatis
2334 3213 2449 3254 sua:
2479 3198 2672 3253 dicens
2699 3197 2902 3252 trahere
2947 3213 3007 3252 se
3042 3195 3332 3252 Dominum
3384 3198 3470 3268 ip-

175 3292 280 3357 τὴν
347 3286 552 3360 ἀκριϐῆ
597 3286 654 3340 δὲ
717 3287 825 3340 τῶν
855 3287 993 3341 ὅλων
1044 3289 1246 3357 γνῶσιν
1282 3291 1412 3359 παρ’
1455 3290 1604 3362 αὐτῷ
1634 3287 1772 3346 εἶναι

175 3382 340 3451 μόνῳ
367 3378 443 3448 τῷ
472 3381 668 3450 ποιητῇ
703 3378 810 3431 τῶν
847 3379 984 3433 ὅλων
1015 3381 1296 3451 ὁμολογῶν
1316 3399 1329 3412 ·
1370 3401 1388 3433 ι
1430 3383 1772 3456 Κύριε,γάρ,

173 3468 313 3538 ἐρη,
350 3467 413 3518 σὺ
446 3468 622 3520 πάντα
643 3465 812 3544 οἶδας,
840 3470 903 3522 σὺ
943 3469 1119 3523 πάντα
1161 3470 1485 3538 γινώσκεις,
1527 3475 1590 3527 σὺ
1627 3471 1775 3534 οἶδας

170 3563 264 3616 ὄτι
298 3558 440 3628 φιλῶ
483 3576 562 3612 σε.
609 3578 626 3610 ι
669 3561 792 3612 Ὅτι
838 3561 936 3626 μὲν
988 3562 1096 3634 γάρ
1146 3562 1306 3632 φιλῶ,
1359 3561 1645 3628 καὶοῖδας,
1681 3567 1775 3620 καὶ

178 3650 510 3724 μαρτυρεῖς.
565 3648 628 3700 Et
686 3648 743 3700 δὲ
799 3651 894 3701 καὶ
931 3650 1389 3721 διαμενῶφιλῶν,
1439 3654 1774 3728 σαφέστερον

169 3737 336 3802 οἶδας
368 3737 548 3802 αὐτὸς.
573 3738 738 3790 Οὐδὲν
771 3739 880 3809 γάρ
903 3739 1012 3808 ἐγὼ
1037 3743 1166 3813 περὶ
1195 3744 1300 3794 τῶν
1336 3746 1610 3816 ἐσομένων
1640 3749 1771 3818 ἐρῶ,

169 3831 308 3887 οὐδὲ
337 3831 708 3902 ζυγομαχήσω
744 3833 871 3902 περὶ
903 3825 979 3885 ὧν
1009 3832 1110 3886 οὐκ
1171 3833 1478 3904 ἐπίσταμαι
1500 3853 1511 3865 ·
1571 3837 1776 3908 ἔμαθον

167 3930 246 3999 τῇ
276 3926 442 3998 πείρᾳ
475 3926 550 3998 μὴ
580 3926 880 3995 ἀντιλέγειν
911 3925 990 3998 τῷ
1021 3929 1288 4000 Δεσπότῃ.
1322 3930 1392 3983 Σὺ
1429 3930 1485 3984 δὲ
1514 3932 1615 4000 τῆς
1644 3933 1776 4001 ἀλη-

171 4019 338 4082 θείας
385 4020 557 4091 πηγὴ,
597 4020 660 4072 σὺ
717 4021 815 4089 τῆς
859 4020 1115 4089 γνώσεως
1158 4021 1394 4084 ἄϐυσσος
1420 4039 1433 4052 ·
1496 4026 1609 4084 τοῖς
1666 4025 1777 4086 σοῖς

167 4111 333 4180 ὅροις
353 4111 608 4178 ἐμμένειν
629 4111 960 4180 δεδίδαγμαι.
987 4112 1158 4164 Τοῦτο
1177 4112 1237 4164 τὸ
1257 4113 1374 4175 δέος
1396 4113 1559 4164 αὐτοῦ
1578 4113 1778 4165 θεασά-

175 4217 352 4272 μενος
380 4201 406 4252 ὁ
427 4201 724 4271 Δεσπότης,
749 4203 846 4253 καὶ
869 4203 930 4254 τὸ
956 4202 1182 4270 φίλτρον
1205 4199 1262 4254 δὲ
1285 4203 1527 4274 ἀκριϐῶς
1551 4205 1778 4258 ἐπιστά-

171 4308 374 4362 μενος,
411 4295 475 4362 τῇ
502 4291 900 4364 προαγορεύσει
929 4293 1028 4362 τῆς
1055 4292 1311 4363 τελευτῆς
1339 4294 1454 4348 λύει
1476 4295 1566 4348 τὸν
1592 4296 1776 4365 φόϐον,

166 4382 280 4436 καὶ
314 4381 496 4435 δίδωσι
516 4384 582 4453 τῇ
600 4382 788 4456 ἀγάπῃ
837 4381 936 4452 τὴν
973 4382 1300 4454 μαρτυρίαν,
1332 4387 1425 4438 καὶ
1448 4385 1542 4439 τοῦ
1568 4389 1778 4457 Πέτρου

65 4533 72 4539 ,
161 4471 282 4542 τὴν
321 4472 614 4544 ὁμολογίαν
678 4476 856 4544 κυροῖ,
908 4475 1004 4528 καὶ
1045 4474 1124 4544 τῷ
1178 4474 1325 4528 ἕλκει
1365 4478 1461 4547 τῆς
1492 4477 1777 4549 ἀρνήσεως

1877 3311 1997 3352 smn
2066 3291 2378 3353 conscium,
2459 3288 2840 3356 conﬁtcnsque
2903 3301 3086 3342 veram
3151 3296 3471 3354 certamque

1876 3395 2204 3442 cunctorum
2246 3380 2498 3437 notitiam
2539 3377 2685 3448 apud
2727 3379 2906 3448 ipsum
2956 3378 3135 3433 solum
3179 3380 3472 3434 universo-

1875 3495 2001 3535 rum
2029 3477 2294 3531 factorem
2326 3489 2469 3529 esse.
2509 3491 2527 3522 ι
2574 3471 2804 3524 Domine
2829 3471 3000 3534 enim,
3045 3471 3143 3536 ait,
3187 3479 3242 3522 tu
3277 3470 3469 3524 omnia
3553 3469 3564 3482 ‘

1877 3567 1988 3622 scis
2015 3608 2028 3632 ,
2061 3572 2116 3618 ιιι
2152 3565 2262 3618 scis
2297 3561 2442 3632 quod
2476 3575 2600 3614 amo
2637 3571 2688 3614 te
2721 3567 2769 3612 π.
2804 3558 2962 3626 Quod
3007 3560 3152 3614 enim
3184 3568 3235 3614 te
3266 3574 3466 3623 autem,

1876 3669 1930 3716 et
1957 3661 2090 3720 scis.
2122 3665 2174 3711 et
2210 3655 2585 3710 testimonium
2623 3654 2855 3724 praebes.
2886 3651 2945 3706 ln
2972 3652 3262 3706 dilectione
3285 3661 3468 3707 autem

1877 3770 1944 3807 an
1969 3765 2362 3824 permansurus
2389 3748 2516 3811 sint,
2542 3747 2744 3802 clarius
2771 3746 2889 3816 ipse
2919 3748 3062 3799 nosti
3092 3752 3113 3800 τ’
3137 3746 3302 3798 nihil'
3321 3745 3468 3800 enim

1877 3858 1978 3914 ego
2035 3843 2102 3897 de
2157 3841 2362 3895 futuris
2411 3841 2678 3902 dixerim,
2736 3854 2913 3908 neque
2971 3839 3038 3892 de
3077 3838 3143 3892 iis
3191 3855 3312 3908 quae
3357 3853 3471 3894 non

1881 3937 2031 4002 novi,
2063 3935 2379 3997 decertabo,
2425 3935 2539 4002 ipsa
2574 3932 2771 3986 doctus
2804 3947 2923 3986 sum
2954 3931 3314 4000 experientia,
3359 3944 3470 3984 non

1880 4025 2260 4079 contradicere
2293 4021 2548 4074 Domino.
2582 4020 2663 4072 Tu
2711 4035 2843 4072 vero
2895 4018 3021 4072 fons
3073 4019 3358 4082 veritatis,
3409 4025 3469 4070 tu

1880 4113 2256 4181 intelligentia:
2289 4110 2519 4178 abyssus
2567 4127 2580 4162 :
2624 4109 2734 4162 tuis
2773 4108 3031 4162 insistere
3067 4109 3293 4161 statutis
3332 4107 3467 4162 edo-

1882 4215 2003 4264 ctus
2040 4221 2183 4260 snm.
2229 4201 2385 4254 Πιιιις
2448 4201 2570 4267 ejus
2627 4201 2878 4251 timorem
2936 4198 3125 4253 videns
3178 4197 3467 4262 Dominus,

1882 4312 2236 4366 amoremque
2261 4295 2474 4365 penitus
2492 4293 2838 4362 exploratum
2867 4291 3093 4352 habens.
3115 4291 3468 4361 praalictione

1883 4388 2076 4444 mortis
2112 4386 2275 4440 solvit
2312 4386 2586 4448 timorem,
2617 4381 2946 4437 etcharitati
2979 4383 3193 4454 1309
3215 4384 3468 4438 testimo-

1887 4479 2034 4532 nium
2091 4477 2337 4547 praebet,
2369 4473 2628 4544 Petrique
2660 4472 3068 4529 confessionem
3107 4477 3458 4542 corroborat,

159 4566 492 4638 προσφέρει
525 4566 626 4636 τῆς
678 4565 969 4635 ὁμολογίας
1027 4566 1086 4620 τὸ
1130 4566 1442 4640 φάρμακον.
1481 4570 1580 4621 Διὰ
1622 4569 1778 4623 τοῦτο

1882 4581 1934 4627 et
1967 4570 2275 4641 negationis
2325 4569 2492 4623 ulceri
2541 4567 2911 4623 confessionis
2959 4569 3318 4639 pliarmaeum
3364 4569 3463 4623 ad-

158 4655 296 4730 γὰρ
341 4653 496 4729 οἶμαι
551 4659 646 4711 καὶ
691 4657 927 4728 τριπλῆν
948 4657 1153 4728 ταύτην
1200 4659 1517 4731 ἀπῄτησενο
1560 4662 1644 4714 ἵνα
1675 4663 1782 4714 ἰσά-

162 4750 366 4821 ριθμα
394 4753 507 4815 τοῖς
533 4751 748 4804 ἕλκεσιν
779 4750 942 4822 ἐπιθῇ
975 4750 1044 4804 τά
1070 4749 1362 4825 φάρμακα,
1393 4753 1486 4804 καὶ
1515 4752 1782 4826 γυμιιώσῃ

155 4845 300 4907 τοῖς
324 4841 563 4914 παροῦσι
591 4842 700 4896 τῶν
728 4841 988 4913 μαθητῶν
1048 4845 1146 4913 τῆς
1201 4843 1419 4912 ἀγάπης
1455 4843 1550 4914 τὴν
1583 4844 1777 4912 φλόγα.

171 4934 258 4987 Ἥ
285 4935 470 4988 τοίνυν
502 4935 810 5008 πρόρρησις
849 4936 948 5006 τῆς
987 4934 1268 5004 τελευτῆς.
1307 4939 1400 4990 καὶ
1430 4937 1520 4989 τὸν
1575 4938 1780 5009 Πέτρον

159 5024 560 5096 ἐψυχαγώγει,
586 5027 680 5079 καὶ
711 5027 838 5090 τοὺς
889 5026 1081 5090 ἄλλους
1113 5027 1415 5090 ἐδίδασκεν,
1461 5029 1536 5091 ὼς
1569 5031 1779 5081 οἰκονο-

163 5118 322 5188 μίας
345 5114 433 5190 ἦν,
458 5118 571 5171 ἀλλ’
603 5118 661 5170 ού
695 5117 922 5188 γνώμης
948 5120 982 5189 ἡ
1014 5118 1262 5190 ἄρνησις.
1293 5120 1402 5170 Καὶ
1430 5119 1588 5172 τοῦτο
1614 5119 1776 5181 αὐτὸς

158 5208 197 5261 ὁ
232 5208 439 5279 Σωτὴρ
470 5207 560 5260 καὶ
593 5207 795 5278 Κύριος
827 5207 989 5277 ἡμῶν
1035 5207 1276 5279 ᾐνίξατο,
1334 5209 1473 5276 πρὸς
1510 5210 1671 5262 αὐτὸν
1704 5211 1782 5262 εί-

165 5299 410 5370 ρηκώς·
469 5318 486 5350 ι
543 5299 760 5368 Σίμων,
813 5300 1035 5369 Σίμων,
1084 5301 1386 5371 ἐξῃτήσατο
1447 5305 1474 5353 ό
1539 5301 1782 5363 Σατανᾶς

165 5395 433 5446 σινιᾶσαι
470 5394 613 5462 ὑμᾶς
643 5393 718 5456 ὼς
747 5392 836 5446 τὸν
873 5396 1039 5458 σῖτον,
1075 5394 1228 5462 κάγὼ
1257 5395 1480 5464 ἐδεήθην
1512 5395 1640 5466 περὶ
1665 5395 1780 5459 σοῦ,

164 5485 260 5539 [va
301 5485 379 5557 μὴ
418 5485 612 5556 ἐκλίπῃ
646 5486 677 5556 ἡ
706 5485 887 5548 πίστις
936 5503 1031 5538 σου
1055 5503 1068 5516 ·
1102 5486 1235 5540 ἀλλά
1279 5488 1372 5541 καὶ
1407 5485 1468 5538 σύ
1506 5503 1633 5539 ποτε
1661 5488 1780 5539 ἐπι-

165 5577 317 5648 στρέ
340 5578 450 5648 ξλας,
481 5579 734 5649 στήριξον
765 5581 890 5642 τοὺς
923 5577 1188 5649 ἀδελφούς
1220 5597 1336 5632 σου.
1373 5599 1389 5630 ι
1425 5580 1637 5649 Ὥσπερ
1669 5581 1777 5650 γάρ

167 5671 328 5739 ιγὼ,
381 5669 537 5740 φησὶ,
591 5668 952 5740 σαλευόμενον
1007 5669 1104 5740 οὐχ
1144 5669 1424 5741 ὑπερείδόν
1475 5687 1554 5732 σε,
1606 5671 1776 5733 οὕτως

261 5843 289 5870 ⁵⁸
322 5853 480 5900 Joatt.
519 5865 630 5912 χιι,
673 5848 749 5901 25.
833 5858 854 5884 τ
891 5847 1081 5901 Matth.
1111 5845 1369 5915 xxv1,55.

1453 5860 1478 5887 ι
1501 5845 1658 5901 Joan.
1689 5847 1916 5913 11",”.

1884 4674 2082 4721 movet.
2120 4661 2202 4718 Ob
2238 4663 2286 4716 id
2317 4662 2461 4716 enim
2494 4661 2748 4726 arbitror,
2783 4669 2837 4714 et
2876 4661 3017 4714 hanc
3061 4660 3244 4729 exegit
3278 4660 3462 4729 tripli-

1881 4774 2020 4821 cem,
2057 4769 2115 4809 ut
2141 4755 2288 4824 paris
2337 4754 2552 4807 numeri
2586 4753 2982 4807 medicamenta
3033 4753 3313 4806 ulceribus
3362 4753 3468 4804 im-

1885 4857 2080 4918 ponat,
2112 4845 2538 4914 discipulisque,
2570 4845 2662 4914 qui
2693 4843 2944 4909 aderant,
2983 4843 3279 4899 cltaritatis
3307 4842 3465 4896 ﬁam-

1884 4954 2028 4993 mam
2064 4936 2398 4990 mauil‘estet.
2440 4935 2730 4990 l’raedictio
2773 4935 2959 5005 itaque
2991 4936 3184 4990 mortis
3208 4976 3223 5001 ,
3281 4943 3337 4990 et
3369 4935 3469 4991 Pe-

1882 5041 2025 5086 trum
2060 5031 2343 5085 consolata
2373 5038 2479 5096 est,
2509 5039 2562 5082 et
2595 5029 2735 5084 alios
2765 5029 2974 5096 docuit,
3019 5031 3367 5099 negationem
3397 5028 3467 5083 il-

1877 5124 1984 5179 lam
2023 5123 2452 5192 dispensationis
2498 5122 2690 5186 fuisse,
2735 5137 2843 5176 non
2894 5123 3115 5176 mentis.
3153 5123 3334 5192 Atque
3364 5121 3468 5174 hoc

1879 5219 1998 5286 ipse
2020 5215 2276 5272 Salvator
2304 5223 2358 5269 et
2391 5214 2658 5269 Dominus
2685 5223 2870 5269 noster
2895 5215 3232 5276 insinuavit,
3269 5213 3460 5267 dicens

1881 5307 1960 5361 illi
2005 5325 2019 5361 :
2062 5325 2080 5357 ι
2131 5307 2319 5360 Simon
2346 5349 2359 5372 ,
2413 5304 2638 5370 Simon,
2670 5321 2796 5359 ecce
2846 5303 3083 5359 Satanas
3119 5303 3469 5374 expetivitut

1884 5413 1981 5452 vos
2011 5399 2276 5452 cribraret
2310 5399 2455 5452 sicut
2480 5398 2763 5461 triticum,
2797 5413 2897 5468 ego
2928 5405 3109 5451 autem
3157 5396 3336 5466 rogavi
3371 5412 3470 5466 pro

1884 5499 1936 5544 te
1977 5499 2031 5544 ut
2065 5506 2170 5544 non
2204 5488 2424 5543 deﬁriat
2458 5489 2594 5544 ﬁdes
2621 5498 2739 5552 tua,
2793 5498 2846 5544 et
2883 5498 2938 5543 tu
2983 5490 3282 5558 aliquando
3323 5505 3459 5542 cou-

1886 5594 2104 5641 versus,
2139 5578 2401 5632 conﬁrma
2438 5577 2634 5633 fratres
2673 5587 2797 5632 tuos
2821 5587 2873 5633 γ.
2920 5599 2938 5631 ι
2983 5577 3460 5644 Quemadmodum

1886 5669 2059 5734 enim,
2091 5672 2185 5730 ait,
2224 5686 2325 5741 ego
2358 5679 2410 5725 te
2459 5669 2819 5727 ﬂuctuantem
2866 5688 2974 5727 non
3025 5670 3277 5742 despexi,
3309 5669 3391 5728 ita
3421 5675 3480 5726 et

2004 5854 2034 5895 γ
2070 5845 2200 5900 Luc.
2245 5861 2377 5912 χχιι,
2409 5846 2499 5912 51,
2535 5847 2624 5901 '52.

3878 354 3885 373 ι

3884 1050 3889 1077 ί

3866 1224 3869 1253 l

3860 1278 3867 1317 ί
3882 1248 3895 1321 ὲ

3880 1910 3883 1927 l

3886 2148 3889 2165 ι

3895 2967 3898 3014 !

3895 3015 3898 3058 Ι
