3898 6196
164 289 307 358 1513

967 289 1252 351 ORATIO
1289 289 1388 352 DE
1427 287 1694 352 DIVINA
1719 286 1812 348 ΕΤ
1852 285 2136 347 SANCTA
2173 284 2625 348 CHARITATE.

3301 285 3434 352 1514

171 405 376 480 ’Δρετη
409 407 466 462 δὲ
497 405 593 462 καὶ
621 404 928 475 φιλοσοφία,
966 410 1102 478 μόνη
1148 406 1298 475 μένει
1332 405 1572 474 ἀγαθῶν.
1607 400 1755 473 Νικᾷ

1870 411 2001 473 gent.
2025 401 2210 457 Virtus
2235 409 2416 458 autem
2446 409 2499 456 et
2521 397 2866 470 philosOphia
2889 398 3086 456 stabile
3123 408 3208 456 est
3229 401 3434 458 bonum

157 499 272 571 γὰρ
309 501 408 553 καὶ
449 498 648 572 λῃστοῦ
684 500 895 569 χεῖρας,
943 502 1038 552 καὶ
1097 499 1434 568 συκοφάντου
1473 496 1747 566 γλῶσσαν,

159 593 262 648 καὶ⁹
293 591 612 662 πολεμικῶν
647 589 816 659 βελῶν
844 589 939 642 καὶ
970 588 1212 659 δοράτων
1235 589 1464 658 νιφάδας
1489 605 1502 618 ·
1531 587 1592 640 οὐ
1613 587 1753 655 γίνε-

157 700 254 736 ται
282 679 527 753 πυρετοῦ
559 677 964 751 παρανάλωμα,
995 678 1119 731 οὐδὲ
1151 677 1418 740 κλύδωνος
1449 677 1750 748 πάρεργον,

155 775 284 830 οὐδὲ
316 773 581 841 ναυαγίου
605 771 796 842 ζημία.
827 771 1041 841 Ταύτης
1068 773 1098 824 ό
1127 772 1316 841 χρόνος
1349 771 1450 824 οὐκ
1489 771 1746 840 ἀφαιρεῖ-

155 885 276 930 ται,
307 866 429 919 ἀλλ’
457 863 610 930 αὐξει
637 863 736 934 τὴν
770 861 1019 932 δύναμιν.
1041 863 1183 933 ’Ύλη
1233 862 1291 916 δὲ
1315 861 1518 932 ταύτης
1549 861 1582 931 ἡ
1616 857 1746 930 περὶ

155 958 252 1014 τὸν
303 957 445 1011 Θεὸν
498 957 708 1026 ἀγάπη.
757 953 1042 1009 Ἀδύνατον
1091 953 1198 1025 γὰρ
1234 953 1578 1024 κατορθῶσαι
1613 951 1756 1022 φιλο-

157 1037 364 1117 ἓοφίαν
395 1048 488 1102 τὸν
517 1047 591 1118 μὴ
625 1046 826 1117 θερμὸν
851 1045 944 1098 τοῦ
986 1045 1122 1098 Θεοῦ
1153 1045 1444 1115 γενόμενον
1481 1045 1750 1116 ἐραστήνο

162 1140 374 1209 μᾶλλον
403 1140 463 1192 δὲ
484 1140 614 1192 αὐτὸ
635 1138 792 1192 τοῦτο
814 1137 1104 1208 φιλοσοφία
1147 1137 1414 1192 καλεῖται.
1447 1137 1618 1207 Σοφία
1646 1138 1754 1210 γὰρ

159 1233 190 1285 ό
235 1231 376 1295 Θεὸς
429 1231 522 1284 καὶ
573 1230 687 1282 ἐστι
735 1228 830 1282 καλ⁸
877 1229 1149 1310 καλεξται.
1187 1229 1322 1299 Περὶ
1359 1228 1458 1299 μὲν
1490 1227 1599 1298 γὰρ
1657 1227 1754 1280 τοῦ

160 1323 307 1376 Θεοῦ
337 1321 449 1375 τῶν
470 1322 607 1375 ὅλων
627 1322 655 1373 ὁ
675 1320 944 1391 μακάριος
957 1320 1105 1387 λέγει
1124 1318 1333 1383 Παῦλος
1355 1335 1367 1349 '
1391 1337 1411 1372 ε
1447 1318 1754 1390 Ἀφθάρτῳ,

162 1415 415 1486 ἀοράτῳ,
446 1413 595 1482 μόνῳ
633 1411 782 1482 σοφῷ
805 1411 926 1481 Θεῷ
953 1428 965 1441 ·
1002 1431 1022 1465 ι
1049 1411 1178 1483 περὶ
1203 1411 1260 1464 δὲ
1289 1412 1384 1466 τοῦ
1419 1412 1756 1480 Μονογενοῦς

165 1521 310 1574 φησι
334 1521 348 1533 ⁸
375 1522 393 1554 ι
420 1503 676 1577 Χριστὸς,
705 1503 838 1556 Θεοῦ
860 1501 1107 1573 δύναμις,
1124 1503 1218 1556 καὶ
1247 1502 1381 1557 Θεοῦ
1413 1503 1628 1574 σοφία.»
1649 1504 1760 1557 Καὶ

167 1599 372 1650 πάλιν·
412 1614 430 1646 ι
473 1593 656 1663 Ἐδόθη
682 1594 812 1664 ἡμῖν
840 1594 1002 1662 σοφία
1025 1593 1133 1647 ἀπὸ
1158 1593 1314 1659 Θεοῦ,
1347 1593 1664 1664 δικαιοσύνη
1697 1611 1757 1648 τε

1855 509 1918 548 ac
1958 507 2313 563 permanens.
2347 491 2722 548 Vincitenim
2759 500 2814 546 et
2857 492 3176 561 praedonum
3214 510 3437 562 manus,

1851 593 1906 640 et
1957 585 2421 640 calumniatorum
2463 584 2707 654 linguas,
2764 592 2819 638 et
2861 585 3148 641 hostilium
3198 587 3434 644 telorum

1852 678 2249 747 hastarumque
2285 683 2642 746 tempestates
2691 693 2704 728 :
2738 691 2849 731 non
2910 677 3224 732 absumitur
3265 679 3438 746 l'ebre,

1851 767 2030 840 neque
2055 770 2315 826 ﬂuctibus
2337 770 2590 824 obruitur
2607 787 2620 834 ;
2637 783 2743 822 non
2768 769 2911 839 perit
2935 769 3239 842 naufragio.
3263 771 3440 843 Hujus

1853 863 1962 918 vim
1993 879 2100 918 non
2131 862 2389 918 diminuit
2421 869 2660 930 tempus,
2699 863 2795 915 sed
2837 870 3020 932 auget.
3052 862 3230 933 Hujus
3275 880 3441 934 porro

1853 957 2081 1012 materia
2099 956 2190 1012 Dei
2215 965 2300 1012 est
2323 955 2564 1011 dilectio.
2599 953 2747 1008 Fieri
2772 954 2916 1008 enim
2941 958 3151 1026 nequit,
3181 964 3242 1012 ut
3265 958 3443 1028 philo-

1855 1048 2105 1118 sophiam
2147 1045 2391 1118 perfecte
2416 1052 2784 1114 assequatur,
2823 1043 2919 1114 qui
2969 1060 3079 1099 non
3126 1046 3199 1102 sit
3223 1047 3444 1105 fervens

1856 1139 1951 1196 Dei
1993 1147 2252 1194 amator:
2291 1137 2422 1208 quin
2463 1137 2569 1192 boc
2599 1137 2779 1207 ipsum
2827 1136 3216 1207 philosophia,
3252 1138 3304 1193 id
3351 1146 3438 1196 est

1857 1230 2098 1288 studium
2138 1231 2441 1300 sapientiae,
2475 1237 2726 1284 vocatur.
2772 1227 3048 1298 Sapientia
3097 1228 3244 1284 enim
3299 1229 3445 1287 Deus

1863 1329 1918 1376 et
1949 1329 2034 1376 est
2077 1329 2132 1374 et
2159 1325 2410 1374 vocatur.
2441 1317 2517 1374 [te
2540 1317 2650 1373 Deo
2671 1318 2816 1372 enim
2841 1317 3226 1374 universorum
3248 1317 3444 1377 beatus

1859 1413 2063 1468 Paulus
2098 1411 2234 1468 dicit
2273 1429 2286 1465 :
2334 1429 2353 1462 ι
2395 1409 2717 1475 lmmortali,
2761 1409 3052 1473 invisibili,
3087 1410 3189 1464 soli
3223 1411 3448 1480 sapien-

1861 1505 1899 1559 ti
1939 1504 2050 1559 Deo
2075 1514 2121 1556 α.
2165 1521 2183 1555 ›
2233 1502 2310 1557 De
2355 1500 2651 1572 Uuigenito
2697 1509 2879 1557 autem
2921 1502 2998 1555 ait
3031 1500 3104 1556 ἀι
3143 1519 3163 1553 ι
3188 1501 3444 1558 Christus

1861 1597 1956 1652 Dei
1990 1597 2200 1658 virtus,
2232 1604 2286 1650 et
2316 1593 2412 1650 Dei
2437 1595 2730 1665 sapientia.
2769 1613 2789 1646 ι
2842 1592 2909 1647 Et
2948 1609 3147 1651 rursus
3181 1612 3195 1650 :
3239 1613 3258 1646 ι
3305 1593 3438 1650 Data

167 1685 272 1739 καὶ
308 1684 606 1755 ἁγιασμὸς,
640 1683 736 1735 καὶ
765 1681 1162 1753 ἀπολύτρωσις.
1203 1701 1222 1735 ι
1261 1684 1318 1736 '0
1335 1683 1512 1737 τοίνυν
1540 1684 1617 1754 τῷ
1645 1683 1758 1736 δντι

1870 1699 1948 1746 est
1985 1689 2147 1745 nobis
2174 1687 2446 1758 sapientia
2478 1701 2508 1740 a
2543 1686 2674 1748 Deo,
2698 1685 2918 1756 justitia
2939 1728 2954 1748 ,
2974 1695 3029 1740 et
3059 1685 3442 1752 sanctiﬁcatio,

171 1734 616 1843 ὲρζᾶἀᾶἑςρᾇξξέὲιὶ
641 1771 884 1841 φιλόθεος
919 1734 999 1826 εὖ
1036 1734 1271 1836 εἰκότως
1291 1734 1565 1827 ..τρέψῃ
1583 1734 1668 1827 id
1689 1734 1760 1827 ἐξ
1793 1734 1834 1793 θ

173 1864 430 1932 φιλόθεος
456 1863 563 1917 τῶν
598 1864 774 1917 ἀλλων
809 1865 1064 1919 ἀπάντων
1121 1866 1498 1937 ὑπερφρονῶν,
1531 1868 1626 1920 καὶ
1670 1867 1761 1920 τὸν

173 1957 462 2028 ἐρώμενον
485 1957 647 2028 μόνον
667 1957 829 2028 ὁρῶν,
853 1957 1070 2012 πάντων
1093 1958 1231 2029 ὁμοῦ
1264 1959 1362 2030 τὴν
1387 1960 1595 2014 ἐκείνου
1628 1977 1762 2030 προ-

172 2051 367 2122 τίθησι
419 2049 749 2122 θεραπείανο
805 2051 991 2104 ἐκεῖνα
1039 2051 1201 2121 μόνα,
1263 2053 1360 2104 καὶ
1412 2050 1611 2119 λέγων,
1665 2050 1763 2104 καὶ

177 2145 460 2214 πράττων,
505 2144 600 2196 καὶ
626 2142 996 2214 λογιζόμενος,
1030 2143 1066 2198 ὃ.
1097 2144 1188 2198 τὸν
1237 2143 1604 2215 ἀγαπώμενον
1632 2145 1762 2213 ἀρέ-

178 2253 308 2290 σκει
336 2237 431 2290 καὶ
455 2234 770 2307 θεραπεύει,
812 2237 909 2288 καὶ
960 2237 1362 2306 μυσαττόμενος
1398 2236 1614 2296 ἅπαντα
1664 2237 1767 2289 ὅσα

179 2331 394 2392 ἐκεῖνος
425 2326 783 2396 ἀπαγορεύει.
807 2327 1022 2398 Ταύτης
1051 2327 1220 2398 Ἀδάμ
1248 2331 1348 2400 τῆς
1377 2329 1598 2400 ἀγάπης
1615 2329 1766 2400 ὀλιγ·

176 2423 407 2493 ωρήσας
430 2462 444 2483 ,
497 2422 593 2474 καὶ
619 2422 746 2492 περὶ
769 2421 860 2475 τὸν
886 2421 1182 2492 εὐεργέτην
1232 2422 1503 2493 ἀγνώμων
1548 2423 1770 2498 γενόμε-

179 2533 294 2579 νος,
342 2513 607 2578 ἀκάνθας,
626 2515 722 2570 καὶ
742 2514 960 2579 πόνους,
983 2515 1077 2567 καὶ
1097 2515 1476 2586 ταλαιπωρία-ξ
1506 2511 1769 2592 ὲδρέψατο

177 2607 284 2676 τῆς
319 2607 640 2676 ἀχαριστίας
705 2606 914 2676 μισθόν.
973 2606 1192 2678 Ταύτην
1246 2609 1414 2667 Ἀϐελ
1449 2613 1526 2684 τῷ
1549 2615 1770 2686 χορηγῷ

174 2697 292 2750 τῶν
319 2697 543 2764 ἀγαθῶν
583 2695 806 2767 βεϐαίαν
834 2696 1195 2769 διαφυλάξας,
1245 2705 1339 2757 καὶ
1388 2704 1497 2758 τῶν
1540 2706 1638 2776 μὲν
1667 2722 1770 2775 γα..

181 2787 351 2858 στρὸς
375 2787 577 2857 ἡδονῶν
597 2791 1054 2861 ικαταφρονήσας,
1094 2794 1194 2865 τὴν
1217 2795 1272 2848 δὲ
1302 2795 1395 2851 τοῦ
1441 2796 1579 2850 Θεοῦ
1635 2814 1770 2869 προ-

181 2878 444 2948 ελόμενος
463 2877 778 2948 θεραπείαν,
793 2883 901 2947 τοῖς
921 2885 1217 2956 ἀκηράτοις
1241 2888 1628 2960 κατεκοσμήθη
1647 2907 1770 2944 στε-

183 2969 402 3040 φάνοις,
444 2969 536 3022 καὶ
564 2969 652 3022 διὰ
680 2971 864 3045 πάσης
911 2979 1103 3044 γενεᾶς
1141 2977 1338 3042 ὁδεύει,
1370 2979 1469 3049 τὴν
1494 2982 1770 3052 εὐφημίαν

183 3063 278 3116 διὰ
304 3061 408 3130 τῆς
438 3060 658 3136 μνήμης
685 3066 1086 3138 καρπούμενος.
1132 3069 1350 3140 Ταύτην
1391 3071 1564 3142 Ἑνὼχ
1594 3073 1768 3145 ἀληθῆ
1799 3093 1842 3150 ο

185 3151 287 3204 καὶ
312 3151 546 3220 γνησίαν
593 3156 956 3225 κτησάμενος,
1016 3157 1111 3210 καὶ
1152 3157 1371 3230 ἔσπειρε
1417 3159 1618 3226 καλῶς,
1679 3162 1774 3215 καὶ

187 3243 441 3315 ἐθέρισέν
476 3246 716 3316 ἄμεινον,
738 3249 952 3317 καὶτῆς
979 3249 1071 3302 τοῦ
1101 3249 1237 3303 Θεοῦ
1265 3251 1563 3322 θεραπείας
1587 3253 1776 3324 μισθὸν

189 3336 494 3406 ἐκομίσατο
547 3339 646 3409 τὴν
697 3340 1006 3408 μετάθεσιν,
1045 3343 1138 3396 καὶ
1185 3342 1282 3414 τὴν
1312 3342 1577 3398 ἀθάνατον
1635 3345 1804 3408 τέως

197 3427 366 3498 ζωὴν,
401 3428 493 3480 xa‘t
529 3430 625 3499 τὴν
647 3429 735 3484 διὰ
761 3430 851 3484 τοῦ
891 3431 1006 3502 βίου
1059 3434 1260 3498 παντὸς
1301 3435 1496 3507 εὐκλεῆ
1525 3439 1618 3492 καὶ
1652 3438 1778 3493 ἀθά-

196 3537 360 3574 νατον
435 3521 672 3592 μνήμην.
727 3523 790 3575 Τί
845 3523 908 3578 ἄν
935 3543 1015 3588 τις
1047 3527 1191 3581 εἴποι
1225 3530 1355 3598 περὶ
1396 3529 1494 3600 τῆς
1521 3530 1616 3584 τοῦ
1652 3532 1786 3584 Νῶε

197 3611 412 3678 φιλοθεῒ
422 3629 510 3676 ας,
540 3613 607 3682 ἢν
629 3613 751 3666 οὐδὲ
765 3615 870 3667 τῶν
890 3619 1219 3687 παρανόμων
1235 3619 1558 3694 διήλεγξενή
1577 3622 1796 3696 φθοράο-

197 3703 336 3757 ἀλλά
367 3703 586 3758 πάντων
610 3705 992 3772 ἐκκλινάντων,
1029 3706 1120 3761 καὶ
1151 3709 1250 3780 τὴν
1276 3712 1524 3766 ἐναντίαν
1556 3716 1768 3786 προελοο

202 3797 400 3865 μένων,
433 3797 592 3867 μόνος
618 3799 718 3869 τὴν
748 3799 962 3854 εὐθεῖαν
993 3799 1218 3868 ὥδευσε,
1277 3805 1492 3860 πάντων
1519 3807 1652 3878 ὁμοῦ
1685 3808 1776 3860 τὸν

199 3889 437 3959 Ποιητὴν
468 3890 778 3960 προτιθείς;
837 3884 912 3946 Οὐ
961 3893 1140 3964 χάριν,
1173 3897 1268 3949 καλ⁹
1312 3898 1472 3967 μόνος
1505 3899 1643 3968 μετά
1668 3900 1778 3952 τῶν

202 3977 409 4030 παίδων
446 3981 545 4048 τῆς
595 3983 869 4053 σωτηρίας
911 3985 1202 4055 τετύχηκε,
1227 3987 1322 4039 καὶ
1373 3988 1596 4058 σπέρμα
1644 4006 1777 4042 κατ-

200 4070 424 4142 ελείφθη
453 4077 517 4143 τῇ
570 4075 750 4142 φύσει,
779 4083 874 4129 καὶ
926 4079 1160 4149 σπινθὴρ
1206 4080 1482 4151 ἐφυλάχθη
1514 4083 1590 4153 τῷ
1609 4085 1771 4150 γένει.

201 4161 359 4215 Οῦτω
411 4164 744 4234 Μελχισεδὲκ
771 4205 786 4225 ,
817 4167 846 4218 ό
891 4168 1062 4234 μέγας
1105 4171 1425 4240 ἀρχιερεὺς,
1460 4174 1566 4226 τῶν
1604 4174 1672 4228 τὰ
1701 4175 1778 4228 εί-

197 4253 344 4308 δωλα
399 4255 576 4308 σέϐειν
607 4258 982 4328 προελομένων
1008 4260 1106 4331 τὴν
1127 4261 1314 4316 ἄνοιαν
1345 4265 1732 4337 βδελυξάμενος
1758 4311 1773 4334 ,

197 4345 280 4412 τῷ
351 4348 554 4417 Ποιητῇ
603 4347 712 4402 τῶν
754 4349 892 4402 ὅλων
950 4350 1046 4422 τὴν
1094 4354 1304 4408 οίκείαν
1337 4357 1635 4430 ἱερωσύνην
1680 4361 1774 4415 ἀνο

1868 1790 1924 1838 et
1963 1780 2266 1850 redemptio
2289 1792 2366 1835 θ.»
2393 1778 2496 1846 Qui
2529 1778 2696 1847 igitur
2726 1793 2852 1833 vere
2884 1786 2968 1833 est
2993 1779 3377 1850 philosophus,
3397 1779 3447 1834 is

1868 1884 1924 1930 et
1959 1872 2273 1944 philotheus
2314 1871 2440 1941 jure
2471 1869 2797 1940 appelletur.
2833 1867 2928 1924 Dei
2969 1877 3153 1924 autem
3202 1877 3444 1933 amator,

1870 1972 2064 2020 caetera
2118 1963 2300 2018 omnia
2340 1971 2719 2027 contemnens,
2766 1967 2820 2016 et
2867 1961 3045 2016 solum
3091 1970 3448 2032 quemeat

1872 2055 2112 2116 intuens.
2143 2054 2263 2122 ejus
2287 2053 2494 2108 cultum
2554 2052 2810 2108 omnibus
2856 2053 3082 2109 omnino
3103 2053 3269 2110 rebus
3291 2059 3449 2108 ante-

1872 2147 2048 2228 ponit,
2085 2145 2301 2216 1312
2333 2145 2421 2200 illa
2449 2144 2718 2203 duntaxat
2753 2153 2804 2202 et
2829 2145 3043 2213 dicens,
3065 2153 3120 2204 et
3164 2163 3354 2218 agens,
3383 2160 3450 2202 ac

1873 2239 2144 2310 cogitans.
2203 2253 2326 2310 qua:
2363 2239 2582 2310 placent
2629 2239 2851 2303 dilecto,
2901 2239 3062 2307 eique
3103 2247 3259 2310 grata
3295 2248 3448 2304 sunt,

1872 2339 1928 2390 et
1952 2343 2150 2388 cuncta
2177 2332 2460 2388 detestans
2483 2345 2605 2402 qua:
2633 2330 2724 2386 ille
2753 2337 2920 2385 vetat.
2943 2328 3096 2385 Hanc
3120 2330 3447 2388 cbaritatem

1874 2427 2050 2481 Adam
2083 2441 2206 2480 cum
2249 2423 2727 2495 parvipendisset,
2766 2430 2934 2492 atque
2972 2423 3246 2492 ingratum
3297 2435 3361 2479 se
3392 2421 3447 2478 in

1878 2518 2282 2574 benefactorem
2335 2514 2700 2580 exhibuisset,
2735 2511 2946 2584 spinas,
2995 2519 3048 2566 et
3102 2511 3342 2578 labores,
3395 2522 3451 2568 et

1877 2611 2217 2666 calamitates
2271 2623 2369 2678 pro
2402 2606 2657 2662 mercede
2707 2603 3118 2676 ingratitudinis
3155 2603 3347 2658 retulit
3401 2600 3448 2659 ι.

1879 2700 2030 2756 Hanc
2064 2700 2199 2755 Abel
2235 2697 2482 2769 largitori
2527 2697 2798 2752 bonorum
2831 2695 3043 2750 ﬁrmam
3075 2709 3200 2749 cum
3233 2709 3452 2751 servas-

1878 2804 1999 2858 set,
2039 2793 2357 2862 veutrisque
2389 2791 2700 2861 voluptates
2747 2795 3100 2858 aspernatus,
3138 2784 3233 2842 Dei
3277 2785 3452 2842 servi-

1877 2887 2014 2941 tium
2049 2883 2402 2955 praetulisset,
2438 2879 3000 2938 immarcescibilibus
3030 2878 3253 2934 coronis
3292 2891 3453 2933 exor-

1879 2987 2042 3034 natus
2078 2986 2202 3042 est,
2237 2987 2290 3033 et
2321 2991 2420 3047 per
2449 2989 2668 3030 omnem
2703 2974 2743 3027 it
2787 2971 3219 3044 generationem,
3269 2969 3452 3026 laudis

1879 3067 2116 3122 fructum
2176 3081 2244 3122 ex
2297 3065 2558 3119 memoria
2611 3063 2914 3132 decerpens
2968 3063 3014 3115 κ.
3059 3061 3216 3116 Hanc
3266 3074 3452 3115 veram

1878 3167 2040 3227 atque
2067 3169 2384 3225 germanam
2415 3153 2712 3224 possidens
2750 3151 2965 3217 Enoch,
3013 3159 3068 3207 et
3101 3157 3252 3208 recte
3278 3150 3449 3206 semi—

1879 3249 2050 3314 navit,
2074 3257 2128 3303 et
2151 3247 2349 3302 melius
2383 3245 2633 3309 messuit,
2659 3252 2715 3300 et
2742 3244 2915 3298 divini
2938 3243 3122 3298 cultus
3145 3241 3454 3298 mercedem

1879 3339 2178 3410 reportavit
2215 3337 2629 3392 translationem
2681 3335 2738 3390 in
2795 3333 3136 3405 paradisum,
3185 3341 3242 3389 et
3284 3332 3451 3388 vitam

1877 3431 2267 3496 immortalem,
2309 3430 2627 3498 claramque
2677 3443 2741 3482 ac
2797 3428 3070 3483 celebrem
3129 3442 3224 3496 per
3274 3441 3452 3481 aevum

1877 3538 2040 3577 omne
2076 3521 2320 3578 nominis
2351 3521 2674 3576 memoriam
2706 3516 2756 3574 ιι.
2808 3517 2880 3574 De
2912 3517 3121 3572 Noachi
3171 3527 3352 3572 autem
3397 3515 3452 3570 in

1880 3614 2050 3671 Deum
2096 3613 2366 3668 charitate
2405 3613 2532 3684 quis
2573 3627 2674 3682 pro
2730 3611 2928 3666 merito
2962 3609 3240 3679 loquatur,
3289 3622 3454 3678 quam

1878 3720 2053 3776 neque
2119 3703 2435 3774 iniquorum
2526 3717 2592 3757 ac
2680 3700 3076 3772 ﬂagitiosorum
3157 3697 3455 3753 multitudo

1878 3795 2212 3858 retardavit,
2267 3795 2361 3851 sed
2430 3794 2688 3849 omnibus
2755 3793 3205 3856 declinantibus,
3278 3797 3332 3845 et
3398 3790 3452 3844 in

1878 3889 2213 3944 contrariam
2305 3895 2515 3957 partem
2605 3887 3018 3942 deﬂectentibus
3078 3885 3232 3941 solus
3310 3884 3452 3938 viam

1879 3989 2086 4034 rectam
2177 3978 2392 4042 tenuit,
2488 3978 2762 4032 universis
2847 3977 3052 4046 pariter
3133 3976 3452 4030 Creatorem

1881 4071 2256 4140 anteponens?
2339 4069 2703 4134 Quamobrem
2773 4076 2826 4123 et
2907 4067 3056 4123 solus
3130 4080 3256 4121 cum
3329 4064 3454 4118 ﬁliis

1881 4164 2124 4218 salvatus
2181 4169 2286 4226 est,
2342 4170 2397 4217 et
2462 4175 2649 4215 semen
2704 4159 2952 4214 relictum
2995 4167 3079 4213 est
3129 4165 3368 4222 naturae,
3400 4168 3455 4212 et

1879 4254 2116 4309 scintilla
2146 4261 2360 4309 servata
2390 4251 2576 4324 generi
2611 4252 2652 4305 ί.
2680 4249 2772 4304 Sic
2798 4248 3197 4306 Melchisedech
3224 4265 3455 4320 magnus

1882 4343 2162 4416 pontifex,
2221 4344 2366 4400 idola
2424 4343 2723 4400 colentium
2775 4343 3071 4397 amentiam
3131 4339 3452 4403 detestans,

199 4435 418 4506 έθηκεν.
475 4432 548 4491 Ub
597 4439 778 4509 χάριν,
811 4439 906 4493 τὸν
934 4419 1108 4512 μέγαν
1132 4446 1336 4500 ἐκεῖνον
1363 4419 1554 4518 μισθὸν
1583 4419 1766 4522 έκομί·

1883 4437 2262 4493 universorum
2318 4435 2569 4492 Creatori
2627 4435 3000 4490 sacerdotium
3059 4448 3220 4490 suum
3298 4433 3456 4490 dedi—

201 4542 354 4591 σατο,
380 4525 548 4592 τύπος
582 4531 868 4600 γενόμενος
904 4534 999 4586 καὶ
1033 4536 1162 4590 σκιά
1205 4536 1300 4590 τοῦ
1341 4538 1482 4592 κατὰ
1517 4541 1766 4611 ἀλήθειαν

1874 4527 2037 4590 cavit,
2071 4525 2232 4596 cujus
2285 4527 2457 4599 gratia
2491 4542 2744 4598 magnum
2779 4527 2910 4580 illud
2942 4526 3224 4597 praemium
3267 4539 3456 4595 repor-

199 4618 490 4690 ἁπάτορος,
527 4622 618 4673 καὶ
655 4622 951 4692 ἀμήτορος,
995 4627 1088 4678 καὶ
1120 4626 1574 4699 άγενεαλογήτου,
1636 4635 1766 4703 μήτε

1875 4643 2030 4704 tavit,
2093 4650 2151 4695 ut
2203 4642 2374 4712 ﬁgura
2409 4655 2463 4698 et
2493 4643 2686 4697 umbra
2727 4642 2848 4710 ejus
2879 4641 3050 4707 fieret,
3083 4644 3176 4713 qui
3215 4661 3340 4699 vero
3370 4657 3456 4700 est

401 4713 671 4816 qﬁepmv,‘
686 4716 823 4784 μήτε
851 4716 998 4784 ζωῆς
1023 4717 1170 4781 τέλος
1195 4719 1430 4789 ἔχοντος.
1477 4723 1636 4778 Ἀλλά
1665 4727 1766 4796 γάρ

1881 4736 2000 4788 sine
2038 4734 2248 4805 1313
2280 4744 2450 4803 patre.
2490 4748 2552 4787 ac
2581 4735 2702 4790 sine
2734 4743 2929 4800 matre,
2961 4742 3016 4790 et
3048 4712 3170 4791 sine
3199 4737 3455 4808 genealo-

200 4800 306 4868 ὁδῷ
337 4801 566 4870 βαδίζων
595 4807 623 4857 ό
655 4805 834 4873 λόγος.
868 4807 1003 4877 πρὸς
1029 4809 1191 4862 αὐτὸν
1220 4811 1469 4880 ἀφίκετο,
1497 4815 1588 4868 τὸν
1633 4833 1766 4886 χρη-

1876 4828 1984 4894 gia,
2017 4841 2193 4894 neque
2223 4825 2440 4879 initium
2487 4823 2701 4880 dierum
2727 4864 2739 4888 .
2777 4840 2953 4896 neque
2990 4829 3114 4882 vita:
3151 4827 3314 4883 finem
3356 4829 3456 4883 ha-

205 4895 508 4958 ματίσαντα
535 4895 627 4948 τοῦ
655 4895 789 4949 Θεοῦ
829 4895 1001 4964 φίλον,
1042 4899 1132 4952 τὸν
1185 4901 1428 4972 ἀκριϐῶς
1453 4905 1550 4975 τῆς
1597 4909 1766 4976 φιλίας

1883 4917 2018 4970 hens
2052 4915 2093 4969 i.
2130 4918 2199 4969 At
2227 4917 2374 4971 enim
2406 4915 2598 4971 ordine
2627 4895 2932 4986 procedens
2965 4918 3143 4973 oratio
3193 4919 3259 4973 ad
3299 4919 3451 4974 illum

201 4986 327 5044 τοῦς
359 4986 554 5050 νόμους
583 4986 675 5039 καὶ
721 4986 1033 5055 φυλάξαντα
1078 4991 1171 5044 καὶ
1215 4992 1520 5058 διδάξαντα.
1549 4999 1645 5062 Τίς
1665 5001 1766 5071 γάρ

1883 5008 2150 5078 pervenit,
2197 5007 2292 5078 qui
2327 5007 2420 5062 llei
2471 5008 2685 5063 amicus
2715 5021 3069 5079 nuncupatus
3098 5018 3215 5073 est,
3246 5011 3337 5081 qui
3379 5011 3456 5065 le-
3548 5057 3552 5064 .

202 5073 386 5137 ἀγνοεῖ
413 5090 518 5125 των
545 5073 687 5128 οὕτω
720 5093 837 5138 πως
871 5079 939 5132 τά
968 5079 1088 5133 θεῖα
1125 5085 1590 5156 πεπαιδευμένων,
1627 5091 1766 5154 ὅπως

205 5162 510 5183 .ο.-.ι---..Α-γν
558 5165 652 5183 οιρ
740 5167 751 5183 1
845 5169 856 5183 ο
958 5169 970 5183 ο
1295 5174 1305 5183 .
1555 5178 1567 5183 Α
1602 5180 1612 5183 -

1881 5073 1976 5168 aes
2026 5073 2283 5156 amicitiae
2336 5106 2598 5153 accurate
2655 5073 2996 5154 servavit-et
3056 5073 3278 5156 docuit:
3317 5100 3456 5167 Quis

204 5162 512 5232 ὑπήκουσεν
558 5165 807 5238 Ἀϐραάμ
835 5169 864 5220 ό
905 5169 1078 5240 μέγας
1111 5174 1454 5247 πατριάρχης
1481 5178 1766 5234 καλέσαντι

1879 5191 2024 5245 enim
2071 5190 2421 5259 eorum,qui
2469 5189 2524 5243 in
2576 5187 2781 5243 divinis
2829 5191 3217 5260 quoquomodo
3253 5193 3453 5247 versati

202 5256 280 5324 τῷ
304 5256 444 5326 Θεῷ,
499 5258 646 5322 ὅπως
681 5260 780 5332 τὴν
813 5263 1071 5336 πατρῴαν
1117 5267 1400 5322 κατέλιπεν
1453 5272 1651 5333 οἰκίαν,
1679 5273 1766 5325 καὶ

1876 5289 2027 5343 sunt.
2060 5280 2297 5350 ignorat,
2324 5256 2601 5350 quomodo
2628 5256 2979 5335 vocanti—Deo
3001 5283 3249 5351 paruerit
3280 5282 3456 5337 Abra-

207 5351 300 5417 τῆς
326 5351 581 5420 πατρίδος
613 5351 712 5422 τὴν
735 5353 891 5423 ξένην
921 5357 1234 5424 προείλετο;
1267 5363 1559 5434 ἐπειδήπερ
1630 5365 1766 5430 ἅπαξ

1870 5373 1992 5426 ham
2029 5373 2076 5437 ιι,
2107 5386 2332 5441 magnus
2363 5371 2451 5424 ille
2499 5369 2845 5440 patriarcha?
2888 5370 3166 5440 quomodo
3229 5359 3477 5428 domum.

273 5560 298 5588 ο
335 5548 352 5602 ι
384 5547 524 5604 Tim.
558 5566 598 5613 1,
634 5552 720 5607 17.
828 5551 852 5591 δ
893 5551 1051 5608 ICor.
1089 5571 1127 5619 1,
1169 5556 1258 5610 24.
1337 5569 1360 5597 ε
1391 5561 1520 5616 ibid.
1551 5563 1640 5618 50.
1724 5563 1742 5602 ¹

209 5617 233 5656 ιι
262 5616 399 5674 Gen.
433 5635 488 5681 v,
519 5621 608 5684 25,
641 5621 743 5686 24;
775 5615 944 5677 Eccli.
974 5641 1115 5687 κων,
1147 5628 1212 5682 16
1235 5643 1251 5687 ;
1278 5629 1444 5683 Hebr.
1473 5647 1547 5687 χι.
1581 5633 1635 5687 5.
1720 5646 1733 5672 ι

1870 5581 1912 5620 ιι.
1942 5581 2022 5628 ut,
2053 5569 2072 5620 ί
2110 5581 2264 5639 seqq.
2383 5569 2408 5608 ⁸
2437 5565 2573 5622 Gen.
2621 5583 2695 5634 tv,
2729 5569 2762 5623 5
2793 5583 2971 5638 scqq.;
3020 5566 3184 5625 Hebr.
3226 5587 3303 5634 xl,
3327 5573 3383 5630 4.

1870 5651 1909 5687 1.
1949 5653 2020 5687 VI.
2058 5653 2151 5687 \‘ll.
2197 5653 2290 5687 vm
2315 5681 2326 5687 -
2363 5655 2409 5687 nt
2444 5646 2495 5687 et
2521 5656 2573 5687 ι-
2675 5635 2688 5687 i
2729 5639 2866 5687 Gen.
2891 5639 3169 5687 xthR—Ql
3213 5659 3226 5687 ε
3289 5641 3383 5687 "ei

209 5639 233 5656 ιι
262 5639 399 5674 υιοη.
433 5639 488 5681 v,
519 5639 608 5684 το,
641 5639 743 5686 za;
775 5639 944 5677 nccu.
974 5641 1115 5688 κων,
1147 5639 1251 5691 16;
1279 5639 1444 5683 Hebr.
1473 5647 1547 5696 χι,
1581 5639 1635 5687 5.
1720 5646 1733 5672 ι

205 5703 298 5758 vu,
328 5689 385 5746 5.
461 5690 485 5728 ¹ι
527 5689 662 5749 Gen.
711 5707 804 5758 xu,
835 5701 888 5745 et
942 5710 1043 5760 xv;
1087 5694 1250 5750 Hebr.
1287 5713 1338 5750 ιιι
1366 5715 1381 5765 ;
1413 5699 1584 5756 Galat.
1619 5719 1710 5770 Ill;
1743 5705 1766 5755 Α

1870 5651 1929 5755 1.7
1949 5653 2020 5701 vr,
2058 5653 2152 5701 \‘Il,
2197 5653 2326 5704 vut,
2363 5655 2410 5693 ιι
2444 5646 2495 5694 et
2521 5656 2573 5694 ι.
2675 5639 2688 5687 i
2729 5639 3170 5702 Cen.xtv,l8—Ql
3213 5659 3228 5707 ;
3289 5641 3455 5698 Hebr.

523 5784 784 5846 ΡΑτιιοι..
843 5785 956 5846 Gn.
1008 5787 1312 5851 LXXXII.

3077 5803 3150 5863 1+8
