3898 6196
272 285 406 354 1517

1067 282 1352 342 ORATIO
1387 281 1485 342 DE
1525 277 1790 340 DYVINA
1831 275 1924 336 ΕΤ
1963 276 2249 340 SANCTA
2271 279 2702 341 CHARITATE

3385 278 3522 344 1528

271 419 450 477 μενον,
480 401 575 456 καὶ
614 400 736 464 τοὺς
787 398 996 454 ἐκείνου
1043 400 1242 470 νόμους
1295 396 1539 470 πληρῶν.
1585 395 1846 464 Ταύτηνό

1956 403 2274 466 tempusque
2303 397 2577 469 prolixum
2605 402 3014 468 expugnarunt,
3041 411 3150 451 non
3177 404 3443 468 potestas,
3468 408 3524 454 et

266 494 474 564 Μωσῆς
514 493 613 564 τὴν
659 492 879 562 ἀγάπην
903 543 906 546 ,
926 490 1270 562 κτησάμενος
1290 533 1304 555 ,
1339 489 1441 560 τῆς
1466 488 1525 540 ἐν
1555 484 1846 558 βασιλείοις

264 585 478 654 διαίτης
501 584 946 653 καταφρονήσας,
995 579 1196 651 μᾶλλον
1237 580 1416 632 είλετο
1451 576 1848 646 συγκακουχεϊο

267 674 395 728 σθαι
424 671 502 744 τῷ
529 671 640 743 λαῷ
661 671 756 726 τοῦ
783 671 942 736 Θεοῦ,
965 670 998 742 ἥ
1029 670 1367 742 πρόσκαιρον
1393 667 1538 738 ἔχειν
1571 665 1846 737 ἁμαρτίας

263 765 588 822 ἀπόλαυσιν.

330 1029 448 1085 Καὶ
472 1028 526 1083 τί
557 1029 640 1083 δεῖ
692 1027 956 1100 μηκύνειν
1009 1027 1107 1082 καὶ
1167 1027 1310 1099 πέρα
1365 1022 1461 1079 τοῦ
1523 1021 1724 1094 μέτρου
1756 1020 1846 1075 τὸν

257 1117 422 1186 λόγον
471 1117 781 1183 ἐκτείνεινς
833 1117 913 1188 Τῇ
963 1114 1086 1188 θεία
1132 1115 1242 1187 γὰρ
1292 1114 1485 1187 ἀγάπῃ
1537 1111 1689 1166 πᾶσα
1739 1109 1850 1177 τών

258 1209 623 1280 προφητῶνὴ
669 1208 890 1281 ἑταιρία
938 1207 1279 1280 κεχρημένη,
1330 1206 1426 1260 καὶ
1470 1203 1846 1276 κοσμουμένη,

259 1306 356 1358 καί⁵
385 1304 488 1374 τὴν
517 1301 862 1372 τελεωτάτην
909 1300 1276 1372 κατώρθωσεν
1321 1297 1546 1370 ἀρετὴν,
1597 1297 1693 1351 καὶ
1734 1295 1851 1350 ἀεί-

264 1410 506 1466 μνηστον
536 1392 596 1446 τὸ
621 1390 782 1454 κλέος
811 1389 1096 1446 κατέλιπε.
1130 1389 1242 1443 Καὶ
1275 1388 1460 1460 μέντοι
1486 1387 1582 1442 καὶ
1603 1387 1711 1440 τῶν
1723 1387 1851 1438 ἀπο-

264 1485 470 1539 στόλων
501 1482 727 1554 ὁχορδς,
763 1482 858 1536 καὶ
913 1480 1021 1536 τῶν
1067 1479 1360 1553 μαρτύρων
1379 1480 1430 1533 oi
1472 1479 1660 1550 δῆμοι,
1691 1476 1851 1530 τοῦτο

260 1577 325 1631 τὸ
353 1575 467 1646 πῦρ
513 1573 880 1645 εἰσδεξάμενοι
903 1614 919 1640 ,
987 1573 1206 1628 πάντων
1249 1571 1348 1642 μὲν
1400 1569 1684 1642 ὑπερεῖδον
1736 1567 1848 1621 τῶν

262 1668 595 1740 ὁρωμένων,
655 1666 836 1737 πάσης
865 1665 924 1719 δὲ
966 1663 1114 1734 ζωῆς
1165 1663 1388 1736 ἡδίστης
1414 1661 1484 1718 τὰ
1527 1664 1699 1734 μυρία
1739 1661 1851 1716 τῶν

1947 488 2273 553 dominatio,
2310 495 2366 542 et
2392 488 2633 552 deliciae,
2667 495 2719 543 et
2749 501 2884 558 opes
2917 503 2946 542 a
2973 489 3244 543 sententia
3276 487 3524 543 dimove-

1947 589 2122 634 runt:
2161 578 2256 634 sed
2286 581 2526 650 perstitit
2553 579 2742 635 eodem
2772 593 2990 650 semper
3025 579 3211 643 modo,
3254 588 3309 636 et
3358 597 3521 651 quem

1949 670 2209 740 diligebat
2245 671 2632 734 considerans,
2665 677 2718 724 et
2741 669 2859 740 ejus
2893 669 3039 740 leges
3066 668 3388 724 observans.
3412 667 3524 723 Hac

1947 763 2136 818 eadem
2155 761 2421 816 charitate
2446 760 2705 831 praeditus
2728 759 2928 826 Moses,
2947 759 3150 830 regalis
3177 760 3316 814 aulae
3341 767 3526 830 spreto

1949 854 2228 915 convictu,
2282 850 2446 922 aiiligi
2505 851 2699 905 maluit
2757 865 2882 906 cum
2934 850 3138 920 populo
3194 849 3309 917 Dei,
3363 867 3526 922 quam

1948 945 2268 1016 temporalis
2303 943 2515 1015 peccati
2539 942 2740 998 habere
2769 941 3169 1012 iucunditatem
3201 952 3252 996 γ.
3459 943 3462 946 ’

2021 1036 2088 1092 Ει
2135 1037 2266 1108 quid
2319 1049 2545 1092 necesse
2583 1042 2670 1091 est
2711 1033 2943 1088 ulterius
2971 1047 3278 1089 sermonem
3310 1044 3528 1103 protra-

1950 1129 2104 1190 here.
2139 1126 2474 1198 modumque
2505 1124 2776 1182 orationis
2828 1123 3130 1181 excedere?
3167 1121 3306 1178 Nam
3343 1125 3527 1180 divina

1949 1220 2224 1278 charitate
2257 1219 2518 1274 universa
2560 1216 2963 1289 prophetarum
2997 1214 3202 1271 cohors
3232 1229 3332 1271 usa
3365 1223 3416 1270 et
3439 1228 3532 1269 or-

1950 1317 2109 1377 nata,
2140 1320 2196 1366 et
2236 1309 2700 1380 perfectissimam
2745 1306 3004 1362 virtutem
3038 1313 3124 1361 est
3159 1313 3436 1369 assecuta,
3472 1311 3529 1360 et

1949 1403 2182 1474 gloriam
2211 1401 2453 1458 nominis
2472 1399 2868 1470 sempiternam
2896 1397 3146 1469 reliquit.
3173 1395 3278 1453 Sed
3303 1405 3360 1453 et
3399 1413 3532 1468 apo-

1954 1493 2221 1548 stolorum
2254 1491 2482 1555 chorus,
2511 1499 2566 1546 et
2594 1497 2894 1560 martyrum
2925 1488 3229 1552 exercitus,
3272 1487 3379 1541 hoc
3405 1487 3530 1558 igne

1950 1591 2240 1654 concepto,
2288 1581 2526 1638 visibilia
2573 1581 2758 1636 omnia
2803 1577 3146 1648 contemptui
3189 1577 3528 1644 habuerunt,

1953 1684 2008 1730 et
2042 1675 2304 1730 inﬂnities
2337 1673 2501 1733 mori.
2540 1687 2705 1744 quam
2743 1671 3077 1728 suavissima
3115 1669 3228 1732 vita
3262 1667 3369 1723 frui
3417 1683 3533 1722 ma-

263 1759 515 1813 θανάτων
571 1757 685 1829 εῐδη
768 1755 1105 1828 προείλοντο.
1162 1753 1520 1826 Ἐρασθέντες
1574 1751 1686 1823 γὰρ
1755 1751 1851 1805 τοῦ

1957 1766 2196 1820 luerunt.
2229 1761 2384 1834 Capti
2419 1763 2562 1819 enim
2597 1761 2796 1816 divinae
2838 1760 3271 1831 pulchritudinis
3318 1772 3530 1820 amore,

264 1849 414 1904 θείου
445 1850 697 1916 κάλλους,
733 1849 826 1902 καὶ
852 1847 913 1900 τὸ
939 1847 1069 1918 περὶ
1092 1847 1241 1917 ἡμᾶς
1265 1844 1360 1898 τοῦ
1390 1843 1528 1898 Θεοῦ
1551 1842 1850 1914 λογισάμε-

263 1959 348 1998 νοι
365 1941 607 2013 φίλτρον,
629 1939 843 2003 καὶτὰς
863 1938 1064 2011 μυρίας
1084 1935 1483 2007 ἐνθυμηθέντες
1502 1935 1846 2006 εὐεργεσίας,

264 2033 489 2104 αἰσχρὸν
532 2032 830 2103 ἡγήσαντο,
871 2031 1008 2100 μήτε
1037 2028 1100 2082 τὸ
1129 2027 1325 2091 κάλλος
1369 2027 1546 2081 ἐκεῖνο
1611 2025 1848 2092 ποθῆσαι

263 2123 328 2178 τὸ
355 2125 654 2195 ἄφραστον,
679 2123 776 2176 καὶ
796 2121 1081 2193 ἀχάριστοι
1105 2120 1233 2190 περὶ
1253 2117 1343 2172 τὸν
1367 2115 1664 2188 εὐεργέτην
1689 2116 1816 2185 γενέ
1831 2143 1850 2158 ο

266 2216 414 2271 σθαι.
448 2215 649 2269 Τούτου
677 2215 858 2285 χάριν,
911 2212 1072 2283 μέχρι
1100 2209 1333 2264 θανάτου
1363 2209 1462 2272 τὰς
1497 2207 1633 2277 πρὸς
1684 2206 1850 2260 αὐτὸν

268 2307 546 2380 συνθήκας
575 2303 868 2375 ἐφύλαξαν.
906 2301 1111 2356 Τούτου
1141 2299 1235 2354 τοῦ
1266 2299 1495 2362 κάλλους
1523 2297 1848 2370 ἐρασθέντες

264 2400 363 2452 καλ⁸
397 2400 444 2452 oi
468 2397 576 2452 νέοι
609 2399 706 2468 τῆς
727 2395 932 2469 ἀρετῆς
959 2393 1210 2465 ἀθληταὶ,
1243 2387 1319 2446 ὧν
1349 2391 1766 2462 συνεγράψαμεν
1791 2391 1849 2444 ἐν

267 2490 524 2560 συντόμῳ
548 2487 640 2541 τὸν
673 2486 808 2558 βίον,
846 2487 924 2550 είς
966 2487 1093 2548 τοὺς
1135 2482 1418 2555 μεγάλουςΔ
1463 2481 1725 2549 ἐκείνους,
1756 2483 1853 2536 καὶ

261 2581 366 2653 τὴν
384 2581 732 2654 ἀνθρωπείαν
751 2579 910 2649 φύσιν
926 2577 1214 2641 νικῶντας,
1246 2576 1504 2648 εἰσεπήδη
1514 2592 1612 2629 σαν
1633 2573 1848 2638 ἄθλους.

255 2675 441 2730 Τοῦτο
467 2673 524 2728 δέ
558 2671 746 2741 σαφῶς
779 2671 980 2732 αύτούς
1012 2668 1400 2734 ἐξεπαίδευσαν
1431 2669 1486 2721 αἱ
1517 2667 1661 2721 θεῖαι
1705 2667 1848 2738 Γρα-

257 2765 387 2836 φαί.
417 2764 694 2819 Ψάλλουσι
719 2762 826 2834 γὰρ
845 2759 984 2832 μετὰ
1004 2758 1098 2814 τοῦ
1126 2759 1363 2831 μεγάλου
1396 2757 1560 2810 Δασίδ
1580 2773 1595 2788 ·
1623 2774 1644 2809 ι
1673 2755 1848 2827 Κύριε

253 2859 288 2910 ὁ
331 2857 464 2918 Θεός
495 2871 620 2925 μου,
646 2852 722 2916 ὡς
752 2850 1130 2923 ἐμεγαλύνθης
1161 2849 1389 2921 σφόδρα.
1429 2847 1850 2918 Ἑξομολόγησιν

261 2950 370 3004 καὶ
419 2945 894 3018 μεγαλοπρέπειαν
957 2941 1212 3005 ἐνεδύσω,
1261 2940 1694 3011 ἀναϐαλλόμενος
1733 2937 1851 3010 φῶς

263 3041 352 3102 ὡς
386 3037 630 3109 ἱμάτιον·
667 3035 926 3088 ἐκτείνων
964 3033 1056 3086 τὸν
1083 3033 1334 3104 ούρανδν,
1389 3031 1523 3086 ώσεὶ
1573 3031 1760 3102 δέρῤιν
1781 3045 1797 3062 ·
1824 3048 1844 3082 ι

261 3100 370 3184 καὶ
383 3100 550 3184 τόλλα
574 3129 676 3182 ὅσα
691 3125 789 3198 τὴν
811 3125 1002 3194 σοφίαν
1025 3100 1186 3178 αὑτοῦ
1207 3125 1449 3179 διδάσκει
1478 3123 1574 3177 καὶ
1601 3100 1850 3193 δύναμιν.
1880 3100 1923 3159 C

269 3223 385 3277 Kal.
402 3219 592 3274 πάλινο
623 3237 642 3272 ι
665 3218 724 3272 ὐ
745 3216 949 3287 Κύριος
993 3215 1364 3281 ἐδασίλευσεν,
1399 3213 1734 3286 εὐπρέπειαν
1763 3213 1853 3266 ἐν·

268 3303 516 3368 εδύιῖσιιτο⁹
537 3310 820 3366 ἐνεδύσατο
857 3307 1056 3380 Κύριος
1075 3307 1322 3377 δύναμιν,
1343 3307 1435 3361 καὶ
1449 3305 1822 3379 περιεζώσατο
1837 3319 1852 3334 ·

271 3401 498 3470 καὶγὰρ
539 3399 867 3469 κατώρθωσε
902 3398 1000 3468 τὴν
1033 3395 1382 3467 οἰκουμένην,
1406 3395 1530 3467 ἣτις
1558 3394 1619 3449 οὐ
1661 3392 1854 3448 σαλευ-

274 3491 528 3562 θήσεται.
560 3509 577 3541 ι
628 3490 922 3544 Κάνταῦθα
973 3489 1030 3542 δὲ
1085 3485 1350 3550 ὡσαύτως
1391 3487 1486 3542 καὶ
1541 3485 1703 3556 σοφία
1758 3483 1854 3538 καὶ

277 3575 470 3646 κάλλος
508 3581 820 3652 ἐκηρύχθη,
875 3580 970 3633 καὶ
1008 3580 1258 3650 δύναμις.
1305 3581 1415 3633 Καὶ
1471 3578 1698 3651 ἑτέρωθι
1753 3577 1851 3630 δέ’

255 3743 258 3746 ,
283 3695 302 3727 ι
333 3676 544 3746 Ὠραῖος
573 3672 760 3727 κάλλει
799 3671 952 3743 παρὰ
980 3673 1106 3734 τοὺς
1135 3672 1284 3734 υἱοὺς
1322 3669 1430 3724 τῶν
1478 3669 1804 3742 ἀνθρώπων.
1829 3689 1847 3722 ι

289 3766 552 3821 Ἐνταῦθα
579 3765 656 3829 δὲ,
692 3763 788 3818 καὶ
818 3762 877 3816 τὸ
907 3760 1249 3834 ἀνθρώπινον
1277 3761 1369 3816 τοῦ
1393 3761 1529 3816 Θεοῦ
1551 3762 1725 3832 Λόγου
1758 3763 1851 3816 εύ-

278 3859 498 3930 φήμησε
522 3856 734 3918 κάλλος.
753 3853 946 3925 ’Υμνεί
965 3852 1021 3906 δὲ
1055 3851 1150 3906 καὶ
1169 3851 1266 3924 τὴν
1295 3851 1512 3920 σοφίαν·
1542 3870 1560 3904 ι
1593 3850 1851 3922 Ἐξεχύθη

276 3950 404 4019 γὰρ,
433 3949 590 4018 φησὶ,
624 3948 781 4018 χάρις
817 3948 875 3999 ἐν
915 3943 1119 4016 χείλεσί
1151 3960 1267 3997 σου.
1296 3961 1314 3995 ι
1353 3942 1731 3996 ’Υποδείκνυσι
1761 3944 1854 3995 καὶ

276 4041 374 4111 τὴν
400 4040 626 4108 δύναμιν
651 4055 664 4068 ο
706 4056 724 4088 ι
754 4038 1062 4106 Περίζωσαι
1089 4036 1187 4104 τὴν
1215 4033 1495 4104 ῥομφαίαν
1525 4049 1620 4084 σου
1655 4032 1749 4084 ἐπὶ
1763 4032 1852 4086 τδν

282 4131 454 4202 μηρόν
485 4121 600 4194 σου,
639 4128 832 4180 δυνατέ
851 4145 866 4159 ο
903 4129 970 4197 τῇ
998 4125 1293 4196 ώραιότητί
1325 4141 1443 4188 σου,
1469 4125 1568 4178 καὶ
1597 4124 1676 4194 τῷ
1719 4125 1852 4179 κάλ-

281 4223 360 4276 λει
391 4240 507 4287 σου,
539 4221 633 4274 καὶ
684 4219 904 4282 ἔντεινε,
959 4217 1054 4270 καὶ
1107 4215 1421 4281 κατευοδοῦ,
1455 4218 1550 4270 καὶ
1578 4215 1852 4287 βασίλευε,

279 4316 464 4368 ἕνεκεν
494 4309 774 4382 ἀληθείας,
804 4308 897 4362 καὶ
925 4304 1254 4378 πραότητος,
1288 4308 1381 4360 καὶ
1427 4305 1800 4376 δικαιοσύνης.
1830 4326 1848 4358 ι

280 4405 462 4459 Ταῦτα
489 4403 598 4473 γὰρ
637 4398 823 4463 αὑτοῦ,
849 4398 944 4452 καὶ
969 4397 1183 4460 κάλλος,
1211 4399 1306 4450 καὶ
1355 4397 1609 4461 πλοῦτος,
1639 4399 1734 4451 καὶ
1761 4397 1852 4452 δύ-

1957 1853 2163 1924 Deique
2189 1867 2318 1923 erga
2345 1867 2446 1908 nos
2472 1863 2659 1907 amore
2691 1865 2982 1922 perpenso,
3005 1860 3059 1906 et
3082 1849 3296 1904 inﬁnita
3326 1848 3532 1905 benefl-

1957 1946 2042 2000 cia
2080 1945 2266 2000 animo
2297 1953 2636 2014 reputantes,
2672 1951 2835 2013 turpe
2884 1951 3170 2014 putarunt,
3205 1957 3308 1998 nec
3341 1941 3534 1998 inell‘a-

1957 2038 2120 2094 bilem
2148 2037 2296 2108 illam
2326 2036 2672 2093 desiderasse
2701 2034 3192 2106 pulchritudinem,
3225 2039 3281 2090 et
3303 2034 3534 2104 ingrati-

1960 2132 2170 2189 tudinis
2196 2129 2342 2202 apud
2381 2128 2790 2186 benefactorem
2831 2138 3014 2183 notam
3057 2126 3382 2182 incurrisse.
3418 2123 3536 2181 liae

1959 2225 2027 2280 de
2067 2238 2232 2280 causa
2271 2221 2341 2277 ad
2389 2228 2620 2276 mortem
2675 2219 2890 2291 1316
2939 2235 3114 2288 usque
3149 2235 3248 2274 sua
3288 2233 3414 2275 cum
3457 2219 3534 2274 eo

1960 2323 2120 2389 pacta
2143 2323 2455 2369 servarunt.
2491 2311 2670 2380 Hujus
2693 2311 2859 2366 etiam
2898 2310 3325 2380 pulchritudinis
3347 2324 3533 2364 amore

1961 2405 2106 2476 capti
2155 2411 2408 2460 recentes
2452 2400 2674 2454 virtutis
2715 2397 2968 2462 athletae,
3020 2411 3254 2476 quorum
3303 2411 3334 2450 a
3376 2396 3532 2450 nobis

1962 2465 2072 2550 vita
2102 2491 2424 2563 compendio
2445 2488 2718 2558 descripta
2750 2496 2856 2552 est,
2893 2488 2959 2542 ad
2989 2465 3185 2557 magna
3216 2465 3308 2563 illa
3329 2484 3533 2539 huma-

1959 2596 2083 2643 nam
2129 2593 2381 2641 naturam
2413 2581 2733 2640 excedentia
2766 2579 3020 2649 prodiere
3049 2551 3374 2634 certamina.
3418 2574 3532 2631 Hoc

1957 2695 2088 2736 vero
2121 2679 2244 2734 illos
2292 2675 2581 2732 manifeste
2623 2674 2930 2729 docuerunt
2959 2671 3161 2727 divinae
3206 2669 3522 2742 Scriptum.

1957 2771 2175 2827 Canunt
2235 2769 2380 2824 enim
2448 2781 2572 2824 cum
2635 2779 2834 2837 magno
2900 2763 3105 2820 Davide
3159 2781 3172 2818 :
3240 2780 3260 2815 ι
3304 2762 3535 2817 Domino

1958 2862 2104 2918 Deus
2124 2869 2298 2928 meus,
2327 2856 2708 2929 magniﬁcatus
2729 2869 2790 2910 es
2819 2854 3192 2909 vehementer.
3218 2850 3536 2907 Confessio-

1957 2969 2082 3010 nem
2132 2958 2187 3009 et
2237 2951 2490 3007 decorem
2526 2947 2751 3002 induisti
2788 2963 2801 2999 :
2839 2943 3077 3000 amictus
3131 2942 3336 2998 lumine
3389 2941 3533 2997 sicut

1959 3044 2304 3102 vestimento.
2343 3036 2655 3094 Extendens
2683 3035 2882 3090 cmlum
2921 3033 3066 3088 sicut
3096 3031 3290 3103 pellem
3322 3039 3366 3094 ι,
3417 3045 3437 3082 ι
3477 3035 3532 3081 et

1957 3137 2061 3190 alia
2096 3145 2436 3204 quaecunque
2483 3126 2804 3198 sapientiam
2843 3123 3017 3195 ipsius
3058 3129 3112 3178 et
3152 3121 3259 3178 vim
3310 3119 3530 3175 docent.

1958 3229 2034 3285 Ac
2071 3237 2306 3284 rursus:
2349 3242 2368 3277 ι
2402 3223 2664 3279 Dominus
2698 3220 2976 3292 regnavit,
3013 3219 3268 3274 decorem
3303 3209 3532 3270 indutus

1955 3325 2060 3378 est,
2093 3314 2321 3370 indutus
2353 3320 2438 3368 est
2477 3310 2741 3366 Dominus
2771 3307 3176 3373 fortitudinem,
3211 3315 3268 3362 et
3298 3305 3530 3376 praecin-

1957 3408 2037 3462 xit
2062 3422 2120 3461 se
2155 3415 2203 3462 ι.
2250 3404 2459 3461 Etenim
2491 3402 2787 3458 constituit
2821 3401 3012 3456 orbem
3065 3406 3247 3466 terrae,
3281 3397 3375 3468 qui
3423 3412 3533 3452 non

1956 3494 2391 3553 commovebitur
2419 3493 2468 3548 δ.
2507 3511 2527 3544 ι
2560 3491 2682 3558 Quo
2713 3491 2834 3546 loco
2860 3490 3120 3547 similiter
3152 3487 3448 3560 sapientia,
3478 3498 3535 3542 et

1957 3585 2332 3660 pulchritudo,
2360 3594 2522 3652 atque
2552 3584 2793 3654 potentia
2816 3581 3108 3654 praedicata
3139 3591 3242 3636 εει.
3274 3579 3339 3633 Et
3362 3579 3490 3633 alibi
3515 3597 3531 3633 :

1961 3699 1981 3732 ι
2028 3676 2322 3751 Speciosus
2375 3675 2555 3731 forma
2613 3690 2724 3746 prre
2775 3673 2908 3728 ﬁliis
2962 3671 3248 3727 hominum
3279 3677 3327 3724 ε.
3379 3687 3398 3720 ι
3435 3666 3534 3722 Hic

1956 3785 2088 3827 vero
2119 3777 2174 3825 et
2206 3769 2501 3824 humanam
2531 3766 2625 3822 Dei
2659 3762 2824 3836 Verbi
2851 3761 3319 3836 pulchritudinem
3349 3759 3533 3840 laudi-

1958 3863 2060 3916 bus
2083 3862 2298 3916 extulit.
2341 3857 2552 3914 Laudat
2582 3865 2764 3913 autem
2796 3863 2850 3913 et
2878 3855 3201 3927 sapientiam
3239 3870 3293 3908 τι
3329 3849 3534 3906 ῡίίΐιιεα

1957 3954 2124 4016 enim,
2150 3953 2248 4015 ait,
2271 3959 2353 4005 est
2374 3949 2551 4022 gratia
2581 3949 2636 4004 in
2669 3950 2830 4004 labiis
2853 3950 2963 4004 tuis
2983 3948 3035 4002 δ.
3071 3967 3091 4001 ι
3116 3943 3367 4002 Ostendit
3395 3957 3534 4013 quo-

1957 4057 2064 4114 que
2109 4040 2409 4111 potentiam
2439 4057 2452 4092 :
2486 4058 2503 4090 ι
2529 4039 2828 4109 Accingere
2852 4039 3033 4109 gladio
3059 4047 3154 4091 tuo
3176 4051 3340 4104 super
3361 4033 3535 4088 femur

1957 4141 2135 4193 tuum,
2188 4130 2586 4201 potentissime.
2645 4127 2843 4199 Specie
2883 4137 2976 4182 tua
3029 4135 3085 4183 et
3125 4125 3534 4198 pulchritudine

1959 4233 2052 4279 tua
2087 4221 2344 4286 intende,
2388 4235 2648 4292 prospere
2680 4219 2937 4291 procede,
2979 4227 3035 4274 et
3069 4233 3260 4291 regna,
3308 4224 3532 4288 propter

1960 4315 2268 4376 veritatem,
2323 4311 2828 4377 mansuetudinem,
2879 4319 2933 4365 et
2981 4309 3249 4382 justitiam
3281 4319 3306 4348 ο
3345 4328 3364 4360 ι
3407 4307 3532 4362 llaec

1961 4406 2230 4477 siquidem
2269 4405 2443 4476 ipsius
2481 4410 2630 4463 sunt.
2663 4413 2717 4459 et
2739 4402 2965 4467 divitiae,
2995 4410 3050 4458 et
3083 4399 3455 4474 pulchritudo,
3480 4409 3533 4454 et

277 4501 460 4566 ναμις.
495 4472 604 4549 κει
633 4491 859 4553 Ἡσαΐας
893 4490 948 4544 δὲ
980 4489 1077 4560 βοᾷ
1101 4503 1112 4519 ⁸
1149 4507 1168 4540 ι
1191 4487 1289 4552 Τίς
1316 4481 1516 4553 οὖτοςό
1541 4491 1849 4560 παραγενόο

1964 4472 2226 4572 potentia.
2260 4472 2404 4564 (iriiri
2432 4504 2486 4553 et
2519 4495 2688 4552 Isaias
2718 4495 2921 4552 clamat
2947 4514 2959 4550 :
2989 4513 3006 4546 ι
3037 4472 3171 4562 Quis
3201 4502 3287 4549 est
3314 4494 3417 4549 iste
3439 4493 3530 4562 qui

280 4603 440 4659 μενος
469 4586 526 4654 ἐξ
549 4583 759 4655 Ἐδώμ;
787 4581 1039 4654 ἐρύθημα
1093 4581 1328 4651 ἱματίων
1359 4581 1524 4634 αὐτοῦ
1551 4582 1614 4635 ἐκ
1651 4581 1856 4652 Βοσόρ;

278 4672 448 4742 Οὗτος
502 4679 704 4750 ὡραῖος
741 4678 800 4729 ἐν
834 4674 994 4744 στολῇ
1048 4670 1234 4736 αὐτοῦ,
1291 4673 1383 4744 βία
1428 4673 1566 4743 μετὰ
1602 4673 1803 4744 ἰσχύος.
1833 4692 1850 4723 ι

278 4773 412 4828 Οὐδὲ
473 4771 577 4841 γὰρ
602 4774 633 4841 ἠ
655 4767 973 4842 ἀνθρωπεία
1035 4765 1196 4836 στολὴ
1229 4767 1291 4819 τδ
1320 4767 1462 4819 θεῖον
1512 4766 1856 4836 κατεκάλυψε

278 4866 468 4928 κάλλος
493 4883 507 4895 ο
537 4862 673 4918 ἀλλὰ
709 4863 804 4916 καὶ
841 4859 1048 4932 ταύτην
1083 4857 1572 4934 περιϐεϐλημένος,
1634 4877 1858 4930 μαρμα-

281 4957 451 5028 ρυγὰς
479 4957 585 5010 ἀπὸ
616 4954 717 5026 τῆς
751 4953 902 5026 ὥρας
924 4953 1168 5024 ἀφίησιν,
1205 4951 1282 5015 ὡς
1316 4951 1444 5016 τοὺς
1470 4949 1712 5024 ὁρῶντας
1737 4950 1856 5023 βιά-

277 5049 466 5117 ζεσθαι
496 5051 590 5104 καὶ
621 5047 980 5116 καταθέλγειν
1013 5048 1092 5109 είς
1125 5045 1320 5117 ἔρωτα.
1353 5043 1526 5098 Τοῦτο
1579 5047 1670 5099 καὶ
1724 5047 1856 5114 ἁγία

275 5137 481 5208 Νύμφη
514 5137 644 5208 πρὸς
672 5137 834 5190 αὑτὸν
861 5139 918 5190 ἐν
937 5138 1048 5200 τοῖς
1069 5135 1308 5209 ’ᾼσμασι
1334 5135 1442 5187 τῶν
1461 5135 1720 5208 ᾀσμάτων
1749 5137 1860 5192 δια-

273 5231 544 5299 λεγομένη
589 5226 755 5300 φησίο
803 5248 820 5281 ‹
845 5229 1034 5301 Μῦρον
1066 5226 1370 5282 ἐκκενωθὲΝ
1395 5227 1569 5299 ὄνομά
1604 5243 1719 5284 σου.
1758 5231 1858 5284 Διὰ

277 5320 432 5374 τοῦτο
478 5317 718 5384 νεάνιδες
771 5319 1071 5392 ἠγάπησαν
1113 5333 1206 5372 σε’
1263 5319 1518 5373 εἵλκυσάν
1553 5336 1608 5374 ,τε
1633 5336 1646 5351 ο
1681 5320 1858 5375 ὀπίσω

279 5429 372 5466 σου
401 5412 480 5476 είς
504 5410 680 5482 ὀσμὴν
711 5410 898 5484 μύρων
924 5427 1016 5464 σου
1041 5409 1296 5482 ἔδραμον.
1331 5429 1349 5462 ι
1379 5411 1443 5462 Al
1479 5409 1587 5482 γὰρ
1612 5413 1858 5466 νεανικαὶ

373 5607 569 5663 yllcbr.
624 5625 702 5674 xi,
742 5611 832 5667 25.
862 5623 882 5648 ι
916 5610 1064 5667 Psal.
1099 5628 1216 5680 CIII,
1262 5613 1310 5679 ί,
1342 5613 1396 5671 2.

375 5691 397 5740 ς
427 5680 556 5733 ibid.
579 5681 632 5747 4,
666 5682 718 5736 5.
770 5681 913 5736 'lsa.
942 5699 1096 5744 um,
1121 5687 1174 5737 ί.
1279 5687 1302 5723 ⁸
1332 5687 1486 5738 Cant.
1518 5701 1552 5747 I,
1584 5685 1638 5750 9.,
1683 5687 1739 5744 5.

1505 5626 1530 5653 ι
1565 5611 1712 5668 Psal.
1757 5633 1884 5674 xmu
1915 5659 1928 5684 ,
1960 5619 2012 5674 ί.

1957 4592 2106 4646 venit
2139 4591 2208 4645 de
2239 4588 2453 4644 Εὐοιηῖ
2484 4589 2654 4643 rubor
2682 4587 2915 4642 vestium
2939 4587 3058 4658 ejus
3090 4587 3156 4641 de
3191 4584 3402 4639 Bosor?
3437 4583 3533 4638 llic

1954 4683 2232 4738 formosus
2264 4682 2316 4736 in
2347 4682 2486 4736 stola
2515 4696 2637 4744 sua,
2667 4681 2926 4735 violentia
2951 4695 3072 4735 cum
3101 4677 3422 4750 fortitudine
3448 4675 3527 4729 ί.»

1957 4774 2145 4846 Neque
2192 4775 2336 4830 enim
2373 4775 2612 4829 humana
2660 4772 2829 4829 vestis
2871 4771 3114 4826 divinam
3165 4767 3534 4840 pulchritudi-

1958 4882 2079 4922 nem
2119 4865 2333 4938 1317
2363 4866 2609 4921 obtexit:
2645 4863 2739 4920 sed
2773 4863 2873 4919 hac
2895 4863 3058 4919 etiam
3092 4861 3328 4915 amictus
3352 4860 3535 4928 splen-

1955 4956 2120 5014 dores
2151 4957 2353 5012 emittit
2400 4971 2515 5013 suae
2558 4954 3022 5028 pulchritudinis,
3068 4954 3146 5006 ita
3187 4959 3246 5004 ut
3282 4949 3534 5004 videntes

1955 5050 2138 5121 adigat
2168 5048 2484 5118 alliciatque
2513 5048 2568 5103 in
2615 5061 2880 5103 amorem.
2905 5043 3060 5112 Quod
3096 5051 3286 5099 sancta
3319 5055 3535 5112 quoque

1957 5141 2192 5214 Sponsa,
2224 5157 2348 5198 cum
2388 5156 2455 5197 eo
2485 5140 2542 5196 in
2593 5140 2822 5196 Cautico
2878 5138 3217 5194 canticorum
3277 5136 3531 5206 loquens.

1955 5233 2090 5288 dicit
2121 5251 2134 5288 :
2179 5251 2196 5285 ι
2226 5231 2420 5287 Oleum
2447 5230 2682 5288 ell‘usum
2718 5245 2916 5286 nomen
2959 5239 3135 5285 tuum.
3172 5225 3298 5282 l’deo
3343 5223 3534 5280 adole-

1957 5325 2225 5382 scentulze
2255 5324 2571 5380 dilexerunt
2618 5331 2692 5378 te.
2726 5323 3036 5378 Traxerunt
3087 5329 3160 5388 te,
3207 5325 3332 5392 post
3371 5317 3533 5398 tead

1953 5417 2181 5474 odorem
2239 5427 2648 5488 unguentorum
2704 5421 2924 5471 tuorum
2986 5425 3353 5471 cucurrerunt
3418 5413 3466 5464 ε.
3509 5428 3531 5462 ι

2127 5620 2156 5660 ι’
2199 5619 2320 5676 Psal
2376 5636 2496 5688 xcv,
2551 5621 2638 5678 l0.
2743 5631 2765 5660 ⁸
2803 5620 2945 5676 Psal.
2988 5636 3151 5685 λων,
3205 5619 3260 5675 5.
3321 5616 3348 5656 τὶ
3407 5611 3540 5672 ibid.
