3898 6196
470 297 606 365 1519

1099 298 1586 362 THEODORE‘I‘I
1643 295 1982 360 EPISCOPI
2035 292 2400 378 CYRENSIS
2453 293 2551 355 DE
2602 293 3021 356 CHARITATE

3503 304 3596 373 1520

463 417 744 474 Juveniles
770 416 913 474 enim
949 417 1168 484 animae,
1190 419 1394 474 bonum
1435 416 1589 472 illum
1628 423 1782 470 tuum
1811 417 2002 470 odorer

2069 415 2119 474 Α
2143 409 2333 481 ψυχαὶ,
2380 411 2478 480 τῆς
2527 411 2626 481 σῆς
2673 411 2900 476 εὐωδίας
2951 410 3428 483 μεταλαμϐάνουσαι,
3467 419 3595 478 θέουσι

465 509 861 580 percipientes,
885 521 1118 566 currunt
1150 493 1368 580 asseq'ui
1395 516 1449 564 te
1469 508 1779 578 cupientes,
1801 513 1857 561 et
1877 506 2047 562 odore

465 597 582 662 illo,
611 597 771 666 quasi
818 606 1013 652 catena
1050 595 1315 666 quadam,
1363 593 1702 657 constrictae,
1759 592 2046 648 vinculum

463 689 734 761 disrumpi
769 703 880 744 non
919 688 1244 760 patiuntur:
1284 687 1443 743 dulce
1473 687 1674 757 quippe
1713 692 1822 752 est,
1853 693 1908 741 et
1935 700 2047 755 quo

463 781 772 837 voluntarie
817 786 948 836 sunt
997 781 1250 851 alligatae.
1315 778 1412 835 llis
1459 792 1682 850 quoque
1735 785 2046 834 consonant

465 872 632 929 verba
667 871 781 926 divi
811 871 964 926 Pauli
999 889 1012 926 :
1053 888 1072 923 ι
1108 870 1315 926 Christi
1349 869 1528 925 bonus
1559 869 1695 923 odor
1726 882 1943 931 sumus,
1987 866 2043 921 in

465 965 536 1020 iis
565 963 658 1034 qui
691 963 829 1018 salvi
866 964 1024 1023 llunt.
1056 970 1112 1017 et
1146 963 1204 1018 in
1246 961 1316 1018 iis
1349 961 1442 1032 qui
1472 966 1740 1029 pereunt;
1770 959 1892 1015 aliis
1919 957 2044 1029 qui-

465 1054 589 1108 dem
623 1053 762 1109 odor
792 1053 986 1108 mortis
1017 1053 1072 1106 in
1105 1059 1360 1116 mortem,
1395 1049 1518 1104 aliis
1545 1056 1728 1104 autem
1753 1047 1892 1104 odor
1917 1048 2044 1103 vitae

466 1145 521 1200 in
555 1145 719 1200 vitam
747 1144 799 1200 ιι.
833 1161 853 1195 ι
890 1141 955 1196 Et
1008 1142 1295 1208 pulchrum
1355 1140 1521 1210 igitur
1549 1139 1702 1194 illum
1733 1151 1855 1193 esse
1887 1151 1918 1192 a
1955 1137 2045 1193 di-

464 1235 590 1290 vina
617 1234 902 1303 Scriptura
935 1232 1140 1297 edocti,
1175 1240 1230 1288 et
1261 1230 1570 1286 inell‘abiles
1596 1229 1820 1284 divitias
1863 1229 2043 1300 possi-

464 1325 616 1390 dere,
663 1323 1060 1394 sapientiaeque
1107 1337 1232 1377 esse
1285 1321 1516 1384 fontem,
1551 1327 1605 1374 et
1646 1325 1845 1374 cuncta
1880 1333 2043 1388 posse

463 1431 586 1487 qtuc
608 1415 756 1480 velit,
791 1415 1145 1470 etinimensa
1195 1413 1276 1467 uti
1330 1411 1688 1482 benignitate,
1731 1408 2044 1481 ﬂuentaque

463 1506 897 1563 mansuetudinis
919 1506 1272 1578 profundere.
1295 1504 1474 1558 ethoc
1501 1517 1670 1557 unum
1686 1502 1848 1568 velle,
1864 1508 1923 1556 ut
1946 1515 2042 1572 per

461 1598 644 1654 omnia
680 1598 938 1654 homines
983 1599 1227 1653 cumulet
1285 1595 1588 1652 beneﬁciis.
1616 1593 1807 1666 Deque
1853 1595 2040 1648 inlini-

461 1692 532 1746 tis
557 1705 960 1777 numerumque
989 1687 1386 1746 excedentibus
1409 1687 1797 1743 beneﬁciorum
1829 1688 2041 1756 generi-

2146 501 2476 556 καταλαϐεῖν
2514 519 2575 555 σε
2619 501 2908 555 ποθοῦσαιο
2971 503 3061 556 καὶ
3105 498 3208 559 οἷον
3254 506 3414 562 ἁλύσει
3455 515 3596 588 τινὶτῇ

2144 593 2286 664 ὀσμῇ
2327 593 2707 664 κατεχόμεναι,
2757 593 3038 666 διαρρῆξαι
3078 594 3162 648 τδν
3211 597 3383 667 δεσμὸν
3427 603 3505 656 οὐκ
3532 611 3596 660 ἀν.

2147 682 2364 754 έχονται
2385 700 2400 716 ’
2433 684 2636 754 γλυκὺς
2662 683 2773 756 γὰρ
2803 677 2976 750 οὗτος,
3028 686 3120 738 καὶ
3156 687 3432 754 ἐθελουσίως
3465 696 3598 763 αὑταῖς

2147 775 2550 846 περικείμενος.
2581 775 2803 840 Τούτοις
2828 779 3100 845 συμφωνεῖ
3132 779 3219 831 καὶ
3243 780 3325 832 τοῦ
3351 781 3469 836 θείου
3495 789 3597 840 Παύ-

2145 867 2240 920 λου
2273 866 2346 921 τὰ
2385 868 2642 938 ῥήματαο
2686 886 2704 919 ι
2735 867 2966 939 Χριστοῦ
3001 868 3184 923 εὐωδία
3233 873 3394 941 ἐσμὲν,
3436 876 3483 928 ἐν
3523 882 3598 944 τοῖς

2146 956 2496 1028 σωζομένοις,
2521 957 2617 1012 καὶ
2653 957 2712 1012 ἐν
2738 961 2850 1022 τοῖς
2876 957 3272 1030 ἀπολλυμένοις·
3301 957 3370 1026 οἷς
3398 966 3476 1034 μὲν
3499 969 3596 1040 ὀσμὴ

2147 1048 2380 1102 Θανάτου
2414 1050 2491 1113 είς
2527 1048 2756 1103 θάνατον
2777 1066 2791 1080 ’
2817 1044 2900 1112 οἷς
2925 1049 2981 1103 δὲ
3003 1050 3140 1121 ὀσμὴ
3190 1051 3322 1122 ζωῆς
3352 1056 3417 1117 είς
3440 1055 3593 1126 ζωήν.»

2143 1137 2325 1192 Καλὸν
2357 1137 2536 1192 τοίνυν
2560 1139 2722 1193 αὐτὸν
2757 1139 2978 1210 ὑπὸτῆς
3027 1139 3168 1204 θείας
3201 1141 3390 1214 Γραφῆς
3425 1145 3600 1201 mam.

2148 1245 2322 1298 μενοι,
2355 1230 2450 1284 καὶ
2507 1229 2735 1284 πλοῦτον
2793 1232 3066 1302 ἄφραστον
3111 1231 3300 1302 ἔχοντα,
3346 1236 3423 1288 καὶ
3471 1239 3599 1306 σοφίας

2142 1320 2270 1375 ὄντα
2301 1322 2507 1393 πηγὴν,
2533 1323 2629 1377 καὶ
2656 1323 2892 1377 τοσαῦτα
2935 1324 3216 1394 δυνάμενον
3268 1325 3356 1378 ὅσα
3407 1327 3598 1393 βούλεται,

2143 1410 2238 1465 καὶ
2274 1412 2652 1485 φιλανθρωπίᾳ
2674 1414 2953 1484 χρώμενον
2985 1416 3277 1485 άμετρήτῳ,
3299 1417 3379 1469 καὶ
3409 1419 3600 1488 tmperi,-

2142 1521 2234 1568 τος
2253 1506 2536 1576 ποταμοὺς
2559 1505 2954 1571 ἀναδλύζοντα,
2986 1507 3078 1561 καὶ
3097 1507 3180 1562 διά
3212 1509 3399 1562 πάντων
3443 1512 3600 1582 εὐεργε-

2141 1597 2251 1648 τεῖν
2275 1594 2437 1666 μόνον
2458 1596 2585 1660 τοὺς
2621 1595 2942 1668 ἀνθρώπους
2980 1596 3222 1651 ἐθέλοντα
3239 1615 3252 1629 ο
3280 1601 3361 1652 καὶ
3387 1599 3442 1652 τὰ
3466 1601 3596 1670 μυρία,

2142 1685 2357 1741 καὶτὸν
2385 1687 2512 1741 νοῦν
2563 1688 2986 1758 ὑπερϐαίνοντα,
3043 1689 3148 1742 τῶν
3203 1690 3480 1761 εὐεργεσιῶν
3521 1692 3596 1762 εἴδη

460 1781 563 1838 bus
591 1797 620 1836 a
650 1783 783 1838 viris
815 1757 1003 1838 divino
1035 1783 1242 1853 Spiritu
1283 1780 1478 1836 amatis
1517 1780 1748 1847 imbuti,
1779 1781 1999 1836 dulcibu

2069 1757 2114 1818 Β
2143 1777 2248 1832 ὑπὸ
2269 1778 2377 1832 τῶν
2393 1757 2906 1850 θεοφόρωνάνδρῶν
2936 1757 3306 1851 διδασκόμενοι,
3333 1757 3423 1844 τοῖς
3439 1757 3598 1849 γλυκέσι

459 1875 582 1930 telis
611 1873 902 1930 charitatis
928 1873 1200 1929 vulnerati
1227 1881 1377 1938 sunt,
1408 1881 1463 1927 et
1492 1887 1617 1928 cum
1650 1872 1894 1928 membra
1926 1873 2036 1928 sint

460 1958 707 2030 Sponsae,
739 1975 865 2016 cum
903 1976 964 2017 ea
1000 1960 1286 2016 clamitant
1318 1978 1330 2013 :
1373 1978 1392 2012 ι
1429 1958 1714 2013 Vulnerati
1766 1959 2036 2014 cliaritale

460 2067 559 2107 nos
581 2066 781 2107 sumus
818 2053 860 2105 ί.
895 2069 914 2103 ι
953 2050 1171 2106 Clamat
1195 2050 1466 2120 siquidem
1500 2064 1732 2121 magnus
1751 2048 2031 2106 Joannes:

464 2160 483 2194 ε
517 2141 662 2197 Ecce
705 2157 882 2214 agnus
925 2141 1044 2208 Dei,
1087 2142 1182 2211 qui
1235 2141 1378 2196 tollit
1427 2148 1655 2210 peccata
1708 2139 1974 2196 mundii.
2010 2158 2028 2192 ι

459 2234 730 2306 Propheta
770 2248 899 2288 vero
937 2232 1122 2287 .lsaias
1165 2246 1291 2302 qua:
1336 2230 1518 2284 futura
1564 2237 1724 2286 erant
1768 2237 2034 2300 tanquam

459 2328 599 2382 facta
631 2325 978 2397 pradicebat,
1000 2324 1190 2380 dicens
1219 2343 1234 2380 :
1264 2323 1482 2394 1318
1511 2341 1530 2376 ι
1563 2323 1684 2394 Ipse
1708 2323 2035 2380 vulneratus

457 2427 543 2476 est
581 2427 803 2488 propter
832 2415 1154 2486 iniquitates
1185 2426 1432 2478 nostras,
1457 2416 1680 2471 attritus
1702 2422 1786 2470 est
1814 2424 2037 2486 propter

457 2509 664 2565 scelera
701 2510 924 2562 nostra:
957 2506 1248 2576 disciplina
1281 2506 1431 2576 pacis
1465 2512 1666 2560 nostra:
1698 2521 1864 2576 super
1885 2522 2033 2573 eum,

457 2597 630 2653 livore
649 2595 772 2667 ejus
799 2596 976 2652 sanati
1005 2611 1196 2652 sumus
1219 2595 1270 2660 ιι,
1294 2613 1313 2647 ι
1345 2602 1399 2650 et
1417 2593 1558 2659 alia,
1589 2610 1710 2666 qua:
1732 2596 1799 2652 de
1829 2597 2037 2652 saluta-

460 2689 612 2745 ribus
656 2687 1010 2760 passienibus
1058 2685 1435 2758 prosequitur.
1481 2685 1761 2742 Praedicat
1811 2703 2033 2759 quoque

457 2779 684 2845 Paulus,
724 2779 1010 2836 clamans:
1047 2797 1066 2831 ι
1102 2777 1208 2846 Qui
1259 2779 1424 2834 etiam
1477 2780 1698 2850 proprio
1733 2777 1882 2835 Filio
1931 2795 2035 2837 suo

457 2888 566 2928 non
623 2871 889 2942 pepercit,
955 2869 1050 2926 sed
1116 2885 1216 2940 pro
1277 2869 1437 2926 nobis
1491 2870 1746 2925 omnibus
1809 2871 2035 2926 tradidit

457 2963 634 3027 illum,
668 2961 946 3031 quomodo
977 2977 1086 3017 non
1118 2961 1282 3017 etiam
1327 2962 1492 3016 nobis
1533 2977 1659 3017 cum
1709 2963 1805 3018 illo
1850 2963 2035 3019 omnia

455 3053 686 3108 donabit
711 3051 758 3108 1?
785 3071 805 3105 ι
843 3051 908 3108 Et
926 3051 1147 3108 denuo:
1181 3069 1202 3104 ι
1238 3051 1346 3106 Pro
1371 3050 1596 3108 Christo
1616 3053 1884 3124 legatione
1912 3053 2036 3110 l'un-

458 3145 660 3214 gimur,
694 3154 954 3215 tanquam
994 3143 1102 3200 Deo
1126 3143 1459 3200 exhortante
1489 3159 1585 3214 per
1606 3159 1749 3200 nos:
1780 3145 2040 3202 obsecra—

458 3253 583 3293 mus
614 3253 712 3308 pro
743 3237 985 3303 Christo,
1014 3235 1449 3292 reconciliamini
1481 3235 1616 3294 Deo.
1649 3236 1783 3292 Eum
1816 3237 1911 3309 qui
1934 3253 2046 3294 non

459 3338 689 3386 noverat
711 3337 1023 3400 peccatum,
1049 3345 1148 3400 pro
1171 3330 1333 3386 nobis
1357 3338 1642 3401 peccatum
1665 3329 1815 3397 fecit,
1849 3338 1908 3386 ut
1944 3346 2045 3388 nos
2071 3323 2074 3326 ’

457 3419 796 3478 eﬂceremur
823 3421 1035 3492 iustitia
1072 3421 1163 3478 Dei
1202 3423 1257 3478 in
1288 3423 1409 3494 ipso
1439 3431 1498 3476 ³.
1525 3440 1544 3476 ι

531 3512 657 3566 Haec
683 3521 738 3567 et
778 3513 886 3568 alia
923 3512 976 3567 id
1006 3529 1183 3585 genus
1216 3513 1358 3585 apud
1394 3515 1518 3570 illos
1541 3514 1908 3584 reperientes,
1944 3515 2042 3587 qui

460 3602 636 3658 divini
668 3600 830 3658 Verbi
872 3602 1024 3660 fuere
1065 3604 1332 3670 ministri,
1367 3603 1567 3660 divina
1601 3604 1894 3662 charitatis
1937 3607 2040 3662 sti-

459 3689 641 3745 mulos
683 3691 924 3761 undique
953 3692 1283 3761 suscipiunt,
1312 3697 1368 3746 et
1395 3691 1596 3761 spretis
1617 3691 1894 3758 omnibus,
1914 3707 2038 3748 eum

462 3793 625 3847 quem
655 3788 844 3834 amant
879 3780 989 3836 sibi
1015 3781 1086 3836 ob
1114 3782 1310 3838 oculos
1342 3792 1593 3851 ponunt:
1622 3791 1676 3839 et
1699 3793 1822 3840 ante
1853 3799 2041 3856 spera-

463 3877 573 3924 tam
605 3870 1101 3938 immortalitatem,
1133 3887 1338 3942 corpus
1380 3874 1626 3944 spiritale
1659 3874 2036 3933 reddiderunt.

463 3957 621 4014 llunc
643 3965 699 4014 et
729 3973 832 4015 nos
855 3959 1256 4029 amplectamur
1281 3975 1546 4024 amorem,
1587 3965 1887 4035 sponsique
1915 3967 2038 4036 pul-

462 4049 775 4107 chritudine
817 4051 1006 4117 illecti,
1037 4059 1093 4106 et
1126 4051 1526 4122 promissorum
1577 4053 1848 4111 bonorum
1887 4057 2037 4112 desi-

463 4141 619 4198 derio
667 4143 841 4214 capti,
885 4141 1389 4214 beneﬁciorumque
1433 4145 1836 4203 multitudinem
1878 4164 2037 4205 reve-

463 4243 671 4298 rentes,
703 4241 757 4290 et
796 4235 1207 4305 ingratitudinis
1224 4250 1416 4307 ptenas
1443 4245 2036 4302 metuentes,amantes

465 4323 760 4394 legumque
807 4325 984 4396 ipsius
1039 4325 1296 4382 custodes
1342 4341 1445 4383 nos
1493 4327 1859 4397 praebeamus.
1908 4330 2036 4386 Haec

2140 1869 2240 1940 τῆς
2277 1869 2494 1940 ἀγάπης
2520 1870 2840 1942 ἐτρώθησαν
2868 1871 3064 1942 βέλεσι,
3094 1873 3183 1926 καὶ
3205 1873 3324 1943 μέλη
3351 1873 3430 1943 τῆς
3446 1875 3597 1944 νύμφης

2139 1961 2318 2026 ὅντες,
2369 1963 2489 2033 μετ’
2556 1963 2773 2032 ἐκείνης
2827 1963 3026 2033 βοῶσι·
3065 1965 3412 2034 «Τετρωμένοι
3449 1965 3597 2034 ἀγάπης

2138 2051 2322 2122 ἡμεῖς.
2346 2070 2365 2102 ι
2399 2052 2460 2104 '0
2490 2051 2600 2124 γὰρ
2627 2053 2802 2123 μ’έγας
2843 2053 3096 2120 Ἰωάννης
3121 2053 3212 2124 βοᾷ
3241 2070 3253 2084 ’
3292 2072 3308 2104 ι
3332 2053 3416 2107 Ἴδε
3437 2055 3459 2106 ό
3483 2055 3596 2123 ἀμνὸς

2139 2139 2233 2194 τοῦ
2263 2139 2423 2206 Θεοῦ,
2451 2143 2480 2196 ό
2517 2142 2686 2212 αἴρων
2709 2142 2810 2212 τὴν
2843 2143 3118 2214 ἁμαρτίαν
3146 2142 3237 2196 τοῦ
3271 2143 3596 2214 κόσμου.ιὊδὲ

2140 2237 2427 2304 προφήτης
2461 2233 2713 2298 Ἡσαΐας,
2747 2233 2824 2298 ὡς
2854 2235 3188 2307 γεγενημένα
3209 2235 3271 2290 τὰ
3297 2237 3487 2306 ἐσόμενα
3509 2251 3595 2306 πριι-

2140 2322 2396 2378 εθέσπισε
2461 2325 2635 2394 λέγων
2663 2343 2678 2356 ·
2736 2345 2756 2379 ε
2793 2329 2972 2391 Αὐτὸς
3018 2328 3390 2399 ἐτραυματίσθη
3437 2327 3502 2379 διὰ
3531 2328 3594 2387 τὰς

2140 2415 2416 2486 ἁμαρτίας
2437 2415 2618 2486 ἡμῶν,
2648 2419 2745 2471 καὶ
2789 2418 3192 2488 μεμαλάκισται
3214 2418 3292 2472 διὰ
3319 2419 3402 2482 τὰς
3443 2415 3593 2485 ἀνομία

2139 2505 2297 2577 ἡμῶν
2319 2521 2334 2536 '
2363 2505 2578 2560 παιδεία
2615 2507 2838 2579 είρήνης
2863 2511 3022 2580 ἡμῶν
3045 2509 3130 2564 ἐπ’
3154 2509 3332 2563 αὐτόν’
3355 2507 3418 2578 τῷ
3443 2506 3593 2577 μώλωπι

2140 2595 2306 2648 αὐτοῦ
2335 2597 2501 2667 ἡμεῖς
2538 2597 2770 2668 ίάθημεν
2790 2613 2803 2628 ”
2839 2617 2861 2650 ι
2900 2600 2996 2653 καὶ
3030 2601 3096 2653 τά
3119 2600 3265 2664 ἀλλα,
3289 2599 3374 2652 ὅσα
3407 2593 3592 2666 περὶτῶν

2142 2686 2425 2758 σωτηρίων
2452 2686 2640 2740 παθῶν
2662 2687 3022 2759 διεξέρχεται.
3053 2690 3308 2760 Κηρΰττει
3335 2687 3414 2742 καὶ
3453 2681 3590 2744 Παῦλος

2141 2777 2313 2848 βοῶν·
2357 2796 2376 2830 ι
2403 2777 2503 2840 ’ος
2535 2795 2596 2845 γε
2629 2778 2724 2831 τοῦ
2774 2780 2908 2834 ἰδίου
2948 2780 3078 2834 Υίοῦ
3129 2780 3223 2834 οὐκ
3272 2779 3491 2849 ἐφείσατο,
3521 2773 3592 2827 ἀλλ’

2141 2866 2284 2936 ὑπὲρ
2316 2865 2473 2936 ἡμῶν
2498 2866 2717 2920 πάντων
2754 2868 3078 2938 παρέδωκεν
3109 2866 3278 2929 αὑτὸν,
3307 2865 3404 2926 πῶς
3425 2863 3510 2930 οὐχὶ
3531 2858 3590 2910 ul

2141 2957 2240 3010 σῦν
2265 2956 2417 3027 αὐτῷ
2453 2957 2524 3009 τὰ
2567 2957 2744 3011 πάντα
2772 2960 2908 3028 ἡμῖν
2947 2958 3228 3029 χαρίσηται
3256 2973 3270 3021 ;
3297 2973 3313 3005 ι
3349 2952 3436 3007 Καὶ
3456 2949 3590 3003 πάλιν·

2147 3067 2166 3101 ι
2187 3047 2358 3121 Ὑπὲρ
2391 3049 2630 3118 Χριστοῦ
2670 3049 3072 3122 πρεσϐεύομεν,
3104 3050 3174 3114 ὡς
3213 3048 3297 3102 τοῦ
3329 3045 3437 3101 Θεοῦ
3480 3058 3590 3112 παρα·

2143 3137 2434 3204 καλοῦντος
2458 3139 2524 3193 δι’
2551 3140 2738 3212 ἡμῶν*
2765 3141 3004 3212 δεόμεθα
3051 3142 3189 3213 ὑπὲρ
3219 3136 3441 3211 Χριστοῦ,
3461 3131 3588 3187 ataui-

2149 3229 2354 3300 λάγητε
2383 3229 2463 3301 τῷ
2487 3230 2607 3300 Θεῷ
2644 3245 2658 3261 ⁸
2688 3231 2780 3286 τὸν
2802 3233 2918 3304 γὰρ
2944 3233 3022 3304 μὴ
3047 3233 3236 3304 γνόντα
3273 3226 3492 3299 ἁμαρτίαν
3505 3223 3588 3288 ὖτυὶρ

2143 3319 2306 3390 ⁴ἡμῶν
2333 3319 2611 3391 ἁμαρτίαν
2640 3321 2924 3394 ἐποίησεν,
2945 3323 3033 3378 ῖνα
3059 3323 3216 3394 ἡμεῖς
3240 3315 3472 3390 γενώμεθα
3505 3308 3588 3364 Θεοῦ

2141 3409 2460 3482 δικαιοσύνη
2499 3411 2558 3466 ἐν
2581 3411 2756 3483 αὐτῷ.
2781 3431 2800 3466 ι
3431 3460 3438 3467 .

2211 3501 2420 3567 Ταῦτα,
2453 3504 2548 3557 καὶ
2605 3505 2708 3556 ὅσα
2763 3503 3016 3571 τοιαῦτα,
3057 3505 3202 3576 παρὰ
3251 3504 3354 3565 τοῖς
3384 3494 3590 3565 ὑπηρέταις

2137 3591 2234 3646 τοῦ
2261 3593 2406 3646 θείου
2428 3593 2592 3664 λόγου
2630 3597 3025 3666 γεγενημένοις
3054 3596 3396 3662 εὑρίσκοντες,
3428 3588 3591 3655 δέχονται

2140 3683 2478 3754 πανταχόθεν
2497 3685 2598 3756 τῆς
2627 3684 2776 3749 Θείας
2821 3686 3046 3756 ἀγάπης
3074 3686 3140 3740 τά
3166 3685 3364 3753 κέντρα,
3400 3678 3474 3731 καὶ
3508 3672 3590 3725 πά*

2139 3789 2249 3827 των
2298 3774 2800 3847 ὑπερφρονοῦντες,
2858 3776 3218 3846 φαντάζονται
3265 3773 3344 3826 τὸν
3386 3765 3588 3838 ἐρώμενον.

2136 3864 2233 3918 καὶ
2265 3865 2371 3938 πρὸ
2395 3866 2492 3935 τῆς
2507 3865 2868 3937 ἐλπιζομένης
2903 3867 3229 3939 ἀφθαρσίας,
3255 3863 3309 3916 τὸ
3333 3859 3460 3929 σῶμα
3485 3865 3588 3904 mtu-

2140 3957 2367 4028 ματικδν
2424 3957 2780 4012 ἀπετέλεσαν.
2823 3958 2998 4012 Τοῦτο
3045 3959 3135 4013 καὶ⁸
3177 3957 3320 4028 ἡμεῖς
3353 3951 3402 4005 τὸ
3445 3945 3589 4015 φίλτρον

2134 4047 2438 4120 δεξώμεθα.
2455 4049 2637 4120 καὶτῷ
2659 4050 2842 4103 κάλλει
2859 4050 2955 4104 τοῦ
2980 4051 3203 4122 νυμφίου
3225 4037 3590 4122 καταθελγόμενοιι

2140 4140 2374 4195 καὶτῶν
2424 4143 2856 4213 ἐπηγγελμένων
2911 4121 3136 4212 ἀγαθῶν
3186 4138 3446 4211 ἐφιέμιενοις
3475 4121 3592 4225 wit

2138 4230 2248 4284 τῶν
2294 4231 2627 4303 εὐεργεσιῶν
2661 4234 3053 4305 ἐντρεπόμενοι
3093 4231 3302 4301 πλῆθος,
3345 4229 3424 4281 καὶ
3444 4221 3516 4280 τὰς
3531 4221 3592 4280 τῆς

2139 4321 2463 4392 ἀχαριστίας
2492 4322 2720 4388 δεδιότες
2739 4323 2990 4390 εὐθύνας,
3016 4323 3318 4392 ἀγαπῶντες
3341 4309 3592 4380 καὶφύλακες

463 4415 610 4470 enim
645 4429 861 4470 summa
888 4424 974 4471 est
1004 4416 1280 4482 amicitiae,
1310 4396 1508 4472 eadem,
1543 4433 1729 4475 amare
1751 4427 1808 4476 et
1845 4422 2002 4477 cadet:

2061 4452 2114 4514 Β
2138 4411 2302 4465 αὑτοῦ
2331 4411 2440 4466 τῶν
2462 4414 2640 4484 νόμων
2675 4415 2986 4485 γενώμεθα.
3021 4411 3183 4478 Οὗτος
3213 4411 3310 4481 γὰρ
3331 4409 3432 4478 ὅρος
3452 4396 3591 4503 fam:

467 4504 672 4560 odisse.
697 4503 770 4558 Ea
789 4503 856 4560 de
873 4520 1041 4561 causa
1063 4506 1278 4561 dicebat
1299 4522 1520 4578 quoque
1539 4509 1604 4564 ad
1623 4509 1993 4566 Abrahamum
2021 4531 2036 4570 :

472 4617 493 4646 α
532 4594 862 4650 Βριιοὰἰοοιιι
916 4596 1367 4652 benedicentibus
1423 4599 1546 4664 tibi,
1607 4609 1662 4655 et
1719 4601 2040 4657 maledicam

467 4685 926 4741 maledicentibus
959 4684 1059 4740 tibi
1093 4695 1142 4739 ιι.
1183 4704 1202 4738 ι
1241 4685 1309 4740 Ει
1343 4686 1508 4742 David
1549 4688 1616 4744 ad
1651 4703 1816 4745 eum:
1859 4709 1878 4744 ι
1911 4690 2044 4745 Mihi

467 4785 649 4832 autem
691 4777 848 4832 valde
890 4776 1146 4832 honorati
1187 4787 1316 4832 sunt
1350 4779 1512 4834 amici
1545 4781 1810 4846 tui,Deus
1829 4791 1870 4838 ⁸.
1914 4802 1933 4834 ι
1966 4783 2046 4841 Ac

467 4883 686 4924 rursum
714 4887 730 4925 :
766 4888 786 4922 ι
816 4867 1011 4923 Nonne
1045 4869 1138 4938 qui
1169 4870 1407 4925 oderunt
1439 4879 1512 4936 te,
1528 4870 1774 4940 Domine,
1798 4875 2046 4940 oderam,

469 4971 525 5016 et
554 4977 720 5033 super
748 4960 963 5033 1319
1017 4961 1271 5016 inimicos
1316 4969 1441 5018 tuos
1491 4962 1882 5022 tabesceham?
1915 4965 2045 5023 Per-

471 5051 616 5107 fecto
641 5053 770 5108 odio
797 5053 1020 5108 oderam
1049 5051 1198 5108 illos.
1224 5050 1444 5108 Inimici
1476 5053 1604 5110 facti
1631 5064 1760 5112 sunt
1790 5059 1923 5115 mihi
1958 5070 2039 5116 Ρ.»
2089 5111 2092 5114 .

471 5141 539 5196 Et
578 5141 689 5198 alio
723 5143 886 5198 loco:
924 5160 943 5194 ι
977 5141 1202 5213 iniquos
1237 5142 1362 5198 odio
1404 5143 1592 5210 habui,
1641 5145 1813 5218 legem
1863 5155 2043 5204 autem

469 5242 620 5288 tuam
645 5233 816 5288 dilexi
836 5242 886 5286 ιι·
927 5252 948 5288 ι
995 5232 1061 5290 Ει
1079 5234 1246 5290 alibi:
1283 5251 1304 5287 ι
1339 5233 1624 5303 Quomodo
1651 5237 1818 5293 dilexi
1860 5239 2037 5310 legem

469 5331 645 5389 tuam,
672 5321 936 5381 Domine!
971 5332 1083 5378 tota
1108 5322 1196 5380 die
1230 5323 1512 5380 meditatio
1539 5340 1658 5380 mea
1686 5336 1772 5382 est
1806 5337 1881 5382 τ.»
1918 5329 2044 5385 Evi-

470 5413 610 5472 dcns
641 5415 810 5487 igitur
834 5414 1122 5472 charitatis
1147 5415 1204 5471 in
1237 5415 1406 5472 Deum
1429 5424 1812 5488 argumentum
1844 5430 1929 5478 est
1953 5423 2040 5478 di-
2085 5479 2090 5486 _

538 5598 571 5641 ι
598 5598 642 5656 ιι
675 5595 790 5676 ἔρι’.
827 5596 882 5661 2,
921 5597 1144 5676 l5,_16._
1183 5599 1218 5676 ξ
1259 5596 1419 5676 Cant.
1464 5615 1514 5665 ν,
1547 5598 1600 5656 8.
1660 5601 1889 5676 Δ[εἰοειιι.
1932 5624 1991 5670 ιι,
2029 5611 2120 5676 99,

2138 4505 2200 4557 τὸ
2232 4506 2406 4559 ταυτά
2441 4481 2638 4574 φιλεῖν,
2683 4481 2778 4560 οιαὶ
2821 4481 2994 4561 ταυτά
3042 4507 3241 4580 μισεῖν·
3269 4500 3347 4555 διὰ
3401 4493 3519 4548 τοῦτο
3542 4481 3592 4552 τῷ

2152 4594 2403 4666 Ἀϐραὰμ
2428 4596 2611 4666 ἔλεγεν
2634 4615 2648 4629 ·
2687 4598 3015 4669 «Εὐλογήσω
3056 4598 3176 4660 τοὺς
3214 4586 3505 4658 εὐλογοῦντάς
3540 4593 3592 4669 θεέ

2141 4665 2264 4738 καί
2292 4665 2416 4750 τοῦς
2467 4665 2996 4758 καταρωμένους-σε
3051 4685 3454 4756 καταράσομαι.»
3486 4665 3592 4758 Keil

2142 4775 2306 4830 Δαεὶδ
2354 4776 2492 4849 πρὸς
2538 4753 2750 4832 αὐτόν-ο
2779 4797 2805 4830 ‹
2845 4779 3004 4850 ἐμοι
3030 4779 3088 4832 δὲ
3135 4753 3250 4830 mw
3287 4753 3594 4856 ετιμήοησιξοι

2145 4869 2289 4939 φίλοι
2319 4887 2434 4935 σου,
2457 4871 2485 4923 6
2507 4869 2661 4932 Θεός.
2698 4887 2718 4920 ι
2749 4870 2860 4922 Καὶ
2887 4869 3048 4924 πάλιν
3068 4881 3082 4896 ⁸
3123 4865 3283 4936 (οὐχὶ
3307 4861 3413 4920 τοὺς
3438 4861 3593 4925 paco-n-

2143 4959 2244 5024 τάς
2268 4977 2350 5024 σε,
2382 4961 2580 5034 Κύριε,
2643 4959 2901 5031 ἐμίσησα,
2938 4961 3030 5014 καὶ
3059 4960 3150 5012 ἐπὶ
3197 4957 3299 5017 τοῖς
3348 4943 3512 5034 ἐχθροῖς
3533 4949 3594 5034 αῖ)

2143 5024 2530 5120 ἑξε¹τῖηκόμην;
2567 5024 2806 5102 ’Τέλειονν
2843 5024 3000 5119 μῖσος
3061 5047 3274 5119 ἐμίσουν
3322 5033 3479 5094 αὐτούς
3503 5043 3515 5060 ·
3544 5024 3596 5079 είς

2140 5139 2369 5214 ἐχθροὺς
2393 5141 2636 5210 ἐγένοντό
2665 5157 2777 5211 μοι.
2809 5159 2828 5192 ι
2860 5141 2967 5196 Καὶ
2996 5137 3214 5210 ἑτέρωθι
3236 5143 3250 5167 ο
3288 5151 3305 5184 ι
3331 5120 3594 5214 Παρανόμσές

2140 5211 2380 5304 nam“
2396 5273 2411 5299 '
2433 5231 2522 5287 τδν
2544 5233 2600 5287 δὲ
2622 5234 2785 5304 νόμον
2812 5250 2907 5288 σου
2938 5232 3214 5302 ἠγάπησα.
3241 5245 3257 5276 ι
3293 5219 3389 5276 Καὶ
3411 5211 3594 5304 dimov

2145 5343 2166 5377 ι
2180 5301 2186 5302 7
2198 5324 2284 5391 Ὠς
2294 5301 2562 5398 ἠγάπησα
2589 5301 2868 5400 τὸν-νόμον
2885 5301 2997 5391 σου,
3018 5325 3208 5396 Κύριε,
3223 5321 3334 5389 ὃλην
3351 5313 3432 5384 τὴν
3446 5301 3596 5400 ἡμέρίῖ

2144 5386 2338 5488 μελέτη
2349 5386 2490 5488 μου.
2515 5419 2678 5474 ἐστιν.
2711 5437 2729 5472 ι
2751 5386 3006 5493 ’ξεναργές
3033 5386 3126 5472 οὖν
3146 5386 3410 5484 τεκμήριον
3427 5399 3501 5470 τῆς
3513 5386 3596 5458 ’δελ

2220 5614 2245 5655 ι
2278 5613 2380 5670 lsa.
2412 5632 2528 5678 ιιιι,
2550 5617 2605 5672 5.
2685 5617 2704 5658 ι
2752 5619 2910 5676 Rom.
2938 5636 3025 5676 vttt
3048 5659 3063 5682 ,
3086 5618 3173 5675 δί.
3243 5625 3279 5654 ³³
3307 5609 3448 5669 IlCor
3482 5595 3597 5659 v.99:

470 5668 563 5741 2i.
637 5677 666 5708 ιι
695 5667 832 5724 Gen.
871 5681 970 5732 an,
994 5667 1042 5721 5.
1124 5674 1150 5703 ο
1173 5665 1322 5723 .Psal.
1359 5683 1617 5736 cxxxvur,
1652 5671 1738 5727 l7.
1814 5675 1948 5732 ibid.
1981 5665 2082 5747 vili,
2107 5665 2224 5738 ἒξ(
2279 5665 2528 5744 'E'rEAif
2550 5665 2714 5744 carm
2946 5665 3025 5727 ""-
3048 5665 3188 5744 ibi}.
