3898 6196
238 367 360 434 1549

234 481 528 556 presbyter,
561 469 981 556 ali-Alexandro
1014 467 1790 556 alexaiulrireepiscopqde:

231 538 429 626 positu's
485 538 1793 626 fuerat,"ut‘testatur‘Athanasitis,'tuutmin

146 652 155 660 -
231 608 568 688 Zpblogelicoi
589 615 657 667 ad
687 612 1232 688 Consta_ittiuut,_tiiiii
1371 609 1510 688 libro
1537 608 1610 688 De
1640 622 1795 688 agno-

229 677 308 747 dis
339 677 570 743 Arimini
601 695 650 739 et
685 682 962 738 Seleuciar.
1011 679 1116 735 Sed
1160 689 1214 734 et
1264 680 1509 733 Hilarius
1557 680 1609 731 in
1659 677 1795 730 Fra-

229 755 865 832 gmenti_s._hunc_lorum
897 766 1006 804 non
1045 752 1203 804 aliter
1231 750 1361 821 legit
1397 760 1560 820 atque
1585 748 1797 817 accepit

227 824 388 903 quam
421 824 777 903 Athanasius.

302 897 678 968 Ὀμοφωγίαν
714 889 1214 968 διᾳᾳώζεσθαιεμζιι
1249 890 1337 968 liis
1361 890 1796 968 verbisclaudi-

227 981 309 1026 tur
351 960 584 1037 epistola
643 963 906 1037 synodica
972 962 1192 1037 concilii
1230 960 1638 1037 _Sei_'diceusis,
1682 969 1795 1014 tum

225 1040 365 1111 apud
391 1031 777 1090 'Athauasium
833 1033 886 1111 i_n
905 1101 918 1111 _
929 1031 1178 1111 secundo
1216 1032 1572 1111 dpologt‘lico
1597 1040 1797 1111 contra

221 1085 1167 1172 irriguos-Itoniapudillilaritlm
1222 1085 1280 1154 iri
1319 1085 1681 1167 Fraigmentis.
1735 1099 1800 1154 Et

223 1193 346 1252 post
375 1180 488 1232 haec
511 1177 694 1252 verba
712 1172 932 1252 additur
958 1172 1221 1252 solentnis
1261 1172 1797 1252 salutatio_in_hune

226 1241 472 1306 inodum,
511 1247 576 1297 Ἦ
613 1245 734 1296 θεία
777 1242 1004 1311 πρόνοια
1037 1241 1490 1311 καθωσιωμένους
1526 1241 1672 1311 ὑμᾶς
1706 1241 1799 1311 καὶ

223 1317 599 1389 εὐθυμοῦντας
634 1309 1001 1389 διαφυλάττᾳι,
1043 1309 1316 1389 ἀγαπητεὶ
1368 1309 1608 1389 ἀδελφοιε
1641 1310 1799 1378 Apud

225 1380 495 1444 Hilarium
547 1400 676 1438 vero
733 1383 846 1436 h:ec
889 1383 1168 1436 adduntur
1200 1380 1228 1434 ε’
1265 1380 1548 1450 Optamus,
1581 1381 1796 1447 fratres,

225 1478 312 1515 vos
345 1461 402 1512 in
437 1457 658 1509 Doniiuo
693 1453 816 1507 bene
857 1453 1048 1507 valere.
1086 1452 1295 1507 Caetera
1335 1467 1456 1522 quae
1495 1460 1802 1522 sequuntur

227 1531 371 1600 apud
434 1526 836 1600 'l‘hcodoretum
884 1523 951 1576 de
999 1521 1517 1600 expositione’ﬁdei
1545 1561 1558 1579 .
1612 1522 1800 1590 spuria

228 1593 355 1655 sunt
417 1607 471 1652 et
511 1596 838 1656 adulterina,
897 1601 954 1645 ιιι
997 1595 1158 1647 docet
1212 1593 1560 1648 certissimus
1609 1601 1802 1646 auctor

228 1667 567 1724 Athanasius
600 1667 652 1718 in
699 1664 930 1733 epistola
978 1662 1346 1734 synodicaad
1374 1661 1798 1734 Antiochenses,

269 1755 353 1807 ag.
387 1737 491 1794 576
538 1731 795 1790 editionis
847 1731 1188 1807 Parisiensis.
1253 1731 1353 1786 Ubi
1415 1731 1529 1786 hch
1588 1733 1801 1807 ailjeeta

269 1757 353 1807 ag.
387 1757 491 1794 ὒιυ
538 1757 795 1790 eutuoms
847 1757 1188 1789 τίη-1516⁵11515.
1256 1757 1353 1786 υυι
1416 1757 1529 1786 nam:
1588 1757 1801 1801 inuecta

229 1757 404 1864 inisse
451 1807 583 1860 dicit
619 1821 648 1859 a
684 1804 1014 1874 quihusdam
1045 1845 1060 1868 ,
1104 1805 1313 1874 absque
1353 1817 1630 1874 consensu
1665 1802 1804 1874 “cpi:

231 1893 526 1949 scoporuni
565 1877 655 1944 qui
685 1871 920 1949 concilio
947 1871 1331 1949 interfuerant.
1361 1872 1573 1938 Quibus
1604 1871 1801 1940 reliqui

229 1945 699 2025 episcopium-iter
723 1946 1066 2025 restiterunt,
1086 1945 1804 2025 proclamantescoiiteiitqs

231 2011 292 2074 se
321 2011 442 2074 esse
474 2017 685 2070 Nicrena
721 2016 846 2078 lide,
884 2031 983 2068 nec
1015 2011 1396 2084 quidquamuei
1446 2011 1802 2084 ulteriusad-

229 2089 470 2143 denduni
515 2103 528 2139 :
568 2103 633 2140 ne
683 2086 816 2140 ﬁdes
853 2100 882 2138 a
925 2082 1132 2140 sanctis
1176 2082 1431 2136 Patribus
1477 2082 1654 2144 edita,
1697 2083 1802 2135 im-

231 2159 472 2230 perfecta
512 2174 633 2212 esse
667 2157 1127 2230 videre_ti_ir,_neve
1151 2153 1339 2230 aditus
1383 2152 1610 2230 daretur
1641 2151 1803 2230 malis

232 2221 549 2284 hominibus
578 2242 747 2281 novas
781 2224 1016 2280 subinde
1039 2224 1163 2278 li-lei
1197 2223 1464 2277 formulas
1493 2221 1805 2288 procuden-

229 2301 310 2354 di.
335 2300 412 2352 Ac
437 2298 679 2369 profecto
711 2297 844 2351 satis
865 2295 1058 2369 mirari
1075 2309 1182 2369 non
1219 2308 1468 2369 possum.
1489 2291 1806 2369 Theodore-

231 2361 514 2423 tumistitd
542 2370 842 2438 ignorasse,
882 2373 976 2438 a_ut
1017 2365 1070 2438 si
1104 2361 1284 2426 scivit,
1310 2364 1363 2417 id
1401 2361 1801 2438 dissimulasse.

229 2439 479 2507 Quorum
513 2433 766 2492 neutrum
804 2438 857 2489 in
887 2434 1231 2507 Theodoreto
1258 2433 1512 2507 excusari
1548 2438 1747 2507 potest:

307 2511 437 2562 "Ott
469 2509 759 2577 γεννητός
799 2507 972 2559 ἐστιν
1013 2504 1134 2574 ἅμα
1179 2503 1276 2577 κᾳὶ
1316 2499 1664 2572 ἀγέννηὲος.
1707 2499 1808 2556 ilic

227 2581 390 2635 locus
424 2575 877 2647 corruptissimus
905 2584 1010 2639 est,
1043 2589 1144 2629 nec
1175 2575 1344 2647 ullum
1370 2588 1434 2626 ex
1467 2587 1532 2626 co
1560 2586 1808 2647 commo-

225 2653 361 2704 dum
421 2640 647 2704 sensuin
701 2648 900 2702 elicere
949 2653 1245 2715 potuerunt
1299 2645 1644 2715 interpretes.
1688 2640 1807 2715 _Eg_o

222 2735 366 2774 vero
417 2719 694 2773 levissima
745 2712 1048 2770 mutatione
1093 2730 1217 2770 eum
1283 2716 1358 2766 ita
1400 2712 1806 2767 restituendum

219 2806 358 2846 esse
415 2790 706 2850 existimo,
759 2785 1021 2855 γεννητός
1067 2785 1215 2838 ἐστιν
1259 2783 1376 2854 ἅμα
1416 2782 1517 2855 καὶ
1546 2781 1804 2855 γγενητρς,

219 2861 350 2915 haec
379 2861 521 2913 enim
550 2867 669 2913 erat
696 2851 925 2912 haeresis
959 2851 1315 2916 Arianorum,
1349 2854 1442 2923 qui
1478 2851 1685 2906 Filium
1711 2851 1806 2908 Dei

221 2931 397 2984 simul
421 2931 665 2996 genitum
689 2937 742 2982 et
777 2928 978 2980 factum
1005 2940 1130 2980 esse
1162 2925 1458 2996 dicebant;
1491 2931 1544 2996 et
1573 2923 1641 2977 iis
1673 2923 1808 2976 duo-

221 3002 340 3055 bus
370 2992 653 3052 vocabulis
682 3011 802 3066 qua:
834 2997 997 3049 unica
1027 2996 1210 3066 littera
1236 2995 1388 3066 inter
1405 2992 1809 3066 sediscrepant

222 3069 494 3139 yewn-ro;
533 3075 586 3122 et
623 3063 866 3139 Δγεννητὸς
889 3105 904 3130 ,
945 3064 1565 3139 imperitishominibus
1617 3063 1812 3118 illude-

223 3132 401 3196 hant;
426 3138 537 3192 Hos
567 3132 732 3206 igitur
757 3132 1042 3190 damnant
1067 3134 1408 3190 sanctissimi
1453 3132 1666 3200 Patres,
1709 3149 1808 3188 seu

226 3210 420 3280 potius
475 3208 509 3262 ii
563 3208 656 3277 qui
717 3206 1076 3280 appendicem
1135 3207 1298 3280 istam
1351 3213 1805 3280 composuerunt.

224 3275 513 3347 Quantum
549 3275 712 3347 porro
743 3275 1084 3347 discriminis
1125 3277 1198 3347 sit
1248 3277 1392 3347 inter
1425 3275 1811 3347 ista__dno_vo-

225 3344 456 3415 c'ahula,
489 3344 653 3402 nemo
702 3356 784 3402 est
822 3346 915 3416 qui
964 3361 1076 3400 non
1103 3346 1303 3400 videat.
1335 3345 1483 3416 idem
1514 3344 1807 3416 dicendum

226 3429 323 3476 est.
373 3420 440 3475 de
480 3421 698 3474 duobus
751 3414 860 3470 illis
913 3417 1201 3470 vocabulis
1244 3414 1811 3486 ἀγέννηῖοςίριηάγέ-

228 3507 419 3559 νητος.
455 3489 674 3544 Nicelas
721 3489 774 3559 in
807 3487 1077 3542 Thesauro
1109 3484 1594 3559 orlhodoxwrﬁdei,
1624 3484 1717 3559 lib:
1747 3500 1807 3548 ii,

231 3555 360 3630 cap.
384 3560 472 3618 54,
502 3561 640 3612 hanc
666 3558 1204 3630 dill‘erentianinotat
1227 3557 1510 3630 hisAverbis
1536 3573 1548 3608 :
1580 3555 1812 3630 (Scien-

233 3627 369 3685 du'm
407 3631 552 3682 enim
617 3638 699 3682 est
759 3628 903 3697 quod
943 3628 1206 3698 ἀγένητον
1230 3668 1244 3690 ,
1279 3627 1324 3682 si
1381 3641 1476 3698 per
1525 3628 1745 3698 unicum
1781 3643 1810 3679 ν

234 3701 534 3760 scribatur,
571 3698 622 3751 id
658 3696 952 3767 signiﬁcat,
986 3696 1129 3765 quod
1175 3713 1274 3751 nec
1299 3696 1547 3751 creatum
1591 3712 1691 3751 nec
1724 3696 1809 3749 fa-

231 3780 386 3826 ctum
419 3779 544 3840 est:
583 3769 879 3840 ἀγέννητον
909 3783 1035 3821 vero
1059 3783 1154 3840 per
1192 3768 1390 3840 duplex
1420 3784 1469 3829 ν,
1499 3767 1566 3840 _id
1594 3767 1812 3840 signiﬁ-

230 3849 346 3901 cat,
378 3839 522 3910 quod
555 3835 798 3909 genitum
831 3854 939 3892 non
965 3835 1072 3892 est.
1102 3835 1220 3910 Jain
1247 3835 1428 3910 priore
1467 3835 1799 3910 signiﬁcato,

229 3909 481 3966 essentia
517 3910 700 3964 dlﬂi‘l‘l
727 3910 794 3963 ab
824 3911 1065 3964 essentia
1095 3925 1108 3960 :
1151 3909 1256 3962 alia
1287 3909 1434 3963 enim
1462 3909 1702 3962 essentia
1727 3915 1812 3962 est

232 3982 478 4036 increata
523 3996 620 4036 seu
667 3981 930 4050 ἀγένητος
969 3995 1065 4049 per
1095 3980 1316 4033 unicum
1353 3995 1407 4050 ν,
1439 3979 1652 4050 aliaque
1681 3978 1809 4030 item

233 4052 441 4120 γενητὴ
489 4067 584 4104 seu
618 4047 832 4105 creata.
862 4047 1175 4106 Poster'iore
1208 4065 1337 4103 vero
1367 4047 1679 4120 signiﬁcato
1718 4061 1807 4120 es—

237 4113 595 4173 sent'ia'nihil
633 4120 930 4188 quidquam
973 4121 1042 4172 ab
1080 4120 1328 4188 essentia
1373 4116 1592 4188 diﬂ'ert._
1619 4113 1813 4188 Otnuis

234 4192 384 4242 enim
426 4184 800 4241 animantium
840 4189 1041 4256 speciei
1090 4189 1267 4256 prima
1317 4185 1630 4256 hypostasis
1657 4184 1814 4253 ἀγέν-

236 4273 426 4330 νητος,
455 4260 558 4312 hoc
603 4267 696 4330 est
738 4255 998 4330 ingenita,
1040 4255 1149 4330 non
1181 4255 1369 4330 autem
1393 4255 1676 4330 dyéyqtog,
1710 4257 1814 4330 hoc

234 4324 322 4384 est
359 4329 599 4382 increata
627 4326 749 4390 fuit,
780 4324 882 4382 etc.
921 4325 1039 4380 .Iam
1088 4328 1136 4380 si
1187 4329 1424 4395 priorem
1455 4324 1814 4395 signiﬁcatio-

233 4413 364 4453 nem
391 4399 662 4467 sequaris,
696 4407 808 4453 trcs
841 4398 946 4452 illa:
985 4397 1184 4451 divinae
1220 4396 1720 4467 hyposlasesinter
1753 4409 1812 4449 se

231 4466 596 4523 conveniunt.
661 4467 795 4522 Nam
861 4466 1364 4524 consubstantiales
1425 4474 1481 4521 et
1553 4466 1814 4520 increata:

233 4547 372 4594 sunt
403 4556 415 4591 :
455 4540 814 4608 posteriorem
844 4555 972 4594 vero
997 4541 1042 4592 si
1081 4538 1352 4607 sequaris,
1386 4535 1810 4606 haudquaquam

231 4611 598 4665 conveniunt.
629 4610 793 4665 Solus
821 4611 965 4662 enim
994 4608 1154 4664 l'ater
1186 4609 1463 4675 ingenitus
1493 4615 1600 4671 est,
1636 4624 1657 4659 ι
1701 4616 1808 4660 etc.

233 4681 389 4752 idem
426 4680 613 4752 longe
661 4688 788 4733 ante
817 4678 1062 4732 Nicetam
1107 4686 1325 4752 notarat
1356 4676 1728 4752 Epiphanius“
1753 4679 1810 4752 in

233 4749 436 4805 haeresi
469 4743 907 4822 Origenistarum
939 4764 1062 4817 cap.
1099 4750 1152 4813 8,
1190 4748 1282 4802 ubi
1314 4743 1813 4822 reprelienditpri-

181 4880 189 4886 _
232 4835 428 4890 geniem
453 4823 544 4888 qui
570 4814 630 4876 in
651 4818 984 4874 'l’razlatione
1010 4814 1536 4890 commentariorum
1567 4817 1620 4869 in
1659 4814 1811 4890 Psal—

234 4886 382 4952 ῐιιοε,
405 4886 600 4946 Filium
626 4892 718 4946 Dei
743 4891 1044 4959 appellarat
1065 4888 1289 4959 γενητὸν
1310 4887 1450 4940 θεόν.
1476 4887 1551 4959 A_c
1576 4886 1812 4959 nonnul-

234 4961 321 5016 los
349 4962 567 5030 quidem
597 4956 888 5031 Origenem
911 4956 1243 5031 excusantes
1275 4956 1637 5031 contendisse
1667 4957 1810 5031 sgi-

233 5031 337 5092 bit,
367 5025 508 5086 idem
530 5049 652 5087 esse
665 5025 922 5100 γὲννητὺν
937 5038 989 5100 et
1002 5029 1247 5098 γενητόν.
1265 5028 1466 5100 contra
1509 5025 1812 5100 veroualiir-

235 5111 351 5171 mat
385 5096 722 5171 Epiphanius
782 5096 896 5154 haec
943 5096 1064 5171 duo
1098 5096 1256 5168 lenge
1305 5099 1445 5151 inter
1475 5112 1534 5153 se
1567 5096 1808 5151 dilTeri'e.

233 5170 470 5242 Γενητδν
493 5170 644 5226 enim
673 5186 798 5226 esse
832 5171 884 5242 id
927 5170 1070 5242 quod
1106 5171 1308 5242 factum
1353 5176 1436 5242 est
1457 5177 1512 5221 et
1542 5175 1808 5242 creatum.

307 5236 438 5297 Plu.
481 5243 570 5297 8|.
603 5243 802 5307 Οὕτως
833 5236 1106 5306 ἐαυὶούς.
1163 5238 1342 5292 Codex
1392 5236 1591 5292 Leonis
1626 5236 1810 5307 Allatii

222 5313 324 5386 hic
359 5328 466 5367 una
506 5327 640 5366 voce
675 5305 890 5386 auctior
918 5320 1003 5386 est
1026 5353 1039 5374 ,
1065 5305 1168 5365 hoc
1193 5307 1552 5386 modopi’trmg
1576 5307 1684 5386 γὰρ
1716 5305 1814 5386 ανξι-

236 5385 360 5444 εοὺς
390 5387 563 5444 νοεῖν,
589 5391 695 5437 etc.
732 5382 1026 5448 Sequentia
1053 5395 1178 5448 vero
1209 5393 1315 5432 non
1347 5379 1538 5432 dubito
1568 5378 1699 5448 quin
1733 5378 1815 5448 sic

229 5453 578 5508 emendanda
612 5454 724 5506 sint
745 5446 836 5504 ὅτι
855 5447 1006 5513 οὗτος
1033 5446 1112 5512 εἷς
1134 5449 1245 5502 τῶν
1268 5446 1811 5518 γεγενημένωνίὲστί.

229 5523 288 5576 Id
321 5531 408 5577 est
441 5525 519 5576 sic
543 5565 557 5588 ,
587 5524 726 5577 enim
765 5539 819 5575 se
857 5521 1148 5589 intelligere
1185 5517 1504 5589 proﬁtentur
1551 5517 1812 5589 genitum,

227 5595 357 5664 quia
384 5593 472 5646 ille
499 5587 568 5646 sit
597 5609 731 5646 unus
765 5607 830 5646 ea:
859 5593 926 5645 iis
956 5587 1424 5664 qu_d:_fucta_sun_t.
1459 5587 1814 5664 Einendatio-

227 5659 360 5717 nem
396 5672 641 5718 nostram
679 5659 974 5716 conﬁrmat
1004 5660 1350 5730 Epiphanius
1379 5661 1502 5730 loco
1530 5659 1717 5711 citato.

301 5733 560 5787 Γέ-νεσιν
595 5733 741 5800 ἔχει.
785 5732 1022 5786 Primam
1051 5727 1248 5787 vocem
1288 5727 1816 5800 addiderunttypof

226 5804 428 5877 graphi
468 5797 838 5861 Genevienscs
877 5818 942 5859 ex
978 5801 1120 5858 libro
1156 5797 1815 5870 (Σειηείειθριιοιεοηίζὸοᾱ

1179 353 1259 417 IN
1296 353 1678 446 THEODOit.
1717 351 1916 413 IIIST.
1951 351 2151 413 ECCL
2193 353 2341 413 LIB.
2373 352 2458 413 II.

3345 351 3477 412 15:30

1908 481 2032 521 cum
2085 467 2229 522 absit
2258 484 2286 522 a
2318 483 2453 523 mss.
2486 465 2769 522 codicibus
2791 506 2804 529 ,
2843 482 2942 523 nec
2974 465 3240 522 habeatur
3278 468 3332 523 in
3367 468 3482 523 edi-

1905 539 2055 592 tione
2086 538 2374 592 Basiliensi
2395 579 2408 602 ,
2443 553 2543 592 nec
2571 538 2624 592 in
2658 538 2908 592 versione
2939 537 3221 607 Epiphanii
3253 536 3484 592 Schola—

1909 608 2074 671 stici,
2117 610 2470 662 merito-eam
2511 609 2780 678 expunxi.
2824 608 2951 662 licet
2992 608 3325 664 Sirmundus
3361 625 3481 665 eam

1905 678 2236 750 retinuerit,
2278 687 2332 750 et
2368 693 2465 746 pro
2503 681 2638 750 ὅπερ
2672 679 3047 750 emendaverit
3076 679 3266 750 ὅσπερ.

1978 749 2050 799 ’Ὀ
2089 748 2218 802 ἐστι
2254 749 2435 817 λόγος
2483 749 2718 816 πνεῦμα
2778 751 2889 802 οὐκ
2926 749 3100 817 ἔχων.
3143 747 3484 804 Ιιι’ρ‹1ῑιίοιιθ

1907 817 2196 872 Basiliensi
2252 818 2375 872 duas
2414 829 2705 888 postremae
2742 833 2903 873 voces
2943 820 3260 888 parenthesi
3301 820 3483 873 inclu-

1903 888 2131 951 duntur,
2169 903 2271 943 nec
2305 888 2580 942 habentur
2608 891 2661 942 in
2689 889 2938 943 versione
2993 889 3282 958 Epiphanii
3313 890 3488 944 Scho-

1907 958 2106 1013 lastici.
2153 959 2264 1028 Ego
2305 973 2436 1013 vero
2472 959 2640 1014 etiam
2675 959 2890 1029 priores
2930 960 3162 1014 libenter
3201 975 3485 1029 expunge-

1907 1044 2059 1099 reni,
2101 1029 2306 1098 quippe
2346 1045 2468 1099 quae
2508 1044 2732 1084 sensum
2773 1028 2940 1095 hujus
2979 1030 3084 1083 loci
3126 1028 3482 1086 conturbant.

1905 1097 2060 1164 Quod
2095 1099 2139 1153 si
2192 1097 2318 1168 quis
2365 1097 2464 1154 eas
2501 1101 2746 1155 retinere
2785 1101 3060 1168 voluerit,
3104 1099 3260 1154 locus
3313 1101 3487 1154 inter-

1947 1165 2233 1239 ungendus
2261 1171 2366 1224 erit
2396 1170 2501 1224 hoc
2535 1169 2700 1239 modo
2730 1187 2744 1221 :
2793 1170 2926 1239 μηδὲ
2965 1165 3104 1222 εἶναι
3147 1170 3411 1224 δύνασθαι
3459 1173 3487 1224 ὃ

1938 1255 2022 1291 στι
2057 1238 2235 1306 λόγος,
2276 1240 2494 1310 πνεῦμα
2531 1240 2632 1292 οὐκ
2677 1237 2940 1310 ἔχων.’1ι1
2985 1251 3105 1304 est,
3146 1257 3239 1294 nec
3273 1245 3488 1295 verbum

1905 1324 2059 1377 posse
2091 1326 2204 1364 esse
2243 1311 2356 1365 sine
2393 1311 2608 1377 spiritu.

1981 1383 2062 1434 Οὺ
2095 1379 2352 1452 πάντοτε
2385 1382 2494 1452 γὰρ
2521 1378 2694 1435 εἶναι.
2733 1379 2845 1434 lloc
2875 1382 3004 1452 loco
3035 1381 3201 1436 verba
3231 1388 3490 1452 tranSpo-

1908 1449 2164 1522 sitaesse
2190 1451 2520 1522 jampridem
2563 1452 2952 1522 animadverti.
2995 1451 3166 1520 Igitur
3205 1462 3332 1506 ante
3375 1449 3488 1507 haec

1910 1520 2078 1591 verba
2100 1562 2114 1586 ,
2153 1520 2473 1576 collocanda
2508 1529 2593 1591 est
2627 1521 2884 1591 periodus
2916 1537 3038 1587 qua:
3073 1523 3344 1591 sequitur,
3383 1524 3487 1575 ιιιιυ

1909 1590 2095 1663 modo,
2125 1591 2206 1643 ὅτι
2234 1591 2261 1642 ὁ
2293 1592 2524 1646 πάντοτε
2554 1590 2663 1656 ὢν,
2693 1591 2866 1663 ἀρχὴν
2895 1593 2992 1662 οὐχ
3037 1590 3158 1662 ἔχει
3185 1593 3376 1660 Λόγος.
3413 1591 3491 1646 Ita

1909 1661 2069 1729 plana
2103 1671 2232 1715 sunt
2263 1663 2470 1716 omnia.

1992 1729 2216 1802 ’Λληθῆ
2271 1731 2342 1785 δὲ
2405 1731 2544 1786 Υἱὸν
2589 1731 3046 1802 παραδιδόαμεν.
3099 1731 3226 1787 Diue
3276 1748 3493 1802 priores

1908 1814 2072 1854 voces
2107 1801 2306 1855 desunt
2347 1803 2402 1856 in
2444 1818 2548 1857 ms.
2579 1801 2771 1858 codice
2807 1803 2997 1857 Savilii
3025 1812 3077 1858 et
3109 1804 3162 1856 in
3193 1801 3290 1858 ed.
3321 1804 3444 1860 Bas.

1979 1869 2245 1941 Διαφέρει
2283 1872 2352 1926 δὲ
2391 1871 2467 1941 τῇ
2504 1871 2678 1939 κοινῇ
2718 1873 2929 1926 κτίσει.
2973 1874 3028 1927 In
3065 1873 3258 1928 codice.
3290 1873 3492 1928 Leonis

1910 1937 2282 2014 Allatiixawﬁ
2309 1937 2506 2005 κτίσέι,
2531 1937 2736 2012 Optime
2761 1958 2880 1996 meo
2903 1944 3118 2011 quidem
3145 1943 3371 2012 judicio.
3402 1943 3495 1998 Sic.

1907 2011 2053 2063 enim
2085 2010 2384 2076 Apostolus
2413 2010 3088 2072 vocat—resurrectiOnem.
3121 2010 3287 2066 Aiunt
3325 2015 3495 2080 igitur

1911 2080 2089 2153 sancti
2137 2080 2324 2138 Patres
2360 2083 2638 2137 Christum
2669 2082 2851 2137 vocari
2880 2084 3306 2153 primogenitum
3335 2085 3495 2151 juxta

1916 2152 2331 2207 humanitatem.
2368 2153 2518 2208 Licet
2553 2160 2734 2207 autem
2771 2153 2842 2207 sit
2878 2152 3280 2223 primogenitns
3316 2157 3496 2208 homi-

1911 2235 2042 2295 num
2066 2225 2546 2295 ,Apraestantioreiu
2589 2229 2772 2295 tamen
2811 2239 2934 2278 esse
2974 2225 3205 2295 reliquis
3245 2224 3492 2280 homini-

1911 2289 2016 2345 bus
2053 2289 2130 2346 ob
2153 2294 2572 2347 resurrectionis
2604 2294 2854 2358 gloriam.

1987 2362 2113 2416 PAG.
2153 2363 2248 2434 83.
2290 2363 2404 2434 Αὐο
2444 2363 2519 2431 δὴ
2559 2359 2827 2434 οὗνξῷν
2871 2364 2959 2429 εις
3006 2363 3120 2434 τὴν
3167 2366 3493 2434 σαρδικήν.

1911 2431 2262 2506 Vincentium
2300 2432 2653 2506 Capure,‘_et_
2688 2431 2966 2506 Eufratam
3007 2431 3260 2490 Coloniae
3290 2438 3495 2506 Agrip-

1913 2504 2056 2574 pina;
2093 2502 2394 2572 episcopos
2425 2503 2682 2572 intelligit
2723 2502 2816 2571 qui
2857 2519 2885 2556 a
2923 2507 3131 2574 synodo
3173 2502 3495 2560 Serdicensi

1914 2571 1981 2626 ad
2015 2571 2398 2644 Constantium
2433 2589 2530 2642 per
2565 2571 2626 2628 id
2657 2574 2919 2644 temporis
2948 2571 3258 2630 Antiochiae
3287 2577 3483 2644 degen-

1915 2652 2022 2717 tem
2061 2643 2212 2697 missi
2249 2652 2413 2717 sunt,
2447 2645 2668 2717 petituri
2701 2643 2984 2717 ab_illo_ut
3013 2646 3304 2715 episcopos
3331 2643 3498 2717 syno-

1914 2713 2023 2767 dali
2061 2714 2332 2786 sententia
2363 2712 2651 2786 restitutos
2673 2755 2686 2778 ,
2718 2712 2790 2786 ad
2824 2715 2984 2770 sedes
3016 2712 3148 2771 suas
3181 2712 3376 2770 redire
3397 2732 3496 2786 pa-

1914 2791 2144 2848 teretur,
2183 2795 2241 2837 ut
2273 2784 2433 2839 docet
2465 2785 2802 2840 Athanasius
2833 2785 2885 2838 in
2913 2787 3143 2855 epistola
3177 2787 3243 2840 ad
3294 2784 3500 2842 Solita-

1918 2856 2072 2921 rios,
2126 2870 2249 2926 pag.
2297 2855 2438 2926 822,
2493 2857 2585 2910 ubi
2636 2859 2799 2910 etiam
2854 2865 3044 2910 narrat
3093 2873 3312 2912 scenam
3348 2859 3496 2912 illam

1915 2925 2224 2998 meretricis
2273 2940 2302 2980 a
2354 2925 2633 2998 Stephano
2677 2926 2963 2998 conducta:
3016 2936 3068 2998 et
3126 2929 3180 2982 in
3239 2929 3486 2998 episcopi

1915 2995 2242 3069 dormientis
2285 2995 2600 3052 cubiculum
2643 2996 2992 3053 introductae.
3042 2997 3118 3055 De
3163 2995 3286 3069 qua
3318 2995 3499 3055 Theo-

1915 3065 2142 3121 doretus
2178 3068 2515 3138 insequenti
2549 3069 2750 3138 capite.

2003 3136 2302 3210 Σαλιανρς
2332 3137 2400 3190 δὲ
2420 3136 2642 3210 coorto.
2681 3137 2884 3192 Saliam
2916 3139 3092 3204 verti,
3122 3139 3305 3210 potius
3333 3155 3496 3210 quam

1918 3205 2224 3260 Saliauum.
2251 3207 2384 3261 Nam
2417 3209 2672 3265 Salianus
2701 3223 2805 3262 non
2830 3217 2912 3264 est
2941 3205 3140 3264 nomen
3168 3205 3495 3264 Romanum.

1919 3276 2065 3330 Salia
2104 3280 2367 3350 verovir‘
2392 3278 2496 3350 fuit
2535 3295 2601 3334 eo
2639 3287 2886 3350 tempore
2921 3280 3358 3344 celeberrimus,
3403 3282 3496 3348 qui

1916 3357 1970 3402 et
1998 3349 2191 3420 consul
2226 3347 2328 3420 fuit
2357 3348 2410 3402 in
2443 3347 2917 3420 Occidente'anno
2945 3360 3243 3417 sequente,
3268 3354 3361 3420 qui
3395 3347 3499 3405 fuit

1917 3433 2097 3502 annos
2123 3418 2328 3502 Christi
2359 3418 2505 3502 5l8n;_
2531 3422 2992 3502 syrioiuis_an_t_em
3027 3418 3378 3502 Se:d_i_censis
3409 3436 3499 3502 ce-

1917 3489 2125 3560 lebrata
2157 3497 2243 3543 est.
2274 3504 2419 3560 anno
2447 3489 2652 3545 Christi
2694 3491 2818 3545 517.
2865 3489 3041 3560 Hujus
3081 3491 3246 3546 Salia:
3288 3493 3499 3545 mentio

1917 3558 1973 3613 ﬁt
1995 3601 2008 3620 ,
2041 3569 2152 3612 tum
2186 3561 2238 3613 in
2269 3558 2428 3616 lastis
2459 3561 2850 3616 conmilaribus
2871 3600 2886 3623 ,
2920 3558 3034 3613 tum
3066 3563 3210 3630 apud
3243 3561 3499 3617 Pruden-

1917 3631 2053 3683 tium
2078 3670 2092 3689 .
2125 3630 2217 3698 qui
2256 3645 2314 3684 se
2347 3646 2414 3685 eo
2447 3633 2679 3686 consule
2713 3633 2766 3685 in
2807 3633 2982 3684 lucem
3019 3633 3226 3686 editum
3259 3647 3386 3688 esse
3420 3642 3500 3684 te-

1918 3707 2119 3771 statur.
2149 3701 2449 3771 Fuit_eniin
2481 3703 2673 3757 consul
2707 3702 2760 3756 in
2790 3699 3110 3769 Occidente,
3137 3710 3194 3754 ut
3217 3700 3328 3771 jam
3361 3702 3496 3756 dixi.

1920 3769 2078 3826 Hunc
2111 3785 2241 3842 ergo
2276 3769 2480 3826 Saliam
2512 3773 2600 3826 hic
2625 3788 2654 3826 a
2685 3773 3035 3827 'l‘heodoreto
3070 3769 3348 3842 designari
3383 3774 3501 3828 exi-

1919 3845 2106 3914 stimo,
2140 3843 2267 3913 quia
2300 3842 2601 3914 Constante
2627 3843 2873 3914 Augusto
2907 3845 3112 3899 missus
3145 3852 3228 3898 est
3260 3844 3324 3896 ad
3355 3842 3500 3898 Con-

1918 3912 2178 3964 stantium
2213 3927 2358 3966 anno
2387 3912 2596 3967 Christi
2635 3912 2760 3968 547.
2811 3912 2969 3967 Unde
3017 3930 3140 3968 cum
3198 3914 3497 3974 rediisset,

1918 3983 1990 4035 ob
2018 3980 2327 4035 confectam
2358 3982 2686 4050 legationem
2719 3984 3070 4038 consulatum
3109 3984 3342 4050 accepit.
3372 3981 3500 4035 Fuit

1918 4059 1971 4104 et
2002 4051 2139 4104 alter
2169 4050 2318 4102 Salia
2346 4065 2532 4103 comes
2561 4053 2943 4105 thesaurorum
2969 4052 3085 4104 'snb
3125 4050 3350 4106 Valente
3384 4053 3500 4104 Au-

1920 4128 2118 4190 gusto,
2145 4126 2210 4190 ut
2243 4119 2436 4190 scribit
2468 4117 2822 4175 Marcellinus
2855 4121 2906 4190 in
2939 4121 3034 4175 lib.
3065 4135 3213 4173 xxix.

2003 4189 2064 4242 Ὀ
2097 4179 2214 4242 ἐῶν
2241 4187 2474 4241 ὠδίνων
2512 4190 2812 4254 κοινωνός.
2857 4179 3190 4258 lnterpretes
3224 4189 3495 4258 collegam

1919 4269 1974 4315 et
2007 4274 2268 4314 curarum
2304 4258 2624 4328 participem
2659 4260 2729 4315 iis
2759 4259 2942 4314 verbis
2973 4259 3272 4328 signiﬁcari
3307 4262 3503 4315 ckisti-

1920 4338 2164 4385 marunt.
2197 4329 2308 4398 Ego
2329 4344 2474 4400 vero
2507 4330 2729 4384 fratrem
2765 4331 2946 4399 potius
2977 4329 3207 4400 intelligi
3245 4331 3500 4385 credide-

1919 4403 2046 4456 rim.
2100 4403 2280 4470 Atque
2327 4399 2400 4454 ita
2453 4402 2598 4470 cepit
2644 4401 2996 4455 Camerarius
3029 4400 3120 4469 qui
3164 4399 3244 4454 Sic
3281 4401 3492 4455 vertit:

1918 4470 2211 4525 Pollicetur
2243 4471 2514 4539 [acturum
2547 4487 2601 4525 se
2634 4472 2813 4525 ontnia
2855 4487 2972 4541 quia
3006 4471 3158 4525 vellet
3193 4472 3369 4525 socius
3403 4472 3501 4524 do-

1922 4542 2112 4612 loriﬁci
2141 4552 2325 4608 partus
2351 4557 2503 4612 suus.
2536 4542 2666 4607 Quae
2697 4542 3079 4610 interpretatio
3111 4542 3342 4596 barbara
3373 4545 3501 4612 qni-

1919 4610 2042 4666 dem
2077 4620 2158 4666 est
2191 4621 2240 4666 et
2272 4610 2495 4682 indigna
2529 4612 2880 4674 Camerario.
2916 4612 3036 4682 vigo
3068 4612 3248 4682 Latini
3288 4610 3502 4665 sermn-

1919 4683 2010 4736 nis
2061 4681 2444 4748 peritissimo:
2495 4697 2716 4738 sensum
2753 4689 2937 4737 tamen
2979 4681 3311 4737 Theodoreti
3351 4690 3500 4736 recte

1919 4753 2199 4823 exprimit.
2255 4750 2486 4823 PrOprie
2542 4753 2764 4823 quidem
2813 4752 3066 4823 κοινωνὸς
3117 4752 3226 4805 τῶν
3273 4751 3499 4806 ὠδίνων.

1919 4821 2144 4892 Fratres
2179 4821 2428 4889 geminos
2465 4821 2774 4892 signiﬁcat,
2805 4823 2895 4892 qui
2935 4822 3127 4878 eodem
3167 4831 3328 4892 partu
3370 4836 3502 4876 sunt

1919 4891 2080 4946 editi.
2124 4891 2304 4947 Potest
2353 4891 2537 4946 tamen
2582 4891 3002 4948 extendietiain
3045 4893 3108 4945 ad
3153 4891 3348 4948 fratres
3389 4907 3499 4946 non

1919 4964 2169 5034 geminos
2191 5003 2206 5028 ,
2234 4963 2326 5032 qui
2354 4978 2419 5018 ex
2447 4963 2638 5018 eodem
2676 4973 2831 5017 utero
2863 4971 2994 5018 sunt
3026 4963 3179 5018 editi.

2511 5074 2576 5129 In
2614 5087 2768 5145 caput
2809 5075 2914 5130 IX.

1995 5164 2125 5223 PAG.
2169 5167 2255 5222 84.
2304 5168 2379 5222 Τὰ
2430 5169 2578 5222 κατὰ
2633 5169 2751 5223 τῶν
2799 5169 3063 5236 ἀρίστων
3124 5170 3500 5237 παρανόμως.

1923 5236 2080 5292 llunc
2123 5239 2304 5293 locum
2345 5242 2559 5294 restitui
2601 5255 2666 5294 ex
2711 5241 3088 5307 manuscripto
3127 5236 3317 5294 codice
3358 5239 3504 5292 Hen-

1922 5309 2021 5378 rici
2058 5308 2286 5374 Savilii,
2340 5309 2395 5362 in
2435 5324 2546 5377 quo
2587 5311 2785 5378 legitur
2819 5309 2902 5378 ea
2946 5310 3088 5362 κατὰ
3136 5309 3245 5362 τῶν
3297 5308 3500 5362 ἀστῶν.

1920 5376 2188 5450 Optime,
2210 5393 2330 5433 meo
2364 5376 2586 5448 quidem
2619 5376 2848 5448 judicio.
2885 5377 3000 5432 Vox
3036 5379 3276 5450 ἀρίστων
3307 5395 3374 5434 ex
3407 5395 3502 5432 su-

1921 5449 2153 5520 periore,
2181 5449 2321 5520 linea
2367 5464 2656 5520 perperam
2707 5451 2936 5520 repetita
2979 5457 3064 5504 est
3084 5449 3104 5512 ⁷,
3146 5465 3246 5505 nec
3277 5465 3501 5504 sensum

1923 5519 2092 5590 ullum
2143 5519 2325 5574 habet.
2382 5519 2438 5573 ln
2493 5523 2665 5575 altero
2713 5519 2903 5574 codice
2956 5520 3108 5590 regio
3160 5535 3226 5590 ex
3262 5535 3372 5590 qn_o
3408 5535 3504 5590 νει·-

1925 5589 2130 5662 riautes
2163 5589 2426 5646 lectiones
2458 5590 2774 5662 Stephanus
2806 5584 3140 5661 exscripsit,
3162 5584 3373 5654 τῶνέἷς
3394 5589 3503 5644 τῶν

1924 5658 2126 5728 legitur
2155 5669 2435 5728 corrupte.

1999 5727 2133 5783 PAG.
2175 5729 2264 5784 85.
2312 5727 2457 5796 Τοὺς
2487 5731 2874 5799 παρανόμους
2903 5729 3193 5796 δικαστὰς
3233 5729 3506 5799 ἔσεσθαι.

1932 5797 2089 5854 llunc
2119 5800 2299 5855 locum
2328 5797 2617 5858 emendavi
2649 5797 2882 5858 exinss.
2914 5801 3204 5858 codicibus
3236 5798 3432 5855 Savilii
3460 5806 3515 5850 et
