3898 6196
206 271 352 341 1565

203 390 350 442 enim
368 387 630 454 baptizati
642 386 941 447 sancti.etc.
957 384 1090 440 Nam
1107 385 1440 456 τελεωθῆναι
1458 395 1542 442 est
1559 385 1807 455 baptiza-

208 464 280 528 ri,
316 468 378 512 ut
397 461 582 513 monui
607 459 660 513 in
679 457 1146 528 Adnotationibus
1173 456 1517 519 Eusebianis,
1542 456 1806 525 pag.'255.

294 528 562 594 Ἀδόλως
584 527 1018 598 γινωσκομένη.
1044 527 1278 581 Primam
1312 542 1500 581 vocem
1531 527 1810 583 Geneven-

205 616 298 656 ses
333 599 658 670 typographi
695 599 1116 670 adjeceruntlex‘
1159 598 1646 667 Cbristopborsoni
1683 612 1807 650 ver-

203 667 374 724 sione
401 667 727 725 et'exilibro
752 667 1060 724 Athanasii.
1102 667 1156 721 In
1198 671 1415 722 cunctis
1475 678 1656 722 tamen
1709 682 1808 720 no-

204 743 342 796 stris
373 741 779 808 exemplaribus
846 755 956 794 non
1021 739 1287 804 habetur,
1319 755 1420 794 nec
1451 741 1507 793 in
1556 737 1806 792 versione

205 811 507 880 Epiphanii
535 809 886 865 Scholastici.

285 880 457 947 Τινὲς
496 882 612 950 μὲν
649 882 846 948 αὐτὴν
880 880 1002 948 τὴν
1043 879 1112 932 ἐν
1160 881 1398 946 Νικαίᾳ.
1461 879 1518 932 in
1569 879 1806 948 vulgatis

209 952 508 1008 Athanasii
541 953 876 1007 editionibus
916 951 1001 1004 hic
1027 951 1181 1004 locus
1223 951 1380 1004 aliter
1415 950 1614 1018 legitur
1656 968 1668 1003 :
1708 950 1802 1004 sed

204 1041 273 1079 ex
318 1021 674 1077 Theodoreto
702 1020 1079 1076 emendandus
1111 1029 1214 1074 est.
1255 1019 1373 1075 Duo
1411 1022 1556 1074 enim
1602 1035 1804 1087 genera

205 1096 549 1149 Arianorum
609 1094 699 1146 hic
757 1090 1076 1161 perstringit
1135 1091 1506 1153 Athanasius,
1568 1105 1801 1161 quorum

207 1164 308 1217 alii
349 1179 541 1219 vocem
590 1158 876 1233 opoobstov
939 1158 1158 1231 penitus
1211 1161 1558 1233 rejiciebant,
1603 1158 1801 1233 Filium

209 1234 308 1288 Dei
346 1251 415 1289 ex
449 1231 896 1289 nihilo‘creatum
933 1239 1292 1299 asserentes;
1329 1232 1420 1284 alii
1454 1246 1580 1285 vero
1608 1231 1806 1283 admit-

205 1306 407 1359 tebant
449 1305 664 1369 quidem
707 1304 768 1356 τὸ
817 1302 1126 1373 ὁμτοούσιον,
1165 1303 1258 1356 sed
1305 1316 1590 1373 perperam
1635 1302 1806 1354 inter-

205 1378 598 1443 pretabantur,
661 1389 764 1429 nec
822 1369 1088 1442 Spiritum
1147 1369 1419 1443 sanctum"
1461 1369 1806 1443 Deum_esse

207 1439 516 1500 credebant
573 1439 591 1499 ξ
651 1439 959 1512 cujusmodi
1011 1451 1171 1497 erant
1216 1441 1619 1496 Macedoniam.
1653 1439 1799 1512 Idem

206 1523 456 1570 testatur
481 1511 780 1585 Gregorius
810 1513 1190 1568 Nazianzenus
1216 1513 1268 1567 in
1294 1511 1798 1585 orationelunebri

209 1585 281 1638 de
343 1581 615 1640 laudibus
651 1585 958 1646 Athanasii,
1023 1585 1258 1653 loquens
1316 1584 1385 1638 de
1437 1582 1622 1638 libello
1677 1581 1800 1636 fidei

209 1671 380 1725 quem
414 1657 632 1722 scripsit
671 1656 735 1709 ad
770 1654 1057 1725 Jovianum
1090 1656 1230 1724 Aug.

287 1725 420 1780 PAG.
479 1725 600 1780 154.
649 1724 796 1779 Ὑπὸ
861 1722 1228 1793 τριακοσίωὶ·
1287 1723 1434 1778 δέκα
1490 1722 1588 1776 καὶ
1649 1722 1804 1776 ὀκτὼ

207 1796 586 1850 ἐπισκόπων.
624 1797 680 1851 in
711 1797 947 1865 vulgatis
993 1795 1334 1850 editionibus
1360 1793 1648 1848 Athanasii
1701 1809 1803 1846 nu-

213 1882 406 1936 merus
449 1868 836 1936 episcoporum
888 1881 996 1920 non
1043 1866 1295 1921 habetur.
1343 1865 1502 1920 Certe
1535 1878 1802 1936 numerus

209 1935 310 1991 ille
351 1935 716 1992 trecentorum
769 1938 956 1991 decem
1011 1944 1066 1990 et
1122 1944 1250 1991 octo
1285 1937 1670 2005 episcoporum
1706 1935 1798 2002 qui

208 2005 408 2061 Nicaeae
453 2008 506 2061 in
570 2023 736 2062 unum
796 2017 1190 2070 convenerunt,
1246 2007 1374 2060 licet
1432 2008 1502 2060 ab
1552 2005 1801 2072 antiquis

207 2075 472 2132 Patribus
528 2079 761 2133 traditus
815 2077 1158 2146 reperiatur,
1230 2076 1373 2146 apud
1431 2075 1798 2146 Athanasium

207 2157 420 2218 turben,
461 2147 506 2202 si
555 2149 691 2204 bene
726 2144 968 2218 memini,
1007 2144 1278 2218 nusquam
1327 2148 1540 2218 integer
1560 2144 1797 2218 _l_egitur.

207 2215 349 2271 Nam
384 2219 436 2271 in
469 2219 696 2286 cpistola
724 2219 789 2271 ad
823 2213 1146 2282 Solitarios,
1163 2233 1282 2288 pag.
1317 2213 1532 2276 85Lait
1560 2213 1797 2269 Nicaeam

209 2288 539 2344 convenisse
564 2289 850 2360 episcopos
882 2289 1002 2358 plus
1025 2289 1208 2344 minus
1234 2296 1534 2344 trecentos.

807 2403 873 2458 In
909 2414 1068 2475 caput
1103 2403 1211 2458 IV.

281 2496 418 2553 Ριισ.
453 2497 593 2570 155η
621 2497 1024 2570 Ἐὅεϐαίωσεν.
1066 2497 1310 2554 Pessime
1339 2497 1798 2570 CltristOphorso-

201 2583 320 2622 aus
381 2569 528 2623 hunc
582 2568 764 2622 locum
831 2569 1222 2638 interpretatus
1277 2576 1362 2624 est
1419 2569 1521 2622 hoc
1566 2568 1736 2623 modo
1781 2588 1793 2624 :

197 2639 454 2708 Cogni:io
495 2638 836 2707 imperatoris
873 2655 1030 2708 quam
1061 2639 1126 2692 de
1159 2639 1316 2693 rebus
1346 2639 1540 2708 divinis
1583 2639 1799 2694 imbibe-

197 2707 318 2762 ναι.
343 2707 506 2778 Atqui
532 2724 639 2762 non
664 2709 768 2763 hoc
789 2707 926 2762 dicit
955 2708 1366 2774 Theodoretus;
1390 2709 1485 2764 sed
1509 2707 1796 2764 Jovianum

198 2779 772 2850 acceptisAthanasii
815 2779 1033 2850 litteris,
1081 2779 1252 2850 legem
1322 2781 1516 2835 tulisse
1566 2796 1672 2850 qua
1701 2778 1797 2834 Ni-

195 2864 365 2902 czena
407 2849 540 2904 fides
569 2848 1016 2904 confirmabatur.
1061 2848 1298 2915 Si_quis_
1345 2858 1528 2904 tamen
1570 2848 1794 2906 Sensum

193 2919 695 2992 Cls'ristopliorsoni
749 2919 904 2992 sequi
957 2920 1234 2992 maluerit,
1291 2935 1402 2974 non
1458 2936 1794 2992 magnopere

197 2987 531 3062 repugnabo
567 3009 580 3043 ε
618 2989 918 3062 praesertim
941 3004 1066 3062 cum
1101 2987 1363 3062 Jo‘viainus
1390 2987 1792 3062 nullramile’gem

197 3061 405 3131 tulerit
451 3058 519 3114 de
579 3059 1025 3131 religion_e.__sed
1079 3059 1385 3131 unicuique
1427 3061 1643 3131 colendi
1679 3058 1792 3131 ‘pro

197 3130 444 3184 arbitrio
471 3145 573 3200 suo
603 3129 844 3200 numinis
875 3129 1098 3185 liberam
1131 3130 1415 3200 reliquerit
1448 3129 1788 3199 facultatem,

199 3209 266 3255 ιιι
307 3200 464 3254 docet
495 3198 833 3255 Tliemistius
863 3200 916 3253 in
946 3201 1196 3256 oratione
1221 3198 1285 3254 ad
1313 3199 1625 3256 Jovianum.

283 3270 388 3325 Kal
439 3272 630 3339 νόμον
683 3269 890 3337 ἕτερον
933 3269 1181 3338 enorme.
1234 3270 1362 3326 llrec
1409 3278 1495 3326 est
1549 3273 1792 3328 secunda

198 3341 533 3396 constitutio
555 3339 892 3412 Jovianipro
919 3341 1211 3395 Ecclesiis.
1248 3340 1431 3395 Prima
1469 3343 1616 3397 enim
1665 3344 1788 3412 ejus

201 3412 530 3481 constitutio
563 3411 740 3465 fuerat
767 3411 834 3466 de
867 3413 1140 3481 episcopis
1183 3413 1250 3464 ab
1270 3412 1470 3466 exsilio
1523 3411 1791 3468 revocan-

202 3481 317 3542 dis,
363 3480 518 3554 etin
555 3480 912 3554 sedessuas
947 3481 1328 3552 restituendis,
1379 3491 1440 3537 ut
1487 3482 1690 3554 legitur
1735 3485 1792 3539 in

202 3566 328 3620 cap.
366 3551 402 3604 2
430 3551 592 3620 hujus
628 3551 772 3606 libri.

286 3621 354 3694 Td
387 3619 784 3694 tpttnpdptgr.
811 3619 916 3694 Hic
947 3621 1105 3676 locus
1133 3637 1300 3694 prava
1343 3623 1792 3694 interpunctioue

204 3691 551 3766 deformatus
569 3698 674 3766 est.
697 3689 786 3766 Sic
810 3691 972 3766 igitur
997 3709 1120 3746 eum
1138 3689 1592 3766 distinguendum
1615 3704 1749 3766 puto
1775 3716 1789 3750 :

203 3762 318 3825 Τὰς
373 3762 669 3832 εἰσφορὰς,
725 3761 825 3830 τῆς
879 3763 1290 3815 Κωνσταντίνου
1325 3761 1669 3832 ’συντάξεώς
1731 3766 1792 3819 τὸ

205 3833 583 3907 τριτη-μόριᾳν,
614 3839 941 3907 etc.,_qu_am
985 3833 1397 3890 distinctionem
1435 3836 1554 3907 ipse
1587 3835 1792 3894 confir-

205 3911 320 3958 mat
346 3903 722 3959 'l‘heodoretus
756 3903 810 3959 in
846 3903 941 3958 lib.
978 3919 1016 3970 ι,
1050 3918 1169 3974 cap.
1201 3919 1260 3963 ιι.

809 4015 876 4069 In
920 4027 1076 4085 caput
1127 4016 1212 4071 V.‘

275 4107 409 4162 Ριῦ.
445 4107 564 4162 156.
611 4108 942 4170 Αὺξεντίου
971 4109 1104 4175 γάρ.
1145 4108 1364 4162 Nullum
1403 4107 1495 4162 hic
1536 4107 1790 4165 ordinem

205 4179 515 4247 temportlln
575 4185 757 4232 servat
807 4176 1209 4247 Tliemloretus,
1267 4192 1393 4232 nam
1453 4193 1577 4232 cum
1632 4195 1720 4235 res
1763 4196 1794 4234 a

205 4245 598 4320 Valentiniano
636 4247 777 4316 Aug.
801 4247 856 4300 in
881 4245 1125 4320 Ecclesia
1158 4255 1344 4318 gestas
1375 4247 1560 4305 dicere
1602 4266 1792 4320 aggre-

202 4318 408 4381 diatur,
467 4319 560 4388 qui
621 4332 848 4387 regnare
901 4317 1072 4387 coepit
1139 4317 1287 4372 anno
1353 4319 1552 4374 natalis
1605 4317 1792 4374 Domi-

204 4389 317 4443 nici
349 4389 474 4453 564,
519 4389 588 4443 ab
635 4388 889 4442 Auxentii
935 4398 1111 4443 morte
1144 4399 1197 4444 et
1235 4389 1515 4444 Ambrosii
1563 4391 1791 4445 ordina-

204 4461 358 4514 tione
387 4475 480 4514 eas
515 4458 750 4520 orditur.
785 4475 907 4527 quae
940 4458 1081 4513 facta
1115 4468 1198 4514 est
1246 4475 1392 4514 anno
1429 4458 1633 4516 Christi
1685 4460 1792 4514 374

201 4531 415 4602 decem
451 4530 612 4602 annis
663 4529 890 4600 integris
944 4539 1067 4599 post
1103 4529 1392 4585 exordium
1442 4531 1788 4602 principatus

205 4598 594 4655 Valentiniani.

287 4671 605 4740 Ἠμετέρίις
670 4670 1094 4738 ὐποκλίνωμεν
1154 4670 1448 4739 κεφαλάς.
1523 4670 1789 4728 Solebant

203 4741 334 4812 olim
379 4741 668 4796 christiani
711 4742 1132 4812 occurrentibus
1162 4743 1436 4812 episc0pis
1470 4755 1632 4812 caput
1660 4743 1788 4797 sub-

206 4811 447 4872 mittere.
479 4818 539 4864 ιιι
569 4813 636 4864 ab
678 4812 744 4866 iis
770 4811 1207 4866 benedictionem
1246 4811 1579 4880 acciperent.
1616 4813 1790 4881 Cujus

206 4881 376 4951 moris
405 4882 573 4934 multa
601 4892 901 4951 supersunt
925 4883 1154 4951 vestigia
1195 4883 1248 4936 in
1303 4888 1551 4937 veterum
1607 4883 1787 4938 libris.

207 4949 392 5004 Primo
423 4953 568 5004 enim
603 4949 843 5006 Hilarius
890 4952 943 5005 in
985 4949 1126 5005 libro
1157 4962 1350 5006 contra
1397 4951 1786 5009 Constantium

206 5023 277 5091 ita
339 5021 534 5077 scribit
592 5040 604 5076 :
667 5021 861 5076 Oscula
916 5022 1211 5077 sacerdotes
1265 5024 1487 5090 excipis,
1565 5041 1668 5091 quo
1740 5033 1789 5077 et

205 5090 452 5146 Christus
479 5101 557 5145 est
593 5093 880 5160 proditus:
912 5101 1068 5159 caput
1111 5094 1460 5148 benedictioni
1491 5090 1786 5152 submittis.

202 5171 258 5213 ut
292 5161 447 5230 ﬁdem
481 5162 671 5228 calces.
708 5161 953 5217 Convivia
985 5162 1245 5232 dignaris,
1275 5179 1340 5216 ea:
1370 5181 1470 5231 quo
1512 5163 1689 5218 Judas
1719 5163 1788 5217 ad

199 5232 557 5302 proditionem
585 5249 825 5302 egressus
865 5243 963 5287 est.
997 5232 1222 5288 Censum
1263 5237 1496 5300 capitum
1533 5236 1786 5297 remittis,

202 5319 352 5369 quem
387 5301 629 5356 Christus
666 5320 726 5356 ne
749 5304 1003 5358 seandalo
1033 5314 1186 5365 esset,
1222 5305 1463 5359 exsolvit.
1492 5303 1792 5358 Philostor-

204 5373 328 5438 gius
362 5372 415 5426 in
448 5373 692 5426 Historia
717 5373 1078 5427 ecclesiastica
1113 5375 1306 5429 scribit
1336 5374 1628 5428 Leontium
1669 5374 1786 5435 Tri-

207 5443 397 5513 poleos
419 5444 738 5512 episcopum
769 5460 889 5495 cum
923 5445 1120 5513 reliqui
1153 5460 1344 5500 omnes
1387 5445 1634 5513 episcopi
1675 5443 1789 5498 En-

208 5511 415 5566 scbiam
449 5511 770 5583 AuguStam,
797 5529 1023 5568 uxorem
1047 5511 1432 5582 imperatoris
1450 5511 1783 5578 Constantii,

209 5583 453 5654 adirent,
509 5598 742 5653 eamque
797 5599 862 5639 ex
919 5599 1068 5638 more
1126 5584 1458 5650 adorarent,
1503 5601 1785 5654 nunquam

209 5653 409 5708 adduci
457 5655 700 5721 potuisse
748 5663 806 5708 ut
847 5669 967 5707 eam
1024 5654 1307 5716 inviseret,
1349 5655 1453 5707 nisi
1497 5669 1561 5708 ea
1594 5653 1787 5710 cendi-

210 5723 360 5782 tiottc
386 5731 441 5777 ut
470 5722 712 5793 Augusta
747 5724 982 5780 venienti
1025 5724 1126 5796 ipsi
1161 5733 1498 5795 assurgeret,
1529 5736 1580 5782 ct
1619 5736 1782 5798 caput

1206 275 1289 337 IN
1318 273 1703 336 TEIIODOR.
1732 273 1914 334 HIST
1978 274 2182 337 ECCL.
2213 277 2362 337 LIB.
2387 279 2483 340 IV.

3367 277 3493 342 1366

1911 386 2280 447 submitteret.
2308 389 2594 456 postulans
2617 396 2676 442 ut
2701 388 3136 445 benediceretur.
3158 388 3336 446 Verba
3369 387 3486 444 Phi-

1913 457 2349 529 lostorgiirelert
2384 457 2585 514 Suidas
2623 460 2676 514 in
2713 459 2960 514 Leontio.
2996 459 3185 513 Simile
3217 469 3299 514 est
3339 461 3486 529 quod

1911 528 2104 601 scribit
2126 527 2344 601 Marcus
2373 529 2646 601 diaconus
2678 531 2730 583 in
2764 529 2886 584 Vita
2907 531 3197 601 Porphyrii
3229 527 3499 586 Gazénsis

1908 597 2173 671 episcopi.
2229 597 2529 653 Eudoxiam
2566 603 2868 667 Augustam
2931 597 3065 671 ipsis
3097 597 3175 655 'in
3220 601 3487 654 Palatium

1907 669 2255 741 venientibus
2281 684 2386 721 non
2421 674 2588 724 semel
2619 669 2961 730 occurrisse.
2993 681 3047 726 et
3073 671 3309 741 priorem
3343 673 3492 740 ipsos

1909 739 2204 802 salutasse,
2239 747 2406 808 atque
2451 747 2510 792 ut
2539 739 3086 808 sederent‘jussisse.
3135 748 3190 794 rt
3229 739 3493 795 inclinato

1811 834 1813 836 ·
1907 810 2086 878 capite
2126 810 2436 880 postulasse
2472 817 2530 861 ut
2558 811 2967 872 benedicerent.
2995 810 3138 866 Idem
3173 827 3394 880 quoque
3424 813 3490 866 de
3547 853 3550 858 .

1907 880 2094 932 eadem
2154 879 2400 947 Augusta
2455 888 2690 934 testatur
2752 881 3095 936 Sozomenus
3137 879 3200 935 in
3238 879 3329 935 libi.
3367 895 3488 946 vm,

1907 964 2030 1017 cap.
2084 950 2172 1014 is,
2224 952 2316 1004 ubi
2366 951 2433 1003 de
2483 951 2778 1005 Ammonio
2829 953 3072 1019 loquitur
3118 964 3170 1005 et
3225 951 3490 1006 fratribus

1907 1019 2194 1090 monachis
2261 1021 2352 1090 qui
2413 1018 2586 1090 Longi
2643 1020 2985 1076 dicebantur.
3055 1023 3367 1083 Palladius.
3432 1024 3486 1076 in

1907 1089 2128 1163 dialogo
2177 1090 2244 1163 de
2282 1089 2430 1163 Vita
2461 1089 2692 1144 Joannis
2738 1090 3123 1163 Cbrysostomi
3173 1095 3262 1146 ubi
3309 1092 3376 1163 de
3423 1109 3488 1147 eo

1907 1159 2236 1233 loquiturjn
2278 1160 2531 1233 exsilium
2569 1159 2970 1233 prolicisce'nte,
3004 1163 3081 1217 ait
3115 1162 3264 1214 illum
3302 1161 3488 1233 Olymo

1908 1229 2052 1301 piadi
2079 1239 2133 1286 et
2166 1230 2440 1286 Pentadio;
2469 1248 2533 1286 ae
2564 1232 2798 1286 Salvinae
2829 1233 3055 1295 dixisse,
3091 1240 3150 1286 ut
3172 1229 3488 1301 quicunque

1908 1299 2028 1354 sine
2060 1301 2267 1354 ambitu
2303 1301 2942 1372 eligereturepiscopus,
2967 1305 3016 1358 ei
3050 1299 3228 1372 capita
3256 1299 3488 1358 submit-

1911 1378 2091 1442 tcrent
2116 1371 2342 1440 perinde
2373 1373 2586 1442 aeipsi.
2614 1371 2778 1428 Nefas
2812 1374 2899 1428 hic
2931 1371 3171 1428 arbitror
3211 1374 3488 1442 praeterire

1906 1440 2175 1514 insignem
2207 1442 2384 1496 locum
2417 1440 2646 1497 Joannis
2674 1442 3052 1514 Chrysostomi
3077 1461 3141 1497 ex
3179 1440 3400 1498 humilia
3428 1445 3482 1504 5.

1906 1511 1972 1564 ad
1990 1509 2256 1584 populum
2284 1513 2710 1576 Antiochenum,
2738 1509 2830 1569 ubi
2861 1515 2926 1569 de
2951 1515 3210 1569 Flaviano
3229 1517 3487 1584 episcopo

1908 1582 2002 1656 qui
2044 1582 2124 1656 _ad
2184 1583 2506 1656 comitatum
2562 1585 2828 1656 principis
2885 1582 3354 1656 profectuserat,
3409 1585 3484 1656 ita

1907 1651 2204 1725 loquitur;
2245 1653 2462 1723 ’Ἄρχων
2493 1651 2612 1708 ἐσέτι
2651 1651 2956 1719 καὶάὑτός.
2989 1655 3082 1708 καὶ
3112 1651 3293 1725 ἄχρων
3343 1655 3486 1708 ὲκεί-

1905 1739 1996 1798 you
2028 1723 2369 1798 σεμνρτερος.
2398 1725 2511 1798 Καὶ
2537 1725 2647 1796 γὰρ
2673 1726 2843 1798 αὐτὴν
2868 1728 2968 1798 τὴν
2997 1723 3288 1797 βασιλικὴν
3315 1743 3485 1798 κεφᾳ-

1905 1790 2007 1868 λὴιζ
2057 1795 2111 1868 οξ
2162 1790 2300 1868 ἱερά).
2353 1795 2506 1868 νόμοι
2550 1790 2684 1859 ⁷’πάϊς
2734 1790 2935 1850 Iob-too
2982 1790 3255 1868 γερέροντεξ
3298 1795 3486 1868 χερσὶν

1906 1863 2226 1937 ὑπέτᾳξενς
2263 1863 2580 1937 Dele-edem
2640 1881 2793 1922 more
2845 1863 3092 1937 loquitur
3131 1863 3330 1920 auctor
3364 1863 3487 1920 vitae

1906 1933 2081 2007 saneti
2108 1934 2380 2006 Fulgentii
2418 1955 2430 1990 :
2457 1937 2860 2007 'Altercantibus
2901 1933 3142 1992 onmibus
3167 1937 3281 2007 quis
3311 1937 3484 2005 primo

1904 2004 2164 2078 salutaret
2189 2004 2572 2078 agnoscendus,
2602 2009 2720 2078 quis
2757 2007 3079 2063 benedicenti
3106 2004 3259 2075 caput
3287 2004 3484 2076 suppo-

1906 2085 2069 2144 iteret.
2101 2074 2344 2144 Denique
2379 2074 2625 2132 incertus
2649 2087 2844 2132 auctor
2871 2079 3238 2144 Qutestiouum
3285 2074 3483 2132 Veteris

1902 2155 1951 2198 et
1985 2143 2125 2217 Novi
2163 2143 2507 2212 Testameuti,
2539 2158 2730 2217 quaest.
2767 2143 2901 2204 109.
2934 2150 3118 2204 Nostri
3165 2157 3346 2202 autem
3393 2163 3484 2202 sa-

1903 2215 2154 2288 cerdotes
2199 2233 2365 2285 super
2407 2215 2612 2274 multos
2642 2219 2890 2288 quotidie
2939 2235 3135 2273 nomen
3184 2219 3397 2272 Domini
3431 2225 3485 2271 ct

1902 2285 2069 2339 verba
2105 2287 2506 2358 benedictionis
2551 2285 2860 2357 imponunt.
2902 2290 3006 2344 Sed
3043 2290 3094 2342 in
3131 2291 3321 2358 paucis
3353 2287 3484 2342 ell‘e-

1903 2365 2026 2410 ctus
2054 2364 2158 2426 est.
2196 2356 2290 2412 Est
2333 2357 2532 2412 iterum
2593 2356 2810 2426 quando
2860 2356 3216 2414 meliores—se
3259 2359 3483 2412 benedi~

1903 2433 2054 2498 cunt.
2090 2425 2352 2498 Quamvis
2376 2427 2522 2481 enim
2551 2425 2676 2498 quis
2708 2437 2933 2484 sanctus
2965 2429 3275 2498 sit,cnrvat
3300 2436 3481 2498 tamen

1902 2497 2066 2565 caput
2097 2497 2163 2550 ad
2201 2496 2634 2552 benedictionem
2665 2498 3010 2554 sinuendam.
3054 2497 3338 2553 Postremo
3374 2496 3484 2550 llo-

1900 2571 2092 2623 norius
2145 2575 2200 2622 et
2249 2567 2668 2624 Valentinianus
2709 2570 2967 2637 Augusti,
3009 2569 3077 2624 de
3127 2569 3485 2623 accusatione

1898 2637 2165 2708 episcopi.
2211 2638 2513 2709 presbyteri
2557 2639 2640 2694 vel
2685 2639 2902 2694 diaconi
2943 2641 3014 2693 ita
3060 2640 3373 2695 rescribunt
3412 2639 3480 2692 ad

1898 2707 2101 2762 verum
2143 2707 2458 2780 praefectum
2502 2711 2794 2779 praetorio:
2827 2710 3092 2765 Audemus
3125 2712 3339 2780 quidem
3373 2725 3484 2763 ser-

1899 2793 2107 2852 monem
2132 2778 2312 2852 facere
2351 2778 2510 2852 solito
2532 2781 2650 2852 plus
2675 2782 2862 2835 timore
2899 2783 3062 2852 capti,
3097 2778 3160 2834 de
3204 2780 3404 2852 sanctis
3431 2789 3482 2834 et

1899 2848 2282 2902 uenerabilibus
2305 2851 2687 2916 sacerdotibus,
2721 2859 2771 2906 et
2801 2848 3046 2906 secundis
3087 2850 3479 2913 sacerdotibus,

1898 2919 1976 2972 vel
2008 2921 2170 2973 etiam
2197 2919 2436 2984 Levitis;
2459 2931 2507 2975 et
2532 2939 2620 2976 eos
2653 2939 2771 2975 cum
2803 2924 2948 2978 omni
2979 2923 3164 2977 timore
3205 2922 3481 2976 nominare

1896 2988 2084 3060 quibus
2111 2993 2282 3046 omnis
2309 2999 2452 3046 terra
2478 3002 2633 3061 caput
2657 2992 2905 3050 inclinat.

2450 3103 2516 3160 In
2545 3116 2704 3175 caput
2741 3104 2912 3162 VIII.

1970 3197 2100 3270 PAO.
2143 3198 2264 3253 158.
2294 3198 2740 3270 Ανὺτμοκράτορες
2767 3198 3060 3270 μέγιστοι.
3106 3197 3476 3270 Baroniusuin

1896 3269 2196 3323 Annalibus
2237 3268 2610 3324 ecclesiasticis
2646 3268 2788 3325 hanc
2831 3268 3120 3338 epistolam
3147 3287 3253 3324 non
3297 3285 3326 3323 a
3376 3268 3479 3324 Va-

1895 3339 2199 3394 lentiniano
2230 3339 2580 3407 imperatore,
2619 3349 2678 3395 ut
2710 3341 2904 3397 scribit
2937 3341 3340 3405 Thcodoretus,
3383 3339 3478 3396 sed

1895 3424 1924 3480 a
1974 3408 2746 3480 Valentepotiusust‘riptam
2796 3427 2921 3468 esse
2971 3412 3272 3476 existimat,
3335 3425 3482 3464 anno

1895 3479 2100 3536 Christi
2126 3477 2261 3539 565,7
2293 3494 2402 3548 quo
2431 3477 2850 3537 Valentinianus
2896 3491 2950 3537 et
2986 3481 3188 3536 Valens
3220 3481 3481 3536 consules

1900 3549 2072 3623 fuere.
2111 3548 2243 3616 Sed,
2276 3565 2410 3618 pace
2441 3549 2567 3623 ejus
2603 3551 2865 3611 dixerim.
2908 3553 3200 3623 dupliciter
3252 3551 3478 3623 fallitur,

1896 3628 2010 3675 tum
2051 3620 2105 3688 in
2129 3635 2294 3693 anno
2323 3635 2432 3693 quo
2463 3621 2668 3692 scripta
2709 3629 2794 3676 est
2843 3623 2955 3679 Iure
2979 3620 3234 3693 epistola.
3263 3629 3377 3693 tum
3423 3621 3478 3693 in

1894 3707 1962 3747 eo
1997 3690 2145 3763 quod
2175 3689 2392 3746 Valenti
2426 3707 2546 3746 eam
2579 3689 2848 3763 assignat.
2883 3689 3184 3763 Namicum
3221 3692 3286 3763 in
3317 3691 3478 3744 titulo

1895 3764 1990 3830 qui
2018 3761 2275 3832 epistolae
2299 3764 2558 3832 praillxus
2579 3771 2684 3827 est,
2702 3761 2830 3818 'una
2859 3781 2983 3820 cum
3018 3761 3404 3818 Valentiniano
3425 3770 3482 3816 et

1896 3831 2465 3904 ValenterGratianus
2505 3847 2726 3904 quoque
2770 3834 3052 3904 Augustus
3104 3841 3474 3904 nuncupetur,

1896 3905 2089 3974 procul
2121 3903 2287 3957 dubio
2313 3912 2439 3957 ante
2474 3903 2678 3958 annum
2714 3903 2917 3960 Christi
2951 3906 3074 3960 56⁸1.
3111 3904 3224 3958 hrec
3247 3903 3478 3972 epistola

1897 3974 2066 4028 scribi
2115 3987 2223 4024 non
2275 3974 2473 4042 potuit.
2517 3974 2594 4027 Eo
2641 3975 2786 4028 enim
2832 3991 2977 4028 anno
3017 3975 3319 4029 Gratianus
3359 3975 3476 4024 Au-

1899 4049 2096 4110 gustus
2143 4051 2496 4110 nuncupatus
2542 4051 2648 4102 est,
2704 4052 2764 4095 ut
2807 4053 3027 4098 constat
3087 4060 3154 4097 ex
3189 4043 3481 4094 Ammiano

1901 4105 2240 4172 Marcellino,
2277 4105 2426 4163 etvex
2459 4110 2638 4165 Fastis
2667 4111 2842 4173 ldatii,
2886 4113 3154 4180 Lupicino
3186 4121 3238 4165 et
3278 4110 3481 4164 Jovino

1899 4195 2048 4236 coss.
2098 4179 2430 4249 Argumenta
2469 4195 2602 4234 vero
2642 4181 2846 4249 quibus
2890 4179 3162 4236 Baronius
3199 4181 3389 4234 nititur
3422 4189 3481 4232 ut

1900 4250 2115 4305 Valenti
2151 4265 2272 4319 eam
2302 4249 2590 4319 epistolam
2627 4251 2892 4319 assignet,
2931 4250 3321 4306 refutationem
3366 4265 3476 4304 non

1899 4330 2200 4376 merentur.
2249 4317 2491 4375 Primum
2541 4321 2685 4375 enim
2736 4317 2833 4382 ait.
2886 4321 3130 4377 Valentis
3173 4337 3372 4376 nomen
3422 4321 3475 4374 in

1898 4393 2059 4446 titulo
2092 4391 2258 4459 hujus
2299 4389 2546 4463 epistola}
2597 4392 2880 4460 praeponi:
2917 4391 3064 4463 quod
3109 4399 3192 4447 est
3237 4391 3475 4463 falsissi-

1897 4479 2068 4525 mum,
2119 4468 2180 4515 ut
2233 4477 2297 4514 ex
2339 4459 2723 4517 ’Tlieodoreto’
2754 4459 2966 4522 nostro.
3015 4472 3068 4516 et
3114 4479 3178 4518 ex
3227 4462 3479 4516 versione

1895 4533 2186 4603 Epiphanii
2226 4530 2552 4587 Scliolastici
2583 4541 2830 4601 apparet.
2860 4533 3066 4589 Deinde
3106 4532 3254 4602 quod
3287 4533 3476 4603 aitres

1895 4601 2114 4658 Asinum
2165 4603 2474 4658 dioeceseos
2531 4603 2668 4656 nihil
2720 4603 2788 4657 ad
2854 4601 3296 4658 Valentinianum
3349 4601 3478 4656 atti-

1895 4675 2106 4736 nuisse,
2151 4689 2329 4743 neque
2375 4673 2426 4727 id
2460 4688 2646 4728 verum
2671 4681 2782 4743 est.
2821 4675 3038 4730 Etenim
3081 4690 3147 4729 ex
3186 4674 3478 4727 Ammiano

1896 4745 2214 4799 Marcellino
2245 4742 2248 4743 ⁷
2276 4743 2569 4798 didicimus
2590 4783 2604 4802 ,
2661 4742 3103 4800 Valentinianum
3170 4743 3477 4806 seniorem,

1896 4817 2024 4870 licet
2069 4814 2281 4869 Valenti
2329 4813 2485 4867 fratri
2534 4813 2782 4886 Qrientis
2825 4817 3130 4886 imperium
3168 4813 3474 4877 tribuisset,

1895 4894 2094 4939 cuncta
2121 4896 2299 4939 tamen
2339 4899 2438 4954 pro
2462 4883 2692 4939 arbitrio
2726 4901 2825 4941 suo
2851 4883 2975 4942 esse
3010 4884 3387 4949 moderatum;
3423 4891 3480 4938 et

1895 4955 2177 5010 Valentem
2235 4957 2410 5008 instar
2463 4956 2806 5025 apparitoris,
2861 4963 2919 5010 ut
2969 4954 3252 5025 Ammiani
3301 4955 3474 5025 nostri

1894 5027 2078 5081 verbis
2109 5037 2254 5096 utar,
2288 5026 2334 5078 ei
2372 5023 2704 5096 morigerum
2739 5041 2957 5095 semper
2988 5026 3182 5079 fuisse.
3231 5023 3477 5096 Denique

1893 5097 2040 5166 quod
2064 5095 2217 5150 addit
2243 5093 2540 5159 Baronius,
2581 5093 3026 5166 Valentinianum
3063 5104 3193 5166 tunc
3224 5093 3393 5166 fuisse
3420 5095 3474 5148 in

1895 5164 2111 5232 Galliis,
2148 5181 2256 5219 non
2301 5165 2586 5237 autemin
2632 5165 2866 5237 lllyrico,
2910 5165 3187 5237 fateorfid
3229 5164 3472 5237 quidem.

1893 5237 2080 5306 Neque
2119 5237 2266 5306 enim
2304 5233 2726 5290 Valentinianus
2771 5238 2978 5291 relictis
3019 5234 3309 5306 Galliiskin
3349 5233 3474 5306 illy-

1896 5303 2069 5362 ricum
2097 5305 2376 5375 profectus
2403 5315 2489 5360 est
2519 5307 2624 5360 nisi
2655 5323 2800 5360 anno
2828 5307 3028 5360 Christi
3057 5305 3182 5367 574,
3210 5303 3477 5360 Gratiano

1891 5387 1946 5433 et
1991 5377 2207 5446 Equitio
2251 5391 2422 5440 coss.,
2461 5385 2520 5429 ιιι
2570 5377 2730 5432 docet
2775 5377 2917 5430 idem
2963 5375 3332 5429 Marcellinus.
3370 5375 3480 5428 Sed

1895 5447 2031 5501 nihil
2069 5448 2276 5513 obstat,
2321 5447 2620 5516 quominus
2661 5449 2715 5500 in
2758 5447 2953 5501 Galliis
2995 5447 3232 5514 positus,
3270 5446 3477 5516 legatos

1893 5517 2217 5586 lllyriciame
2275 5514 2468 5587 synidi
2523 5517 2588 5570 ad
2641 5534 2700 5571 se
2755 5520 2958 5572 missos
3011 5517 3264 5571 audierit.
3305 5514 3477 5569 Porro

1896 5588 2060 5657 hujus
2096 5588 2343 5655 cpistola:
2377 5587 2742 5641 Valentiniani
2778 5587 2844 5641 ad
2875 5589 3166 5657 episcopos
3191 5587 3333 5641 Asia:
3362 5600 3474 5657 me-

1894 5652 2058 5711 minit
2087 5652 2250 5730 etiam
2273 5657 2638 5728 Tbc0phancs
2673 5658 2728 5713 in
2766 5652 3331 5730 Cliro'uico,'camquc
3361 5652 3476 5709 edi-

1900 5737 2041 5783 ctum
2071 5729 2324 5798 appellat.
