2013 3114
116 117 1735 156 W

650 265 1190 345 PRAEFATIO.
1238 384 1243 388 ἡ

142 539 291 570 anuam
305 543 356 570 ego
372 543 416 562 me
434 533 468 561 ad
482 533 616 562 edendam
632 533 754 568 aliquam
770 535 875 567 partem
892 536 1007 566 operum
1024 526 1192 556 Theodoreti
1217 526 1483 558 accommodassent,
1505 529 1536 553 ut
1557 525 1604 560 qui
1626 525 1742 553 minime

107 590 266 623 ignorarem
283 591 419 623 quantum
432 587 459 614 in
478 587 587 614 caeteris
604 586 734 621 partibus
753 583 888 614 Schulzii,
905 584 960 611 viri
979 583 1147 615 doctissimi,
1166 583 1309 618 diligentia
1322 582 1507 615 elaborasset,
1530 588 1671 616 quamque
1684 588 1741 608 non

107 641 185 669 modo
199 642 333 677 iniquum
347 641 394 673 sil,
406 640 453 668 sed
471 640 555 667 etiam
573 639 681 667 dimcile
701 640 728 666 in
744 639 850 666 alienos
864 637 974 664 labores
992 636 1085 663 studia
1099 634 1257 670 propellere
1273 642 1323 662 sua
1333 654 1340 668 ,
1355 634 1409 661 nisi
1420 633 1629 669 obsequendum
1643 632 1742 661 fuisset

109 693 202 722 studio
215 695 342 727 librarii,
353 694 400 722 cui
420 694 524 729 saepius
540 694 612 721 idem
626 693 759 728 ﬂagitanti
772 700 873 727 negare
885 689 1069 718 nihilominus
1086 687 1189 714 durum
1205 686 1352 714 videbatur
1373 693 1457 721 quam
1474 686 1527 721 ipsi
1543 684 1676 713 Schulzio
1691 684 1743 712 ali-

109 754 160 781 qua
175 747 273 774 oneris
291 751 372 782 parte
395 746 482 774 levari
497 747 633 781 cupienti.
653 745 702 773 lllo
718 745 828 781 quidem
849 749 976 780 tempore
999 743 1122 786 rationes
1139 741 1264 769 librariae
1285 741 1467 776 postulabant
1482 745 1524 773 ut,
1546 748 1602 775 quo
1621 739 1743 768 celerius

109 807 188 825 omne
200 798 256 826 hoc
271 805 345 834 opus
360 798 558 831 conﬁceretur,
575 798 640 825 bina
656 798 798 825 volumina
815 797 1040 831 excuderentur;
1054 804 1109 833 qua
1122 797 1150 824 in
1167 804 1196 824 re
1206 796 1260 824 etsi
1279 796 1377 823 multis
1393 795 1483 830 iisque
1495 795 1580 829 justis
1598 794 1632 822 de
1647 793 1741 822 causis

109 850 249 878 tentabant
266 851 319 878 hoc
331 850 467 886 quidquid
481 854 543 878 erat
563 850 656 878 oneris
677 849 785 877 amoliri
800 850 827 877 in
837 850 978 885 aliumque
994 859 1037 878 me
1051 851 1108 878 sive
1122 851 1274 878 doctiorem
1291 850 1349 878 sive
1365 850 1458 877 minus
1473 849 1637 885 impeditum
1652 847 1742 884 conji-

109 911 180 937 cere,
194 907 289 931 tamen
303 904 341 931 ita
355 904 476 931 instabat
486 904 632 937 librarius,
654 903 843 931 amicissimus
859 904 927 931 mihi
945 904 1105 939 optimeque
1121 904 1155 939 de
1166 911 1209 931 me
1225 903 1351 934 meritus,
1368 907 1397 930 ut
1409 903 1560 938 inciperem
1576 902 1677 934 vereri,
1694 909 1739 935 ne,

109 963 168 982 cum
194 964 327 991 negarent
347 956 421 990 justo
442 960 469 983 et
495 956 630 991 praeclara
647 955 765 991 petenti,
784 956 819 983 ab
840 962 873 983 eo
896 955 939 983 vel
962 956 1150 984 benivolentia
1175 957 1218 984 vel
1236 956 1359 984 studium
1386 955 1504 983 honesta
1528 955 1590 991 ejus
1613 955 1742 983 instituta

109 1008 263 1042 adjuvandi
287 1008 508 1036 desideraretur.
527 1008 665 1036 Consensi
692 1008 786 1043 igitur,
809 1012 847 1039 et,
866 1017 1026 1044 quanquam
1045 1013 1107 1044 post
1125 1009 1182 1036 haec
1200 1009 1246 1036 illa
1274 1009 1428 1037 necessitas
1452 1009 1545 1043 operis
1568 1007 1742 1035 accelerandi

108 1062 220 1089 sublata
241 1061 305 1094 fuit,
321 1070 471 1097 aggressus
487 1069 567 1095 sum;
585 1062 660 1096 quod
679 1069 733 1097 qua
751 1062 794 1089 via
812 1066 861 1089 aut
875 1063 982 1091 ratione
1001 1063 1123 1095 fecerim,
1149 1063 1261 1090 animus
1274 1066 1316 1090 est
1333 1063 1416 1097 paulo
1434 1062 1576 1097 copiosius
1588 1060 1740 1090 declarare.

143 1114 268 1142 Primum
291 1114 405 1149 quidem
429 1115 519 1142 locum
537 1114 591 1142 hoc
607 1115 636 1142 in
652 1115 795 1142 volumine
821 1119 897 1142 tenet
922 1116 1142 1144 commentarius
1166 1115 1331 1143 Theodoreti
1358 1115 1386 1141 in
1403 1121 1500 1141 omnes
1521 1113 1599 1141 Pauli
1623 1114 1742 1149 apostoli

109 1168 258 1203 Epistolas,
273 1167 529 1195 excellentissimus
546 1167 593 1195 ille
610 1167 733 1202 quidem,
755 1175 809 1202 quo
826 1168 865 1195 nil
881 1168 979 1196 melius
991 1171 1047 1195 tota
1064 1168 1217 1203 antiquitas
1235 1168 1318 1195 habet
1330 1171 1393 1202 post
1407 1167 1647 1202 Cbrysostomum,
1660 1173 1741 1201 quem

111 1221 152 1249 vel
166 1221 307 1249 brevitate
328 1221 416 1247 vincit
431 1225 458 1248 et
471 1220 594 1256 quodam
608 1221 686 1256 quasi
700 1221 823 1254 delectu,
842 1228 1002 1256 quanquam
1020 1221 1107 1248 multa
1131 1221 1165 1248 de
1182 1228 1233 1249 suo
1250 1219 1339 1254 addit,
1351 1220 1434 1256 digna
1452 1219 1578 1255 profecto
1597 1219 1741 1255 quardilio

114 1275 218 1312 gentius
241 1274 431 1302 excutiantur.
449 1273 542 1309 Neque
558 1274 643 1306 enim,
657 1274 681 1302 si
696 1281 711 1301 a
726 1273 845 1310 Gagnaeo
866 1273 969 1309 (Schol.
989 1275 1018 1301 in
1033 1282 1122 1301 omnes
1146 1274 1173 1301 ά.
1190 1273 1274 1300 Pauli
1292 1273 1391 1309 Epist.)
1410 1278 1437 1300 et
1459 1272 1634 1300 Bellosobrio
1649 1271 1740 1307 (οὐδε.

113 1330 173 1356 hist.
188 1329 248 1355 crit.
268 1332 293 1355 et
305 1327 401 1362 philos.
414 1328 440 1354 in
454 1326 490 1353 Ν.
506 1327 551 1363 Τ.)
568 1328 757 1361 discesserim,
770 1328 818 1364 qui
831 1328 957 1364 quaedam
969 1327 1002 1355 de
1015 1329 1113 1355 nostro
1128 1331 1259 1361 excerpta
1274 1326 1386 1358 dedere,
1402 1319 1568 1361 quemquam
1582 1329 1742 1353 nostrorum

110 1385 291 1419 interpretum
310 1382 440 1416 cognovi,
455 1382 502 1416 qui
523 1381 585 1416 ejus
609 1382 856 1417 interpretationes
875 1387 1026 1416 usurpasse
1044 1379 1197 1411 videretur,
1214 1382 1244 1405 ut
1266 1378 1309 1405 vel
1333 1378 1374 1406 sic
1399 1377 1515 1405 audeam
1532 1377 1678 1413 spondere,
1695 1377 1743 1412 qui

111 1437 174 1464 haec
188 1435 349 1463 Theodoreti
368 1435 480 1462 scholia
495 1434 643 1469 diligenter
670 1435 853 1466 contulerint,
871 1442 952 1469 quam
971 1433 1089 1469 plurima
1115 1436 1290 1468 reperturas,
1311 1439 1373 1466 qua:
1391 1439 1425 1459 ne
1445 1432 1474 1457 in
1494 1434 1612 1458 mentem
1631 1430 1742 1466 quidem

114 1489 243 1517 Veneriut
262 1477 443 1523 interpretum
463 1487 555 1522 vulgo.
583 1487 642 1514 3am
663 1487 689 1514 in
717 1487 778 1515 istis
802 1487 919 1515 scholiis
941 1486 1068 1519 edendis,
1087 1493 1148 1521 qute
1167 1486 1274 1520 primus
1292 1485 1387 1512 Graece
1412 1485 1566 1520 protulerat
1578 1484 1743 1512 Sirmondus

109 1540 206 1568 nescio
224 1548 279 1575 quo
299 1540 396 1567 codice
412 1547 480 1567 usus
494 1539 577 1574 (solet
593 1540 666 1566 enim
683 1539 713 1566 in
729 1539 770 1566 his
785 1539 869 1566 rebus
885 1538 1036 1566 narrandis
1055 1538 1238 1573 negligentior
1255 1538 1339 1574 esse),
1363 1537 1405 1565 usi
1423 1545 1520 1565 sumus
1538 1538 1649 1566 duobus
1663 1538 1738 1565 codi-

109 1592 199 1623 cibus,
214 1598 269 1618 uno
288 1591 462 1625 Augustano,
484 1590 572 1617 altero
585 1589 728 1617 Bavarico.
748 1590 794 1617 Ille
806 1590 928 1625 quidem,
945 1598 960 1617 a
974 1590 1106 1626 Bengelio
1119 1576 1228 1626 quoque
1240 1591 1268 1618 in
1283 1591 1318 1618 N.
1335 1590 1367 1618 T.
1386 1591 1511 1618 editione
1524 1591 1680 1624 adhibitus,
1694 1591 1742 1626 qui

109 1651 172 1671 eum
184 1643 379 1678 Augustanum
394 1643 522 1678 quintum
540 1643 701 1678 appellavit,
717 1647 745 1670 ut
757 1642 931 1670 Wetstenius
947 1629 1211 1679 quinquagesimum
1222 1647 1350 1678 quartum
1367 1643 1393 1670 in
1405 1642 1483 1670 Pauli
1496 1643 1643 1678 Epistolas,
1651 1651 1743 1671 mem-

109 1696 266 1723 branaceus
283 1700 324 1723 est
340 1695 553 1722 accuratissime
567 1695 701 1731 scriptus,
720 1700 914 1723 sexcentarum
934 1697 1001 1730 fere,
1017 1701 1047 1725 ut
1057 1697 1168 1731 opinor,
1184 1705 1333 1732 annorum,
1355 1697 1480 1732 ejusdem
1496 1697 1642 1733 scriptura:
1660 1706 1742 1734 quam

109 1748 266 1776 Bandinius
281 1755 369 1783 nuper
387 1748 432 1775 aeri
451 1747 633 1775 incidendam
645 1748 753 1775 curavit
765 1749 821 1775 tab.
839 1749 849 1775 ί
867 1749 990 1785 Catalogi
1006 1750 1084 1779 codd.
1098 1759 1162 1777 mss.
1176 1750 1306 1777 Biblioth.
1325 1749 1451 1777 Medicae:
1463 1749 1662 1783 Laurentium,
1677 1758 1744 1778 con-

109 1803 235 1838 tiuetque
251 1806 376 1829 catenam
394 1802 421 1828 in
438 1801 590 1836 Epistulam
612 1801 691 1828 Pauli
704 1802 737 1829 ad
750 1801 892 1830 Romanos
904 1802 968 1830 inde
986 1811 1000 1829 a
1026 1810 1107 1830 versu
1132 1803 1252 1838 septimo
1268 1803 1369 1838 capitis
1395 1803 1516 1838 septimi,
1535 1803 1712 1838 conjunclant
1728 1810 1745 1831 θ

109 1855 322 1883 commentariis
335 1853 556 1881 clarissimorum
574 1854 769 1888 interpretum,
782 1855 864 1881 etiam
884 1862 981 1882 eorum
996 1863 1114 1890 quorum
1130 1855 1285 1891 fragmenta
1307 1855 1433 1882 nondum
1456 1855 1531 1882 edita
1552 1856 1743 1890 reperiuntur,

111 1909 195 1936 veluti
212 1908 341 1944 Origenis
356 1912 384 1936 et
394 1907 532 1935 Theodori
550 1906 751 1942 Mopsuesteni,
768 1915 829 1942 qua
842 1907 987 1942 diligenter
1001 1907 1119 1936 describi
1137 1909 1311 1941 curavimus,
1329 1908 1437 1936 edenda
1454 1908 1594 1941 fortassis,
1612 1909 1635 1937 si
1646 1917 1744 1937 eorum

113 1960 226 1995 cupidos
242 1961 362 1988 lectores
378 1960 579 1987 invenerimus.
597 1959 628 1986 In
647 1959 690 1986 his
707 1959 793 1995 igitur
806 1967 867 1994 quae
882 1958 1048 1988 Theodoreti
1065 1961 1170 1989 scholia
1186 1961 1347 1995 exstabant,
1361 1968 1425 1988 cum
1444 1960 1643 1989 Sirmondiano
1667 1965 1743 1989 textu

110 2009 243 2042 accurate
258 2014 441 2046 contulimus,
460 2014 544 2041 nullis
563 2013 770 2048 praetermissis,
784 2013 839 2040 nisi
857 2021 918 2048 quae
932 2014 973 2041 vel
991 2022 1022 2042 ex
1041 2014 1103 2042 aliis
1119 2013 1287 2042 Theodoreti
1305 2013 1383 2042 libris
1399 2013 1484 2042 ducta
1504 2018 1599 2042 essent
1615 2015 1657 2043 vel
1675 2013 1744 2042 nihil

111 2067 285 2096 diversitatis
297 2068 323 2095 in
340 2066 460 2102 legendo
474 2066 613 2094 olTerrent.

142 2133 248 2161 Praeter
264 2133 348 2166 hunc,
361 2139 442 2167 quem
454 2133 618 2168 amplissimi
635 2136 747 2160 senatus
767 2133 927 2167 reipublicae
940 2135 1105 2169 Augustanae
1120 2135 1271 2164 liberalitas
1282 2135 1431 2168 concessit,
1445 2135 1528 2162 alium
1547 2135 1738 2170 usurpandum

110 2187 187 2215 misit
205 2187 238 2214 ad
249 2194 299 2214 nos
316 2194 331 2213 e
342 2186 509 2213 bibliotheca
529 2186 700 2213 serenissimi
717 2178 848 2214 electoris
860 2187 982 2215 Bavariae
996 2189 1152 2216 incredibili
1168 2189 1341 2216 humanitate
1359 2188 1611 2224 liheralissimoquc
1631 2189 1742 2224 ingenio

110 2241 153 2268 vir
171 2240 249 2268 Felix
271 2239 397 2267 Andreas
412 2238 557 2272 OElIelius,
580 2239 627 2267 isti
641 2239 816 2268 bibliotheca:
836 2241 992 2276 prafectus.
1011 2241 1062 2274 Qui
1081 2242 1160 2275 liber,
1175 2243 1227 2271 etsi
1251 2242 1372 2270 novitius
1384 2246 1437 2275 est,
1457 2242 1556 2270 similis
1575 2242 1646 2277 ejus,
1661 2249 1742 2277 quem

110 2295 139 2322 in
153 2294 321 2321 bibliotheca
337 2293 411 2328 regis
426 2292 552 2320 Franciae
567 2297 679 2321 exstare
695 2293 763 2321 dicit
781 2293 861 2321 Rich.
886 2294 981 2323 Simon
1002 2296 1087 2332 (Hist.
1109 2297 1171 2325 cri‘l.
1192 2297 1438 2324 Commentatorum
1453 2298 1480 2324 in
1505 2296 1542 2324 Ν.
1558 2297 1588 2324 T.
1609 2305 1635 2332 p.
1654 2297 1740 2333 525.),

110 2350 217 2377 seculo
238 2357 282 2376 xw
304 2349 429 2383 scriptus
451 2349 485 2376 ab
508 2349 619 2376 homine
639 2348 775 2380 Graeculo,
792 2349 864 2384 quod
880 2349 932 2376 nisi
953 2349 1011 2384 ipsa
1039 2357 1137 2377 manus
1154 2355 1180 2377 et
1204 2350 1311 2382 charta,
1327 2353 1402 2377 certe
1417 2350 1500 2377 verba
1512 2350 1684 2377 declararent
1701 2350 1742 2377 sic

110 2402 201 2436 posita
223 2401 259 2428 ad
279 2402 383 2428 calcem
405 2400 555 2428 voluminis
572 2410 578 2427 :
596 2401 678 2433 Τέλος
694 2400 790 2436 εἴληφε
805 2401 886 2437 τῆσδε

943 2411 953 2433 ς
973 2402 1064 2437 βίϐλου
1087 2401 1171 2438 ἄφμζ¹
1186 2403 1215 2429 ὲν
1232 2403 1296 2438 μηνὶ
1312 2402 1484 2438 φευρουαριῳ
1506 2401 1559 2428 κε’·
1579 2401 1648 2438 αὕτη
1666 2403 1682 2437 ἡ
1697 2401 1738 2437 βι-

109 2455 174 2486 ϐλος
186 2454 329 2490 ὲγεγρᾶφη
348 2454 392 2481 διὰ
402 2454 492 2490 χειρὸς
508 2453 574 2489 ὲμοῦ
584 2454 687 2490 Πέτρου
703 2454 861 2489 Καρνεάδου
873 2456 904 2481 ἐκ
918 2455 1022 2486 πόλεως
1043 2454 1206 2490 Ἐπιδαύρου
1218 2455 1268 2491 τὴν
1278 2455 1326 2483 νῦν
1340 2455 1580 2491 ἐπονομαζομένην
1597 2455 1742 2490 Μονεμσασ

110 2507 181 2539 σία-ιι,
199 2507 321 2541 itemque
337 2507 434 2533 multis
450 2507 549 2533 calami
563 2507 648 2539 vitiis,
666 2508 820 2542 praesertim
840 2508 933 2543 quoad
952 2508 1191 2543 orthographiam,
1208 2508 1244 2534 ita
1259 2508 1432 2543 inquinatus,
1453 2511 1483 2534 ut
1497 2515 1570 2542 stepe
1583 2507 1644 2535 sine
1658 2514 1742 2535 sensu

109 2560 196 2587 verba
213 2560 241 2586 in
261 2551 389 2587 chartam
406 2559 531 2595 conjecta
544 2565 710 2595 appareant;
731 2564 823 2588 tamen
840 2561 1017 2588 vehementer
1036 2560 1149 2595 profuit.
1166 2560 1235 2592 Nam
1253 2565 1280 2587 et
1297 2560 1422 2594 integros
1437 2558 1603 2587 continebat
1614 2558 1743 2586 Theodo-

107 2614 160 2641 reti
174 2613 391 2641 commentarios
407 2621 469 2640 cum
483 2614 579 2648 paucis
591 2614 708 2647 lacunis,
724 2618 749 2641 et
762 2615 900 2650 elegantes
915 2614 1048 2642 lectiones
1063 2613 1196 2642 olferebat
1211 2621 1266 2641 non
1282 2614 1363 2641 modo
1383 2613 1410 2640 iu
1434 2612 1501 2648 ipsis
1522 2611 1741 2644 commentariis,

105 2667 133 2694 iu
150 2667 257 2702 quibus
272 2674 329 2693 non
349 2673 415 2693 raro
431 2673 493 2693 cum
509 2665 620 2694 llerveti
639 2666 807 2694 lectionibus
829 2667 978 2699 consentit,
996 2666 1045 2695 sed
1057 2667 1139 2694 etiam
1161 2667 1190 2694 in
1204 2670 1280 2694 textu
1296 2665 1384 2699 Pauli,
1403 2664 1450 2701 qui
1470 2672 1542 2700 saepe
1556 2664 1694 2699 discrepat
1708 2663 1743 2690 ab

68 2724 80 2733 ·
109 2727 137 2746 eo
147 2727 235 2756 quem
255 2718 424 2746 Sirmondus
437 2718 534 2753 edidit,
550 2719 637 2746 multo
652 2719 736 2747 etiam
749 2720 837 2756 magis
854 2728 869 2747 a
887 2725 999 2756 recepta
1016 2721 1155 2754 lectione;
1170 2727 1199 2749 ut
1216 2721 1303 2749 lCor.
1317 2729 1345 2754 x,
1364 2721 1410 2754 55,
1428 2721 1455 2748 in
1471 2719 1646 2746 παντάπασιν
1657 2717 1742 2754 (quod

109 2773 187 2801 facile
201 2772 402 2809 praetulerim),
413 2772 435 2799 ll
446 2771 511 2800 Cor.
529 2779 559 2806 ιι,
571 2772 614 2805 10,
633 2773 679 2800 ubi
693 2773 739 2800 illa
758 2769 780 2807 ᾧ
793 2774 904 2810 κεχάρια

947 2783 960 2800 ηι
975 2774 1076 2802 absunt
1092 2778 1122 2801 ut
1140 2774 1255 2802 verbum
1268 2773 1426 2811 περισσεύει
1441 2781 1466 2801 c.
1483 2780 1524 2806 ut,
1537 2772 1564 2805 9,
1580 2776 1608 2800 et
1625 2772 1664 2802 si;
1679 2773 1742 2797 ante

100 2829 213 2859 πάντας
229 2827 310 2855 Rom.
333 2834 360 2858 ν,
382 2826 415 2852 12
436 2835 443 2853 :
465 2834 547 2862 quam
563 2827 779 2863 discrepantiam
793 2835 848 2856 non
870 2828 1030 2864 paenituerit
1055 2828 1152 2855 harum
1169 2835 1263 2856 rerum
1288 2828 1472 2864 intelligentes
1487 2833 1549 2854 cum
1573 2828 1739 2856 camerarum

268 2875 412 2903 PATROL.
438 2873 496 2904 Gn.
522 2875 671 2906 LXXXI].
1568 2872 1585 2901 ί

867 3018 1119 3079 Η.έῖἓό
