2013 3114
267 146 299 179 ιι
850 144 955 176 JOAN.
976 148 1063 178 AUG.
1087 148 1277 180 NOESSELT
1868 156 1896 190 12

267 201 417 227 lectionum
436 200 505 227 silva
521 199 695 234 contulisse;
725 207 836 236 operam
861 202 973 238 quidem
996 202 1123 231 dedimus
1143 211 1177 232 ne
1194 205 1344 241 quidquam
1375 212 1474 243 praeter
1498 209 1645 238 manifesta
1665 211 1804 242 scribendi
1829 215 1892 242 vitia

265 252 535 286 pnetermitteretur.

301 304 396 340 Neque
414 313 479 332 vero
495 305 679 340 negleximus,
699 314 761 341 quae
775 306 929 336 Gentianus
945 308 1079 336 llervetus
1098 309 1141 337 his
1159 313 1366 341 commentariis
1383 321 1398 340 a
1414 322 1444 342 se
1459 314 1556 343 Latine
1572 318 1715 345 conversis
1729 322 1811 354 atque
1829 319 1890 347 Flo-

263 358 359 384 rentia:
373 366 437 386 ann.
451 358 520 386 l552
537 358 618 386 editis
633 358 810 393 adjunxerat.
824 359 892 388 Nam
908 368 972 388 cum
986 361 1139 396 accepisset
1159 371 1174 390 a
1194 364 1323 393 Marcello
1346 366 1476 400 Cervino,
1494 368 1628 396 cardinali
1649 369 1759 398 Sanctae
1782 371 1889 404 Crucis,

263 411 360 437 horum
376 412 640 439 commentariorum
660 412 859 448 apographum,
876 413 1076 449 statuissetque
1089 415 1117 442 in
1131 420 1207 444 textu
1222 417 1298 445 Pauli
1313 420 1493 454 exprimendo
1504 422 1581 457 sequi
1599 424 1792 451 auctoritatem
1814 430 1888 454 vete-

260 463 298 490 ris
317 463 420 490 Latina:
442 464 681 499 interpretationis
698 473 704 490 :
724 465 948 500 quotiescunque
966 466 1085 494 vidisset
1097 469 1131 496 ab
1147 469 1193 497 illa
1213 470 1360 500 lectionem
1385 473 1553 502 Theodoreti
1573 475 1698 503 Graecam
1719 477 1887 513 discrepare,

259 514 292 540 ad
309 515 471 549 marginem,
487 523 542 550 quo
558 515 641 542 modo
657 516 808 550 reperisset
823 516 849 542 in
865 515 1048 550 Theodoreto,
1075 520 1189 548 notarit.
1208 522 1237 549 in
1260 523 1304 551 his
1320 523 1432 552 Herveti
1456 529 1522 553 sunt
1547 534 1601 554 non
1629 535 1715 562 pauca
1741 535 1755 554 a
1777 528 1887 564 vulgato

257 566 334 594 Pauli
352 572 378 593 et
390 566 556 594 Theodoreti
570 571 646 594 textu
662 567 867 600 dissentientia,
885 576 945 603 quae
955 573 1052 597 notare
1064 575 1091 599 et
1102 574 1260 602 examinare
1272 575 1420 610 profuerit,
1440 578 1524 605 veluti
1539 579 1584 605 illa
1600 588 1607 606 :
1624 579 1678 606 Καὶ
1691 579 1745 606 τῶν
1759 580 1885 608 τοιούτων

256 621 305 647 οὐκ
319 621 375 647 ἐστὶ
395 620 474 655 νόμος
491 620 581 648 Gulat.
599 629 624 653 v,
643 621 688 654 25,
704 629 765 656 quae
782 621 862 649 lectio
878 623 955 650 nullo
967 622 994 650 in
1009 624 1104 653 codice
1114 625 1168 653 alio
1183 628 1331 662 reperitur,
1348 636 1506 665 quanquam
1523 631 1676 666 probabilis
1694 629 1778 660 videri
1793 638 1884 668 potest

256 677 282 700 ct
304 674 379 701 l'auli
397 674 457 701 loco
473 673 483 700 l
504 673 574 701 Tim.
590 681 609 706 t,
626 674 642 702 9
655 675 681 701 in
694 674 793 709 primis
810 679 1007 704 consentanea.
1847 687 1850 689 '

290 735 343 763 Sed
359 737 488 771 quoniam
506 737 592 764 Grmci
609 742 730 766 veterum
744 739 923 774 interpretum
948 740 1114 776 Graecorum,
1132 743 1158 771 in
1176 743 1219 772 his
1233 744 1411 780 Theodoreti,
1431 749 1581 776 sententias
1595 749 1729 785 collegere
1750 750 1778 778 in
1799 751 1877 778 libris
1898 776 1901 779 .

252 792 297 824 iis,
310 799 380 827 quos
396 792 559 819 Latinorum
578 793 716 820 recentior
731 794 902 821 consuetudo
919 794 1081 822 Catenarum
1094 798 1206 825 nomine
1221 799 1370 834 appellavit
1386 810 1392 828 :
1409 806 1523 837 propter
1534 810 1566 830 ea
1588 803 1747 831 institutum
1761 813 1776 832 a
1797 806 1879 834 nobis

251 849 303 877 est,
317 849 416 880 utqme
431 845 470 872 ibi
486 851 583 880 sparsa
599 849 693 872 essent
709 845 878 874 Theodoreti
893 848 1043 883 fragmenta
1055 849 1258 877 conferremus.
1276 850 1440 887 Quanquam
1454 861 1488 880 ex
1505 862 1539 881 eo
1554 862 1663 890 genere,
1681 860 1781 890 pra-ter
1797 857 1878 884 codi-

249 906 320 931 cem,
342 906 422 933 quem
436 905 520 932 supra
539 897 729 931 laudavimus,
747 899 950 934 Augustanum,
975 901 1043 928 nihil
1059 901 1140 930 nobis
1157 907 1258 936 prmsto
1273 903 1336 937 fuit,
1353 912 1435 939 quam
1448 911 1577 942 excerpta
1588 914 1630 940 ea,
1648 916 1708 943 quze
1719 909 1771 936 sub
1784 909 1875 937 Theo-

249 949 318 981 duli,
340 951 436 977 nescio
457 950 538 985 cujus
555 950 678 983 nomine,
699 951 796 979 Latine
810 952 883 979 edita
898 957 962 980 sunt
983 953 1008 980 in
1036 953 1324 990 Orthodoxographis,
1350 957 1472 993 itemque
1497 959 1523 986 in
1548 959 1776 994 Commentariis,
1794 971 1876 998 quos,

248 1003 321 1030 haud
338 1004 396 1031 scio
412 1011 445 1031 an
459 1011 511 1030 non
530 1005 597 1031 satis
610 1003 690 1037 bene,
709 1005 799 1032 solent
812 1004 981 1033 OEcumenio
998 1007 1131 1035 tribuere.
1148 1007 1202 1036 Sed
1218 1008 1263 1036 illa
1276 1010 1378 1044 oppido
1392 1019 1481 1046 pauca
1499 1011 1622 1047 fuerunt,
1634 1015 1717 1041 etiam
1735 1015 1768 1042 ad
1791 1024 1874 1043 unam

246 1055 325 1083 Pauli
342 1056 374 1083 ad
393 1055 532 1083 Romanos
548 1055 696 1091 Epistolam
723 1057 909 1092 pertinentia;
931 1065 982 1086 nec
1007 1059 1156 1088 admodum
1176 1060 1262 1096 adjuti
1281 1061 1385 1091 fuimus
1405 1064 1568 1092 (Eeumenii
1586 1073 1679 1101 opere,
1696 1067 1722 1094 in
1739 1076 1804 1103 quo,
1822 1070 1874 1096 etsi

246 1113 311 1137 sunt
326 1109 444 1145 plurima
470 1117 485 1137 c
503 1108 671 1137 Theodoreti
686 1110 800 1138 scholiis
812 1118 847 1138 ne
862 1115 958 1138 notata
972 1111 1084 1147 quidem
1102 1113 1192 1149 ipsius
1209 1115 1333 1149 nomine,
1349 1117 1441 1146 rarius
1460 1122 1550 1146 tamen
1567 1118 1722 1148 aﬂ’eruntur
1744 1129 1759 1149 e
1781 1121 1873 1150 Theo-

245 1163 341 1190 doreto
354 1167 492 1198 excerpta,
509 1170 581 1199 serpe
592 1163 676 1191 etiam
696 1163 767 1190 male
790 1163 911 1191 additum
923 1169 966 1192 est
980 1165 1042 1199 ejus
1057 1173 1157 1193 nomen
1178 1166 1213 1195 iis
1229 1175 1291 1202 qua:
1312 1168 1348 1196 ab
1365 1169 1481 1197 aliorum
1509 1171 1689 1206 interpretum
1708 1175 1873 1203 attetoritate

244 1214 473 1250 proficiscuntur,
492 1215 644 1249 pra'sertim
659 1215 686 1242 in
703 1215 850 1242 ὑποθέσεσι
862 1216 1044 1251 epistolarum
1061 1217 1238 1246 Paulinarum
1255 1220 1288 1247 ad
1302 1220 1506 1249 Theodoretum
1524 1223 1600 1250 nullo
1612 1225 1693 1252 modo
1707 1225 1871 1260 referendis,

197 1270 208 1274 ’
244 1267 271 1295 id
287 1268 359 1303 quod
378 1268 568 1295 commentarii
588 1267 648 1303 ejus
662 1267 808 1303 perspicue
825 1268 935 1296 docent.
950 1269 1111 1297 Uberiorem
1126 1277 1244 1307 segetem
1257 1272 1407 1300 lectionum
1425 1274 1525 1301 obtulit
1542 1275 1575 1302 ad
1593 1281 1697 1304 textum
1710 1276 1788 1304 Pauli
1803 1286 1873 1306 con-

242 1322 414 1350 stituendum
435 1326 597 1350 cteterorum
615 1321 781 1350 Theodoreti
799 1323 932 1350 librorum
947 1321 1070 1354 collatio,
1098 1322 1243 1358 inquibus
1270 1332 1341 1359 saepe
1364 1325 1433 1353 alias
1447 1325 1578 1354 lectiones
1599 1327 1710 1355 exhibet
1735 1337 1816 1364 quam
1841 1331 1871 1358 in

206 1413 209 1416 _
241 1381 323 1409 opere
339 1374 400 1408 ipso
415 1374 680 1401 commentariorum
695 1374 728 1400 ad
741 1374 819 1402 Pauli
834 1374 985 1410 Epistolas,
999 1375 1148 1403 identidem
1164 1377 1252 1412 magis
1267 1384 1329 1404 cum
1343 1378 1411 1412 ipsis
1426 1378 1699 1414 interpretationibus
1715 1381 1774 1409 suis
1784 1390 1870 1417 quam

241 1435 304 1454 cum
323 1427 449 1462 apposito
465 1426 541 1453 Pauli
558 1430 632 1454 textu
649 1427 866 1456 consentientes.
884 1428 917 1454 Et
933 1436 1078 1463 speramus
1099 1430 1211 1465 quidem
1232 1438 1288 1457 nos
1308 1435 1417 1465 gratum
1438 1431 1538 1459 fecisse
1562 1433 1694 1461 studiosis
1712 1435 1816 1463 criseos
1836 1436 1868 1462 li-

239 1481 351 1509 brorum
367 1480 434 1508 Novi
451 1479 636 1513 Testamenti,
650 1480 723 1515 quod
739 1488 771 1508 ea
788 1481 941 1517 colligenda
952 1481 1299 1516 suisquelocisiuscrenda
1313 1484 1514 1517 curaverimus,
1530 1485 1680 1519 praesertim
1698 1493 1761 1513 cum
1779 1486 1868 1514 anim-

238 1533 458 1562 advertissemus
474 1533 525 1561 hos
542 1533 618 1561 locos
637 1539 653 1560 a
677 1532 764 1561 Millio
782 1533 990 1570 Wetstenioque
1008 1542 1063 1561 non
1088 1535 1171 1562 modo
1192 1536 1426 1571 negligentissimc
1441 1544 1590 1570 excussos,
1606 1537 1652 1564 sed
1667 1538 1749 1564 etiam
1764 1540 1798 1566 ab
1814 1539 1866 1567 hoc

238 1587 371 1615 lectiones
385 1591 517 1622 tanquam
534 1586 700 1614 Theodoreti
718 1588 835 1622 positas,
852 1595 866 1614 a
881 1588 983 1623 quibus
996 1594 1079 1622 quam
1095 1577 1213 1614 maxime
1233 1587 1374 1615 abhorret.
1396 1587 1448 1615 Sed
1463 1595 1524 1615 cum
1541 1588 1631 1615 serius
1641 1588 1721 1617 nobis
1742 1589 1768 1616 in
1789 1597 1868 1618 men-

239 1645 293 1668 tem
308 1640 430 1668 venisset
445 1639 518 1666 illam
536 1639 663 1666 lectionis
683 1639 845 1667 varietatem
867 1639 1015 1674 diligenter
1029 1646 1191 1673 congerere,
1212 1646 1294 1672 quam
1321 1639 1514 1665 commentarii
1539 1639 1566 1665 in
1586 1638 1736 1675 Epistulam
1758 1641 1791 1668 ad
1811 1640 1866 1669 Ro-

240 1700 337 1720 manos
348 1691 619 1726 essenttypographi
639 1690 736 1718 formis
754 1691 906 1726 exscripti:
924 1699 984 1726 quae
1001 1690 1035 1717 ad
1052 1689 1126 1716 illam
1151 1689 1296 1724 epistolam
1320 1689 1461 1724 pertinent
1477 1697 1540 1717 cum
1564 1691 1609 1724 iis,
1623 1699 1685 1726 qua:
1711 1692 1780 1720 forte
1799 1693 1864 1722 alibi

237 1745 361 1781 neglecta
376 1744 492 1775 fuerint,
511 1742 545 1769 ad
561 1743 664 1770 calcem
680 1743 771 1777 quinti
782 1743 931 1770 voluminis
946 1749 1009 1769 cum
1027 1740 1110 1769 simili
1127 1740 1277 1767 lectionum
1300 1745 1393 1775 segete
1403 1741 1576 1776 subjicienda
1588 1743 1758 1771 curabimus.
1774 1745 1862 1772 Cactc~

236 1805 297 1825 rum
311 1805 362 1824 nos
380 1803 444 1831 spes
463 1794 560 1823 fefellit
581 1802 596 1821 a
616 1793 770 1822 Wetstenio
796 1794 868 1822 facta
895 1794 1059 1830 (Prolcgom.
1074 1793 1109 1819 ad
1126 1791 1163 1818 N.
1182 1791 1212 1819 T.
1232 1796 1299 1819 tom.
1316 1793 1337 1826 Ι,
1359 1801 1386 1828 p.
1412 1793 1467 1829 79,),
1486 1794 1532 1829 qui
1553 1802 1582 1822 se
1600 1796 1781 1830 profitebatur
1802 1796 1862 1824 Sir-

237 1849 329 1878 mondi
347 1848 550 1876 Theodoretum
567 1847 720 1875 contulisse
734 1855 796 1874 cum
818 1847 962 1874 codicibus
977 1846 1194 1873 Basileeusibus.
1211 1844 1306 1880 Neque
1322 1846 1393 1873 enim
1413 1846 1494 1881 hujus
1505 1847 1614 1882 generis
1628 1849 1777 1883 quidquam
1790 1850 1861 1877 vidi-

233 1911 296 1931 mus
311 1904 337 1930 in
356 1901 551 1930 Wctsteniano
567 1908 662 1936 opere,
679 1908 730 1928 nec
755 1900 783 1927 in
805 1900 965 1927 narratione
981 1900 1014 1927 de
1030 1900 1174 1927 codicibus
1192 1899 1224 1926 N.
1247 1899 1278 1927 T.
1294 1900 1378 1927 alitun
1399 1900 1581 1928 Basileensem
1598 1908 1795 1929 commemorat
1812 1911 1860 1930 or-

234 1961 329 1985 natum
346 1955 458 1984 scholiis
470 1954 756 1990 Tiicodoreti,praetcr
776 1961 839 1981 eum
867 1961 948 1988 quem
971 1954 1119 1988 septimum
1139 1953 1210 1980 inter
1224 1952 1336 1980 codices
1358 1953 1384 1979 in
1412 1952 1490 1980 Pauli
1509 1953 1649 1988 Epistolas
1674 1955 1860 1989 appellaverat

234 2010 312 2044 (tom.
331 2007 364 2040 ll,
378 2015 404 2043 p.
421 2009 461 2042 ιι),
478 2015 493 2034 e
509 2013 564 2042 quo
575 2006 642 2041 quid
657 2004 691 2033 ad
704 2005 906 2033 Theodoretum
922 2005 1115 2041 castigandum
1130 2005 1172 2032 vel
1185 2004 1387 2033 restituendum
1400 2005 1508 2033 duxerit
1525 2006 1698 2041 ignoramus,
1715 2007 1782 2034 nihil
1798 2009 1858 2043 qui-

233 2061 293 2088 dem
315 2061 375 2096 ejus
394 2060 433 2087 rci
446 2059 568 2087 oblatum
586 2058 649 2086 fuit.
1163 2097 1165 2099 ι

270 2123 298 2150 ln
314 2122 503 2150 ecclesiastica
522 2120 688 2148 Theodoreti
701 2120 834 2154 Historia,
851 2129 916 2157 quze
938 2125 1000 2156 post
1018 2122 1069 2149 ista
1092 2122 1196 2149 scholia
1215 2123 1241 2149 in
1268 2122 1320 2150 hoc
1338 2123 1477 2150 volumine
1497 2124 1632 2158 sequitur,
1655 2124 1722 2151 nihil
1747 2124 1792 2159 qui
1805 2126 1856 2152 Zem

232 2177 352 2212 praesidii
369 2177 418 2203 fuit
431 2186 445 2204 e
460 2176 602 2203 codicibus
618 2176 742 2210 scriptis,
757 2180 857 2210 praeter
873 2175 1056 2217 fragmentum
1073 2175 1213 2209 pertinens
1239 2175 1273 2201 ad
1293 2175 1355 2202 libri
1378 2183 1415 2208 tv,
1435 2183 1457 2203 c.
1478 2176 1509 2202 10
1523 2184 1537 2202 e
1549 2176 1646 2203 eodicc
1668 2177 1786 2211 quodam
1800 2177 1856 2203 Au-

232 2236 348 2265 gustano
367 2229 414 2263 qui
434 2228 593 2256 continebat
608 2229 719 2255 cinnutn
738 2229 813 2255 illum
830 2228 950 2256 Joannis
968 2227 1134 2254 Damasceni
1147 2227 1181 2254 de
1202 2227 1355 2254 heare-sibus
1374 2227 1476 2254 editqu
1497 2235 1510 2254 ιι
1529 2228 1664 2255 tiotelcrio
1684 2228 1784 2256 Ecclus.
1809 2228 1855 2256 Cr.

232 2282 396 2309 Monumcnl.
412 2285 431 2308 t.
445 2281 464 2313 l,
480 2282 570 2316 cujus,
589 2281 611 2309 si
625 2282 726 2316 placet,
743 2286 836 2308 notam
849 2281 975 2308 conferas
992 2289 1018 2315 p.
1034 2280 1103 2314 786;
1119 2280 1166 2308 sed
1182 2284 1273 2307 tamen
1287 2288 1383 2307 omnes
1397 2280 1453 2308 fere
1466 2281 1555 2309 editos
1570 2282 1653 2308 libros
1668 2283 1856 2312 tractavimus,

233 2340 261 2362 ut
274 2335 316 2362 vel
329 2334 462 2361 haelenus
480 2340 623 2369 speremus
639 2334 788 2361 editionem
807 2339 931 2361 nostram
954 2342 999 2368 pra
1011 2338 1084 2360 stare
1102 2334 1220 2366 etate-ris,
1248 2333 1322 2368 quod
1344 2334 1488 2368 diligenter
1504 2335 1704 2361 contulerimus
1720 2335 1854 2370 quidquid

232 2387 451 2421 discrepantium
468 2387 618 2413 lectionum
632 2387 658 2413 in
671 2387 715 2414 his
728 2387 806 2414 libris
824 2388 973 2421 reperitur,
991 2395 1052 2414 cum
1071 2387 1174 2414 nemini
1190 2395 1298 2420 eorum,
1317 2395 1435 2422 quortun
1452 2388 1545 2414 studio
1561 2387 1723 2414 Theodoreti
1740 2388 1855 2414 historia

232 2439 346 2474 prodiit,
361 2439 389 2466 in
404 2444 522 2467 mentem
538 2440 660 2468 vertisset
678 2441 837 2467 universam
857 2440 928 2467 hanc
942 2440 1038 2467 silvam
1062 2448 1221 2476 congerere.
1242 2441 1294 2467 Sed
1311 2441 1440 2475 quoniam
1461 2441 1595 2475 profucrit
1610 2443 1772 2476 cognovisse
1789 2441 1855 2475 quid

231 2493 348 2528 quisque
365 2494 524 2527 praestiterit
539 2493 565 2520 in
581 2494 687 2521 edendo
697 2494 749 2521 hoc
762 2494 928 2521 Theodoreti
944 2501 1037 2528 opere,
1051 2502 1162 2529 quoque
1172 2494 1252 2521 modo
1266 2498 1371 2521 textum
1387 2494 1573 2525 constituerit,
1589 2494 1676 2520 visum
1691 2498 1732 2520 est
1746 2501 1855 2519 omnem

230 2547 381 2575 editionum
398 2548 542 2575 historiam
558 2555 701 2574 enarrare.
1699 2548 1701 2550 '

266 2602 335 2629 Cum
348 2609 380 2628 ex
397 2609 480 2636 opere
493 2601 659 2629 Theodoreti
675 2602 742 2628 nihil
755 2602 859 2629 editum
874 2605 950 2628 esset
965 2603 1062 2635 prrcter
1079 2600 1233 2635 fragmenta
1248 2608 1289 2633 ca,
1312 2607 1373 2635 quae
1387 2599 1422 2626 ab
1437 2599 1591 2634 Epiphanio
1607 2599 1780 2626 Seholaslico
1796 2606 1854 2625 sm:

231 2655 399 2682 Cassiodoro
416 2655 549 2681 translata
563 2659 657 2682 essent
676 2655 703 2681 in
721 2654 871 2681 Historiam
887 2653 1066 2687 tripertitam,
1084 2651 1184 2679 Beatus
1201 2652 1351 2679 Bhenanus
1363 2659 1425 2678 cum
1439 2652 1586 2678 editionem
1605 2652 1665 2685 ejus
1682 2658 1779 2676 noram
1792 2657 1853 2675 sus-

231 2708 349 2743 cepisset
370 2708 484 2735 Basilete
503 2708 583 2740 l525,
615 2709 759 2743 repetitam
775 2715 841 2734 ann.
860 2707 939 2738 l528,
958 2709 1057 2733 nactus
1073 2705 1198 2732 codicem
1225 2704 1393 2732 Theodoreti
1420 2704 1556 2735 Graecum,
1571 2703 1617 2738 qui
1643 2711 1658 2730 e
1685 2701 1854 2730 bibliotheca

230 2759 344 2787 Joannis
360 2759 503 2795 Bogusini,
523 2760 676 2788 cardinalis
692 2761 719 2787 in
750 2759 946 2787 bibliothecam
965 2758 1181 2786 Praedicatorum
1195 2757 1394 2785 Basileensium
1423 2756 1584 2788 transierat,
1600 2764 1632 2783 ex
1648 2756 1695 2783 illo
1721 2755 1855 2790 epistolas

234 2813 402 2849 synodorum
426 2817 454 2840 et
471 2813 670 2848 imperatorum
687 2812 799 2839 Grmcas
811 2811 986 2846 interspersit
1001 2811 1086 2838 textui
1104 2810 1230 2838 Historia:
1244 2811 1398 2845 tripertitis.
1414 2809 1433 2835 E
1448 2817 1503 2845 quo
1518 2809 1613 2836 eodem
1629 2809 1703 2836 fonte
1717 2815 1855 2835 neseioun

231 2865 339 2893 fluxerit
359 2865 444 2901 prima
460 2865 542 2893 editio
561 2866 656 2894 Graeca
673 2865 762 2893 omnis
790 2865 911 2892 liistori;e
929 2863 1106 2897 Theodoreti,
1135 2871 1196 2900 qua:
1209 2871 1238 2892 se
1265 2870 1397 2892 excusam
1415 2863 1443 2890 in
1461 2862 1512 2891 [inc
1535 2862 1680 2898 profitetur
1693 2860 1807 2888 Basilca:
1825 2860 1854 2886 in
