2013 3114
136 116 165 154 13
717 113 914 150 PRAEFATIO
933 116 982 149 ΑΙ)
1000 117 1088 149 TOM.
1110 116 1166 150 ut.
1737 119 1769 151 tt

135 179 237 208 ofﬁcina
265 177 436 206 Frobeniana
458 184 506 212 per
533 176 731 212 Hieronymum
756 176 924 204 Frobeninm
942 181 968 204 et
986 176 1129 204 Nicolaum
1157 176 1333 213 Episcopiunt
1357 184 1420 204 ann.
1442 177 1521 210 l535,
1541 185 1634 206 mense
1657 177 1767 206 Martio.

137 231 212 266 Quod
231 232 318 259 facile
335 231 478 259 crederem
495 231 517 258 si
532 238 626 258 verum
644 236 718 258 esset
733 230 758 257 id
777 230 850 265 quod
867 229 1013 257 Fabricius
1033 234 1130 257 narrat
1149 229 1231 266 (Bibl.
1253 229 1353 262 arma,
1370 230 1426 258 vol.
1444 229 1490 263 Vl,
1508 238 1535 265 p.
1561 231 1623 266 125)
1647 232 1767 267 primunt

138 284 251 311 Beatum
271 283 435 310 thcnanum
453 283 524 310 hanc
540 283 688 310 historiam
707 283 801 311 Grmcc
815 283 936 310 edidisse
952 284 984 309 ad
998 283 1104 310 calcem
1117 282 1246 311 Historia
1263 282 1552 311 Eusebio-Rulittianat
1565 289 1592 311 ct
1607 285 1764 321 tripartitut.

141 337 280 371 adjunctis
294 336 418 364 Victoris
434 336 555 364 Vitensis
570 337 651 363 libris
666 321 757 364 tribus
773 337 806 364 de
821 336 1016 372 persecutione
1032 335 1184 363 Vandalica
1205 340 1233 363 et
1248 336 1379 372 anonymi
1399 336 1539 371 excerptis
1561 344 1595 363 ex
1619 336 1767 373 Nicephori

135 389 242 417 Callisti
253 389 375 416 Historia
386 386 474 416 Basil.
492 388 565 424 apud
581 388 751 416 Frobeniutn
768 388 851 417 1555.
864 389 918 416 Sed
929 390 1002 424 quod
1016 389 1131 417 audeam
1145 389 1272 417 dubitare
1286 389 1405 425 primum
1419 389 1447 416 in
1462 397 1546 417 causa
1562 394 1603 418 est
1618 390 1769 418 lectionum

136 441 320 476 discrepantia
337 441 364 468 in
381 445 497 477 utraque
510 462 518 474 ,
542 445 569 469 et
586 440 685 468 Latina
705 441 922 478 fragmentorum
937 442 1120 478 quorumdam
1137 445 1165 470 et
1183 442 1278 470 Graeca
1301 442 1439 470 unitersre
1461 443 1584 470 historiae
1600 443 1767 471 Theodoreti

135 495 256 524 editione
272 502 345 530 quae,
364 494 416 523 etsi
432 502 488 522 non
503 502 602 530 magna
617 498 660 523 est
676 495 780 531 (solent
794 496 868 525 enim
883 484 1047 531 plerumque
1063 497 1144 523 etiam
1161 496 1189 523 in
1202 495 1392 531 singularibus
1407 496 1574 524 lectionibus
1587 497 1767 532 conScnlire),

135 549 225 584 aliqua
242 552 404 580 esttamen,
424 548 451 575 id
471 547 546 584 quod
561 553 690 584 excerpta
703 554 800 576 nostra
826 549 976 577 docebunt.
1002 548 1106 576 Deinde
1128 548 1181 576 etsi
1196 548 1280 576 nolim
1301 553 1462 583 suspectam
1488 548 1583 576 dicere
1610 549 1691 576 tidem
1717 548 1768 576 Fa-

134 601 225 633 bricii,
240 609 323 636 quem
340 601 458 627 aliorum
483 600 701 634 narrationibus,
718 601 800 629 etiant
819 602 1010 637 catalogorum
1047 601 1119 628 mala
1138 601 1203 632 ﬁde,
1224 609 1296 636 saepe
1314 601 1438 629 ablatum
1455 609 1511 628 non
1535 601 1644 637 ignoro,
1663 601 1767 629 nemini

135 658 224 680 tamen
247 656 493 680 comntcmoratam
509 653 679 688 deprehendi
695 654 820 682 eamdem
835 675 842 687 ,
867 662 950 689 quam
972 655 1118 683 Fabricius
1149 654 1284 683 thcnatto
1311 655 1428 686 tribuit,
1459 655 1622 688 editionem,
1643 655 1691 682 scd
1708 663 1767 683 eam

136 714 214 733 unam
228 706 415 734 Basileensem
431 713 492 741 quae
511 710 612 741 prreter
627 709 733 734 textum
747 706 872 734 Graecum
890 707 960 734 nihil
985 708 1120 740 continet,
1138 715 1279 742 quamque
1294 708 1415 740 scorsim,
1435 715 1490 735 non
1509 707 1687 742 coniunctam
1705 715 1767 734 eum

141 760 248 787 caeteris
264 758 298 786 Η.
315 754 447 786 Ecclesiae
468 759 654 794 scriptoribus
668 759 808 794 prodiisse
828 760 904 787 clare
925 760 1071 795 profitetur
1094 759 1257 786 Bibliotheca
1277 759 1580 794 Gesnero-Simleriana,
1594 768 1620 795 p.
1644 768 1672 787 n.
1693 759 1766 790 648;

135 812 253 847 itemque
271 812 350 840 video
369 812 500 847 epistolas
514 819 529 839 e
545 811 716 839 Theodoreti
732 812 848 840 historia
870 813 997 848 publicas
1013 821 1118 848 easqtte
1132 813 1243 840 Grmc'as
1257 820 1318 840 esse
1333 813 1361 839 in
1383 812 1431 840 illo
1446 820 1529 847 opere
1549 820 1616 840 cura
1639 812 1766 840 Rhenatti

134 864 218 894 edito.
233 865 307 899 quod
325 864 508 892 Euscbianam
523 864 670 892 historiam
686 865 837 900 interprete
853 865 955 894 Rufino
968 866 1108 900 ltujusque
1122 865 1178 892 dtto
1194 865 1280 892 libros
1297 864 1406 892 additos
1419 872 1480 892 cutn
1495 864 1617 892 Historia
1631 865 1767 899 tripartila

133 917 342 952 complectitur.
361 915 454 950 Quare
472 911 577 952 incipio
592 918 683 945 vereri
698 926 732 946 ne
751 918 820 946 forte
834 919 860 946 in
877 918 1020 946 volumine
1034 926 1068 946 eo
1085 918 1159 953 quod
1178 917 1325 946 Fabricius
1343 918 1384 945 vel
1401 917 1460 953 ipse
1478 917 1573 944 habuit
1593 917 1635 944 vel
1652 917 1686 944 ab
1707 917 1768 944 aliis

133 975 380 997 commemoratum
413 971 499 1005 legit,
532 970 680 1006 bibliopegi
706 971 850 998 arbitrium
879 970 1002 998 Graecam
1031 971 1180 999 editionem
1208 979 1270 998 ctttn
1301 971 1347 998 illo
1369 978 1453 1006 opere
1473 969 1667 1004 coniunxerit;
1693 970 1766 998 unde

134 1021 257 1049 Fabricii
273 1022 354 1050 error
373 1021 426 1049 hoc
438 1018 550 1050 facilius
566 1023 657 1058 potuit
675 1023 828 1058 proﬁcisci,
845 1023 917 1058 quod
933 1023 1089 1058 exemplum
1114 1022 1223 1057 quidem
1241 1023 1374 1050 editionis
1404 1022 1506 1050 (ἔκπλεω
1530 1030 1620 1050 meum
1637 1023 1664 1050 in
1685 1023 1767 1050 titulo

135 1075 200 1102 nihil
221 1071 306 1103 habet
326 1080 426 1111 praeter
448 1076 530 1103 verba
544 1085 551 1104 :
564 1075 617 1102 Τοῦ
640 1076 777 1111 μακαρίου
805 1075 930 1112 Θεοδωρίη

994 1076 1146 1103 ἐπισκόπου
1173 1075 1266 1111 Κύρου
1288 1075 1518 1112 ἐκκλησιαστικῆς
1547 1076 1668 1111 ἱστορίας
1690 1076 1768 1111 τόμηι

135 1128 225 1161 πέντε,
237 1129 343 1163 quibus
358 1129 449 1157 statim
466 1129 493 1156 in
510 1136 610 1157 averso
622 1129 695 1156 tituli
712 1129 797 1157 latere
813 1129 1000 1164 subjiciuntur
1015 1129 1154 1163 κεφάλαια
1167 1129 1230 1156 libri
1243 1128 1598 1165 primi.Quomodocunquc
1611 1129 1658 1160 sit,
1672 1130 1768 1163 exqui-

135 1183 198 1210 sitas
213 1182 350 1210 lectiones
367 1181 447 1210 oﬂ‘ert
465 1182 512 1209 illa
528 1181 698 1209 Basileensis
716 1181 821 1214 Graeca,
837 1185 867 1208 ut
883 1182 1017 1210 hactenus
1031 1185 1108 1209 recte
1123 1181 1231 1216 judicet
1249 1181 1428 1209 doctissimus
1442 1181 1568 1208 Valesius
1582 1188 1641 1208 eam
1659 1188 1720 1208 esse
1736 1189 1767 1208 cx

142 1236 244 1270 optimo
271 1235 369 1263 codice
391 1242 562 1270 expressam,
588 1242 746 1271 quanquam
761 1235 829 1262 satis
854 1235 939 1262 tmtlta
965 1234 1097 1262 mendosa
1123 1234 1225 1265 habet,
1242 1234 1269 1262 in
1295 1234 1455 1262 accentibus
1478 1234 1596 1261 maxime
1621 1238 1649 1261 et
1673 1234 1768 1262 ortho-

135 1288 260 1323 grapltia.

167 1333 253 1360 Paulo
267 1338 340 1368 post,
353 1341 416 1361 cum
433 1333 597 1361 Franciscus
611 1333 733 1361 Francia!
747 1342 795 1362 rex
813 1340 940 1369 magnam
955 1333 1010 1360 vim
1026 1333 1184 1361 Grrccorum
1213 1333 1305 1361 omnis
1330 1333 1440 1369 generis
1473 1333 1607 1361 librorum
1631 1341 1663 1360 ex
1690 1333 1765 1360 Italia

135 1386 295 1421 Graeciaque
309 1386 402 1414 aﬂ‘erri
417 1387 506 1422 iisque
518 1387 612 1414 ornari
630 1387 828 1415 bibliothecam
850 1395 940 1419 suam,
961 1391 1019 1413 tum
1052 1387 1193 1422 elegantes
1211 1387 1367 1414 litterarum
1393 1385 1496 1413 formas
1510 1386 1618 1413 exarari
1639 1386 1769 1420 iussisset

137 1439 237 1473 quibus
252 1439 372 1474 optimus
387 1439 504 1474 qttisquc
518 1439 588 1467 liber
604 1437 820 1470 describeretitr.
834 1440 954 1475 ejusque
975 1440 1013 1467 rei
1042 1447 1136 1467 curam
1153 1437 1341 1467 transtulisset
1357 1439 1383 1466 in
1400 1432 1560 1467 «Robertum
1580 1439 1761 1474 Stephanum.

136 1493 159 1520 is
170 1499 266 1520 eorum
285 1492 457 1520 edendorum
483 1492 591 1520 initium
608 1493 674 1521 fecit
689 1501 703 1520 a
723 1493 908 1528 scriptoribus
938 1492 1040 1519 veteris
1070 1492 1193 1519 historizc
1227 1491 1425 1520 ecclesiasticae
1451 1492 1610 1527 conjunctis
1631 1492 1659 1520 in
1684 1500 1767 1519 utuun

133 1545 245 1572 maximi
261 1544 364 1572 moduli
379 1545 518 1574 volumen.
533 1545 646 1573 Lutetia:
670 1545 842 1575 Parisiorum
860 1553 925 1573 ann.
952 1543 1030 1572 lii/td.
1051 1544 1236 1572 Accesserant
1259 1545 1287 1572 in
1307 1540 1359 1572 line
1380 1546 1463 1572 variat
1490 1541 1623 1573 lectiones
1651 1553 1666 1573 e
1691 1543 1769 1573 libris

133 1598 345 1629 vetustissimis.
359 1598 407 1633 qui
423 1601 470 1625 aut
485 1598 582 1633 quales
600 1601 647 1625 aut
660 1603 727 1634 quot
745 1598 860 1630 fuerint,
876 1603 923 1626 aut
939 1606 992 1633 qua
1009 1597 1144 1633 religione
1164 1598 1190 1624 in
1211 1598 1244 1624 iis
1262 1597 1427 1633 colligendis
1448 1605 1516 1625 usus
1535 1598 1571 1625 sit
1592 1598 1749 1632 Stephanus
1762 1620 1769 1629 ,

132 1657 186 1678 n'on
206 1651 280 1679 satis
292 1655 422 1684 constat;
438 1651 505 1678 nihil
523 1652 597 1679 enim
613 1659 696 1687 super
709 1659 740 1679 ea
759 1661 787 1680 re
805 1653 936 1680 lectorem
959 1650 1117 1678 admonuit.
1152 1647 1337 1677 Basileensem
1352 1649 1503 1677 editionem
1528 1657 1583 1677 non
1611 1650 1763 1678 adhibitam

132 1704 329 1736 animadverti,
341 1707 379 1737 et,
393 1704 416 1732 si
429 1705 493 1740 quis
512 1705 615 1740 cogitet
642 1706 756 1733 modum
776 1714 840 1733 eum
855 1713 938 1740 quem
960 1703 1120 1738 Stephanus
1137 1706 1180 1730 est
1204 1703 1268 1730 aliis
1285 1702 1313 1730 in
1340 1702 1418 1730 libris
1433 1702 1548 1732 edendis
1570 1706 1695 1736 secutus,
1711 1711 1768 1731 non

132 1762 172 1786 est
190 1758 332 1786 credibile
349 1759 425 1785 illum
448 1766 543 1786 ontttes
560 1767 629 1794 quas
645 1763 752 1795 poterat
766 1763 793 1786 et
808 1754 927 1786 debebat
946 1757 1079 1786 lectiones
1101 1757 1256 1791 collegisse.
1270 1756 1317 1784 sed
1338 1764 1386 1784 eas
1403 1764 1464 1792 quae
1484 1758 1525 1784 vel
1549 1758 1659 1785 codices
1676 1758 1769 1785 subito

132 1811 230 1847 legenti
247 1811 291 1839 vel
310 1811 336 1838 in
351 1811 553 1839 dillicilioribus
567 1812 636 1839 locis
657 1812 814 1839 consulenti
832 1811 1033 1838 occurrissent.
1051 1810 1186 1837 Creterum
1211 1810 1272 1845 ipse
1288 1814 1381 1838 textus
1399 1810 1522 1844 Graecus,
1540 1820 1698 1847 quanquam
1713 1820 1767 1839 non

132 1866 166 1892 ita
181 1873 271 1901 purus
287 1870 332 1893 est
348 1868 377 1891 ut
395 1865 468 1892 vitiis
489 1873 550 1891 cttm
566 1865 719 1899 Scriptum
737 1870 795 1891 tum
813 1872 962 1899 operarum
980 1863 1077 1890 careat
1097 1863 1180 1890 ctiam
1198 1863 1231 1890 iis
1252 1871 1313 1897 quat
1327 1871 1440 1890 sensum
1458 1863 1548 1898 ipsum
1569 1863 1699 1896 alliciant,
1727 1869 1769 1895 ta-

131 1916 425 1953 menelcgantissimis
440 1917 595 1944 litterarum
610 1916 707 1943 formis
724 1917 895 1951 omninoque
915 1924 946 1943 ea
969 1924 1036 1943 cura
1065 1924 1217 1951 expressus
1242 1920 1295 1947 est.
1315 1919 1355 1947 ut,
1377 1915 1537 1951 quicunque
1555 1920 1618 1951 post
1648 1917 1767 1953 Stepha-

131 1978 193 1998 num
218 1971 291 1997 istos
316 1969 467 2002 scriptorcs
492 1974 662 2004 repeterent,
690 1978 786 1997 omnes
815 1970 890 1996 illaut
911 1969 1124 2001 remansionem,
1150 1977 1308 2004 quanquam
1337 1977 1398 1996 cum
1430 1968 1524 2004 aliquo
1545 1969 1643 2002 modo,
1668 1978 1768 2006 sequ:~

130 2028 234 2049 rentur.

164 2067 200 2094 Et
216 2068 260 2095 itis
275 2067 354 2094 fuere
369 2067 399 2099 ii,
415 2067 461 2101 qui
480 2074 559 2093 omne
585 2067 636 2094 hoc
666 2067 864 2093 historicorum
891 2071 1014 2094 veterum
1032 2067 1256 2096 Christianorum
1291 2076 1394 2104 corpus
1420 2068 1566 2097 ediderunt
1588 2078 1651 2097 cunt
1681 2070 1763 2097 Joan.

129 2119 391 2154 Christopltorsoni,
413 2118 536 2153 episcopi
560 2119 737 2150 (Iestriettsis.
768 2120 1000 2154 interpretatione
1019 2121 1126 2153 Latina,
1150 2122 1272 2148 Colonia:
1289 2122 1466 2157 Allobrogum
1486 2130 1534 2156 per
1550 2121 1660 2150 Petrum
1683 2123 1717 2150 de
1743 2124 1766 2148 l:t

129 2172 248 2200 Rovicre
263 2181 332 2200 ann.
351 2172 420 2199 16l2
433 2171 541 2200 duobus
558 2173 640 2200 tomis
656 2173 752 2200 fututa:
769 2173 904 2200 maximat.
923 2173 1026 2201 Toxlus
1042 2174 1154 2202 Graecus
1172 2183 1204 2202 ex
1222 2174 1344 2202 editione
1367 2174 1555 2210 Stephaniana
1576 2175 1688 2208 ductus,
1718 2177 1765 2204 scd

128 2233 226 2261 parum
240 2227 386 2260 eleganter
399 2231 426 2253 et
441 2226 557 2253 infinitis
568 2233 717 2260 operarum
731 2227 806 2253 vitiis
821 2227 996 2261 inquinatus,
1013 2235 1172 2262 quanquam
1186 2228 1252 2255 etin
1271 2228 1391 2262 capitum
1406 2236 1428 2254 s.
1445 2228 1600 2255 sectionum
1616 2229 1766 2263 partitione

129 2280 248 2306 subinde
265 2279 405 2306 diversam
425 2286 439 2305 a
457 2278 644 2313 Stephaniana
663 2279 799 2306 rationem
818 2279 940 2306 editores
952 2284 1118 2314 sequuntur.
1136 2279 1223 2307 llabet
1237 2285 1327 2307 tamen
1345 2281 1397 2307 ista
1414 2280 1585 2308 Gcncvensis
1596 2280 1679 2307 editio
1696 2281 1767 2308 hanc

128 2332 220 2359 dotem
238 2337 271 2358 ttt
291 2331 352 2359 sive
369 2332 478 2366 injecta:
497 2332 584 2358 textui
602 2332 660 2359 sive
672 2332 706 2359 ad
723 2332 874 2367 marginem
892 2333 988 2366 positae
1001 2333 1056 2360 sint
1071 2333 1153 2360 varim
1171 2333 1315 2365 lectiones,
1333 2341 1403 2368 quae,
1431 2333 1458 2360 in
1471 2332 1636 2360 Theodoreti
1654 2334 1764 2368 quidem

129 2384 266 2414 Historia.
282 2385 327 2412 vel
345 2384 378 2411 ad
403 2384 691 2419 Cltristopltorsonum
709 2385 751 2411 vel
766 2385 798 2411 ad
811 2383 963 2422 Joscp‘ltum
991 2385 1162 2420 Scaligerutn
1191 2386 1360 2413 referuntur.
1380 2385 1416 2413 De
1433 2393 1549 2421 quarum
1571 2385 1679 2413 ratione
1698 2386 1765 2413 nihil

128 2439 196 2465 certi
215 2438 310 2465 habeo
325 2437 398 2472 quod
413 2437 513 2468 dicam.
528 2437 580 2463 nisi
597 2438 669 2472 quod
686 2444 736 2472 ego
757 2438 863 2472 aliquas
881 2437 1087 2465 obscrvavcrim
1105 2446 1119 2466 e
1134 2438 1248 2466 Socrate
1265 2439 1478 2474 Sozontenoquc
1496 2438 1596 2466 (luctas
1615 2438 1642 2465 in
1660 2439 1765 2474 cpisto-

128 2492 161 2518 lis
175 2499 225 2518 seu
243 2490 466 2525 professionibus
483 2490 600 2525 publicis
615 2497 684 2524 quas
702 2491 799 2517 horum
819 2490 1030 2519 tritunvirorum
1048 2491 1190 2524 diligentia
1204 2491 1478 2525 scrvariLquodquo
1497 2491 1635 2518 Henricus
1648 2491 1766 2518 Savilius

129 2544 212 2579 (apud
234 2542 391 2573 V'alesiutn,
405 2542 482 2577 priet.
500 2542 534 2569 ad
556 2546 621 2568 tom.
638 2541 671 2568 lll
689 2541 821 2569 llistoric.
836 2542 942 2578 ποίεε.)
961 2543 1121 2576 proﬁteatur
1135 2553 1141 2570 :
1157 2542 1430 2577 Clu-istoplzarsommt
1450 2549 1483 2568 ea:
1499 2543 1583 2569 tribus
1597 2544 1766 2576 prmstantis-

126 2599 202 2624 simis
221 2606 292 2624 mss.
310 2596 516 2630 exentplaribus.
538 2596 676 2629 Vaticano,
698 2596 795 2623 Veneto
817 2601 840 2623 ct
855 2594 1011 2623 Florentino
1033 2595 1168 2631 vulgatum
1184 2595 1280 2634 «Rob.
1302 2595 1436 2629 Stephano
1462 2595 1579 2622 codicem
1599 2597 1765 2626 emendasse,

125 2658 183 2684 quo:
199 2649 287 2676 rario:
318 2648 442 2675 lectiones
457 2656 489 2675 σε
504 2649 618 2676 editione
640 2649 876 2683 (l/tristopltorsoni
904 2648 1077 2684 inspicienda:
1104 2650 1156 2676 sint
1179 2649 1213 2675 ad
1243 2649 1322 2683 ﬁnem
1351 2648 1476 2675 editionis
1502 2647 1617 2680 Latium,
1647 2648 1768 2676 Colonim

128 2712 189 2729 ann.
211 2703 298 2730 1581.
315 2701 368 2729 Sed
390 2701 456 2736 quid
469 2702 739 2737 Cltristopltorsonus
756 2709 789 2729 ex
808 2702 868 2730 istis
884 2702 1028 2730 codicibus
1045 2702 1167 2736 quidque
1187 2709 1202 2729 e
1217 2701 1377 2736 conjectura
1400 2701 1548 2736 posuerit?
1564 2702 1768 2729 accesserinttm

127 2757 181 2790 jam
200 2761 265 2783 tum
285 2755 496 2782 emendati-mes
521 2755 664 2792 Scaligeri,
680 2764 712 2783 an
729 2761 823 2791 postea
846 2756 873 2783 in
892 2755 1011 2784 editione
1031 2754 1210 2782 Genevensi?
1234 2754 1404 2789 omninoque
1427 2761 1480 2789 qua
1502 2753 1554 2781 ﬁde
1584 2757 1612 2781 et
1639 2752 1768 2788 ἀκριδείξ.

128 2811 318 2837 Gcnrvcnses
335 2808 378 2836 usi
395 2808 504 2840 fuerint,
517 2809 554 2842 id,
568 2809 698 2843 quoniam
716 2809 847 2836 editionis
863 2809 944 2837 istius
960 2807 1064 2834 Latinze
1079 2814 1144 2834 ann.
1163 2806 1227 2833 158l
1256 2806 1423 2841 usurpanda:
1444 2806 1520 2835 nulla
1544 2806 1625 2834 nobis
1645 2805 1707 2833 data
1728 2803 1766 2830 fa-

124 2863 215 2890 cultas
232 2862 310 2894 fuit,
329 2869 378 2889 nec
392 2861 453 2896 ejus
473 2861 509 2888 rei
525 2862 672 2897 quidquam
687 2861 864 2890 Genevcnses
880 2861 1011 2897 produnt,
1028 2862 1105 2889 nullo
1128 2861 1209 2888 modo
1223 2860 1315 2888 dicere
1330 2859 1406 2887 licet.
