2013 3114
238 170 269 204 15
816 163 920 192 JOAN.
933 161 1021 191 AUG.
1042 158 1231 189 NOESS-ELT
1821 153 1853 186 16

270 212 393 259 Triginta
409 221 488 248 anttis
503 224 564 255 post
578 227 640 245 cum
655 218 775 246 Jacobus
791 216 955 245 Sirmondus
971 214 1075 249 primus
1092 214 1184 241 omnia
1199 212 1364 240 Theodoreti
1380 219 1462 246 opera
1481 212 1585 244 ederet,
1602 215 1705 238 textum
1728 211 1852 238 historia:

237 276 402 305 Theodoreti
422 274 490 302 satis
506 273 689 300 emaculatum
707 272 793 303 dedit,
812 271 838 297 itt
864 278 919 304 quo
938 272 1053 303 apparet
1071 265 1203 300 Stephani
1231 272 1263 291 ac
1280 264 1371 299 potius
1399 263 1644 299 Christophorsoni
1662 263 1852 290 recensionetn

239 338 287 364 pro
301 328 361 355 basi
375 334 437 355 esse
452 325 498 353 sed
514 324 658 360 aliquoties
672 331 686 350 a
704 322 852 350 Sirmondo
867 323 1031 348 correctam.
1049 318 1108 350 Qua
1125 318 1151 344 in
1165 325 1193 343 re
1205 316 1391 352 quant-legent
1408 320 1455 342 aut
1469 316 1578 342 modum
1597 319 1710 342 secutus
1723 314 1770 347 sit,
1783 315 1854 341 nilnl

244 382 358 409 omnino
375 380 452 408 dicit.
470 377 654 405 Existintabat
667 375 792 404 Valesius
809 383 870 402 cum
888 373 1039 400 contulisse
1052 370 1201 397 eodicesin
1217 369 1384 396 bibliotheca
1398 369 1472 404 regia
1486 368 1635 395 Parisieusi
1653 372 1682 394 ut
1696 375 1758 394 eum
1775 375 1855 402 quem

241 435 365 462 Valesius
382 432 449 460 dicit
462 431 542 458 Joan.
571 430 630 457 Pini
647 429 743 460 fuisse,
761 429 882 462 itemque
897 426 953 452 duo
982 425 1067 451 libros
1084 423 1153 450 ltob.
1171 422 1314 457 Stephani.
1343 422 1379 449 De
1399 422 1446 449 illo
1462 421 1544 448 facile
1566 421 1721 452 consentio,
1737 425 1812 448 certe
1828 421 1855 447 iit

241 487 426 524 singularibus
443 485 608 512 lectionibus
626 482 742 510 subinde
763 489 825 508 cum
843 489 898 507 uno
918 479 976 507 l’ini
1009 478 1077 505 libro
1103 475 1265 508 concordat,
1284 481 1442 510 quanquam
1468 481 1522 500 non
1537 474 1619 500 nimis
1635 480 1716 508 saepe,
1745 478 1772 500 et
1792 481 1857 500 vero

242 541 323 568 etiam
339 538 440 573 swpius
462 536 496 563 ab
515 543 548 562 eo
566 534 703 562 dissentit.
718 534 753 560 At
768 540 831 560 eum
845 531 1022 559 consuluisse
1040 530 1131 565 ipsunt
1147 528 1258 555 codices
1274 528 1366 563 regios
1382 535 1396 553 a
1419 526 1559 561 Stephano
1573 526 1698 558 collatos,
1715 526 1781 553 tnilti
1795 527 1856 561 qui-

243 592 303 618 dem
316 597 370 616 non
387 588 552 624 persuaserit
567 585 703 613 Valesius.
722 584 782 612 Non
799 584 889 611 dicam
906 584 931 610 id
947 582 1050 610 frustra
1073 581 1157 613 sutni,
1176 580 1347 615 Stephanum
1369 587 1424 606 non
1444 579 1498 606 nisi
1521 579 1590 606 duos
1606 579 1691 606 libros
1707 579 1858 606 contulisse

248 646 285 671 ita
301 647 330 670 ut
343 651 375 670 ex
394 649 448 668 uno
461 645 565 667 textum
585 639 729 671 format-et,
743 647 775 666 ex
791 638 878 664 altero
892 637 1042 664 lectionum
1055 635 1243 662 diversitatem
1262 634 1388 666 adderet;
1405 641 1468 660 nant
1482 633 1543 660 illas
1555 633 1687 660 lectiones
1701 633 1775 660 clare
1790 633 1858 660 dicit

244 698 273 722 ὲν
284 697 339 726 τοῖς
353 693 543 724 παλαιοτάτοις
557 692 745 727 ἀντιγράφοις,
767 690 893 726 pluribus
907 689 999 724 igitur,
1014 688 1039 714 ei

1060 687 1171 718 etiam;
1186 696 1193 720 ι
1211 686 1258 714 sed
1281 693 1335 713 neu
1351 686 1373 713 is
1387 691 1446 713 erat
1460 685 1625 712 Sirmondus
1643 685 1689 720 qui
1708 685 1855 720 diligenter

245 750 435 784 discrepantes
449 747 476 773 itt
489 746 630 774 codicibus
643 745 776 772 lectiones
793 743 946 775 colligeret,
969 745 998 768 ut
1013 740 1060 776 qui
1079 747 1113 767 ne
1139 739 1201 766 illas
1217 738 1328 772 quidem
1342 738 1428 765 bonas
1450 737 1606 768 adhiberet,
1621 745 1690 772 quas
1717 737 1758 764 rel
1780 737 1859 764 Basi-

248 801 348 827 lecttsis
366 800 451 826 editio
467 799 510 825 vel
525 798 583 833 ipse
595 798 752 831 Stephanus
767 796 794 822 in
809 795 901 822 libello
916 794 1052 821 variarunt
1067 792 1216 819 lectionum
1231 791 1379 818 obtulerat.
1396 789 1515 818 Omnino
1537 790 1655 825 plurium
1683 790 1762 825 quasi
1784 790 1860 817 ἐκδό-

247 853 438 880 σεωνεῑῃιιυιη
456 852 530 879 dedit
549 849 712 878 Sirutottdus
737 849 775 876 ita
793 853 835 880 nt,
854 848 899 874 ubi
919 855 933 873 a
954 846 1139 881 Stephaniano
1156 849 1230 872 textu
1247 843 1380 874 discedit,
1399 844 1561 878 pleruntque
1572 843 1815 878 Christophorsoni
1833 847 1860 870 et

247 906 379 941 Scaligeri
393 903 598 932 emendationes
610 901 744 936 receperit
763 901 790 927 itt
806 899 1065 931 tcttum,interdunt
1079 906 1094 924 e
1109 897 1202 924 codice
1213 896 1292 924 Joan.
1304 896 1375 929 Pini,
1385 897 1475 924 rarius
1486 904 1501 923 c
1514 895 1703 931 Stcphaniano
1718 896 1858 922 variarunt

248 959 396 986 lectionum
424 956 527 987 libello,
546 962 611 982 suas
628 954 747 985 duxerit,
758 953 879 991 itemque
893 953 933 978 vel
948 959 980 978 ex
998 950 1107 985 ingenio
1123 950 1163 976 vel
1179 957 1194 976 e
1206 949 1479 984 codicibusquzedam
1494 949 1641 977 addiderit.
1655 952 1684 975 ut
1697 948 1744 975 lib.
1763 956 1783 979 t,
1795 955 1820 974 c.
1833 947 1861 980 4,

249 1020 273 1045 p.
289 1010 340 1038 755
357 1009 424 1036 edit.
441 1012 542 1035 nostra:
558 1007 602 1034 illa
617 1016 624 1033 ;
643 1007 711 1037 Τοὺς
726 1005 874 1040 Οεηγόρους
891 1005 963 1039 φημὶ
978 1005 1044 1030 ano:

1067 1003 1152 1033 ὀλους,
1171 1006 1198 1028 et
1217 1002 1298 1036 paulo
1311 1005 1373 1036 post
1395 1011 1401 1028 :
1425 1001 1462 1027 Οὐ
1480 1000 1595 1036 φυσικὴν
1622 998 1693 1026 εἷναί
1713 1000 1799 1033 λέγων
1822 1002 1862 1031 εὶς

249 1062 411 1096 κατάληψιν,
428 1061 455 1087 in
477 1060 627 1094 eademque
647 1058 747 1094 pagina
767 1058 798 1083 ἐκ
819 1056 866 1083 τοῦ
883 1056 912 1088 ἐξ
924 1056 974 1082 οὐκ
987 1055 1044 1081 ὄντα

1067 1064 1080 1088 ι,
1102 1063 1120 1085 l,
1138 1054 1169 1081 l7
1185 1058 1256 1081 extr.
1277 1053 1463 1080 κατακλίνασα
1484 1061 1532 1087 pro
1554 1053 1661 1084 ἁνακλ..
1677 1061 1713 1084 tv,
1729 1053 1756 1083 8,
1773 1052 1862 1079 deleto

248 1114 382 1141 vocabulo
395 1112 552 1139 ἐπισκόπων
565 1118 614 1146 pro
625 1111 710 1145 ὑγιεῖς
723 1110 814 1144 inepte
828 1109 935 1144 reponit
947 1109 1020 1142 ὑγιεῖ
1032 1116 1043 1134 u

1054 1112 1060 1134 t
1076 1106 1210 1134 referatur
1224 1106 1257 1132 ad
1266 1104 1347 1131 τέλει.
1358 1104 1539 1131 Praetermitto
1555 1104 1625 1137 alia;
1642 1111 1729 1139 neque
1745 1112 1774 1131 se
1788 1104 1849 1131 colti

249 1168 307 1195 buit
322 1166 470 1202 quominus
486 1169 512 1192 et
531 1164 652 1199 capitutn
669 1162 726 1190 sive
746 1162 908 1189 divisionem
931 1162 989 1187 sire
1007 1160 1101 1187 titulos
1119 1163 1246 1186 mutaret.

260 1238 266 1242 ’
284 1230 373 1264 Longe
388 1230 484 1255 horum
503 1227 627 1254 ontnium
641 1226 808 1262 diligetttiant
825 1225 964 1260 superarit
977 1223 1200 1252 excellentissimi
1215 1223 1315 1258 ingenii
1331 1227 1412 1257 atque
1424 1222 1555 1249 doctrina:
1570 1222 1610 1248 vir
1627 1221 1763 1249 Henricus
1783 1221 1865 1250 Vale-

251 1284 318 1314 sius,
336 1289 398 1309 cum
414 1280 535 1308 historiae
548 1279 648 1307 veteris
665 1278 832 1306 Christianae
847 1278 999 1312 scriptores
1017 1276 1127 1302 Graecos
1141 1275 1429 1302 animadversionibus
1447 1275 1506 1302 suis
1522 1275 1675 1302 illustratos
1686 1275 1765 1302 edere
1784 1276 1864 1303 insti-

251 1334 357 1361 tuisset.
378 1333 499 1366 Namque
516 1334 619 1358 textum
637 1329 835 1364 Stepltanicum
856 1336 870 1354 a
887 1336 926 1360 se,
941 1335 1098 1363 quanquam
1117 1334 1171 1353 non
1186 1327 1267 1354 nitttis
1282 1335 1363 1362 smpe,
1380 1328 1554 1362 castigatum,
1575 1334 1628 1354 non
1644 1327 1722 1354 tttodo
1738 1335 1806 1354 nova
1821 1328 1864 1354 itt—

253 1384 458 1420 terpretatione,
477 1385 523 1410 sed
540 1383 621 1409 ctiant
647 1381 720 1408 ttotis
737 1380 906 1408 doctissimis
926 1381 1045 1412 ornavit,
1062 1380 1162 1414 quibus
1180 1380 1220 1406 vel
1244 1379 1325 1406 rebus
1343 1380 1408 1414 ipsis
1434 1380 1545 1407 lutninis
1570 1380 1671 1415 aliqttid
1687 1381 1806 1412 ati‘erret,
1822 1382 1864 1407 vel

252 1443 354 1465 textum
379 1437 548 1463 emendaret.
575 1435 638 1462 Erat
668 1435 741 1462 cttitn
759 1435 783 1461 is
809 1434 926 1460 maxime
943 1434 1070 1461 omnibus
1088 1434 1188 1468 ingenii
1206 1434 1402 1460 escit-itazione
1431 1434 1547 1467 subacti,
1565 1434 1727 1469 linguarum,
1745 1435 1866 1462 historiae

254 1493 352 1518 veteris
368 1489 500 1525 prtesidiis
520 1478 684 1520 instructus,
705 1487 816 1522 adjutus
834 1487 915 1514 etiam
934 1487 1012 1513 libris
1029 1486 1110 1513 editis
1125 1491 1150 1513 et
1170 1488 1294 1520 scriptis,
1311 1490 1385 1512 certe
1405 1494 1498 1512 eorum
1515 1486 1659 1520 exet-rptis,
1674 1494 1734 1520 quae
1749 1494 1764 1512 a
1780 1486 1867 1512 Leone

254 1543 352 1570 Allatio
365 1547 505 1577 acceperat
522 1540 685 1576 pertinentia
703 1540 736 1567 ad
754 1541 871 1575 primum
887 1544 914 1568 et
930 1539 1079 1567 secundum
1102 1538 1266 1565 Theodoreti
1284 1538 1394 1569 librant,
1412 1538 1464 1564 aiia
1491 1545 1600 1572 quoque
1615 1537 1648 1564 ab
1664 1537 1775 1564 Usscrio
1788 1545 1803 1564 e
1820 1546 1868 1564 co-

254 1597 314 1623 dice
330 1594 439 1622 llenrici
455 1594 548 1621 Savilii
564 1594 644 1629 cujus
663 1593 795 1621 lectiones
815 1601 829 1619 a
847 1593 979 1628 Stephani
1006 1597 1080 1619 textu
1106 1593 1297 1626 discrepantes
1328 1592 1385 1625 ipse
1401 1591 1522 1618 Savilins
1552 1591 1579 1617 itt
1597 1591 1677 1618 istius
1691 1595 1781 1618 textus
1794 1599 1868 1618 mar—

255 1648 315 1682 gine
329 1647 508 1681 ascripserat.
525 1645 572 1673 liis
591 1653 688 1680 magno
705 1654 768 1672 cuttt
786 1645 894 1672 delectu
914 1653 980 1672 usus
991 1649 1044 1675 est,
1057 1648 1154 1670 czctera
1178 1650 1211 1669 ex
1227 1643 1336 1677 ingenio
1363 1641 1522 1668 l‘cliciSsinte
1537 1641 1681 1668 constituit
1700 1642 1727 1668 itt
1750 1641 1870 1669 editione

255 1701 401 1728 I'arisicnsi
417 1700 480 1726 anni
500 1699 578 1730 1673,
602 1705 709 1726 rec-orta
724 1698 889 1732 Moguntina:
905 1701 952 1723 aut
971 1696 1064 1731 potius
1078 1694 1252 1721 Francofurti
1267 1694 1344 1720 l679.
1363 1694 1426 1720 Post
1440 1697 1554 1720 tnortent
1573 1693 1674 1720 Valesii
1687 1702 1749 1720 cum
1763 1698 1870 1728 reperta

255 1756 348 1778 essent
364 1752 390 1777 itt
409 1750 469 1784 ejus
484 1749 587 1776 chartis
601 1757 660 1783 qua:
676 1749 708 1774 :td
725 1748 786 1783 ejus
801 1752 881 1775 notas
905 1749 963 1775 sive
981 1747 1165 1774 emendandas
1188 1746 1245 1774 sive
1265 1747 1404 1781 augendas
1429 1746 1560 1779 facerent,
1582 1755 1613 1774 ea
1629 1746 1721 1773 addita
1746 1748 1870 1782 superio-

258 1802 332 1829 ribus
349 1802 459 1828 l'ueruut
473 1801 499 1826 in
515 1800 680 1834 repetitione
699 1799 827 1826 editionis
846 1797 996 1826 Valesianze
1011 1798 1082 1824 facta
1097 1806 1160 1825 antt.
1178 1798 1258 1830 1677,
1272 1807 1353 1833 quam
1371 1799 1496 1833 sequitur
1507 1799 1592 1826 editio
1606 1799 1872 1827 Amstclodamensis

259 1862 304 1880 seu
320 1852 537 1879 Francol‘urtana
548 1859 612 1878 antt.
632 1851 707 1877 1693.
725 1850 790 1883 Quae
803 1851 854 1878 etsi
869 1859 1006 1886 perpauca
1022 1856 1097 1883 sunt,
1111 1857 1200 1879 tanton
1217 1860 1266 1880 ttos
1284 1852 1431 1886 plurimum
1448 1853 1611 1886 adjuverunt
1625 1858 1736 1887 propter
1755 1861 1786 1879 ca
1799 1854 1870 1888 quod

260 1906 390 1932 lectiones
409 1904 537 1931 exhibent
553 1911 600 1931 eas
620 1911 689 1938 quas
709 1902 831 1930 Valesius
848 1911 863 1930 c
883 1903 978 1930 codice
992 1902 1070 1930 Joan.
1090 1904 1150 1931 Pini
1167 1905 1294 1937 duxerat,
1310 1906 1356 1940 qui
1385 1905 1466 1932 hodie
1491 1911 1533 1933 cst
1559 1906 1586 1932 itt
1608 1906 1772 1933 bibliotheca
1798 1907 1871 1941 regia

262 1958 418 1999 l‘arisiensli.
437 1957 514 1984 lluttc
527 1965 541 1983 a
557 1956 696 1991 Stephano
708 1960 789 1991 atque
805 1956 952 1984 Sirmondo
963 1957 1021 1992 jam
1039 1958 1180 1991 collatum,
1193 1958 1285 1984 nescio
1297 1966 1377 1992 quatit
1393 1965 1452 1984 vere
1468 1958 1578 1991 putabat
1595 1956 1737 1990 Valesius;
1753 1959 1824 1993 quod
1848 1960 1871 1986 si

260 2015 361 2038 lactttttt
378 2012 423 2043 sit,
444 2015 550 2046 oportet
569 2011 619 2037 ltoc
636 2011 775 2045 negotium
804 2011 972 2046 negligenter
992 2011 1026 2038 ab
1055 2016 1169 2047 utroque
1196 2012 1417 2038 administratum
1443 2019 1524 2043 esse;
1542 2011 1693 2046 singulares
1718 2013 1790 2038 enim
1808 2018 1873 2040 sunt

261 2066 319 2091 ista:
334 2065 464 2091 lectiones
480 2063 609 2094 Pinianm,
638 2070 752 2097 quarunt
778 2070 864 2098 pauca
888 2064 1034 2090 admodum
1062 2065 1088 2091 in
1106 2065 1300 2092 Sirntondiana
1316 2064 1448 2096 editione,
1467 2064 1541 2090 ttttlla
1564 2064 1620 2090 l‘erc
1637 2064 1663 2091 itt
1687 2064 1873 2099 Stephaniatto

266 2117 403 2144 variarunt
421 2116 569 2143 lectionum
580 2115 681 2146 libello,
694 2115 807 2150 vestigia
821 2116 1167 2150 deprehendi.Quanquam
1181 2116 1293 2142 omnino
1306 2114 1386 2141 doleo
1403 2121 1456 2141 non
1472 2114 1628 2142 nttiversattt
1644 2115 1767 2142 lectionis
1786 2115 1874 2142 varie-

262 2175 343 2196 tatem
359 2177 391 2197 ex
406 2169 456 2196 hoc
469 2168 584 2203 aliisque
596 2168 674 2195 libris
691 2168 733 2195 vel
750 2176 764 2194 a
780 2167 887 2195 Valesio
908 2169 948 2195 rel
969 2177 985 2194 a
998 2168 1102 2196 caneris
1135 2168 1275 2202 repetitam
1292 2174 1373 2199 esse;
1392 2168 1437 2193 sed
1470 2167 1520 2193 hoc
1553 2174 1697 2194 commune
1721 2167 1814 2194 vitium
1833 2173 1876 2194 cst

263 2222 434 2257 superiorum
453 2225 617 2255 temporum,
631 2221 663 2247 dc
680 2227 733 2254 quo
757 2220 818 2246 nolo
831 2219 921 2254 justas
938 2229 1095 2255 magnorum
1111 2220 1231 2246 virorum
1247 2219 1373 2254 querelas
1395 2224 1527 2253 repetere,
1545 2219 1614 2246 satis
1635 2223 1678 2246 est
1699 2218 1875 2246 admonuisse

264 2276 390 2304 lectores,
410 2281 454 2305 ne,
475 2273 521 2299 ubi
538 2279 640 2307 pathuS
659 2272 775 2298 viderint
794 2272 873 2298 nobis
888 2278 1115 2300 cotttntcmoratos
1140 2273 1250 2300 codices
1271 2273 1390 2307 aliquant
1409 2281 1463 2308 prie
1483 2282 1513 2300 se
1538 2273 1609 2300 ferre
1633 2273 1788 2305 lectionem,
1815 2280 1875 2299 eattt

263 2328 353 2354 statim
371 2334 519 2361 paucorum
539 2329 643 2360 putent,
659 2325 707 2360 qui
725 2333 802 2352 error
821 2325 923 2356 tttultis,
940 2326 1021 2352 etiam
1035 2326 1123 2353 doctis
1139 2325 1217 2357 viris,
1235 2325 1335 2353 obfuit.

302 2382 399 2410 Omnis
417 2382 474 2408 lttcc
490 2381 575 2409 editio
593 2385 715 2408 veterum
731 2381 929 2407 historicorum
947 2379 1049 2408 Valesii
1073 2382 1280 2416 elegantissime
1301 2383 1416 2417 repetita
1436 2382 1487 2409 fuit
1503 2390 1518 2408 α
1536 2382 1684 2410 Guilielmo
1705 2381 1855 2416 lleadingio
1867 2401 1875 2413 ,

267 2436 415 2467 Britanno,
433 2433 619 2469 Cantabrigiat
637 2433 705 2460 17ἳο
733 2433 822 2460 tribus
848 2434 930 2459 tomis
951 2433 1067 2460 'ntaxinti
1084 2434 1205 2468 moduli,
1228 2439 1348 2461 attamen
1370 2443 1432 2461 cuttt
1451 2435 1543 2470 aliqua
1565 2443 1634 2462 nova
1652 2435 1724 2462 dote.
1745 2434 1804 2462 Non
1822 2442 1878 2469 quo

266 2496 315 2523 ego
335 2487 426 2522 magni
447 2486 547 2513 faciant
569 2485 709 2512 variorum
732 2489 813 2511 notas
834 2493 895 2519 qua:
916 2485 953 2512 ibi
974 2485 1005 2511 ad
1034 2484 1195 2514 Valesianas
1217 2495 1357 2514 accessere
1370 2507 1376 2519 ,
1399 2487 1474 2514 leves
1493 2487 1566 2514 ettint
1589 2490 1653 2514 sunt
1673 2487 1809 2522 pleraeque
1827 2494 1879 2513 nec

270 2549 331 2568 cum
348 2539 556 2567 Valesianarttnt
572 2538 796 2565 Observationum
815 2537 949 2571 dignitate
965 2539 1173 2572 comparandae;
1189 2539 1236 2566 scd
1255 2544 1284 2566 ut
1298 2539 1470 2566 commodior
1486 2540 1542 2566 hinc
1560 2544 1603 2566 est
1620 2539 1705 2566 editio
1721 2543 1833 2574 propter
1847 2548 1879 2566 ea

267 2593 339 2628 quod
356 2598 427 2619 nota:
444 2591 548 2618 fuerint
565 2590 697 2624 subjecta:
713 2589 799 2616 textui
812 2609 820 2622 ,
837 2588 878 2616 sic
896 2588 930 2615 ad
947 2588 1111 2618 Theodoreti
1130 2591 1280 2619 liistoriam
1292 2613 1299 2626 ,
1315 2601 1342 2627 p.
1361 2593 1430 2625 (525,
1451 2593 1552 2627 adjecit
1571 2591 1740 2627 Iieadingius
1759 2594 1879 2620 tabulam

268 2646 406 2674 variarunt
425 2645 574 2672 lectionum
593 2651 609 2670 e
627 2643 733 2675 codice,
755 2643 802 2677 qtti
819 2642 958 2677 quondam
979 2642 1073 2670 Merici
1091 2644 1264 2677 Casauboni,
1287 2649 1350 2680 post
1368 2644 1483 2672 Joannis
1502 2643 1607 2671 Joncsii
1626 2644 1689 2671 fuit.
1717 2644 1878 2676 Quanquam

271 2708 364 2735 pauere
381 2703 445 2726 sunt
460 2698 605 2725 admodum
623 2696 808 2733 omninoque,
834 2700 863 2723 ut
878 2696 952 2729 vidi,
971 2697 1175 2725 consentientes
1200 2706 1262 2724 cuttt
1278 2698 1312 2725 iis
1329 2705 1390 2733 qua:
1413 2696 1668 2731 Christophorsono
1692 2696 1881 2730 ct’Scaligem

271 2754 297 2780 in
323 2752 443 2779 editione
458 2749 611 2778 Genevensi
638 2749 810 2777 tribuuntur.
827 2748 971 2776 Postremo
989 2751 1034 2776 vix
1049 2750 1148 2777 attinet
1169 2750 1388 2778 co'tnmemorare
1408 2750 1558 2777 editionem
1582 2757 1642 2777 eam
1666 2757 1727 2784 qua:
1749 2749 1881 2783 Augusta:

272 2805 454 2832 'l‘auriuornm
482 2803 549 2830 1748
568 2802 688 2839 prodiit;
714 2809 831 2836 namque
855 2805 897 2828 est
917 2808 993 2828 mera
1012 2803 1136 2836 repetitio
1155 2803 1339 2836 Britannicae,
1359 2811 1440 2838 quant
1460 2803 1497 2829 ita
1518 2803 1655 2837 sequitur,
1676 2806 1705 2828 ut
1723 2810 1756 2828 tte
1775 2801 1880 2828 disere—

273 2864 367 2894 pantes
381 2859 488 2894 quidem
503 2858 649 2890 lectiones,
665 2865 733 2892 quas
747 2856 916 2891 Readingius
929 2855 963 2882 ad
979 2855 1083 2883 calcem
1098 2856 1227 2883 editionis
1243 2864 1299 2884 suae
1314 2856 1438 2884 ediderat
1459 2855 1526 2883 locis
1543 2855 1602 2883 suis
1618 2855 1699 2882 illam
1713 2856 1754 2882 vel
1778 2854 1879 2882 Valesii
