2013 3114
151 221 180 255 l7
857 224 1063 254 PR/EFATIO.
1748 225 1779 253 18

149 283 218 308 ηοω
240 285 337 307 errore
355 278 473 314 quodam
493 279 519 306 in
539 278 593 307 illis
611 279 753 307 variorum
776 280 870 316 positae
887 279 999 309 Valesio
1023 282 1138 310 redditm
1162 283 1282 314 l‘ueiiut,
1307 289 1465 317 quanquam
1488 290 1609 310 errorem
1628 283 1689 319 ipse
1707 283 1779 312 Rea-

149 332 263 367 dingius
277 330 460 366 prodiderat;
479 335 508 358 ut
520 331 589 359 nihil
605 332 696 359 dicam
714 331 915 361 Taurinensem
929 333 1082 361 litterarum
1101 334 1197 362 formis
1216 339 1241 362 ct
1260 335 1335 362 vitiis
1351 342 1500 370 operarum
1518 334 1678 363 Britannica
1695 337 1775 372 longe

148 386 318 413 deteriorem
337 392 409 413 esse.

185 437 224 465 Ex
241 437 284 465 his
302 437 386 472 igitur
400 437 480 465 libris
497 445 546 473 per
571 439 758 474 typographos
775 439 858 468 editis
887 441 1049 469 universam
1076 442 1224 470 varietatis
1253 442 1350 469 silvam
1380 442 1576 473 adhibuimus,
1606 449 1661 469 non
1689 443 1779 477 negli—

150 494 244 526 gentes
262 497 339 524 eam,
357 498 440 525 qnam
458 490 594 519 Eusebius
606 512 613 525 ,
630 491 803 520 Athanasius
816 514 823 525 ,
841 492 983 526 Hilarius,
1001 493 1193 530 Epiphanius,
1214 495 1361 528 Socrates,
1380 495 1573 527 Sozomenus,
1590 494 1779 530 Nicephorus,

149 544 271 578 itemque
288 543 410 578 scriptor
427 543 558 571 Historiae
571 544 719 579 tripartito:
733 544 887 573 oderehant
905 545 933 572 in
957 546 1025 574 locis
1042 537 1096 578 iis,
1115 547 1161 574 ubi
1180 547 1221 573 vel
1240 551 1370 582 excerpta
1389 555 1403 573 e
1427 547 1605 574 'l‘bcodoreto
1631 547 1777 579 dederant,

149 596 190 623 vel
205 596 311 631 scripta
330 597 441 631 publica
458 604 474 623 a
490 600 589 625 nostro
603 598 913 634 quoquepromulgata.
940 598 1105 633 Quanquam
1131 599 1156 625 in
1174 599 1216 625 his
1241 598 1313 625 hunc
1335 599 1473 625 tenuimus
1491 598 1602 625 modum
1614 619 1621 630 ,
1640 601 1685 631 ut,
1709 606 1780 633 quo-

150 650 221 676 niam
238 648 444 678 Theodoretum
461 651 619 686 exprimere
636 651 798 679 volebamus
813 656 840 679 et
855 653 959 686 scripta
980 651 1093 686 publica
1109 651 1174 677 talia
1187 671 1194 683 ,
1209 651 1302 686 qualia
1319 651 1342 678 is
1361 658 1417 678 sua:
1433 650 1557 678 historiae
1574 651 1780 682 immiscuerat,

149 708 196 728 cas
212 700 270 729 fere
287 702 422 731 lectiones
437 704 713 738 praetermitteremus
725 725 732 736 ,
749 705 853 740 quibus
868 703 1036 732 Theodoreti
1061 703 1217 738 extemplum
1244 703 1391 731 videbatur
1415 711 1430 730 a
1455 703 1566 731 caneris
1590 703 1777 738 discrepasse.

151 752 198 781 Usi
213 761 314 782 sumus
331 754 413 781 etiam
430 755 693 789 emendationibus,
716 764 786 792 quas
805 756 903 784 Joach.
927 756 1105 784 Camerarius
1128 759 1285 783 tentaxerat
1307 755 1339 782 ad
1364 755 1516 791 marginem
1538 755 1782 790 interpretationis

151 807 408 835 Latine'Historiae
422 808 587 836 Theodoreti
606 817 667 844 qum
684 809 798 837 Basilem
816 810 884 837 1556
902 813 986 845 atque
1002 810 1085 837 etiam
1103 810 1170 836 alibi
1186 810 1260 837 edita
1280 809 1347 837 fuit.
1370 809 1421 837 Sed
1440 814 1540 844 prmtcr
1559 817 1641 844 quam
1660 809 1687 836 in
1709 810 1782 836 uotis

151 861 182 888 ad
199 864 306 888 textum
324 862 552 889 constituendum
570 863 774 897 pertinentibus
786 884 792 894 ,
810 864 886 898 parci
906 863 1010 891 fuimus
1028 863 1054 890 in
1073 863 1181 892 caeteris
1193 884 1199 896 ,
1219 871 1254 891 ne
1280 863 1430 891 voluminis
1456 863 1555 890 molem
1582 868 1677 890 nostra
1700 862 1780 896 culpa

150 919 335 947 augerentus,
353 913 523 948 omninoque
539 922 622 942 omne
639 915 763 942 studium
782 916 815 942 ad
837 915 989 951 Scriptura:
1006 916 1195 951 integritatem
1213 919 1240 943 et
1256 923 1361 951 paucos
1387 916 1413 942 in
1435 915 1687 951 primis-obscuros
1707 915 1783 941 locos

152 965 309 992 retulimus.
326 965 355 992 1n
371 966 472 1001 quibus
488 967 539 993 hoc
559 975 644 994 unum
665 968 759 996 licebit
776 969 876 996 addere
891 979 895 996 :
916 969 1099 997 subdubitare
1117 977 1169 996 nos
1185 969 1218 996 ad
1238 968 1310 996 Hist.
1329 969 1404 996 Eccl.
1427 969 1476 996 lib.
1498 976 1535 1001 IV,
1560 977 1585 996 c.
1600 968 1635 1001 9,
1651 971 1710 995 not.
1728 966 1762 994 10
1774 988 1781 1000 ,

150 1017 224 1044 sitne
247 1018 285 1045 ibi
313 1022 416 1046 nostra)
446 1019 616 1054 prwft‘renda
644 1021 805 1055 conjectura
832 1021 961 1048 Cotelorii
992 1021 1081 1056 (Not.
1100 1023 1134 1049 ad
1151 1021 1227 1049 Eccl.
1244 1021 1330 1048 (ἳνα-α.
1346 1020 1466 1048 Monum.
1497 1024 1517 1048 t.
1538 1020 1560 1053 I,
1579 1027 1606 1055 p.
1625 1019 1710 1053 719),
1735 1020 1783 1054 qui

149 1078 260 1098 omnem
285 1071 336 1098 loci
363 1071 485 1099 mendosi
514 1073 710 1100 obscuritatem
741 1078 831 1100 natam
864 1079 940 1108 putat
970 1082 1002 1102 ex
1034 1075 1185 1110 archetypo
1213 1074 1340 1108 epistolae
1364 1073 1505 1113 synodicae
1528 1072 1646 1103 Latino,
1673 1071 1700 1098 in
1727 1079 1782 1106 quo

150 1123 286 1156 scriptum
308 1124 408 1150 fuerit:
427 1123 575 1158 Siquidem
592 1125 692 1159 fuerint
708 1134 740 1152 ea;
756 1127 885 1160 episcopis
906 1128 950 1161 qui
971 1127 996 1153 in
1015 1134 1077 1154 FIDE
1096 1135 1146 1154 v15:
1165 1131 1226 1154 sunt
1244 1127 1322 1158 sani,
1349 1134 1399 1161 pro
1425 1133 1481 1162 quo
1508 1125 1621 1154 Graecus
1645 1125 1783 1160 interpres

151 1177 221 1204 male
238 1177 333 1211 legerit
349 1186 354 1203 :
375 1178 400 1204 in
417 1178 434 1211 ﬁ
447 1186 467 1204 ie
483 1178 534 1204 usi.

139 1295 150 1305 κ
187 1266 215 1294 In
231 1266 369 1294 ΡΙιίιοιΙιεο
385 1275 433 1295 seu
457 1267 585 1303 religiosa
604 1268 718 1295 historia
736 1267 900 1296 Theodoreti
924 1268 1167 1304 nihil'adjuzuenti
1187 1271 1335 1298 habuimus
1363 1278 1376 1297 a
1402 1270 1513 1304 scriptis
1538 1269 1656 1297 editisve
1681 1270 1780 1303 libris;

151 1328 215 1346 nam
232 1321 278 1347 illa
297 1321 416 1348 varietas
433 1321 562 1349 editionis
578 1321 751 1349 Hervetianze
766 1329 827 1355 quat
843 1321 925 1350 istam
944 1322 1087 1350 historiam
1117 1322 1151 1350 de
1184 1323 1280 1350 Graeco
1309 1322 1435 1350 Latinam
1462 1323 1582 1350 reddidit
1604 1322 1696 1350 Paris.
1713 1323 1782 1357 1555

151 1373 310 1407 quaternis,
329 1374 374 1400 vix
389 1373 472 1409 digna
488 1377 529 1401 est
546 1375 626 1408 cujus
641 1375 810 1417 mentionem
829 1374 1044 1402 l'aciamus.‘Scd
1061 1377 1085 1402 ci
1105 1375 1285 1410 adjuuximus
1301 1383 1364 1402 cum
1385 1375 1504 1402 llcrreto
1522 1374 1677 1401 Orationem
1693 1375 1782 1402 Theo-

152 1427 241 1454 doreti
259 1427 291 1454 de
308 1427 439 1455 cliaritate
454 1435 468 1455 a
484 1427 632 1456 Sirmondo
649 1428 676 1455 in
693 1431 821 1464 quartum
842 1433 945 1456 tomum
960 1429 1064 1463 rejecta
1077 1451 1085 1462 ,
1104 1437 1167 1456 cum
1184 1429 1267 1457 veluti
1284 1429 1410 1464 epilogus
1430 1429 1467 1456 sit
1486 1429 1623 1464 religiosae
1645 1428 1780 1456 historiae.

157 1478 288 1514 Epistolas
307 1484 397 1506 tamen
410 1501 417 1512 ,
435 1488 504 1515 quas
521 1481 632 1507 tertium
649 1480 936 1508 Sirmondi‘volumen
954 1482 1206 1517 complectebatur,
1227 1482 1319 1509 satius
1344 1482 1476 1509 duximus
1501 1482 1598 1516 quinto
1621 1486 1695 1508 tonio
1720 1489 1780 1508 scr-

153 1539 217 1559 vare
231 1536 375 1567 propterea
401 1533 474 1567 quod
500 1537 527 1560 et
550 1534 619 1560 alias
636 1538 727 1561 tomus
751 1533 790 1564 is,
811 1541 892 1568 quem
910 1533 1065 1565 edidimus,
1083 1533 1231 1561 videbatur
1250 1534 1433 1568 amplitudine
1451 1541 1516 1566 sua,
1545 1538 1574 1560 ut
1600 1534 1646 1560 ille
1661 1533 1776 1568 quintus

153 1577 287 1618 parvitate
299 1605 306 1617 ,
322 1585 433 1612 modum
448 1585 596 1618 excedere,
612 1589 638 1614 et
653 1586 832 1621 sperabamus
850 1585 908 1614 fore
923 1590 952 1612 ut
977 1586 1204 1614 nanciscerentur
1225 1586 1330 1618 aliquot
1346 1579 1414 1613 alias
1438 1585 1605 1614 Theodoreti
1619 1587 1752 1620 epistolas
1764 1607 1772 1618 ,

153 1636 253 1671 quibus
268 1637 326 1664 hmc
342 1641 438 1664 nostra
453 1637 538 1664 editio
557 1638 718 1673 locupletari
735 1638 855 1673 quodam
872 1638 953 1666 modo
967 1642 1072 1673 posset.

188 1689 308 1717 Omnino
323 1693 428 1717 textum
446 1689 612 1718 Theodoreti
629 1699 644 1718 e
659 1691 821 1719 recensione
836 1691 1031 1719 Sirmoudiana
1046 1690 1247 1725 expressimus,
1274 1689 1325 1718 nisi
1342 1689 1370 1717 in
1385 1690 1455 1717 locis
1471 1690 1515 1721 iis,
1530 1697 1592 1724 qum
1606 1690 1647 1717 vel
1662 1690 1782 1724 ineptam

157 1743 301 1770 lectionem
324 1743 457 1770 haberent
478 1744 521 1771 vel
541 1744 621 1771 talem
634 1764 641 1776 ,
666 1752 749 1779 quam
771 1744 991 1772 reclamantibus
1015 1743 1094 1771 libris
1112 1743 1252 1771 universis
1269 1742 1436 1770 Sirmondus
1454 1742 1596 1770 intulerat.
1613 1742 1684 1769 Nihil
1704 1741 1785 1777 quid-

156 1804 237 1830 quam
254 1796 308 1831 ipsi
325 1796 384 1824 sine
399 1797 477 1824 libris
492 1796 642 1824 emendare
657 1797 717 1824 ausi
733 1804 830 1824 sumus
850 1801 949 1832 prieter
965 1804 1047 1831 quam
1067 1796 1093 1823 in
1110 1797 1207 1831 paucis
1224 1796 1292 1824 locis
1320 1803 1380 1831 qua:
1395 1795 1542 1833 manifesto
1564 1796 1632 1822 vitio
1658 1795 1785 1823 laborare

158 1849 332 1876 videbantur.
351 1849 404 1876 Sed
421 1849 579 1884 ubicunque
593 1853 684 1876 tamen
696 1869 702 1880 ,
719 1849 791 1883 quod
810 1856 920 1883 quaque
937 1849 970 1876 de
987 1857 1072 1876 causa
1089 1849 1310 1877 discesserimus
1331 1857 1346 1876 a
1365 1848 1531 1880 Sirmondo,
1547 1849 1667 1876 lectores
1689 1849 1785 1875 admo—

159 1902 495 1938 nuimus.Denique,cum
511 1903 539 1930 in
556 1902 679 1930 Historia
696 1901 861 1929 Theodoreti
879 1901 1070 1929 ecclesiastica
1087 1908 1204 1936 quaeque
1221 1900 1278 1928 fere
1293 1901 1382 1928 editio
1400 1901 1483 1927 aliain
1498 1901 1632 1936 partiendi
1650 1902 1783 1928 rationem

159 1961 331 1992 sequeretur.
350 1962 456 1985 servata
474 1957 584 1992 quidem
603 1956 796 1984 Sirmondiana
812 1956 844 1982 ad
861 1955 1014 1990 marginem
1030 1953 1193 1980 curavimus
1207 1953 1297 1980 notari
1313 1961 1375 1980 eam
1392 1953 1419 1979 in
1439 1953 1530 1988 capita
1547 1953 1709 1981 divisionem
1726 1962 1785 1988 qua:

159 2010 184 2036 in
201 2006 309 2038 caeteris
325 2010 495 2037 cditionibus
509 2010 650 2037 obtinebat
663 2030 669 2040 ,
687 2013 716 2036 ut
732 2017 791 2043 quae
808 2008 962 2036 sccundmn
978 2007 1042 2034 illas
1056 2006 1141 2034 citata
1157 2009 1325 2038 occurrant,
1346 2005 1457 2033 facilius
1474 2007 1556 2033 etiam
1577 2006 1604 2033 in
1630 2011 1724 2033 nostra
1745 2015 1786 2033 re-

160 2062 312 2096 periantur.

193 2114 328 2141 Caeterum
339 2134 346 2146 ,
363 2119 391 2141 ut
406 2114 524 2142 maxima
540 2115 600 2141 laus
614 2113 730 2141 debetur
741 2112 917 2140 curatoribus
930 2111 1084 2147 bibliopolii
1098 2111 1331 2147 orphanotrophei
1349 2112 1451 2144 nostri,
1468 2112 1514 2147 qui
1530 2113 1614 2140 tantis
1631 2111 1788 2146 sumptibus

160 2171 185 2193 et
199 2167 345 2194 incredibli
364 2167 507 2203 diligentia
522 2175 635 2203 operam
649 2166 784 2194 dederunt
798 2169 828 2193 ut
841 2172 923 2200 quam
939 2164 1168 2192 emendatissime
1184 2164 1409 2199 amplissimequc
1424 2165 1630 2192 excuderentur
1643 2168 1698 2191 tam
1713 2168 1788 2191 vasta

160 2218 325 2247 Theodoreti
339 2219 428 2254 Opera
439 2241 446 2253 ,
462 2224 586 2254 tempore
601 2227 634 2246 eo
649 2225 704 2253 quo
721 2217 777 2245 fere
793 2217 886 2245 studia
901 2216 1060 2244 Graecarum
1077 2216 1233 2243 litterarum
1248 2236 1254 2248 ,
1271 2215 1297 2242 iu
1314 2216 1467 2252 primisque
1482 2220 1642 2244 sanctorum
1658 2215 1768 2242 Patrqu
1781 2236 1787 2246 ,

162 2271 276 2305 frigere,
301 2276 377 2300 certe
401 2272 539 2299 rarissimi
563 2279 626 2299 esse
648 2271 747 2298 harum
770 2277 862 2297 rerum
885 2273 1025 2304 emptores
1052 2269 1204 2295 videntur:
1231 2268 1269 2294 ita
1288 2276 1369 2302 spero
1389 2268 1448 2295 fore
1467 2272 1497 2295 ut
1514 2268 1613 2295 harum
1634 2268 1788 2305 litterarum

162 2327 283 2351 amantes
297 2327 325 2351 et
340 2323 459 2351 studiosi
473 2323 526 2351 viri
542 2323 585 2351 vel
604 2321 845 2350 commendatione
864 2328 913 2349 sua
931 2321 1161 2348 honestissimum
1190 2320 1263 2347 istud
1290 2321 1449 2347 institutum
1475 2320 1624 2355 adjuvant,
1649 2320 1790 2354 Deumque

162 2375 192 2403 0.
216 2376 251 2403 Μ.
273 2384 341 2412 rogo
365 2382 394 2405 ut
416 2378 574 2412 quicunque
595 2377 638 2404 his
654 2376 734 2403 libris
758 2375 926 2402 Theodoreti
944 2375 986 2402 usi
1001 2373 1128 2406 fuerint,
1142 2381 1190 2401 eos
1207 2381 1290 2408 qttam
1310 2373 1445 2407 plurimos
1461 2381 1556 2401 corum
1574 2374 1678 2401 fructus
1695 2373 1726 2400 ad
1741 2372 1790 2400 do-

161 2430 275 2456 ctrinam
291 2431 476 2464 pietatemque
492 2430 616 2457 alendam
631 2433 713 2463 atque
730 2428 881 2463 augendam
897 2435 995 2463 capere
1009 2427 1114 2462 jubeat.

196 2492 302 2528 Scripsi
320 2493 400 2522 Halis
416 2494 459 2521 die
474 2494 508 2520 ‘27
529 2493 631 2528 Aprilis
647 2500 711 2519 ann.
732 2491 810 2518 l77l.

842 2673 1126 2705 COROLLARIUM.

193 2747 262 2774 Cum
279 2746 315 2773 ad
332 2752 394 2773 eam
411 2748 512 2779 partem
532 2745 698 2772 scholiorum
717 2743 881 2771 Theodoreti
900 2743 927 2769 in
943 2740 1080 2775 Epistolas
1097 2739 1227 2767 Paulinus
1243 2738 1430 2773 pervenissent
1443 2759 1449 2770 ,
1467 2739 1510 2765 ubi
1530 2737 1631 2764 mentio
1653 2737 1722 2764 facta
1738 2741 1796 2764 crat

162 2800 214 2826 loci
233 2800 241 2826 l
257 2800 326 2827 Cor.
347 2806 395 2830 ιιι,
412 2798 461 2830 l3,
479 2798 513 2826 de
527 2798 588 2833 igne
603 2798 694 2825 omnia
710 2801 887 2832 spcctaturo,
907 2794 1077 2828 alteriusque
1093 2793 1182 2820 Galat.
1200 2799 1237 2824 tt,
1255 2791 1302 2826 qui
1323 2791 1400 2818 Pauli
1423 2798 1486 2818 cum
1514 2789 1596 2817 Petro
1619 2789 1795 2823 disceptatio-

163 2858 224 2878 nem
251 2850 461 2885 complectitur,
485 2853 566 2885 atque
590 2849 781 2877 observasscm
805 2846 1065 2883 interpretationem
1092 2845 1175 2880 hujus
1201 2843 1399 2872 eTheodoreti
1414 2841 1624 2871 commentariis
1641 2841 1795 2873 excidisse,

164 2907 262 2931 contra
279 2904 308 2930 in
325 2903 374 2930 illo
389 2901 594 2937 interpretando
606 2909 668 2930 esse
683 2902 729 2937 qui
744 2901 870 2929 dicerent
882 2899 1089 2928 Theodoretum
1104 2897 1252 2933 quamdam
1268 2896 1349 2931 quasi
1363 2895 1594 2931 signiﬁcationem
1610 2893 1681 2929 ignis
1693 2913 1700 2926 ,
1715 2899 1794 2925 quem

165 2957 363 2991 purgatorium
382 2956 535 2991 appellant.
552 2956 709 2991 reperisse:
726 2954 872 2990 sperabam
894 2961 937 2982 me
961 2953 1083 2986 interea,
1101 2949 1167 2978 dum
1191 2948 1410 2977 commentarius
1437 2948 1488 2975 iste
1512 2947 1674 2983 typograplii
1699 2945 1795 2972 formis

627 3036 641 3045 κ
