2013 3114
215 273 246 306 l'J
794 273 899 303 JOAN.
918 273 1005 302 AUG.
1020 272 1214 302 NUESSELT
1807 267 1845 299 20

213 328 433 360 cxscribcretur,
449 328 553 363 aliquid
569 332 762 364 reperturum,
778 329 851 356 unde
870 329 942 356 ratio
959 333 986 356 et
1001 336 1093 356 causa:
1109 328 1192 363 hujus
1207 328 1265 355 sive
1277 327 1431 355 additionis
1455 328 1514 355 sive
1533 326 1714 354 detractionis
1734 327 1841 354 certius

220 382 450 417 intelligerentur.
467 380 496 408 in
512 388 568 416 quo
583 382 634 408 etsi
652 389 694 408 me
713 389 776 416 spes
801 381 914 413 felcllit,
930 381 1002 408 dabo
1019 385 1110 406 tamen
1127 388 1187 415 qua:
1201 367 1256 406 nisi
1277 379 1310 406 ad
1328 387 1387 406 eam
1406 386 1462 406 rem
1479 378 1671 406 illustrandam
1688 377 1838 405 admodum

213 434 332 466 faciant,
348 438 424 461 certe
439 433 562 461 excitare
577 434 646 460 alios
662 434 696 461 ad
714 434 828 462 meliora
843 433 993 469 quaerenda
1011 433 1130 468 possint.

249 487 334 516 Vetus
362 493 416 521 est,
434 495 591 523 quanquam
608 498 622 514 a
643 487 748 516 Latinis
771 489 876 517 Graecis
907 488 1026 520 reddita,
1054 488 1168 523 querela
1194 487 1353 514 Grrecorum
1367 496 1374 513 :
1390 486 1572 513 adulteratam
1585 493 1646 512 esse
1657 493 1705 522 per
1729 484 1845 512 Latinos

213 541 325 568 l'atrum
345 541 504 568 Graecorum
516 541 724 573 auctoritatem,
738 542 906 577 collegitque
923 542 989 568 talia
1005 541 1183 576 querelarum
1201 541 1282 576 plena
1301 540 1360 566 loca
1378 539 1433 566 Leo
1445 539 1564 566 Allalius
1581 538 1617 565 De
1630 538 1732 565 Eccles.
1751 537 1843 565 Occid.

212 600 237 622 et
261 593 391 621 Oriental.
418 598 545 628 perpetua
574 595 754 626 consensione,
775 595 822 622 lib.
850 603 891 627 tu,
907 602 933 622 c.
949 594 996 629 t,§
1026 593 1053 620 5.
1073 592 1108 620 Ut
1127 593 1211 621 unius
1237 592 1403 620 Theodoreti
1433 599 1547 619 causam
1578 598 1740 626 persequar,
1766 590 1845 617 nullo

215 646 295 673 modo
316 646 447 687 credibile
462 651 505 673 est
521 646 610 674 locum
623 647 651 674 in
667 646 789 681 Epistula
810 647 844 674 ad
869 647 980 674 Galatas
996 646 1030 673 ab
1045 654 1079 674 eo
1103 646 1163 674 sine
1175 645 1405 681 interpretatione
1418 645 1510 680 aliqua
1537 644 1764 680 praetermissum,
1781 650 1844 670 cum

184 721 189 726 .
214 699 287 726 haud
303 699 385 726 dubie
403 699 527 726 habuerit
542 699 630 726 locum
644 701 670 726 in
680 700 763 729 libris
778 700 837 728 suis
849 704 876 728 et
890 707 962 735 saepe
973 699 1039 726 alibi
1052 699 1132 726 istius
1147 699 1231 726 verba
1242 698 1398 733 protulerit,
1410 705 1499 733 neque
1509 697 1552 725 vel
1569 697 1592 724 is
1607 696 1727 731 sitquasi
1738 695 1847 731 ignobi-

215 751 249 779 lis
266 751 342 778 locus
352 752 474 786 adquem
487 753 554 779 nihil
571 753 714 793 commode
729 753 781 780 dici
796 755 896 788 pOSs‘it,
925 753 965 780 vel
977 753 1014 780 ita
1039 753 1182 788 negligens
1196 751 1388 780 Thcodoretus
1399 756 1428 779 ut
1441 753 1501 787 ipsa
1517 755 1609 778 textus
1634 754 1690 778 non
1714 749 1846 777 illustrati

216 803 299 830 verba
318 804 518 839 prmtermittat.
544 804 612 832 Tres
628 809 693 832 sunt
708 805 822 833 omnino
835 804 946 833 codices
961 806 1223 833 commentariorum
1247 805 1415 833 Theodoreti
1430 805 1459 832 iit
1478 804 1555 832 Pauli
1576 803 1713 839 Epistolas
1733 802 1767 830 ad
1789 802 1845 830 hoe

216 866 303 891 usque
312 863 418 892 tempus
431 862 559 886 accurate
570 859 672 886 collati.
683 858 758 886 Unus
773 859 805 891 is,
816 867 896 894 quem
909 859 1042 886 Hervetus
1051 859 1078 886 in
1098 859 1325 894 interpretatione
1336 866 1385 889 sua
1397 862 1509 886 secutus
1521 861 1573 890 est,
1586 861 1742 891 acceptum,
1753 861 1781 883 ut
1795 855 1846 888 ait,

217 918 231 936 ο
245 909 497 937 ΜιιιτιυΗοΟιειὝίιιο
507 930 514 942 ,
524 910 658 937 cardinali
677 911 785 938 Sancta:
802 911 910 941 Crucis,
922 912 970 946 qui
983 919 1012 946 pc

1053 933 1056 943 ,
1075 917 1220 947 assumpto
1230 912 1351 939 Marcelli
1365 911 1482 940 secundi
1493 911 1604 938 nomine
1614 931 1621 943 ,
1638 914 1771 945 tanquam
1782 917 1848 945 pon-

219 962 280 989 tifex
293 962 328 989 l-Ic
347 963 440 990 lesiam
451 962 600 990 Romanam
610 964 690 991 rexit.
700 963 785 996 Quem
795 971 856 991 cum
865 965 933 992 satis
944 970 1050 993 constet
1060 973 1093 992 eo
1103 970 1224 1000 tempore
1238 965 1413 992 bibliotheca:
1425 963 1566 991 Vaticantc
1579 963 1738 999 praefectum
1751 962 1847 994 fuisse,

219 1016 366 1050 multisque
378 1024 436 1043 eam
451 1016 540 1047 libris.
557 1017 674 1044 maxime
688 1016 803 1051 Gt'wcis,
820 1017 1015 1052 locupletasse,
1025 1027 1105 1046 usum
1119 1019 1145 1045 in
1162 1018 1257 1053 primis
1275 1025 1359 1052 opera
1376 1017 1517 1044 Guilielmi
1531 1017 1637 1048 Sirleti,
1653 1019 1771 1051 quernei.
1786 1015 1848 1050 ipse

221 1069 353 1096 llervetus
380 1069 407 1096 in
437 1069 602 1097 Prtefatione
626 1074 758 1104 tanquam
788 1071 822 1097 de
855 1071 906 1098 loci
923 1071 931 1097 Ι
947 1071 1012 1098 Cor.
1035 1079 1064 1098 ιιι
1100 1071 1234 1099 varietate
1260 1071 1455 1098 admonentem
1486 1075 1704 1101 commemorat.
1726 1076 1849 1104 cumque

221 1123 356 1150 licrrctus
373 1123 494 1157 (epistol.
521 1110 642 1150 dedicat.
666 1123 907 1158 interpretationis
931 1129 1113 1152 commentar.
1141 1124 1335 1160 Chrysostomi
1358 1124 1386 1151 in
1404 1123 1540 1158 Psalmos)
1565 1123 1728 1158 proiitcatur
1751 1130 1780 1149 se
1801 1129 1850 1156 per

222 1175 255 1202 Μ.
284 1176 433 1203 Corvinum
459 1176 582 1204 codicem
606 1176 799 1212 Chrysoslomi
823 1185 838 1204 c
863 1176 1036 1205 Ferrariensi
1060 1176 1304 1204 Dominicanorum
1329 1180 1357 1204 et
1380 1176 1572 1203 .Caaseuatensi
1598 1174 1849 1202 Franciscanortun

221 1230 396 1258 bibliothecis
410 1230 580 1266 descriptum
603 1230 733 1257 habuisse
753 1237 759 1255 :
777 1230 929 1265 probabilis
958 1230 1083 1270 suspicio
1108 1234 1151 1257 est
1174 1228 1342 1256 Theodoreti
1368 1228 1597 1259 commentarios,
1619 1235 1690 1262 quos
1711 1227 1850 1254 llcrvetus

221 1282 350 1313 trahebat.
373 1282 459 1311 fuisse
475 1291 492 1311 e
507 1282 604 1313 codice
626 1282 722 1310 Italico
737 1283 857 1314 ductos,
875 1283 909 1310 de
931 1283 1011 1317 cujus
1027 1283 1139 1317 generis
1160 1282 1240 1309 libris
1258 1281 1360 1309 deinde
1380 1281 1480 1309 dicam.
1494 1280 1563 1308 Tum
1587 1279 1765 1310 Sirmoudus,
1787 1288 1850 1306 cum

222 1337 328 1370 primus
340 1335 504 1363 Theodoreti
517 1335 623 1364 scholia
638 1336 732 1364 Graeca
747 1335 851 1367 ederet,
869 1344 924 1363 non
939 1335 1053 1371 quidem
1066 1335 1134 1362 dicit
1145 1342 1199 1370 quo
1215 1334 1252 1361 sit
1265 1333 1361 1361 codice
1374 1341 1452 1366 usus,
1470 1333 1517 1361 sed
1533 1341 1608 1364 cum,
1621 1332 1654 1359 de
1669 1332 1844 1367 professione

221 1396 270 1416 sua
285 1389 376 1424 (Praef.
398 1390 431 1417 ad
451 1394 519 1417 tom.
537 1390 546 1417 Ι
561 1389 630 1424 Opp.
652 1389 842 1423 Theodoreti),
862 1390 889 1416 in
909 1389 1006 1424 primis
1027 1387 1140 1415 codices
1159 1386 1333 1414 bibliothecae
1357 1387 1440 1422 regite
1466 1385 1637 1412 Parisieusis
1662 1384 1848 1415 consuluerit,

221 1441 266 1467 vix
284 1448 347 1468 eum
362 1441 483 1468 dubitari
507 1445 597 1476 potest
625 1442 727 1471 librum
752 1442 888 1477 scriptum
914 1441 1077 1468 adhibuisse
1099 1439 1146 1474 qui
1170 1447 1242 1466 unus
1257 1442 1386 1473 superest
1403 1439 1431 1465 in
1446 1437 1493 1465 illa
1513 1437 1693 1469 bibliotheca,
1712 1443 1851 1471 quemque

222 1492 302 1520 Rich.
321 1493 415 1520 Simon
434 1493 517 1528 (llist.
533 1494 597 1520 crit.
613 1498 791 1522 comntentat.
810 1495 836 1521 in
853 1493 884 1521 N.
897 1493 929 1521 Τ.
947 1493 1010 1527 3'23)
1033 1492 1168 1519 novitium
1179 1491 1246 1519 dicit
1264 1499 1383 1526 eumque
1408 1491 1604 1522 chartaceum,
1624 1490 1727 1517 factum
1750 1489 1784 1516 de
1798 1488 1853 1514 alio

222 1545 251 1572 in
265 1543 352 1573 italia.
363 1545 395 1573 Et
411 1554 476 1574 vero
495 1546 578 1574 etiam
596 1545 694 1574 Petrus
709 1546 827 1574 A'Hixius
847 1546 885 1581 (in
902 1546 977 1574 notis
994 1545 1027 1573 ad
1040 1545 1164 1572 Nectarii
1175 1545 1307 1580 confutet.
1320 1545 1424 1579 imperii
1441 1543 1521 1578 Papa:
1538 1545 1566 1570 in
1577 1543 1735 1572 Ecclesium.
1749 1541 1851 1576 p.419)

224 1605 253 1624 se
265 1597 440 1632 expcttdisse,
460 1598 560 1633 inquit,
577 1598 654 1625 illum
673 1599 795 1627 codicem
811 1607 892 1634 quem
908 1603 1021 1627 secutus
1036 1598 1072 1626 sit
1088 1599 1254 1626 Sirmondus
1273 1599 1299 1625 in
1317 1598 1470 1625 omittendo
1491 1598 1553 1624 loco
1566 1596 1642 1623 Pauli
1661 1595 1695 1622 de
1711 1603 1760 1622 stta
1783 1601 1848 1621 ctttn

223 1649 305 1677 Petro
333 1651 534 1684 controversia,
552 1653 599 1686 qui
625 1651 784 1686 descriptus
809 1653 856 1684 sit,
884 1653 911 1679 ni
931 1653 1051 1685 fallatur.
1076 1661 1108 1681 ex
1134 1654 1250 1688 antiqtto
1279 1653 1376 1680 codice
1401 1651 1562 1679 Florentino
1590 1651 1617 1677 iit
1632 1657 1688 1685 quo
1713 1653 1770 1676 tota
1792 1648 1852 1675 hace

223 1703 339 1738 περιοχὴ
363 1711 441 1730 erasa
469 1703 562 1731 fuerit.
594 1703 725 1731 Nostrum
750 1713 814 1732 vero
841 1713 960 1739 eumqtte
989 1705 1153 1732 Bavaricum
1169 1705 1294 1732 codicem
1318 1705 1344 1730 iu
1362 1712 1429 1740 quo,
1449 1704 1510 1730 loco
1537 1711 1571 1730 eo
1598 1703 1670 1729 unde
1685 1701 1852 1729 exciderant

225 1757 329 1784 scholia
349 1756 530 1789 Theodoreti,
552 1765 671 1785 vacuum
694 1764 752 1785 erat
772 1759 897 1786 relictum
917 1760 1056 1793 spatittnt,
1077 1760 1117 1795 (iu
1134 1759 1260 1793 Przcl'at.)
1287 1759 1540 1786 demonstravimus
1566 1757 1700 1786 novitiutn
1725 1765 1804 1786 esse.
1821 1761 1853 1782 ut

225 1809 293 1836 satis
311 1813 441 1843 appareat
454 1809 532 1836 valde
549 1814 694 1844 suspectos
713 1818 775 1838 esse
794 1811 862 1838 istos
876 1811 989 1838 codices
997 1812 1031 1838 de
1047 1811 1108 1838 loco
1121 1819 1135 1838 a
1152 1812 1274 1839 librariis
1291 1811 1495 1839 recentioribus
1507 1811 1636 1839 consulto
1653 1810 1850 1846 praetermisso.

259 1873 316 1899 Jan:
336 1872 369 1900 de
382 1873 470 1900 altero
491 1873 538 1900 illo
554 1873 683 1900 adlCor.
705 1881 744 1904 ιιι,
762 1874 856 1901 nullus
878 1875 971 1901 adhuc
996 1878 1124 1910 repertus
1148 1879 1190 1902 est
1210 1875 1279 1902 liber
1302 1876 1350 1910 qui
1374 1875 1580 1902 Theodoretum
1604 1874 1643 1901 ibi
1669 1877 1800 1908 tanquam
1816 1873 1850 1902 ('e

225 1928 287 1961 igne
302 1925 461 1961 purgatorio
477 1926 635 1962 loquentem
655 1926 815 1958 inducet-ct,
833 1932 932 1962 praeter
956 1929 1038 1955 breve
1052 1923 1138 1955 ~istud
1155 1928 1293 1955 scholium
1318 1929 1346 1956 in
1362 1929 1472 1964 Gagnaai
1488 1925 1706 1959 commentariis,
1731 1926 1852 1961 itemque

225 1978 337 2006 Thema:
365 1977 511 2014 Aquinatis
542 1979 742 2022 testimonium,
769 1979 842 2014 quod
874 1985 1020 2014 utrumque
1047 1981 1080 2008 ad
1107 1982 1184 2009 iiluttt
1210 1982 1301 2009 locum
1328 1981 1620 2009 commemoravimus.
1648 1980 1700 2007 Sed
1729 1980 1849 2015 primum

228 2035 379 2065 repugnant
397 2031 518 2064 codices,
537 2031 570 2058 de
589 2031 691 2066 quibus
707 2035 833 2064 constat,
857 2040 969 2064 omnes,
989 2041 1038 2060 nec
1062 2034 1100 2061 illi
1121 2034 1154 2062 dc
1168 2036 1216 2062 tali
1230 2035 1383 2062 emissione
1399 2034 1523 2069 suspecti
1539 2055 1545 2066 ,
1563 2041 1624 2061 cum
1639 2034 1717 2060 locus
1728 2053 1734 2065 ,
1750 2033 1772 2060 si
1790 2040 1854 2060 vere

225 2083 394 2112 Theodoreti
412 2089 502 2118 esset,
517 2085 630 2125 favisset
647 2085 806 2113 Ci’iBCOt‘Ulll
831 2085 1046 2113 Latinizantium
1064 2087 1217 2120 doctrinae;
1236 2095 1318 2122 porro
1335 2086 1459 2114 Thomas
1484 2087 1565 2122 longe
1588 2086 1671 2112 aliter
1690 2085 1850 2120 loquentem

226 2139 293 2166 facit
313 2140 517 2166 'l'hcodorettmt
541 2147 623 2174 quam
647 2139 775 2166 scholion
803 2140 875 2174 quod
909 2144 1048 2174 repererat
1070 2140 1220 2175 Gagnaeus,
1241 2140 1361 2174 denique
1385 2139 1538 2170 Thomam,
1561 2138 1613 2165 nisi
1635 2138 1694 2172 ipse
1725 2136 1853 2163 fefellerit

227 2193 296 2220 alios
309 2193 359 2219 ista
381 2193 546 2220 auctoritate
562 2193 764 2223 commentitia,
780 2193 853 2227 quod
870 2193 905 2220 ab
925 2193 978 2220 isto
995 2193 1108 2229 quidem
1136 2193 1338 2220 alienissimum
1363 2197 1438 2227 puto,
1457 2197 1546 2218 tamen
1565 2191 1599 2217 ab
1624 2191 1685 2217 aliis
1702 2190 1851 2224 deceptum

226 2244 313 2272 fuisse
330 2245 494 2280 persuadent
513 2245 565 2271 alia
582 2245 739 2272 testimonia
757 2245 870 2272 Patrum
883 2266 889 2277 ,
907 2246 991 2272 veluti
1008 2246 1103 2282 Cyrilli
1115 2267 1121 2278 ,
1139 2254 1200 2281 qua:
1226 2246 1271 2273 ille
1294 2247 1322 2273 itt
1351 2245 1533 2273 defendendis
1562 2244 1693 2270 Romanae
1724 2242 1853 2269 Ecclesia:

226 2297 344 2325 decretis
360 2297 425 2323 alibi
443 2297 520 2323 libris
536 2297 596 2324 suis
614 2297 763 2332 inspersit,
781 2297 913 2326 falsitatis
929 2298 1009 2326 docte
1028 2303 1054 2326 et
1071 2300 1184 2334 copiose
1208 2300 1336 2327 convicta
1362 2307 1410 2334 ραι
1425 2297 1506 2326 Joau.
1527 2297 1692 2327 Lauuoium,
1719 2295 1852 2331 cpistola-

227 2359 286 2379 ruzn
308 2352 408 2382 librat,
425 2351 505 2385 epist.
525 2351 582 2378 1-5.
605 2350 765 2379 Barlaatnus
795 2352 917 2387 quidem,
942 2357 990 2380 aut
1013 2362 1019 2378 t

1057 2354 1175 2387 icunque
1207 2354 1243 2380 sit
1274 2357 1370 2380 auctor
1395 2351 1458 2379 lilui
1486 2353 1555 2384 Περὶ
1584 2350 1635 2377 τεῦ
1653 2349 1852 2382 καθιιρτγῃκῐιτυ

226 2404 319 2441 πυρδς
339 2411 419 2438 quem
444 2403 597 2431 Salmasius
625 2404 711 2431 edidit
737 2405 763 2431 in
789 2405 942 2439 appendice
953 2405 986 2432 ad
1007 2406 1093 2433 libros
1122 2406 1158 2433 De
1190 2407 1308 2438 prinqu
1326 2405 1427 2439 Pupw,
1456 2413 1483 2439 p.
1502 2404 1547 2435 Si,
1565 2403 1597 2430 de
1622 2403 1668 2430 illa
1685 2411 1698 2429 a
1720 2402 1854 2428 Romanis

224 2456 329 2490 jactata
358 2456 522 2483 auctoritate
551 2455 717 2484 Theodoreti
743 2457 817 2484 clare
845 2458 912 2485 dicit
936 2468 941 2484 :
966 2459 1019 2485 iis}.

1058 2470 1075 2485 ιν
1101 2460 1185 2485 ὄντων
1211 2459 1256 2490 τ,ιῦ
1276 2459 1381 2485 ἐκ;ἷνου
1403 2458 1466 2492 παρ’
1482 2457 1547 2491 ἡμῖν
1572 2455 1807 2491 συγγραμμάτιον,
1825 2454 1853 2479 ὲν

225 2507 313 2534 amavi
329 2507 452 2542 φαίνεται
470 2507 579 2534 πώποτε
597 2508 726 2544 εἰρηκώς.

261 2571 446 2605 Quamobrem
462 2579 551 2607 neque
564 2571 609 2598 hic
626 2572 703 2599 locus
718 2572 812 2604 tribui,
831 2580 922 2608 neque
943 2573 987 2600 ille
1004 2573 1038 2600 ad
1062 2574 1176 2601 Galatas
1199 2573 1307 2600 detrahi
1334 2573 1452 2600 debebat
1478 2571 1656 2599 TitCOdOl‘('lO
1673 2573 1788 2603 nostro;
1808 2569 1855 2596 scd

226 2621 363 2652 difﬁcilius
379 2624 535 2655 estdicere,
562 2624 634 2651 unde
659 2624 722 2652 talis
738 2625 881 2660 corruptio
897 2625 1038 2653 exstiterit
1061 2632 1108 2653 aut
1124 2634 1139 2653 a
1163 2634 1218 2661 quo
1239 2625 1320 2653 fuerit
1345 2629 1486 2660 suscrpta.
1517 2623 1572 2651 Nos
1599 2623 1710 2659 quidem
1731 2630 1764 2650 eo
1780 2622 1857 2649 ducit.

226 2678 385 2712 conjectura
402 2681 506 2708 nostra,
526 2680 555 2703 ut
565 2677 758 2705 existimemus
769 2683 915 2713 utramque
927 2678 1026 2706 factam
1045 2687 1109 2707 esse
1123 2687 1137 2706 a
1155 2680 1281 2707 librariis
1295 2679 1428 2706 Graeculis
1443 2679 1469 2705 in
1486 2677 1564 2704 italia
1580 2675 1712 2704 Romana:
1726 2675 1856 2703 Ecclesia:

228 2729 356 2763 addictis,
376 2729 403 2756 id
419 2729 491 2765 quod
514 2730 596 2757 etiam
621 2729 700 2757 Rich.
719 2729 824 2758 Simoni
849 2731 991 2759 videbatur
1008 2731 1041 2767 (l.
1055 2740 1080 2758 c.
1099 2740 1122 2767 p.
1140 2731 1250 2764 323,24
1264 2736 1289 2759 ct
1305 2731 1332 2759 in
1354 2731 1455 2758 Crilica
1475 2729 1639 2757 bibliotheca:
1654 2728 1729 2755 Piuii
1745 2732 1812 2754 tom.
1832 2728 1854 2759 Ι,

227 2792 254 2819 p.
272 2783 384 2818 170-7!)
403 2783 460 2818 qui,
481 2791 621 2818 magnum,
638 2787 712 2810 recte
734 2789 838 2813 monet.
857 2784 1009 2812 discrimen
1026 2793 1088 2812 esse
1110 2783 1238 2811 codicum
1260 2784 1306 2819 qui
1333 2784 1367 2811 de
1383 2782 1495 2810 Oriente
1526 2781 1680 2809 all'eruntur
1699 2788 1853 2814 eorumque

226 2835 273 2870 qui
285 2835 312 2862 in
331 2835 505 2863 bibliothecis
526 2834 630 2863 Graecis
658 2835 740 2863 Italiae
766 2841 886 2869 exstant;
906 2837 979 2864 unde
998 2837 1100 2864 factum
1123 2837 1158 2864 sit
1181 2841 1210 2862 ut
1238 2835 1398 2867 Gretserus,
1413 2835 1460 2870 qui
1477 2835 1572 2869 plures
1600 2833 1687 2860 libros
1715 2832 1826 2859 Graecos
1841 2841 1856 2858 ιι

227 2896 256 2916 sc
272 2888 298 2917 in
320 2895 403 2924 regno
421 2887 602 2923 Neapolitano
621 2893 745 2923 repertos
771 2889 977 2924 dem-.ripserat.
995 2894 1146 2917 accusatus
1173 2889 1255 2917 fuerit
1280 2893 1411 2923 tanquam
1430 2889 1477 2923 qui
1504 2887 1588 2914 libros
1614 2887 1752 2913 vitiasset.
1770 2885 1856 2919 Cujus

227 2940 337 2975 generis
351 2940 456 2968 scholia
473 2941 558 2967 multa
577 2941 603 2968 in
630 2941 745 2968 codibus
762 2942 940 2976 reperiuntur
959 2943 1126 2970 (Iateuarum
1138 2961 1144 2973 ,
1161 2942 1244 2968 etiam
1264 2941 1296 2969 ad
1315 2941 1472 2969 doelrinant
1499 2939 1630 2967 Ecclesixz
1647 2939 1778 2967 lioniantc
1797 2945 1857 2973 pcr-

227 2992 464 3029 tinentia;qualc,
483 2998 511 3021 ut
531 2993 581 3022 hoc
599 2999 669 3027 utar,
691 2992 740 3020 fuit
759 2993 826 3022 illud
841 2992 1052 3030 Theophylaclt,
1070 3002 1125 3030 quo
1151 3001 1215 3022 usus
1234 2997 1292 3022 erat
1319 2993 1462 3029 Philippus
1482 2992 1676 3021 llelanvhthon
1699 2992 1725 3019 in
1742 2991 1852 3025 Ara-cg-
