2013 3114
159 235 196 268 21
753 234 951 265 PREFATIO
970 235 1020 264 AD
1031 234 1121 264 TOM.
1138 235 1196 264 III.
1579 228 1581 231 '
1759 234 1802 266 ‘22

161 293 197 320 Α.
210 290 296 326 Con].
309 296 362 319 art.
375 300 404 325 ι,
421 291 496 327 quod
514 295 612 327 postea
634 292 768 326 expunxit
794 293 823 320 in
838 292 960 320 editione
978 291 1123 327 Apologia
1152 291 1265 324 Latina,
1291 289 1366 317 facta
1386 289 1551 324 Witehergae
1577 291 1695 319 octonis.
1712 291 1801 327 Cujus

161 345 203 373 rei
218 346 263 374 sic
283 346 375 374 reddit
390 346 526 374 rationem
547 346 587 382 (in
597 345 684 381 Epist.
706 346 740 373 ad
755 345 835 374 Joan.
847 344 1201 377 Cratonem,Consiliorum
1220 343 1293 370 Latt.
1311 347 1332 370 t.
1349 341 1381 376 ll,
1400 350 1428 378 p.
1447 341 1510 378 585)
1528 350 1534 368 :
1551 341 1585 368 In
1605 342 1801 378 Theophylauo

161 395 396 432 Oﬁcolampadius
419 398 487 425 bona
502 398 554 433 ﬁde
572 397 689 425 reddidit
704 398 783 426 verba
797 398 861 434 περὶ
890 406 956 434 μετα

1003 398 1141 433 ηχώσεως,
1161 405 1219 433 qua:
1234 398 1333 424 invenit
1349 397 1378 424 in
1395 404 1444 424 suo
1460 395 1561 423 codice.
1578 395 1646 423 Tota
1669 397 1717 424 illa
1733 404 1798 424 seru

162 450 254 477 tentia
270 450 342 477 deest
356 451 384 477 in
407 455 498 478 nostro
518 451 618 478 codice.
641 450 684 478 Ita
706 450 835 478 veteribus
860 450 936 478 libris
962 451 1069 478 inserta:
1097 455 1159 478 sunt
1179 448 1364 484 corruptelae!
1382 453 1409 477 et
1425 455 1486 484 qua:
1511 448 1549 476 ibi
1571 448 1673 482 similia
1697 447 1800 475 habet:

158 502 263 532 eadem
282 503 339 532 fere
354 504 454 539 repetit
470 505 498 532 in
520 504 651 540 Epistolis
671 504 705 532 ad
722 503 959 540 Hardenhergium
975 512 990 531 a
1008 503 1116 532 Pezelio
1130 503 1214 531 editis
1229 503 1302 539 plag.
1318 502 1349 530 E.

668 588 830 622 Compendia
842 588 989 622 Scriptura:
1005 588 1101 623 quibus
1119 589 1145 614 in
1162 587 1298 615 codicibus

449 625 565 652 citandis
577 621 778 656 usisumus,’de
789 624 883 658 quibus
901 621 1055 658 ueterisque
1067 623 1153 655 libris,
1170 623 1239 650 unde
1256 623 1370 650 varietas
1389 621 1510 649 lectionis

644 659 725 687 ducta
741 664 790 692 est,
804 659 928 694 prwfalio
945 664 1038 685 nostra
1050 659 1183 693 copioaius
1196 662 1300 685 narrat.

255 727 286 754 In
309 727 438 762 Epistolis
450 726 576 755 Paulinis
597 727 631 754 Α.
651 727 853 761 Augustanum,
868 726 897 752 Β.
915 725 1079 754 Bavnricum
1096 726 1212 754 indicat.

254 770 285 798 In
301 771 420 798 Historia
436 770 604 799 Theodoreti
619 770 784 798 Ecclesiast.
1345 791 1356 802 ,

255 815 342 842 Allut.
356 819 399 843 est
411 815 497 842 codex
514 815 618 847 Allatii,
637 815 717 849 cujus
733 818 863 849 excerpta
877 814 910 841 ad
926 822 934 840 1
948 817 976 841 et
994 822 1012 841 ιι
1026 815 1128 842 librum
1145 815 1272 844 Valesius
1289 816 1417 844 habebat.

253 858 318 886 Bas.
333 859 380 886 Gr.
401 860 491 886 Prima
511 863 553 887 est
567 855 653 887 editio
664 858 759 886 Grmca
774 858 942 886 Basileensis
955 865 981 885 a.
995 858 1077 886 1556.

250 902 316 931 Bas.
329 902 389 930 Lat.
408 902 499 930 Editio
510 902 580 931 llist.
596 903 745 938 tripartito:
759 903 871 930 Basileae
897 903 980 936 facta,
996 903 1040 930 cui
1058 903 1232 939 interspersit
1248 905 1348 932 Beatus
1363 904 1516 933 Rhenanus
1537 898 1648 932 Graccus

306 947 440 982 epistolas
455 946 626 982 synodorum
644 946 839 974 e'l‘heodoreti
856 945 889 973 Η.
907 946 938 973 Ε.

249 991 374 1019 Casauh.
396 991 489 1018 Codex
505 991 599 1018 Merici
615 990 772 1018 Casauboni
789 990 871 1025 cujus
888 991 964 1018 lectt.
981 991 1009 1018 in
1024 991 1146 1020 editione
1162 991 1232 1020 Hist.
1248 992 1322 1021 Eccl.
1338 993 1512 1020 Britannica.

249 1035 412 1070 Christoph.
429 1035 577 1063 Lectiones
593 1040 659 1063 sunt
677 1034 926 1069 Christopliorsoni
940 1043 973 1062 ex
987 1036 1051 1063 edit.
1068 1035 1286 1066 Genevensium.

250 1079 338 1107 Savil.
355 1079 444 1107 Codex
463 1081 560 1107 Savilii
576 1088 632 1115 quo
652 1088 719 1108 usus
736 1084 778 1108 est
797 1079 939 1108 Valesius.
1171 1110 1174 1114 _

247 1124 325 1152 Scal.
341 1124 486 1152 Lectiones
497 1124 555 1152 Jos.
573 1124 718 1160 Sculigeri,
735 1131 767 1151 ex
781 1123 904 1151 editione
917 1123 1131 1153 Genevensiuin.

241 1168 338 1203 Steph.
356 1176 404 1196 seu
425 1167 521 1204 Steph.
542 1167 562 1196 Ι.
587 1168 691 1196 Textus
706 1167 838 1196 editionis
863 1166 1050 1202 Stephanicae.

249 1211 348 1248 Steph.
361 1211 393 1240 ll.
407 1211 554 1241 Lectiones
575 1212 602 1240 in
619 1212 712 1240 libello
725 1211 759 1240 ad
776 1211 881 1239 calcem
892 1211 959 1240 edit.
976 1212 1161 1248 Stephanicaa.

426 1257 532 1288 Caetera
547 1258 627 1286 facile
643 1256 849 1292 intelliguntur.
