2013 3114
227 192 258 224 3!
847 187 1040 223 GENTlANI?
1057 190 1224 221 HERVETI
1545 225 1549 229 _
1822 187 1856 219 3?.

609 279 1488 460 THEODOBETI

755 530 1329 589 COMMENTARIUS
1765 588 1770 592 .

339 660 439 737 IN
496 656 821 736 OMNES
868 644 1155 735 PAULI
1222 655 1752 735 EPISTOLAS

700 859 703 862 ’
735 887 1023 932 GENTIANI
1069 860 1362 932 HERVETt.

454 993 608 1016 REMENSIS
628 992 786 1022 CANONICI,
812 992 1027 1014 COMMENTARII
1050 992 1084 1014 IN
1107 989 1201 1012 PAULI
1230 989 1397 1012 EPISTOLAS
1430 989 1645 1019 INTERPRETIS,

805 1072 1003 1102 PR/EFATIO
1024 1071 1075 1100 AD
1092 1070 1302 1100 LECTOREM.

242 1227 274 1259 l')
295 1226 359 1253 Cum
381 1230 490 1264 celerem
519 1225 588 1252 Novi
614 1226 776 1253 Testamenti
802 1228 947 1254 versionem
969 1233 994 1255 et
1020 1228 1171 1264 longissimi
1202 1230 1325 1263 temporis
1347 1228 1546 1262 prwscriptione
1558 1229 1696 1260 munitam,
1713 1234 1736 1255 et
1755 1228 1863 1254 concilii

240 1263 391 1298 Tridentini
408 1270 568 1297 auctoritate
581 1271 766 1305 conﬁrmatam
780 1280 835 1299 esse
850 1272 974 1306 viderem,
990 1274 1017 1300 in
1035 1263 1197 1299 traducendo
1218 1272 1378 1299 Theodoreto
1396 1280 1452 1298 eam
1468 1272 1540 1302 sequi
1570 1272 1633 1298 mihi
1647 1277 1769 1306 perpetuo
1784 1272 1869 1298 risum

238 1321 286 1342 est.
304 1315 354 1342 Sed
367 1317 491 1350 quoniam
503 1323 691 1350 nonnunquam
708 1324 758 1342 usu
772 1317 900 1349 veniebat,
918 1322 948 1343 ut
965 1317 1042 1344 aliter
1058 1316 1152 1351 legeret
1182 1316 1370 1349 Tlteodoretus,
1387 1316 1465 1342 aliter
1493 1321 1585 1343 nostra
1601 1316 1705 1343 haberet
1722 1316 1814 1346 editio,
1844 1320 1868 1341 et

239 1359 395 1394 quandoque
413 1359 503 1387 Crmce
518 1360 588 1394 plus,
611 1360 768 1395 quandoque
786 1361 873 1387 minus
888 1369 965 1395 quam
982 1361 1076 1388 Latine
1092 1361 1230 1395 legeretur,
1244 1360 1271 1386 id
1290 1360 1354 1386 milii
1369 1361 1453 1387 uisum
1467 1365 1506 1387 est
1532 1360 1678 1387 notandum
1694 1361 1721 1386 in
1738 1361 1867 1394 margine.

242 1402 326 1430 Porro
340 1409 428 1430 autem
444 1404 571 1439 quoniam
588 1403 681 1431 Graeca
694 1412 753 1430 cum
768 1403 872 1431 Latinis
888 1405 1037 1441 conferens,
1053 1405 1182 1432 nonnulla
1201 1413 1259 1439 quw
1273 1409 1343 1432 recte
1359 1403 1458 1439 alioqui
1472 1413 1545 1431 versa
1567 1409 1653 1437 erant,
1670 1405 1749 1431 aliter
1768 1404 1869 1438 signifi-

241 1447 345 1474 cantius
356 1447 409 1474 dici
419 1448 537 1481 potuisse
557 1447 790 1480 animavertebam,
807 1448 863 1482 ejus
875 1457 975 1484 quoque
991 1449 1028 1476 rei
1045 1449 1180 1476 Lectorem
1201 1448 1397 1475 admonendum
1417 1456 1472 1475 esse
1488 1449 1589 1478 censui.
1606 1453 1631 1475 et
1653 1453 1682 1475 ut
1699 1449 1725 1474 in
1741 1456 1771 1474 ea
1789 1455 1816 1473 re
1831 1455 1870 1473 me

242 1491 354 1525 fideliter
369 1496 393 1518 et
407 1491 505 1526 integre
519 1497 653 1518 versatum
668 1491 834 1527 intelligeret,
848 1496 872 1518 et
887 1492 956 1527 quod
973 1492 1063 1520 erce
1089 1493 1211 1524 habetur,
1227 1498 1252 1520 et
1275 1492 1406 1528 quomodo
1429 1493 1493 1519 mihi
1516 1492 1679 1519 Commodius
1706 1492 1772 1518 verti
1794 1499 1870 1524 posse

243 1534 372 1566 rideatur,
385 1534 518 1567 adnotavi,
535 1535 562 1561 id
579 1536 678 1562 interea
694 1535 832 1563 doctorum
846 1537 961 1563 virorum
971 1536 1075 1571 judicio
1092 1537 1250 1572 relinquens.
1265 1539 1321 1564 Hoc
1335 1540 1423 1563 autem
1441 1537 1492 1570 fuit
1505 1536 1653 1562 necessario
1664 1535 1826 1569 faciendum,
1840 1542 1871 1559 ne

243 1577 270 1604 id
284 1578 479 1608 mihieveniret,
495 1578 564 1613 quod
580 1579 750 1614 aliquotaliis
760 1580 867 1607 minime
879 1579 1075 1607 contemnendis
1099 1581 1199 1616 alioqui
1221 1581 1408 1615 interpretibus
1436 1580 1491 1614 qui,
1512 1579 1574 1605 dum
1601 1584 1710 1605 veterem
1731 1578 1871 1604 editionem

243 1627 365 1656 perpetuo
373 1627 551 1657 sequerentur,
563 1631 608 1649 nec
622 1623 645 1649 si
659 1623 721 1656 quid
732 1623 821 1650 (ἔναιρε
832 1624 993 1656 discreparet
1003 1625 1029 1650 in
1038 1633 1067 1651 eo
1077 1633 1151 1659 quem
1164 1624 1407 1658 interpretabantur
1420 1627 1538 1654 auctore,
1551 1622 1686 1649 Lectorem
1700 1622 1871 1650 admonuere.

243 1667 326 1692 Pauli
345 1674 420 1700 quem
444 1665 538 1692 Latine
555 1666 678 1693 habemus
694 1667 828 1693 contextui
844 1667 1001 1694 dissimilem
1016 1668 1258 1701 interpretationem
1272 1675 1459 1701 nonnunquam
1471 1665 1649 1697 attulerunt,
1663 1674 1713 1699 quo
1733 1666 1799 1691 nihil
1817 1673 1873 1691 esse

244 1713 328 1741 potest
346 1709 499 1742 absurdius,
518 1709 591 1735 aliud
608 1710 711 1743 quidem
726 1710 822 1737 diceret
838 1710 952 1740 Paulus.
969 1711 1019 1745 ipsi
1036 1719 1094 1737 vero
1112 1711 1187 1737 aliud
1198 1715 1366 1745 exponerent.
1391 1710 1488 1742 Habes,
1504 1709 1606 1740 Lector,
1624 1711 1673 1736 mei
1690 1710 1715 1735 in
1736 1709 1782 1735 hoc
1798 1717 1873 1741 opere

245 1752 350 1778 consilii
370 1753 509 1781 rationem.
527 1761 606 1786 quam
627 1762 700 1788 wquo
717 1755 806 1780 animo
824 1755 920 1788 accipe,
937 1758 960 1780 et
978 1753 1140 1782 Theodoreto
1159 1760 1260 1787 nostra,
1282 1756 1414 1782 succincte
1431 1754 1545 1788 quidem.
1575 1753 1620 1779 sed
1638 1762 1688 1780 non
1706 1755 1794 1779 mintts
1820 1753 1873 1780 ele—

245 1800 337 1829 ganter
351 1804 428 1830 quant
444 1796 495 1828 pie,
511 1795 589 1822 Pauli
599 1804 704 1823 sensum
721 1797 878 1830 explicante,
898 1803 922 1824 et
944 1799 1089 1825 sententias
1114 1800 1261 1831 sententiis,
1286 1799 1356 1834 quod
1376 1799 1402 1825 in
1432 1799 1518 1825 Paulo
1546 1799 1648 1825 videtur
1677 1798 1872 1832 difﬁcillimum,

248 1839 315 1865 miro
326 1839 440 1873 arti/icio
450 1844 616 1866 connectente
632 1841 730 1874 fruere.
747 1840 814 1868 Cum
830 1846 918 1868 autent
932 1849 964 1868 ex
976 1841 1033 1876 ejus
1050 1842 1159 1869 lectione
1177 1851 1229 1869 non
1244 1851 1348 1877 parum,
1374 1848 1402 1869 ut
1419 1851 1506 1876 spero,
1534 1843 1636 1877 fructus
1667 1843 1806 1874 acceperis,
1821 1850 1874 1868 me-

248 1888 333 1910 mento
346 1888 369 1910 te
378 1884 430 1910 viro
442 1884 467 1910 in
480 1884 571 1917 primis
584 1884 732 1917 reverendo,
742 1889 765 1911 et
774 1885 808 1910 ad
817 1885 927 1919 fovenda
938 1891 960 1912 et
970 1886 1146 1920 promovenda
1159 1887 1296 1913 doctorum
1307 1886 1519 1913 virorumstudia
1530 1891 1603 1914 nato.
1618 1885 1745 1912 Marcello
1755 1885 1872 1914 Cet'vino,
1910 1887 1913 1890 '

248 1927 380 1954 cardinali
400 1927 505 1954 Sanctw
521 1927 626 1959 Crucis,
641 1937 700 1955 eum
716 1933 852 1963 acceptum
874 1929 942 1963 ferre
959 1929 1060 1962 debere,
1084 1931 1128 1964 qui
1150 1936 1172 1956 et
1195 1938 1253 1956 eum
1285 1929 1375 1956 Cra‘ce
1397 1929 1628 1956 transcribendum
1650 1929 1761 1961 curarit,
1797 1937 1875 1963 eoque

251 1972 314 1998 mihi
343 1972 487 1999 liberaliter
507 1973 711 2004 communicato,
726 1978 753 1999 ut
767 1981 824 1999 eum
845 1972 936 2000 Latine
954 1978 1076 2000 verterem
1089 1979 1180 2001 auctor
1195 1975 1256 2009 fuit.
1275 1974 1340 2001 Cum
1359 1974 1406 2000 ltoc
1427 1983 1490 2008 opus
1514 1974 1603 2001 rellent
1629 1974 1655 1999 in
1685 1974 1765 2000 lucem
1791 1973 1874 2010 edere,

250 2015 388 2042 admonuit
405 2024 443 2042 me
458 2016 603 2042 Guilelmus
617 2016 741 2047 Sirletns,
759 2017 798 2042 vir
823 2016 911 2043 (ἔνιπτε
922 2021 946 2043 et
962 2016 1054 2044 Latine
1068 2018 1248 2049 doctissimus,
1268 2024 1292 2045 et
1305 2019 1446 2053 multiplici
1464 2027 1551 2045 rerum
1571 2018 1718 2053 cognitione
1737 2018 1874 2052 pra’ditus,

249 2059 394 2086 desiderari
405 2060 430 2086 in
447 2062 493 2086 hoc
508 2060 695 2086 commentario
710 2059 737 2086 id
751 2060 819 2095 quod
832 2068 864 2088 ea:
889 2069 918 2088 eo
934 2062 998 2087 citat
1013 2061 1087 2088 divus
1107 2061 1221 2089 Thomas
1238 2063 1355 2096 Aquinas
1370 2063 1396 2089 in
1407 2062 1628 2096 opereAdvorsus
1645 2069 1752 2089 errores
1768 2061 1877 2088 Graeco-

251 2112 326 2141 rum,
343 2104 376 2130 ad
391 2104 556 2138 probandum
573 2105 659 2139 ignem
673 2105 866 2139 purgatoriunt,
881 2104 1020 2140 allegando
1034 2114 1090 2140 ejus
1109 2106 1185 2132 verba
1198 2107 1246 2133 hoc
1270 2106 1357 2132 modo.
1382 2116 1390 2131 t
1406 2106 1582 2132 Theodore/us
1598 2107 1734 2140 episcopus
1755 2104 1877 2139 Curensis

251 2155 329 2181 super
344 2147 434 2174 illud!
444 2147 505 2175 Cor.
517 2147 547 2174 Si
560 2148 634 2182 cujus
644 2156 708 2183 opus
722 2149 827 2179 arserit,
841 2154 906 2181 (ξιξ.⁷
917 2149 954 2175 sic
967 2149 1128 2176 dicit:Dicit
1142 2150 1280 2183 Apostolus
1291 2150 1359 2185 quod
1373 2151 1520 2177 salrabitur
1533 2158 1579 2185 per
1589 2149 1775 2184 conﬂatorinm
1795 2149 1878 2183 ignem

251 2197 407 2227 purgantem
429 2193 558 2228 quidquid
573 2193 702 2220 interimit
719 2201 765 2227 per
777 2194 909 2220 cautelam
928 2194 1070 2227 pra'terita:
1094 2195 1154 2220 vita:
1168 2202 1200 2221 ea:
1214 2194 1317 2228 pulvere
1334 2194 1427 2221 saltem
1450 2195 1543 2228 pedum
1564 2193 1658 2220 terreni
1675 2201 1776 2225 sensus,
1793 2193 1878 2227 inquo

252 2236 346 2262 tandin
362 2241 450 2263 manet
472 2237 597 2272 quidquid
614 2237 784 2272 corpulentia:
800 2242 824 2264 et
840 2238 935 2264 terreni
956 2238 1064 2271 affectus
1085 2237 1187 2264 iri/trusit
1204 2242 1341 2272 purgetur,
1359 2246 1406 2269 pro
1421 2246 1472 2272 quo
1495 2243 1579 2264 mater
1598 2238 1720 2264 Etclesia
1736 2237 1839 2264 hostias
1855 2242 1879 2263 et

251 2280 322 2306 dona
339 2281 452 2315 paciﬁca
474 2281 563 2308 devote
577 2282 663 2316 offert,
678 2287 703 2308 et
720 2283 758 2309 sic
773 2291 818 2315 per
831 2283 879 2308 hoc
893 2283 1006 2309 mundus
1022 2281 1162 2315 indeprius
1174 2282 1274 2313 exiens,
1290 2281 1398 2308 Domini
1411 2281 1528 2308 Sabaoth
1540 2282 1693 2315 purissimis
1718 2281 1802 2308 oculis
1828 2281 1879 2306 im-

254 2323 402 2351 maculatus
417 2325 529 2353 assistit.
542 2336 550 2351 ι
570 2325 658 2360 Hujus
673 2326 721 2360 rei,
737 2326 827 2358 lector,
839 2331 862 2353 te
878 2326 1071 2353 admonemlunt
1084 2334 1139 2354 esse
1154 2326 1255 2359 censui,
1270 2329 1299 2351 ut
1311 2325 1336 2351 id
1352 2326 1378 2352 in
1391 2330 1482 2352 nostro
1500 2325 1616 2359 defuisse
1628 2324 1772 2358 exemplari
1782 2324 1879 2350 intelli-

251 2376 309 2402 gas,
333 2376 378 2395 nec
392 2368 471 2402 ﬁdem
482 2377 576 2401 meam,
588 2378 668 2404 quant
685 2370 710 2396 in
727 2371 921 2404 interpretando
933 2378 972 2396 me
991 2370 1144 2403 prcestitisse
1167 2369 1291 2402 arbitror,
1307 2369 1448 2396 desideres.
1467 2369 1500 2396 Ut
1516 2375 1602 2396 autem
1612 2369 1669 2403 quis
1677 2374 1701 2396 et
1714 2374 1829 2404 quantus
1843 2369 1882 2395 rir

255 2412 333 2445 fuerit
350 2412 539 2444 Tlteodoretus,
558 2418 581 2440 et
598 2414 703 2449 quantis
720 2414 790 2448 falso
803 2414 943 2441 calumniis
958 2415 1087 2448 appetitus
1102 2415 1246 2449 intelligas,
1261 2415 1388 2449 subjunri
1403 2415 1470 2441 duas
1484 2415 1612 2448 epistolas
1628 2414 1677 2447 (1),
1694 2422 1775 2440 unam
1796 2414 1881 2447 ipsius

256 2456 413 2484 Theodoreti
434 2458 469 2484 ad
491 2457 602 2485 Leonem
627 2458 776 2485 Romanum
800 2459 950 2493 pontificem
969 2466 1002 2486 ea:
1020 2459 1102 2492 ipsius
1127 2458 1283 2485 Theodoreti
1306 2459 1434 2492 epistolis.
1449 2467 1506 2493 quia
1521 2458 1546 2484 in
1570 2457 1726 2484 bibliotheca
1751 2457 1882 2483 Vaticana

254 2500 384 2527 habentur
394 2507 538 2536 acceptam,
554 2503 666 2530 alteram
679 2502 772 2530 Leonis
787 2502 821 2529 ad
835 2503 953 2530 eumdem
968 2502 1158 2529 Tlteodoretum
1176 2503 1220 2536 qui
1236 2503 1307 2536 falso
1319 2503 1446 2530 scribitur
1461 2502 1640 2530 Theudoricus
1656 2501 1714 2536 (2):
1734 2510 1792 2536 qua:
1804 2501 1883 2535 facile

254 2544 391 2572 declarant
404 2546 686 2581 Tlteodoretuntfuisse
706 2548 791 2574 uirum
807 2551 831 2574 et
849 2547 977 2582 optimum
987 2551 1011 2573 et
1026 2546 1103 2581 longe
1118 2545 1314 2577 doctissimum,
1341 2551 1365 2572 ct
1383 2546 1452 2581 quod
1485 2546 1602 2572 maxime
1627 2545 1719 2579 refert,
1738 2545 1765 2571 in
1788 2545 1883 2579 primis

257 2589 442 2617 orthodoxam.
465 2591 527 2618 Vale
543 2596 567 2618 et
589 2592 684 2626 fruere.

295 2678 326 2711 (‘)
344 2677 508 2706 Sirmundns
523 2686 584 2705 cum
603 2679 748 2706 maximam
763 2684 868 2714 partem
885 2677 1054 2714 prmfationis
1070 2677 1240 2714 ilcrvetiapaa
1261 2678 1355 2714 nescio
1375 2686 1429 2712 mla
1452 2678 1485 2706 dc
1500 2685 1583 2706 causa
1598 2679 1832 2713 prmtermisisset.
1847 2679 1885 2704 vi-

258 2721 318 2774 ;nlm
339 2717 387 2774 (ἵει
407 2721 466 2753 eam
493 2714 537 2775 lqic
561 2714 694 2750 integram
715 2712 852 2746 exhiberi,
869 2712 1021 2749 prmscrtim
1038 2713 1101 2748 quia
1133 2713 1254 2740 continet
1270 2712 1345 2747 plura
1359 2713 1391 2740 ad
1408 2712 1627 2749 perspiciendain
1643 2714 1776 2741 rationem
1797 2718 1886 2740 textus

292 2755 336 2774 mo
358 2753 425 2775 orell
447 2756 495 2775 m'o
510 2755 601 2775 utura.

292 2753 425 2775 IGOdtH'ClI
447 2753 601 2783 profutura.

295 2783 334 2820 (ἱ)
350 2783 403 2820 Qui
414 2792 463 2810 suo
477 2785 537 2820 loco
553 2785 624 2812 inter
637 2789 750 2813 cmtcras
767 2784 898 2820 epistolas
915 2784 1096 2820 reperientur.

295 2817 334 2852 (‘2)
354 2817 468 2846 Vidt‘lur
481 2819 614 2848 llervelus
630 2820 750 2848 scribere
766 2817 886 2848 voluisse
904 2829 910 2847 ;
926 2817 966 2846 Ad
977 2818 1095 2846 eumdem
1114 2818 1302 2846 Thcodoretum
1323 2820 1367 2854 qui
1381 2819 1451 2853 falso
1468 2820 1595 2849 scribitur
1612 2819 1796 2847 Theodoritus.
