2013 3114
234 141 268 172 39
463 114 466 115 ν
727 132 971 168 THEODORETI
986 137 1157 169 EPISCOPI
1171 140 1354 171 cvanusrs
1535 133 1547 141 ‘
1829 140 1866 176 to

232 196 394 228 cedonibus,
405 200 432 222 et
447 194 708 227 Atheniensibus,et
722 194 885 226 Corinthiis,
898 198 927 221 ut
941 194 1019 222 docet

1074 195 1143 230 μετὰ
1154 196 1183 222 τὸ
1199 196 1315 232 κηρῦξαι
1332 197 1481 232 Μακεδόσι,
1499 199 1545 226 καὶ
1564 199 1727 236 Ἀθηναίοις,
1746 200 1792 228 καὶ
1809 201 1865 228 Κοά-

234 242 348 269 hisloria
375 241 493 268 Actuum
516 241 716 277 apostolorum.
736 240 892 267 Secundam
910 247 1021 275 quoque

235 287 265 314 ad
282 287 441 315 Corinthios
460 291 522 322 post
547 294 606 314 eam
632 287 765 322 scriptam
790 294 851 313 esse
877 286 1020 314 existimo.

233 336 300 363 Cum
325 336 408 368 enim,
426 339 456 362 ut
481 339 541 362 erat
564 334 717 370 pollicitus,
737 334 769 360 ad
796 341 844 361 eos
862 334 978 365 veniret,
994 337 1021 361 et

235 382 404 418 aliquantum
421 381 552 416 temporis
570 381 598 408 in
619 379 779 408 Macedonia
803 379 926 411 duceret,
945 380 1022 407 illinc

235 429 356 464 scripsit.
374 428 405 454 Et
431 428 484 455 hoc
506 435 604 454 rursus
631 427 658 453 in
681 425 775 454 eadem
797 419 914 460 epistola
931 425 1022 453 decla-

235 476 315 502 ravit.
329 475 396 501 Cum
411 475 484 502 enim
503 481 573 509 quas
588 473 616 499 in
631 465 695 500 Asia
712 477 739 499 et
754 472 782 499 in
799 471 908 500 Troade
920 472 1022 500 subiis-

234 527 275 549 set
289 522 449 549 alllictiones
468 524 623 551 narrasset,
642 527 759 554 pergens
776 519 803 546 in
821 519 912 546 medio
927 519 993 546 dicit
1012 528 1020 549 ;

236 579 244 595 ι
262 568 329 595 Nam
343 573 369 595 et
383 576 445 595 cum
463 568 636 595 venissemus
655 567 681 593 iu
699 565 901 598 Macedoniam,
917 566 1020 593 nullam

231 616 351 650 quietem
374 614 469 641 habuit
484 622 549 640 caro
569 618 665 641 nostra
685 622 692 640 :
709 612 757 640 sed
772 620 882 640 onmem
902 613 1021 640 tribula-

233 664 332 690 tionem
350 663 424 697 passi
452 669 558 688 sumus.
572 660 652 687 Foris
671 667 778 695 pugnae,
797 659 874 686 intus
895 659 1020 686 timores.

234 707 285 734 Sed
299 708 345 742 qui
366 707 525 734 consolatur
542 705 671 735 humiles,
689 704 849 732 consolatus
867 711 910 732 est
926 712 976 732 nos
993 705 1020 731 in

233 753 350 781 adventu
364 752 428 779 Titi.
439 751 498 778 Non
510 751 598 779 solum
614 756 706 778 autem
721 750 747 777 in
762 750 908 785 praisentia
923 750 1020 785 ipsius,

233 800 278 827 sed
295 799 379 826 etiam
404 799 431 826 in
457 797 657 827 consolatione,
673 804 727 831 qua
750 797 912 824 consolatus
927 801 975 828 est
992 796 1021 823 in

233 846 310 874 vobis
327 846 348 871 8.
368 855 377 871 ι
403 844 435 871 [ι
450 851 548 872 rursus
566 853 572 870 :
594 853 602 869 ι
621 843 720 870 Notam
743 847 834 870 autem
853 843 932 870 vobis
953 842 1020 870 faci-

1076 242 1197 277 ρινθίοις,
1213 243 1337 277 ἀφίκετο,
1353 244 1391 275 ὡς
1410 245 1425 279 ὴ
1443 244 1497 271 τῶν
1518 245 1648 282 Πράξεῳν
1671 248 1775 283 ἱστορία
1790 247 1864 274 διδά-

1076 296 1145 315 σκει.
1175 289 1229 315 Καὶ
1251 290 1300 324 τὴν
1321 290 1450 326 δευτέραν
1476 291 1503 318 δὲ
1530 292 1598 328 πρὸς
1612 293 1773 328 Κορινθίους
1795 295 1863 329 μετὰ

1075 335 1176 371 ταύτην
1191 337 1311 372 ἡγοῦμαι
1326 338 1491 373 γεγράφθαι.
1511 339 1590 366 Κατὰ
1609 340 1663 376 γὰρ
1682 341 1715 376 δὴ
1732 342 1780 372 τὰς
1801 341 1865 368 ὑπο-

1076 383 1192 419 σχέσεις,
1210 384 1279 419 πρὸς
1299 384 1398 415 αὐτοὺς
1415 385 1624 422 ἀφικνούμενος,
1641 387 1689 414 καὶ
1706 389 1821 424 σμικρὸν
1835 389 1866 415 ἐν

1069 430 1107 464 ,τῇ
1122 429 1275 465 Μακεδονίᾳ
1290 430 1384 467 χρόνον
1401 431 1511 465 διάγων,
1526 433 1630 459 ἐκεῖθεν
1649 433 1798 467 ἐπέστειλε,
1817 436 1864 461 καὶ

1074 474 1153 501 τοῦτο
1168 475 1249 502 πάλιν
1265 476 1295 502 ἐν
1309 476 1377 512 αὐτῇ
1393 478 1425 512 τῇ
1438 477 1565 513 ἐπιστολῇ
1580 478 1726 514 δεδήλωκε.
1743 480 1796 511 Τὰς
1811 481 1865 515 γὰρ

1075 521 1145 547 κατὰ
1163 521 1213 556 τὴν
1230 522 1321 549 Ἀσίαν
1332 521 1531 558 διηγησάμενος
1543 523 1656 558 θλίψεις,
1667 525 1714 551 καὶ
1731 525 1802 552 κατὰ
1815 526 1865 561 τὴν

1074 566 1198 602 Τρωάδα,
1211 567 1353 600 διεξελθὼν
1367 569 1395 595 ἐν
1411 569 1450 604 τῷ
1467 570 1542 605 μέσῳ
1552 570 1632 606 φησί·
1652 581 1662 597 ι
1681 571 1736 598 Καὶ
1753 571 1807 607 γὰρ
1823 572 1864 599 ἑλ-

1075 613 1175 641 Θόντων
1192 614 1270 649 ἡμῶν
1285 616 1325 646 είς
1339 615 1520 648 Μακεδονίαν,
1537 616 1666 652 οὐδεμίαν
1678 617 1769 645 ἄνεσιν
1785 618 1865 653 ἔσχη-

1075 668 1121 686 κεν
1137 661 1153 695 ὴ
1169 660 1238 696 σὰρξ
1250 661 1338 696 ἡμῶν,
1351 661 1408 687 ἀλλ’
1422 662 1450 688 ἐν
1473 662 1555 689 παντὶ
1576 662 1730 699 ολισόμενοι
1744 673 1750 679 ·
1766 664 1864 696 ἔξωθεν

1076 707 1173 746 μάχαι,
1190 707 1290 734 ἔσωθεν
1304 707 1390 741 φόϐοι·
1407 709 1465 735 ἀλλ’
1480 710 1494 735 6
1514 710 1682 744 παρακαλῶν
1696 706 1759 743 τοὺς
1773 720 1865 737 ταπει-

1074 753 1137 784 νοὺς
1152 753 1339 788 παρεκάλεσεν
1364 755 1436 789 ἡμεῖς
1459 756 1487 782 ὲν
1503 758 1536 791 τῇ
1554 756 1690 792 παρουσίᾳ
1715 757 1795 784 Τίτου
1812 765 1818 772 ·
1834 757 1864 783 οὔ

1076 799 1155 834 μόνον
1171 799 1199 825 δὲ
1216 800 1244 825 ἐν
1258 801 1290 835 τῇ
1305 802 1442 836 παρουσίᾳ
1452 801 1545 835 αὐτοῦ,
1564 802 1632 829 ἀλλὰ
1652 803 1701 829 καὶ
1721 805 1748 829 ὲν
1763 805 1795 839 τῇ
1812 813 1864 830 πα-

1076 844 1207 880 ρακλήσει
1268 847 1474 882 παρακέκληται
1503 848 1545 882 ἐφ’
1563 849 1636 883 ὑμῖν.
1658 859 1668 875 ι
1689 849 1744 876 Καὶ
1766 849 1862 876 πάλιν·

233 901 294 920 unus
316 893 417 919 fratres
437 891 552 926 gratiam
580 890 627 917 Dei
655 889 746 916 (latam
775 889 908 917 Ecclesiis
929 889 1017 917 Mace-

1081 900 1090 916 ι
1108 891 1278 926 Γνωρίζομεν
1289 892 1300 907 ⁸
1312 892 1422 927 δὲύμῖν,
1435 893 1554 928 ἁδελψοὶ,
1564 895 1613 930 τὴν
1625 895 1705 930 χάριν
1720 895 1766 921 τοῦ
1783 895 1863 926 Θεοῦ,

232 938 330 965 (ίοιιίιε.
351 948 360 964 ι
386 938 417 964 Et
432 944 552 965 rursus:
580 946 588 962 ι
609 935 646 963 Ne
671 944 734 963 cum
761 936 887 963 venerint
913 943 1020 963 meeum

212 1012 213 1015 η
233 983 392 1010 Macedones
406 983 430 1009 ιι.
454 991 463 1007 ›
484 981 615 1015 Quintam
649 981 782 1016 scriptam
814 988 878 1008 esse
892 980 1021 1008 existimo

233 1029 350 1064 priorem
369 1028 402 1055 ad
428 1027 626 1062 Timotheum,
638 1027 704 1054 Post
721 1027 745 1062 5
768 1026 931 1062 prooemium
946 1027 1018 1054 enim

232 1079 239 1086 '
258 1075 326 1102 dicit
341 1084 347 1102 :
361 1084 369 1100 ι
387 1073 568 1109 Sicutrogavi
579 1079 604 1100 te
622 1078 651 1099 ut
667 1080 826 1100 remaneres
840 1073 942 1108 Ephesi
956 1080 1019 1100 cum

232 1122 300 1148 irem
322 1121 349 1148 in
376 1120 563 1147 Macedoniam
579 1119 601 1146 ί.
623 1128 632 1145 ι
655 1118 737 1146 Docet
759 1123 849 1146 autem
870 1126 920 1146 nos
937 1119 1020 1146 etiam

232 1168 348 1194 Actuuin
375 1166 503 1198 historia,
519 1166 592 1200 quod
619 1165 731 1200 quando
759 1165 875 1199 primum
895 1165 969 1192 venit
992 1165 1020 1191 in

232 1213 430 1243 Macedoniam,
456 1212 577 1239 nondum
604 1211 715 1246 quidem
735 1210 873 1246 Ephesum
897 1215 1020 1238 venerat.

233 1270 242 1285 ε
263 1259 397 1286 Prohihiti
420 1258 506 1291 enim,
525 1258 624 1293 inquit,
642 1257 751 1285 fuerant
780 1266 794 1284 ιι
814 1258 917 1292 Spiritu
946 1257 1019 1293 loqui

231 1307 344 1334 verbum
368 1306 395 1332 iu
420 1305 484 1332 Asia
502 1303 524 1331 ἱ.
551 1314 560 1330 ι
587 1304 689 1331 Aderat
710 1309 801 1330 autem
827 1311 881 1330 una
909 1311 971 1331 cum
988 1312 1021 1331 eo

230 1353 312 1380 etiam
341 1351 511 1378 Timotheus.
545 1349 624 1382 Quod
658 1355 751 1384 aperte
791 1357 902 1384 quoque
941 1349 1021 1377 docet

229 1398 346 1425 Actuum
381 1397 510 1423 historia.
529 1395 598 1422 Nam
627 1403 691 1422 cum
720 1395 806 1422 Judaei
841 1403 873 1422 ex
901 1394 1020 1421 Thessa-

231 1445 319 1471 lonica
345 1443 501 1470 Bcrrhmanl
527 1442 685 1473 venissent,
704 1445 730 1468 et
750 1440 956 1468 multitudinem
987 1441 1019 1467 ad

231 1489 395 1516 seditionem
413 1489 613 1518 concitassent,
626 1487 739 1514 divinus
749 1486 860 1521 quidem
870 1486 1020 1521 Apostolus

229 1535 350 1563 Athenas
376 1534 513 1569 navigavit
539 1543 545 1560 :
575 1543 584 1559 ‹
604 1533 766 1560 Manserunt
791 1537 894 1564 autem,
916 1533 1017 1567 inquit,

231 1580 302 1608 Silas
322 1584 350 1607 et
369 1579 532 1606 Timotheus
556 1578 612 1605 illic
626 1578 649 1604 κ.
673 1587 682 1604 ι
703 1577 736 1604 Ει
763 1585 871 1610 rursus,
888 1586 951 1605 cum
976 1586 1017 1610 ca,

230 1634 292 1662 quae
309 1625 432 1654 Corinthi
449 1631 510 1652 acta
532 1629 607 1658 sunt,
630 1624 751 1659 scriptor
766 1628 901 1656 narraret,
918 1627 944 1651 et
970 1623 1020 1651 do-

230 1676 304 1699 ceret
320 1669 459 1706 quomodo
473 1669 588 1703 divinus
611 1669 763 1704 Apostolus
788 1670 814 1696 in
831 1677 970 1705 synagoga
993 1670 1019 1696 iu

230 1717 306 1745 omni
325 1717 446 1744 Sabbato
463 1715 599 1748 docuerit,
618 1719 644 1742 ct
659 1715 735 1750 quod
750 1714 854 1742 Judmis
870 1720 896 1742 et
917 1715 1020 1742 Graecis

231 1762 411 1798 persuaserit,
436 1760 608 1795 subiunxit:
631 1768 640 1784 ‹
662 1759 812 1794 Postquam
830 1755 1020 1786 autem'vcue-

206 1820 209 1823 ·
230 1812 296 1837 runt
323 1816 356 1835 ex
372 1806 533 1834 Macedonia
555 1805 627 1832 Silas
654 1805 880 1837 et,Timotheus,
898 1805 1020 1832 instabat

222 1855 316 1884 .verbo
346 1853 459 1883 Paulus.
488 1852 639 1880 testiiicans
669 1850 790 1884 Judxis,
831 1851 924 1879 Jesum
959 1859 1021 1879 esse

231 1900 370 1929 Christum
385 1898 406 1925 1.
426 1908 436 1924 ι
454 1898 566 1925 Clarum
592 1902 636 1925 est
660 1905 726 1933 ergo
746 1898 832 1933 quod,
846 1898 956 1933 quando
978 1905 1021 1925 se~

231 1945 322 1973 eundo
344 1952 377 1973 ex
390 1944 498 1979 Epheso
521 1943 594 1970 venit
612 1943 710 1971 beatus
728 1943 830 1970 Paulus
849 1944 876 1970 in
893 1943 1020 1970 Maccdo-

231 1993 305 2020 niam
322 2012 330 2024 ,
349 1996 414 2017 tunc
441 1990 499 2016 illic
521 1989 655 2024 optimum
684 1987 860 2015 Timotheum
886 1988 1018 2022 reliquit,

231 2043 261 2066 ut
281 2043 377 2064 eorum
398 2043 493 2063 curam
517 2039 634 2071 gereret,
656 2035 701 2069 qui
719 2034 869 2062 salutarem
885 2034 1020 2068 praedica-

231 2083 334 2110 tionem
350 2084 538 2116 susceperant.
554 2080 620 2107 Post
637 2079 720 2113 hanc,
733 2087 794 2107 eam
812 2087 874 2107 esse
888 2079 1020 2114 scriptam

230 2130 370 2160 existimo.
388 2135 449 2163 qua:
472 2127 507 2154 ad
523 2126 615 2153 Titum
641 2127 727 2153 missa
747 2128 799 2153 est.
816 2125 885 2152 Cum
901 2125 974 2152 enim
993 2125 1020 2152 in

231 2176 287 2203 illis
303 2175 393 2202 adhuc
404 2174 475 2204 locis
486 2173 588 2200 Paulus
604 2176 708 2207 ageret,
721 2171 806 2207 jussit
818 2171 880 2198 Tito
896 2175 925 2198 ut
942 2172 975 2198 ad
992 2179 1021 2199 se

1071 938 1120 973 τὴν
1135 938 1280 974 δεδομένην
1297 940 1357 971 ταῖς
1380 940 1555 976 Ἐκκλησίαις
1572 941 1622 976 τῆς
1652 941 1830 974 Μακεδονίας.
1852 952 1861 968 ι

1073 985 1127 1011 Καὶ
1139 983 1217 1016 αὖθις
1234 994 1240 1000 ·
1261 994 1270 1010 ι
1293 986 1399 1020 Μήπως
1416 986 1462 1012 ἐὰν
1475 986 1571 1013 ἔλθωσι
1589 987 1637 1014 σὺν
1659 988 1719 1022 ἐμοὶ
1738 988 1863 1014 Μακεδό-

1073 1039 1129 1062 νες.
1145 1040 1153 1055 ι
1172 1030 1306 1066 Πέμπτην
1323 1031 1442 1067 ἡγοῦμαι
1469 1032 1623 1067 γεγράφθαι
1649 1032 1703 1059 τῶν
1723 1033 1790 1068 πρὸς
1815 1034 1864 1060 Τι-

1074 1075 1169 1111 μόθεον
1193 1077 1242 1110 τὴν
1268 1077 1414 1113 προτέραν.
1439 1078 1516 1104 Μετὰ
1534 1078 1588 1113 γὰρ
1605 1078 1637 1114 δὴ
1666 1079 1696 1106 τὺ
1721 1079 1863 1115 προοίμιον

1071 1121 1143 1148 οὕτω
1158 1122 1224 1157 φησί
1243 1129 1249 1136 ·
1265 1132 1274 1148 ί
1296 1122 1396 1154 Καθὼς
1413 1124 1591 1158 παρεκάλεσά
1608 1133 1637 1150 σε
1655 1127 1817 1160 προσμεῖναι
1834 1126 1864 1152 ἐν

1078 1168 1193 1203 Ἐφέσῳ,
1208 1168 1390 1203 πορευόμενος
1403 1169 1442 1200 είς
1457 1169 1638 1196 Μακεδονίαν.
1662 1180 1670 1196 ι
1692 1170 1818 1197 Διδαῖσκει
1834 1171 1863 1197 δὲ

1071 1215 1145 1250 ἡμᾶς
1164 1213 1239 1250 καὶὴ
1252 1214 1303 1240 τῶν
1316 1215 1445 1250 Πράξεων
1459 1216 1575 1250 ἱστορία,
1589 1215 1626 1247 ὠς
1642 1216 1721 1251 ¹ἡνίκα
1738 1217 1767 1242 τὸ
1789 1216 1864 1252 πρῶ-

1071 1269 1115 1287 τον
1129 1261 1168 1292 είς
1180 1261 1229 1296 τὴν
1245 1261 1413 1287 Μακεδονίαν
1430 1261 1555 1294 ἀῳίκετο,
1573 1261 1679 1288 οὐδέπω
1694 1261 1743 1296 μὲν
1758 1262 1797 1293 εἰς
1814 1262 1865 1296 τὴν

1074 1308 1190 1341 Ἔφεσον
1207 1305 1356 1342 ὲληλύθει.‹
1378 1307 1571 1342 Ἐκωλύθησαν
1587 1307 1641 1342 γὰρ
1653 1307 1705 1333 ὑπὸ
1716 1307 1763 1333 τοῦ
1781 1306 1864 1333 Ilvati-

1073 1362 1156 1389 ματος
1167 1353 1293 1388 λαλῆσαι,
1310 1354 1387 1388 φησὶ,
1404 1354 1449 1380 τὸν
1462 1353 1540 1388 λόγον
1552 1354 1580 1380 ὲν
1595 1355 1627 1389 τῇ
1647 1353 1732 1389 Ἀσίᾳ.
1750 1363 1759 1380 ι
1777 1354 1864 1390 Συνῆν

1071 1399 1100 1425 δέ
1111 1408 1143 1433 γε
1159 1398 1234 1434 αὐτῷ
1251 1399 1296 1425 καὶ
1309 1400 1323 1425 6
1337 1399 1469 1434 Τιμόοεος
1484 1407 1490 1413 ·
1504 1399 1551 1426 καὶ
1570 1399 1648 1426 τοῦτο
1664 1400 1757 1434 σαφῶς
1782 1400 1829 1426 καὶ
1847 1401 1863 1435 ή

1071 1436 1132 1471 τῶν²
1143 1445 1271 1480 Πράξεων
1288 1445 1394 1479 ἱστορία
1409 1445 1540 1472 διδάσκει.
1556 1445 1616 1472 Τῶν
1630 1445 1684 1481 γὰρ
1699 1446 1752 1472 ἀπὸ
1764 1446 1864 1473 Θεσσα-

1071 1489 1180 1525 λονίκης
1199 1489 1333 1516 Ἰουδαίων
1350 1490 1390 1520 εἰς
1402 1489 1451 1524 τὴν
1468 1489 1599 1525 Βέρρου-ιν
1617 1490 1801 1525 ἀφικομένων,
1816 1490 1863 1516 καὶ

1071 1534 1101 1561 τὸ
1115 1535 1215 1570 πλῆθος
1229 1535 1396 1570 ἐγειρὰντων
1410 1536 1450 1567 είς
1469 1537 1573 1567 στάσιν,
1592 1537 1605 1562 6
1623 1536 1673 1570 μὲν
1688 1535 1760 1567 θεῖος
1780 1536 1865 1562 Ἀπό-

1072 1581 1164 1612 στολος
1184 1582 1222 1612 εἰς
1245 1581 1294 1612 τὰς
1315 1581 1431 1616 Ἀθήνας
1445 1582 1615 1607 ἀπέπλευσεν
1632 1589 1639 1598 ο
1662 1590 1671 1606 ε
1700 1581 1863 1616 Ἐπέμειναν

1071 1628 1108 1660 δὲ,
1124 1627 1216 1662 φησὶν,
1233 1628 1246 1654 ὅ
1255 1636 1283 1653 τε
1299 1627 1378 1658 Σίλας
1394 1627 1440 1653 καὶ⁸
1451 1628 1465 1654 ὁ
1476 1627 1606 1662 Τιμόθεος
1618 1628 1703 1654 ἐκεῖ.»
1717 1629 1771 1656 Καὶ
1782 1629 1863 1656 ’πάλιν

1071 1674 1105 1699 τὰ
1125 1673 1194 1699 κατὰ
1206 1673 1259 1708 ’τὴν
1275 1672 1404 1707 Κόρινθον
1434 1674 1448 1699 ὀ
1474 1673 1650 1708 συγγραφεὺς
1673 1673 1861 1709 διηγούμενος,

1071 1719 1119 1745 καὶ
1133 1718 1264 1745 διδάσκων
1285 1719 1358 1750 ὅπως
1381 1719 1395 1745 6
1412 1718 1483 1750 ϐεῖος
1506 1719 1667 1751 Ἀπόστολος
1683 1719 1820 1754 διελέγετο
1834 1719 1863 1746 ὲν

1071 1765 1104 1799 τῇ
1117 1765 1260 1799 συναγωγῇ
1273 1765 1344 1790 κατὰ
1358 1765 1412 1791 πᾶν
1440 1764 1579 1791 Σάϐϐατον
1591 1785 1598 1796 ,
1624 1766 1671 1792 καὶ
1693 1766 1732 1792 ὃτι
1754 1765 1863 1793 ἔπεισεν

1077 1808 1221 1840 Ἰουδαίους
1235 1817 1264 1834 τε
1280 1809 1326 1834 καὶ
1343 1809 1490 1844 Ἕλληνας,
1511 1811 1650 1845 ἐπήγαγεν
1663 1819 1669 1825 ·
1685 1820 1694 1836 ‹
1716 1812 1758 1843 Ὠς
1770 1812 1798 1837 δὲ
1814 1809 1864 1847 ἧλ-

1072 1852 1117 1879 θον
1132 1853 1186 1880 ἀπὸ
1198 1853 1248 1888 τῆς
1269 1854 1448 1887 Μακεδονίας,
1467 1856 1480 1881 ὅ
1494 1863 1522 1881 τε
1537 1855 1618 1887 Σίλας
1635 1856 1680 1882 καὶ
1693 1858 1706 1883 ὁ
1721 1857 1862 1891 Τιμόθεος,

1073 1900 1210 1934 συνείχετο
1227 1899 1266 1935 τῷ
1286 1900 1357 1936 λόγῳ
1371 1901 1385 1926 ὁ
1407 1901 1524 1933 Παῦλος,
1538 1901 1791 1937 διαμαρτυρόμενος
1808 1905 1863 1935 τοῖς

1078 1946 1215 1977 Ἰουδαίοις
1239 1946 1285 1972 τὸν
1306 1947 1422 1982 Χριστὸν
1443 1947 1558 1982 Ἰησοῦν.
1575 1957 1584 1973 ι
1599 1948 1682 1983 Δῆλον
1706 1949 1805 1982 τοίνυν,
1826 1949 1864 1981 ὡς

1070 1992 1153 2026 ἡνίκα.
1168 1992 1198 2017 τὸ
1221 1993 1345 2028 δεύτερον
1369 1993 1423 2020 ἀπὸ
1437 1994 1486 2029 τῆς
1513 1994 1625 2028 Ἐφέσου
1637 1995 1801 2030 παρεγίνετο
1823 1998 1864 2027 εἰς

1071 2039 1120 2074 τὴν
1139 2039 1308 2066 Μακεδονίαν
1325 2041 1339 2066 6
1355 2041 1490 2076 μακάριος
1503 2041 1620 2075 Παῦλος,
1640 2043 1701 2069 τότε
1714 2043 1759 2070 τὸν
1776 2045 1863 2070 πάντα

1071 2085 1181 2120 ἄριστον
1195 2086 1326 2120 Τιμόθεον
1342 2086 1401 2112 ἐκεῖ
1427 2087 1632 2121 καταλέλοιπεν,
1648 2089 1688 2120 είς
1705 2089 1864 2124 ἐπιμέλειαν

1071 2131 1125 2158 τῶν
1141 2131 1295 2166 δεξαμένων
1308 2132 1338 2159 τὸ
1353 2134 1486 2168 σωτήριον
1501 2135 1642 2169 κήρυγμα.
1659 2135 1736 2162 Μετὰ
1750 2136 1862 2172 ταύτην,

1073 2177 1258 2212 ὑπολαμϐάνω
1269 2178 1317 2213 τὴν
1332 2178 1400 2213 πρὸς
1417 2180 1495 2206 Τίτον
1511 2181 1675 2216 γεγράφθαι.
1692 2182 1736 2209 Ἐν
1749 2183 1863 2215 ἐκείνοις

230 2222 346 2250 veniret.
363 2220 410 2248 Sic
427 2224 517 2247 autem
534 2219 601 2246 dicit
618 2228 624 2245 :
644 2227 653 2243 ι
671 2217 740 2244 Cum
756 2217 858 2245 misero
873 2217 906 2244 ad
929 2222 955 2244 te
969 2218 1019 2244 Ar-

1073 2223 1125 2259 γὰρ
1142 2223 1182 2250 ἔτι
1193 2224 1293 2258 διάγων
1317 2226 1374 2256 τοῖς
1389 2225 1495 2260 μέρεσι,
1513 2227 1676 2254 καταλαϐεῖν
1697 2229 1778 2255 αὐτὸν
1793 2238 1864 2265 παρ-

230 2273 342 2300 temam,
356 2267 399 2294 vel
414 2265 577 2302 Tychicum,
596 2264 697 2292 festina
719 2263 752 2291 ad
772 2271 815 2292 me
831 2264 926 2291 venire
941 2263 1021 2291 Nico-

231 2314 327 2348 polim;
347 2312 384 2339 ibi
399 2311 471 2339 enim
486 2311 572 2338 statui
588 2310 711 2338 hiemare
725 2315 754 2337 ¹“.
779 2320 788 2336 ι
809 2310 910 2337 Dicunt
928 2315 1019 2338 autem

229 2359 386 2394 Nicopolim
402 2366 465 2386 esse
489 2358 587 2385 urbem
603 2357 738 2389 Thracia},
761 2356 930 2384 Macedonia
957 2364 1021 2391 pro-

231 2407 373 2442 pinquam.
395 2405 546 2439 Septimam
564 2404 639 2431 misit
654 2404 688 2430 ad
703 2403 854 2430 Romanos.
874 2402 940 2430 Post
958 2403 1019 2430 illas

229 2452 303 2480 enim
321 2459 416 2479 omnes
433 2459 463 2479 se
473 2451 547 2478 hanc
559 2451 588 2486 6
602 2450 749 2485 scripsisse
763 2449 856 2476 docet.
871 2448 916 2476 Sic
929 2453 1019 2476 autem

229 2501 320 2529 dicit:
339 2510 349 2527 ς
368 2500 446 2527 Nunc
460 2500 544 2535 igitur
566 2499 728 2533 proﬁciscor
747 2498 776 2524 in
793 2496 949 2524 Jerusalem
968 2497 1019 2523 mi-

229 2548 350 2576 nistrare
375 2547 490 2575 sanctis.
506 2545 697 2573 Probaverunt
719 2545 792 2571 enim
813 2542 976 2570 Macedonia
992 2547 1019 2570 et

228 2594 333 2621 Achaia
359 2593 533 2621 collationem
556 2591 677 2626 aliquam
705 2590 796 2616 facere
824 2589 852 2615 in
879 2596 1017 2624 pauperes

228 2644 341 2667 sanctos
354 2638 400 2674 qui
419 2642 485 2666 sunt
504 2638 531 2664 in
548 2635 700 2664 Jerusalem
718 2638 742 2660 ιι.
769 2644 778 2660 ι
794 2633 832 2661 De
857 2634 901 2662 his
926 2639 1016 2662 autem

267 2729 279 2747 ³
300 2730 310 2757 Ι
326 2730 390 2758 Cor.
404 2737 470 2763 νιιι⁷
488 2730 513 2757 1.
551 2730 567 2750 ιι
586 2729 608 2757 ll
628 2730 690 2758 Cor.
707 2739 751 2763 rx,
768 2730 795 2757 Α.

227 2769 248 2786 υι
265 2766 318 2793 Tit.
336 2773 384 2797 ιιι,
402 2765 446 2793 12.
483 2769 498 2784 ιι
516 2764 597 2793 Rom.
613 2774 657 2798 xv,
675 2765 721 2793 26.

836 2730 877 2765 1K]
897 2730 1018 2758 Timoth.
1038 2732 1094 2764 L5.
1114 2731 1120 2756 i
1145 2733 1206 2760 Act.
1225 2733 1316 2767 “1,6.
1337 2735 1350 2754 ιι
1368 2735 1429 2762 Act.
1448 2743 1519 2767 xvu.
1536 2735 1580 2762 M.

1073 2269 1207 2304 ηγγὺησε.
1229 2270 1311 2303 Λέγει
1322 2270 1350 2297 δὲ
1367 2271 1463 2303 οὕτως*
1482 2282 1491 2297 ί
1510 2273 1592 2299 Ὅταν
1607 2274 1709 2309 πέμψω
1729 2275 1864 2310 ’Λρτεμᾶν

1073 2314 1142 2350 πρὸς
1159 2315 1199 2347 σὲ,
1223 2314 1239 2350 ἢ
1267 2315 1395 2350 Τυχικὺν,
1410 2316 1562 2343 σπούδασον
1586 2317 1673 2344 ἐλθεῖν
1689 2318 1756 2352 πρὸς
1775 2327 1808 2353 με
1823 2319 1863 2349 εἰς

1072 2360 1230 2387 Νικόπολιν·
1247 2362 1305 2386 ἐκεῖ
1315 2361 1368 2396 γὰρ
1386 2361 1502 2396 κέκρικα
1513 2363 1728 2398 παραχειμάσαι.
1742 2372 1750 2388 ι
1767 2363 1822 2398 Τὴν
1835 2363 1862 2388 δὲ

1072 2407 1228 2439 Νικόπολιν,
1246 2406 1385 2443 Θρᾳκικὴν
1411 2407 1460 2442 μὲν
1477 2408 1554 2434 πόλιν
1578 2407 1648 2435 εἶναί
1676 2417 1752 2443 φασι,
1776 2410 1814 2444 τῇ,
1836 2409 1864 2434 δὲ

1072 2453 1227 2489 Μακεδονίᾳ
1245 2453 1382 2486 πελάζειν.
1403 2454 1536 2490 Ἑϐδόμην
1555 2455 1603 2490 τὴν
1625 2455 1692 2490 πρὸς
1711 2455 1863 2490 Ῥωμαίους

1071 2499 1221 2526 ἐπέστειλε.
1248 2499 1325 2525 Μετὰ
1351 2500 1405 2535 γὰρ
1422 2500 1453 2536 δὴ
1479 2502 1580 2532 ταύτας
1611 2501 1730 2533 ἁπάσας,
1760 2501 1862 2536 ταύτην

1070 2544 1151 2576 αὐτὸς
1164 2545 1330 2580 γεγραφέναι
1347 2546 1477 2574 διδάσκει.
1502 2547 1583 2581 Λέγει
1604 2547 1631 2574 δὲ
1644 2547 1730 2578 οὕτως
1742 2555 1750 2563 ·
1769 2557 1777 2572 ι
1795 2547 1865 2574 Νυνὶ

1069 2591 1098 2617 δὲ
1116 2591 1266 2627 πορεύομαι
1280 2593 1319 2624 είς
1340 2592 1518 2629 Ἰερουσαλὴμ
1542 2593 1672 2620 διακονῶν
1686 2594 1741 2625 τοῖς
1754 2593 1843 2628 ἁγίοις
1857 2602 1863 2608 ·

1070 2637 1203 2672 ηὑδόκησε
1221 2638 1276 2673 γὰρ
1292 2639 1446 2666 Μακεδονία
1460 2639 1508 2665 καὶ
1528 2640 1622 2674 Ἀχαΐα
1640 2639 1782 2666 κοινωνίαν
1800 2639 1860 2666 τινὰ

1623 2734 1631 2754 ι
1653 2736 1717 2762 Act.
1732 2741 1811 2766 xviii,
1830 2734 1858 2760 5.

870 2821 985 2849 VAlil/E
1005 2823 1208 2852 LECTIONES.

266 2871 275 2886 ³
286 2870 307 2896 Β
327 2868 461 2906 γνωρίζω.
476 2868 522 2897 Sic
536 2867 727 2899 Theodoretus
741 2876 851 2904 quoque
873 2869 943 2896 intra
960 2870 993 2897 ad
1011 2869 1031 2896 ll
1042 2870 1107 2898 Cor.
1122 2879 1180 2905 Vill,
1199 2872 1224 2900 1.
