2013 3114
134 191 165 228 Π
700 195 806 226 ΡΒᾹΞΒ
812 220 817 226 .
831 196 870 226 IN
886 196 927 226 EF

977 197 1005 227 Γ.
1022 198 1052 227 S.
1069 197 1193 228 PAULI.
1724 195 1760 229 4‘2

136 251 300 286 ποιήσασθαι
313 252 353 285 εἰς
372 253 435 285 τοὺς
451 253 573 288 πτωχοὺς
587 254 639 280 τῶν
657 254 741 288 ἁγίων
760 255 814 282 τῶν
827 255 856 281 ὲν
874 255 923 282 Ὶε-

977 256 1101 292 pecuniis
1115 256 1186 283 dicit
1212 255 1294 283 etiam
1315 256 1343 283 in
1369 255 1456 291 prima
1481 255 1513 283 ad
1527 255 1685 285 Corinthios
1703 258 1761 293 epi-

134 296 288 333 ρουσαλήμ.
308 307 318 323 ι
336 292 403 333 Περὶ
420 298 449 326 δὲ
466 298 567 327 τούτων
579 300 633 327 τῶν
657 300 818 336 χρημάτων,
831 300 878 327 καὶ
896 301 924 327 ὲν

136 344 167 378 τῇ
189 343 312 378 προτέρᾳ
323 343 334 358 ⁸
348 344 382 378 τῇ
397 344 465 379 πρὸς
477 344 638 380 Κορινθίους
655 346 738 381 φησὶν
759 345 903 381 Ἐπιστολῇ
915 355 921 362 ·

138 399 148 415 ι
162 390 222 416 ἰνα
237 389 275 425 μὴ
290 390 355 417 ὅταν
370 389 450 421 ἔλθω,
468 390 528 417 τότε
544 390 630 425 λογίαι
656 388 784 426 γίνωνται
798 399 806 407 ⁸
820 391 884 419 ὅταν
897 391 926 418 δὲ

137 436 354 470 παραγένωμαι,
380 435 428 467 οὓς
452 437 499 462 ἐὰν
525 435 690 472 δοκιμάσητε
716 437 750 463 δι’
766 437 924 469 ἐπιστολῶν,

137 482 246 513 τούτους
269 481 370 517 πέμψω
390 483 552 516 ἀπενεγκεῖν
564 483 613 518 τὴν
626 483 706 518 χάριν
718 483 795 519 ὑμῶν
811 484 851 515 εἰς
877 483 926 509 Ἰε-

138 528 290 564 ρουσαλήμ
308 529 356 555 ἐὰν
368 526 424 564 δὲῇ
443 528 517 560 ἄξιον
529 523 576 556 tot.)
591 529 662 565 κάμὲ
682 529 856 565 πορεύεσθαι,
878 529 926 556 σὺν

136 575 197 609 ἐμοὶ
210 574 402 610 πορεύσονται.
423 584 432 600 ›
446 575 525 602 Μετὰ
540 575 643 602 τούτων
654 569 708 601 τῶν
723 575 873 611 χρημάτων
886 575 926 606 είς

140 620 319 656 Ἰερουσαλὴμ
333 621 468 656 ἀπαίρων,
482 616 512 647 ὲν
531 621 642 657 Μιλήτῳ
654 623 710 653 τοῖς
730 620 861 655 Ἐφεσίων
873 620 925 656 ἔφη

136 666 343 702 πρεσϐυτέροις,
359 667 400 693 ὅτι
415 676 425 692 ‹
443 666 540 693 Οὐκέτι
555 666 652 701 ὂψεσθε
667 666 697 693 τὸ
713 664 858 702 πρόσωπόν
875 675 925 702 μου

137 712 215 748 ὑμεῖς
239 712 352 744 πάντες,
375 713 404 739 ὲν
420 710 461 744 οἷς
483 709 592 748 διῆλθον
616 712 762 748 κηρύσσων
783 713 832 748 τὴν
850 710 926 748 βασι-

135 758 209 784 λείαν
221 758 269 785 τοῦ
285 758 380 785 Θεοῦ.»
397 758 486 790 Εὐθὺς
505 759 560 794 γὰρ
577 760 605 785 ὲν
627 753 822 794 Ἰεροσολύμοις
838 767 927 795 παρα-

136 803 224 838 νόμων
239 803 366 838 γραφεὶς,
393 802 440 830 καὶ
460 798 504 830 τὸν
533 804 661 839 μέγιστον
683 804 787 830 ἐκεῖνον
804 803 926 831 κίνδυνον

139 849 298 884 ὑπομείνας,
322 844 366 875 διὰ
391 849 441 884 μὲν
464 848 510 875 τοῦ
535 849 675 884 χιλιάρχου
696 850 750 876 τῶν
772 849 926 875 Ἰουδαϊκῶν

136 894 279 930 ἀπηλλάγη
297 895 397 930 χειρῶν
410 903 417 910 ·
438 894 530 928 ἐφέσει
559 895 587 922 δὲ
611 895 793 930 χρησάμενος,
808 894 854 921 ἐπὶ
878 895 924 921 τοῦ

136 929 239 976 Φήστου
254 929 304 976 τὴν
325 929 433 976 Ῥώμην
449 929 683 968 κατέλαϐενξίοτι
705 929 736 967 δὲ
757 940 811 967 ἀπὸ
827 940 923 976 Κορίν-
941 929 963 960 Β

137 987 181 1014 θοι.)
191 987 316 1023 γέγραφε
328 987 376 1022 τὴν
391 987 458 1022 πρὶς
474 987 625 1023 Ῥωμαίους
645 986 813 1023 Ἐπιστολὴν,
830 987 924 1022 σαφῶς

136 1034 206 1068 ἡμᾶς
222 1033 289 1060 αὐτὸ
304 1033 424 1059 διδάσκει
445 1033 475 1059 τὸ
488 1033 575 1065 τέλος.
592 1032 703 1068 Πρῶτον
726 1031 774 1068 μὲν
798 1032 853 1069 γὰρ
875 1033 924 1068 τὴν

138 1079 237 1114 Φοίϐην
250 1079 405 1115 συνίστησι,
417 1078 540 1106 διάκονον
555 1079 639 1114 αὐτὴν
650 1076 720 1105 εἶναι
735 1078 822 1113 λέγων
836 1079 885 1114 τῆς
896 1079 924 1105 ὲν

135 1126 288 1161 Κεγχρεαῖς
300 1122 446 1161 ἐκκλησίας
459 1133 465 1140 ·
483 1124 633 1161 Κορινθίων
649 1125 677 1151 δὲ
694 1124 793 1160 χωρίον
807 1125 835 1151 αί
853 1125 924 1159 Κεγ-

135 1172 222 1207 χρεαί.
245 1171 363 1197 Ἔπειτα
382 1169 409 1197 δὲ
435 1171 482 1197 καὶ
497 1170 584 1197 ταῦτά
601 1179 683 1206 φησιν
701 1179 707 1185 ·
723 1179 731 1196 ι
758 1170 924 1202 Ἀσπάζεται

135 1217 206 1251 ὑμᾶς
226 1216 307 1248 Γαῖος
319 1217 333 1243 ὁ
348 1215 422 1248 ξένος
440 1224 502 1251 μου,
518 1217 566 1242 καὶ
580 1215 630 1251 τῆς
647 1214 811 1257 Ἐκκλησίαξ
824 1215 898 1250 ὅλης.
912 1225 921 1242 ι

135 1263 214 1289 Ξένον
229 1262 259 1289 δὲ
276 1262 323 1288 τὸν
339 1261 475 1296 ξενοδόχον
501 1261 587 1289 καλεῖ.
605 1260 667 1289 Ὅτι
689 1261 718 1288 δὲ
734 1261 875 1297 Κορίνθιος
889 1259 924 1297 ἦν

134 1310 147 1335 ὁ
161 1309 252 1341 Γάϊος,
267 1309 300 1334 ἐκ
310 1308 372 1342 ,τῆς
398 1307 466 1343 πρὸς
482 1307 639 1343 Κορινθίους
657 1308 668 1323 ⁸
683 1308 818 1343 προτέρας
841 1315 925 1334 κατα-

136 1353 231 1389 μαθεῖν
247 1353 374 1391 εὑπετές.
389 1352 492 1389 Γράφει
512 1353 566 1389 γὰρ
579 1352 665 1385 οὕτως
680 1354 770 1386 αὐτοῖς
782 1361 788 1368 ·
810 1362 818 1380 ι
835 1352 925 1390 Εὐχα-

136 1400 219 1436 ριστῶ
236 1400 274 1435 τῷ
293 1399 354 1434 Θεῷ
369 1407 431 1434 μου,
455 1399 496 1426 ὅτι
522 1398 616 1426 οὐδένα
639 1399 716 1436 ὑμῶν
740 1399 886 1435 ἐϐάπτισα,
899 1401 925 1428 εί

137 1446 176 1482 μὴ
199 1446 322 1482 Κρίσπον
339 1446 386 1472 καὶ
409 1445 496 1472 Γάϊον.
518 1455 527 1472 ι
560 1445 675 1482 Ἐσχάτη
700 1445 790 1473 τοίνυν
807 1446 861 1474 ἀπὸ
875 1447 925 1482 τῆς

145 1492 246 1523 Ἀσίας,
266 1491 314 1517 καὶ
330 1489 509 1522 Μακεδονίας,
529 1490 576 1517 καὶ
597 1491 718 1526 Ἀχαίας,
734 1492 750 1526 ἡ
766 1491 834 1526 πρὸς
856 1492 924 1519 Ῥω-

136 1537 235 1573 μαίους
251 1537 371 1572 ἐγράφη,
388 1536 434 1562 καὶ
457 1536 532 1568 τάξιν
555 1536 611 1572 ἔχει
635 1537 685 1572 τὴν
700 1537 827 1573 ἑϐδόμην,
842 1537 879 1568 ὡς
893 1537 925 1564 ἐκ

135 1583 190 1610 τῶν
204 1583 391 1610 ἀποστολικῶν
404 1582 575 1618 γραμμάτων
589 1583 739 1617 ἐδείξαμεν.
755 1582 810 1614 Τὰς
825 1582 879 1618 γὰρ
894 1582 925 1618 δὴ

135 1629 219 1660 ἄλλας
234 1629 290 1655 ἀπὸ
304 1630 354 1664 τῆς
375 1628 487 1664 Ῥώμης
502 1628 651 1655 ἐπέστειλε.
672 1628 726 1655 Καὶ
744 1628 856 1664 πρώτην
877 1629 926 1663 μὲν

135 1675 256 1711 ἡγοῦμαι
277 1675 328 1710 τὴν
345 1674 412 1710 πρὸς
438 1674 560 1706 Γαλάτας
577 1675 724 1710 γραφῆναι.
739 1674 795 1709 Πρὸ
807 1673 860 1710 γὰρ
877 1675 927 1709 τῆς

133 1723 173 1754 εἰς
189 1722 238 1757 τὴν
252 1721 423 1748 Μακεδονίαν
434 1721 601 1756 ἀποδημίας,
618 1720 725 1756 διῆλθεν
742 1721 781 1752 είς
794 1720 844 1756 τὴν
858 1720 927 1756 Φρυ-

135 1769 196 1801 γίαν
210 1769 260 1794 καὶ
271 1767 424 1802 Γαλατικὴν
435 1766 537 1802 χώραν,
556 1767 698 1802 κηρύττων
710 1766 739 1793 τὸ
752 1766 924 1801 Εὐαγγέλιον.

137 1812 203 1842 Εἶτά
218 1822 280 1840 τινα
296 1813 390 1849 χρόνον
408 1814 436 1839 ἐν
452 1814 484 1848 τῇ
503 1812 665 1847 Μακεδονίᾳ,
691 1812 739 1838 καὶ
757 1813 790 1847 τῇ
819 1811 925 1847 Ἀχαΐᾳ,

135 1861 181 1888 καὶ
200 1860 297 1896 μέντοι
320 1861 369 1886 καὶ
385 1860 418 1895 τῇ
438 1859 515 1894 Ἀσίᾳ
529 1858 683 1894 διατρίψας,
704 1858 796 1893 ἀπῆρε
818 1858 867 1893 μὲν
886 1858 928 1889 είς

136 1908 183 1942 τὴν
217 1906 359 1933 Ἰουδαίαν.
379 1901 499 1932 Ἐκεῖθεν
523 1905 551 1931 δὲ
576 1905 645 1940 μετὰ
667 1903 716 1940 τὴν
742 1905 859 1938 Ἔφεσον
876 1904 927 1938 τὴν
953 1906 958 1909 κ

140 1949 254 1988 Ῥώμην
266 1951 411 1978 κατέλαϐε·
428 1951 475 1977 καὶ
489 1950 592 1986 μαθὼν,
607 1950 644 1982 ὥς
658 1958 730 1981 τινες
741 1950 775 1976 τὰ
786 1950 835 1984 τῆς
850 1949 928 1975 εὐσε-

136 2000 210 2031 ϐείας
242 1998 369 2033 συνέχεον
384 1997 515 2033 δόγματα,
543 1997 592 2032 τὴν
615 1996 670 2024 ἀπὺ
685 1995 740 2023 τῶν
755 1996 927 2031 γραμμάτων

136 2047 228 2077 αὐτοῖς
263 2043 412 2080 θεραπείαν
439 2044 621 2079 προσήνεγκε.
652 2043 707 2069 Καὶ
737 2042 927 2077 Φιλιππησίοις

137 2092 204 2127 μετὰ
225 2090 339 2121 τούτους
355 2090 409 2116 ἀπὸ
424 2089 474 2124 τῆς
497 2088 606 2124 Ῥώμης
623 2087 774 2119 ἐπέστειλε,
787 2087 834 2113 καὶ
853 2087 929 2122 δηλοῖ

135 2137 183 2173 τῆς
207 2135 376 2170 Ἐπιστολῆς
392 2133 421 2161 to
439 2134 547 2166 τέλοςῚ
559 2133 738 2167 Ἀσπάζονται
757 2133 822 2169 γὰρ,
834 2133 926 2169 φησὶν,

136 2184 205 2219 ὑμᾶς
223 2183 249 2209 οἱ
271 2182 303 2208 ἐκ
322 2183 372 2216 τῆς
390 2180 529 2215 Καίσαρος
545 2180 644 2211 οἰκίας.
661 2189 670 2206 ι
693 2179 749 2206 Καὶ
769 2179 860 2215 μέντοι
880 2178 928 2206 καὶ

115 2264 117 2267 ι
141 2229 289 2264 Ἐφεσίοις,
309 2227 357 2254 καὶ
375 2225 652 2259 Κολασσαεῦσι,κατὰ
667 2226 712 2253 τὸν
727 2225 809 2252 αὐτὸν
825 2225 928 2261 ἔγραψε

136 2276 242 2312 χρόνον,
256 2276 297 2302 ἑνὶ
313 2275 368 2301 τῶν
386 2273 534 2301 ἐπιστολῶν
551 2274 712 2309 ἀμφοτέρων
726 2273 842 2308 διακόνῳ
861 2281 929 2308 χρη-

137 2322 265 2356 σάμενος.
294 2320 339 2347 Ἐν
358 2318 397 2354 τῷ
414 2319 486 2346 τέλει
503 2319 556 2353 γὰρ
573 2318 706 2353 ἑκατέρας
725 2318 816 2354 φησίψ
836 2327 845 2343 ι
869 2317 926 2344 Ἵνα

137 2366 164 2393 δὲ
181 2367 274 2402 εἰδῆτε
289 2366 336 2392 καὶ
354 2366 433 2400 ὑμεῖς
449 2365 482 2392 τὰ
498 2366 558 2392 κατ’
569 2365 629 2400 ἐμὲ,
648 2364 675 2391 τί
693 2365 818 2400 πράσσω,
837 2365 927 2392 πάντα

138 2413 201 2449 ὑμῖν
227 2412 361 2448 γνωρίσει
388 2412 505 2447 Τυχικδς
520 2433 527 2444 ,
547 2412 562 2438 ὸ
581 2411 721 2446 ἀγαπητὸς
746 2411 860 2446 ἁδελφὸς
879 2411 928 2438 καὶ

138 2460 231 2491 πιστὸς
250 2459 374 2489 διάκονος
400 2459 428 2484 ὲν
448 2457 561 2494 Κυρίῳ,
588 2457 617 2484 ὃν
637 2457 747 2492 ἔπεμψα
768 2458 836 2493 πρὸς
855 2458 928 2493 ὑμᾶς

138 2507 176 2538 εἰς
191 2505 259 2532 αὐτὸ
277 2505 375 2535 τοῦτο,
394 2505 438 2531 ἵνα
454 2504 540 2538 γνῶτε
557 2503 592 2530 τὰ
611 2504 676 2538 περὶ
700 2503 789 2539 ἡμῶν,
811 2504 857 2530 καὶ
875 2512 927 2529 πα-

139 2552 278 2587 ρακαλέσῃ
296 2551 347 2582 τὰς
368 2549 479 2584 καρδίας
499 2549 584 2584 ὑμῶν.
610 2558 619 2575 ι
648 2550 691 2575 Ἐν
707 2549 736 2576 δέ
753 2558 784 2584 γε
803 2551 836 2585 τῇ
857 2550 925 2585 πρὸς

139 2597 310 2628 Κολασσαεῖς
336 2596 385 2622 καὶ
410 2594 457 2621 τοῦ
487 2594 631 2630 Ὀνησίμου
661 2594 807 2630 μέμνηται.
839 2605 847 2620 ι
872 2596 926 2622 Σὺν

144 2642 284 2678 Ὀνησίμῳ
303 2642 371 2677 γὰρ,
384 2641 461 2677 φησὶ,
478 2640 518 2676 τῷ
539 2640 624 2676 πιστῷ
641 2641 686 2667 καὶ
699 2641 833 2676 ἁγαητῴ
848 2642 927 2668 ἁδελ-

173 2714 186 2728 ο
209 2711 216 2736 Ι
233 2710 368 2740 (ἰσίκια,
386 2709 446 2736 2-4.
484 2712 497 2733 ι’
516 2709 578 2736 Act.
597 2718 649 2739 xx.
666 2709 711 2737 ‘23.
752 2713 765 2734 ιι
786 2710 845 2737 Act.
864 2719 926 2743 xxt,
942 2715 969 2739 et
994 2720 1047 2739 xxv
1098 2716 1110 2730 τ
1132 2709 1208 2737 Rom.
1232 2718 1276 2737 κιί
1289 2729 1296 2742 ,
1313 2710 1338 2736 l.

977 302 1070 329 stola:
1087 311 1096 328 ι
1117 301 1155 330 Ne
1177 301 1288 337 quando
1310 309 1422 335 venero,
1443 306 1512 329 tunc
1537 302 1657 331 collectae
1681 302 1759 332 ﬁant.

976 347 1091 381 Quando
1107 352 1199 375 autem
1215 355 1327 380 venero,
1345 355 1414 383 quos
1439 355 1488 383 per
1504 347 1635 383 epistolas
1659 350 1761 385 proba-

976 394 1082 428 veritis,
1094 402 1143 423 eos
1156 395 1261 422 mittam
1277 394 1310 422 ad
1326 394 1502 423 deferendam
1515 395 1631 430 gratiam
1642 401 1762 423 vestram

977 442 1002 476 in
1020 441 1182 469 Jerusalem.
1200 440 1278 474 Quod
1303 441 1324 468 si
1344 441 1457 477 dignum
1475 440 1558 468 fuerit
1581 445 1610 468 ut
1624 447 1675 476 ego
1690 447 1761 472 eam,

977 495 1081 515 mecum
1096 488 1174 514 ibunt
1189 492 1210 515 α.
1230 496 1239 514 ι
1257 487 1327 514 Cum
1348 487 1390 515 his
1405 486 1530 522 pecuniis
1547 487 1575 514 in
1591 486 1762 514 Hierusalem

977 534 1120 569 navigans,
1146 534 1230 561 Mileti
1263 534 1333 561 dixit
1362 534 1546 569 Ephesiorum
1574 533 1761 561 senioribus:

980 589 988 605 ι
1010 579 1068 607 Νοη
1080 580 1202 615 amplius
1215 579 1345 606 videbitis
1370 578 1467 606 faciem
1483 586 1572 606 meam
1588 586 1638 607 vos
1654 585 1761 610 omnes,

977 633 1025 660 per
1059 633 1131 661 quos
1159 625 1256 653 transii
1285 624 1438 660 praedicans
1466 632 1581 660 regnum
1606 626 1614 635 '
1640 620 1688 652 'Dei
1706 629 1729 652 P.
1751 633 1761 650 ι

976 672 1079 707 Nempe
1098 680 1159 700 mox
1185 672 1381 708 Hierosolymis
1408 677 1554 699 accusatus
1575 671 1648 707 quod
1665 673 1763 698 con‘tr-a

977 719 1050 753 leges
1086 718 1198 752 faceret,
1215 723 1243 746 et
1261 718 1329 745 illud
1344 718 1492 745 maximum
1517 717 1673 753 periculum
1697 723 1763 751 per-

978 772 1097 800 pessus,
1124 773 1172 800 per
1207 765 1347 792 tribunum
1378 764 1490 799 quidem
1518 763 1637 790 militum
1667 769 1682 789 a
1717 761 1764 789 Juv

977 810 1064 838 daieis
1091 810 1217 838 manibus
1248 810 1380 838 liberatus
1408 813 1450 837 est
1475 819 1481 838 :
1506 809 1688 844 appellatione
1714 815 1764 836 au-

978 859 1030 882 tem
1060 863 1137 887 usus,
1170 855 1221 882 sub
1243 850 1326 882 Festo
1346 854 1460 882 Romam
1478 854 1553 882 venit
1567 858 1592 880 ς.
1619 853 1698 887 Quod
1713 861 1762 880 au-

979 906 1033 930 tem
1060 898 1184 929 Corinthi
1210 900 1354 936 scripserit
1378 900 1522 936 epistolam
1549 899 1582 928 ad
1612 898 1764 931 Romanos,-

978 949 1036 984 ipse
1051 955 1100 975 nos
1114 946 1179 975 ﬁnis
1192 952 1286 983 aperte
1303 947 1391 975 docet.
1406 946 1530 974 Primum
1554 946 1627 974 enim
1643 945 1763 973 Phoeben

978 993 1164 1026 commendat,
1179 993 1276 1020 dicens
1293 999 1353 1020 eam
1373 999 1434 1020 esse
1450 992 1606 1020 ministram
1621 991 1762 1024 Ecclesia},

977 1047 1038 1076 quae
1060 1043 1103 1068 est
1117 1039 1268 1067 Cenchreis
1282 1043 1305 1066 τ.
1322 1038 1471 1066 Cenchreae
1486 1041 1578 1066 autem
1595 1041 1659 1065 sunt
1674 1044 1764 1073 pagus

978 1086 1195 1114 Corinthiorum
1207 1084 1344 1112 Praeterea
1361 1084 1419 1112 haec
1428 1091 1539 1119 quoque
1555 1084 1623 1112 dicit
1636 1093 1643 1110 :
1660 1092 1670 1109 ‹
1684 1082 1764 1110 Salu-

978 1136 1018 1160 tat
1034 1139 1084 1159 vos
1099 1130 1185 1159 Caius
1200 1131 1301 1166 hospes
1321 1138 1410 1164 meus,
1421 1134 1449 1159 et
1461 1130 1546 1159 totius
1563 1129 1692 1158 Ecclesia:
1707 1134 1730 1156 α,
1751 1137 1761 1154 ι

978 1172 1120 1213 llospitem
1135 1181 1226 1205 autem
1241 1185 1303 1205 eum
1321 1176 1440 1212 appellat
1449 1176 1495 1212 qui
1512 1175 1633 1211 hospitio
1648 1174 1763 1210 excipit.

978 1223 1055 1257 Quod
1076 1228 1168 1251 autem
1187 1223 1349 1251 Corinthius
1373 1226 1433 1251 erat
1454 1222 1548 1256 Caius,
1566 1229 1602 1250 ex
1622 1221 1715 1256 priore
1729 1221 1762 1247 ad

977 1269 1136 1298 Corinthios
1164 1269 1280 1305 epistola
1313 1268 1394 1297 facile
1425 1272 1470 1296 est
1501 1267 1664 1304 intelligere.
1695 1266 1765 1303 ipsis

978 1315 1051 1342 enim
1082 1315 1122 1342 sic
1148 1314 1266 1342 scribit:
1283 1323 1293 1339 ι
1309 1312 1419 1341 Gratias
1439 1320 1490 1349 ago
1517 1311 1572 1340 Deo
1603 1319 1676 1344 meo,
1691 1311 1764 1347 quod

977 1359 1116 1388 neminem
1143 1363 1265 1388 vestrum
1306 1357 1453 1394 baptizavi,
1489 1357 1544 1386 nisi
1575 1357 1703 1393 Crispum
1737 1361 1765 1385 et

977 1407 1074 1435 Caium
1089 1406 1112 1433 ί.
1134 1415 1144 1432 ι
1161 1402 1263 1434 Ultima
1282 1412 1347 1440 ergo
1371 1404 1494 1433 omnium
1518 1412 1552 1433 ex
1573 1403 1650 1437 Asia,
1667 1408 1694 1432 et
1709 1403 1765 1431 Ma-

978 1451 1107 1486 cedonia,
1119 1451 1270 1483 etAchaia,
1287 1451 1389 1486 scripta
1404 1454 1446 1479 est
1463 1450 1497 1478 ad
1515 1449 1655 1478 Romanos
1669 1451 1695 1486 7
1707 1451 1765 1485 epi-

979 1497 1059 1530 stola,
1083 1500 1111 1524 et
1137 1497 1225 1524 locum
1251 1496 1333 1523 habet
1357 1495 1517 1530 septimum,
1540 1499 1570 1522 ut
1595 1503 1628 1523 ex
1651 1495 1764 1530 scriptis

979 1542 1144 1579 apostolicis
1168 1541 1323 1569 docuimus.
1343 1541 1419 1568 Alias
1432 1540 1507 1568 enim
1523 1540 1610 1568 Roma
1625 1541 1710 1569 misit.
1731 1541 1765 1568 Et
1781 1540 1783 1543 ’

980 1589 1095 1624 primam
1117 1587 1225 1622 quidem
1253 1587 1384 1622 scriptam
1408 1593 1469 1614 esse
1485 1585 1614 1613 existimo
1629 1586 1664 1613 ad
1683 1586 1765 1614 Gala-

978 1639 1033 1663 tas.
1046 1635 1201 1669 Antequam
1216 1633 1289 1661 enim
1305 1633 1333 1660 in
1346 1631 1509 1660 Macedonia
1528 1632 1762 1667 peregrinaretur,

977 1676 1257 1716 pervasitPhrygiam
1279 1682 1307 1706 et
1325 1676 1436 1705 Galatiae
1449 1677 1764 1712 regionem,pra:dicans

977 1724 1171 1760 Evangelium.
1184 1723 1289 1752 Deinde
1306 1731 1369 1751 cum
1396 1723 1567 1758 aliquantum
1585 1723 1720 1759 temporis
1736 1724 1764 1751 in

978 1770 1148 1803 Macedonia,
1163 1773 1190 1797 et
1216 1769 1332 1800 Achaia,
1349 1773 1432 1803 atque
1456 1769 1538 1796 etiam
1560 1769 1587 1796 in
1610 1768 1675 1797 Asia
1689 1774 1764 1797 esset

977 1820 1114 1847 versatus,
1134 1815 1277 1850 profectus
1297 1818 1340 1842 est
1359 1814 1388 1842 in
1412 1813 1545 1842 Judaeam.
1570 1814 1649 1842 lllinc
1673 1819 1763 1843 autem

978 1867 1039 1898 post
1054 1862 1192 1897 Ephesum
1210 1859 1324 1888 Romam
1338 1860 1412 1888 venit
1426 1864 1472 1888 :et
1490 1868 1552 1888 cum
1571 1860 1764 1893 intellexisset.

978 1908 1050 1944 quod
1068 1907 1182 1943 quidam
1210 1907 1323 1942 pietatis
1349 1907 1458 1934 decreta
1482 1907 1696 1941 confunderent,
1711 1907 1765 1935 illis

978 1961 993 1981 a
1011 1952 1162 1988 Scripturis
1186 1951 1296 1980 ductam
1313 1951 1477 1988 medicinam
1500 1951 1635 1980 adhibuit.
1650 1952 1682 1980 Et
1701 1952 1766 1981 Phi—

978 1998 1149 2034 lippensibus
1165 2001 1227 2033 post
1238 2005 1285 2025 eos
1305 1997 1389 2025 Roma
1407 1997 1530 2033 scripsit,
1542 1997 1615 2034 quod
1631 1997 1693 2027 ﬁnis
1703 1999 1765 2035 epi-

979 2045 1055 2073 stolae
1072 2044 1213 2072 declarat:
1233 2052 1242 2069 ‹
1263 2042 1390 2071 Salutant
1416 2043 1500 2077 enim,
1524 2044 1623 2079 inquit,
1644 2051 1694 2073 vos
1715 2046 1763 2080 qui

978 2095 1042 2119 sunt
1059 2091 1093 2119 de
1107 2091 1190 2118 domo
1208 2090 1327 2119 Caesaris
1341 2096 1366 2117 ιι.
1386 2099 1396 2116 ι
1414 2090 1475 2118 Jam
1492 2097 1556 2119 vero
1570 2091 1652 2119 etiam
1672 2091 1764 2127 Ephe-

979 2137 1028 2166 siis
1061 2141 1089 2165 et
1113 2137 1326 2165 Colossensibus
1356 2137 1454 2165 eodem
1482 2137 1594 2173 scripsit
1628 2141 1762 2173 tempore,

979 2182 1125 2216 utriusque
1142 2181 1266 2217 epistolae
1281 2189 1337 2209 uno
1353 2189 1421 2210 usus
1439 2182 1593 2210 tabellario.
1607 2182 1678 2211 Dicit
1689 2184 1762 2212 enim

980 2229 1008 2255 in
1029 2228 1083 2255 ﬁne
1101 2228 1246 2263 utriusque
1265 2237 1272 2256 :
1295 2237 1304 2254 ι
1328 2224 1466 2256 Utaulem
1480 2231 1507 2256 et
1517 2236 1566 2257 vos
1585 2228 1682 2257 sciatis
1702 2237 1764 2265 qua:

944 2287 966 2315 [ι
979 2275 1054 2302 circa
1069 2282 1111 2302 me
1123 2278 1197 2307 sunt,
1210 2274 1278 2309 quid
1293 2281 1381 2311 agam,
1394 2275 1489 2302 omnia
1506 2274 1584 2303 vobis
1601 2279 1666 2303 nota
1681 2274 1764 2303 faciet

979 2320 1118 2356 Tychicus
1138 2319 1320 2348 charissimus
1336 2319 1420 2347 frater
1433 2325 1461 2348 et
1480 2320 1569 2348 ﬁdelis
1592 2321 1721 2349 minister
1735 2321 1762 2348 in

979 2366 1106 2398 Domino,
1129 2374 1209 2401 quem
1233 2366 1295 2394 misi
1313 2365 1348 2394 ad
1360 2373 1410 2394 vos
1432 2366 1460 2394 in
1480 2366 1534 2394 hoc
1547 2367 1650 2402 ipsum,
1668 2371 1697 2394 ut
1715 2374 1763 2394 co-

978 2412 1121 2447 gnoscatis
1139 2419 1199 2447 quae
1213 2411 1286 2439 circa
1300 2419 1351 2439 nos
1365 2416 1440 2444 sunt,
1459 2415 1488 2439 et
1504 2411 1663 2440 consoletur
1679 2412 1763 2439 corda

977 2462 1070 2486 vestra
1092 2462 1116 2484 ν.
1148 2467 1158 2484 ›
1187 2458 1218 2485 ln
1246 2458 1364 2493 epistola
1394 2461 1484 2485 autem
1520 2457 1555 2485 ad
1583 2457 1764 2486 Colossenses

981 2503 1102 2532 Onesimi
1120 2511 1229 2540 quoque
1246 2503 1369 2531 meminit
1386 2512 1393 2530 :
1413 2512 1422 2529 ι
1441 2502 1509 2530 Cum
1526 2502 1656 2531 Onesimo
1679 2503 1763 2536 enim,

982 2549 1086 2585 inquit,
1106 2549 1178 2577 ﬁdeli
1195 2553 1224 2576 et
1248 2549 1349 2576 dilecto
1371 2548 1473 2582 fratre,
1496 2548 1543 2584 qui
1567 2553 1609 2576 est
1623 2556 1655 2576 ex
1676 2549 1764 2580 vobis,

982 2598 1074 2626 omnia
1097 2604 1158 2631 quae
1187 2596 1233 2623 hic
1256 2599 1375 2632 aguntur
1399 2600 1465 2624 nota
1488 2594 1591 2623 facient
1613 2595 1691 2624 vobis
1706 2599 1730 2623 ι.
1753 2605 1762 2620 ι

985 2644 1055 2670 Ante
1070 2642 1119 2669 has
1132 2641 1223 2676 itaque
1236 2642 1304 2669 duas
1317 2641 1467 2669 collocetur
1479 2648 1511 2669 ea
1527 2648 1588 2676 qua
1601 2641 1704 2676 scripta
1724 2645 1766 2668 est

1379 2716 1389 2729 ι
1411 2710 1476 2738 ibid.
1491 2710 1536 2738 25.
1579 2711 1587 2728 ¹
1604 2709 1668 2738 Cor.
1683 2716 1704 2744 t,
1719 2710 1763 2737 Η.

140 2750 153 2764 τι
172 2744 298 2780 Philipp.
316 2753 354 2776 iv,
369 2745 415 2771 22.
453 2749 466 2763 ν
486 2744 584 2779 Epltes.
604 2753 648 2777 vt,
663 2744 709 2777 Ἣ,
727 2745 781 2778 2'2;
796 2745 906 2774 Coloss.
925 2760 927 2773 l

988 2747 1013 2778 7,
1030 2747 1058 2773 8.
1098 2750 1111 2764 κ
1131 2745 1197 2773 ibid.
1215 2745 1242 2772 9.

798 2801 923 2839 vanus
937 2804 1154 2840 LECTIONES.’

177 2857 354 2898 {Bai-3159a.
367 2857 474 2889 vitiose,
491 2857 563 2892 quod
578 2858 658 2885 etiam
683 2859 762 2886 habet
788 2858 895 2886 llerveli
922 2858 1123 2894 interpretatio.

142 2895 212 2921 male
221 2903 226 2919 :
248 2894 411 2927 Ῥωμαίους.

309 2939 389 2968 Ρλτιι
395 2946 440 2967 οι..
466 2937 523 2968 Gn.
548 2939 598 2968 [Χ
606 2940 671 2970 XXI
678 2941 699 2971 ι.

1174 2860 1184 2875 ⁸
1202 2860 1240 2887 lla
1269 2863 1340 2886 recte
1369 2859 1450 2886 habet
1477 2858 1506 2890 Β,
1524 2858 1663 2885 Sirmondt
1680 2857 1764 2888 editio

1577 2939 1594 2968 2
