2013 3114
237 160 274 191 43
728 150 970 184 THEODORETI
987 153 1157 184 EPISCOPI
1173 154 1355 186 CYRENSIS
1819 153 1865 188 Ἠ

239 212 272 240 ad
302 211 500 255 Philemonem.
526 207 554 234 lu
579 207 625 235 illa
652 208 725 235 enim
750 208 879 235 hortatur
899 211 928 235 ιιι
952 208 1022 235 reci-

1082 209 1127 244 ρῷ,
1147 210 1175 241 ὃς
1195 210 1268 236 ἐστιν
1287 210 1316 242 ἐξ
1335 210 1423 246 ὑμῶν,
1446 211 1532 238 πάντα
1551 210 1713 246 γνωρίσουσι
1733 211 1766 238 τὰ
1783 210 1863 238 ὦδε..

239 258 330 293 piatur
348 255 506 288 Onesimus,
522 259 553 282 ut
573 255 620 290 qui
641 255 668 282 in
693 262 805 282 carcere
830 259 922 282 ortum
946 254 1027 289 spiri-

239 302 340 329 tualem
360 301 475 337 ceperit.
493 300 543 328 llic
567 305 658 327 autem
673 308 734 327 eum
761 299 843 327 etiam
859 299 931 327 inter
946 299 1027 327 mini-

240 353 314 377 stros
331 348 459 376 collocat.
473 346 537 375 Post
553 347 603 374 hos
618 351 708 374 autem
725 346 758 373 ad
774 345 904 374 Hebraeos
917 353 1027 382 quoque

241 395 365 430 scripsit,
377 394 459 429 idque
471 393 568 425 Roma,
582 397 612 420 ut
623 392 651 427 8
667 392 730 419 linis
745 391 824 419 docet
839 400 845 418 :
862 400 871 417 ι
891 390 1026 422 Salutant,

241 441 341 476 inquit,
358 448 418 472 vos,
437 439 484 475 qui
501 443 565 466 sunt
580 446 613 466 ex
627 437 706 465 Italia
719 441 744 464 1.
766 446 774 463 ι
792 436 920 464 Omnium
937 440 1026 464 autem

241 486 366 514 ultimam
383 485 496 520 scripsit
512 484 661 512 secundam
684 483 717 510 ad
731 482 917 514 Timotheum,
929 486 956 510 et
975 482 1027 510 hoc

240 541 338 561 rursus
355 540 388 560 ex
406 531 467 567 ejus
491 531 603 566 scriptis
628 529 708 557 facile
729 529 795 558 sciri
816 533 916 565 potest.
939 538 948 555 ι
971 529 1029 564 Ego

241 580 325 612 enim,
345 578 442 614 inquit,
461 577 517 612 jam
536 577 654 610 delibor,
668 580 695 604 et
709 580 817 611 tempus
837 583 903 603 mea:
924 575 1030 602 disces—

242 626 330 655 sionis
351 625 437 653 instat
450 628 473 651 ι.
493 633 503 650 ›
527 622 596 650 Hinc
618 630 729 658 quoque
745 622 810 650 sciri
839 625 939 657 potest,
956 620 1028 656 quod

243 673 276 700 ad
304 671 439 706 Ephesios
461 675 488 698 et
510 669 693 698 Colossenses
719 668 850 703 epistolas
867 666 952 695 Roma
979 667 1030 694 mi-

243 717 320 745 serit.
339 726 348 743 ι
367 715 616 752 Tychicum,enim
627 714 728 750 inquit,
741 713 804 741 misi
815 712 953 749 Ephesum
972 718 997 739 ι.
1018 721 1028 738 ι

244 761 294 789 llic
312 767 354 790 est
379 768 444 797 ergo
461 761 530 789 ordo
551 760 746 796 Epistolarum,
766 759 838 794 quod
861 757 894 786 ad
918 762 1029 794 tempus

245 817 300 845 quo
314 809 426 844 scriptae
442 812 506 836 sunt
521 807 629 835 attinet.
651 805 803 842 Epistolam
817 808 909 832 autem
926 804 959 831 ad
978 803 1032 831 Ro-

245 863 342 883 manos
360 856 583 891 praposuerunt,
594 857 625 880 ut
637 859 698 888 quae
718 851 747 879 in
767 858 797 880 se
814 851 904 879 omnis
921 850 1032 887 generis

243 889 460 932 doctrina-mia
475 901 633 926 accuratam
652 897 849 933 copiosamque
872 896 1030 932 dogmatum
1047 889 1070 920 Β

244 943 486 980 pertractationem
510 943 661 971 contineat.
677 941 796 975 Quidam
811 946 902 969 autem
925 941 1033 974 dicunt,

246 995 277 1018 ut
295 990 404 1023 urbem,
427 997 487 1025 qua:
504 989 635 1017 universo
659 988 719 1016 orbi
740 991 867 1024 praerat,
880 991 907 1015 et
926 987 1033 1022 imperii

247 1040 356 1072 sceptra
379 1035 505 1069 tenebat,
528 1035 717 1067 honorarent,
737 1041 797 1062 eam
821 1041 882 1069 qua:
907 1033 940 1060 ad
972 1033 1034 1061 illos

247 1083 349 1117 scripta
381 1085 424 1110 est
452 1081 602 1117 Epistolam
629 1080 746 1116 primam
771 1079 934 1108 collocasse.
965 1079 1030 1106 Mihi

248 1132 339 1155 autem
355 1127 426 1163 quod
445 1128 522 1163 prius
538 1127 641 1155 dictum
662 1130 706 1154 est
722 1125 830 1154 videtur
853 1132 917 1154 esse
930 1125 1033 1153 verius.

253 1173 306 1201 Sed
325 1174 440 1200 aliarum
457 1173 566 1209 quidem
582 1172 766 1208 Epistolarum
783 1175 944 1207 argumenta
960 1179 1034 1199 con—

248 1218 382 1252 venienti,
398 1218 421 1246 si
438 1218 492 1245 Deo
507 1218 597 1245 visum
619 1217 713 1249 fuerit,
729 1221 851 1252 tempore
869 1216 1033 1249 scribemus,

250 1268 276 1291 et
306 1264 462 1300 unicuique
490 1271 691 1299 praeponamus.
717 1261 747 1290 In
771 1262 916 1298 prmsentia
945 1266 1034 1289 autem

249 1309 382 1345 Epistolaa
401 1311 433 1337 ad
451 1309 589 1337 Romanos
607 1309 760 1336 institutum
776 1315 808 1336 ac
822 1315 936 1343 scopum
958 1315 1036 1335 sum-

250 1356 344 1383 matim
354 1355 490 1384 dicemus.

1077 255 1135 291 Πρδ
1153 255 1207 282 τῶν
1226 255 1272 282 δύο
1290 256 1380 292 τοίνυν
1406 256 1507 284 τούτων
1527 258 1542 292 ὴ
1564 257 1631 292 πρὸς
1655 257 1794 292 Φιλήμονα
1823 266 1868 285 τε·

1077 301 1178 336 τάχθω.
1211 301 1254 328 Ἐν
1281 302 1375 338 ἐκείνῃ
1401 302 1450 338 μὲν
1475 302 1529 338 γὰρ
1554 302 1682 338 δεχθῆναι
1712 303 1868 338 παρακαλεῖ

1076 347 1122 374 τὸν
1146 347 1301 383 Ὀνήσιμον,
1321 348 1359 380 ὡς
1378 349 1407 375 ὲν
1431 347 1470 384 τῷ
1497 348 1676 384 δεσμωτηρίῳ
1702 348 1758 375 τῶν
1784 357 1868 374 πνευ-

1079 394 1202 429 ματικῶν
1231 394 1333 422 ὠδίνων
1351 395 1529 430 τετυχηκότα·
1550 394 1668 421 ἐνταῦθα
1687 394 1716 421 δὲ
1737 395 1784 421 καὶ
1812 395 1868 426 τοῖς

1078 440 1225 475 ὑπουργοῖς
1248 440 1398 467 συντάττει.
1432 441 1510 467 Μετὰ
1528 440 1638 472 τούτους
1662 440 1800 476 Ἑϐραίοις
1819 441 1868 466 ὲπ-

1078 482 1192 516 έστειλε,
1212 484 1259 510 καὶ
1278 484 1382 516 τούτοις
1401 485 1412 500 ⁷
1431 485 1459 512 δέ
1478 493 1509 520 γε
1530 485 1583 511 ἀπὸ
1599 485 1706 520 Ῥώμης
1718 504 1725 517 ,
1745 485 1782 516 ὡς
1798 485 1870 511 διδά-

1080 537 1139 556 σκει
1158 530 1188 556 τὺ
1206 530 1297 562 τέλος·
1320 540 1329 557 ι
1354 531 1535 563 Ἀσπάζονται
1553 533 1618 566 γὰρ,
1639 531 1732 566 φησὶν,
1752 532 1825 566 ὑμᾶς
1844 532 1869 558 οἱ

1079 575 1133 603 ἀπὸ
1151 577 1200 612 τῆς
1226 576 1365 609 Ἰταλίας.»
1394 577 1528 613 Ἐσχάτην
1545 577 1572 604 δὲ
1594 577 1687 603 πασῶν
1706 577 1756 613 τὴν
1775 577 1869 604 δευτέ-

1080 631 1130 657 ραν
1154 622 1222 658 πρὸς
1247 623 1378 658 Τιμόθεον
1404 623 1526 659 γέγραφε
1540 631 1546 638 ·
1577 623 1624 650 καὶ
1644 623 1722 650 τοῦτο
1740 623 1768 650 δὲ
1789 623 1870 650 πάλιν

1080 669 1113 695 ὲκ
1129 668 1183 695 τῶν
1203 669 1285 696 αὐτοῦ
1305 670 1476 705 γραμμάτων
1493 669 1663 705 καταμαθεῖν
1683 669 1784 705 ῥᾴδιον.
1800 679 1809 695 ι
1827 670 1870 696 Ἐ-

1080 714 1121 748 τὼ
1140 714 1193 750 γὰρ
1207 735 1214 748 ,
1232 715 1324 750 φησὶν,
1343 715 1395 751 ήδη
1415 715 1583 751 σπένδομαι,
1604 716 1652 742 καὶ
1674 716 1689 741 ό
1708 715 1802 751 καιρὸς
1819 715 1870 749 τῆς

1081 761 1153 796 ἐμῆς
1171 761 1326 793 ἀναλύσεως
1346 761 1506 797 ἐφέστηκεν.
1529 772 1540 788 ›
1567 761 1709 788 Ἐντεῦθεν
1738 761 1796 788 ἔστι
1820 770 1869 788 κα-

1080 806 1230 842 ταμαθεῖν,
1255 807 1292 839 ὡς
1323 808 1371 834 καὶ
1395 808 1445 844 τὴν
1472 808 1539 844 πρὸς
1562 807 1726 843 Ἐφεσίους,
1747 807 1794 834 καὶ
1820 806 1871 842 τὴν

1082 852 1152 888 πρὸς
1171 852 1350 885 Κολασσαεῖς,
1367 853 1421 880 ἀπὸ
1437 853 1487 889 τῆς
1509 853 1618 890 Ῥώμης
1634 853 1804 880 ἐπέστειλα(
1816 852 1871 879 Τυ-

1085 898 1161 934 χικὸν
1176 898 1241 934 γὰρ,
1259 899 1352 934 φησὶν,
1371 898 1516 927 ἐπέστειλα
1531 899 1571 931 εις
1592 899 1719 934 Ἔφεσον.
1739 907 1748 924 ι
1771 898 1804 925 Ἥ
1821 897 1873 933 μιν

1083 944 1138 971 τῶν
1161 943 1310 971 ἐπιστολῶν
1328 945 1397 972 κατὰ
1416 945 1462 972 τὸν
1481 945 1576 981 χρόνον
1592 945 1667 977 τάξις
1687 944 1761 971 ἐστὶν
1789 943 1871 978 αὕτη.

1084 990 1272 1026 Προτετάχασι
1291 990 1319 1017 δὲ
1337 990 1387 1025 τὴν
1407 991 1474 1027 πρὸς
1499 991 1662 1026 Ῥωμαίους.
1682 990 1719 1022 ὡς
1740 989 1872 1016 παντοδα-

1086 1035 1139 1071 πὴν
1167 1035 1281 1071 ἔχουσαν
1298 1035 1480 1067 διδασκαλίαν,
1500 1036 1549 1063 καὶ
1569 1035 1618 1071 τὴν
1644 1035 1699 1061 τῶν
1729 1034 1873 1069 δογμάτων

1085 1081 1228 1116 ἀκρίϐειαν
1246 1081 1290 1108 διὰ
1316 1081 1446 1108 πλειόνων
1464 1081 1652 1109 διδάσκουσαν.
1676 1080 1754 1112 Τινὲς
1772 1080 1801 1106 δέ
1821 1088 1869 1113 φα-

1086 1134 1138 1160 σιν,
1156 1128 1196 1154 δτι
1208 1127 1254 1154 καὶ
1268 1128 1316 1163 τὴν
1333 1128 1409 1154 πόλιν
1427 1127 1570 1163 τιμῶντες,
1586 1128 1623 1160 ὼς
1642 1127 1692 1162 τῆς
1711 1125 1874 1160 οἰκουμένης

1085 1172 1307 1208 προκαθημένην,
1328 1173 1375 1200 καὶ
1393 1174 1440 1208 τῆς
1451 1173 1591 1208 βασιλείας
1607 1173 1642 1200 τὰ
1661 1173 1790 1209 σκῆπτρα
1809 1179 1874 1198 κατ-

1086 1217 1210 1253 έχουσανς
1229 1219 1341 1254 πρώτην
1376 1218 1474 1251 ἔταξαν
1496 1219 1545 1254 τὴν
1573 1219 1641 1255 πρὸς
1666 1218 1777 1249 τούτους
1805 1225 1874 1252 γρα-

1088 1264 1185 1298 φεῖσαν
1203 1264 1373 1300 Ἐπιστολὴν.
1395 1265 1472 1300 Ἐμοὶ
1489 1264 1517 1291 δὲ
1530 1265 1560 1291 τὸ
1579 1265 1711 1300 πρότερον
1727 1262 1874 1298 ἀληθέστε-

1089 1318 1135 1345 ρον
1152 1308 1222 1336 εἶναι
1239 1309 1323 1337 δοκεῖ.
1351 1309 1430 1336 Ἀλλὰ
1459 1310 1514 1337 τῶν
1535 1311 1585 1345 μὲν
1612 1309 1701 1336 ἄλλων
1724 1305 1875 1335 ἐπιστολῶν

1087 1354 1136 1386 τὰς
1163 1355 1305 1387 ὑποθέσεις
1331 1355 1400 1382 κατὰ
1428 1355 1474 1382 τὸν
1500 1357 1673 1392 προσήκοντα
1699 1353 1806 1388 καιρὸν,
1826 1351 1876 1377 σὺν

249 1401 308 1436 Θεῷ
334 1402 416 1436 φάναι
431 1421 438 1430 η
466 1400 607 1438 γράψομεν
634 1400 681 1427 καὶ
707 1400 825 1435 ἑκάστης
852 1399 1032 1434 προτὰξομεν.
1066 1399 1126 1428 Ἐπὶ
1145 1401 1171 1428 δέ
1191 1410 1222 1436 γε
1249 1402 1295 1428 τοῦ
1316 1403 1447 1436 παρόντος
1477 1403 1526 1437 τῆς
1555 1402 1623 1438 πρὸς
1645 1399 1795 1436 Ῥωμαίους
1830 1397 1877 1423 τὸν

253 1447 354 1473 σκοπὸν
372 1446 489 1482 ἐροῦμεν
503 1447 533 1474 ὲν
550 1445 700 1481 κεφαλαίῳ.

285 1527 300 1548 γ
318 1523 401 1552 Hebr.
416 1531 482 1557 xui,
499 1523 543 1551 26.
583 1528 594 1542 ι
615 1522 636 1550 11
653 1521 771 1550 Timoth.
791 1529 832 1554 Iv,
852 1521 879 1548 6.
917 1526 930 1541 ι
949 1521 1016 1548 ibid.
1035 1519 1079 1546 l2.

889 1587 1004 1615 VARIJE
1024 1585 1225 1614 LECTIONES.

301 1635 310 1651 ⁷
327 1637 375 1663 καὶ
388 1636 493 1667 τούτοις
505 1651 540 1656 -
562 1636 670 1672 Ῥώμης
689 1634 882 1663 desiderantur
900 1634 926 1660 in
943 1633 1054 1660 Heneti
1074 1634 1207 1660 versione.

429 1812 602 1879 ΤΟΥ
639 1809 1078 1879 ΜΑΚΑΡΙΟΥ
1118 1810 1701 1879 ΘΕΟΔΩΡΗΤΟΥ

889 1924 1089 1952 ΕΠΙΣΚΟΠΟΥ
1101 1924 1219 1952 ΚΥΡΟΥ

368 1993 650 2053 EPMHNEIA
698 2007 807 2051 ΤΗΣ
868 2005 1013 2051 ΠΡΟΣ
1055 2005 1338 2049 ΡΩΜΑΙΟΥΣ
1410 2006 1729 2052 ΕΠΙΣΤΟΛΗΣ

586 2192 870 2274 ΒΕΑΤΙ
928 2192 1550 2271 THEODORETI

901 2323 1055 2354 EPISCOPI
1075 2324 1244 2354 CYRENSIS

400 2414 893 2462 lNTEBPRETATIO
931 2412 1247 2460 EPISTOL/E
1297 2413 1373 2456 AD
1427 2411 1732 2457 ROMANOS.

503 2584 531 2620 9
541 2584 790 2613 ARGUMENTUM.

291 2629 400 2657 Variam
417 2629 528 2665 quidem
542 2635 569 2658 et
584 2631 674 2659 omnis
691 2632 800 2667 generis
817 2631 973 2660 doctrinam
994 2639 1044 2667 per

1404 2584 1582 2612 ΥΠΟΘΕΣΙΣ.

1130 2633 1259 2668 Ποικίλην
1274 2633 1322 2667 μὲν
1340 2632 1387 2659 καὶ
1408 2631 1584 2667 παντοδαπὴν
1598 2631 1612 2658 ὁ
1629 2631 1702 2664 Θεῖος
1721 2632 1884 2664 Ἀπόστολος

256 2676 313 2704 hinc
339 2675 439 2711 scripta
459 2675 568 2704 exhibet
580 2677 690 2706 divinus
712 2678 872 2713 Apostolus.
890 2678 1043 2707 Universus
1092 2678 1136 2706 διὰ
1151 2678 1233 2705 τῶνδε
1254 2678 1307 2705 τῶν
1323 2678 1496 2714 γραμμάτων
1521 2678 1671 2714 προσφέρει
1695 2677 1879 2706 διδασκαλίαν.

257 2726 347 2750 autem
359 2723 481 2758 epistolae
492 2723 536 2751 hic
548 2729 710 2759 estseopus.
723 2724 827 2752 Divina:
840 2725 1042 2754 incarnationis

258 2770 415 2805 mysterium
441 2769 474 2798 iis
493 2761 669 2806 quidemqui
695 2778 761 2805 pure
781 2778 814 2798 ac
832 2771 939 2799 sincere
957 2771 1044 2800 credi-

1094 2724 1185 2757 ’Δπας
1201 2724 1229 2751 δὲ
1245 2724 1293 2760 τῆς
1314 2724 1475 2759 Ἐπιστολῆς
1494 2725 1508 2751 ὁ
1523 2724 1622 2756 σκοπός
1638 2726 1711 2751 ἐστιν
1725 2721 1812 2754 οὗτος,
1830 2725 1884 2758 Τῆς

1093 2771 1169 2803 θείας
1193 2771 1426 2806 ὲνανθρωπήσεως
1443 2770 1473 2797 τὸ
1497 2772 1656 2806 μυστήριον.
1680 2771 1736 2802 τοῖς
1751 2770 1800 2805 μὲν
1816 2771 1882 2797 εἰλι-

258 2815 355 2843 derunt
383 2820 424 2845 est
450 2817 604 2845 venerabile
626 2817 760 2852 valdeque
789 2817 971 2846 adorandum.
996 2818 1042 2846 Dei
1092 2817 1193 2852 κρινῶς
1218 2817 1412 2844 πεπιστευκόσι
1436 2817 1532 2843 σεπτὸν
1551 2818 1608 2843 ἐστι
1637 2816 1683 2843 καί
1707 2816 1777 2850 ἄγαν
1799 2824 1883 2851 προσ-

259 2861 328 2888 enim
345 2869 407 2898 erga
431 2862 555 2891 homines
578 2870 698 2891 amorem
717 2871 767 2890 nos
789 2863 932 2891 evidunler
947 2865 1035 2893 docet.

1096 2864 1220 2898 κύνητόν.
1241 2863 1378 2898 Ἐναργῶς
1400 2863 1454 2898 γὰρ
1470 2864 1542 2898 mai;
1560 2862 1608 2898 τὴν
1622 2862 1667 2889 τοῦ
1683 2861 1749 2889 Θεοῦ
1763 2862 1882 2888 διδὰῑκ;ι
