2013 3114
144 194 178 228 15
640 192 950 224 INTERI’REI‘ATIU
965 193 1083 224 EPIST.
1098 193 1147 223 AD
1165 193 1257 223 ROM.
1735 194 1770 229 ﬂ

141 247 359 283 φιλανθρωπίαν.
377 247 408 274 Ol
433 246 462 273 δέ
487 255 520 281 γε
544 246 593 281 τῆς
617 246 747 279 ἀπιστίας
773 246 822 282 τὴν
848 246 930 282 ἀχλὺν

983 245 1034 280 Qui
1056 251 1147 275 autem
1163 250 1227 275 sunt
1244 246 1415 276 inﬁdelitatis
1423 246 1540 284 ealigiue
1554 249 1729 286 circumﬁrsi,
1743 258 1770 281 et

143 293 348 329 περικείμενοι,
377 293 425 320 καὶ
449 292 496 319 τοῦ
510 291 619 328 -νοεροῦ
646 293 735 327 φωτὸς
763 293 812 329 τὴν
831 293 929 328 αἴγλην

144 340 256 376 μηδέπω
270 340 429 375 δεξάμενοι,
457 339 572 373 γελῶσιν
597 338 616 366 ἃ
640 339 709 374 μηδὲ
731 339 785 365 τῶν
807 339 931 373 ἀγγέλων

140 388 166 413 oi
179 387 259 421 δῆμοι
273 386 342 420 πρὸς
356 385 434 417 ἀξίαν
457 385 578 419 ὑμνῆσαι
593 384 764 420 δεδύνηνται.
782 385 838 412 Καὶ
852 384 931 412 τοῦτο

144 433 235 467 σαφῶς
251 433 265 458 ὁ
277 431 423 463 θεσπέσιος
445 430 607 462 ’Δπόστολος
623 431 777 466 Κορινθίοις
803 431 929 458 ἑπιστέλ-

143 479 195 505 λων
209 477 344 510 ἐδίδαξεν·
366 487 376 504 ι
401 477 430 504 '0
451 477 532 512 λόγος
548 477 601 513 γὰρ
623 477 638 503 ὁ
664 477 711 504 τοῦ
735 477 854 513 σταυροῦ
874 478 932 509 τοῖς

143 525 191 560 μὲν
206 523 407 560 ἀπολλυμένοις
425 523 515 559 μωρία
540 523 617 555 ἐστὶ,
644 524 699 554 τοῖς
713 523 742 549 δὲ
767 523 930 558 σωζομένοις

139 570 254 605 δύναμις
278 569 348 596 Θεοῦ
373 569 442 596 ἐστι.
467 578 476 594 ι
502 568 588 596 Τοῦτο
623 568 712 596 τοίνυν
742 568 772 595 τὺ
798 568 930 604 σωτήριον

139 616 289 651 κήρυγμα,
315 614 461 649 Ῥωμαίοις
480 614 605 649 γράφων,
627 613 777 648 ἀναγκαῖον
797 613 928 646 δείκνυσι,

137 662 186 689 οιαὶ
211 662 298 688 πᾶσιν
313 660 486 696 ἀνθρώποις,
510 660 649 692 Ἰουδαίοις
673 668 703 686 τε
729 660 776 687 καὶ
804 660 928 695 Ἕλλησι,

138 706 280 739 λυσιτελὲς
294 706 342 734 καὶ
357 706 507 741 συμφέρον.
522 702 559 733 Ub
570 706 603 741 δὴ
616 706 696 742 χάριν
709 705 763 741 πρὸ
777 706 830 733 τῶν
843 705 930 733 ἄλλων

136 753 268 780 ἁπάντων
280 773 287 784 ,
307 753 355 779 καὶ
370 750 506 787 Ἓλληνας
523 751 661 786 ἐξελέγχει
672 770 680 782 .
708 751 758 786 τὴν
774 751 929 779 ἐντεθεῖσαν

138 802 172 836 τῇ
201 799 283 834 φύσει
302 799 378 834 παρὰ
397 798 445 824 τοῦ
476 798 658 832 πεποιηκότος
680 798 734 824 τῶν
754 797 864 832 ἀγαθῶν
882 799 929 825 καὶ

135 845 192 872 τῶν
220 845 351 871 ἐναντίων
376 844 513 879 διάκρισιν
545 842 676 878 ἄντικρυς
703 843 927 879 διαφθείραντας,

138 892 186 919 καὶ
207 892 257 927 τῆς
280 890 388 925 φύσεως
405 889 634 925 παραϐεϐηκότας
656 890 719 922 τοὺς
737 890 837 925 νόμους
850 898 856 904 '
882 891 929 916 καὶ

139 925 240 972 μέντοι.
253 936 303 963 καὶ
325 935 481 966 Ἰουδαίους,
503 933 644 970 ἔγγραφον
661 935 711 969 μὲν
733 934 814 961 θείων
838 935 929 969 νόμων
946 925 966 953 Β

134 983 303 1018 δεξαμένους
322 981 508 1013 διδασκαλίαν,
525 980 620 1015 ὄνησιν
633 980 664 1007 δὲ
679 980 804 1007 ἐντεῦθεν
820 981 851 1007 οὺ
867 981 930 1016 βου-

136 1027 270 1062 ληθέντας
293 1026 405 1058 λαϐεῖν,
431 1025 500 1052 ἀλλὰ
523 1024 628 1060 μείζοσι
643 1025 790 1061 τιμωρίαις
810 1024 928 1052 ὑπευθύ-

136 1081 199 1105 νους
213 1071 426 1108 γεγενημένους.
447 1071 525 1098 Μετὰ
541 1070 628 1098 ταῦτα
643 1070 717 1105 λέγει
736 1071 786 1106 τὴν
800 1071 847 1098 τοῦ
861 1071 929 1098 Θεοῦ

135 1121 183 1148 καὶ
198 1120 325 1155 Σωτῆρος
349 1119 427 1154 ἡμῶν
441 1119 601 1153 ἐπιφάνειαν
613 1139 620 1151 ,
644 1118 694 1145 οὐκ
709 1119 755 1145 ἐπὶ
769 1118 859 1154 κρίσει
882 1119 930 1146 καὶ

134 1166 258 1202 ’τιμωρίᾳ
272 1166 327 1192 τῶν
344 1166 612 1201 παρανενομηκότων
634 1165 835 1201 γεγενημένην,
862 1165 930 1192 ἀλλὰ

135 1213 190 1239 τῶν
202 1212 412 1248 ἁμαρτημάτων
434 1212 609 1248 δωρουμένην
623 1211 672 1247 τὴν
685 1212 793 1246 ἄφεσιν,
817 1212 865 1238 καὶ
882 1211 929 1238 τοῦ

136 1258 252 1286 θανάτου
275 1259 324 1293 τὴν
341 1258 418 1285 λύσιν
437 1258 666 1293 ὑπισχνουμένην,
688 1257 735 1285 καὶ
755 1258 804 1294 τὴν
820 1257 929 1285 αἰώνιον

138 1305 377 1341 ἐπαγ-τελλομένην
404 1304 487 1339 ζωήν.
515 1303 625 1340 Ἐπειδὴ
650 1305 678 1331 δὲ
706 1305 753 1331 καὶ
785 1304 930 1336 Ἰουδαίους

137 1352 194 1388 ᾔδει
208 1352 272 1378 λίαν
285 1351 482 1386 ἀντεχομένους
495 1351 541 1378 τοῦ
558 1351 652 1386 νόμου,
666 1351 713 1378 καὶ
725 1351 788 1383 τοὺς
803 1350 837 1377 τὰ
850 1352 929 1387 Μαρ-

139 1398 236 1429 κίωνος
250 1398 298 1424 καὶ
314 1397 473 1424 Βαλεντίνου
498 1396 663 1429 νοσοῦντας,
691 1397 738 1423 καὶ
763 1396 854 1432 μέντοι
881 1397 929 1422 καὶ

139 1444 307 1479 Μανιχαίους
319 1464 326 1475 ,
348 1443 409 1470 λίαν
423 1443 519 1470 τούτου
540 1442 762 1478 κατηγοροῦντας
774 1463 781 1474 ,
802 1441 928 1478 καθάπερ

138 1489 249 1525 ἄριστός
264 1498 306 1521 τις
324 1488 477 1527 στρατηγὸς
498 1488 630 1516 πάντοθεν
649 1489 701 1515 ὑπὸ
721 1487 859 1524 πολεμίων
881 1496 930 1515 κυ-

138 1534 285 1569 κλούμενος
298 1553 305 1565 ,
335 1534 382 1560 καὶ
401 1532 514 1565 τούτους
531 1532 622 1568 βάλλει
642 1531 783 1564 κάκείνους
796 1553 803 1564 ,
827 1533 876 1559 καὶ
896 1531 927 1558 τὸ

137 1581 266 1616 τρόπαιον
278 1580 385 1614 ἵστησιν
400 1587 407 1595 ·
420 1579 506 1610 οὔτως
519 1580 533 1606 ὁ
552 1578 622 1610 θεῖος
640 1578 803 1609 Ἀπόπολος
815 1577 862 1604 καὶ
874 1577 928 1604 τῶν

138 1625 284 1661 αἱρετικῶν
297 1625 326 1652 τι
337 1625 442 1659 στῖφος,
458 1625 506 1651 καὶ
518 1625 572 1650 τῶν
589 1623 723 1651 Ἰουδαίων
736 1623 786 1659 τὴν
800 1623 929 1658 φάλαγγα

136 1672 179 1698 διὰ
192 1672 243 1706 τῆς
260 1671 335 1702 θείας
349 1670 481 1697 κατέλυσε
498 1670 618 1706 χάριτος.
633 1669 666 1696 Τί
679 1670 734 1704 γὰρ
752 1670 841 1702 ποιεῖς
867 1668 929 1696 οὔτε

137 1717 207 1751 ἄγαν
219 1716 329 1752 ἐπαίρει
349 1716 395 1743 τὸν
409 1716 491 1751 νόμον
506 1715 550 1742 διὰ
564 1716 615 1751 τὴν
627 1715 763 1742 Ἰουδαίων
779 1715 927 1747 ἀναίδειαν,

137 1763 198 1790 οὔτε
222 1763 360 1798 πρόφασιν
382 1762 549 1798 κατηγορίας
566 1763 682 1798 παρέχει
698 1763 753 1794 τοῖς
770 1762 930 1789 ὁυσσεθὲσιν

138 1809 298 1843 αἱρετικοίς.
313 1808 399 1835 Ἀλλὰ
410 1807 532 1835 δείκνυσι
557 1807 607 1843 μὲν
624 1807 706 1834 αὐτὸν
730 1807 759 1834 τὺ
785 1807 844 1834 δέον
867 1816 930 1834 παι-

136 1854 290 1886 δεύσαντα,
316 1854 364 1880 καὶ
388 1853 437 1890 τὴν
465 1854 515 1888 τῆς
544 1853 719 1889 δικαιοσύνης
753 1853 929 1880 διδασκαλίαν

140 1901 372 1938 προσενεγκόντα·
394 1900 565 1936 κατορθῶσαι
580 1901 608 1927 δὲ
620 1901 723 1936 ταύτην
738 1901 768 1927 οὐ
780 1899 930 1936 δυνηθέντα

139 1946 182 1973 διὰ
199 1946 251 1981 τὴν
273 1945 329 1973 τῶν
352 1945 587 1981 νομοθετηθέντων
604 1945 754 1972 ἀσθένειαν.
776 1943 841 1972 Εἶτα
859 1945 930 1972 διδά-

140 1999 199 2018 σκει
212 1990 251 2022 ὡς
273 1991 290 2025 ἡ
306 1990 398 2022 πίστις
422 1991 462 2022 εἰς
488 1990 569 2025 ἔργον
590 1991 679 2026 ἤγαγε
702 1989 747 2016 τὸν
773 1990 820 2016 τοῦ
847 1989 929 2025 νόμον

139 2035 250 2063 σκοπόν.
264 2035 356 2071 “Amp
369 2035 423 2070 γὰρ
446 2036 549 2067 ἐκεῖνος
573 2035 748 2071 κατορθῶσαι
770 2035 819 2070 μὲν
836 2035 932 2070 ἠθέλη-

139 2092 185 2112 σεν
199 2105 207 2117 ,
225 2084 277 2111 οὐκ
293 2084 388 2118 ἴσχυσε
413 2083 461 2116 δὲ,
486 2082 558 2118 αὕτη
583 2083 628 2109 διὰ
653 2082 704 2118 τῆς
722 2082 768 2109 τοῦ
794 2082 929 2116 παναγίου

139 2130 298 2166 Πνεύματος
311 2128 448 2163 ἐξετέλεσε
461 2128 582 2165 χάριτος.
599 2128 648 2155 Διὰ
660 2128 762 2155 τούτων
778 2128 806 2154 δὲ
822 2127 930 2154 πάντων

142 2176 324 2211 μανθάνομεν,
349 2175 387 2207 ὡς
402 2175 445 2201 ἀεὶ
461 2175 516 2201 τῶν
529 2174 681 2210 ἀνθρώπων
705 2173 930 2210 προμηθούμενος

139 2222 288 2249 διετέλεσεν
307 2221 322 2247 ό
337 2221 545 2256 δημιουργήσας
563 2220 636 2255 ἡμᾶς
654 2219 731 2250 Θεός.
753 2218 865 2255 Πρῶτον
881 2219 930 2253 μὲν

984 293 1054 322 lucis
1065 293 1253 330 intelligentiae
1281 294 1457 329 splendorem
1473 296 1597 324 nondum
1610 305 1766 336 suscepere,

982 344 1014 366 ea
1025 338 1116 366 rident
1127 347 1189 375 qua:
1200 347 1234 368 ne
1248 340 1407 375 angelorum
1419 340 1528 375 quidem
1540 343 1632 377 populi
1646 344 1699 379 ιο
1709 353 1769 380 pos-

979 389 1046 413 sunt
1057 393 1105 419 pro
1116 385 1249 422 dignitate
1259 386 1380 414 laudare.
1393 386 1427 415 Et
1437 387 1489 414 hoc
1501 387 1612 416 divinus
1620 389 1768 424 Apostolus

982 431 1015 459 ad
1033 432 1192 460 Corinthios
1217 432 1343 461 scribens
1364 438 1458 469 aperte
1475 434 1569 462 docuit
1595 444 1601 462 :
1618 444 1628 461 ι
1650 435 1769 465 Verbum

981 478 1053 504 enim
1065 478 1158 506 crucis
1171 478 1206 507 iis
1220 478 1331 514 quidem
1344 479 1390 514 qui
1407 483 1523 515 pereunt
1536 481 1654 509 stultitia
1666 485 1718 515 est,
1734 483 1768 511 iis

982 527 1072 552 autem
1089 525 1136 560 qui
1152 525 1221 553 salvi
1239 525 1309 553 ﬁunt
1328 526 1372 554 Dei
1391 526 1478 556 virtus
1494 531 1536 556 est
1554 527 1578 554 ιι.
1601 537 1610 554 ι
1628 527 1706 556 llauc
1720 528 1770 555 ita-

981 577 1034 604 que
1049 570 1198 598 salutarem
1214 571 1438 605 praedicationem
1447 571 1482 599 ad
1490 571 1633 601 Romanos
1643 574 1769 602 scribens

980 615 1100 644 ostendit
1115 623 1177 643 esse
1191 617 1388 650 necessariam,
1404 621 1431 645 et
1455 618 1584 645 omnibus
1601 619 1768 652 hominibus,

980 665 1036 688 tam
1049 659 1152 689 Graecis
1167 668 1249 696 quam
1264 661 1377 696 Juda'is,
1397 663 1490 690 utilem
1509 670 1543 691 ac
1554 664 1768 692 conducibilem.

980 705 1163 739 Quamobrem
1180 710 1244 734 ante
1267 707 1336 735 alios
1363 712 1458 736 omnes
1480 707 1592 737 Graecos
1619 709 1769 746 redarguit,

980 752 1025 787 qui
1044 752 1179 780 bonorum
1199 759 1232 780 ac
1254 753 1388 781 malorum
1411 753 1559 789 judicium.
1584 756 1658 791 quod
1682 757 1717 785 ab
1735 765 1769 786 eo

981 797 1027 833 qui
1047 805 1098 826 nos
1114 798 1216 826 creavit
1231 802 1337 827 natura:
1351 799 1465 828 insitum
1479 804 1532 833 est,
1549 802 1692 830 manifeste
1705 811 1769 830 cor-

980 845 1114 881 ruperint,
1130 849 1157 872 et
1171 849 1277 873 natura
1297 845 1370 881 leges
1382 846 1585 875 transilierint:
1601 847 1700 877 deinde
1717 847 1769 878 Ju-

980 890 1065 923 (ἔπος,
1092 890 1138 925 qui
1170 890 1326 918 divinarum
1355 891 1466 927 quidem
1497 892 1586 929 legum
1613 894 1768 923 doctrinam

981 936 1092 971 scriptis
1115 936 1272 964 mandatam
1289 942 1464 972 acceperunt,
1476 938 1545 966 nihil
1562 942 1654 968 tamen
1677 948 1709 968 ex
1735 948 1769 969 ea

982 981 1106 1009 utiiitatis
1134 983 1259 1018 accipere
1288 983 1444 1016 voluerunt,
1469 984 1518 1012 sed
1553 993 1587 1013 eo
1616 986 1769 1021 majoribus

981 1028 1123 1063 suppliciis
1142 1028 1206 1056 facti
1224 1033 1289 1057 sunt
1316 1030 1440 1059 obnoxii.
1459 1030 1559 1059 Postea
1584 1035 1673 1060 autem
1701 1033 1769 1062 dicit

982 1074 1066 1102 Deum
1083 1079 1111 1102 ct
1127 1074 1302 1103 Senatorem
1322 1080 1462 1107 nostrum,
1477 1083 1531 1104 non
1551 1077 1584 1104 ad
1601 1085 1696 1105 eorum
1720 1079 1768 1113 qui

980 1123 1076 1147 contra
1099 1120 1184 1155 legem
1210 1125 1405 1155 peccaverunt,
1426 1121 1685 1150 condemnationem
1701 1131 1769 1159 sup-

980 1166 1149 1201 pliciumque
1160 1167 1332 1202 apparuisse,
1351 1167 1398 1195 sed
1418 1166 1451 1194 ad
1472 1167 1628 1195 donandam
1642 1174 1769 1204 peccato-

982 1219 1041 1239 rum
1056 1211 1261 1244 remissionem,
1278 1212 1431 1248 mortisque
1453 1212 1671 1242 destructionem
1701 1222 1768 1249 pro-

981 1256 1153 1289 mittendam,
1169 1260 1195 1284 et
1212 1261 1342 1285 teternam
1356 1257 1439 1285 vitam
1453 1257 1680 1286 annuntiandam.
1697 1260 1768 1293 Quia

981 1309 1073 1332 autem
1087 1304 1191 1332 sciebat
1215 1303 1325 1333 Iudaeos
1339 1305 1449 1340 quidem
1466 1305 1517 1340 legi
1531 1306 1613 1334 nimis
1630 1307 1767 1339 addictos.

980 1357 1027 1377 eos
1040 1355 1130 1377 autem
1145 1350 1192 1385 qui
1207 1349 1354 1378 Marcionis
1382 1353 1409 1378 et
1424 1348 1560 1378 Valentini
1578 1351 1676 1380 hmresi
1691 1353 1769 1380 labo-

980 1398 1053 1427 rant,
1067 1398 1149 1429 atque
1159 1394 1242 1422 etiam
1255 1394 1430 1428 Manichaaos,
1446 1402 1505 1422 eam
1522 1396 1603 1424 nimis
1614 1404 1745 1425 accusare
1759 1405 1767 1425 ι

979 1440 1050 1467 sicut
1065 1440 1310 1475 praestantissimus
1329 1440 1429 1476 aliquis
1441 1441 1495 1468 dux
1515 1442 1578 1468 belli
1593 1442 1628 1469 ab
1643 1443 1768 1472 hostibus

980 1485 1102 1521 undique
1120 1485 1331 1518 circumsessus,
1351 1490 1378 1513 et
1405 1488 1454 1514 hos
1474 1491 1501 1514 et
1519 1488 1580 1514 illos
1595 1487 1698 1522 dejicit,
1710 1489 1768 1517 eis~

980 1539 1033 1566 que
1047 1531 1127 1559 victis
1142 1536 1275 1567 tropaeum
1293 1531 1375 1566 erigit
1396 1540 1403 1559 :
1430 1532 1468 1559 ita
1493 1533 1603 1561 diiinns
1618 1534 1768 1569 Apostolus

981 1577 1171 1605 haereticorum
1197 1582 1334 1609 catervas.
1362 1581 1389 1604 et
1430 1576 1588 1605 Iudaeorum
1619 1579 1768 1615 phalanges

980 1623 1073 1651 divina
1093 1623 1180 1658 gratia
1200 1622 1304 1658 frangit
1327 1630 1359 1650 ac
1384 1622 1484 1650 fundit.
1500 1623 1572 1656 Quid
1592 1623 1664 1651 enim
1679 1624 1768 1653 facit?

979 1668 1073 1705 Neque
1088 1670 1173 1704 legem
1190 1669 1273 1697 nimis
1287 1668 1395 1696 extollit
1409 1673 1521 1704 propter
1533 1668 1692 1698 Iudaeorum
1713 1672 1767 1698 im-

981 1715 1149 1751 pudentiam,
1181 1722 1270 1750 neque
1300 1714 1393 1750 impiis
1431 1714 1569 1742 haereticis
1605 1715 1665 1749 ejus
1688 1723 1768 1744 accu-

979 1761 1072 1789 sandze
1083 1762 1185 1796 praebet
1203 1761 1388 1788 occasionem.
1405 1759 1457 1787 Sed
1472 1768 1531 1787 eam
1548 1761 1660 1796 quidem
1675 1765 1769 1790 osten~

980 1807 1020 1834 dit
1032 1807 1058 1834 id
1071 1806 1143 1841 quod
1155 1813 1224 1841 opus
1234 1810 1275 1833 est
1287 1805 1426 1840 docuisse,
1439 1805 1488 1841 ιι
1503 1811 1528 1834 cl
1539 1807 1655 1841 justitite
1664 1809 1768 1836 doctri-

981 1860 1042 1880 nam
1059 1852 1195 1882 attulisse,
1224 1852 1295 1879 hanc
1314 1855 1405 1880 autem
1417 1853 1548 1887 perlicere
1564 1861 1617 1880 non
1633 1855 1767 1889 potuisse.

981 1903 1089 1933 propter
1106 1904 1201 1925 eorum
1218 1897 1319 1932 quibus
1339 1898 1402 1925 data
1421 1898 1509 1925 fuerat
1536 1899 1764 1927 nube-ciuitatem.

982 1944 1083 1973 Deinde
1098 1944 1178 1972 docet
1206 1944 1278 1979 quod
1297 1943 1365 1972 ﬁdes
1379 1944 1448 1980 legis
1466 1952 1578 1979 scrpum
1592 1945 1620 1972 in
1635 1953 1703 1980 opus
1719 1946 1767 1972 dc-

981 1991 1070 2018 duxit.
1085 1990 1150 2023 Quae
1173 1990 1246 2018 enim
1273 1990 1319 2017 illa
1338 1990 1427 2018 voluit
1449 1991 1559 2025 quidem
1579 1989 1695 2022 tiﬁcere.
1719 1992 1766 2019 seel

980 2044 1036 2065 non
1060 2037 1159 2072 potuit,
1187 2036 1239 2064 ista
1255 2044 1303 2071 per
1321 2036 1409 2064 sancti
1425 2035 1545 2071 Spiritus
1562 2036 1680 2070 gratiam
1700 2044 1764 2072 per-

982 2083 1056 2111 fecit.
1068 2083 1120 2110 Per
1131 2082 1189 2109 haec
1201 2085 1292 2110 autem
1308 2082 1401 2109 omnia
1416 2082 1607 2117 intelligimus,
1622 2082 1695 2116 quod
1715 2082 1764 2110 ho-

981 2129 1085 2156 minum
1112 2131 1243 2163 perpetuo
1273 2135 1368 2155 curam
1393 2129 1510 2163 gesserit
1540 2127 1613 2156 Deus
1638 2128 1684 2162 qui
1717 2135 1768 2156 nos

982 2173 1094 2202 creavit.
1116 2173 1238 2200 Primum
1264 2172 1337 2199 enim
1362 2172 1391 2200 in
1405 2176 1504 2200 natura
1523 2171 1767 2200 iudiditbonorum

981 2224 1009 2248 et
1024 2219 1225 2248 contrariorum
1235 2218 1384 2253 judicium.
1399 2218 1501 2247 Deinde
1515 2226 1562 2253 per
1570 2222 1712 2246 creaturas
1720 2226 1768 2246 eos

139 2267 191 2303 γὰρ
206 2268 236 2293 ὲν
256 2267 290 2302 τῇ
313 2265 392 2300 φύσει
413 2266 467 2293 τῶν
483 2265 593 2299 ἀγαθῶν
611 2265 656 2292 καὶ
670 2264 725 2291 τῶν
740 2264 870 2291 ἐναντίων
885 2263 930 2290 τέ-

983 2265 1028 2300 qui
1040 2266 1185 2293 voluerunt
1200 2264 1314 2292 deduxit
1337 2265 1369 2292 ad
1384 2264 1524 2299 pietatem.
1545 2263 1602 2291 Etsi
1619 2264 1692 2291 enim
1713 2272 1766 2290 mm

140 2312 212 2338 θεικε
240 2311 290 2347 τὴν
307 2311 454 2346 διάκρισιν.
481 2308 548 2337 Εἶτα
578 2311 622 2338 διὰ
650 2311 700 2346 τῆς
727 2310 842 2341 κτίσεως
867 2309 930 2341 τοὺς

141 2357 320 2392 βουληθέντας
342 2357 495 2392 ὲποδήγησε
511 2357 578 2392 πρδς
594 2357 745 2384 εὐσέϐειαν.
763 2356 793 2383 Εἰ
816 2355 870 2391 γὰρ
885 2356 931 2383 καὶ

143 2403 178 2438 μὴ
198 2403 299 2434 πάντες
320 2402 383 2429 ἰδεῖν
395 2397 534 2438 ἠθέλησαν
558 2403 608 2438 τὴν
635 2403 765 2438 ἀλήθειαν
777 2422 784 2433 ,
812 2401 869 2428 ἀλλ’
884 2399 931 2428 οὖν

141 2450 164 2476 ot
189 2442 293 2484 ταύτην
322 2449 491 2485 ποθήσαντες
517 2449 679 2485 ἀπήλαυσαν
715 2446 753 2476 ὧν
781 2448 930 2483 ἐπόθησαν.

142 2496 211 2531 Πρὸς
227 2496 256 2522 δὲ
271 2495 378 2528 τούτοις
395 2495 507 2522 κάκεῖνο
521 2496 594 2530 ἡμᾶς
620 2495 776 2522 ἑκπαιδεύει
789 2516 796 2528 ,
823 2494 860 2526 ὡς
879 2496 929 2522 οὐκ

142 2542 172 2567 ὲκ
188 2541 370 2577 μεταμελείας
381 2541 396 2568 ὁ
408 2541 461 2568 τῶν
473 2540 541 2567 ὅλων
556 2541 622 2573 Θεὸς
641 2541 687 2567 ἐπὶ
701 2541 802 2577 ταύτην
816 2541 929 2576 ἐλήλυθε

143 2587 189 2622 τῆς
204 2587 344 2623 σωτηρίας
359 2587 408 2623 τὴν
424 2588 534 2622 μέθοδον
549 2598 554 2603 -
573 2587 631 2615 ἀλλ’
656 2587 760 2614 ἄνωθεν
778 2587 863 2622 αὐτὴν
885 2587 930 2614 διὰ

144 2633 195 2660 τῶν
216 2633 297 2660 θείων
322 2634 531 2669 προηγόρευσϋ
558 2633 716 2670 προφητῶν.
738 2633 865 2660 Διδάσκει
881 2634 929 2659 καὶ

144 2679 216 2706 τῶν⁹
229 2679 369 2706 Ἰουδαίων
393 2680 528 2715 ἀποϐολῆς
551 2680 600 2715 τὴν
623 2679 713 2706 αἰτίαν
727 2699 733 2711 .
761 2681 807 2708 καὶ
824 2681 880 2711 τοῖς
901 2680 929 2711 ἐξ

180 2771 192 2789 ιι
214 2770 305 2798 lCor.
326 2778 354 2802 ι,
374 2771 416 2798 {8.

980 2317 1077 2338 omnes
1089 2310 1236 2337 voluerunt
1247 2309 1340 2337 videre
1353 2309 1498 2337 veritatem
1514 2318 1521 2336 :
1537 2309 1583 2344 qui
1602 2313 1690 2336 tamen
1710 2317 1767 2336 eam

980 2355 1185 2389 desiderarunt,
1200 2363 1232 2383 ea
1251 2363 1313 2390 qua:
1329 2355 1476 2383 voluerunt
1498 2356 1617 2382 assecuti
1633 2359 1706 2381 sunt.
1727 2355 1766 2380 Ad

981 2403 1039 2430 haec
1056 2406 1148 2429 autem
1166 2402 1218 2429 hoc
1241 2409 1350 2436 quoque
1373 2408 1424 2428 nos
1445 2401 1535 2433 docet,
1551 2400 1624 2435 quod
1638 2407 1691 2426 nou
1709 2408 1768 2426 mu-

981 2448 1085 2475 tationc
1109 2447 1227 2482 quadam
1253 2447 1362 2475 consilii
1380 2447 1494 2474 Creator
1515 2446 1639 2473 omnium
1664 2447 1766 2472 venerit

983 2495 1016 2522 ad
1036 2495 1108 2521 hanc
1123 2493 1221 2522 salutis
1235 2494 1380 2526 rationem,
1399 2493 1446 2520 sed
1467 2500 1527 2521 eam
1544 2492 1630 2519 multo
1643 2497 1705 2518 ante
1722 2499 1769 2526 per

983 2540 1092 2568 divinos
1116 2539 1267 2574 prophetas
1282 2538 1449 2573 praedixerit.
1467 2537 1551 2564 Docet
1566 2536 1646 2564 etiam
1659 2535 1768 2563 unlrc-

983 2594 1044 2614 rum
1073 2585 1233 2620 rejectionis
1252 2591 1376 2616 causam,
1394 2587 1422 2611 et
1447 2591 1496 2611 eos
1515 2582 1562 2618 qui
1585 2590 1617 2610 ex
1642 2581 1768 2617 gentibus

984 2631 1158 2659 crediderunt
1179 2630 1314 2661 hortatur.
1336 2637 1370 2656 ne
1389 2629 1521 2657 adversus
1537 2636 1585 2656 eos
1608 2626 1767 2655 efferautur.

985 2677 1136 2704 admonens
1152 2675 1215 2703 illos
1230 2674 1257 2702 in
1271 2675 1468 2711 praedicatione
1484 2673 1669 2710 praecessisse.
1684 2670 1768 2698 Porro

785 2846 901 2874 VARM“.
931 2845 1134 2874 LECTIONEF.

187 2897 197 2910 '
216 2897 236 2923 Β
254 2895 434 2931 προηγὸρωε.
474 2897 482 2911 ⁵
498 2895 516 2922 Β
535 2895 593 2928 τῆς,
