2013 3114
233 191 267 223 41
726 179 970 213 THEODORETI
980 177 1150 210 EPISCOPI
1167 178 1349 209 CYRENSIS
1828 173 1863 206 48

233 247 328 276 activae
350 251 460 282 quoque
481 242 591 272 virtutis
605 241 758 270 doctrinam
775 241 894 268 orationi
909 238 1020 274 dog‘ma-
1033 256 1040 270 Α

1091 237 1157 263 Βνῶν
1190 235 1386 263 πεπιστευκόσι
1420 233 1548 270 παραινεῖ
1585 231 1622 269 μὴ
1648 231 1862 268 κατεπαίρεσθαι

233 293 294 321 lica:
310 290 467 323 admiscuit,
479 289 561 318 simu‘l
572 293 598 316 et
614 288 755 316 veritatem
768 285 881 316 docens,
891 288 918 312 et
931 289 1021 311 mores

234 344 412 375 componens.
425 336 483 364 Hoc
495 341 537 364 est
552 336 646 370 itaque
665 337 857 370 argumentum
871 329 999 366 Epistolac
1014 338 1019 355 :

233 384 424 421 interpretatio
439 386 529 410 autem
549 382 670 417 partium
689 379 861 416 singularum
879 376 977 404 melius
991 382 1023 402 ac

235 432 385 469 perfectius
404 429 496 458 omnia
509 436 561 457 nos
581 427 699 455 docebit.

1075 283 1176 310 τούτων
1192 291 1198 297 ·
1225 282 1390 318 προτρέπων
1415 281 1536 312 ἐκείνους
1561 279 1705 316 προελθεῖν
1719 278 1757 314 τῷ
1776 277 1864 312 κηρύ-

1075 337 1170 365 γματι.
1195 328 1250 356 Καὶ
1270 329 1320 364 τῆς
1336 329 1490 364 πρακτικῆς
1502 327 1530 354 δὲ
1552 325 1653 362 ἀρετῆς
1676 325 1725 360 τὴν
1741 323 1879 350 διδασκαο’

1075 375 1137 402 λίαν
1161 376 1217 406 τοῖς
1232 375 1408 410 δογματικαῖς
1423 373 1536 408 ἀνέμιξε
1555 373 1657 407 λόγοις,
1673 371 1740 407 ὁμοῦ
1755 370 1802 397 καὶ
1815 368 1865 404 τὴν

1077 420 1208 456 ἀλήθειαν
1231 419 1421 452 ἔκπαιδεύων,
1450 419 1498 446 καὶ
1520 418 1551 445 τὸ
1565 417 1631 454 ἦθος
1656 416 1807 453 ῥυθμίζων.
1832 415 1866 440 'H

237 462 287 514 μὲν
300 476 347 506 οὖν
380 477 508 508 ὑπόθεσις
530 475 579 510 τῆς
605 472 764 507 Ἐπιστολῆς
785 471 858 498 ἐστιν
892 468 982 503 αὖτη¹
1018 466 1213 503 ἀκριϐέστερον
1238 466 1266 494 δὲ
1290 467 1379 494 isde.
1398 466 1472 501 ἡμᾶς
1492 466 1509 500 ἡ
1532 464 1602 491 κατὰ
1627 463 1709 499 μέρος
1733 462 1868 497 ἑρμηνεία

235 525 345 560 διδάξει.

502 567 616 596 CAPUT
635 565 780 594 PRIMUM.

273 617 354 644 Vsus.
374 615 400 642 1.
415 613 518 641 Paulus
527 621 616 642 servus
627 611 692 640 λεια
709 610 821 644 Christi,
835 613 942 637 uocatus
957 607 1027 643 Apo-

237 663 332 691 ειοίιιε.
347 660 472 688 Praefecti
493 659 605 695 quidem
621 662 649 686 et
678 656 803 693 magistri
823 655 940 683 militum
965 660 1028 681 sua-

238 718 299 738 rum
315 709 478 745 dignitatum
493 706 605 734 nomina
625 705 685 733 suis
703 705 816 740 scriptis
827 705 835 713 ‘
853 705 1028 738 praponunt,

240 754 421 791 supercilium
439 754 490 788 12
504 752 672 784 attollentes.
695 754 722 778 et
745 757 800 777 una
816 756 879 777 cum
896 747 1030 784 dignitate

239 810 353 838 magnos
368 801 484 836 spiritus
499 799 664 827 excitantes.
677 796 794 824 Divinas
806 799 898 822 autem
911 795 1028 829 Aposto-

232 850 283 877 -lus
300 855 330 876 se
345 846 500 875 abortivum
515 844 650 875 nominat,
667 846 695 871 et
713 842 833 878 primum
856 842 1029 876 peccatorum

240 894 370 931 appellat,
388 896 415 921 et
427 892 582 928 apostolatu
598 889 740 925 indignum
753 895 815 916 esse
830 887 907 914 dicit.
922 886 1030 921 Episto-

241 942 281 968 las
307 944 399 967 tamen
425 938 563 969 scribens,
581 944 596 963 a
619 935 709 972 gratia
726 933 778 962 sibi
802 932 931 967 imposita
948 937 1030 958 voca-

1295 556 1492 585 ΚΕΦΑΛΔῙΟΝ
1507 555 1656 582 ΠΡΩΤΟΝ.

1115 609 1150 633 α’.
1168 605 1289 638 Παῦλος
1311 604 1422 637 δοῦλος
1444 602 1549 636 Ἰησοῦ
1580 600 1711 635 Χριστοῦ
1725 620 1733 633 ,
1756 599 1868 634 κλητὸς

1079 651 1262 683 ἀπόστολος.
1278 649 1418 684 ’Υπαρχοι
1445 649 1493 684 μὲν
1519 648 1566 675 καὶ
1586 646 1733 681 στρατηγοὶ
1757 645 1791 672 τὰ
1813 644 1869 671 τῶν

1081 696 1244 732 ἀξιωμάτων
1265 695 1385 730 ὀνόματα
1402 694 1456 721 τῶν
1479 695 1588 721 οἰκείων
1607 692 1782 729 γραμμάτων
1799 699 1868 726 προδ

1080 742 1220 775 τάττουσι,
1236 741 1284 777 τὴν
1305 741 1390 776 ὀφρὺν
1404 741 1538 775 αἴροντες,
1559 739 1605 766 καὶ
1622 738 1662 774 τῷ
1677 736 1814 772 ἀξιώματι
1838 735 1870 762 τὸ

1079 786 1208 823 φρόνημα
1236 785 1458 821 συνεπαίροντες.
1489 785 1518 811 '0
1548 784 1577 811 δὲ
1607 783 1678 814 θεῖος
1703 781 1868 812 ’Δπόστολος

1079 833 1212 868 ἔκτρωμα
1228 831 1278 867 μὲν
1297 831 1393 858 ἑαυτὸν
1406 829 1546 865 ὀνομάζει,
1565 830 1612 856 καὶ
1624 829 1679 856 τῶν
1699 826 1871 863 ἁμαρτωλῶν

1080 875 1189 912 πρῶτον
1207 875 1342 903 ἀποκαλεῖ
1354 894 1361 906 ,
1377 874 1424 901 καὶ
1439 875 1489 910 τῆς
1508 873 1662 909 ἀποστολῆς
1676 873 1785 905 ἀνάξιον
1802 869 1871 899 εῐναί

1080 930 1158 957 φησι.
1178 921 1325 957 Προτίθησι
1348 921 1371 946 δ’
1391 921 1466 956 ὅμως
1490 919 1655 946 ἐπιστέλλων
1677 918 1725 949 τὰς
1749 917 1801 944 ὑπὸ
1821 916 1872 952 τῆς

242 985 316 1017 bula,
334 984 369 1012 ad
381 991 475 1012 eorum
489 982 536 1017 qui
553 963 770 1015 i'llasuaccipiunt
787 963 944 1009 utilitatem,
961 983 1031 1012 prae-

1091 967 1194 1002 [dptto;
1230 967 1403 998 ὲπιτεθείσας
1430 966 1637 1002 προσηγορίας,
1665 965 1706 996 είς
1738 963 1872 998 ὠφέλειαν

241 1031 327 1066 ponit.
346 1028 531 1063 lntelligentes
545 1027 619 1054 enim
642 1032 697 1061 qua
720 1028 794 1052 esset
814 1023 948 1059 dignitate
963 1029 1032 1057 prae-

242 1077 318 1106 ditus
328 1074 374 1110 qui
388 1073 537 1105 scribebat,
551 1071 655 1107 majore
667 1070 728 1098 illas
741 1069 832 1098 studio
846 1072 873 1096 et
887 1067 1032 1095 alacritate

243 1121 427 1157 accipiebant.
449 1119 488 1146 Ac
513 1118 632 1154 primum
648 1116 759 1152 quidem
778 1115 899 1150 seipsum
917 1113 1032 1141 Paulum

243 1171 334 1200 vocat,
356 1173 411 1193 non
443 1171 459 1191 a
482 1163 642 1200 parentibus
674 1160 882 1197 appellationem
903 1159 974 1186 lianc
999 1157 1034 1186 ab

245 1213 324 1240 initio
350 1211 478 1246 adeptus,
498 1209 545 1237 sed
573 1212 636 1244 post
657 1207 832 1234 vocationem
847 1212 878 1232 ea
893 1204 1032 1238 dignatus,

245 1259 319 1287 sicut
330 1257 424 1284 Simon
439 1255 539 1283 Petrus
551 1257 667 1281 vocatus
679 1256 734 1285 est,
747 1255 774 1279 et
784 1250 832 1278 filii
849 1248 973 1277 Zebedaei
987 1247 1034 1274 filii

246 1305 362 1336 tonitru,
374 1305 401 1329 et
415 1299 501 1328 Jacob
515 1299 611 1330 Israel,
630 1301 657 1326 et
669 1297 771 1325 Abram
785 1296 915 1324 Abraam.
932 1292 1036 1321 Deinde

245 1357 350 1378 servum
375 1346 441 1374 Jesu
470 1345 580 1378 Christi,
599 1351 680 1380 quem
697 1349 795 1371 omnes
813 1340 948 1369 increduli
962 1347 1034 1366 mor-

247 1400 335 1425 tuum,
357 1396 384 1420 et
405 1390 585 1422 crucifixum,
607 1393 634 1417 et
656 1388 727 1416 fabri
749 1388 836 1415 filium
851 1385 1035 1422 appellabant,

247 1440 307 1474 ipse
325 1444 392 1465 vero
417 1435 476 1470 ejus
496 1435 657 1463 servitutem
675 1433 763 1462 cuivis
781 1439 868 1468 regno
884 1435 1037 1466 antepone-

247 1486 305 1514 bat.
319 1483 385 1511 Post
397 1482 454 1510 hazc
466 1485 587 1509 vocatum
604 1487 634 1508 se
646 1479 776 1515 appellat,
790 1485 938 1514 supernam
956 1486 1037 1506 voca-

248 1531 350 1558 tionem
367 1529 497 1556 innuens.
513 1526 544 1553 Et
558 1525 678 1561 Apostoli
690 1532 799 1560 quoque
815 1531 915 1552 nomen
932 1523 1038 1558 adjicit,

249 1584 278 1604 se
303 1575 354 1603 hoc
376 1574 460 1602 etiam
479 1580 494 1599 a
514 1571 570 1600 Deo
586 1574 745 1599 assecutum
761 1577 824 1598 esse
837 1570 951 1598 docens.
965 1569 1040 1602 Quo-

249 1621 323 1648 niam
339 1619 412 1647 enim
430 1616 563 1645 Dominus
577 1616 725 1644 duodecim
750 1615 805 1643 illis
824 1615 895 1642 hanc
922 1615 1041 1650 appella-

250 1667 352 1694 tionem
378 1663 520 1699 imposuit,
550 1663 630 1695 hanc,
643 1662 725 1690 etiam
747 1661 824 1696 ponit
838 1660 949 1688 divinus
965 1660 1039 1695 Apo-

251 1712 356 1740 stolus:
372 1717 454 1746 quam
469 1716 524 1736 non
540 1709 598 1742 ipse
613 1707 779 1742 arripuerat,
793 1706 841 1734 sed
861 1706 896 1733 ab
914 1706 974 1741 ipso
990 1705 1042 1732 Do-

252 1758 326 1784 mino
338 1759 492 1790 acceperat.
508 1762 517 1780 t
532 1753 606 1781 Vade
617 1753 700 1786 enim,
713 1752 803 1786 inquit
814 1751 846 1778 ad
860 1751 961 1785 ipsum,
977 1750 1042 1785 quia

253 1803 287 1830 ad
313 1805 409 1838 gentes
423 1799 520 1835 procul
537 1797 644 1825 mittam
667 1802 691 1824 te
707 1802 729 1823 ο.
753 1806 762 1822 ›
779 1796 812 1823 Et
837 1796 891 1823 hoc
919 1795 1043 1823 declarat

253 1856 302 1884 per
323 1855 355 1875 ea
382 1853 442 1882 qua:
460 1847 615 1880 sequuntur
630 1850 636 1869 :
655 1842 814 1878 Segregatus
829 1842 856 1869 in
868 1841 1043 1878 Evangelium

255 1894 310 1921 Dei.
328 1892 388 1920 Non
411 1898 427 1918 ει
455 1898 498 1918 me
512 1891 583 1925 ipso,
605 1889 705 1924 inquit,
732 1895 792 1916 sum
811 1887 928 1920 electus,
942 1887 991 1915 sed
1010 1887 1044 1914 ab

255 1941 314 1976 ipso
330 1939 384 1966 Deo
408 1935 611 1973 praedicationis
636 1933 822 1962 ministerium
847 1932 974 1968 suscepi-
993 1931 1044 1960 Se-

255 1985 376 2022 gregavit
393 1987 483 2011 autem
501 1983 591 2018 ipsum
620 1986 647 2008 et
673 1980 764 2012 Pater,
781 1983 808 2007 et
834 1978 932 2011 Filius,
945 1982 973 2006 et
989 1978 1046 2014 Spi-

256 2034 325 2061 ritus
336 2035 459 2060 sanctus.
476 2029 507 2057 Et
524 2028 597 2065 quod
612 2027 694 2055 Pater
720 2026 832 2062 quidem
847 2025 936 2060 ipsum
954 2032 1046 2060 segre-

255 2078 371 2115 gaverit,
392 2079 452 2113 ipse
463 2076 544 2104 docet
566 2076 593 2103 in
609 2073 731 2110 Epistola
743 2072 776 2100 ad
792 2072 904 2100 Galatas
919 2081 925 2099 :
948 2081 957 2097 ι
976 2071 1045 2099 Cum

257 2129 346 2152 autem
363 2123 467 2159 placuit
484 2122 520 2156 ei,
535 2121 583 2156 qui
599 2128 642 2147 me
658 2119 815 2155 segregavit
834 2126 868 2146 ex
891 2122 970 2145 utero
989 2124 1047 2144 ma<

257 2172 309 2199 tris
340 2170 389 2206 13
418 2176 495 2201 meae,
523 2172 551 2195 et
575 2165 683 2195 vocavit
707 2173 755 2200 per
777 2165 893 2200 gratiam
913 2171 1002 2196 suam,
1018 2166 1048 2190 ut

259 2215 392 2244 revelaret
414 2213 514 2241 Filium
540 2218 621 2240 suum
649 2211 678 2238 in
706 2217 760 2242 me,
778 2214 808 2237 ut
832 2209 1048 2245 evangelizarem

259 2264 347 2297 ipsum
363 2260 391 2288 in
405 2259 535 2295 gentibus
545 2257 570 2285 ά.
590 2267 599 2284 ι
621 2256 700 2290 Quod
721 2260 813 2284 autem
825 2256 906 2283 etiam
925 2254 1049 2290 unigeni-

260 2313 304 2336 lus
317 2306 405 2334 Filius
417 2305 469 2332 ltOc
482 2304 572 2339 ipsum
588 2303 695 2335 fecerit,
708 2310 806 2330 rursus
819 2302 886 2330 dicit
899 2301 1049 2337 Apostolus
1064 2305 1086 2333 ι)

261 2355 288 2382 in
304 2351 429 2384 Actibus,
454 2350 507 2379 sibi
524 2350 613 2377 visum
641 2356 702 2378 esse
729 2349 876 2377 Dominum
892 2348 919 2375 in
937 2347 1047 2382 templo.

260 2399 433 2435 jussisseque
459 2400 490 2424 ut
516 2396 670 2428 festinaret,
697 2399 724 2423 et
753 2395 849 2428 exiret,
872 2393 945 2429 quod
963 2393 1050 2421 Judaei

263 2442 484 2479 praedicationem
522 2448 576 2468 non
612 2439 798 2472 admitterent,
825 2443 852 2466 et
878 2438 1012 2473 adjecisse
1042 2447 1049 2465 :

265 2499 274 2515 ι
294 2488 379 2519 Vade,
393 2486 457 2522 quia
479 2485 514 2514 ad
534 2489 630 2521 gentes
644 2485 740 2520 procul
755 2485 861 2512 mittam
876 2489 902 2512 te
913 2490 935 2511 θ.
957 2493 966 2511 ι
993 2483 1052 2512 Hoc

264 2536 353 2570 ipsum
372 2538 461 2560 autem
471 2531 539 2560 dixit
551 2531 632 2559 etiam
646 2531 759 2559 Ananiae
769 2530 906 2559 recusanti
920 2539 927 2558 :
942 2539 951 2556 ι
965 2529 1049 2562 Vade,

263 2580 394 2616 quoniam
409 2586 458 2606 vas
472 2577 614 2605 electionis
633 2582 676 2604 est
698 2577 764 2604 mihi
779 2576 841 2610 iste,
856 2581 886 2604 ut
900 2579 990 2611 portet
1001 2583 1051 2603 no-

265 2634 324 2654 men
347 2632 437 2652 meum
472 2631 565 2650 coram
595 2623 732 2658 gentibus,
747 2626 774 2651 et
799 2623 921 2658 regibus,
941 2625 969 2649 et
990 2621 1051 2648 ﬁliis

266 2669 348 2698 lsrael
367 2669 389 2694 ί.
406 2677 414 2694 ι
432 2668 466 2694 At
492 2667 589 2695 beatus
613 2674 723 2702 quoque
757 2666 845 2694 Lucas
868 2667 876 2677 ‘
890 2673 941 2694 nos
973 2665 1052 2692 docet

265 2715 349 2752 quod,
365 2722 425 2742 cum
443 2713 581 2749 prophetae
605 2713 757 2740 Antiochiae
775 2712 891 2740 Domino
912 2711 1051 2739 ministra-

267 2765 337 2791 rent,
354 2764 381 2786 et
396 2759 563 2793 jejunarcut.
585 2757 654 2784 dixit
675 2756 796 2792 Spiritus
815 2761 948 2784 sanctus:
970 2765 979 2780 ε
1001 2753 1052 2781 Se-

266 2809 369 2841 gretatc
383 2803 447 2830 mihi
461 2801 611 2829 Barnabam
625 2806 651 2829 et
664 2801 777 2829 Saulum
799 2801 833 2828 ad
848 2808 915 2835 opus
931 2799 963 2826 ad
979 2799 1051 2834 quod

1083 1013 1136 1040 τ’ῶν
1160 1013 1314 1049 δεχομένων
1342 1013 1377 1039 τὰ
1409 1012 1573 1048 γράμματα.
1601 1011 1790 1041 Μανθάνοντες
1818 1009 1872 1044 γὰρ

1083 1059 1164 1086 τίνων
1179 1060 1194 1085 6
1210 1058 1323 1094 γράφων
1343 1057 1507 1093 ἀξιωμάτων
1526 1056 1645 1092 μετέχει,
1664 1056 1735 1091 μετὰ
1749 1054 1874 1084 πλείονος

1083 1106 1154 1133 αὐτὰ
1168 1105 1288 1139 σπουδῆς
1301 1113 1332 1131 τε
1344 1104 1391 1131 καὶ
1404 1103 1561 1138 προθυμίας
1575 1103 1710 1138 ἐδέχοντο.
1727 1101 1782 1128 Καὶ
1798 1100 1875 1137 πρῶ-

1083 1161 1129 1179 τον
1145 1152 1194 1187 μὲν
1218 1151 1315 1178 ἑαυτὸν
1340 1151 1460 1178 Παῦλον
1478 1150 1570 1183 καλεῖ,
1588 1150 1619 1176 οὺ
1642 1149 1745 1184 ταύτην
1770 1147 1874 1175 ἄνωθεν

1086 1198 1160 1232 παρὰ
1180 1197 1232 1224 τῶν
1261 1196 1388 1232 πατέρων
1415 1195 1465 1231 τὴν
1502 1195 1689 1231 προσηγορίαν
1715 1194 1873 1229 δεξάμενος.

1085 1242 1154 1270 ἀλλὰ
1170 1242 1239 1277 μετὰ
1257 1242 1306 1277 τὴν
1327 1241 1424 1276 κλῆσιν
1443 1241 1546 1276 ταύτης
1563 1240 1708 1273 ἀξιωθεὶς,
1730 1240 1768 1272 ὡς
1782 1240 1875 1274 Σίμων

1087 1288 1188 1324 Πέτρος
1201 1308 1208 1319 ,
1232 1287 1280 1313 καὶ
1302 1287 1356 1314 υἱοὶ
1374 1287 1490 1322 βροντῆς
1504 1287 1529 1313 οἱ
1544 1286 1688 1313 Ζεϐεδαίου
1707 1285 1777 1319 υίοὶ,
1796 1286 1844 1312 καὶ
1861 1285 1876 1312 6

1094 1332 1191 1360 Ἰακὼὸ
1224 1331 1332 1367 Ἰσραὴλ
1353 1353 1360 1365 ,
1389 1332 1436 1358 καὶ
1470 1331 1597 1367 Ἀϐραὰμ
1619 1332 1633 1357 6
1661 1331 1782 1367 ’Λὸραμ,
1810 1327 1877 1357 Εἶτα

1087 1378 1200 1406 δοῦλον
1214 1378 1317 1411 Ἰησοῦ
1331 1378 1471 1412 Χριστοῦ,
1482 1377 1512 1405 ὃν
1523 1377 1619 1413 νεκρὸν
1630 1377 1744 1404 ἐκάλουν
1759 1377 1877 1408 ἅπαντες

1088 1425 1112 1452 οἱ
1126 1424 1317 1456 ἀπιστοῦντες,
1331 1424 1378 1450 καὶ
1393 1423 1616 1460 ἐσταυρωμένον,
1631 1423 1679 1450 καὶ
1692 1422 1738 1450 τοῦ
1752 1422 1878 1453 τέκτονος

1089 1470 1155 1497 υἱόν.
1182 1469 1254 1496 Ἀλλ’
1274 1470 1348 1505 ὅμως
1369 1469 1420 1504 τὴν
1432 1469 1528 1495 τούτου
1546 1468 1669 1495 δουλείαν
1693 1468 1762 1502 ὑπὲρ
1788 1469 1878 1494 πᾶσαν

1080 1515 1230 1551 ’βασιλείαν
1247 1515 1396 1550 ἠσπάζετο.
1424 1515 1541 1542 Ἔπειτα
1565 1513 1680 1545 κλητὸν
1700 1513 1795 1539 ἑαυτὸν
1818 1513 1879 1539 ὀνο-

1092 1561 1184 1596 μάζει,
1199 1561 1248 1595 τὴν
1265 1560 1369 1586 ἄνωθεν
1387 1559 1573 1594 αἰνιττόμενος
1589 1558 1696 1593 κλῆσιν.
1715 1557 1769 1584 Καὶ
1787 1557 1816 1583 τὸ
1830 1556 1878 1583 τοῦ

1092 1607 1267 1634 ἀποστόλου
1291 1606 1319 1632 δὲ
1347 1604 1526 1640 προστίθησιν
1548 1604 1651 1639 ὄνομα,
1680 1603 1812 1630 διδάσκων
1842 1603 1881 1634 ὡς

1092 1653 1139 1679 καὶ
1164 1652 1259 1678 τούτου
1290 1651 1451 1686 τετύχηκεν.
1487 1649 1595 1685 Ἐπειδὴ
1617 1649 1671 1685 γὰρ
1696 1650 1752 1681 τοῖς
1776 1649 1882 1676 δώδεκα

1092 1697 1191 1732 ταύτην
1205 1698 1218 1724 6
1236 1696 1339 1732 Κύριος
1354 1696 1404 1731 τὴν
1427 1695 1613 1732 προσηγορίαν
1632 1695 1752 1731 ἐπέθηκε
1764 1715 1771 1726 ,
1789 1695 1882 1730 τίθησι

1093 1744 1139 1770 καὶ
1153 1743 1254 1777 ταύτην
1268 1743 1281 1768 6
1297 1742 1366 1774 θεῖος
1384 1742 1546 1774 Ἀπόστολος
1558 1749 1564 1756 ”
1580 1742 1630 1776 οὐχ
1641 1741 1768 1777 ἀρπάσας
1783 1741 1881 1775 αὐτὴν,

1093 1787 1159 1814 ἀλλὰ
1179 1788 1242 1823 παρ’
1266 1786 1349 1814 αὐτοῦ
1373 1787 1421 1814 τοῦ
1448 1786 1585 1813 Δεσπότου
1610 1786 1767 1821 δεξάμενος.
1798 1796 1806 1812 ι
1830 1787 1883 1813 Πο-

1096 1832 1176 1869 ρεύου
1196 1833 1267 1868 γὰρ,
1285 1833 1336 1868 ἔφη
1359 1833 1428 1868 πρὸς
1444 1833 1543 1865 αὑτὸν,
1561 1833 1602 1859 ὅτι
1627 1833 1668 1864 εἰς
1689 1832 1753 1868 ἔθνη
1773 1832 1882 1868 μακρὰν

1095 1878 1266 1912 ἐξαποστελῶ
1289 1887 1328 1907 σε.
1347 1888 1355 1905 ι
1374 1879 1430 1906 Καὶ
1453 1878 1532 1905 τοῦτο
1557 1877 1631 1913 δηλοῖ
1659 1878 1701 1904 διὰ
1720 1878 1774 1904 τῶν
1802 1878 1880 1912 ὲέῆς·

1101 1924 1320 1959 Ἀφωριο-μένος
1344 1925 1387 1957 είς
1402 1924 1588 1958 Εὺατγέλιον
1615 1923 1700 1950 Θεοῦ.
1723 1923 1780 1949 Οὐκ
1801 1923 1884 1949 αὑτο-

1096 1970 1283 2005 χειροτονητάς
1297 1971 1366 2005 ειμι,
1382 1969 1464 2005 φησίν
1476 1978 1482 1984 ·
1495 1969 1563 1996 ἀλλὰ
1575 1970 1640 2006 παρ’
1657 1969 1740 1996 αὑτοῦ
1755 1969 1802 1996 τοῦ
1816 1968 1883 1995 Θεοῦ

1096 2015 1145 2051 τὴν
1160 2014 1207 2042 τοῦ
1231 2015 1409 2051 κηρύγματος
1430 2015 1564 2051 ἐδεξάμην
1578 2016 1726 2043 διακονίαν.
1749 2015 1884 2051 Ἀφώρισε

1096 2061 1125 2087 δὲ
1146 2060 1226 2087 αὐτὸν
1251 2061 1298 2088 καὶ
1313 2061 1327 2087 6
1343 2061 1447 2098 Πατὴρ,
1471 2062 1518 2088 καὶ
1536 2062 1550 2088 6
1577 2062 1651 2094 Υἱὸς,
1679 2062 1726 2088 καὶ
1751 2061 1782 2088 τὸ
1808 2061 1885 2095 ἅγιον

1098 2105 1222 2141 Πνεῦμα.
1249 2106 1304 2132 Καὶ
1319 2106 1360 2133 ὃτι
1387 2106 1437 2141 μὲν
1466 2106 1548 2134 αὐτὸν
1571 2107 1586 2132 6
1611 2106 1706 2142 Πατὴρ
1735 2106 1884 2141 ἀφώρισεν,

1099 2153 1179 2185 αὐτὸς
1200 2153 1228 2179 ὲν
1244 2154 1277 2188 τῇ
1293 2153 1362 2188 πρὸς
1385 2153 1508 2185 Γαλάτας
1524 2153 1662 2180 διδάσκει·
1684 2162 1693 2179 ε
1715 2153 1779 2180 Ὅτε
1795 2153 1822 2179 δὲ
1843 2154 1887 2179 εὑ-

1099 2198 1240 2234 δόκησενό
1255 2199 1331 2231 Θεὸς,
1349 2200 1363 2226 6
1385 2199 1519 2235 ἀφορίσας
1543 2208 1578 2234 με
1601 2199 1633 2226 ὲκ
1656 2199 1761 2231 κοιλίας
1784 2200 1887 2235 μητρός

1102 2253 1164 2280 μου,
1174 2244 1221 2271 καὶ
1234 2244 1349 2276 καλέσας
1361 2244 1406 2271 διὰ
1420 2245 1470 2280 τῆς
1480 2245 1592 2280 χάριτος
1603 2244 1697 2276 αὑτοῦ,
1711 2244 1887 2279 ἀποκαλύψαι

1100 2291 1146 2319 τδν
1159 2291 1223 2317 Υἱὺν
1246 2290 1329 2318 αὐτοῦ
1353 2291 1382 2317 ἐν
1406 2292 1484 2326 ἐμοὶ,
1507 2291 1551 2318 ἵνα
1571 2291 1790 2326 εὐαγγελίζωμαι
1807 2290 1889 2317 αὑτὸν

1101 2337 1130 2363 ὲν
1152 2338 1207 2369 τοῖς
1236 2337 1351 2364 ἔθνεσιν.
1373 2346 1382 2362 ι
1405 2337 1468 2363 ’Ὁτι
1493 2337 1521 2363 δὲ
1548 2336 1596 2364 καὶ
1620 2337 1634 2363 6
1655 2336 1803 2371 μονογενὴς
1825 2335 1889 2367 Υἱὸς

1101 2382 1183 2409 ταυτὸ
1204 2383 1284 2410 τοῦτο
1297 2383 1442 2418 πεποίηκε,
1464 2383 1545 2410 πάλιν
1562 2383 1576 2409 6
1601 2382 1761 2414 Ἀπόστολος
1784 2382 1813 2409 ὲν
1830 2383 1889 2413 ταῖς

1103 2429 1223 2464 Πράξεσι
1246 2429 1330 2464 λέγει,
1353 2429 1390 2461 ὡς
1415 2428 1493 2464 ὤφθη
1514 2429 1562 2463 μὲν
1587 2428 1661 2464 αὐτῷ
1686 2429 1714 2455 ὲν
1738 2427 1777 2463 τῷ
1797 2427 1862 2463 ιερῷ
1877 2429 1891 2454 6

1103 2474 1215 2510 Κύριος,
1233 2474 1454 2510 παρεκελεύσατο
1468 2475 1496 2501 δὲ
1513 2474 1639 2507 σπεῦσαι,
1655 2475 1702 2501 καὶ
1715 2473 1844 2507 ἐξελθεῖν,
1854 2473 1892 2505 ὡς

1111 2519 1244 2546 Ἰουδαίων
1262 2520 1300 2556 μὴ
1324 2519 1477 2555 δεχομένων
1495 2520 1525 2546 τδ
1541 2521 1688 2556 κήρυγμα,
1709 2519 1755 2547 καὶ
1773 2519 1891 2555 προστέ-

1105 2565 1172 2601 οηκε
1185 2575 1192 2581 ·
1210 2575 1219 2591 ι
1238 2566 1367 2602 Πορεύου,
1382 2567 1423 2594 ὅτι
1442 2567 1482 2598 είς
1502 2566 1566 2601 έθνη
1593 2566 1702 2602 μακρὰν
1719 2564 1893 2599 ἐξαποστελῶ

1106 2621 1146 2640 σε.
1173 2622 1182 2639 ι
1201 2613 1290 2639 Ταυτδ
1308 2613 1336 2640 δὲ
1362 2613 1441 2640 τοῦτο
1462 2613 1509 2640 καὶ
1529 2612 1599 2648 πρὸς
1624 2612 1669 2640 τὸν
1694 2611 1819 2640 ’Δνανίαν
1841 2611 1892 2646 ἔφη

1105 2659 1300 2694 ἀναδυόμενονι
1321 2668 1330 2685 ‹
1349 2660 1468 2696 Πορεύου
1481 2680 1489 2693 ,
1519 2659 1561 2686 ὅτι
1585 2658 1682 2690 σκεῦος
1710 2658 1827 2693 ἐκλογῆς
1848 2666 1893 2692 μοι

1106 2704 1181 2731 ἐστὶν
1200 2702 1295 2736 οὗτος,
1320 2705 1366 2732 τοῦ
1389 2705 1522 2739 βαστάσαι
1544 2705 1575 2732 τδ
1591 2705 1677 2741 ὄνομά
1703 2713 1754 2740 μου
1777 2703 1892 2730 ἐνώπιον

1105 2751 1190 2778 ὲονῶν
1201 2772 1208 2784 ,
1225 2751 1272 2777 καὶ
1289 2751 1422 2786 βασιλέων
1433 2772 1440 2784 ,
1462 2752 1527 2779 υῑῶν
1549 2761 1578 2779 τε
1594 2752 1715 2788 Ἰσραήλ.
1739 2760 1749 2777 ι
1774 2750 1804 2777 '0
1821 2749 1850 2776 δέ
1863 2756 1894 2783 γε

1109 2797 1241 2832 μακάριος
1261 2798 1367 2830 Λουκᾶς
1381 2798 1502 2826 διδάσκει
1520 2800 1604 2834 ἡμᾶς,
1623 2799 1660 2831 ὡς
1673 2798 1728 2825 τῶν
1749 2798 1778 2824 ὲν
1792 2796 1893 2824 Ἀντιο-

304 2903 314 2917 ο
331 2899 390 2925 Act.
411 2905 482 2930 ull,
498 2898 542 2925 ΕΞΙ.
581 2895 594 2915 κ)
616 2895 701 2923 Galnt.
720 2903 744 2928 I,
767 2895 807 2920 IS.
850 2900 860 2914 ε
880 2894 938 2921 Act.
959 2892 1096 2925 “11,21.
1140 2893 1148 2911 τ
1172 2892 1231 2919 Act.
1252 2890 1357 2922 ις,15.
