2013 3114
134 187 167 220 49
555 186 861 219 INTERPRETATIO
881 185 1001 216 EPIST.
1026 186 1076 216 AD
1087 186 1178 218 ROM.
1193 188 1272 218 CAP.
1291 189 1315 218 Ι.
1721 193 1758 225 50

133 245 191 282 χείᾳ
217 246 367 281 προφητῶν
397 245 628 282 λειτουργούντων
661 245 700 281 τῷ
726 245 840 281 Κυρίῳ,
869 245 916 271 καὶ

972 244 1104 279 assumpsi
1120 251 1168 272 eos
1184 249 1207 271 ε.
1231 254 1241 271 ›
1254 245 1344 278 Quare
1357 246 1439 273 etiam
1454 248 1598 277 manifesta
1609 253 1652 277 est
1667 249 1756 278 Trini-

133 293 325 328 νηστευόντων,
342 290 404 319 εἷπε
421 292 452 319 τδ
477 291 590 327 Πνεῦμα
606 292 636 319 τὸ
658 292 734 326 ἆγιον
748 301 755 307 ο
774 300 783 317 ι
809 291 918 327 Ἀφορί-

134 347 195 366 σατε
213 338 245 374 δή
267 347 312 374 μοι
331 338 378 366 τὸν
399 338 543 375 Βαρνάϐαν
565 339 613 366 καὶ
634 338 680 365 τὸν
694 338 814 371 Σαῦλον,
831 338 870 370 εἰς
888 337 919 364 τὸ

133 386 210 421 ἔργον
225 384 240 411 δ
260 384 469 425 προσκέκλημαι
493 385 601 417 αὐτούς.
625 395 634 410 ι
657 385 729 422 Δήλη
757 385 846 413 τοίνυν
871 385 919 412 καὶ

133 430 254 458 ἐντεῦθεν
269 432 285 466 ἡ
299 431 350 466 τῆς
364 431 480 465 Τριάδος
498 431 599 467 ἰσότης.
616 432 672 459 Καὶ
692 431 723 458 τὸ
751 431 919 466 Εὑαγγέλιον

133 477 170 507 δὲ,
182 475 228 502 τοῦ
241 475 310 502 Θεοῦ
325 476 374 511 μὲν
388 475 506 503 ἐνταῦθα
521 475 726 512 προσηγόρευσε
737 483 743 490 ·
767 475 836 511 μετὰ
853 475 919 510 βρα-

133 520 181 557 χέα
196 521 225 547 δέ
246 529 313 556 φησι
333 520 380 547 τοῦ
399 519 465 547 Υίοῦ
485 520 564 547 τοῦτο
580 519 662 548 εἶναι.
679 520 760 554 Λέγει
782 519 810 546 δὲ
832 519 918 546 οὔτιν’

131 566 252 601 Μάρτυς
275 566 332 601 γάρ
351 575 402 602 μοι
415 567 502 594 ἐστὶν
523 568 539 594 d
551 566 634 599 Θεὸς,
646 561 669 599 ᾧ
679 566 813 600 λατρεύω
831 565 867 592 ἐν
881 564 921 598 τῷ

132 613 354 647 Πνεύματιμου,
370 612 405 639 ἐν
415 612 455 645 τῷ
470 612 642 648 Ebur-r31qu
657 611 710 639 τοῦ
736 611 804 638 Υίοῦ
814 609 919 638 αὐτοῦ.

134 658 226 686 Ταῦτα
246 659 276 685 δὲ
294 659 345 685 οὐκ
371 658 432 694 εἰκῆ
459 659 508 686 καὶ
538 658 627 694 μάτην
655 656 918 693 ὲπεσημηνάμηνη,

133 704 198 731 ἀλλὰ
211 705 320 736 δεικνὺς
338 705 375 737 ὼς
395 705 552 740 ἀδιαφόρως
574 703 609 730 τὰ
625 703 695 731 αὐτὰ
707 723 714 735 ,
732 703 797 730 ποτὲ
813 703 862 738 μὲν
874 703 920 730 ἐπὶ

131 749 176 776 τοῦ
197 749 318 786 Πατρὺς,
337 750 402 777 ποτὲ
424 750 453 777 δὲ
469 751 517 777 ἐπὶ
535 749 582 776 τοῦ
605 749 670 777 Υἱοῦ
688 749 809 776 τιθέασιν
827 749 852 776 οί
871 749 921 785 τῆς

132 795 262 829 ἀληθείας
285 795 451 823 διδάσκαλοι.
475 795 660 830 Eiram-£1107
684 795 711 822 δὲ
732 795 762 822 τὸ
790 795 921 830 κήρυγμα

132 841 363 876 προσηγόρευσεν,
384 841 422 873 ὡς
445 841 552 868 πολλῶν
575 840 685 876 ἀγαθῶν
705 840 920 876 ὑπισχνούμενον

132 887 275 922 χορηγίαν.
296 888 509 922 Εὑαγγελίζεται
533 887 587 922 γὰρ
603 887 653 919 τὰς
667 886 714 914 τοῦ
729 886 796 913 Θεοῦ
817 885 919 913 καταλ-

131 932 215 966 λαγὰς
228 952 236 965 .

133 978 222 1012 μάτων
245 978 296 1014 τὴν
319 979 431 1013 ἄφεσιν,
454 977 500 1005 τοῦ
519 977 634 1005 θανάτου
651 978 700 1012 τὴν
716 976 839 1010 παῦλαν,
864 976 918 1004 τῶν

131 1022 235 1058 νεκρῶν
255 1023 306 1059 τὴν
327 1024 492 1056 ἀνάστασιν,
516 1023 565 1059 τὴν
579 1023 651 1058 ζωὴν
667 1023 715 1057 τὴν
729 1021 848 1053 αἰώνιον,
870 1021 919 1057 τὴν

948 318 951 320 _
969 289 1064 317 uitatis
1079 290 1233 325 aequalitas.
1257 291 1296 318 Ac
1318 292 1365 319 Dei
1391 292 1501 327 quidem
1522 293 1699 329 Evangelium
1712 295 1757 324 hic

969 335 1134 370 appellavit;
1156 337 1238 371 paulo
1263 342 1325 372 post
1344 342 1436 366 autem
1457 339 1524 366 dicit
1535 339 1587 367 hoc
1604 348 1666 368 esse
1683 341 1755 369 Filii.

970 381 1017 409 Sic
1038 382 1111 409 enim
1128 381 1206 414 dicit,
1228 382 1313 410 Testis
1329 387 1368 410 est
1391 385 1455 411 mihi
1471 384 1553 417 Deus,
1575 387 1618 412 cui
1632 387 1715 413 servio
1730 388 1756 414 in

969 428 1064 462 spiritu
1077 436 1144 461 meo,
1162 428 1188 455 in
1205 427 1348 464 Evangelia
1360 428 1427 456 Filii
1439 430 1507 465 ejus.-
1522 430 1586 458 Haec
1597 434 1688 459 autem
1703 439 1758 460 nou

970 473 1072 502 frustra
1085 478 1112 502 et
1125 478 1226 503 temere
1239 475 1382 509 adnotavi;
1395 476 1443 504 sed
1456 481 1484 503 ut
1499 477 1671 505 ostenderem
1684 477 1757 512 quod

969 520 1039 547 citra
1059 520 1144 547 ullum
1165 521 1314 549 discrimen
1338 522 1433 550 eadem
1449 523 1598 558 aliquando
1608 523 1695 555 Patri,
1706 522 1757 550 ali-

970 566 1080 601 quando
1094 565 1165 593 Filio
1177 566 1321 594 ascribunt
1337 567 1461 595 veritatis
1472 568 1610 595 doctores.
1622 566 1758 595 Praedica-

970 612 1074 640 tionem
1098 615 1189 639 autem
1202 611 1376 648 Evangetium
1395 613 1554 648 appellavit,
1571 617 1673 649 atquae
1688 613 1758 641 mul-

972 661 1061 684 torum
1077 657 1213 685 bonorum
1233 658 1406 694 largitionem
1426 659 1609 695 promitteret.
1627 659 1758 688 Feliciter

970 703 1043 730 enim
1061 703 1209 730 annuntiat
1226 703 1274 731 Dei
1297 704 1562 738 reconciliationem,
1578 705 1680 733 diaboli
1701 705 1758 733 dis-

971 749 1146 783 solutionem,
1163 754 1340 785 peccatorum
1353 752 1557 785 remissionem,
1576 752 1673 780 mortis
1702 759 1760 780 ces-

971 795 1118 828 sationem,
1137 804 1152 823 a
1168 798 1284 825 mortuis
1308 799 1553 832 resurrectionem,
1579 799 1661 827 vitam
1680 802 1760 827 aeter-

971 849 1045 874 nam,
1065 845 1092 869 et
1117 850 1232 878 regnum
1258 844 1402 873 caelorum.
1428 844 1495 872 Cum
1522 849 1612 873 autem
1644 844 1760 873 dixisset

971 887 1081 915 divinus
1098 888 1259 923 Apostolus.
1287 896 1318 917 se
1347 889 1399 925 14
1428 889 1513 918 fuisse
1542 894 1715 926 segregatum
1731 890 1758 917 in

260 933 311 968 τὴν
329 933 376 959 τοῦ
390 932 513 959 διαϐόλου
529 932 693 964 κατάλυσιν,
717 931 772 958 τῶν
789 931 916 966 ἁμαρτη-

972 932 1144 969 Evangelium
1160 933 1218 966 Dei.
1233 934 1293 969 ejus
1318 935 1410 962 statim
1433 938 1497 963 ante
1523 936 1614 963 omnia
1634 935 1753 970 antiqui-

972 982 1055 1006 tatem
1084 979 1217 1012 ostendit,
1235 988 1270 1008 ne
1294 981 1397 1009 stultus
1424 980 1495 1009 forte
1516 981 1652 1017 quispiam
1672 981 1699 1008 id
1717 988 1756 1008 re-

972 1024 1080 1052 centius
1095 1029 1227 1061 reputans
1242 1026 1379 1060 rcjiceret,
1409 1029 1436 1053 et
1455 1026 1523 1054 dicit
1538 1036 1544 1054 :

132 1068 272 1103 βασιλείαν
306 1069 360 1096 τῶν
382 1069 516 1106 οὐρανῶν.
553 1069 581 1096 '0
605 1069 632 1095 δὲ
658 1068 728 1100 θεῖος
761 1067 921 1099 Ἀπόστολος
952 1070 1069 1105 εἰρηκὼς
1095 1071 1132 1102 ὡς
1155 1071 1298 1108 ὰφωρίσθη
1320 1072 1360 1104 είς
1382 1072 1547 1107 Εὑαγγέλιον
1574 1071 1655 1104 Θεοῦ,
1678 1072 1758 1104 εὐθὺς

131 1115 213 1142 αὑτοῦ
233 1115 290 1152 πρὸ
308 1115 417 1143 πάντων
435 1115 484 1151 τὴν
502 1115 671 1151 ἀρχαιότητα
692 1114 848 1146 δείκνυσιν,
875 1113 919 1140 ἵνα
939 1115 1031 1150 μήτις
1043 1117 1095 1143 τῶν
1107 1117 1228 1153 ἀνοήτων
1239 1118 1275 1150 ὼς
1304 1117 1435 1153 νεώτερον
1455 1117 1605 1154 ἀποκρίνας
1629 1117 1759 1155 ὲκὸάλλῃ,

131 1161 175 1188 καί
190 1170 276 1196 φησιν
289 1169 296 1176 '

165 1209 197 1244 β’.
209 1209 247 1235 "O
259 1209 515 1244 προεπηγγείλατο
524 1208 573 1235 διὰ
586 1207 645 1236 τῶν
654 1206 813 1243 προφητῶν
826 1206 919 1234 αὑτοῦ

130 1255 163 1281 ἐν
173 1254 312 1289 Γραςραῒς
328 1255 438 1289 ἁγίαις.
454 1254 565 1289 Πλήρης
579 1255 633 1290 γὰρ
645 1255 662 1290 ὴ
678 1254 784 1281 Παλαιὰ
796 1253 920 1289 Διαθήκη

131 1300 183 1328 τῶν
206 1293 281 1335 περί
300 1300 348 1327 τοῦ
366 1300 469 1337 Κυρίου
499 1301 687 1336 προρρήσεων.
718 1300 755 1326 Τὸ
776 1299 804 1326 δὲ
822 1300 920 1334 ἁγίαις

130 1348 178 1382 οὺχ
200 1347 300 1379 ἁπλῶς
324 1347 460 1374 τέθεικεν.
493 1347 573 1374 Ἀλλὰ
587 1347 694 1382 πρῶτον
716 1347 765 1383 μὲν
786 1347 920 1374 διδάσκων

129 1394 166 1426 ὡς
177 1394 223 1420 καὶ
236 1393 291 1430 τὴν
310 1394 433 1420 Παλαιὰν
448 1393 523 1421 θείαν
536 1393 590 1420 οἶδε
605 1393 718 1429 Γραφήν
728 1402 734 1408 ·
751 1391 810 1420 εἶτα
827 1393 920 1420 πᾶσαν

131 1440 287 1475 ἀποκρίνων
306 1439 356 1475 τὴν
370 1439 524 1474 ἀλλοτρίαν.
540 1440 616 1474 Μόνη
639 1439 693 1474 γὰρ
711 1440 726 1474 ἡ
743 1439 920 1470 θεόπνευστος

131 1484 224 1521 Γραφὴ
239 1485 270 1512 τὸ
286 1485 426 1521 ὠφέλιμον
448 1485 514 1521 ἔχει,
532 1485 614 1520 Λέγει
633 1485 661 1512 δὲ
677 1485 785 1520 καὶτῆς
800 1485 920 1519 ἐπαγγε-

129 1531 188 1563 λίας
200 1531 232 1558 τὸ
247 1529 331 1562 εἶδος.

162 1580 198 1611 γ’.
215 1578 288 1611 Περὶ
315 1577 369 1605 τοῦ
394 1576 462 1604 Υίοῦ
479 1577 589 1610 αὑτοῦ,
617 1577 670 1604 τοῦ
695 1575 859 1611 γενομένου
884 1575 918 1602 ἐκ

1008 1205 1091 1234 Vens.
1109 1207 1135 1234 2.
1156 1207 1232 1241 Quod
1247 1212 1307 1235 ante
1320 1208 1477 1242 promiserat
1491 1217 1537 1244 per
1546 1210 1685 1245 prophetas
1696 1219 1758 1239 suos

973 1253 1000 1279 in
1012 1252 1156 1287 Scripturis
1165 1254 1274 1281 sanctis.
1292 1254 1406 1282 Plenum
1426 1259 1467 1283 est
1481 1255 1555 1283 enim
1570 1255 1654 1284 Vetus
1667 1257 1759 1286 Testa-

973 1303 1095 1326 mentum
1109 1300 1335 1334 praedictionibus
1347 1300 1465 1328 Domini.
1478 1301 1583 1330 Sanctis
1599 1308 1688 1331 autem
1703 1311 1758 1331 non

973 1347 1076 1372 temere
1094 1345 1232 1380 apposuit.
1249 1345 1302 1372 Sed
1315 1345 1435 1380 primum
1456 1347 1578 1382 quidem,
1599 1352 1628 1376 ut
1647 1348 1759 1377 doceret

974 1397 1004 1418 se
1024 1390 1105 1417 etiam
1122 1395 1242 1418 veterem
1260 1390 1431 1426 Scripturam
1460 1391 1581 1420 divinam
1598 1401 1756 1429 agnoscere;

970 1435 1072 1464 deinde
1088 1436 1183 1468 etiam,
1201 1440 1231 1463 ut
1248 1444 1356 1464 omnem
1372 1437 1490 1465 alienam
1511 1439 1678 1468 excluderet.
1695 1440 1757 1468 Sola

971 1480 1044 1509 enim
1072 1488 1087 1508 a
1113 1481 1168 1509 Deo
1191 1481 1325 1517 inspirata
1341 1482 1485 1518 Scriptura
1507 1484 1654 1512 utilitatem
1680 1486 1707 1512 in
1729 1494 1758 1514 se

970 1525 1104 1553 continet.
1122 1525 1180 1553 Jam
1205 1534 1270 1554 vero
1289 1527 1358 1555 dicit
1374 1528 1457 1556 etiam
1475 1531 1602 1564 promissi
1626 1531 1756 1566 speciem.

1004 1570 1088 1599 Vens.
1102 1571 1129 1599 5.
1145 1571 1181 1598 De
1195 1571 1267 1600 Filio
1279 1581 1336 1606 suo,
1347 1575 1391 1608 qui
1399 1574 1487 1608 factus
1500 1580 1538 1602 est
1552 1583 1584 1603 ea;
1595 1577 1693 1604 sentiae
1703 1577 1759 1603 Da-

129 1622 305 1658 σπέρματος
318 1623 407 1650 Δαϐὶδ
423 1622 498 1650 κατὰ
514 1623 624 1656 σάρκα.
640 1621 689 1649 Διὰ
706 1622 824 1654 πάντων,
842 1621 920 1656 φησὶ,

972 1617 1038 1645 vidis
1064 1618 1205 1645 secundum
1230 1627 1345 1647 carnem.
1366 1619 1420 1647 Per
1443 1628 1550 1653 omnes,
1573 1621 1672 1657 inquit,
1694 1630 1758 1657 pro-

128 1669 181 1696 τῶν
199 1669 354 1704 προφητῶν
376 1668 410 1696 τὰ
425 1669 489 1705 περὶ
508 1669 556 1695 τοῦ
570 1667 637 1694 Υίοῦ
656 1667 854 1703 προεθέσπισεν
868 1676 874 1683 ·
892 1666 921 1698 ὃς

129 1715 158 1747 ὲξ
174 1714 260 1742 αὑτοῦ
277 1715 359 1749 φύσει
382 1714 435 1750 πρὸ
449 1714 502 1742 τῶν
514 1713 620 1741 αἰώνων
639 1712 836 1748 γεγεννημένος
849 1731 856 1745 ,
875 1711 921 1738 καὶ

129 1761 172 1787 τοῦ
185 1761 271 1787 Δαὸὶδ
289 1761 347 1793 υἱὸς
362 1760 557 1795 ἐχρημάτισεν,
567 1759 605 1791 ὠς
621 1760 653 1786 ὲκ
667 1759 826 1794 σπέρματος
839 1757 922 1784 Δαΰὶδ

128 1807 175 1843 τὴν
192 1806 373 1842 ἀνθρωπείαν
389 1806 469 1841 φύσιν
482 1805 635 1834 ἀναλαϐών.
652 1805 705 1831 Τοῦ
724 1805 816 1840 μέντοι
839 1803 922 1830 Δασὶδ

130 1853 336 1888 μνημονεύσας,
348 1853 416 1887 ἄγαν
426 1852 583 1887 ἀναγκαίως
595 1851 625 1878 τὸ
638 1851 713 1878 κατὰ
728 1849 827 1884 σάρκα
837 1857 921 1885 προσ-

127 1898 251 1927 τέθεικεν
266 1906 274 1913 ·
294 1899 338 1926 ἵνα
356 1899 394 1933 μὴ
408 1897 488 1932 φύσει
503 1897 552 1933 μὲν
563 1897 611 1923 τοῦ
628 1896 709 1923 Δαϐὶδ
724 1895 780 1927 υἱὸς
793 1894 922 1930 νομισθῇ,

129 1945 198 1971 κατὰ
218 1945 304 1980 χάριν
318 1944 347 1970 δὲ
366 1943 413 1971 τοῦ
426 1943 503 1970 Θεοῦ.
531 1943 565 1970 ῚΙ
583 1943 637 1978 γὰρ
662 1942 708 1969 τοῦ
733 1940 807 1968 κατὰ
825 1940 924 1974 σάρκα

129 1991 290 2027 προσῡήκη,
308 1991 458 2017 αἰνίττεται
473 1991 510 2022 ὡς
531 1988 578 2016 τοῦ
592 1988 661 2015 Θεοῦ
679 1988 725 2015 καὶ
742 1987 850 2023 Πατρὸς
867 1986 924 2018 υίὸς

130 2039 202 2064 ἐστιν
217 2036 336 2072 ἀληθῶς
356 2036 426 2063 κατὰ
442 2035 490 2071 τὴν
505 2036 630 2070 θεότητα.
648 2034 716 2061 Οὐδὲ
733 2033 787 2068 γὰρ
810 2032 924 2059 ἐπὶτῶν

128 2082 207 2110 τοῦτο
225 2083 311 2117 μόνον
327 2082 412 2109 ὄντων
433 2082 501 2116 ὅπερ
527 2080 660 2116 ὁρῶνται,
685 2079 758 2106 ἔστιν
783 2078 872 2113 εὑρεῖν
895 2076 925 2103 τὸ

129 2129 204 2156 κατὰ
228 2128 336 2163 σάρκα
364 2127 572 2163 προσκείμενον.
594 2127 649 2154 Καὶ
671 2126 776 2162 μάρτυς
796 2125 810 2151 ό
836 2124 924 2160 μακά-

129 2183 185 2210 ριος
217 2174 365 2205 Martiale;
397 2174 410 2199 ό
436 2173 642 2208 εὐαγγελιστής.
680 2169 810 2207 Είρηκὼς
848 2169 923 2205 γάρ’

131 2230 141 2246 ι
162 2221 298 2255 Ἀϐραὰμ
319 2219 447 2254 ἐγέννησε
468 2219 515 2245 τὸν
530 2218 632 2250 Ἰσαὰκ,
649 2216 742 2244 Ἰσαὰκ
758 2216 784 2243 δὲ
795 2216 925 2251 ἐγέννησε

971 1663 1067 1700 phetas
1093 1663 1164 1691 Deus
1186 1663 1267 1692 Pater
1296 1664 1422 1700 praedixit
1435 1673 1502 1701 quae
1517 1665 1552 1694 de
1570 1666 1639 1694 Filio
1665 1667 1757 1695 futura

972 1713 1050 1737 erant
1069 1719 1075 1737 :
1103 1710 1151 1744 qui
1167 1710 1201 1738 ab
1214 1718 1247 1738 eo
1265 1714 1363 1738 natura
1387 1711 1497 1746 genitus
1516 1716 1580 1740 ante
1598 1713 1708 1746 saecula,
1728 1713 1759 1740 ti-

972 1755 1028 1783 lius
1058 1756 1141 1783 etiam
1168 1755 1280 1784 Davidis
1306 1757 1457 1792 appellatus
1481 1762 1535 1791 est,
1553 1762 1583 1785 ut
1605 1759 1650 1794 qui
1667 1767 1698 1787 ex
1714 1767 1758 1788 se-

973 1804 1046 1831 mine
1070 1804 1180 1832 Davidis
1206 1804 1352 1832 humanam
1377 1809 1502 1833 naturam
1527 1807 1758 1843 acceperit1Cum

973 1850 1066 1884 itaque
1100 1849 1229 1877 Davidem
1263 1849 1443 1882 meminisset,
1469 1842 1626 1880 necessario
1655 1842 1760 1881 addidit

973 1893 1114 1922 secundum
1131 1902 1235 1922 carnem
1248 1902 1257 1922 :
1273 1902 1308 1922 ne
1321 1899 1417 1922 natura
1432 1896 1545 1931 quidem
1561 1896 1634 1925 illius
1647 1897 1760 1926 Davidis

974 1941 1190 1973 existimaretur,
1214 1940 1262 1968 Dei
1284 1944 1386 1969 autem-
1401 1942 1552 1969 secundum
1571 1943 1698 1977 gratiam.
1711 1944 1761 1971 illa

974 1986 1046 2018 enim
1065 1985 1182 2020 adjectio
1193 1986 1335 2013 secundum
1345 1994 1472 2013 carnem:
1487 1987 1576 2014 innuit
1586 1987 1659 2022 quod
1673 1987 1720 2015 Dei
1734 1993 1761 2015 et

974 2029 1064 2058 Patris
1077 2037 1140 2058 vere
1155 2034 1196 2058 est
1209 2029 1294 2058 Filius
1305 2031 1458 2059 secundum
1473 2031 1646 2060 divinitatem
1668 2032 1761 2068 Neque

975 2076 1048 2103 enim
1070 2075 1099 2103 in
1119 2076 1164 2109 iis,
1180 2076 1228 2111 qui
1248 2076 1274 2104 id
1288 2081 1353 2105 sunt
1368 2077 1457 2105 solum
1473 2078 1546 2113 quod
1566 2079 1703 2111 videntur,
1719 2084 1762 2107 est

975 2122 1099 2150 invenire
1112 2121 1248 2158 adjectum
1274 2122 1343 2150 illud
1369 2123 1510 2150 secundum
1522 2132 1636 2152 carnem.
1649 2126 1658 2135 ⁴
1672 2124 1762 2152 Testis

976 2171 1018 2196 est
1034 2167 1132 2196 beatus
1148 2168 1291 2196 Matthaeus
1308 2168 1492 2205 Evangelista.
1506 2169 1574 2197 Cum
1589 2171 1661 2198 enim
1677 2171 1762 2199 dixis-

977 2217 1029 2246 set,
1044 2223 1054 2239 ι
1073 2214 1210 2241 Abraham
1234 2216 1328 2249 genuit
1346 2215 1482 2249 lsaaeum,
1496 2215 1574 2244 Isaac
1597 2220 1688 2245 autem
1717 2225 1763 2252 ge-

129 2266 174 2293 τον
191 2265 307 2298 Ἰακὼϐ,
331 2265 429 2292 Ἰακὼὸ
454 2265 483 2291 δὲ
495 2264 624 2299 ἐγέννησε
641 2263 686 2290 τὸν
705 2262 826 2294 Ἰούδαν,
851 2271 860 2287 )
877 2261 921 2288 καὶ

977 2259 1036 2286 nuit
1060 2258 1205 2292 Jacohum,
1231 2258 1318 2286 Jacob
1351 2264 1441 2287 autem
1468 2261 1563 2296 genuit
1586 2260 1683 2288 Judam
1706 2261 1731 2294 ιι,
1750 2271 1759 2286 ι

130 2313 220 2339 πᾶσαν
243 2311 346 2347 ἐφεξῆς
371 2311 419 2347 τὴν
438 2310 614 2346 γενεαλογίαν
630 2308 788 2342 διεξελθὼν,
806 2306 921 2342 οὐδαμοῦ

976 2306 1003 2331 et
1015 2311 1124 2331 omnem
1145 2303 1275 2338 deinceps
1291 2304 1479 2340 genealogiam
1501 2308 1575 2333 esset
1590 2309 1761 2340 persecutus,

129 2358 160 2385 τὸ
179 2358 258 2386 κατὰ
285 2357 386 2391 σάρκα
410 2356 616 2392 προστέθεικεν.
643 2356 699 2390 Οὐχ
722 2355 841 2390 ἥρμοττε
871 2352 921 2387 γὰρ

976 2356 1112 2384 nusquam
1142 2349 1258 2381 addidit,
1282 2350 1424 2376 secundant
1449 2358 1565 2379 carnem.
1580 2350 1672 2385 Neque
1690 2352 1762 2378 enim

130 2405 224 2436 αὐτοῖς
245 2403 403 2439 ἀνθρώποις
426 2401 502 2429 οῦσιν
521 2402 537 2437 ἡ
562 2401 674 2434 τοιαύτη
697 2400 850 2436 προσθήκη.
868 2398 921 2424 Ἐν-

977 2395 1042 2426 illis,
1056 2395 1103 2431 qui
1119 2400 1198 2423 erant
1213 2395 1264 2430 ipsi
1278 2395 1414 2429 homines,
1430 2396 1565 2432 ejusmodi
1584 2398 1764 2425 conveniebat

130 2450 220 2478 ταῦθα
230 2450 275 2481 δὲ,
300 2449 393 2484 ἐπειδὴ
415 2449 465 2475 οὐκ
482 2448 624 2483 ἄνθρωπος
643 2447 722 2482 μόνον
748 2446 833 2477 ἐστὶν,
860 2443 921 2471 ἀλλά

977 2440 1090 2468 additio.
1104 2439 1155 2468 Hie
1173 2448 1248 2474 vero,
1263 2441 1393 2475 quoniam
1419 2449 1473 2469 non
1503 2442 1590 2469 solum
1615 2443 1695 2470 homo
1711 2449 1763 2475 est,

130 2497 177 2523 καὶ
195 2496 266 2527 Θεὸς
285 2495 449 2531 προαιώνιος
463 2496 477 2521 ὁ
496 2493 709 2529 ἐνανθρωπήσας
734 2491 800 2523 Θεὸς
830 2490 926 2525 Λόγος,

129 2543 176 2569 τοῦ
192 2541 358 2578 σπέρματος
371 2541 417 2568 τοῦ
433 2540 514 2568 Δαόὶδ
528 2539 718 2576 μνημονεύσας
736 2539 750 2564 ὁ
766 2537 837 2568 θεῖος
848 2537 928 2563 Ἀπό-

132 2590 246 2621 στολος,
273 2587 433 2622 ἀναγκαίως
460 2587 490 2613 τὸ
512 2586 587 2615 κατὰ
612 2585 713 2619 σάρκα
739 2583 929 2620 προστέθεικε,

132 2635 229 2670 autem;
248 2635 327 2670 ἡμᾶς
344 2633 468 2666 διδάξας,
487 2633 544 2664 πῶς
560 2632 609 2667 μὲν
625 2631 690 2662 Υἱός
713 2631 771 2657 ἐστι
786 2628 832 2656 τοῦ
849 2628 928 2662 Θεοῦ,

978 2486 1027 2514 sed
1044 2490 1070 2513 et
1085 2486 1157 2513 Deus
1169 2489 1232 2513 ante
1246 2486 1357 2519 szecula,
1370 2487 1417 2521 qui
1435 2487 1486 2522 15
1505 2487 1585 2515 homo
1606 2488 1693 2517 factus
1713 2493 1763 2521 est,

980 2531 1099 2559 Verbum
1125 2531 1207 2564 Deus,
1234 2539 1296 2558 cum
1326 2532 1441 2560 seminis
1457 2533 1567 2562 Davidis
1597 2535 1767 2563 meminisset

980 2578 1090 2605 divinus
1103 2577 1260 2612 Apostolus,
1275 2578 1416 2605 secundum
1429 2586 1534 2606 carnem
1547 2580 1705 2609 necessario
1719 2581 1766 2609 ad-

981 2624 1061 2656 didit,
1078 2630 1128 2651 nos
1150 2627 1246 2658 aperte
1263 2623 1365 2652 docens
1388 2625 1525 2659 quomodo
1540 2625 1586 2653 Dei
1601 2626 1710 2662 quidem
1730 2627 1767 2656 sit

982 2669 1081 2701 Filius,
1099 2668 1237 2704 quomodo
1255 2672 1345 2697 autem
1362 2669 1435 2698 illius
1445 2670 1662 2700 Davidisdictus
1675 2672 1723 2700 sit.

131 2681 189 2712 πῶς
204 2680 234 2707 δὲ
248 2679 302 2716 τοῦ
315 2677 397 2705 Δαϐίδ
412 2678 589 2713 ἐχρημάτισε.

167 2772 181 2792 ε
200 2771 265 2798 Αρι-
292 2777 355 2800 xui,
371 2769 398 2796 2.
436 2769 450 2788 ιι
472 2767 565 2795 Matth.
582 2775 608 2800 l,
624 2768 640 2794 2
657 2775 733 2803 seqq.

777 2846 818 2874 VA
825 2844 893 2872 ΠΙΑΞ
914 2843 1115 2872 LECTIONES.

169 2907 189 2922 πε
209 2907 228 2934 Β
242 2907 296 2934 ἐπε
303 2905 407 2942 σημανᾶ
413 2915 474 2941 μην.
