2013 3114
229 197 261 230 51
711 197 954 240 THEODORETJ
971 198 1138 229 EPISCUl’l
1157 199 1339 229 CYHENSIS
1815 196 1855 230 52

263 251 346 279 Vens.
365 250 391 277 4.
407 250 459 282 Qui
473 250 676 282 pru'destinatus
690 252 741 287 fuit
751 251 838 280 Fittus
854 253 902 280 Dei
914 254 942 280 in
958 254 1010 281 eir-

1101 254 1133 281 δ¹.
1150 254 1204 281 Τοῦ
1217 253 1390 287 ὁρισθέντος
1407 252 1474 280 Υίοῦ
1490 252 1563 279 Θεοῦ
1575 252 1608 279 ἐν
1619 251 1754 286 δυνάμει,
1773 253 1852 281 κατὰ

228 302 282 325 tute
295 297 438 325 secundant
449 296 578 332 Spiritum
598 299 834 334 sanctiﬁcationis,
845 307 878 326 ea:
889 308 1015 327 resurrec-

229 344 298 370 tione
314 347 478 370 mortuorum
505 343 569 371 Iesu
582 344 684 372 Christi
705 345 810 372 Domini
836 346 928 373 nostri.
947 348 1016 374 Ante

227 397 339 417 crucem
355 390 464 425 quidem
486 395 512 418 et
532 391 701 425 passionem,
719 391 854 420 Dominus
876 391 1014 426 Christus,

230 443 285 462 non
298 436 387 463 solum
404 436 466 464 aliis
477 435 590 468 Judaeis,
610 437 658 464 sed
677 437 747 472 ipsis
768 437 851 464 etiam
869 438 1014 473 apOStolis,

228 489 284 509 non
312 482 458 510 videbatur
471 491 532 511 esse
546 482 627 510 Deus.
646 481 862 511 Oﬂ‘endebantur
883 484 956 511 enim
972 492 1015 512 re-

228 527 280 555 bus
296 528 434 561 humanis,
451 535 514 556 cum
529 536 590 556 eum
607 528 807 561 eomedemem,
823 532 850 556 et
866 529 1015 562 bibentem,

227 578 256 600 ct
275 572 467 607 dormientem,
481 581 512 602 ac
524 574 664 601 defessum
682 573 808 602 viderent
831 584 837 602 :
861 579 888 602 et
906 583 941 602 ne
956 575 1015 610 ipsa

228 619 339 654 quidem
360 619 495 647 miracula
511 627 559 648 eos
581 620 613 647 ad
632 620 703 647 hanc
724 620 880 655 opinionem
897 621 1017 648 adduce-

228 664 307 692 bant.
327 663 421 700 Itaque
436 673 499 693 eum
525 665 592 693 illud
608 665 681 701 quod
709 666 736 692 in
765 666 833 692 mari
857 665 959 693 factum
975 672 1017 694 est

228 711 391 739 miraculum
410 711 555 745 vidissent,
577 711 729 739 dicebant:
751 720 760 737 t
783 711 880 745 Qualis
901 716 944 740 est
972 712 1017 739 hic

228 757 332 786 homo?
345 758 410 793 quia
429 762 457 786 et
482 765 558 786 mare
580 762 606 786 et
626 759 699 785 venti
723 757 856 786 obediunt
870 758 894 786 ei
914 758 937 786 ί.
955 768 964 785 ι
984 757 1017 786 Et

228 807 376 840 propterea
385 805 516 833 Dominus
523 804 564 833 eis
574 805 656 833 etiam
666 804 776 832 «licebat
787 813 794 831 :
809 813 818 829 ι
831 803 923 832 Habeo
932 805 1017 832 multa

228 850 308 878 vobis
337 850 440 882 dicere,
470 851 519 879 sed
551 859 606 879 non
639 851 754 886 potestis
782 855 892 886 portare
923 851 1015 878 modo.

229 896 345 928 Quando
360 900 452 924 autem
478 897 586 925 venerit
602 897 660 930 ille,
678 897 800 932 Spiritus
816 897 949 928 veritatis.
970 897 1017 924 ille

1067 299 1188 333 Πνεῦμα
1215 296 1402 333 ἶὶγιωσύνης,
1441 297 1476 330 ἐξ
1510 297 1707 330 ἀναστάσεως
1738 297 1853 332 νεκρῶν

1073 345 1178 380 Ἰησοῦ
1207 345 1335 380 Χριστοῦ
1365 345 1475 379 Kt'plov
1511 343 1605 379 ἡμῶν.
1638 343 1694 379 Πρὸ
1725 344 1774 379 μὲν
1806 343 1857 370 τοῦ

1068 391 1185 428 σταυροῦ
1202 392 1250 419 καὶ
1277 391 1324 418 τοῦ
1351 391 1461 423 πάθους.
1486 392 1500 418 ὁ
1523 391 1663 426 Δεσπότης
1683 389 1800 425 Χριστὸς
1823 390 1854 416 οὐ

1069 438 1149 474 μόνον
1163 439 1220 470 τοῖς
1241 437 1332 469 ἄλλοις
1355 437 1504 470 Ἰουδαίοις,
1526 436 1593 464 ἀλλὰ
1611 437 1658 463 καὶ
1686 437 1776 467 αὐτοῖς
1799 435 1855 466 τοῖς

1067 484 1229 515 ἀποστόλοις
1239 483 1290 510 οὐκ
1305 482 1391 510 ἐδόκει
1417 479 1487 509 εἶναι
1502 482 1578 514 Θεός.
1600 481 1785 517 Προσέπταιον
1800 479 1858 516 γὰρ

1066 531 1123 562 τοῖς
1135 529 1326 565 ἀνθρωπίνοις,
1339 528 1465 555 ἐσθίοντά
1478 537 1507 555 τε
1523 527 1570 555 καὶ
1585 528 1706 560 πίνοντα,
1718 527 1766 553 καὶ
1788 527 1855 553 καθ-

1067 576 1189 608 εύδοντα,
1200 575 1247 601 καὶ
1257 574 1398 601 κοπιῶντα
1408 573 1605 608 θειῖιμενοι,καὶ
1615 573 1674 599 οὐδὲ
1684 572 1718 598 τά
1728 571 1855 607 θαύματα

1067 622 1164 652 αὐτοὺς
1185 621 1253 656 πρὸς
1274 620 1375 655 ταύτην
1404 620 1530 654 ὲποδήγει
1558 619 1608 655 τὴν
1633 618 1722 651 δόξαν.
1752 617 1855 644 Λύτίκα

1066 667 1158 694 τοίνυν
1183 667 1213 693 τὸ
1243 666 1315 693 κατὰ
1343 666 1393 701 τὴν
1412 665 1548 693 θάλατταν
1573 665 1735 700 θεασάμενοι
1762 663 1856 700 θαῦμα

1068 713 1161 747 ἔλεγον
1175 722 1182 729 ·
1203 723 1211 738 ι
1225 712 1350 744 Ποταπός
1363 713 1437 739 ἐστιν
1451 709 1529 743 οὗτος
1547 712 1560 738 ὁ
1573 711 1726 747 ἄνθρωπος,
1750 711 1791 737 δτι
1809 711 1856 738 καὶ

1067 760 1084 795 ή
1108 759 1229 786 θάλασσα
1245 759 1291 786 καὶ
1305 759 1331 786 οί
1347 759 1442 793 ἄνεμοι
1461 757 1643 784 ὑπακούουσιν
1657 757 1747 792 αὐτ-ᾡς
1765 767 1773 783 ›
1807 757 1856 783 Διά

1067 814 1108 832 τοι
1123 805 1202 832 τοῦτο
1219 806 1268 832 καὶ
1286 805 1300 831 ὁ
1315 805 1417 841 Κύριος
1429 804 1507 838 ελεγι
1522 804 1590 840 πρὸς
1605 803 1704 835 αὐτούς
1717 811 1724 817 ·
1742 813 1751 829 ι
1767 803 1855 830 Πολλὰ

1068 852 1122 887 ἔχω
1135 851 1225 885 λέγειν
1240 852 1315 886 ὑμῖν,
1331 851 1389 878 ἀλλ’
1411 851 1441 877 οὺ
1466 850 1580 877 δύνασθε
1605 849 1750 885 βαστάζειν
1772 849 1833 884 ἄρτι
1848 856 1855 862 ·

1068 898 1131 925 ὅταν
1157 897 1186 924 δὲ
1213 896 1277 933 ἔλθῃ
1306 897 1417 929 ἐκεῖνος,
1443 896 1473 923 τὸ
1500 895 1612 931 Πνεῦμα
1636 895 1686 930 τῆς
1716 894 1855 930 ἀληθείας,

230 950 278 970 vos
297 942 414 970 deducet
437 943 464 970 in
490 950 598 970 omnem
617 943 759 971 veritatem
777 943 799 971 1.
819 953 828 970 ›
846 943 878 970 Et
895 951 992 971 rursus
1009 951 1016 969 :

1069 943 1172 975 ἐκεῖνος
1198 944 1270 978 ὑμᾶς
1285 942 1412 978 ὁδηγήσει
1439 943 1479 973 είς
1509 942 1601 968 πᾶσαν
1613 941 1663 976 τὴν
1678 940 1818 975 ἀλήθειαν.
1843 948 1852 965 ι

232 998 240 1013 ι
263 988 361 1016 Sedete
380 989 427 1017 hic
442 991 470 1017 in
486 989 537 1017 hac
553 989 674 1023 civitate,
687 989 774 1017 donec
796 989 886 1017 induti
908 988 1017 1016 fueritis

229 1035 379 1070 potentiam
395 1043 427 1063 ex
440 1036 506 1068 alto,
527 1043 591 1063 cum
607 1035 714 1064 venerit
726 1035 846 1071 Spiritus
861 1039 974 1063 sanctus
989 1034 1017 1061 in

227 1088 278 1109 vos
295 1080 319 1108 ιι.
339 1090 349 1107 ι
371 1080 441 1109 Ante
459 1081 616 1117 passionem
635 1089 701 1117 ergo
717 1081 856 1109 habebant
880 1080 1018 1117 ejusmodi

228 1129 263 1154 de
273 1133 309 1154 eo
323 1126 479 1162 opiniones.
492 1126 641 1162 Postquam
656 1130 748 1154 autent
762 1127 926 1159 resurrexit,
938 1131 965 1155 et
983 1126 1018 1154 ad

228 1173 316 1200 t-telos
331 1173 469 1206 ascendit,
484 1177 511 1200 et
532 1177 645 1201 sanctus
663 1172 784 1208 Spiritus
808 1173 892 1204 venit.
907 1176 935 1200 et
957 1176 1019 1208 post

228 1220 319 1248 omnis
341 1220 449 1256 generis
471 1221 614 1252 miracula,
632 1227 693 1255 qnte
721 1220 868 1247 venerabili
885 1219 944 1255 ejus
968 1227 1018 1246 no-

227 1265 302 1293 mine
321 1265 450 1293 invocato
472 1265 652 1301 peragebant,
669 1269 841 1301 agnoverunt
859 1272 954 1292 omnes
971 1264 1016 1299 qui

227 1309 413 1343 crediderant,
432 1318 493 1338 eum
512 1317 575 1338 esse
605 1309 702 1343 Deum,
724 1315 752 1338 et
768 1310 817 1338 Dei
845 1310 1017 1346 unigenitum

228 1356 341 1385 Filium.
356 1355 415 1384 Hoc
438 1364 504 1392 ergo
518 1356 564 1384 hic
578 1364 691 1392 quoque
718 1355 812 1384 docuit
829 1356 938 1384 divinus
951 1356 1020 1392 Apo-

228 1402 329 1435 stolus,
345 1402 418 1438 quod
434 1403 480 1438 qui
497 1403 570 1431 filius
597 1402 709 1440 Dayidis
735 1403 885 1431 secundum
907 1410 1018 1430 carnem

228 1448 320 1476 dictus
332 1452 384 1479 est.
400 1448 532 1477 deﬁnitus
544 1454 572 1476 et
586 1449 793 1477 demonstratus
815 1453 857 1476 est
874 1449 919 1476 Dei
933 1448 1018 1477 Filius

229 1501 278 1529 per
308 1495 471 1530 potentiam,
490 1503 551 1530 quae
574 1495 626 1531 ιθ
642 1503 656 1522 a
673 1500 770 1523 sancto
788 1495 890 1531 Spiritu
908 1503 1019 1524 exerce-

227 1541 320 1574 l-atur,
336 1545 398 1576 post
422 1541 531 1568 Domini
558 1541 645 1570 nostri
664 1541 731 1570 Jesu
751 1541 855 1570 Christi
879 1549 1018 1570 resurrec-

228 1587 332 1615 tionem
351 1594 366 1614 a
385 1586 512 1616 mortuis.

264 1675 346 1704 Vens.
363 1676 389 1704 5.
410 1676 462 1705 Per
475 1686 551 1712 quem
579 1679 726 1713 accepimus
750 1679 864 1714 gratiam
879 1684 904 1706 et
918 1684 1020 1714 aposto-

230 1723 314 1749 latum
333 1722 368 1749 ad
384 1722 554 1750 obedientium
568 1723 641 1758 ﬁdei,
660 1724 686 1750 in
703 1724 824 1751 omnibus
839 1724 959 1760 gentibus
972 1732 1019 1759 pro

230 1767 334 1795 nomine
347 1767 414 1800 eius.
432 1767 491 1802 lpse
502 1768 574 1795 enim
589 1776 640 1796 nos
657 1769 850 1804 praedicatores
864 1770 1018 1803 constituit,

230 1813 353 1839 omnium
368 1813 491 1848 gentium
513 1813 594 1841 nobis
611 1814 747 1842 mandans
769 1815 897 1850 salutem,
912 1822 940 1843 et
957 1823 1019 1852 gra-

231 1859 298 1886 tiam
313 1858 432 1891 donans,
450 1866 511 1894 qua:
527 1859 714 1894 prmdicationi
735 1861 905 1893 conveniret,
922 1865 951 1888 ut
968 1868 1018 1888 no-

231 1903 275 1931 bis
290 1902 446 1936 obedirent.
457 1911 490 1931 ac
505 1904 591 1932 verbo
608 1904 766 1938 crederent,
783 1906 829 1941 qui
847 1905 1018 1942 pmdicatio-

232 1956 294 1976 nem
309 1948 479 1984 reciperent.

267 1989 353 2019 Vns.
364 1991 391 2019 6.
405 1989 438 2020 In
451 1993 544 2028 quibus
556 1993 619 2021 estis
629 1999 653 2021 et
668 2002 723 2027 vos.
732 1996 818 2022 vocati
829 1995 893 2024 Jesu
908 1995 1018 2024 Christi.

231 2036 271 2064 Ex
289 2036 336 2070 iis,
352 2037 453 2074 inquit,
470 2047 519 2067 vos
536 2046 646 2075 quoque
661 2039 789 2075 gentibus
805 2042 882 2075 estis,
900 2049 1017 2077 quarum

231 2083 342 2111 cultura
356 2083 424 2111 mihi
440 2084 590 2113 commissa
613 2089 667 2113 est.
692 2085 732 2114 Ne
757 2086 830 2114 enim
855 2088 1019 2117 existimetis

231 2135 276 2156 me
289 2128 379 2157 aliena
393 2137 536 2166 usurpare,
552 2134 579 2158 et
596 2138 677 2166 agros
694 2131 758 2160 aliis
775 2132 929 2169 assignatos
943 2134 1019 2162 inva-

230 2175 305 2204 dere.
318 2176 452 2205 Dominus
467 2177 541 2204 enim
559 2185 602 2205 me
614 2178 738 2206 omnium
753 2180 873 2214 gentium
885 2182 1017 2217 praedica-

229 2222 319 2247 torem
331 2220 490 2249 constituit.

1069 989 1125 1016 Καὶ
1150 989 1245 1015 πάλιν·
1262 997 1270 1013 ι
1284 988 1402 1015 Μείνατε
1416 986 1499 1014 αὑτοῦ
1513 987 1541 1012 ὲν
1555 987 1588 1021 τῇ
1605 985 1681 1012 πόλει
1696 984 1792 1020 ταύτῃ,
1804 985 1857 1016 ἕως

1068 1034 1101 1061 ἂν
1131 1033 1277 1069 ἐνδύσησθε
1304 1033 1418 1068 δύναμιν
1448 1031 1478 1065 ἐξ
1509 1032 1603 1067 ὕψους,
1632 1031 1789 1064 ἐπελθόντος
1809 1030 1857 1057 τοῦ

1069 1080 1146 1115 ἁγίου
1163 1080 1321 1115 Πνεύματος
1333 1079 1375 1114 ἐφ’
1388 1079 1469 1114 ὑμᾶς.
1483 1088 1492 1103 ι
1508 1079 1564 1114 Πρδ
1576 1077 1624 1113 μὲν
1635 1075 1681 1104 οὖν
1695 1077 1741 1104 τοῦ
1755 1077 1857 1109 πάθους

1068 1127 1194 1158 τοιαύτας
1208 1124 1280 1161 εἶχον
1295 1126 1373 1159 δόξας
1392 1125 1456 1161 περὶ
1473 1123 1565 1151 αὑτοῦ.
1586 1123 1663 1151 Μετὰ
1682 1123 1709 1149 δὲ
1729 1123 1778 1158 τὴν
1791 1123 1858 1149 ἀνά-

1070 1182 1174 1205 στασιν,
1201 1173 1248 1200 καὶ
1276 1172 1324 1206 τὴν
1347 1173 1387 1204 είς
1404 1171 1536 1207 οὐρανοὺς
1567 1170 1708 1201 ἀνάϐασιν,
1734 1168 1782 1195 καὶ
1809 1168 1857 1194 τοῦ

1069 1219 1202 1253 παναγίου
1230 1218 1390 1253 Πνεύματος
1412 1217 1598 1252 ἐπιφοίτησιν,
1625 1215 1672 1242 καὶ
1692 1216 1741 1246 τὰς
1756 1222 1857 1241 παντο-

1068 1265 1158 1297 δαπὰς
1189 1265 1412 1300 θαυματουργίας
1443 1263 1476 1296 ἃς
1505 1262 1670 1294 ἐπετέλουν,
1710 1261 1858 1292 καλοῦντες

1068 1310 1151 1338 αὐτοῦ
1182 1311 1212 1337 τὸ
1239 1310 1388 1346 σεϐάσμιον
1413 1310 1509 1345 ὄνομα,
1537 1309 1658 1343 ἔγνωσαν
1689 1308 1807 1338 ἅπαντες
1833 1307 1857 1333 οἱ

1069 1356 1242 1388 πιστεύοντες
1267 1356 1299 1389 “,
1324 1356 1366 1383 ὅτι
1383 1355 1430 1382 καὶ
1444 1356 1510 1388 Θεός
1535 1355 1605 1388 ἐστι,
1639 1354 1687 1382 καὶ
1715 1353 1762 1380 τοῦ
1789 1352 1858 1379 Θεοῦ

1071 1404 1217 1439 μονογενὴς
1235 1403 1309 1435 Υἱός.
1327 1402 1412 1429 Τοῦτο
1430 1401 1521 1429 τοίνυν
1544 1400 1684 1429 κάνταῦθα
1710 1398 1830 1432 ἐδίδαξεν
1844 1399 1858 1424 ὁ

1069 1450 1140 1480 θεῖος
1161 1448 1332 1479 Ἃπόστολος,
1346 1447 1387 1474 ὅτι
1403 1446 1475 1474 κατὰ
1490 1446 1578 1482 σάρκα
1593 1445 1639 1473 τοῦ
1655 1445 1737 1472 Δασὶδ
1747 1452 1858 1479 χρημα-

1068 1495 1146 1526 τίσας
1163 1494 1236 1526 Υἱὸς,
1254 1493 1359 1529 ὡρίσθη
1374 1493 1420 1519 καὶ
1433 1493 1580 1527 ἀπεδείχθη
1593 1491 1639 1518 τοῦ
1652 1490 1719 1518 Θεοῦ
1730 1491 1802 1521 Υίὺς,
1815 1489 1860 1516 διὰ

1069 1542 1119 1577 τῆς
1149 1541 1202 1568 ὑπὸ
1232 1541 1279 1568 τοῦ
1309 1539 1444 1574 παναγίου
1479 1538 1636 1574 Πνεὺματος
1662 1535 1860 1572 ἐνεργουμένης

1070 1588 1211 1623 δυνάμεως
1226 1587 1295 1623 μετὰ
1309 1586 1357 1622 τὴν
1370 1586 1402 1612 ὲκ
1415 1584 1520 1620 νεκρῶν
1544 1584 1692 1610 ἀνάστασιν
1714 1580 1795 1608 αὑτοῦ
1811 1580 1859 1606 τοῦ

1072 1633 1174 1669 Κυρίου
1190 1633 1269 1668 ἡμῶν
1290 1631 1379 1667 Ἰησοῦ
1394 1630 1522 1666 Χριστοῦ.

1106 1683 1136 1707 ε’.
1153 1679 1193 1705 Δι’
1216 1676 1251 1706 οὖ
1267 1677 1414 1711 ἐλάϐομεν
1431 1675 1520 1710 χάριν
1543 1676 1591 1701 καὶ
1614 1673 1792 1706 ἀποστολὴν
1816 1673 1860 1705 εις

1070 1724 1210 1757 ὑπακοὴν
1237 1713 1376 1755 πίστεως,
1409 1722 1444 1748 ἐν
1467 1720 1541 1748 πᾶσι
1567 1720 1629 1753 τοῖς
1650 1719 1770 1746 ἔθνεσιν
1783 1718 1860 1752 ὑπὲρ

1070 1770 1123 1797 τοῦ
1141 1770 1287 1804 ὀνόματος
1303 1767 1406 1795 αὑτοῦ.
1418 1767 1504 1798 Αὐτὸς
1519 1766 1573 1802 γὰρ
1596 1767 1669 1802 ἡμᾶς
1684 1764 1857 1800 προῦὁάλετο

1070 1815 1205 1848 κήρυκας,
1220 1812 1274 1839 τῶν
1291 1811 1375 1838 ἐθνῶν
1391 1811 1518 1839 ἁπάντων
1533 1811 1690 1846 ἐγχειρίσας
1703 1809 1751 1844 τὴν
1769 1817 1859 1843 σωτη-

1072 1859 1143 1895 ρίαν,
1160 1858 1207 1885 καὶ
1221 1857 1407 1892 ἀναλογοῦσαν
1428 1857 1467 1893 τῷ
1491 1850 1651 1892 κηρύγματι
1666 1855 1858 1892 δωρησάμενος

1070 1906 1160 1940 χάριν,
1172 1904 1240 1930 ὥστε
1271 1904 1347 1939 ἡμῖν,
1362 1904 1409 1931 καὶ
1421 1903 1581 1935 ὑπακούειν,
1604 1903 1650 1930 καὶ
1667 1900 1804 1928 πιστεύειν
1821 1899 1860 1934 τῷ

1069 1950 1151 1985 λόγῳ,
1170 1950 1232 1981 τοὺς
1249 1948 1410 1984 δεχομένους
1426 1949 1456 1976 τὸ
1476 1949 1616 1985 κήρυγμα.

1105 2000 1142 2029 ς’.
1173 1996 1221 2022 Ἐν
1249 1992 1293 2028 οἷς
1316 1995 1387 2022 ἐστε
1418 1995 1466 2022 καὶ
1500 1994 1596 2029 ὑμεῖς,
1626 1995 1730 2028 κλητοὶ
1763 1994 1859 2029 Ἰησοῦ

1069 2042 1207 2077 Χριστοῦ.
1227 2043 1275 2068 Ἐκ
1287 2041 1391 2068 τούτων
1404 2041 1466 2068 ἐστὲ
1482 2042 1529 2068 καὶ
1543 2041 1623 2077 ὑμεῖς
1638 2041 1692 2068 τῶν
1706 2041 1804 2075 ἐθνῶν,
1820 2039 1858 2070 ὧν

1068 2090 1118 2125 τὴν
1131 2088 1268 2124 γεωργίαν
1280 2087 1476 2124 ὲνεχειρίσθην.
1493 2087 1540 2123 Μὴ
1560 2088 1614 2123 γὰρ
1628 2086 1660 2124 δὴ
1680 2088 1809 2124 νομίσητε
1824 2088 1859 2116 τὰ

1069 2135 1197 2171 ἀλλότρια
1214 2133 1432 2170 σφετερίζεσθαι,
1459 2133 1507 2160 καὶ
1535 2133 1585 2165 τὰς
1606 2133 1696 2166 ἄλλοις
1722 2134 1858 2169 ἀπονεμη-

1070 2182 1161 2214 θείσας
1190 2181 1323 2217 ἁρπάζειν
1352 2179 1481 2215 ἀρούρας.
1512 2179 1624 2206 Πάντων
1651 2180 1705 2214 γάρ
1737 2188 1771 2216 με
1805 2180 1860 2207 τῶν

1070 2227 1154 2255 ἐθνῶν
1169 2228 1183 2253 ὁ
1196 2227 1334 2262 Δεσπότης
1354 2226 1561 2261 κεχειροτόνηκε
1579 2227 1698 2261 κήρυκα.

266 2263 351 2293 Vens.
372 2265 398 2294 7.
430 2266 558 2314 Omnibus
582 2268 627 2302 qui
649 2275 709 2314 sunt
725 2270 815 2299 Romae
840 2272 944 2300 dilectis
959 2272 1016 2306 Dei,

1106 2273 1140 2306 ζ’.
1157 2273 1236 2301 Πᾶσι
1251 2272 1313 2305 τοῖς
1323 2269 1413 2300 οὖσιν
1428 2272 1463 2299 ἐν
1479 2271 1571 2306 Ῥώμῃ
1583 2273 1747 2306 ἀγαπητοῖς
1773 2273 1858 2305 Θεοῦ,

230 2311 331 2338 vocatis
350 2312 462 2339 sanctis.
479 2311 511 2339 Et
538 2312 640 2342 divinis
656 2311 703 2343 eos
721 2317 951 2352 appellationibus
967 2319 1017 2348 ho-

229 2356 349 2388 noravit,
376 2361 404 2384 et
431 2360 618 2394 arrogantiam
641 2363 782 2397 repressit.
801 2363 921 2391 Primum
943 2366 1015 2393 enim

229 2408 289 2434 eos,
303 2410 357 2430 non
374 2408 403 2430 ut
419 2404 502 2432 totius
519 2405 596 2434 orbis
614 2410 750 2436 terrarum
776 2409 929 2438 dominium
946 2411 1017 2439 obti-

229 2452 328 2477 nentes
343 2448 378 2477 ab
393 2449 456 2478 aliis
469 2451 598 2486 gentibus
613 2454 741 2487 secrevit,
755 2455 802 2484 sed
814 2456 877 2484 aliis
890 2458 1018 2486 commis-

230 2495 298 2523 cuit.
316 2494 417 2524 Deinde
429 2497 558 2526 omnibus
570 2498 654 2526 simul
669 2500 775 2534 scribit,
789 2509 884 2530 servos
900 2503 1018 2532 miscens

230 2543 258 2568 et
281 2541 434 2574 mendicos,
459 2546 486 2569 et
504 2550 552 2570 eos
575 2545 622 2579 qui
645 2544 696 2572 sibi
710 2545 838 2573 manibus
853 2547 954 2575 victum
971 2556 1018 2583 pa-

231 2589 304 2619 rant,
315 2593 418 2621 eosque
431 2587 478 2621 qui
496 2589 594 2623 opibus
616 2590 779 2624 circ-runtur,
799 2595 826 2618 et
840 2599 888 2619 eos
905 2593 951 2628 qui
972 2600 1018 2628 pn-

231 2635 330 2660 tcstatc
358 2637 423 2659 sunt
448 2635 564 2668 praediti.
593 2635 673 2669 Quod
691 2638 763 2664 enim
787 2645 819 2665 ex
841 2637 884 2665 his
910 2647 1019 2673 quoque

233 2679 315 2714 aliqui
331 2679 528 2713 credidissent,
551 2683 631 2710 docet
658 2684 685 2710 in
714 2684 836 2719 Epistola
855 2684 888 2712 ad
914 2684 1018 2720 Philip-

231 2733 329 2760 penscs
344 2745 350 2751 .
368 2734 378 2751 ι
397 2725 522 2755 Salutant
535 2729 619 2762 enim,
637 2730 734 2766 inquit,
761 2738 811 2758 vos
837 2730 883 2766 qui
899 2735 962 2759 sunt
984 2739 1017 2759 ex

1071 2318 1193 2352 κλητοῖς
1211 2317 1315 2352 ἁγίοις.
1333 2317 1388 2343 Καὶ
1413 2318 1474 2347 ταῖς
1496 2316 1582 2348 θείαις
1606 2317 1704 2348 αὐτοὺς
1723 2325 1860 2352 προσηγο-

1072 2365 1144 2400 ρίαις
1169 2363 1313 2398 τετίμηκε,
1342 2362 1390 2388 καὶ
1413 2361 1463 2396 τὴν
1497 2362 1657 2394 ἀλαζονείαν
1691 2363 1858 2391 κατέστειλε.

1071 2410 1181 2446 Πρῶτον
1198 2409 1247 2444 μὲν
1273 2408 1327 2443 γὰρ
1344 2407 1453 2439 αὐτοὺς.
1479 2407 1529 2442 οὐχ
1556 2407 1593 2440 ὡς
1617 2408 1784 2444 κρατοῦντας
1808 2407 1860 2443 τῆς

1071 2455 1233 2491 οἰκουμένης
1259 2454 1389 2488 ἀπέκρινε
1416 2453 1470 2479 τῶν
1488 2453 1574 2480 ἄλλων
1592 2454 1687 2486 ἐθνῶν,
1709 2454 1777 2481 ἀλλὰ
1803 2455 1860 2485 τοῖς

1072 2501 1162 2533 ἄλλοις
1177 2500 1319 2535 ἁνέμιγεν·
1342 2499 1438 2525 ἔπειτα
1455 2498 1483 2525 δὲ
1506 2500 1588 2526 πᾶσιν
1601 2499 1668 2534 ὁμοῦ
1685 2499 1796 2534 γράφει,
1813 2500 1860 2526 καὶ

1070 2548 1177 2578 οἰκέτας
1202 2545 1364 2581 ἀναμιγνὺς,
1394 2546 1441 2572 καὶ
1467 2546 1626 2581 προσαίτας,
1652 2546 1697 2572 καὶ
1715 2546 1861 2582 ἀποχειρο-

1071 2592 1195 2623 ϐιώτους,
1213 2590 1333 2622 καὶτοὺς
1348 2590 1455 2626 πλούτῳ
1472 2591 1624 2625 κομῶντας,
1641 2592 1688 2618 καὶ
1701 2592 1764 2623 τοὺς
1779 2591 1859 2619 δυνα-

1072 2638 1162 2665 στείαν
1194 2637 1413 2672 περικειμένους.
1445 2636 1506 2663 Ὀτι
1539 2637 1593 2673 γὰρ
1628 2637 1675 2664 καὶ
1702 2637 1734 2663 ὲκ
1756 2636 1860 2664 τούτων

1070 2681 1140 2719 ἦσαν
1154 2682 1367 2714 πεπιστευκότες
1384 2682 1467 2715 τινὲς,
1481 2683 1509 2710 ὲν
1524 2684 1555 2719 τῇ
1570 2683 1637 2719 πρὸς
1661 2683 1860 2718 Φιλιππησίους

1071 2729 1203 2757 διδάσκει.
1220 2738 1228 2754 ι
1255 2728 1433 2761 Ἀσπάζονται
1451 2729 1514 2765 γὰρ,
1532 2730 1623 2765 φησιν,
1643 2730 1715 2766 ὑμᾶς
1728 2729 1752 2756 οι
1767 2729 1799 2756 ὲκ
1812 2730 1860 2764 τῆς

269 2808 276 2828 ί
299 2807 393 2835 Matth.
409 2816 475 2841 vttt,
491 2810 536 2838 27.
577 2819 583 2837 ι
605 2812 682 2840 Joan.
700 2821 772 2847 xxvr,
793 2815 836 2841 12.
875 2814 888 2834 ι
909 2814 974 2841 Luc.
993 2822 1067 2846 xxlv.
1083 2814 1127 2841 i9.

886 2883 1001 2913 VAIIIIE
1024 2884 1224 2913 LECTIONES.

267 2913 286 2930 "
305 2911 326 2940 Il
343 2912 543 2946 πιστεύσαντες.
