  <div class='ocr_page' id='page_1' title='image "/cluster/home/n/w/nwhite01/storage/ocr_20150623/82/njp.32101077772802/034.png"; bbox 0 0 2013 3114; ppageno 0'>
   <div class='ocr_carea' id='block_1_1' title="bbox 148 200 943 243">
    <p class='ocr_par' dir='ltr' id='par_1_1' title="bbox 148 200 939 236">
     <span class='ocr_line' id='line_1_1' title="bbox 148 200 939 236; baseline 0.006 -5"><span class='ocrx_word' id='word_1_1' title='bbox 148 200 181 232; x_wconf 74' lang='lat'><strong>53</strong></span> <span class='ocrx_word' id='word_1_2' title='bbox 570 200 876 236; x_wconf 73' lang='lat' dir='ltr'><strong>lN’l‘ERPliE’l‘ATlU</strong></span> <span class='ocrx_word' id='word_1_3' title='bbox 893 207 939 236; x_wconf 84' lang='lat' dir='ltr'><strong>El‘</strong></span> 
     </span>
    </p>
   </div>
   <div class='ocr_carea' id='block_1_2' title="bbox 995 200 1771 243">
    <p class='ocr_par' dir='ltr' id='par_1_2' title="bbox 995 207 1771 243">
     <span class='ocr_line' id='line_1_2' title="bbox 995 207 1771 243; baseline 0.009 -7"><span class='ocrx_word' id='word_1_4' title='bbox 995 207 1011 236; x_wconf 92' lang='lat'><strong>‘.</strong></span> <span class='ocrx_word' id='word_1_5' title='bbox 1030 208 1080 237; x_wconf 82' lang='lat' dir='ltr'><strong>AD</strong></span> <span class='ocrx_word' id='word_1_6' title='bbox 1093 208 1184 238; x_wconf 70' lang='grc' dir='ltr'><strong>ΗΘΜ.</strong></span> <span class='ocrx_word' id='word_1_7' title='bbox 1199 209 1279 239; x_wconf 87' lang='lat' dir='ltr'><strong>CAP.</strong></span> <span class='ocrx_word' id='word_1_8' title='bbox 1296 209 1320 239; x_wconf 90' lang='grc' dir='ltr'><strong>ῐ.</strong></span> <span class='ocrx_word' id='word_1_9' title='bbox 1736 208 1771 243; x_wconf 56' lang='grc'><strong>55</strong></span> 
     </span>
    </p>
   </div>
   <div class='ocr_carea' id='block_1_3' title="bbox 151 256 943 299">
    <p class='ocr_par' dir='ltr' id='par_1_3' title="bbox 151 256 934 297">
     <span class='ocr_line' id='line_1_3' title="bbox 151 256 934 297; baseline 0.008 -13"><span class='ocrx_word' id='word_1_10' title='bbox 151 256 289 292; x_wconf 78' lang='grc' dir='ltr'>Καίσαρος</span> <span class='ocrx_word' id='word_1_11' title='bbox 303 258 402 290; x_wconf 77' lang='grc' dir='ltr'>οἰκίας.</span> <span class='ocrx_word' id='word_1_12' title='bbox 419 268 428 284; x_wconf 63' lang='grc' dir='ltr'><em>ι</em></span> <span class='ocrx_word' id='word_1_13' title='bbox 453 260 568 293; x_wconf 76' lang='grc' dir='ltr'><strong>Ἐδίδαξε</strong></span> <span class='ocrx_word' id='word_1_14' title='bbox 585 262 686 297; x_wconf 79' lang='grc' dir='ltr'>μέντοι,</span> <span class='ocrx_word' id='word_1_15' title='bbox 702 263 738 294; x_wconf 81' lang='grc' dir='ltr'>ὡς</span> <span class='ocrx_word' id='word_1_16' title='bbox 749 263 799 289; x_wconf 82' lang='grc' dir='ltr'><strong>οὐκ</strong></span> <span class='ocrx_word' id='word_1_17' title='bbox 812 263 934 294; x_wconf 74' lang='grc' dir='ltr'><strong>ἀπίστοις</strong></span> 
     </span>
    </p>
   </div>
   <div class='ocr_carea' id='block_1_4' title="bbox 995 256 1770 299">
    <p class='ocr_par' dir='ltr' id='par_1_4' title="bbox 995 263 1770 299">
     <span class='ocr_line' id='line_1_4' title="bbox 995 263 1770 299; baseline 0.003 -8"><span class='ocrx_word' id='word_1_18' title='bbox 995 264 1101 291; x_wconf 70' lang='lat' dir='ltr'><strong>Iaesaris</strong></span> <span class='ocrx_word' id='word_1_19' title='bbox 1111 264 1192 293; x_wconf 89' lang='lat' dir='ltr'><strong>domo</strong></span> <span class='ocrx_word' id='word_1_20' title='bbox 1207 264 1226 292; x_wconf 74' lang='lat' dir='ltr'><strong>l.</strong></span> <span class='ocrx_word' id='word_1_21' title='bbox 1243 275 1252 290; x_wconf 80' lang='grc' dir='ltr'><em>ι</em></span> <span class='ocrx_word' id='word_1_22' title='bbox 1268 263 1366 292; x_wconf 89' lang='lat' dir='ltr'><strong>Docuit</strong></span> <span class='ocrx_word' id='word_1_23' title='bbox 1387 265 1488 299; x_wconf 80' lang='lat' dir='ltr'><strong>itaque,</strong></span> <span class='ocrx_word' id='word_1_24' title='bbox 1510 265 1581 299; x_wconf 90' lang='lat' dir='ltr'><strong>quod</strong></span> <span class='ocrx_word' id='word_1_25' title='bbox 1598 273 1651 292; x_wconf 90' lang='lat' dir='ltr'><strong>non</strong></span> <span class='ocrx_word' id='word_1_26' title='bbox 1668 267 1770 293; x_wconf 84' lang='lat' dir='ltr'><strong>scribat</strong></span> 
     </span>
    </p>
   </div>
   <div class='ocr_carea' id='block_1_5' title="bbox 152 304 936 341">
    <p class='ocr_par' dir='ltr' id='par_1_5' title="bbox 152 304 936 341">
     <span class='ocr_line' id='line_1_5' title="bbox 152 304 936 341; baseline 0.008 -11"><span class='ocrx_word' id='word_1_27' title='bbox 152 304 262 339; x_wconf 65' lang='grc' dir='ltr'>γρεὶφει,</span> <span class='ocrx_word' id='word_1_28' title='bbox 278 304 348 332; x_wconf 72' lang='grc' dir='ltr'>ἀλλὰ</span> <span class='ocrx_word' id='word_1_29' title='bbox 363 307 419 337; x_wconf 77' lang='grc' dir='ltr'>τοῖς</span> <span class='ocrx_word' id='word_1_30' title='bbox 434 305 482 341; x_wconf 70' lang='grc' dir='ltr'><strong>ἤδη</strong></span> <span class='ocrx_word' id='word_1_31' title='bbox 501 308 720 335; x_wconf 79' lang='grc' dir='ltr'>πεπιστευκόσιν.</span> <span class='ocrx_word' id='word_1_32' title='bbox 736 308 818 336; x_wconf 66' lang='grc' dir='ltr'>ποθεν</span> <span class='ocrx_word' id='word_1_33' title='bbox 836 309 936 341; x_wconf 73' lang='grc' dir='ltr'>αὐτοὺς</span> 
     </span>
    </p>
   </div>
   <div class='ocr_carea' id='block_1_6' title="bbox 152 349 937 389">
    <p class='ocr_par' dir='ltr' id='par_1_6' title="bbox 152 349 937 389">
     <span class='ocr_line' id='line_1_6' title="bbox 152 349 937 389; baseline 0.01 -15"><span class='ocrx_word' id='word_1_34' title='bbox 152 349 198 375; x_wconf 81' lang='grc' dir='ltr'>καὶ</span> <span class='ocrx_word' id='word_1_35' title='bbox 213 350 347 383; x_wconf 68' lang='grc' dir='ltr'><strong>κλητοὺς</strong></span> <span class='ocrx_word' id='word_1_36' title='bbox 359 351 406 377; x_wconf 78' lang='grc' dir='ltr'>καὶ</span> <span class='ocrx_word' id='word_1_37' title='bbox 421 351 526 386; x_wconf 68' lang='grc' dir='ltr'><em>ἁγίους</em></span> <span class='ocrx_word' id='word_1_38' title='bbox 548 354 755 389; x_wconf 82' lang='grc' dir='ltr'><strong>προσαγορεύει,</strong></span> <span class='ocrx_word' id='word_1_39' title='bbox 776 355 836 387; x_wconf 80' lang='grc' dir='ltr'>ταῖς</span> <span class='ocrx_word' id='word_1_40' title='bbox 856 363 937 382; x_wconf 84' lang='grc' dir='ltr'>πνευ-</span> 
     </span>
    </p>
   </div>
   <div class='ocr_carea' id='block_1_7' title="bbox 155 396 938 437">
    <p class='ocr_par' dir='ltr' id='par_1_7' title="bbox 155 396 938 437">
     <span class='ocr_line' id='line_1_7' title="bbox 155 396 938 437; baseline 0.01 -17"><span class='ocrx_word' id='word_1_41' title='bbox 155 397 284 428; x_wconf 78' lang='grc' dir='ltr'>ματικαῖς</span> <span class='ocrx_word' id='word_1_42' title='bbox 312 396 463 432; x_wconf 76' lang='grc' dir='ltr'><strong>εὐφημίαις</strong></span> <span class='ocrx_word' id='word_1_43' title='bbox 488 399 619 435; x_wconf 70' lang='grc' dir='ltr'>ἐπαίρων,</span> <span class='ocrx_word' id='word_1_44' title='bbox 656 401 703 427; x_wconf 81' lang='grc' dir='ltr'><strong>καὶ</strong></span> <span class='ocrx_word' id='word_1_45' title='bbox 734 401 779 428; x_wconf 82' lang='grc' dir='ltr'>τὸν</span> <span class='ocrx_word' id='word_1_46' title='bbox 811 401 875 437; x_wconf 73' lang='grc' dir='ltr'>περὶ</span> <span class='ocrx_word' id='word_1_47' title='bbox 892 401 938 428; x_wconf 73' lang='grc' dir='ltr'><strong>τὸν</strong></span> 
     </span>
    </p>
   </div>
   <div class='ocr_carea' id='block_1_8' title="bbox 155 441 937 482">
    <p class='ocr_par' dir='ltr' id='par_1_8' title="bbox 155 441 937 482">
     <span class='ocr_line' id='line_1_8' title="bbox 155 441 937 482; baseline 0.009 -15"><span class='ocrx_word' id='word_1_48' title='bbox 155 441 301 477; x_wconf 77' lang='grc' dir='ltr'><strong>εὐεργέτην</strong></span> <span class='ocrx_word' id='word_1_49' title='bbox 318 443 401 470; x_wconf 74' lang='grc' dir='ltr'>πόθον</span> <span class='ocrx_word' id='word_1_50' title='bbox 414 445 565 480; x_wconf 87' lang='grc' dir='ltr'>πυρσεύων.</span> <span class='ocrx_word' id='word_1_51' title='bbox 581 447 671 481; x_wconf 80' lang='grc' dir='ltr'><strong>Χάρις</strong></span> <span class='ocrx_word' id='word_1_52' title='bbox 685 446 758 482; x_wconf 82' lang='grc' dir='ltr'><strong>ὑμῖν</strong></span> <span class='ocrx_word' id='word_1_53' title='bbox 774 447 823 474; x_wconf 80' lang='grc' dir='ltr'><strong>καὶ</strong></span> <span class='ocrx_word' id='word_1_54' title='bbox 834 447 937 482; x_wconf 77' lang='grc' dir='ltr'><em>εὶρήνη</em></span> 
     </span>
    </p>
   </div>
   <div class='ocr_carea' id='block_1_9' title="bbox 154 487 938 528">
    <p class='ocr_par' dir='ltr' id='par_1_9' title="bbox 154 487 938 528">
     <span class='ocr_line' id='line_1_9' title="bbox 154 487 938 528; baseline 0.009 -15"><span class='ocrx_word' id='word_1_55' title='bbox 154 487 211 514; x_wconf 73' lang='grc' dir='ltr'><strong>ἀπὸ</strong></span> <span class='ocrx_word' id='word_1_56' title='bbox 227 488 302 515; x_wconf 82' lang='grc' dir='ltr'><em>Θεοῦ</em></span> <span class='ocrx_word' id='word_1_57' title='bbox 318 490 432 524; x_wconf 76' lang='grc' dir='ltr'>Πατρός</span> <span class='ocrx_word' id='word_1_58' title='bbox 444 490 528 525; x_wconf 74' lang='grc' dir='ltr'><strong>ἡμῶν</strong></span> <span class='ocrx_word' id='word_1_59' title='bbox 547 491 596 519; x_wconf 78' lang='grc' dir='ltr'><strong>καὶ</strong></span> <span class='ocrx_word' id='word_1_60' title='bbox 622 493 732 527; x_wconf 81' lang='grc' dir='ltr'><strong>Κυρίου</strong></span> <span class='ocrx_word' id='word_1_61' title='bbox 756 493 853 527; x_wconf 85' lang='grc' dir='ltr'><strong>Ἰησοῦ</strong></span> <span class='ocrx_word' id='word_1_62' title='bbox 871 495 938 528; x_wconf 91' lang='grc' dir='ltr'><strong>Χρι-</strong></span> 
     </span>
    </p>
   </div>
   <div class='ocr_carea' id='block_1_10' title="bbox 154 533 939 574">
    <p class='ocr_par' dir='ltr' id='par_1_10' title="bbox 154 533 939 574">
     <span class='ocr_line' id='line_1_10' title="bbox 154 533 939 574; baseline 0.008 -15"><span class='ocrx_word' id='word_1_63' title='bbox 154 533 238 561; x_wconf 86' lang='grc' dir='ltr'><em>στοῦ.</em></span> <span class='ocrx_word' id='word_1_64' title='bbox 259 533 391 562; x_wconf 80' lang='grc' dir='ltr'><strong>Ἐνταῦθα</strong></span> <span class='ocrx_word' id='word_1_65' title='bbox 412 536 635 572; x_wconf 67' lang='grc' dir='ltr'>συμπεπλήριυιε</span> <span class='ocrx_word' id='word_1_66' title='bbox 647 538 696 573; x_wconf 74' lang='grc' dir='ltr'>τὴν</span> <span class='ocrx_word' id='word_1_67' title='bbox 709 537 758 573; x_wconf 86' lang='grc' dir='ltr'>τῆς</span> <span class='ocrx_word' id='word_1_68' title='bbox 779 539 939 574; x_wconf 70' lang='grc' dir='ltr'><strong>’Ἐπιστολῆς</strong></span> 
     </span>
    </p>
   </div>
   <div class='ocr_carea' id='block_1_11' title="bbox 155 580 939 619">
    <p class='ocr_par' dir='ltr' id='par_1_11' title="bbox 155 580 939 619">
     <span class='ocr_line' id='line_1_11' title="bbox 155 580 939 619; baseline 0.009 -15"><span class='ocrx_word' id='word_1_69' title='bbox 155 580 331 614; x_wconf 79' lang='grc' dir='ltr'>προγραφὴν·</span> <span class='ocrx_word' id='word_1_70' title='bbox 359 581 478 615; x_wconf 81' lang='grc' dir='ltr'><em>Παῦλος</em></span> <span class='ocrx_word' id='word_1_71' title='bbox 508 582 572 619; x_wconf 79' lang='grc' dir='ltr'>γὰρ,</span> <span class='ocrx_word' id='word_1_72' title='bbox 596 584 672 619; x_wconf 79' lang='grc' dir='ltr'>φησὶ,</span> <span class='ocrx_word' id='word_1_73' title='bbox 703 583 813 618; x_wconf 79' lang='grc' dir='ltr'><em>δοῦλος</em></span> <span class='ocrx_word' id='word_1_74' title='bbox 842 585 939 618; x_wconf 81' lang='grc' dir='ltr'><em>Ἰησοῦ</em></span> 
     </span>
    </p>
   </div>
   <div class='ocr_carea' id='block_1_12' title="bbox 155 624 940 667">
    <p class='ocr_par' dir='ltr' id='par_1_12' title="bbox 155 624 940 667">
     <span class='ocr_line' id='line_1_12' title="bbox 155 624 940 667; baseline 0.009 -17"><span class='ocrx_word' id='word_1_75' title='bbox 155 624 286 657; x_wconf 76' lang='grc' dir='ltr'><strong>Χριστοῦ</strong></span> <span class='ocrx_word' id='word_1_76' title='bbox 316 625 392 653; x_wconf 81' lang='grc' dir='ltr'>πᾶσι</span> <span class='ocrx_word' id='word_1_77' title='bbox 415 626 478 660; x_wconf 82' lang='grc' dir='ltr'>τοῖς</span> <span class='ocrx_word' id='word_1_78' title='bbox 499 625 589 667; x_wconf 83' lang='grc' dir='ltr'><em>οὖσιν</em></span> <span class='ocrx_word' id='word_1_79' title='bbox 607 629 643 656; x_wconf 84' lang='grc' dir='ltr'><strong>ἐν</strong></span> <span class='ocrx_word' id='word_1_80' title='bbox 658 629 754 664; x_wconf 82' lang='grc' dir='ltr'><strong>Ῥώμη</strong></span> <span class='ocrx_word' id='word_1_81' title='bbox 775 630 940 665; x_wconf 72' lang='grc' dir='ltr'><strong>ἀγαπητοῖς</strong></span> 
     </span>
    </p>
   </div>
   <div class='ocr_carea' id='block_1_13' title="bbox 156 671 940 711">
    <p class='ocr_par' dir='ltr' id='par_1_13' title="bbox 156 671 940 711">
     <span class='ocr_line' id='line_1_13' title="bbox 156 671 940 711; baseline 0.009 -14"><span class='ocrx_word' id='word_1_82' title='bbox 156 671 240 704; x_wconf 83' lang='grc' dir='ltr'>Θεοῦ,</span> <span class='ocrx_word' id='word_1_83' title='bbox 258 672 381 706; x_wconf 80' lang='grc' dir='ltr'><em>κλητοῖς</em></span> <span class='ocrx_word' id='word_1_84' title='bbox 396 673 501 708; x_wconf 80' lang='grc' dir='ltr'><em>ἁγίοις,</em></span> <span class='ocrx_word' id='word_1_85' title='bbox 517 675 603 709; x_wconf 82' lang='grc' dir='ltr'>χάρις</span> <span class='ocrx_word' id='word_1_86' title='bbox 617 675 688 710; x_wconf 78' lang='grc' dir='ltr'><strong>ὑμῖν</strong></span> <span class='ocrx_word' id='word_1_87' title='bbox 699 676 746 703; x_wconf 78' lang='grc' dir='ltr'><strong>καὶ</strong></span> <span class='ocrx_word' id='word_1_88' title='bbox 763 676 866 711; x_wconf 82' lang='grc' dir='ltr'>εΙρήνη</span> <span class='ocrx_word' id='word_1_89' title='bbox 881 677 940 704; x_wconf 76' lang='grc' dir='ltr'><strong>ἀπὸ</strong></span> 
     </span>
    </p>
   </div>
   <div class='ocr_carea' id='block_1_14' title="bbox 157 715 938 756">
    <p class='ocr_par' dir='ltr' id='par_1_14' title="bbox 157 715 938 756">
     <span class='ocr_line' id='line_1_14' title="bbox 157 715 938 756; baseline 0.009 -14"><span class='ocrx_word' id='word_1_90' title='bbox 157 715 231 743; x_wconf 83' lang='grc' dir='ltr'><strong>Θεοῦ</strong></span> <span class='ocrx_word' id='word_1_91' title='bbox 251 717 367 751; x_wconf 82' lang='grc' dir='ltr'>Πατρὸς</span> <span class='ocrx_word' id='word_1_92' title='bbox 388 718 473 753; x_wconf 77' lang='grc' dir='ltr'><em>ἡμῶν</em></span> <span class='ocrx_word' id='word_1_93' title='bbox 493 719 542 746; x_wconf 74' lang='grc' dir='ltr'><strong>καὶ</strong></span> <span class='ocrx_word' id='word_1_94' title='bbox 560 720 669 754; x_wconf 82' lang='grc' dir='ltr'><strong>Κυρίου</strong></span> <span class='ocrx_word' id='word_1_95' title='bbox 687 721 784 755; x_wconf 83' lang='grc' dir='ltr'><em>Ἰησοῦ</em></span> <span class='ocrx_word' id='word_1_96' title='bbox 800 722 938 756; x_wconf 80' lang='grc' dir='ltr'><strong>Χριστοῦ.</strong></span> 
     </span>
    </p>
   </div>
   <div class='ocr_carea' id='block_1_15' title="bbox 156 762 941 802">
    <p class='ocr_par' dir='ltr' id='par_1_15' title="bbox 156 762 941 802">
     <span class='ocr_line' id='line_1_15' title="bbox 156 762 941 802; baseline 0.008 -13"><span class='ocrx_word' id='word_1_97' title='bbox 156 762 246 789; x_wconf 61' lang='lat' dir='ltr'><strong>Tim:</strong></span> <span class='ocrx_word' id='word_1_98' title='bbox 259 762 287 789; x_wconf 77' lang='grc' dir='ltr'><strong>δὲ</strong></span> <span class='ocrx_word' id='word_1_99' title='bbox 302 763 409 791; x_wconf 72' lang='grc' dir='ltr'>ἅπαντα</span> <span class='ocrx_word' id='word_1_100' title='bbox 423 765 524 799; x_wconf 78' lang='grc' dir='ltr'>μεταξὺ</span> <span class='ocrx_word' id='word_1_101' title='bbox 536 766 857 802; x_wconf 81' lang='grc' dir='ltr'>παρενέθηκε,διδάσκων</span> <span class='ocrx_word' id='word_1_102' title='bbox 870 769 941 800; x_wconf 75' lang='grc' dir='ltr'>τίνος</span> 
     </span>
    </p>
   </div>
   <div class='ocr_carea' id='block_1_16' title="bbox 157 809 941 849">
    <p class='ocr_par' dir='ltr' id='par_1_16' title="bbox 157 809 941 849">
     <span class='ocr_line' id='line_1_16' title="bbox 157 809 941 849; baseline 0.008 -15"><span class='ocrx_word' id='word_1_103' title='bbox 157 817 185 834; x_wconf 80' lang='grc' dir='ltr'><strong>τε</strong></span> <span class='ocrx_word' id='word_1_104' title='bbox 200 809 290 845; x_wconf 79' lang='grc' dir='ltr'><strong>κήρυξ</strong></span> <span class='ocrx_word' id='word_1_105' title='bbox 306 809 499 845; x_wconf 71' lang='grc' dir='ltr'>προῦέϐληται,</span> <span class='ocrx_word' id='word_1_106' title='bbox 516 812 562 838; x_wconf 74' lang='grc' dir='ltr'><strong>καὶ</strong></span> <span class='ocrx_word' id='word_1_107' title='bbox 586 813 665 839; x_wconf 81' lang='grc' dir='ltr'>ὁποῖα</span> <span class='ocrx_word' id='word_1_108' title='bbox 684 813 829 848; x_wconf 81' lang='grc' dir='ltr'><strong>κηρύττειν</strong></span> <span class='ocrx_word' id='word_1_109' title='bbox 856 822 941 849; x_wconf 77' lang='grc' dir='ltr'>προσ-</span> 
     </span>
    </p>
   </div>
   <div class='ocr_carea' id='block_1_17' title="bbox 157 855 940 895">
    <p class='ocr_par' dir='ltr' id='par_1_17' title="bbox 157 855 940 895">
     <span class='ocr_line' id='line_1_17' title="bbox 157 855 940 895; baseline 0.008 -15"><span class='ocrx_word' id='word_1_110' title='bbox 157 855 296 887; x_wconf 74' lang='grc' dir='ltr'><strong>τέτακται,</strong></span> <span class='ocrx_word' id='word_1_111' title='bbox 324 856 370 882; x_wconf 81' lang='grc' dir='ltr'>καὶ</span> <span class='ocrx_word' id='word_1_112' title='bbox 397 856 452 883; x_wconf 81' lang='grc' dir='ltr'>τίσι</span> <span class='ocrx_word' id='word_1_113' title='bbox 480 857 565 884; x_wconf 79' lang='grc' dir='ltr'>ταῦτα</span> <span class='ocrx_word' id='word_1_114' title='bbox 585 859 752 894; x_wconf 75' lang='grc' dir='ltr'>προσφέρειν</span> <span class='ocrx_word' id='word_1_115' title='bbox 777 859 940 895; x_wconf 82' lang='grc' dir='ltr'>ἀφώρισται.</span> 
     </span>
    </p>
   </div>
   <div class='ocr_carea' id='block_1_18' title="bbox 164 901 940 942">
    <p class='ocr_par' dir='ltr' id='par_1_18' title="bbox 164 901 940 942">
     <span class='ocr_line' id='line_1_18' title="bbox 164 901 940 942; baseline 0.006 -14"><span class='ocrx_word' id='word_1_116' title='bbox 164 901 324 938; x_wconf 79' lang='grc' dir='ltr'>Ἐπεύχεται</span> <span class='ocrx_word' id='word_1_117' title='bbox 349 903 376 929; x_wconf 80' lang='grc' dir='ltr'><strong>δὲ</strong></span> <span class='ocrx_word' id='word_1_118' title='bbox 400 903 502 935; x_wconf 79' lang='grc' dir='ltr'>αὐτοῖς,</span> <span class='ocrx_word' id='word_1_119' title='bbox 519 903 628 938; x_wconf 84' lang='grc' dir='ltr'>πρῶτον</span> <span class='ocrx_word' id='word_1_120' title='bbox 653 904 701 940; x_wconf 85' lang='grc' dir='ltr'><strong>μὲν</strong></span> <span class='ocrx_word' id='word_1_121' title='bbox 724 905 770 932; x_wconf 77' lang='grc' dir='ltr'>τοῦ</span> <span class='ocrx_word' id='word_1_122' title='bbox 796 906 863 932; x_wconf 80' lang='grc' dir='ltr'>Θεοῦ</span> <span class='ocrx_word' id='word_1_123' title='bbox 891 906 940 942; x_wconf 82' lang='grc' dir='ltr'>τὴν</span> 
     </span>
    </p>
   </div>
   <div class='ocr_carea' id='block_1_19' title="bbox 156 945 940 986">
    <p class='ocr_par' dir='ltr' id='par_1_19' title="bbox 156 945 940 986">
     <span class='ocr_line' id='line_1_19' title="bbox 156 945 940 986; baseline 0.01 -15"><span class='ocrx_word' id='word_1_124' title='bbox 156 946 236 980; x_wconf 79' lang='grc' dir='ltr'>χάριν</span> <span class='ocrx_word' id='word_1_125' title='bbox 248 954 256 961; x_wconf 89' lang='grc'>·</span> <span class='ocrx_word' id='word_1_126' title='bbox 277 945 322 972; x_wconf 78' lang='grc' dir='ltr'><strong>διὰ</strong></span> <span class='ocrx_word' id='word_1_127' title='bbox 335 946 437 981; x_wconf 79' lang='grc' dir='ltr'><strong>ταύτης</strong></span> <span class='ocrx_word' id='word_1_128' title='bbox 453 947 508 982; x_wconf 87' lang='grc' dir='ltr'><strong>γὰρ</strong></span> <span class='ocrx_word' id='word_1_129' title='bbox 524 947 643 979; x_wconf 78' lang='grc' dir='ltr'>ἅπαντες</span> <span class='ocrx_word' id='word_1_130' title='bbox 661 950 797 986; x_wconf 78' lang='grc' dir='ltr'><strong>σωτηρίας</strong></span> <span class='ocrx_word' id='word_1_131' title='bbox 818 951 940 986; x_wconf 83' lang='grc' dir='ltr'>ἀπήλαυ-</span> 
     </span>
    </p>
   </div>
   <div class='ocr_carea' id='block_1_20' title="bbox 158 991 942 1033">
    <p class='ocr_par' dir='ltr' id='par_1_20' title="bbox 158 991 942 1033">
     <span class='ocr_line' id='line_1_20' title="bbox 158 991 942 1033; baseline 0.011 -16"><span class='ocrx_word' id='word_1_132' title='bbox 158 1000 206 1018; x_wconf 84' lang='grc' dir='ltr'><strong>σαν</strong></span> <span class='ocrx_word' id='word_1_133' title='bbox 223 992 248 1018; x_wconf 82' lang='lat' dir='ltr'><strong>ol</strong></span> <span class='ocrx_word' id='word_1_134' title='bbox 259 992 465 1025; x_wconf 83' lang='grc' dir='ltr'>πιστεύσαντες.</span> <span class='ocrx_word' id='word_1_135' title='bbox 481 991 548 1020; x_wconf 77' lang='grc' dir='ltr'>Εἶτα</span> <span class='ocrx_word' id='word_1_136' title='bbox 560 994 608 1030; x_wconf 85' lang='grc' dir='ltr'>τὴν</span> <span class='ocrx_word' id='word_1_137' title='bbox 623 996 745 1032; x_wconf 68' lang='grc' dir='ltr'>εἰρήνην,</span> <span class='ocrx_word' id='word_1_138' title='bbox 755 997 788 1023; x_wconf 77' lang='grc' dir='ltr'><strong>δι’</strong></span> <span class='ocrx_word' id='word_1_139' title='bbox 803 996 836 1033; x_wconf 82' lang='grc' dir='ltr'><strong>ἦς</strong></span> <span class='ocrx_word' id='word_1_140' title='bbox 853 1000 942 1026; x_wconf 73' lang='grc' dir='ltr'>πᾶσαν</span> 
     </span>
    </p>
   </div>
   <div class='ocr_carea' id='block_1_21' title="bbox 158 1037 941 1080">
    <p class='ocr_par' dir='ltr' id='par_1_21' title="bbox 158 1037 941 1080">
     <span class='ocr_line' id='line_1_21' title="bbox 158 1037 941 1080; baseline 0.011 -17"><span class='ocrx_word' id='word_1_141' title='bbox 158 1037 304 1065; x_wconf 70' lang='grc' dir='ltr'>αένιττεται</span> <span class='ocrx_word' id='word_1_142' title='bbox 329 1039 378 1074; x_wconf 87' lang='grc' dir='ltr'>τῆς</span> <span class='ocrx_word' id='word_1_143' title='bbox 401 1039 502 1075; x_wconf 80' lang='grc' dir='ltr'>ἀρετῆς</span> <span class='ocrx_word' id='word_1_144' title='bbox 520 1040 568 1076; x_wconf 84' lang='grc' dir='ltr'>τὴν</span> <span class='ocrx_word' id='word_1_145' title='bbox 592 1042 771 1076; x_wconf 79' lang='grc' dir='ltr'>κατόρθωσιν.</span> <span class='ocrx_word' id='word_1_146' title='bbox 800 1044 941 1080; x_wconf 79' lang='grc' dir='ltr'>Εἰρηνεύει</span> 
     </span>
    </p>
   </div>
   <div class='ocr_carea' id='block_1_22' title="bbox 156 1083 943 1124">
    <p class='ocr_par' dir='ltr' id='par_1_22' title="bbox 156 1083 943 1124">
     <span class='ocr_line' id='line_1_22' title="bbox 156 1083 943 1124; baseline 0.011 -15"><span class='ocrx_word' id='word_1_147' title='bbox 156 1083 210 1119; x_wconf 67' lang='grc' dir='ltr'><strong>γὰρ</strong></span> <span class='ocrx_word' id='word_1_148' title='bbox 224 1084 293 1119; x_wconf 77' lang='grc' dir='ltr'>πρὸς</span> <span class='ocrx_word' id='word_1_149' title='bbox 305 1084 370 1111; x_wconf 80' lang='grc' dir='ltr'>Θεὸν</span> <span class='ocrx_word' id='word_1_150' title='bbox 384 1086 398 1112; x_wconf 84' lang='grc' dir='ltr'><strong>ὁ</strong></span> <span class='ocrx_word' id='word_1_151' title='bbox 411 1085 461 1120; x_wconf 80' lang='grc' dir='ltr'>τὴν</span> <span class='ocrx_word' id='word_1_152' title='bbox 473 1087 654 1122; x_wconf 81' lang='grc' dir='ltr'>εὐαγγελικὴν</span> <span class='ocrx_word' id='word_1_153' title='bbox 669 1088 857 1124; x_wconf 77' lang='grc' dir='ltr'><strong>ἀσπαζόμενος</strong></span> <span class='ocrx_word' id='word_1_154' title='bbox 869 1090 943 1117; x_wconf 77' lang='grc' dir='ltr'>πολι-</span> 
     </span>
    </p>
   </div>
   <div class='ocr_carea' id='block_1_23' title="bbox 156 1130 943 1173">
    <p class='ocr_par' dir='ltr' id='par_1_23' title="bbox 156 1130 943 1173">
     <span class='ocr_line' id='line_1_23' title="bbox 156 1130 943 1173; baseline 0.011 -18"><span class='ocrx_word' id='word_1_155' title='bbox 156 1130 242 1160; x_wconf 80' lang='grc' dir='ltr'>τείαν.</span> <span class='ocrx_word' id='word_1_156' title='bbox 277 1131 292 1156; x_wconf 98' lang='lat'><strong>6</strong></span> <span class='ocrx_word' id='word_1_157' title='bbox 317 1130 482 1167; x_wconf 82' lang='grc' dir='ltr'>θεραπεύειν</span> <span class='ocrx_word' id='word_1_158' title='bbox 509 1134 590 1161; x_wconf 76' lang='grc' dir='ltr'>αὐτδν</span> <span class='ocrx_word' id='word_1_159' title='bbox 609 1136 649 1167; x_wconf 70' lang='grc' dir='ltr'>εἰς</span> <span class='ocrx_word' id='word_1_160' title='bbox 664 1136 773 1163; x_wconf 72' lang='grc' dir='ltr'>ἅπαντα</span> <span class='ocrx_word' id='word_1_161' title='bbox 787 1137 943 1173; x_wconf 81' lang='grc' dir='ltr'>προθυμού-</span> 
     </span>
    </p>
   </div>
   <div class='ocr_carea' id='block_1_24' title="bbox 158 1178 943 1220">
    <p class='ocr_par' dir='ltr' id='par_1_24' title="bbox 158 1178 943 1220">
     <span class='ocr_line' id='line_1_24' title="bbox 158 1178 943 1220; baseline 0.011 -18"><span class='ocrx_word' id='word_1_162' title='bbox 158 1185 248 1211; x_wconf 83' lang='grc' dir='ltr'>μενος.</span> <span class='ocrx_word' id='word_1_163' title='bbox 283 1178 393 1206; x_wconf 79' lang='grc' dir='ltr'>Τούτων</span> <span class='ocrx_word' id='word_1_164' title='bbox 411 1179 440 1206; x_wconf 79' lang='grc' dir='ltr'><strong>δὲ</strong></span> <span class='ocrx_word' id='word_1_165' title='bbox 462 1180 516 1207; x_wconf 84' lang='grc' dir='ltr'>τῶν</span> <span class='ocrx_word' id='word_1_166' title='bbox 544 1181 664 1217; x_wconf 81' lang='grc' dir='ltr'><strong>δωρεῶν,</strong></span> <span class='ocrx_word' id='word_1_167' title='bbox 698 1183 727 1210; x_wconf 81' lang='grc' dir='ltr'><strong>οὒ</strong></span> <span class='ocrx_word' id='word_1_168' title='bbox 755 1183 800 1210; x_wconf 76' lang='grc' dir='ltr'>τὸν</span> <span class='ocrx_word' id='word_1_169' title='bbox 834 1185 943 1220; x_wconf 81' lang='grc' dir='ltr'>Πατέρα</span> 
     </span>
    </p>
   </div>
   <div class='ocr_carea' id='block_1_25' title="bbox 158 1223 942 1265">
    <p class='ocr_par' dir='ltr' id='par_1_25' title="bbox 158 1223 942 1265">
     <span class='ocr_line' id='line_1_25' title="bbox 158 1223 942 1265; baseline 0.01 -16"><span class='ocrx_word' id='word_1_170' title='bbox 158 1223 249 1257; x_wconf 54' lang='lat' dir='ltr'><strong>urb/ev,</strong></span> <span class='ocrx_word' id='word_1_171' title='bbox 264 1225 333 1252; x_wconf 77' lang='grc' dir='ltr'>ἀλλὰ</span> <span class='ocrx_word' id='word_1_172' title='bbox 358 1226 405 1252; x_wconf 78' lang='grc' dir='ltr'><strong>καὶ</strong></span> <span class='ocrx_word' id='word_1_173' title='bbox 430 1226 477 1253; x_wconf 79' lang='grc' dir='ltr'><strong>τὸν</strong></span> <span class='ocrx_word' id='word_1_174' title='bbox 502 1227 567 1254; x_wconf 77' lang='grc' dir='ltr'><strong>Υἱδν</strong></span> <span class='ocrx_word' id='word_1_175' title='bbox 584 1228 705 1255; x_wconf 75' lang='grc' dir='ltr'>δείκνυσι</span> <span class='ocrx_word' id='word_1_176' title='bbox 722 1229 851 1265; x_wconf 69' lang='grc' dir='ltr'>χορηγόνδ</span> <span class='ocrx_word' id='word_1_177' title='bbox 872 1229 942 1258; x_wconf 86' lang='grc' dir='ltr'><strong>Ἀπὸ</strong></span> 
     </span>
    </p>
   </div>
   <div class='ocr_carea' id='block_1_26' title="bbox 158 1269 943 1308">
    <p class='ocr_par' dir='ltr' id='par_1_26' title="bbox 158 1269 943 1308">
     <span class='ocr_line' id='line_1_26' title="bbox 158 1269 943 1308; baseline 0.009 -13"><span class='ocrx_word' id='word_1_178' title='bbox 158 1269 232 1296; x_wconf 83' lang='grc' dir='ltr'><em>Θεοῦ</em></span> <span class='ocrx_word' id='word_1_179' title='bbox 247 1270 313 1306; x_wconf 84' lang='grc' dir='ltr'>γὰρ,</span> <span class='ocrx_word' id='word_1_180' title='bbox 332 1271 408 1305; x_wconf 78' lang='grc' dir='ltr'>φησὶ,</span> <span class='ocrx_word' id='word_1_181' title='bbox 420 1272 535 1306; x_wconf 79' lang='grc' dir='ltr'>Πατρὸς</span> <span class='ocrx_word' id='word_1_182' title='bbox 546 1272 640 1307; x_wconf 76' lang='grc' dir='ltr'><strong>ἡμῶν,</strong></span> <span class='ocrx_word' id='word_1_183' title='bbox 656 1273 705 1300; x_wconf 75' lang='grc' dir='ltr'><strong>καὶ</strong></span> <span class='ocrx_word' id='word_1_184' title='bbox 714 1275 824 1308; x_wconf 83' lang='grc' dir='ltr'><strong>Κυρίου</strong></span> <span class='ocrx_word' id='word_1_185' title='bbox 846 1274 943 1308; x_wconf 88' lang='grc' dir='ltr'><em>Ἰησοῦ</em></span> 
     </span>
    </p>
   </div>
   <div class='ocr_carea' id='block_1_27' title="bbox 157 1313 943 1356">
    <p class='ocr_par' dir='ltr' id='par_1_27' title="bbox 157 1313 943 1356">
     <span class='ocr_line' id='line_1_27' title="bbox 157 1313 943 1356; baseline 0.009 -15"><span class='ocrx_word' id='word_1_186' title='bbox 157 1315 296 1348; x_wconf 81' lang='grc' dir='ltr'>Χριστοῦ.</span> <span class='ocrx_word' id='word_1_187' title='bbox 312 1316 351 1343; x_wconf 78' lang='grc' dir='ltr'><strong>Δι’</strong></span> <span class='ocrx_word' id='word_1_188' title='bbox 364 1313 401 1343; x_wconf 82' lang='grc' dir='ltr'>ὧν</span> <span class='ocrx_word' id='word_1_189' title='bbox 416 1318 491 1353; x_wconf 82' lang='grc' dir='ltr'><strong>ἡμᾶς</strong></span> <span class='ocrx_word' id='word_1_190' title='bbox 504 1318 622 1351; x_wconf 76' lang='grc' dir='ltr'>ἐδίδαξεν</span> <span class='ocrx_word' id='word_1_191' title='bbox 636 1319 764 1355; x_wconf 74' lang='grc' dir='ltr'>ἄντικρυς</span> <span class='ocrx_word' id='word_1_192' title='bbox 778 1320 884 1356; x_wconf 76' lang='grc' dir='ltr'>[ἰατρὸς</span> <span class='ocrx_word' id='word_1_193' title='bbox 896 1321 943 1348; x_wconf 75' lang='grc' dir='ltr'>καὶ</span> 
     </span>
    </p>
   </div>
   <div class='ocr_carea' id='block_1_28' title="bbox 158 1360 419 1397">
    <p class='ocr_par' dir='ltr' id='par_1_28' title="bbox 158 1360 419 1397">
     <span class='ocr_line' id='line_1_28' title="bbox 158 1360 419 1397; baseline 0.015 -11"><span class='ocrx_word' id='word_1_194' title='bbox 158 1360 220 1387; x_wconf 83' lang='grc' dir='ltr'><strong>Υἱοῦ</strong></span> <span class='ocrx_word' id='word_1_195' title='bbox 232 1361 281 1396; x_wconf 83' lang='grc' dir='ltr'><strong>τὴν</strong></span> <span class='ocrx_word' id='word_1_196' title='bbox 298 1362 419 1397; x_wconf 72' lang='grc' dir='ltr'>ἰσότητα.</span> 
     </span>
    </p>
   </div>
   <div class='ocr_carea' id='block_1_29' title="bbox 192 1407 945 1447">
    <p class='ocr_par' dir='ltr' id='par_1_29' title="bbox 192 1407 945 1447">
     <span class='ocr_line' id='line_1_29' title="bbox 192 1407 945 1447; baseline 0.008 -13"><span class='ocrx_word' id='word_1_197' title='bbox 192 1411 226 1442; x_wconf 89' lang='grc' dir='ltr'><strong>η’.</strong></span> <span class='ocrx_word' id='word_1_198' title='bbox 253 1407 377 1442; x_wconf 84' lang='grc' dir='ltr'>Πρῶτον</span> <span class='ocrx_word' id='word_1_199' title='bbox 394 1409 452 1443; x_wconf 87' lang='grc' dir='ltr'><strong>μὲν</strong></span> <span class='ocrx_word' id='word_1_200' title='bbox 474 1410 641 1444; x_wconf 82' lang='grc' dir='ltr'>εὐχαριστῶ</span> <span class='ocrx_word' id='word_1_201' title='bbox 669 1410 708 1444; x_wconf 81' lang='grc' dir='ltr'>τῷ</span> <span class='ocrx_word' id='word_1_202' title='bbox 733 1411 794 1445; x_wconf 84' lang='grc' dir='ltr'><strong>Θεῷ</strong></span> <span class='ocrx_word' id='word_1_203' title='bbox 817 1422 877 1447; x_wconf 85' lang='grc' dir='ltr'><strong>μου</strong></span> <span class='ocrx_word' id='word_1_204' title='bbox 897 1413 945 1441; x_wconf 81' lang='grc' dir='ltr'><strong>διὰ</strong></span> 
     </span>
    </p>
   </div>
   <div class='ocr_carea' id='block_1_30' title="bbox 165 1452 944 1492">
    <p class='ocr_par' dir='ltr' id='par_1_30' title="bbox 165 1452 944 1492">
     <span class='ocr_line' id='line_1_30' title="bbox 165 1452 944 1492; baseline 0.008 -12"><span class='ocrx_word' id='word_1_205' title='bbox 165 1452 267 1487; x_wconf 76' lang='grc' dir='ltr'><em>Ἰησοῦ</em></span> <span class='ocrx_word' id='word_1_206' title='bbox 281 1454 412 1488; x_wconf 81' lang='grc' dir='ltr'><em>Χριστοῦ</em></span> <span class='ocrx_word' id='word_1_207' title='bbox 424 1455 500 1490; x_wconf 84' lang='grc' dir='ltr'><strong>ὑπὲρ</strong></span> <span class='ocrx_word' id='word_1_208' title='bbox 513 1455 634 1483; x_wconf 81' lang='grc' dir='ltr'>πάντων</span> <span class='ocrx_word' id='word_1_209' title='bbox 645 1457 737 1492; x_wconf 76' lang='grc' dir='ltr'><em>ὑμῶν,</em></span> <span class='ocrx_word' id='word_1_210' title='bbox 754 1459 798 1485; x_wconf 84' lang='grc' dir='ltr'>ὅτι</span> <span class='ocrx_word' id='word_1_211' title='bbox 811 1459 830 1492; x_wconf 81' lang='grc' dir='ltr'><strong>η</strong></span> <span class='ocrx_word' id='word_1_212' title='bbox 843 1459 944 1492; x_wconf 76' lang='grc' dir='ltr'><em>πίστις</em></span> 
     </span>
    </p>
   </div>
   <div class='ocr_carea' id='block_1_31' title="bbox 161 1499 944 1538">
    <p class='ocr_par' dir='ltr' id='par_1_31' title="bbox 161 1499 944 1538">
     <span class='ocr_line' id='line_1_31' title="bbox 161 1499 944 1538; baseline 0.006 -12"><span class='ocrx_word' id='word_1_213' title='bbox 161 1499 241 1534; x_wconf 83' lang='grc' dir='ltr'><strong>ὑμῶν</strong></span> <span class='ocrx_word' id='word_1_214' title='bbox 251 1501 485 1535; x_wconf 72' lang='grc' dir='ltr'><strong>καταγγέλλεται</strong></span> <span class='ocrx_word' id='word_1_215' title='bbox 497 1501 532 1528; x_wconf 79' lang='grc' dir='ltr'><strong>ἐν</strong></span> <span class='ocrx_word' id='word_1_216' title='bbox 547 1502 606 1535; x_wconf 75' lang='grc' dir='ltr'><strong>ὅλῳ</strong></span> <span class='ocrx_word' id='word_1_217' title='bbox 622 1502 663 1535; x_wconf 85' lang='grc' dir='ltr'>τῷ</span> <span class='ocrx_word' id='word_1_218' title='bbox 685 1505 797 1538; x_wconf 80' lang='grc' dir='ltr'><strong>κόσμῳ.</strong></span> <span class='ocrx_word' id='word_1_219' title='bbox 814 1503 900 1531; x_wconf 83' lang='grc' dir='ltr'>Τοῦτο</span> <span class='ocrx_word' id='word_1_220' title='bbox 916 1504 944 1532; x_wconf 75' lang='grc' dir='ltr'><strong>δὲ</strong></span> 
     </span>
    </p>
   </div>
   <div class='ocr_carea' id='block_1_32' title="bbox 159 1545 945 1584">
    <p class='ocr_par' dir='ltr' id='par_1_32' title="bbox 159 1545 945 1584">
     <span class='ocr_line' id='line_1_32' title="bbox 159 1545 945 1584; baseline 0.008 -12"><span class='ocrx_word' id='word_1_221' title='bbox 159 1547 187 1572; x_wconf 76' lang='grc' dir='ltr'><strong>οὗ</strong></span> <span class='ocrx_word' id='word_1_222' title='bbox 206 1545 365 1582; x_wconf 79' lang='grc' dir='ltr'>θεραπεύων</span> <span class='ocrx_word' id='word_1_223' title='bbox 381 1549 490 1580; x_wconf 72' lang='grc' dir='ltr'>αὐτοὺς,</span> <span class='ocrx_word' id='word_1_224' title='bbox 510 1548 567 1576; x_wconf 77' lang='grc' dir='ltr'>ἀλλ’</span> <span class='ocrx_word' id='word_1_225' title='bbox 579 1549 720 1584; x_wconf 81' lang='grc' dir='ltr'><strong>ἀληθεύων</strong></span> <span class='ocrx_word' id='word_1_226' title='bbox 742 1551 756 1577; x_wconf 89' lang='lat'><strong>6</strong></span> <span class='ocrx_word' id='word_1_227' title='bbox 780 1551 945 1584; x_wconf 80' lang='grc' dir='ltr'>Ἀπόστολος</span> 
     </span>
    </p>
   </div>
   <div class='ocr_carea' id='block_1_33' title="bbox 988 309 1772 346">
    <p class='ocr_par' dir='ltr' id='par_1_33' title="bbox 988 309 1772 346">
     <span class='ocr_line' id='line_1_33' title="bbox 988 309 1772 346; baseline 0.003 -9"><span class='ocrx_word' id='word_1_228' title='bbox 988 309 1154 343; x_wconf 82' lang='lat' dir='ltr'><strong>inﬁdelibus.</strong></span> <span class='ocrx_word' id='word_1_229' title='bbox 1174 310 1220 338; x_wconf 89' lang='lat' dir='ltr'><strong>sed</strong></span> <span class='ocrx_word' id='word_1_230' title='bbox 1237 311 1270 338; x_wconf 88' lang='lat' dir='ltr'><strong>iis</strong></span> <span class='ocrx_word' id='word_1_231' title='bbox 1287 311 1335 346; x_wconf 86' lang='lat' dir='ltr'><strong>qui</strong></span> <span class='ocrx_word' id='word_1_232' title='bbox 1353 309 1409 345; x_wconf 84' lang='lat' dir='ltr'><strong>jam</strong></span> <span class='ocrx_word' id='word_1_233' title='bbox 1426 309 1610 338; x_wconf 83' lang='lat' dir='ltr'><strong>crediderunt.</strong></span> <span class='ocrx_word' id='word_1_234' title='bbox 1629 309 1706 339; x_wconf 84' lang='lat' dir='ltr'><strong>Unde</strong></span> <span class='ocrx_word' id='word_1_235' title='bbox 1724 319 1772 339; x_wconf 79' lang='lat' dir='ltr'><strong>eos</strong></span> 
     </span>
    </p>
   </div>
   <div class='ocr_carea' id='block_1_34' title="bbox 987 356 1771 391">
    <p class='ocr_par' dir='ltr' id='par_1_34' title="bbox 987 356 1771 391">
     <span class='ocr_line' id='line_1_34' title="bbox 987 356 1771 391; baseline 0 -7"><span class='ocrx_word' id='word_1_236' title='bbox 987 356 1071 384; x_wconf 87' lang='lat' dir='ltr'><strong>etiam</strong></span> <span class='ocrx_word' id='word_1_237' title='bbox 1087 361 1113 384; x_wconf 87' lang='lat' dir='ltr'><strong>et</strong></span> <span class='ocrx_word' id='word_1_238' title='bbox 1122 361 1226 383; x_wconf 84' lang='lat' dir='ltr'><strong>vocatos</strong></span> <span class='ocrx_word' id='word_1_239' title='bbox 1240 361 1266 384; x_wconf 91' lang='lat' dir='ltr'><strong>et</strong></span> <span class='ocrx_word' id='word_1_240' title='bbox 1279 361 1384 383; x_wconf 83' lang='lat' dir='ltr'><strong>sanctas</strong></span> <span class='ocrx_word' id='word_1_241' title='bbox 1398 356 1526 391; x_wconf 83' lang='lat' dir='ltr'><strong>appellat,</strong></span> <span class='ocrx_word' id='word_1_242' title='bbox 1543 356 1712 391; x_wconf 78' lang='lat' dir='ltr'><strong>spiritalibus</strong></span> <span class='ocrx_word' id='word_1_243' title='bbox 1724 364 1771 384; x_wconf 86' lang='lat' dir='ltr'><strong>cos</strong></span> 
     </span>
    </p>
   </div>
   <div class='ocr_carea' id='block_1_35' title="bbox 989 402 1771 436">
    <p class='ocr_par' dir='ltr' id='par_1_35' title="bbox 989 402 1771 436">
     <span class='ocr_line' id='line_1_35' title="bbox 989 402 1771 436; baseline 0 -8"><span class='ocrx_word' id='word_1_244' title='bbox 989 402 1117 429; x_wconf 83' lang='lat' dir='ltr'><strong>laudibus</strong></span> <span class='ocrx_word' id='word_1_245' title='bbox 1136 402 1281 434; x_wconf 79' lang='lat' dir='ltr'><strong>extollens,</strong></span> <span class='ocrx_word' id='word_1_246' title='bbox 1295 407 1322 430; x_wconf 83' lang='lat' dir='ltr'><strong>et</strong></span> <span class='ocrx_word' id='word_1_247' title='bbox 1333 409 1427 429; x_wconf 91' lang='lat' dir='ltr'><strong>eorum</strong></span> <span class='ocrx_word' id='word_1_248' title='bbox 1446 402 1473 429; x_wconf 92' lang='lat' dir='ltr'><strong>in</strong></span> <span class='ocrx_word' id='word_1_249' title='bbox 1491 409 1552 429; x_wconf 88' lang='lat' dir='ltr'><strong>eum</strong></span> <span class='ocrx_word' id='word_1_250' title='bbox 1569 402 1616 436; x_wconf 87' lang='lat' dir='ltr'><strong>qui</strong></span> <span class='ocrx_word' id='word_1_251' title='bbox 1636 402 1710 436; x_wconf 90' lang='lat' dir='ltr'><strong>ipsos</strong></span> <span class='ocrx_word' id='word_1_252' title='bbox 1725 402 1771 429; x_wconf 90' lang='lat' dir='ltr'><strong>illo</strong></span> 
     </span>
    </p>
   </div>
   <div class='ocr_carea' id='block_1_36' title="bbox 989 446 1772 480">
    <p class='ocr_par' dir='ltr' id='par_1_36' title="bbox 989 446 1772 480">
     <span class='ocr_line' id='line_1_36' title="bbox 989 446 1772 480; baseline -0.004 -4"><span class='ocrx_word' id='word_1_253' title='bbox 989 448 1122 476; x_wconf 70' lang='lat' dir='ltr'><strong>beneficio</strong></span> <span class='ocrx_word' id='word_1_254' title='bbox 1138 447 1279 480; x_wconf 64' lang='lat' dir='ltr'><strong>aﬂ‘ecerat,</strong></span> <span class='ocrx_word' id='word_1_255' title='bbox 1294 447 1460 475; x_wconf 84' lang='lat' dir='ltr'><strong>desiderium</strong></span> <span class='ocrx_word' id='word_1_256' title='bbox 1476 447 1659 474; x_wconf 84' lang='lat' dir='ltr'><strong>inﬂammans.</strong></span> <span class='ocrx_word' id='word_1_257' title='bbox 1678 446 1772 474; x_wconf 74' lang='lat' dir='ltr'><strong>Gratia</strong></span> 
     </span>
    </p>
   </div>
   <div class='ocr_carea' id='block_1_37' title="bbox 990 493 1772 529">
    <p class='ocr_par' dir='ltr' id='par_1_37' title="bbox 990 493 1772 529">
     <span class='ocr_line' id='line_1_37' title="bbox 990 493 1772 529; baseline -0.001 -8"><span class='ocrx_word' id='word_1_258' title='bbox 990 495 1060 522; x_wconf 79' lang='lat' dir='ltr'><strong>vobis</strong></span> <span class='ocrx_word' id='word_1_259' title='bbox 1069 499 1092 522; x_wconf 86' lang='lat' dir='ltr'><strong>et</strong></span> <span class='ocrx_word' id='word_1_260' title='bbox 1103 502 1156 529; x_wconf 70' lang='lat' dir='ltr'><strong>pax</strong></span> <span class='ocrx_word' id='word_1_261' title='bbox 1170 503 1185 521; x_wconf 86' lang='grc' dir='ltr'><em>ιι</em></span> <span class='ocrx_word' id='word_1_262' title='bbox 1196 493 1250 521; x_wconf 88' lang='lat' dir='ltr'><strong>Deo</strong></span> <span class='ocrx_word' id='word_1_263' title='bbox 1262 493 1343 521; x_wconf 81' lang='lat' dir='ltr'><strong><em>Patre</em></strong></span> <span class='ocrx_word' id='word_1_264' title='bbox 1354 499 1443 521; x_wconf 81' lang='lat' dir='ltr'><strong>nostro</strong></span> <span class='ocrx_word' id='word_1_265' title='bbox 1455 499 1478 521; x_wconf 86' lang='lat' dir='ltr'><strong>et</strong></span> <span class='ocrx_word' id='word_1_266' title='bbox 1495 493 1606 520; x_wconf 88' lang='lat' dir='ltr'><strong>Domino</strong></span> <span class='ocrx_word' id='word_1_267' title='bbox 1621 493 1683 520; x_wconf 82' lang='lat' dir='ltr'><strong>Jesu</strong></span> <span class='ocrx_word' id='word_1_268' title='bbox 1694 493 1772 521; x_wconf 83' lang='lat' dir='ltr'><strong>Chri-</strong></span> 
     </span>
    </p>
   </div>
   <div class='ocr_carea' id='block_1_38' title="bbox 990 539 1773 575">
    <p class='ocr_par' dir='ltr' id='par_1_38' title="bbox 990 539 1773 575">
     <span class='ocr_line' id='line_1_38' title="bbox 990 539 1773 575; baseline -0.003 -8"><span class='ocrx_word' id='word_1_269' title='bbox 990 545 1040 568; x_wconf 88' lang='lat' dir='ltr'><strong>sto.</strong></span> <span class='ocrx_word' id='word_1_270' title='bbox 1053 539 1104 567; x_wconf 85' lang='lat' dir='ltr'><strong>Hic</strong></span> <span class='ocrx_word' id='word_1_271' title='bbox 1121 539 1248 575; x_wconf 81' lang='lat' dir='ltr'><strong>Epistolae</strong></span> <span class='ocrx_word' id='word_1_272' title='bbox 1260 539 1469 574; x_wconf 87' lang='lat' dir='ltr'><strong>inscriptionem</strong></span> <span class='ocrx_word' id='word_1_273' title='bbox 1486 539 1618 574; x_wconf 84' lang='lat' dir='ltr'><strong>perlecit;</strong></span> <span class='ocrx_word' id='word_1_274' title='bbox 1633 539 1684 574; x_wconf 82' lang='lat'><strong>17</strong></span> <span class='ocrx_word' id='word_1_275' title='bbox 1700 539 1773 566; x_wconf 83' lang='lat' dir='ltr'><strong>Pau-</strong></span> 
     </span>
    </p>
   </div>
   <div class='ocr_carea' id='block_1_39' title="bbox 990 584 1773 621">
    <p class='ocr_par' dir='ltr' id='par_1_39' title="bbox 990 584 1773 621">
     <span class='ocr_line' id='line_1_39' title="bbox 990 584 1773 621; baseline -0.001 -9"><span class='ocrx_word' id='word_1_276' title='bbox 990 586 1042 619; x_wconf 84' lang='lat' dir='ltr'><strong>lus,</strong></span> <span class='ocrx_word' id='word_1_277' title='bbox 1056 585 1157 621; x_wconf 87' lang='lat' dir='ltr'><strong>inquit,</strong></span> <span class='ocrx_word' id='word_1_278' title='bbox 1173 593 1261 612; x_wconf 71' lang='lat' dir='ltr'><strong>servus</strong></span> <span class='ocrx_word' id='word_1_279' title='bbox 1279 584 1344 612; x_wconf 83' lang='lat' dir='ltr'><strong>Jesu</strong></span> <span class='ocrx_word' id='word_1_280' title='bbox 1364 584 1474 617; x_wconf 75' lang='lat' dir='ltr'><strong>Christi,</strong></span> <span class='ocrx_word' id='word_1_281' title='bbox 1495 584 1615 612; x_wconf 82' lang='lat' dir='ltr'><strong>omnibus</strong></span> <span class='ocrx_word' id='word_1_282' title='bbox 1643 586 1688 620; x_wconf 82' lang='lat' dir='ltr'><strong>qui</strong></span> <span class='ocrx_word' id='word_1_283' title='bbox 1713 590 1773 612; x_wconf 84' lang='lat' dir='ltr'><strong>sunt</strong></span> 
     </span>
    </p>
   </div>
   <div class='ocr_carea' id='block_1_40' title="bbox 991 630 1775 666">
    <p class='ocr_par' dir='ltr' id='par_1_40' title="bbox 991 630 1775 666">
     <span class='ocr_line' id='line_1_40' title="bbox 991 630 1775 666; baseline 0 -9"><span class='ocrx_word' id='word_1_284' title='bbox 991 631 1081 658; x_wconf 74' lang='lat' dir='ltr'><strong>Romw</strong></span> <span class='ocrx_word' id='word_1_285' title='bbox 1097 630 1201 658; x_wconf 78' lang='lat' dir='ltr'><strong>dilectis</strong></span> <span class='ocrx_word' id='word_1_286' title='bbox 1220 630 1278 662; x_wconf 84' lang='lat' dir='ltr'><strong>Dei,</strong></span> <span class='ocrx_word' id='word_1_287' title='bbox 1294 632 1391 658; x_wconf 73' lang='lat' dir='ltr'><strong>vocatis</strong></span> <span class='ocrx_word' id='word_1_288' title='bbox 1414 631 1525 663; x_wconf 64' lang='lat' dir='ltr'><strong>sanctis,</strong></span> <span class='ocrx_word' id='word_1_289' title='bbox 1549 632 1636 666; x_wconf 85' lang='lat' dir='ltr'><strong>gratia</strong></span> <span class='ocrx_word' id='word_1_290' title='bbox 1659 631 1729 658; x_wconf 79' lang='lat' dir='ltr'><strong>vobis</strong></span> <span class='ocrx_word' id='word_1_291' title='bbox 1750 636 1775 657; x_wconf 77' lang='lat' dir='ltr'><strong>et</strong></span> 
     </span>
    </p>
   </div>
   <div class='ocr_carea' id='block_1_41' title="bbox 990 666 1774 710">
    <p class='ocr_par' dir='ltr' id='par_1_41' title="bbox 990 666 1774 710">
     <span class='ocr_line' id='line_1_41' title="bbox 990 666 1774 710; baseline -0.005 -7"><span class='ocrx_word' id='word_1_292' title='bbox 990 684 1042 710; x_wconf 73' lang='lat' dir='ltr'><strong>pax</strong></span> <span class='ocrx_word' id='word_1_293' title='bbox 1055 684 1070 702; x_wconf 89' lang='lat' dir='ltr'><strong>a</strong></span> <span class='ocrx_word' id='word_1_294' title='bbox 1082 675 1137 703; x_wconf 86' lang='lat' dir='ltr'><strong>Deo</strong></span> <span class='ocrx_word' id='word_1_295' title='bbox 1147 666 1231 703; x_wconf 33' lang='lat' dir='ltr'><strong>.Patre</strong></span> <span class='ocrx_word' id='word_1_296' title='bbox 1244 680 1333 702; x_wconf 81' lang='lat' dir='ltr'><strong>nostro</strong></span> <span class='ocrx_word' id='word_1_297' title='bbox 1345 679 1369 702; x_wconf 82' lang='lat' dir='ltr'><strong>et</strong></span> <span class='ocrx_word' id='word_1_298' title='bbox 1385 674 1499 702; x_wconf 82' lang='lat' dir='ltr'><strong>Domino</strong></span> <span class='ocrx_word' id='word_1_299' title='bbox 1513 674 1578 702; x_wconf 82' lang='lat' dir='ltr'><strong>.Iesu</strong></span> <span class='ocrx_word' id='word_1_300' title='bbox 1592 669 1774 702; x_wconf 77' lang='lat' dir='ltr'><strong>Cltristo.Alia</strong></span> 
     </span>
    </p>
   </div>
   <div class='ocr_carea' id='block_1_42' title="bbox 992 720 1776 756">
    <p class='ocr_par' dir='ltr' id='par_1_42' title="bbox 992 720 1776 756">
     <span class='ocr_line' id='line_1_42' title="bbox 992 720 1776 756; baseline -0.001 -8"><span class='ocrx_word' id='word_1_301' title='bbox 992 729 1055 749; x_wconf 77' lang='lat' dir='ltr'><strong>vero</strong></span> <span class='ocrx_word' id='word_1_302' title='bbox 1070 722 1160 749; x_wconf 83' lang='lat' dir='ltr'><strong>omnia</strong></span> <span class='ocrx_word' id='word_1_303' title='bbox 1176 721 1323 756; x_wconf 87' lang='lat' dir='ltr'><strong>interjecit,</strong></span> <span class='ocrx_word' id='word_1_304' title='bbox 1336 721 1441 749; x_wconf 83' lang='lat' dir='ltr'><strong>docens</strong></span> <span class='ocrx_word' id='word_1_305' title='bbox 1454 729 1468 748; x_wconf 88' lang='lat' dir='ltr'><strong>a</strong></span> <span class='ocrx_word' id='word_1_306' title='bbox 1482 728 1599 756; x_wconf 86' lang='lat' dir='ltr'><strong>quonam</strong></span> <span class='ocrx_word' id='word_1_307' title='bbox 1613 720 1776 756; x_wconf 63' lang='lat' dir='ltr'><strong>praedicator</strong></span> 
     </span>
    </p>
   </div>
   <div class='ocr_carea' id='block_1_43' title="bbox 993 767 1776 803">
    <p class='ocr_par' dir='ltr' id='par_1_43' title="bbox 993 767 1776 803">
     <span class='ocr_line' id='line_1_43' title="bbox 993 767 1776 803; baseline -0.004 -8"><span class='ocrx_word' id='word_1_308' title='bbox 993 769 1028 795; x_wconf 89' lang='lat' dir='ltr'><strong>sit</strong></span> <span class='ocrx_word' id='word_1_309' title='bbox 1048 768 1226 801; x_wconf 89' lang='lat' dir='ltr'><strong>constitutus,</strong></span> <span class='ocrx_word' id='word_1_310' title='bbox 1241 771 1268 795; x_wconf 89' lang='lat' dir='ltr'><strong>et</strong></span> <span class='ocrx_word' id='word_1_311' title='bbox 1283 774 1404 803; x_wconf 83' lang='lat' dir='ltr'><strong>qua-nam</strong></span> <span class='ocrx_word' id='word_1_312' title='bbox 1420 767 1569 803; x_wconf 67' lang='lat' dir='ltr'><strong>prmdiCure</strong></span> <span class='ocrx_word' id='word_1_313' title='bbox 1582 767 1678 802; x_wconf 83' lang='lat' dir='ltr'><strong>jussus</strong></span> <span class='ocrx_word' id='word_1_314' title='bbox 1691 767 1736 799; x_wconf 87' lang='lat' dir='ltr'><strong>sit,</strong></span> <span class='ocrx_word' id='word_1_315' title='bbox 1750 772 1776 794; x_wconf 88' lang='lat' dir='ltr'><strong>et</strong></span> 
     </span>
    </p>
   </div>
   <div class='ocr_carea' id='block_1_44' title="bbox 993 811 1775 849">
    <p class='ocr_par' dir='ltr' id='par_1_44' title="bbox 993 811 1775 849">
     <span class='ocr_line' id='line_1_44' title="bbox 993 811 1775 849; baseline -0.004 -9"><span class='ocrx_word' id='word_1_316' title='bbox 993 813 1156 849; x_wconf 70' lang='lat' dir='ltr'><strong>quibusnam</strong></span> <span class='ocrx_word' id='word_1_317' title='bbox 1171 813 1228 840; x_wconf 72' lang='lat' dir='ltr'><strong>haec</strong></span> <span class='ocrx_word' id='word_1_318' title='bbox 1242 813 1341 840; x_wconf 69' lang='lat' dir='ltr'><strong>olIet‘re</strong></span> <span class='ocrx_word' id='word_1_319' title='bbox 1356 812 1544 847; x_wconf 75' lang='lat' dir='ltr'><strong>praescriptum</strong></span> <span class='ocrx_word' id='word_1_320' title='bbox 1560 813 1606 840; x_wconf 89' lang='lat' dir='ltr'><strong>sit.</strong></span> <span class='ocrx_word' id='word_1_321' title='bbox 1621 811 1666 839; x_wconf 87' lang='lat' dir='ltr'><strong>Eis</strong></span> <span class='ocrx_word' id='word_1_322' title='bbox 1684 817 1775 838; x_wconf 75' lang='lat' dir='ltr'><strong>autem</strong></span> 
     </span>
    </p>
   </div>
   <div class='ocr_carea' id='block_1_45' title="bbox 994 858 1776 896">
    <p class='ocr_par' dir='ltr' id='par_1_45' title="bbox 994 858 1776 896">
     <span class='ocr_line' id='line_1_45' title="bbox 994 858 1776 896; baseline -0.005 -9"><span class='ocrx_word' id='word_1_323' title='bbox 994 863 1132 896; x_wconf 80' lang='lat' dir='ltr'><strong>precatur,</strong></span> <span class='ocrx_word' id='word_1_324' title='bbox 1147 859 1265 895; x_wconf 89' lang='lat' dir='ltr'><strong>primum</strong></span> <span class='ocrx_word' id='word_1_325' title='bbox 1280 859 1388 894; x_wconf 82' lang='lat' dir='ltr'><strong>quidem</strong></span> <span class='ocrx_word' id='word_1_326' title='bbox 1407 859 1453 886; x_wconf 80' lang='lat' dir='ltr'><strong>Dei</strong></span> <span class='ocrx_word' id='word_1_327' title='bbox 1470 859 1584 894; x_wconf 80' lang='lat' dir='ltr'><strong>gratiam</strong></span> <span class='ocrx_word' id='word_1_328' title='bbox 1602 867 1608 884; x_wconf 90' lang='lat'><strong>:</strong></span> <span class='ocrx_word' id='word_1_329' title='bbox 1631 865 1678 893; x_wconf 81' lang='lat' dir='ltr'><strong>per</strong></span> <span class='ocrx_word' id='word_1_330' title='bbox 1707 858 1776 884; x_wconf 84' lang='lat' dir='ltr'><strong>hanc</strong></span> 
     </span>
    </p>
   </div>
   <div class='ocr_carea' id='block_1_46' title="bbox 993 905 1777 940">
    <p class='ocr_par' dir='ltr' id='par_1_46' title="bbox 993 905 1777 940">
     <span class='ocr_line' id='line_1_46' title="bbox 993 905 1777 940; baseline -0.003 -7"><span class='ocrx_word' id='word_1_331' title='bbox 993 906 1079 939; x_wconf 80' lang='lat' dir='ltr'><strong>enim,</strong></span> <span class='ocrx_word' id='word_1_332' title='bbox 1097 906 1254 940; x_wconf 85' lang='lat' dir='ltr'><strong>quicunque</strong></span> <span class='ocrx_word' id='word_1_333' title='bbox 1269 905 1455 937; x_wconf 80' lang='lat' dir='ltr'><strong>crediderunt,</strong></span> <span class='ocrx_word' id='word_1_334' title='bbox 1469 905 1584 933; x_wconf 80' lang='lat' dir='ltr'><strong>salutent</strong></span> <span class='ocrx_word' id='word_1_335' title='bbox 1601 909 1664 932; x_wconf 91' lang='lat' dir='ltr'><strong>sunt</strong></span> <span class='ocrx_word' id='word_1_336' title='bbox 1680 911 1777 932; x_wconf 86' lang='lat' dir='ltr'><strong>conse-</strong></span> 
     </span>
    </p>
   </div>
   <div class='ocr_carea' id='block_1_47' title="bbox 993 951 1778 986">
    <p class='ocr_par' dir='ltr' id='par_1_47' title="bbox 993 951 1778 986">
     <span class='ocr_line' id='line_1_47' title="bbox 993 951 1778 986; baseline -0.004 -6"><span class='ocrx_word' id='word_1_337' title='bbox 993 953 1059 980; x_wconf 89' lang='lat' dir='ltr'><strong>cuti.</strong></span> <span class='ocrx_word' id='word_1_338' title='bbox 1079 952 1180 979; x_wconf 91' lang='lat' dir='ltr'><strong>Deinde</strong></span> <span class='ocrx_word' id='word_1_339' title='bbox 1195 959 1301 986; x_wconf 84' lang='lat' dir='ltr'><strong>pacem,</strong></span> <span class='ocrx_word' id='word_1_340' title='bbox 1317 959 1365 986; x_wconf 84' lang='lat' dir='ltr'><strong>per</strong></span> <span class='ocrx_word' id='word_1_341' title='bbox 1378 956 1460 986; x_wconf 89' lang='lat' dir='ltr'><strong>quam</strong></span> <span class='ocrx_word' id='word_1_342' title='bbox 1476 958 1585 978; x_wconf 87' lang='lat' dir='ltr'><strong>omnem</strong></span> <span class='ocrx_word' id='word_1_343' title='bbox 1602 955 1706 978; x_wconf 87' lang='lat' dir='ltr'><strong>rectam</strong></span> <span class='ocrx_word' id='word_1_344' title='bbox 1722 951 1778 977; x_wconf 83' lang='lat' dir='ltr'><strong>vir-</strong></span> 
     </span>
    </p>
   </div>
   <div class='ocr_carea' id='block_1_48' title="bbox 994 995 1776 1033">
    <p class='ocr_par' dir='ltr' id='par_1_48' title="bbox 994 995 1776 1033">
     <span class='ocr_line' id='line_1_48' title="bbox 994 995 1776 1033; baseline -0.004 -8"><span class='ocrx_word' id='word_1_345' title='bbox 994 999 1060 1025; x_wconf 86' lang='lat' dir='ltr'><strong>tutis</strong></span> <span class='ocrx_word' id='word_1_346' title='bbox 1086 997 1223 1026; x_wconf 81' lang='lat' dir='ltr'><strong>actionem</strong></span> <span class='ocrx_word' id='word_1_347' title='bbox 1242 997 1389 1033; x_wconf 74' lang='lat' dir='ltr'><strong>signiﬁcat.</strong></span> <span class='ocrx_word' id='word_1_348' title='bbox 1406 997 1474 1024; x_wconf 86' lang='lat' dir='ltr'><strong>Cum</strong></span> <span class='ocrx_word' id='word_1_349' title='bbox 1505 995 1561 1024; x_wconf 91' lang='lat' dir='ltr'><strong>Deo</strong></span> <span class='ocrx_word' id='word_1_350' title='bbox 1584 997 1658 1023; x_wconf 80' lang='lat' dir='ltr'><strong>enim</strong></span> <span class='ocrx_word' id='word_1_351' title='bbox 1681 1003 1776 1031; x_wconf 86' lang='lat' dir='ltr'><strong>pacem</strong></span> 
     </span>
    </p>
   </div>
   <div class='ocr_carea' id='block_1_49' title="bbox 994 1041 1778 1078">
    <p class='ocr_par' dir='ltr' id='par_1_49' title="bbox 994 1041 1778 1078">
     <span class='ocr_line' id='line_1_49' title="bbox 994 1041 1778 1078; baseline -0.004 -8"><span class='ocrx_word' id='word_1_352' title='bbox 994 1043 1085 1075; x_wconf 80' lang='lat' dir='ltr'><strong>habet,</strong></span> <span class='ocrx_word' id='word_1_353' title='bbox 1100 1043 1146 1078; x_wconf 89' lang='lat' dir='ltr'><strong>qui</strong></span> <span class='ocrx_word' id='word_1_354' title='bbox 1160 1042 1348 1077; x_wconf 81' lang='lat' dir='ltr'><strong>evangelicam</strong></span> <span class='ocrx_word' id='word_1_355' title='bbox 1364 1042 1426 1069; x_wconf 69' lang='lat' dir='ltr'><strong>vita:</strong></span> <span class='ocrx_word' id='word_1_356' title='bbox 1442 1041 1644 1068; x_wconf 89' lang='lat' dir='ltr'><strong>institutiouetn</strong></span> <span class='ocrx_word' id='word_1_357' title='bbox 1661 1041 1778 1076; x_wconf 75' lang='lat' dir='ltr'><strong>atuplcc~</strong></span> 
     </span>
    </p>
   </div>
   <div class='ocr_carea' id='block_1_50' title="bbox 994 1087 1777 1126">
    <p class='ocr_par' dir='ltr' id='par_1_50' title="bbox 994 1087 1777 1126">
     <span class='ocr_line' id='line_1_50' title="bbox 994 1087 1777 1126; baseline -0.004 -10"><span class='ocrx_word' id='word_1_358' title='bbox 994 1090 1071 1122; x_wconf 86' lang='lat' dir='ltr'><strong>titur,</strong></span> <span class='ocrx_word' id='word_1_359' title='bbox 1084 1090 1186 1126; x_wconf 82' lang='lat' dir='ltr'><strong>quique</strong></span> <span class='ocrx_word' id='word_1_360' title='bbox 1207 1096 1267 1116; x_wconf 86' lang='lat' dir='ltr'><strong>eum</strong></span> <span class='ocrx_word' id='word_1_361' title='bbox 1286 1087 1381 1116; x_wconf 88' lang='lat' dir='ltr'><strong>sedulo</strong></span> <span class='ocrx_word' id='word_1_362' title='bbox 1397 1088 1423 1114; x_wconf 90' lang='lat' dir='ltr'><strong>in</strong></span> <span class='ocrx_word' id='word_1_363' title='bbox 1438 1087 1567 1115; x_wconf 86' lang='lat' dir='ltr'><strong>omnibus</strong></span> <span class='ocrx_word' id='word_1_364' title='bbox 1582 1087 1648 1114; x_wconf 88' lang='lat' dir='ltr'><strong>colit</strong></span> <span class='ocrx_word' id='word_1_365' title='bbox 1662 1091 1688 1114; x_wconf 85' lang='lat' dir='ltr'><strong>et</strong></span> <span class='ocrx_word' id='word_1_366' title='bbox 1705 1089 1712 1096; x_wconf 95' lang='lat'>&#39;</span> <span class='ocrx_word' id='word_1_367' title='bbox 1729 1087 1777 1114; x_wconf 87' lang='lat' dir='ltr'><strong>ob-</strong></span> 
     </span>
    </p>
   </div>
   <div class='ocr_carea' id='block_1_51' title="bbox 993 1132 1776 1164">
    <p class='ocr_par' dir='ltr' id='par_1_51' title="bbox 993 1132 1776 1164">
     <span class='ocr_line' id='line_1_51' title="bbox 993 1132 1776 1164; baseline -0.005 -1"><span class='ocrx_word' id='word_1_368' title='bbox 993 1140 1094 1164; x_wconf 83' lang='lat' dir='ltr'><strong>servat.</strong></span> <span class='ocrx_word' id='word_1_369' title='bbox 1106 1135 1208 1162; x_wconf 81' lang='lat' dir='ltr'><strong>Horum</strong></span> <span class='ocrx_word' id='word_1_370' title='bbox 1227 1139 1316 1162; x_wconf 86' lang='lat' dir='ltr'><strong>autem</strong></span> <span class='ocrx_word' id='word_1_371' title='bbox 1339 1134 1472 1161; x_wconf 86' lang='lat' dir='ltr'><strong>donorum</strong></span> <span class='ocrx_word' id='word_1_372' title='bbox 1487 1141 1541 1160; x_wconf 88' lang='lat' dir='ltr'><strong>non</strong></span> <span class='ocrx_word' id='word_1_373' title='bbox 1552 1133 1641 1161; x_wconf 88' lang='lat' dir='ltr'><strong>solum</strong></span> <span class='ocrx_word' id='word_1_374' title='bbox 1657 1132 1776 1164; x_wconf 81' lang='lat' dir='ltr'><strong>Patrem.</strong></span> 
     </span>
    </p>
   </div>
   <div class='ocr_carea' id='block_1_52' title="bbox 994 1178 1778 1216">
    <p class='ocr_par' dir='ltr' id='par_1_52' title="bbox 994 1178 1778 1216">
     <span class='ocr_line' id='line_1_52' title="bbox 994 1178 1778 1216; baseline -0.005 -7"><span class='ocrx_word' id='word_1_375' title='bbox 994 1182 1041 1210; x_wconf 87' lang='lat' dir='ltr'><strong>sed</strong></span> <span class='ocrx_word' id='word_1_376' title='bbox 1055 1182 1137 1209; x_wconf 82' lang='lat' dir='ltr'><strong>etiam</strong></span> <span class='ocrx_word' id='word_1_377' title='bbox 1153 1180 1251 1208; x_wconf 88' lang='lat' dir='ltr'><strong>Filimn</strong></span> <span class='ocrx_word' id='word_1_378' title='bbox 1268 1180 1425 1216; x_wconf 77' lang='lat' dir='ltr'><strong>largitorem</strong></span> <span class='ocrx_word' id='word_1_379' title='bbox 1449 1187 1511 1207; x_wconf 75' lang='lat' dir='ltr'><strong>esse</strong></span> <span class='ocrx_word' id='word_1_380' title='bbox 1532 1179 1663 1207; x_wconf 85' lang='lat' dir='ltr'><strong>ostendit.</strong></span> <span class='ocrx_word' id='word_1_381' title='bbox 1683 1178 1705 1205; x_wconf 81' lang='grc' dir='ltr'><em>Α</em></span> <span class='ocrx_word' id='word_1_382' title='bbox 1726 1178 1778 1207; x_wconf 75' lang='lat' dir='ltr'><strong>Deo</strong></span> 
     </span>
    </p>
   </div>
   <div class='ocr_carea' id='block_1_53' title="bbox 993 1224 1776 1264">
    <p class='ocr_par' dir='ltr' id='par_1_53' title="bbox 993 1224 1776 1264">
     <span class='ocr_line' id='line_1_53' title="bbox 993 1224 1776 1264; baseline -0.005 -9"><span class='ocrx_word' id='word_1_383' title='bbox 993 1229 1078 1261; x_wconf 88' lang='lat' dir='ltr'><strong>enim,</strong></span> <span class='ocrx_word' id='word_1_384' title='bbox 1095 1227 1195 1264; x_wconf 88' lang='lat' dir='ltr'><strong>inquit,</strong></span> <span class='ocrx_word' id='word_1_385' title='bbox 1213 1227 1293 1254; x_wconf 83' lang='lat' dir='ltr'><strong>Patre</strong></span> <span class='ocrx_word' id='word_1_386' title='bbox 1305 1231 1406 1260; x_wconf 85' lang='lat' dir='ltr'><strong>nostra,</strong></span> <span class='ocrx_word' id='word_1_387' title='bbox 1419 1231 1442 1253; x_wconf 84' lang='lat' dir='ltr'><strong>et</strong></span> <span class='ocrx_word' id='word_1_388' title='bbox 1459 1225 1571 1252; x_wconf 86' lang='lat' dir='ltr'><strong>Domino</strong></span> <span class='ocrx_word' id='word_1_389' title='bbox 1584 1224 1649 1252; x_wconf 84' lang='lat' dir='ltr'><strong>Jesu</strong></span> <span class='ocrx_word' id='word_1_390' title='bbox 1662 1225 1776 1252; x_wconf 79' lang='lat' dir='ltr'><strong>Christo.</strong></span> 
     </span>
    </p>
   </div>
   <div class='ocr_carea' id='block_1_54' title="bbox 994 1271 1780 1309">
    <p class='ocr_par' dir='ltr' id='par_1_54' title="bbox 994 1271 1780 1309">
     <span class='ocr_line' id='line_1_54' title="bbox 994 1271 1780 1309; baseline -0.006 -7"><span class='ocrx_word' id='word_1_391' title='bbox 994 1274 1046 1302; x_wconf 87' lang='lat' dir='ltr'><strong>Per</strong></span> <span class='ocrx_word' id='word_1_392' title='bbox 1066 1283 1127 1309; x_wconf 77' lang='lat' dir='ltr'><strong>qua:</strong></span> <span class='ocrx_word' id='word_1_393' title='bbox 1147 1282 1197 1302; x_wconf 90' lang='lat' dir='ltr'><strong>nos</strong></span> <span class='ocrx_word' id='word_1_394' title='bbox 1219 1278 1313 1309; x_wconf 86' lang='lat' dir='ltr'><strong>aperte</strong></span> <span class='ocrx_word' id='word_1_395' title='bbox 1340 1272 1434 1300; x_wconf 89' lang='lat' dir='ltr'><strong>docuit</strong></span> <span class='ocrx_word' id='word_1_396' title='bbox 1448 1271 1537 1299; x_wconf 85' lang='lat' dir='ltr'><strong>Patris</strong></span> <span class='ocrx_word' id='word_1_397' title='bbox 1550 1275 1577 1299; x_wconf 84' lang='lat' dir='ltr'><strong>et</strong></span> <span class='ocrx_word' id='word_1_398' title='bbox 1593 1271 1652 1298; x_wconf 82' lang='lat' dir='ltr'><strong>Filii</strong></span> <span class='ocrx_word' id='word_1_399' title='bbox 1669 1271 1780 1306; x_wconf 72' lang='lat' dir='ltr'><strong>:equali-</strong></span> 
     </span>
    </p>
   </div>
   <div class='ocr_carea' id='block_1_55' title="bbox 994 1325 1088 1348">
    <p class='ocr_par' dir='ltr' id='par_1_55' title="bbox 994 1325 1088 1348">
     <span class='ocr_line' id='line_1_55' title="bbox 994 1325 1088 1348; baseline -0.011 -1"><span class='ocrx_word' id='word_1_400' title='bbox 994 1325 1088 1348; x_wconf 89' lang='lat' dir='ltr'><strong>tatem.</strong></span> 
     </span>
    </p>
   </div>
   <div class='ocr_carea' id='block_1_56' title="bbox 1026 1409 1781 1447">
    <p class='ocr_par' dir='ltr' id='par_1_56' title="bbox 1026 1409 1781 1447">
     <span class='ocr_line' id='line_1_56' title="bbox 1026 1409 1781 1447; baseline -0.005 -7"><span class='ocrx_word' id='word_1_401' title='bbox 1026 1412 1109 1440; x_wconf 70' lang='lat' dir='ltr'><strong>Vens.</strong></span> <span class='ocrx_word' id='word_1_402' title='bbox 1126 1411 1153 1439; x_wconf 91' lang='lat'><strong>8.</strong></span> <span class='ocrx_word' id='word_1_403' title='bbox 1171 1411 1290 1439; x_wconf 84' lang='lat' dir='ltr'><strong>Primum</strong></span> <span class='ocrx_word' id='word_1_404' title='bbox 1305 1411 1409 1447; x_wconf 86' lang='lat' dir='ltr'><strong>quiaem</strong></span> <span class='ocrx_word' id='word_1_405' title='bbox 1418 1411 1520 1446; x_wconf 83' lang='lat' dir='ltr'><strong>gratias</strong></span> <span class='ocrx_word' id='word_1_406' title='bbox 1535 1418 1584 1445; x_wconf 85' lang='lat' dir='ltr'><strong>ago</strong></span> <span class='ocrx_word' id='word_1_407' title='bbox 1598 1409 1650 1437; x_wconf 84' lang='lat' dir='ltr'><strong>Deo</strong></span> <span class='ocrx_word' id='word_1_408' title='bbox 1667 1417 1723 1436; x_wconf 80' lang='lat' dir='ltr'><strong>meo</strong></span> <span class='ocrx_word' id='word_1_409' title='bbox 1736 1417 1781 1444; x_wconf 78' lang='lat' dir='ltr'><strong>per</strong></span> 
     </span>
    </p>
   </div>
   <div class='ocr_carea' id='block_1_57' title="bbox 995 1456 1782 1494">
    <p class='ocr_par' dir='ltr' id='par_1_57' title="bbox 995 1456 1782 1494">
     <span class='ocr_line' id='line_1_57' title="bbox 995 1456 1782 1494; baseline -0.005 -8"><span class='ocrx_word' id='word_1_410' title='bbox 995 1458 1087 1486; x_wconf 83' lang='lat' dir='ltr'><strong>Jesum</strong></span> <span class='ocrx_word' id='word_1_411' title='bbox 1105 1458 1239 1486; x_wconf 87' lang='lat' dir='ltr'><strong>Christum</strong></span> <span class='ocrx_word' id='word_1_412' title='bbox 1256 1467 1305 1494; x_wconf 85' lang='lat' dir='ltr'><strong>pro</strong></span> <span class='ocrx_word' id='word_1_413' title='bbox 1319 1457 1389 1485; x_wconf 80' lang='lat' dir='ltr'><strong>vobis</strong></span> <span class='ocrx_word' id='word_1_414' title='bbox 1403 1457 1534 1491; x_wconf 82' lang='lat' dir='ltr'><strong>omnibus,</strong></span> <span class='ocrx_word' id='word_1_415' title='bbox 1563 1456 1632 1491; x_wconf 82' lang='lat' dir='ltr'><strong>quod</strong></span> <span class='ocrx_word' id='word_1_416' title='bbox 1656 1456 1720 1491; x_wconf 76' lang='lat' dir='ltr'><strong>ﬁdes</strong></span> <span class='ocrx_word' id='word_1_417' title='bbox 1745 1464 1782 1483; x_wconf 83' lang='lat' dir='ltr'><strong>t-e-</strong></span> 
     </span>
    </p>
   </div>
   <div class='ocr_carea' id='block_1_58' title="bbox 995 1503 1779 1533">
    <p class='ocr_par' dir='ltr' id='par_1_58' title="bbox 995 1503 1779 1533">
     <span class='ocr_line' id='line_1_58' title="bbox 995 1503 1779 1533; baseline -0.004 -1"><span class='ocrx_word' id='word_1_418' title='bbox 995 1510 1052 1532; x_wconf 86' lang='lat' dir='ltr'><strong>stra</strong></span> <span class='ocrx_word' id='word_1_419' title='bbox 1063 1505 1238 1533; x_wconf 82' lang='lat' dir='ltr'><strong>annuntiatur</strong></span> <span class='ocrx_word' id='word_1_420' title='bbox 1248 1505 1276 1531; x_wconf 82' lang='lat' dir='ltr'><strong>in</strong></span> <span class='ocrx_word' id='word_1_421' title='bbox 1286 1505 1406 1531; x_wconf 81' lang='lat' dir='ltr'><strong>uniuerso</strong></span> <span class='ocrx_word' id='word_1_422' title='bbox 1422 1503 1530 1531; x_wconf 80' lang='lat' dir='ltr'><strong>mundo.</strong></span> <span class='ocrx_word' id='word_1_423' title='bbox 1548 1503 1605 1531; x_wconf 84' lang='lat' dir='ltr'><strong>Hoc</strong></span> <span class='ocrx_word' id='word_1_424' title='bbox 1619 1506 1709 1530; x_wconf 84' lang='lat' dir='ltr'><strong>autem</strong></span> <span class='ocrx_word' id='word_1_425' title='bbox 1726 1509 1779 1530; x_wconf 89' lang='lat' dir='ltr'><strong>non</strong></span> 
     </span>
    </p>
   </div>
   <div class='ocr_carea' id='block_1_59' title="bbox 995 1548 1795 1585">
    <p class='ocr_par' dir='ltr' id='par_1_59' title="bbox 995 1548 1795 1585">
     <span class='ocr_line' id='line_1_59' title="bbox 995 1548 1795 1585; baseline -0.006 -6"><span class='ocrx_word' id='word_1_426' title='bbox 995 1552 1036 1579; x_wconf 83' lang='lat' dir='ltr'><strong>eis</strong></span> <span class='ocrx_word' id='word_1_427' title='bbox 1050 1551 1208 1583; x_wconf 80' lang='lat' dir='ltr'><strong>blandiens.</strong></span> <span class='ocrx_word' id='word_1_428' title='bbox 1235 1550 1282 1577; x_wconf 88' lang='lat' dir='ltr'><strong>sed</strong></span> <span class='ocrx_word' id='word_1_429' title='bbox 1297 1557 1362 1576; x_wconf 87' lang='lat' dir='ltr'><strong>vera</strong></span> <span class='ocrx_word' id='word_1_430' title='bbox 1386 1549 1481 1576; x_wconf 88' lang='lat' dir='ltr'><strong>dicens</strong></span> <span class='ocrx_word' id='word_1_431' title='bbox 1504 1549 1595 1585; x_wconf 84' lang='lat' dir='ltr'><strong>posuit</strong></span> <span class='ocrx_word' id='word_1_432' title='bbox 1620 1548 1795 1584; x_wconf 72' lang='lat' dir='ltr'><strong>Apostolus.‘</strong></span> 
     </span>
    </p>
   </div>
   <div class='ocr_carea' id='block_1_60' title="bbox 158 1592 943 1634">
    <p class='ocr_par' dir='ltr' id='par_1_60' title="bbox 158 1592 943 1634">
     <span class='ocr_line' id='line_1_60' title="bbox 158 1592 943 1634; baseline 0.008 -15"><span class='ocrx_word' id='word_1_433' title='bbox 158 1592 288 1621; x_wconf 75' lang='grc' dir='ltr'>τέθεικεν,</span> <span class='ocrx_word' id='word_1_434' title='bbox 303 1593 372 1620; x_wconf 79' lang='grc' dir='ltr'>Οὔτε</span> <span class='ocrx_word' id='word_1_435' title='bbox 386 1594 439 1630; x_wconf 80' lang='grc' dir='ltr'>γὰρ</span> <span class='ocrx_word' id='word_1_436' title='bbox 461 1592 516 1621; x_wconf 78' lang='grc' dir='ltr'>οἷόν</span> <span class='ocrx_word' id='word_1_437' title='bbox 528 1604 558 1621; x_wconf 86' lang='grc' dir='ltr'><strong>τε</strong></span> <span class='ocrx_word' id='word_1_438' title='bbox 572 1593 606 1631; x_wconf 80' lang='grc' dir='ltr'>ἦν</span> <span class='ocrx_word' id='word_1_439' title='bbox 622 1595 712 1623; x_wconf 80' lang='grc' dir='ltr'>λαθεῖν</span> <span class='ocrx_word' id='word_1_440' title='bbox 727 1597 790 1629; x_wconf 81' lang='grc' dir='ltr'>τοὺς</span> <span class='ocrx_word' id='word_1_441' title='bbox 806 1597 876 1624; x_wconf 77' lang='grc' dir='ltr'>κατὰ</span> <span class='ocrx_word' id='word_1_442' title='bbox 894 1598 943 1634; x_wconf 87' lang='grc' dir='ltr'>τὴν</span> 
     </span>
    </p>
   </div>
   <div class='ocr_carea' id='block_1_61' title="bbox 995 1592 1780 1634">
    <p class='ocr_par' dir='ltr' id='par_1_61' title="bbox 995 1593 1780 1631">
     <span class='ocr_line' id='line_1_61' title="bbox 995 1593 1780 1631; baseline -0.005 -7"><span class='ocrx_word' id='word_1_443' title='bbox 995 1596 1088 1631; x_wconf 83' lang='lat' dir='ltr'><strong>Neque</strong></span> <span class='ocrx_word' id='word_1_444' title='bbox 1115 1595 1187 1623; x_wconf 86' lang='lat' dir='ltr'><strong>enim</strong></span> <span class='ocrx_word' id='word_1_445' title='bbox 1206 1595 1263 1622; x_wconf 85' lang='lat' dir='ltr'><strong>ﬁeri</strong></span> <span class='ocrx_word' id='word_1_446' title='bbox 1291 1598 1408 1629; x_wconf 82' lang='lat' dir='ltr'><strong>poterat.</strong></span> <span class='ocrx_word' id='word_1_447' title='bbox 1426 1598 1455 1621; x_wconf 91' lang='lat' dir='ltr'><strong>ut</strong></span> <span class='ocrx_word' id='word_1_448' title='bbox 1475 1601 1535 1629; x_wconf 70' lang='lat' dir='ltr'><strong>quae</strong></span> <span class='ocrx_word' id='word_1_449' title='bbox 1553 1593 1647 1620; x_wconf 73' lang='lat' dir='ltr'><strong>Roma:</strong></span> <span class='ocrx_word' id='word_1_450' title='bbox 1674 1593 1780 1620; x_wconf 79' lang='lat' dir='ltr'><strong>evenie-</strong></span> 
     </span>
    </p>
   </div>
   <div class='ocr_carea' id='block_1_62' title="bbox 159 1639 944 1681">
    <p class='ocr_par' dir='ltr' id='par_1_62' title="bbox 159 1639 944 1681">
     <span class='ocr_line' id='line_1_62' title="bbox 159 1639 944 1681; baseline 0.006 -15"><span class='ocrx_word' id='word_1_451' title='bbox 159 1639 320 1675; x_wconf 77' lang='grc' dir='ltr'>οξκουμένην</span> <span class='ocrx_word' id='word_1_452' title='bbox 331 1641 364 1667; x_wconf 70' lang='grc' dir='ltr'><strong>τὰ</strong></span> <span class='ocrx_word' id='word_1_453' title='bbox 376 1642 405 1667; x_wconf 78' lang='grc' dir='ltr'>ἐν</span> <span class='ocrx_word' id='word_1_454' title='bbox 421 1643 454 1676; x_wconf 82' lang='grc' dir='ltr'><strong>τῇ</strong></span> <span class='ocrx_word' id='word_1_455' title='bbox 478 1641 570 1677; x_wconf 80' lang='grc' dir='ltr'><strong>Ῥώμῃ</strong></span> <span class='ocrx_word' id='word_1_456' title='bbox 582 1642 774 1677; x_wconf 79' lang='grc' dir='ltr'>συμϐαίνοντα.</span> <span class='ocrx_word' id='word_1_457' title='bbox 794 1644 837 1671; x_wconf 87' lang='grc' dir='ltr'><strong>Ἐν</strong></span> <span class='ocrx_word' id='word_1_458' title='bbox 853 1644 944 1681; x_wconf 77' lang='grc' dir='ltr'>ἐκείνῃ</span> 
     </span>
    </p>
   </div>
   <div class='ocr_carea' id='block_1_63' title="bbox 161 1684 943 1725">
    <p class='ocr_par' dir='ltr' id='par_1_63' title="bbox 161 1684 943 1725">
     <span class='ocr_line' id='line_1_63' title="bbox 161 1684 943 1725; baseline 0.006 -13"><span class='ocrx_word' id='word_1_459' title='bbox 161 1686 212 1721; x_wconf 76' lang='grc' dir='ltr'><strong>τὰρ</strong></span> <span class='ocrx_word' id='word_1_460' title='bbox 226 1684 300 1721; x_wconf 81' lang='grc' dir='ltr'>εἶχον</span> <span class='ocrx_word' id='word_1_461' title='bbox 312 1686 396 1714; x_wconf 72' lang='grc' dir='ltr'>πάλαι</span> <span class='ocrx_word' id='word_1_462' title='bbox 419 1687 562 1720; x_wconf 84' lang='grc' dir='ltr'>Ῥωμαίων</span> <span class='ocrx_word' id='word_1_463' title='bbox 585 1689 609 1714; x_wconf 79' lang='grc' dir='ltr'>οἱ</span> <span class='ocrx_word' id='word_1_464' title='bbox 626 1688 744 1724; x_wconf 81' lang='grc' dir='ltr'>βασιλεῖς</span> <span class='ocrx_word' id='word_1_465' title='bbox 759 1689 793 1716; x_wconf 79' lang='grc' dir='ltr'><strong>τὰ</strong></span> <span class='ocrx_word' id='word_1_466' title='bbox 811 1690 943 1725; x_wconf 72' lang='grc' dir='ltr'>βασίλεια,</span> 
     </span>
    </p>
   </div>
   <div class='ocr_carea' id='block_1_64' title="bbox 161 1731 944 1770">
    <p class='ocr_par' dir='ltr' id='par_1_64' title="bbox 161 1731 944 1770">
     <span class='ocr_line' id='line_1_64' title="bbox 161 1731 944 1770; baseline 0.006 -14"><span class='ocrx_word' id='word_1_467' title='bbox 161 1731 287 1757; x_wconf 69' lang='grc' dir='ltr'>κάκεῖθεν</span> <span class='ocrx_word' id='word_1_468' title='bbox 311 1731 339 1758; x_wconf 80' lang='grc' dir='ltr'>οῗ</span> <span class='ocrx_word' id='word_1_469' title='bbox 361 1740 390 1757; x_wconf 87' lang='grc' dir='ltr'><strong>τε</strong></span> <span class='ocrx_word' id='word_1_470' title='bbox 411 1732 464 1758; x_wconf 81' lang='grc' dir='ltr'>τῶν</span> <span class='ocrx_word' id='word_1_471' title='bbox 484 1732 569 1759; x_wconf 82' lang='grc' dir='ltr'>ὲθνῶν</span> <span class='ocrx_word' id='word_1_472' title='bbox 596 1733 725 1770; x_wconf 77' lang='grc' dir='ltr'>ἄρχοντες</span> <span class='ocrx_word' id='word_1_473' title='bbox 747 1734 944 1770; x_wconf 76' lang='grc' dir='ltr'>ἐξεπέμποντο,</span> 
     </span>
    </p>
   </div>
   <div class='ocr_carea' id='block_1_65' title="bbox 161 1776 945 1815">
    <p class='ocr_par' dir='ltr' id='par_1_65' title="bbox 161 1776 945 1815">
     <span class='ocr_line' id='line_1_65' title="bbox 161 1776 945 1815; baseline 0.008 -13"><span class='ocrx_word' id='word_1_474' title='bbox 161 1777 207 1802; x_wconf 75' lang='grc' dir='ltr'><strong>καὶ</strong></span> <span class='ocrx_word' id='word_1_475' title='bbox 236 1777 261 1802; x_wconf 75' lang='grc' dir='ltr'>οἱ</span> <span class='ocrx_word' id='word_1_476' title='bbox 287 1776 332 1803; x_wconf 86' lang='grc' dir='ltr'><strong>τὸν</strong></span> <span class='ocrx_word' id='word_1_477' title='bbox 353 1776 456 1812; x_wconf 78' lang='grc' dir='ltr'>δασμὸν</span> <span class='ocrx_word' id='word_1_478' title='bbox 472 1778 520 1809; x_wconf 84' lang='grc' dir='ltr'>τὰς</span> <span class='ocrx_word' id='word_1_479' title='bbox 535 1778 627 1810; x_wconf 81' lang='grc' dir='ltr'>πόλεις</span> <span class='ocrx_word' id='word_1_480' title='bbox 642 1779 862 1815; x_wconf 68' lang='grc' dir='ltr'>εἰσπράττοντες.</span> <span class='ocrx_word' id='word_1_481' title='bbox 891 1781 945 1809; x_wconf 71' lang='grc' dir='ltr'><strong>Καὶ</strong></span> 
     </span>
    </p>
   </div>
   <div class='ocr_carea' id='block_1_66' title="bbox 162 1823 944 1862">
    <p class='ocr_par' dir='ltr' id='par_1_66' title="bbox 162 1823 944 1862">
     <span class='ocr_line' id='line_1_66' title="bbox 162 1823 944 1862; baseline 0.005 -13"><span class='ocrx_word' id='word_1_482' title='bbox 162 1823 254 1858; x_wconf 77' lang='grc' dir='ltr'>μέντοι</span> <span class='ocrx_word' id='word_1_483' title='bbox 271 1824 317 1850; x_wconf 73' lang='grc' dir='ltr'><strong>καὶ</strong></span> <span class='ocrx_word' id='word_1_484' title='bbox 334 1824 374 1855; x_wconf 76' lang='grc' dir='ltr'><strong>εἰς</strong></span> <span class='ocrx_word' id='word_1_485' title='bbox 391 1824 498 1858; x_wconf 80' lang='grc' dir='ltr'>ἐκείνην</span> <span class='ocrx_word' id='word_1_486' title='bbox 511 1825 671 1861; x_wconf 79' lang='grc' dir='ltr'>συνέτρεχον</span> <span class='ocrx_word' id='word_1_487' title='bbox 689 1825 807 1858; x_wconf 73' lang='grc' dir='ltr'>ἅπαντες</span> <span class='ocrx_word' id='word_1_488' title='bbox 827 1827 852 1854; x_wconf 82' lang='grc' dir='ltr'>οἱ</span> <span class='ocrx_word' id='word_1_489' title='bbox 867 1826 944 1862; x_wconf 85' lang='grc' dir='ltr'>βασι-</span> 
     </span>
    </p>
   </div>
   <div class='ocr_carea' id='block_1_67' title="bbox 162 1869 945 1906">
    <p class='ocr_par' dir='ltr' id='par_1_67' title="bbox 162 1869 945 1906">
     <span class='ocr_line' id='line_1_67' title="bbox 162 1869 945 1906; baseline 0.006 -11"><span class='ocrx_word' id='word_1_490' title='bbox 162 1869 238 1902; x_wconf 78' lang='grc' dir='ltr'>λικὰς</span> <span class='ocrx_word' id='word_1_491' title='bbox 275 1870 491 1904; x_wconf 79' lang='grc' dir='ltr'>ἐπαγγέλλοντες</span> <span class='ocrx_word' id='word_1_492' title='bbox 522 1871 648 1906; x_wconf 82' lang='grc' dir='ltr'>χάριτας.</span> <span class='ocrx_word' id='word_1_493' title='bbox 682 1872 736 1899; x_wconf 77' lang='grc' dir='ltr'><strong>Καὶ</strong></span> <span class='ocrx_word' id='word_1_494' title='bbox 768 1872 812 1900; x_wconf 81' lang='grc' dir='ltr'><strong>διὰ</strong></span> <span class='ocrx_word' id='word_1_495' title='bbox 841 1873 945 1903; x_wconf 80' lang='grc' dir='ltr'>τούτων</span> 
     </span>
    </p>
   </div>
   <div class='ocr_carea' id='block_1_68' title="bbox 163 1915 945 1954">
    <p class='ocr_par' dir='ltr' id='par_1_68' title="bbox 163 1915 945 1954">
     <span class='ocr_line' id='line_1_68' title="bbox 163 1915 945 1954; baseline 0.006 -13"><span class='ocrx_word' id='word_1_496' title='bbox 163 1915 287 1942; x_wconf 76' lang='grc' dir='ltr'>ἁπάντων</span> <span class='ocrx_word' id='word_1_497' title='bbox 301 1916 488 1952; x_wconf 81' lang='grc' dir='ltr'>κατεμηνύετο</span> <span class='ocrx_word' id='word_1_498' title='bbox 503 1917 652 1952; x_wconf 82' lang='grc' dir='ltr'>πανταχοῦ,</span> <span class='ocrx_word' id='word_1_499' title='bbox 663 1917 701 1950; x_wconf 85' lang='grc' dir='ltr'><strong>ὼς</strong></span> <span class='ocrx_word' id='word_1_500' title='bbox 711 1918 758 1944; x_wconf 75' lang='grc' dir='ltr'><strong>καὶ</strong></span> <span class='ocrx_word' id='word_1_501' title='bbox 768 1919 784 1948; x_wconf 85' lang='grc' dir='ltr'>ὴ</span> <span class='ocrx_word' id='word_1_502' title='bbox 802 1918 945 1954; x_wconf 72' lang='grc' dir='ltr'>Ῥωμαίων</span> 
     </span>
    </p>
   </div>
   <div class='ocr_carea' id='block_1_69' title="bbox 161 1961 944 1998">
    <p class='ocr_par' dir='ltr' id='par_1_69' title="bbox 161 1961 944 1998">
     <span class='ocr_line' id='line_1_69' title="bbox 161 1961 944 1998; baseline 0.006 -12"><span class='ocrx_word' id='word_1_503' title='bbox 161 1961 238 1992; x_wconf 77' lang='grc' dir='ltr'>πόλις</span> <span class='ocrx_word' id='word_1_504' title='bbox 259 1961 309 1995; x_wconf 84' lang='grc' dir='ltr'>τὴν</span> <span class='ocrx_word' id='word_1_505' title='bbox 327 1961 398 1988; x_wconf 76' lang='grc' dir='ltr'>κατὰ</span> <span class='ocrx_word' id='word_1_506' title='bbox 424 1962 470 1988; x_wconf 83' lang='grc' dir='ltr'>τὸν</span> <span class='ocrx_word' id='word_1_507' title='bbox 496 1962 613 1998; x_wconf 80' lang='grc' dir='ltr'>Χριστὸν</span> <span class='ocrx_word' id='word_1_508' title='bbox 633 1963 808 1991; x_wconf 82' lang='grc' dir='ltr'>διδασκαλίαν</span> <span class='ocrx_word' id='word_1_509' title='bbox 825 1964 944 1996; x_wconf 82' lang='grc' dir='ltr'>ἐδέξατο.</span> 
     </span>
    </p>
   </div>
   <div class='ocr_carea' id='block_1_70' title="bbox 161 2006 944 2045">
    <p class='ocr_par' dir='ltr' id='par_1_70' title="bbox 161 2006 944 2045">
     <span class='ocr_line' id='line_1_70' title="bbox 161 2006 944 2045; baseline 0.005 -13"><span class='ocrx_word' id='word_1_510' title='bbox 161 2006 297 2042; x_wconf 77' lang='grc' dir='ltr'>Μεγιστην</span> <span class='ocrx_word' id='word_1_511' title='bbox 304 2006 333 2034; x_wconf 83' lang='grc' dir='ltr'><strong>δὲ</strong></span> <span class='ocrx_word' id='word_1_512' title='bbox 343 2007 422 2034; x_wconf 79' lang='grc' dir='ltr'>τοῦτο</span> <span class='ocrx_word' id='word_1_513' title='bbox 432 2008 488 2039; x_wconf 84' lang='grc' dir='ltr'>τοῖς</span> <span class='ocrx_word' id='word_1_514' title='bbox 497 2007 641 2035; x_wconf 83' lang='grc' dir='ltr'>ἁκούουσιν</span> <span class='ocrx_word' id='word_1_515' title='bbox 649 2008 784 2043; x_wconf 73' lang='grc' dir='ltr'>ὠφέλειαν</span> <span class='ocrx_word' id='word_1_516' title='bbox 792 2009 944 2045; x_wconf 78' lang='grc' dir='ltr'>προύξένει.</span> 
     </span>
    </p>
   </div>
   <div class='ocr_carea' id='block_1_71' title="bbox 163 2052 946 2092">
    <p class='ocr_par' dir='ltr' id='par_1_71' title="bbox 163 2052 946 2092">
     <span class='ocr_line' id='line_1_71' title="bbox 163 2052 946 2092; baseline 0.006 -13"><span class='ocrx_word' id='word_1_517' title='bbox 163 2052 242 2080; x_wconf 86' lang='grc' dir='ltr'>Ὅθεν</span> <span class='ocrx_word' id='word_1_518' title='bbox 256 2055 271 2080; x_wconf 88' lang='lat'><strong>6</strong></span> <span class='ocrx_word' id='word_1_519' title='bbox 293 2053 365 2084; x_wconf 80' lang='grc' dir='ltr'>θεῖος</span> <span class='ocrx_word' id='word_1_520' title='bbox 382 2054 543 2086; x_wconf 78' lang='grc' dir='ltr'>’Δτιόστολης</span> <span class='ocrx_word' id='word_1_521' title='bbox 557 2054 604 2081; x_wconf 78' lang='grc' dir='ltr'><strong>ὲπὶ</strong></span> <span class='ocrx_word' id='word_1_522' title='bbox 617 2055 723 2087; x_wconf 78' lang='grc' dir='ltr'>τούτοις</span> <span class='ocrx_word' id='word_1_523' title='bbox 737 2056 785 2083; x_wconf 81' lang='grc' dir='ltr'><strong>τὸν</strong></span> <span class='ocrx_word' id='word_1_524' title='bbox 807 2057 946 2092; x_wconf 78' lang='grc' dir='ltr'>Δεσπότην</span> 
     </span>
    </p>
   </div>
   <div class='ocr_carea' id='block_1_72' title="bbox 161 2099 947 2139">
    <p class='ocr_par' dir='ltr' id='par_1_72' title="bbox 161 2099 947 2139">
     <span class='ocr_line' id='line_1_72' title="bbox 161 2099 947 2139; baseline 0.005 -13"><span class='ocrx_word' id='word_1_525' title='bbox 161 2100 325 2134; x_wconf 78' lang='grc' dir='ltr'>ἀνύμνησεν.</span> <span class='ocrx_word' id='word_1_526' title='bbox 344 2099 454 2137; x_wconf 74' lang='grc' dir='ltr'>Ἐπειδὴ</span> <span class='ocrx_word' id='word_1_527' title='bbox 470 2101 498 2127; x_wconf 80' lang='grc' dir='ltr'><strong>δὲ</strong></span> <span class='ocrx_word' id='word_1_528' title='bbox 512 2102 749 2138; x_wconf 84' lang='grc' dir='ltr'>κεχειροτονῆσθαι</span> <span class='ocrx_word' id='word_1_529' title='bbox 764 2102 813 2138; x_wconf 78' lang='grc' dir='ltr'><strong>μὲν</strong></span> <span class='ocrx_word' id='word_1_530' title='bbox 826 2102 877 2139; x_wconf 70' lang='grc' dir='ltr'><strong>ἔφη</strong></span> <span class='ocrx_word' id='word_1_531' title='bbox 893 2103 947 2130; x_wconf 87' lang='grc' dir='ltr'><strong>τῶν</strong></span> 
     </span>
    </p>
   </div>
   <div class='ocr_carea' id='block_1_73' title="bbox 160 2146 946 2185">
    <p class='ocr_par' dir='ltr' id='par_1_73' title="bbox 160 2146 946 2185">
     <span class='ocr_line' id='line_1_73' title="bbox 160 2146 946 2185; baseline 0.005 -13"><span class='ocrx_word' id='word_1_532' title='bbox 160 2146 242 2173; x_wconf 76' lang='grc' dir='ltr'>ἐθνῶν</span> <span class='ocrx_word' id='word_1_533' title='bbox 248 2146 375 2173; x_wconf 77' lang='grc' dir='ltr'>ἁπάντων</span> <span class='ocrx_word' id='word_1_534' title='bbox 384 2146 651 2183; x_wconf 77' lang='grc' dir='ltr'>διδάσκαλος,σνχνοῦ</span> <span class='ocrx_word' id='word_1_535' title='bbox 657 2147 684 2174; x_wconf 79' lang='grc' dir='ltr'><strong>δὲ</strong></span> <span class='ocrx_word' id='word_1_536' title='bbox 689 2149 785 2184; x_wconf 73' lang='grc' dir='ltr'>χρόνον</span> <span class='ocrx_word' id='word_1_537' title='bbox 793 2148 946 2185; x_wconf 81' lang='grc' dir='ltr'>διεληλυθό-</span> 
     </span>
    </p>
   </div>
   <div class='ocr_carea' id='block_1_74' title="bbox 160 2192 947 2231">
    <p class='ocr_par' dir='ltr' id='par_1_74' title="bbox 160 2192 947 2231">
     <span class='ocr_line' id='line_1_74' title="bbox 160 2192 947 2231; baseline 0.004 -12"><span class='ocrx_word' id='word_1_538' title='bbox 160 2201 202 2224; x_wconf 84' lang='grc' dir='ltr'><strong>τος</strong></span> <span class='ocrx_word' id='word_1_539' title='bbox 211 2192 271 2219; x_wconf 81' lang='grc' dir='ltr'>οὕτε</span> <span class='ocrx_word' id='word_1_540' title='bbox 281 2192 362 2224; x_wconf 66' lang='grc' dir='ltr'>αὐτὸς</span> <span class='ocrx_word' id='word_1_541' title='bbox 374 2193 442 2229; x_wconf 77' lang='grc' dir='ltr'>πρὸς</span> <span class='ocrx_word' id='word_1_542' title='bbox 449 2193 547 2225; x_wconf 82' lang='grc' dir='ltr'>αὐτοὺς</span> <span class='ocrx_word' id='word_1_543' title='bbox 555 2193 733 2229; x_wconf 82' lang='grc' dir='ltr'>ἀπελήλυθεν,</span> <span class='ocrx_word' id='word_1_544' title='bbox 742 2193 802 2221; x_wconf 74' lang='grc' dir='ltr'>οὔτε</span> <span class='ocrx_word' id='word_1_545' title='bbox 808 2195 852 2222; x_wconf 86' lang='grc' dir='ltr'>διὰ</span> <span class='ocrx_word' id='word_1_546' title='bbox 860 2204 947 2231; x_wconf 85' lang='grc' dir='ltr'>γραμ-</span> 
     </span>
    </p>
   </div>
   <div class='ocr_carea' id='block_1_75' title="bbox 163 2238 944 2277">
    <p class='ocr_par' dir='ltr' id='par_1_75' title="bbox 163 2238 944 2277">
     <span class='ocr_line' id='line_1_75' title="bbox 163 2238 944 2277; baseline 0.005 -13"><span class='ocrx_word' id='word_1_547' title='bbox 163 2238 253 2273; x_wconf 77' lang='grc' dir='ltr'>μάτων</span> <span class='ocrx_word' id='word_1_548' title='bbox 266 2239 364 2270; x_wconf 75' lang='grc' dir='ltr'>αὐτοὺς</span> <span class='ocrx_word' id='word_1_549' title='bbox 378 2239 447 2274; x_wconf 78' lang='grc' dir='ltr'>πρὸς</span> <span class='ocrx_word' id='word_1_550' title='bbox 456 2238 505 2275; x_wconf 87' lang='grc' dir='ltr'><strong>τὴν</strong></span> <span class='ocrx_word' id='word_1_551' title='bbox 517 2239 646 2276; x_wconf 77' lang='grc' dir='ltr'>ἀλήθειαν</span> <span class='ocrx_word' id='word_1_552' title='bbox 664 2240 844 2276; x_wconf 79' lang='grc' dir='ltr'>ὲποδήγησεν,</span> <span class='ocrx_word' id='word_1_553' title='bbox 860 2242 944 2277; x_wconf 80' lang='grc' dir='ltr'>ἀναγ-</span> 
     </span>
    </p>
   </div>
   <div class='ocr_carea' id='block_1_76' title="bbox 161 2285 946 2325">
    <p class='ocr_par' dir='ltr' id='par_1_76' title="bbox 161 2285 946 2325">
     <span class='ocr_line' id='line_1_76' title="bbox 161 2285 946 2325; baseline 0.006 -14"><span class='ocrx_word' id='word_1_554' title='bbox 161 2285 245 2316; x_wconf 77' lang='grc' dir='ltr'>καίως</span> <span class='ocrx_word' id='word_1_555' title='bbox 259 2285 305 2311; x_wconf 65' lang='grc' dir='ltr'><strong>καὶ</strong></span> <span class='ocrx_word' id='word_1_556' title='bbox 321 2285 370 2320; x_wconf 86' lang='grc' dir='ltr'>τὴν</span> <span class='ocrx_word' id='word_1_557' title='bbox 379 2285 526 2319; x_wconf 82' lang='grc' dir='ltr'>ἀπολογίαν</span> <span class='ocrx_word' id='word_1_558' title='bbox 533 2285 692 2321; x_wconf 69' lang='grc' dir='ltr'>προσφέρει,</span> <span class='ocrx_word' id='word_1_559' title='bbox 701 2286 748 2313; x_wconf 72' lang='grc' dir='ltr'>καὶ</span> <span class='ocrx_word' id='word_1_560' title='bbox 756 2287 801 2314; x_wconf 83' lang='grc' dir='ltr'><strong>τὺν</strong></span> <span class='ocrx_word' id='word_1_561' title='bbox 809 2288 946 2325; x_wconf 80' lang='grc' dir='ltr'>Δεσπότην</span> 
     </span>
    </p>
   </div>
   <div class='ocr_carea' id='block_1_77' title="bbox 161 2329 946 2367">
    <p class='ocr_par' dir='ltr' id='par_1_77' title="bbox 161 2329 946 2367">
     <span class='ocr_line' id='line_1_77' title="bbox 161 2329 946 2367; baseline 0.006 -11"><span class='ocrx_word' id='word_1_562' title='bbox 161 2329 225 2357; x_wconf 82' lang='grc' dir='ltr'>Θεὸν</span> <span class='ocrx_word' id='word_1_563' title='bbox 236 2332 277 2362; x_wconf 78' lang='grc' dir='ltr'>εις</span> <span class='ocrx_word' id='word_1_564' title='bbox 291 2331 444 2366; x_wconf 79' lang='grc' dir='ltr'>μαρτυρίαν</span> <span class='ocrx_word' id='word_1_565' title='bbox 455 2331 504 2366; x_wconf 83' lang='grc' dir='ltr'>τῆς</span> <span class='ocrx_word' id='word_1_566' title='bbox 512 2331 576 2367; x_wconf 69' lang='grc' dir='ltr'>περὶ</span> <span class='ocrx_word' id='word_1_567' title='bbox 591 2332 689 2364; x_wconf 77' lang='grc' dir='ltr'>αὐτοὺς</span> <span class='ocrx_word' id='word_1_568' title='bbox 699 2332 777 2359; x_wconf 82' lang='grc' dir='ltr'>καλεῖ</span> <span class='ocrx_word' id='word_1_569' title='bbox 789 2334 946 2367; x_wconf 79' lang='grc' dir='ltr'>διαθέσεως.</span> 
     </span>
    </p>
   </div>
   <div class='ocr_carea' id='block_1_78' title="bbox 195 2375 946 2415">
    <p class='ocr_par' dir='ltr' id='par_1_78' title="bbox 195 2375 946 2415">
     <span class='ocr_line' id='line_1_78' title="bbox 195 2375 946 2415; baseline 0.008 -13"><span class='ocrx_word' id='word_1_570' title='bbox 195 2375 227 2407; x_wconf 85' lang='grc' dir='ltr'>θ’,</span> <span class='ocrx_word' id='word_1_571' title='bbox 246 2376 400 2410; x_wconf 80' lang='grc' dir='ltr'><strong>ι’.Μάρτυς</strong></span> <span class='ocrx_word' id='word_1_572' title='bbox 411 2377 466 2412; x_wconf 76' lang='grc' dir='ltr'>γάρ</span> <span class='ocrx_word' id='word_1_573' title='bbox 479 2386 538 2412; x_wconf 85' lang='grc' dir='ltr'><strong>μου</strong></span> <span class='ocrx_word' id='word_1_574' title='bbox 550 2377 636 2405; x_wconf 76' lang='grc' dir='ltr'><em>ἐστὶν</em></span> <span class='ocrx_word' id='word_1_575' title='bbox 651 2379 667 2405; x_wconf 79' lang='grc' dir='ltr'><em>ὁ</em></span> <span class='ocrx_word' id='word_1_576' title='bbox 683 2379 764 2412; x_wconf 84' lang='grc' dir='ltr'>Θεὸς,</span> <span class='ocrx_word' id='word_1_577' title='bbox 776 2377 800 2414; x_wconf 83' lang='grc' dir='ltr'>ᾧ</span> <span class='ocrx_word' id='word_1_578' title='bbox 812 2382 946 2415; x_wconf 70' lang='grc' dir='ltr'>λατρεύω</span> 
     </span>
    </p>
   </div>
   <div class='ocr_carea' id='block_1_79' title="bbox 161 2423 944 2460">
    <p class='ocr_par' dir='ltr' id='par_1_79' title="bbox 161 2423 944 2460">
     <span class='ocr_line' id='line_1_79' title="bbox 161 2423 944 2460; baseline 0.008 -10"><span class='ocrx_word' id='word_1_579' title='bbox 161 2425 194 2451; x_wconf 79' lang='grc' dir='ltr'><strong>ἐν</strong></span> <span class='ocrx_word' id='word_1_580' title='bbox 207 2423 247 2457; x_wconf 84' lang='grc' dir='ltr'>τῷ</span> <span class='ocrx_word' id='word_1_581' title='bbox 258 2424 408 2459; x_wconf 82' lang='grc' dir='ltr'><strong>πνεύματί</strong></span> <span class='ocrx_word' id='word_1_582' title='bbox 419 2433 490 2459; x_wconf 84' lang='grc' dir='ltr'><strong>μου,</strong></span> <span class='ocrx_word' id='word_1_583' title='bbox 506 2425 541 2451; x_wconf 86' lang='grc' dir='ltr'><strong>ἐν</strong></span> <span class='ocrx_word' id='word_1_584' title='bbox 553 2424 593 2457; x_wconf 84' lang='grc' dir='ltr'>τῷ</span> <span class='ocrx_word' id='word_1_585' title='bbox 613 2427 784 2460; x_wconf 74' lang='grc' dir='ltr'>Εὐαγγελίῳ</span> <span class='ocrx_word' id='word_1_586' title='bbox 801 2427 853 2455; x_wconf 79' lang='grc' dir='ltr'><em>τοῦ</em></span> <span class='ocrx_word' id='word_1_587' title='bbox 876 2429 944 2456; x_wconf 80' lang='grc' dir='ltr'><strong>Υἰοῦ</strong></span> 
     </span>
    </p>
   </div>
   <div class='ocr_carea' id='block_1_80' title="bbox 161 2469 943 2509">
    <p class='ocr_par' dir='ltr' id='par_1_80' title="bbox 161 2469 943 2509">
     <span class='ocr_line' id='line_1_80' title="bbox 161 2469 943 2509; baseline 0.006 -13"><span class='ocrx_word' id='word_1_588' title='bbox 161 2471 262 2503; x_wconf 81' lang='grc' dir='ltr'>αὑτοῦ,</span> <span class='ocrx_word' id='word_1_589' title='bbox 286 2471 327 2503; x_wconf 89' lang='grc' dir='ltr'><strong>ὡς</strong></span> <span class='ocrx_word' id='word_1_590' title='bbox 351 2469 550 2503; x_wconf 77' lang='grc' dir='ltr'>ἀδιαλείπτως</span> <span class='ocrx_word' id='word_1_591' title='bbox 567 2472 677 2505; x_wconf 79' lang='grc' dir='ltr'><strong>μνείαν</strong></span> <span class='ocrx_word' id='word_1_592' title='bbox 694 2472 778 2507; x_wconf 79' lang='grc' dir='ltr'><strong>ὑμῶν</strong></span> <span class='ocrx_word' id='word_1_593' title='bbox 794 2473 943 2509; x_wconf 79' lang='grc' dir='ltr'><em>ποιοῦμαι.</em></span> 
     </span>
    </p>
   </div>
   <div class='ocr_carea' id='block_1_81' title="bbox 162 2516 947 2554">
    <p class='ocr_par' dir='ltr' id='par_1_81' title="bbox 162 2516 947 2554">
     <span class='ocr_line' id='line_1_81' title="bbox 162 2516 947 2554; baseline 0.006 -11"><span class='ocrx_word' id='word_1_594' title='bbox 162 2516 294 2544; x_wconf 76' lang='grc' dir='ltr'>Πάντοτε</span> <span class='ocrx_word' id='word_1_595' title='bbox 316 2517 367 2544; x_wconf 77' lang='grc' dir='ltr'><strong>ἐπὶ</strong></span> <span class='ocrx_word' id='word_1_596' title='bbox 389 2516 449 2543; x_wconf 84' lang='grc' dir='ltr'><strong>τῶν</strong></span> <span class='ocrx_word' id='word_1_597' title='bbox 468 2517 646 2552; x_wconf 77' lang='grc' dir='ltr'><strong>προσευχῶν</strong></span> <span class='ocrx_word' id='word_1_598' title='bbox 665 2527 726 2552; x_wconf 83' lang='grc' dir='ltr'><strong>μου</strong></span> <span class='ocrx_word' id='word_1_599' title='bbox 747 2519 898 2554; x_wconf 78' lang='grc' dir='ltr'>δεόμενος,</span> <span class='ocrx_word' id='word_1_600' title='bbox 919 2521 947 2548; x_wconf 79' lang='grc' dir='ltr'>ει</span> 
     </span>
    </p>
   </div>
   <div class='ocr_carea' id='block_1_82' title="bbox 162 2562 946 2600">
    <p class='ocr_par' dir='ltr' id='par_1_82' title="bbox 162 2562 946 2600">
     <span class='ocr_line' id='line_1_82' title="bbox 162 2562 946 2600; baseline 0.006 -11"><span class='ocrx_word' id='word_1_601' title='bbox 162 2570 221 2596; x_wconf 81' lang='grc' dir='ltr'><strong>πως</strong></span> <span class='ocrx_word' id='word_1_602' title='bbox 235 2563 293 2597; x_wconf 80' lang='grc' dir='ltr'><strong>ἤδη</strong></span> <span class='ocrx_word' id='word_1_603' title='bbox 307 2562 380 2589; x_wconf 80' lang='grc' dir='ltr'><strong>ποτὲ</strong></span> <span class='ocrx_word' id='word_1_604' title='bbox 390 2562 614 2598; x_wconf 80' lang='grc' dir='ltr'>εὐοδωθήσομαι</span> <span class='ocrx_word' id='word_1_605' title='bbox 631 2564 667 2590; x_wconf 84' lang='grc' dir='ltr'><strong>ἐν</strong></span> <span class='ocrx_word' id='word_1_606' title='bbox 681 2564 721 2596; x_wconf 81' lang='grc' dir='ltr'>τῷ</span> <span class='ocrx_word' id='word_1_607' title='bbox 734 2566 877 2600; x_wconf 80' lang='grc' dir='ltr'>θελήματι</span> <span class='ocrx_word' id='word_1_608' title='bbox 894 2567 946 2594; x_wconf 82' lang='grc' dir='ltr'><em>τοῦ</em></span> 
     </span>
    </p>
   </div>
   <div class='ocr_carea' id='block_1_83' title="bbox 163 2609 947 2646">
    <p class='ocr_par' dir='ltr' id='par_1_83' title="bbox 163 2609 947 2646">
     <span class='ocr_line' id='line_1_83' title="bbox 163 2609 947 2646; baseline 0.006 -10"><span class='ocrx_word' id='word_1_609' title='bbox 163 2610 235 2636; x_wconf 83' lang='grc' dir='ltr'><em>Θεοῦ</em></span> <span class='ocrx_word' id='word_1_610' title='bbox 251 2609 353 2637; x_wconf 79' lang='grc' dir='ltr'><strong>ἐλθεῖν</strong></span> <span class='ocrx_word' id='word_1_611' title='bbox 365 2609 441 2644; x_wconf 81' lang='grc' dir='ltr'><strong>πρὸς</strong></span> <span class='ocrx_word' id='word_1_612' title='bbox 453 2610 540 2645; x_wconf 83' lang='grc' dir='ltr'><strong>ὑμᾶς.</strong></span> <span class='ocrx_word' id='word_1_613' title='bbox 562 2611 625 2646; x_wconf 82' lang='grc' dir='ltr'>Εῖδη</span> <span class='ocrx_word' id='word_1_614' title='bbox 639 2611 766 2646; x_wconf 79' lang='grc' dir='ltr'>λατρείας</span> <span class='ocrx_word' id='word_1_615' title='bbox 783 2613 879 2640; x_wconf 79' lang='grc' dir='ltr'>πολλά.</span> <span class='ocrx_word' id='word_1_616' title='bbox 893 2615 947 2641; x_wconf 71' lang='grc' dir='ltr'><strong>Καὶ</strong></span> 
     </span>
    </p>
   </div>
   <div class='ocr_carea' id='block_1_84' title="bbox 161 2655 946 2696">
    <p class='ocr_par' dir='ltr' id='par_1_84' title="bbox 161 2655 946 2696">
     <span class='ocr_line' id='line_1_84' title="bbox 161 2655 946 2696; baseline 0.006 -15"><span class='ocrx_word' id='word_1_617' title='bbox 161 2655 214 2690; x_wconf 74' lang='grc' dir='ltr'>γὰρ</span> <span class='ocrx_word' id='word_1_618' title='bbox 233 2657 246 2682; x_wconf 87' lang='lat'><strong>6</strong></span> <span class='ocrx_word' id='word_1_619' title='bbox 262 2656 482 2692; x_wconf 78' lang='grc' dir='ltr'>προσευχόμενος</span> <span class='ocrx_word' id='word_1_620' title='bbox 501 2655 559 2692; x_wconf 87' lang='grc' dir='ltr'>θεῷ</span> <span class='ocrx_word' id='word_1_621' title='bbox 578 2657 713 2692; x_wconf 81' lang='grc' dir='ltr'>λατρεύει,</span> <span class='ocrx_word' id='word_1_622' title='bbox 732 2658 778 2684; x_wconf 71' lang='grc' dir='ltr'><strong>καὶ</strong></span> <span class='ocrx_word' id='word_1_623' title='bbox 798 2659 812 2685; x_wconf 91' lang='lat'><strong>6</strong></span> <span class='ocrx_word' id='word_1_624' title='bbox 835 2661 946 2696; x_wconf 80' lang='grc' dir='ltr'>νηστείᾳ</span> 
     </span>
    </p>
   </div>
   <div class='ocr_carea' id='block_1_85' title="bbox 162 2702 946 2739">
    <p class='ocr_par' dir='ltr' id='par_1_85' title="bbox 162 2702 946 2739">
     <span class='ocr_line' id='line_1_85' title="bbox 162 2702 946 2739; baseline 0.006 -11"><span class='ocrx_word' id='word_1_625' title='bbox 162 2702 311 2737; x_wconf 77' lang='grc' dir='ltr'>χρώμενος,</span> <span class='ocrx_word' id='word_1_626' title='bbox 329 2702 378 2728; x_wconf 73' lang='grc' dir='ltr'><strong>καὶ</strong></span> <span class='ocrx_word' id='word_1_627' title='bbox 389 2702 403 2726; x_wconf 82' lang='grc' dir='ltr'>ὁ</span> <span class='ocrx_word' id='word_1_628' title='bbox 413 2703 469 2733; x_wconf 84' lang='grc' dir='ltr'>τοῖς</span> <span class='ocrx_word' id='word_1_629' title='bbox 483 2702 564 2734; x_wconf 80' lang='grc' dir='ltr'>θείοις</span> <span class='ocrx_word' id='word_1_630' title='bbox 580 2703 720 2739; x_wconf 82' lang='grc' dir='ltr'>προσέχων</span> <span class='ocrx_word' id='word_1_631' title='bbox 730 2703 831 2738; x_wconf 78' lang='grc' dir='ltr'>λογίοις</span> <span class='ocrx_word' id='word_1_632' title='bbox 848 2707 880 2737; x_wconf 77' lang='grc' dir='ltr'><strong>ι’,</strong></span> <span class='ocrx_word' id='word_1_633' title='bbox 900 2707 946 2733; x_wconf 79' lang='grc' dir='ltr'><strong>καὶ</strong></span> 
     </span>
    </p>
   </div>
   <div class='ocr_carea' id='block_1_86' title="bbox 163 2747 944 2785">
    <p class='ocr_par' dir='ltr' id='par_1_86' title="bbox 163 2747 944 2785">
     <span class='ocr_line' id='line_1_86' title="bbox 163 2747 944 2785; baseline 0.005 -12"><span class='ocrx_word' id='word_1_634' title='bbox 163 2747 252 2782; x_wconf 64' lang='grc' dir='ltr'>μέντοι</span> <span class='ocrx_word' id='word_1_635' title='bbox 275 2747 325 2774; x_wconf 76' lang='grc' dir='ltr'><strong>καὶ</strong></span> <span class='ocrx_word' id='word_1_636' title='bbox 346 2748 361 2773; x_wconf 88' lang='lat'><strong>6</strong></span> <span class='ocrx_word' id='word_1_637' title='bbox 378 2747 427 2782; x_wconf 85' lang='grc' dir='ltr'>τῆς</span> <span class='ocrx_word' id='word_1_638' title='bbox 452 2747 505 2773; x_wconf 83' lang='grc' dir='ltr'>τῶν</span> <span class='ocrx_word' id='word_1_639' title='bbox 531 2747 613 2779; x_wconf 79' lang='grc' dir='ltr'>ξένων</span> <span class='ocrx_word' id='word_1_640' title='bbox 634 2747 781 2783; x_wconf 82' lang='grc' dir='ltr'>θεραπείας</span> <span class='ocrx_word' id='word_1_641' title='bbox 799 2750 944 2785; x_wconf 78' lang='grc' dir='ltr'>ἐπιμελού-</span> 
     </span>
    </p>
   </div>
   <div class='ocr_carea' id='block_1_87' title="bbox 198 2814 461 2851">
    <p class='ocr_par' dir='ltr' id='par_1_87' title="bbox 198 2814 461 2851">
     <span class='ocr_line' id='line_1_87' title="bbox 198 2814 461 2851; baseline 0.004 -9"><span class='ocrx_word' id='word_1_642' title='bbox 198 2814 206 2837; x_wconf 72' lang='grc' dir='ltr'>Ῑ</span> <span class='ocrx_word' id='word_1_643' title='bbox 227 2815 348 2851; x_wconf 78' lang='lat' dir='ltr'><strong>Philipp.</strong></span> <span class='ocrx_word' id='word_1_644' title='bbox 364 2824 401 2849; x_wconf 84' lang='lat' dir='ltr'><strong>tv,</strong></span> <span class='ocrx_word' id='word_1_645' title='bbox 416 2816 461 2843; x_wconf 72' lang='grc'><strong>22.</strong></span> 
     </span>
    </p>
   </div>
   <div class='ocr_carea' id='block_1_88' title="bbox 997 1639 1779 1676">
    <p class='ocr_par' dir='ltr' id='par_1_88' title="bbox 997 1639 1779 1676">
     <span class='ocr_line' id='line_1_88' title="bbox 997 1639 1779 1676; baseline -0.006 -6"><span class='ocrx_word' id='word_1_646' title='bbox 997 1644 1071 1676; x_wconf 90' lang='lat' dir='ltr'><strong>bant,</strong></span> <span class='ocrx_word' id='word_1_647' title='bbox 1092 1649 1124 1670; x_wconf 87' lang='lat' dir='ltr'><strong>ea</strong></span> <span class='ocrx_word' id='word_1_648' title='bbox 1144 1642 1205 1669; x_wconf 92' lang='lat' dir='ltr'><strong>illos</strong></span> <span class='ocrx_word' id='word_1_649' title='bbox 1225 1641 1271 1676; x_wconf 91' lang='lat' dir='ltr'><strong>qui</strong></span> <span class='ocrx_word' id='word_1_650' title='bbox 1287 1641 1313 1668; x_wconf 92' lang='lat' dir='ltr'><strong>in</strong></span> <span class='ocrx_word' id='word_1_651' title='bbox 1330 1644 1386 1667; x_wconf 87' lang='lat' dir='ltr'><strong>toto</strong></span> <span class='ocrx_word' id='word_1_652' title='bbox 1404 1643 1483 1667; x_wconf 87' lang='lat' dir='ltr'><strong>erant</strong></span> <span class='ocrx_word' id='word_1_653' title='bbox 1498 1644 1633 1667; x_wconf 82' lang='lat' dir='ltr'><strong>terrarum</strong></span> <span class='ocrx_word' id='word_1_654' title='bbox 1647 1639 1714 1667; x_wconf 83' lang='lat' dir='ltr'><strong>orbe</strong></span> <span class='ocrx_word' id='word_1_655' title='bbox 1740 1639 1779 1665; x_wconf 88' lang='lat' dir='ltr'><strong>la-</strong></span> 
     </span>
    </p>
   </div>
   <div class='ocr_carea' id='block_1_89' title="bbox 995 1685 1781 1720">
    <p class='ocr_par' dir='ltr' id='par_1_89' title="bbox 995 1685 1781 1720">
     <span class='ocr_line' id='line_1_89' title="bbox 995 1685 1781 1720; baseline -0.005 -4"><span class='ocrx_word' id='word_1_656' title='bbox 995 1692 1094 1716; x_wconf 91' lang='lat' dir='ltr'><strong>terent.</strong></span> <span class='ocrx_word' id='word_1_657' title='bbox 1127 1687 1156 1715; x_wconf 90' lang='lat' dir='ltr'><strong>In</strong></span> <span class='ocrx_word' id='word_1_658' title='bbox 1186 1687 1232 1714; x_wconf 92' lang='lat' dir='ltr'><strong>illa</strong></span> <span class='ocrx_word' id='word_1_659' title='bbox 1266 1686 1339 1714; x_wconf 89' lang='lat' dir='ltr'><strong>enim</strong></span> <span class='ocrx_word' id='word_1_660' title='bbox 1383 1685 1568 1712; x_wconf 85' lang='lat' dir='ltr'><strong>Romanorum</strong></span> <span class='ocrx_word' id='word_1_661' title='bbox 1603 1685 1781 1720; x_wconf 81' lang='lat' dir='ltr'><strong>imperatores</strong></span> 
     </span>
    </p>
   </div>
   <div class='ocr_carea' id='block_1_90' title="bbox 996 1731 1780 1771">
    <p class='ocr_par' dir='ltr' id='par_1_90' title="bbox 996 1731 1780 1771">
     <span class='ocr_line' id='line_1_90' title="bbox 996 1731 1780 1771; baseline -0.006 -9"><span class='ocrx_word' id='word_1_662' title='bbox 996 1735 1097 1771; x_wconf 81' lang='lat' dir='ltr'><strong>regiam</strong></span> <span class='ocrx_word' id='word_1_663' title='bbox 1113 1741 1191 1762; x_wconf 86' lang='lat' dir='ltr'><strong>suam</strong></span> <span class='ocrx_word' id='word_1_664' title='bbox 1207 1732 1356 1764; x_wconf 78' lang='lat' dir='ltr'><strong>habebant,</strong></span> <span class='ocrx_word' id='word_1_665' title='bbox 1378 1736 1405 1760; x_wconf 87' lang='lat' dir='ltr'><strong>et</strong></span> <span class='ocrx_word' id='word_1_666' title='bbox 1421 1732 1496 1771; x_wconf 83' lang='lat' dir='ltr'><strong>illinc</strong></span> <span class='ocrx_word' id='word_1_667' title='bbox 1514 1731 1702 1763; x_wconf 82' lang='lat' dir='ltr'><strong>mittebantur,</strong></span> <span class='ocrx_word' id='word_1_668' title='bbox 1724 1735 1780 1757; x_wconf 90' lang='lat' dir='ltr'><strong>tum</strong></span> 
     </span>
    </p>
   </div>
   <div class='ocr_carea' id='block_1_91' title="bbox 995 1777 1782 1817">
    <p class='ocr_par' dir='ltr' id='par_1_91' title="bbox 995 1777 1782 1817">
     <span class='ocr_line' id='line_1_91' title="bbox 995 1777 1782 1817; baseline -0.003 -11"><span class='ocrx_word' id='word_1_669' title='bbox 995 1781 1041 1817; x_wconf 84' lang='lat' dir='ltr'><strong>qui</strong></span> <span class='ocrx_word' id='word_1_670' title='bbox 1060 1780 1187 1816; x_wconf 76' lang='lat' dir='ltr'><strong>gentibus</strong></span> <span class='ocrx_word' id='word_1_671' title='bbox 1204 1783 1365 1815; x_wconf 68' lang='lat' dir='ltr'><strong>pratessent,</strong></span> <span class='ocrx_word' id='word_1_672' title='bbox 1384 1783 1441 1806; x_wconf 92' lang='lat' dir='ltr'><strong>tum</strong></span> <span class='ocrx_word' id='word_1_673' title='bbox 1455 1778 1529 1813; x_wconf 86' lang='lat' dir='ltr'><strong>quia</strong></span> <span class='ocrx_word' id='word_1_674' title='bbox 1548 1777 1707 1806; x_wconf 87' lang='lat' dir='ltr'><strong>civitatibus</strong></span> <span class='ocrx_word' id='word_1_675' title='bbox 1721 1784 1782 1804; x_wconf 82' lang='lat' dir='ltr'><strong>rec-</strong></span> 
     </span>
    </p>
   </div>
   <div class='ocr_carea' id='block_1_92' title="bbox 997 1821 1783 1862">
    <p class='ocr_par' dir='ltr' id='par_1_92' title="bbox 997 1821 1783 1862">
     <span class='ocr_line' id='line_1_92' title="bbox 997 1821 1783 1862; baseline -0.005 -9"><span class='ocrx_word' id='word_1_676' title='bbox 997 1826 1061 1862; x_wconf 81' lang='lat' dir='ltr'><strong>tigal</strong></span> <span class='ocrx_word' id='word_1_677' title='bbox 1074 1826 1222 1861; x_wconf 73' lang='lat' dir='ltr'><strong>exigerent.</strong></span> <span class='ocrx_word' id='word_1_678' title='bbox 1239 1823 1300 1851; x_wconf 84' lang='lat' dir='ltr'><strong>Jam</strong></span> <span class='ocrx_word' id='word_1_679' title='bbox 1315 1831 1379 1852; x_wconf 84' lang='lat' dir='ltr'><strong>vero</strong></span> <span class='ocrx_word' id='word_1_680' title='bbox 1392 1821 1505 1850; x_wconf 83' lang='lat' dir='ltr'><strong>in‘illam</strong></span> <span class='ocrx_word' id='word_1_681' title='bbox 1516 1830 1625 1858; x_wconf 83' lang='lat' dir='ltr'><strong>quoque</strong></span> <span class='ocrx_word' id='word_1_682' title='bbox 1635 1829 1783 1850; x_wconf 81' lang='lat' dir='ltr'><strong>concurre-</strong></span> 
     </span>
    </p>
   </div>
   <div class='ocr_carea' id='block_1_93' title="bbox 996 1868 1782 1907">
    <p class='ocr_par' dir='ltr' id='par_1_93' title="bbox 996 1868 1782 1907">
     <span class='ocr_line' id='line_1_93' title="bbox 996 1868 1782 1907; baseline -0.008 -7"><span class='ocrx_word' id='word_1_683' title='bbox 996 1873 1061 1901; x_wconf 84' lang='lat' dir='ltr'><strong>bant</strong></span> <span class='ocrx_word' id='word_1_684' title='bbox 1076 1880 1171 1900; x_wconf 83' lang='lat' dir='ltr'><strong>omnes</strong></span> <span class='ocrx_word' id='word_1_685' title='bbox 1187 1871 1234 1907; x_wconf 90' lang='lat' dir='ltr'><strong>qui</strong></span> <span class='ocrx_word' id='word_1_686' title='bbox 1250 1870 1349 1907; x_wconf 75' lang='lat' dir='ltr'><strong>regalia</strong></span> <span class='ocrx_word' id='word_1_687' title='bbox 1365 1869 1493 1905; x_wconf 80' lang='lat' dir='ltr'><strong>petebant</strong></span> <span class='ocrx_word' id='word_1_688' title='bbox 1510 1868 1644 1897; x_wconf 80' lang='lat' dir='ltr'><strong>beneficia</strong></span> <span class='ocrx_word' id='word_1_689' title='bbox 1663 1877 1670 1895; x_wconf 91' lang='lat'>:</span> <span class='ocrx_word' id='word_1_690' title='bbox 1687 1872 1713 1896; x_wconf 86' lang='lat' dir='ltr'><strong>et</strong></span> <span class='ocrx_word' id='word_1_691' title='bbox 1735 1875 1782 1903; x_wconf 86' lang='lat' dir='ltr'><strong>per</strong></span> 
     </span>
    </p>
   </div>
   <div class='ocr_carea' id='block_1_94' title="bbox 996 1914 1783 1953">
    <p class='ocr_par' dir='ltr' id='par_1_94' title="bbox 996 1914 1783 1953">
     <span class='ocr_line' id='line_1_94' title="bbox 996 1914 1783 1953; baseline -0.008 -6"><span class='ocrx_word' id='word_1_692' title='bbox 996 1920 1046 1947; x_wconf 83' lang='lat' dir='ltr'><strong>hos</strong></span> <span class='ocrx_word' id='word_1_693' title='bbox 1063 1925 1158 1946; x_wconf 85' lang='lat' dir='ltr'><strong>omnes</strong></span> <span class='ocrx_word' id='word_1_694' title='bbox 1174 1918 1276 1953; x_wconf 88' lang='lat' dir='ltr'><strong>ubique</strong></span> <span class='ocrx_word' id='word_1_695' title='bbox 1301 1915 1517 1952; x_wconf 76' lang='lat' dir='ltr'><strong>signiﬁcabatur,</strong></span> <span class='ocrx_word' id='word_1_696' title='bbox 1529 1915 1602 1951; x_wconf 90' lang='lat' dir='ltr'><strong>quod</strong></span> <span class='ocrx_word' id='word_1_697' title='bbox 1615 1914 1713 1943; x_wconf 82' lang='lat' dir='ltr'><strong>civitas</strong></span> <span class='ocrx_word' id='word_1_698' title='bbox 1730 1914 1783 1941; x_wconf 75' lang='lat' dir='ltr'><strong>Ro-</strong></span> 
     </span>
    </p>
   </div>
   <div class='ocr_carea' id='block_1_95' title="bbox 998 1959 1782 1997">
    <p class='ocr_par' dir='ltr' id='par_1_95' title="bbox 998 1959 1782 1997">
     <span class='ocr_line' id='line_1_95' title="bbox 998 1959 1782 1997; baseline -0.005 -5"><span class='ocrx_word' id='word_1_699' title='bbox 998 1960 1142 1992; x_wconf 76' lang='lat' dir='ltr'><strong>manoruni</strong></span> <span class='ocrx_word' id='word_1_700' title='bbox 1159 1963 1264 1991; x_wconf 80' lang='lat' dir='ltr'><strong>Christi</strong></span> <span class='ocrx_word' id='word_1_701' title='bbox 1277 1962 1429 1990; x_wconf 81' lang='lat' dir='ltr'><strong>doctrinam</strong></span> <span class='ocrx_word' id='word_1_702' title='bbox 1441 1963 1610 1997; x_wconf 85' lang='lat' dir='ltr'><strong>perceperat.</strong></span> <span class='ocrx_word' id='word_1_703' title='bbox 1622 1959 1679 1989; x_wconf 87' lang='lat' dir='ltr'><strong>Hoc</strong></span> <span class='ocrx_word' id='word_1_704' title='bbox 1691 1965 1782 1989; x_wconf 86' lang='lat' dir='ltr'><strong>autem</strong></span> 
     </span>
    </p>
   </div>
   <div class='ocr_carea' id='block_1_96' title="bbox 996 2007 1781 2049">
    <p class='ocr_par' dir='ltr' id='par_1_96' title="bbox 996 2007 1781 2049">
     <span class='ocr_line' id='line_1_96' title="bbox 996 2007 1781 2049; baseline -0.008 -8"><span class='ocrx_word' id='word_1_705' title='bbox 996 2014 1030 2041; x_wconf 86' lang='lat' dir='ltr'><strong>iis</strong></span> <span class='ocrx_word' id='word_1_706' title='bbox 1048 2012 1096 2049; x_wconf 86' lang='lat' dir='ltr'><strong>qui</strong></span> <span class='ocrx_word' id='word_1_707' title='bbox 1124 2011 1271 2040; x_wconf 80' lang='lat' dir='ltr'><strong>audiebant</strong></span> <span class='ocrx_word' id='word_1_708' title='bbox 1295 2010 1443 2038; x_wconf 78' lang='lat' dir='ltr'><strong>maximam</strong></span> <span class='ocrx_word' id='word_1_709' title='bbox 1465 2008 1611 2037; x_wconf 86' lang='lat' dir='ltr'><strong>utilitatem</strong></span> <span class='ocrx_word' id='word_1_710' title='bbox 1643 2007 1781 2036; x_wconf 77' lang='lat' dir='ltr'><strong>afferebat.</strong></span> 
     </span>
    </p>
   </div>
   <div class='ocr_carea' id='block_1_97' title="bbox 997 2053 1782 2092">
    <p class='ocr_par' dir='ltr' id='par_1_97' title="bbox 997 2053 1782 2092">
     <span class='ocr_line' id='line_1_97' title="bbox 997 2053 1782 2092; baseline -0.008 -5"><span class='ocrx_word' id='word_1_711' title='bbox 997 2058 1074 2087; x_wconf 82' lang='lat' dir='ltr'><strong>Unde</strong></span> <span class='ocrx_word' id='word_1_712' title='bbox 1089 2062 1115 2086; x_wconf 89' lang='lat' dir='ltr'><strong>et</strong></span> <span class='ocrx_word' id='word_1_713' title='bbox 1137 2057 1247 2085; x_wconf 84' lang='lat' dir='ltr'><strong>divinus</strong></span> <span class='ocrx_word' id='word_1_714' title='bbox 1276 2055 1426 2092; x_wconf 79' lang='lat' dir='ltr'><strong>Apostolus</strong></span> <span class='ocrx_word' id='word_1_715' title='bbox 1442 2058 1553 2091; x_wconf 87' lang='lat' dir='ltr'><strong>propter</strong></span> <span class='ocrx_word' id='word_1_716' title='bbox 1564 2055 1622 2082; x_wconf 66' lang='lat' dir='ltr'><strong>haec</strong></span> <span class='ocrx_word' id='word_1_717' title='bbox 1639 2053 1782 2082; x_wconf 85' lang='lat' dir='ltr'><strong>Dominum</strong></span> 
     </span>
    </p>
   </div>
   <div class='ocr_carea' id='block_1_98' title="bbox 999 2100 1782 2141">
    <p class='ocr_par' dir='ltr' id='par_1_98' title="bbox 999 2100 1782 2141">
     <span class='ocr_line' id='line_1_98' title="bbox 999 2100 1782 2141; baseline -0.006 -8"><span class='ocrx_word' id='word_1_718' title='bbox 999 2106 1052 2141; x_wconf 71' lang='grc' dir='ltr'><strong>ιε</strong></span> <span class='ocrx_word' id='word_1_719' title='bbox 1069 2104 1207 2133; x_wconf 83' lang='lat' dir='ltr'><strong>laudabat.</strong></span> <span class='ocrx_word' id='word_1_720' title='bbox 1229 2102 1365 2136; x_wconf 86' lang='lat' dir='ltr'><strong>Quoniam</strong></span> <span class='ocrx_word' id='word_1_721' title='bbox 1396 2105 1488 2130; x_wconf 80' lang='lat' dir='ltr'><strong>autent</strong></span> <span class='ocrx_word' id='word_1_722' title='bbox 1509 2100 1631 2129; x_wconf 90' lang='lat' dir='ltr'><strong>omnium</strong></span> <span class='ocrx_word' id='word_1_723' title='bbox 1661 2100 1782 2136; x_wconf 77' lang='lat' dir='ltr'><strong>gentium</strong></span> 
     </span>
    </p>
   </div>
   <div class='ocr_carea' id='block_1_99' title="bbox 998 2147 1783 2184">
    <p class='ocr_par' dir='ltr' id='par_1_99' title="bbox 998 2147 1783 2184">
     <span class='ocr_line' id='line_1_99' title="bbox 998 2147 1783 2184; baseline -0.009 -3"><span class='ocrx_word' id='word_1_724' title='bbox 998 2161 1027 2181; x_wconf 82' lang='lat' dir='ltr'><strong>se</strong></span> <span class='ocrx_word' id='word_1_725' title='bbox 1042 2152 1079 2180; x_wconf 89' lang='lat' dir='ltr'><strong>ait</strong></span> <span class='ocrx_word' id='word_1_726' title='bbox 1091 2151 1176 2180; x_wconf 82' lang='lat' dir='ltr'><strong>fuisse</strong></span> <span class='ocrx_word' id='word_1_727' title='bbox 1186 2150 1366 2178; x_wconf 90' lang='lat' dir='ltr'><strong>constitutum</strong></span> <span class='ocrx_word' id='word_1_728' title='bbox 1379 2149 1547 2184; x_wconf 86' lang='lat' dir='ltr'><strong>apostolum,</strong></span> <span class='ocrx_word' id='word_1_729' title='bbox 1560 2147 1677 2175; x_wconf 91' lang='lat' dir='ltr'><strong>multum</strong></span> <span class='ocrx_word' id='word_1_730' title='bbox 1691 2151 1783 2175; x_wconf 88' lang='lat' dir='ltr'><strong>autem</strong></span> 
     </span>
    </p>
   </div>
   <div class='ocr_carea' id='block_1_100' title="bbox 998 2193 1781 2234">
    <p class='ocr_par' dir='ltr' id='par_1_100' title="bbox 998 2193 1781 2234">
     <span class='ocr_line' id='line_1_100' title="bbox 998 2193 1781 2234; baseline -0.01 -7"><span class='ocrx_word' id='word_1_731' title='bbox 998 2198 1130 2234; x_wconf 85' lang='lat' dir='ltr'><strong>temporis</strong></span> <span class='ocrx_word' id='word_1_732' title='bbox 1143 2195 1321 2233; x_wconf 67' lang='lat' dir='ltr'><strong>praeterierat.</strong></span> <span class='ocrx_word' id='word_1_733' title='bbox 1337 2202 1391 2230; x_wconf 94' lang='lat' dir='ltr'><strong>quo</strong></span> <span class='ocrx_word' id='word_1_734' title='bbox 1405 2202 1454 2222; x_wconf 85' lang='lat' dir='ltr'><strong>nec</strong></span> <span class='ocrx_word' id='word_1_735' title='bbox 1470 2193 1529 2230; x_wconf 85' lang='lat' dir='ltr'><strong>ipse</strong></span> <span class='ocrx_word' id='word_1_736' title='bbox 1546 2193 1579 2220; x_wconf 88' lang='lat' dir='ltr'><strong>ad</strong></span> <span class='ocrx_word' id='word_1_737' title='bbox 1598 2201 1645 2221; x_wconf 85' lang='lat' dir='ltr'><strong>eos</strong></span> <span class='ocrx_word' id='word_1_738' title='bbox 1659 2195 1781 2224; x_wconf 87' lang='lat' dir='ltr'><strong>venerat,</strong></span> 
     </span>
    </p>
   </div>
   <div class='ocr_carea' id='block_1_101' title="bbox 999 2238 1785 2280">
    <p class='ocr_par' dir='ltr' id='par_1_101' title="bbox 999 2238 1785 2280">
     <span class='ocr_line' id='line_1_101' title="bbox 999 2238 1785 2280; baseline -0.009 -7"><span class='ocrx_word' id='word_1_739' title='bbox 999 2253 1050 2273; x_wconf 85' lang='lat' dir='ltr'><strong>nec</strong></span> <span class='ocrx_word' id='word_1_740' title='bbox 1063 2245 1137 2280; x_wconf 86' lang='lat' dir='ltr'><strong>ipsos</strong></span> <span class='ocrx_word' id='word_1_741' title='bbox 1153 2243 1250 2271; x_wconf 83' lang='lat' dir='ltr'><strong>litteris</strong></span> <span class='ocrx_word' id='word_1_742' title='bbox 1264 2242 1297 2270; x_wconf 90' lang='lat' dir='ltr'><strong>ad</strong></span> <span class='ocrx_word' id='word_1_743' title='bbox 1315 2241 1456 2269; x_wconf 87' lang='lat' dir='ltr'><strong>veritatem</strong></span> <span class='ocrx_word' id='word_1_744' title='bbox 1481 2238 1639 2272; x_wconf 84' lang='lat' dir='ltr'><strong>deduxerat,</strong></span> <span class='ocrx_word' id='word_1_745' title='bbox 1658 2246 1785 2267; x_wconf 80' lang='lat' dir='ltr'><strong>necessa-</strong></span> 
     </span>
    </p>
   </div>
   <div class='ocr_carea' id='block_1_102' title="bbox 1000 2285 1785 2321">
    <p class='ocr_par' dir='ltr' id='par_1_102' title="bbox 1000 2285 1785 2321">
     <span class='ocr_line' id='line_1_102' title="bbox 1000 2285 1785 2321; baseline -0.009 -2"><span class='ocrx_word' id='word_1_746' title='bbox 1000 2292 1041 2318; x_wconf 88' lang='lat' dir='ltr'><strong>rio</strong></span> <span class='ocrx_word' id='word_1_747' title='bbox 1057 2289 1136 2318; x_wconf 69' lang='lat' dir='ltr'><strong>aliert</strong></span> <span class='ocrx_word' id='word_1_748' title='bbox 1148 2288 1369 2321; x_wconf 79' lang='lat' dir='ltr'><strong>excusationem,</strong></span> <span class='ocrx_word' id='word_1_749' title='bbox 1385 2291 1412 2314; x_wconf 91' lang='lat' dir='ltr'><strong>et</strong></span> <span class='ocrx_word' id='word_1_750' title='bbox 1424 2285 1568 2314; x_wconf 89' lang='lat' dir='ltr'><strong>Dominum</strong></span> <span class='ocrx_word' id='word_1_751' title='bbox 1582 2285 1665 2313; x_wconf 80' lang='lat' dir='ltr'><strong>Deum</strong></span> <span class='ocrx_word' id='word_1_752' title='bbox 1679 2285 1712 2313; x_wconf 89' lang='lat' dir='ltr'><strong>ad</strong></span> <span class='ocrx_word' id='word_1_753' title='bbox 1729 2293 1785 2313; x_wconf 75' lang='lat' dir='ltr'><strong>sua:</strong></span> 
     </span>
    </p>
   </div>
   <div class='ocr_carea' id='block_1_103' title="bbox 999 2332 1613 2364">
    <p class='ocr_par' dir='ltr' id='par_1_103' title="bbox 999 2332 1613 2364">
     <span class='ocr_line' id='line_1_103' title="bbox 999 2332 1613 2364; baseline -0.01 0"><span class='ocrx_word' id='word_1_754' title='bbox 999 2338 1027 2364; x_wconf 88' lang='lat' dir='ltr'><strong>in</strong></span> <span class='ocrx_word' id='word_1_755' title='bbox 1043 2344 1090 2364; x_wconf 85' lang='lat' dir='ltr'><strong>eos</strong></span> <span class='ocrx_word' id='word_1_756' title='bbox 1106 2333 1303 2363; x_wconf 74' lang='lat' dir='ltr'><strong>benevolentia:</strong></span> <span class='ocrx_word' id='word_1_757' title='bbox 1318 2332 1504 2360; x_wconf 84' lang='lat' dir='ltr'><strong>testimonium</strong></span> <span class='ocrx_word' id='word_1_758' title='bbox 1522 2336 1613 2358; x_wconf 82' lang='lat' dir='ltr'><strong>vocat.</strong></span> 
     </span>
    </p>
   </div>
   <div class='ocr_carea' id='block_1_104' title="bbox 1037 2376 1785 2414">
    <p class='ocr_par' dir='ltr' id='par_1_104' title="bbox 1037 2376 1785 2414">
     <span class='ocr_line' id='line_1_104' title="bbox 1037 2376 1785 2414; baseline -0.009 -4"><span class='ocrx_word' id='word_1_759' title='bbox 1037 2382 1119 2409; x_wconf 70' lang='lat' dir='ltr'><strong>Vens.</strong></span> <span class='ocrx_word' id='word_1_760' title='bbox 1137 2381 1164 2414; x_wconf 89' lang='lat'><strong>9,</strong></span> <span class='ocrx_word' id='word_1_761' title='bbox 1180 2380 1223 2407; x_wconf 78' lang='grc'><strong>10.</strong></span> <span class='ocrx_word' id='word_1_762' title='bbox 1241 2379 1326 2407; x_wconf 79' lang='lat' dir='ltr'><strong>Testis</strong></span> <span class='ocrx_word' id='word_1_763' title='bbox 1341 2379 1409 2405; x_wconf 83' lang='lat' dir='ltr'><strong>enim</strong></span> <span class='ocrx_word' id='word_1_764' title='bbox 1421 2386 1492 2405; x_wconf 85' lang='lat' dir='ltr'><strong>meus</strong></span> <span class='ocrx_word' id='word_1_765' title='bbox 1507 2382 1544 2405; x_wconf 85' lang='lat' dir='ltr'><strong>est</strong></span> <span class='ocrx_word' id='word_1_766' title='bbox 1563 2376 1633 2404; x_wconf 85' lang='lat' dir='ltr'><strong>Deus</strong></span> <span class='ocrx_word' id='word_1_767' title='bbox 1644 2377 1687 2403; x_wconf 80' lang='lat' dir='ltr'><strong>cui</strong></span> <span class='ocrx_word' id='word_1_768' title='bbox 1702 2376 1785 2404; x_wconf 77' lang='lat' dir='ltr'><strong>servio</strong></span> 
     </span>
    </p>
   </div>
   <div class='ocr_carea' id='block_1_105' title="bbox 1001 2421 1786 2463">
    <p class='ocr_par' dir='ltr' id='par_1_105' title="bbox 1001 2421 1786 2463">
     <span class='ocr_line' id='line_1_105' title="bbox 1001 2421 1786 2463; baseline -0.01 -7"><span class='ocrx_word' id='word_1_769' title='bbox 1001 2430 1027 2456; x_wconf 84' lang='lat' dir='ltr'><strong>in</strong></span> <span class='ocrx_word' id='word_1_770' title='bbox 1044 2428 1138 2463; x_wconf 75' lang='lat' dir='ltr'><strong>spiritu</strong></span> <span class='ocrx_word' id='word_1_771' title='bbox 1150 2435 1217 2459; x_wconf 85' lang='lat' dir='ltr'><strong>meo,</strong></span> <span class='ocrx_word' id='word_1_772' title='bbox 1235 2426 1261 2452; x_wconf 85' lang='lat' dir='ltr'><strong>in</strong></span> <span class='ocrx_word' id='word_1_773' title='bbox 1279 2423 1421 2459; x_wconf 82' lang='lat' dir='ltr'><strong>Evangelia</strong></span> <span class='ocrx_word' id='word_1_774' title='bbox 1433 2422 1499 2449; x_wconf 82' lang='lat' dir='ltr'><strong>Filii</strong></span> <span class='ocrx_word' id='word_1_775' title='bbox 1510 2422 1578 2457; x_wconf 84' lang='lat' dir='ltr'><strong>ejus,</strong></span> <span class='ocrx_word' id='word_1_776' title='bbox 1591 2421 1660 2458; x_wconf 79' lang='lat' dir='ltr'><strong>quod</strong></span> <span class='ocrx_word' id='word_1_777' title='bbox 1675 2421 1731 2448; x_wconf 82' lang='lat' dir='ltr'><strong>sine</strong></span> <span class='ocrx_word' id='word_1_778' title='bbox 1746 2422 1786 2448; x_wconf 86' lang='lat' dir='ltr'><strong>in—</strong></span> 
     </span>
    </p>
   </div>
   <div class='ocr_carea' id='block_1_106' title="bbox 1002 2467 1784 2504">
    <p class='ocr_par' dir='ltr' id='par_1_106' title="bbox 1002 2467 1784 2504">
     <span class='ocr_line' id='line_1_106' title="bbox 1002 2467 1784 2504; baseline -0.013 -1"><span class='ocrx_word' id='word_1_779' title='bbox 1002 2475 1165 2504; x_wconf 83' lang='lat' dir='ltr'><strong>termissione</strong></span> <span class='ocrx_word' id='word_1_780' title='bbox 1182 2471 1336 2500; x_wconf 80' lang='lat' dir='ltr'><strong>memoriam</strong></span> <span class='ocrx_word' id='word_1_781' title='bbox 1350 2470 1429 2497; x_wconf 82' lang='lat' dir='ltr'><strong>vestri</strong></span> <span class='ocrx_word' id='word_1_782' title='bbox 1446 2468 1526 2504; x_wconf 81' lang='lat' dir='ltr'><strong>facio.</strong></span> <span class='ocrx_word' id='word_1_783' title='bbox 1553 2467 1658 2502; x_wconf 81' lang='lat' dir='ltr'><strong>Semper</strong></span> <span class='ocrx_word' id='word_1_784' title='bbox 1671 2468 1699 2494; x_wconf 87' lang='lat' dir='ltr'><strong>in</strong></span> <span class='ocrx_word' id='word_1_785' title='bbox 1722 2477 1784 2495; x_wconf 85' lang='lat' dir='ltr'><strong>ora-</strong></span> 
     </span>
    </p>
   </div>
   <div class='ocr_carea' id='block_1_107' title="bbox 999 2511 1785 2551">
    <p class='ocr_par' dir='ltr' id='par_1_107' title="bbox 999 2511 1785 2551">
     <span class='ocr_line' id='line_1_107' title="bbox 999 2511 1785 2551; baseline -0.01 -2"><span class='ocrx_word' id='word_1_786' title='bbox 999 2521 1113 2549; x_wconf 71' lang='lat' dir='ltr'><strong>tionibus</strong></span> <span class='ocrx_word' id='word_1_787' title='bbox 1126 2519 1189 2547; x_wconf 87' lang='lat' dir='ltr'><strong>meis</strong></span> <span class='ocrx_word' id='word_1_788' title='bbox 1200 2517 1431 2551; x_wconf 85' lang='lat' dir='ltr'><strong>obsecrans,siquo</strong></span> <span class='ocrx_word' id='word_1_789' title='bbox 1444 2514 1520 2541; x_wconf 86' lang='lat' dir='ltr'><strong>modo</strong></span> <span class='ocrx_word' id='word_1_790' title='bbox 1533 2511 1637 2540; x_wconf 81' lang='lat' dir='ltr'><strong>tandem</strong></span> <span class='ocrx_word' id='word_1_791' title='bbox 1644 2513 1785 2550; x_wconf 83' lang='lat' dir='ltr'><strong>aliquando</strong></span> 
     </span>
    </p>
   </div>
   <div class='ocr_carea' id='block_1_108' title="bbox 997 2559 1786 2604">
    <p class='ocr_par' dir='ltr' id='par_1_108' title="bbox 997 2559 1786 2604">
     <span class='ocr_line' id='line_1_108' title="bbox 997 2559 1786 2604; baseline -0.01 -9"><span class='ocrx_word' id='word_1_792' title='bbox 997 2574 1150 2604; x_wconf 79' lang='lat' dir='ltr'><strong>prosperum</strong></span> <span class='ocrx_word' id='word_1_793' title='bbox 1169 2565 1218 2593; x_wconf 87' lang='lat' dir='ltr'><strong>iter</strong></span> <span class='ocrx_word' id='word_1_794' title='bbox 1232 2564 1340 2590; x_wconf 85' lang='lat' dir='ltr'><strong>habeam</strong></span> <span class='ocrx_word' id='word_1_795' title='bbox 1365 2562 1391 2589; x_wconf 86' lang='lat' dir='ltr'><strong>in</strong></span> <span class='ocrx_word' id='word_1_796' title='bbox 1407 2560 1541 2588; x_wconf 79' lang='lat' dir='ltr'><strong>voluntate</strong></span> <span class='ocrx_word' id='word_1_797' title='bbox 1555 2559 1603 2588; x_wconf 87' lang='lat' dir='ltr'><strong>Dei</strong></span> <span class='ocrx_word' id='word_1_798' title='bbox 1619 2561 1737 2588; x_wconf 73' lang='lat' dir='ltr'><strong>veniendi</strong></span> <span class='ocrx_word' id='word_1_799' title='bbox 1752 2560 1786 2587; x_wconf 82' lang='lat' dir='ltr'><strong>ad</strong></span> 
     </span>
    </p>
   </div>
   <div class='ocr_carea' id='block_1_109' title="bbox 999 2606 1785 2643">
    <p class='ocr_par' dir='ltr' id='par_1_109' title="bbox 999 2606 1785 2643">
     <span class='ocr_line' id='line_1_109' title="bbox 999 2606 1785 2643; baseline -0.01 -2"><span class='ocrx_word' id='word_1_800' title='bbox 999 2623 1053 2642; x_wconf 81' lang='lat' dir='ltr'><strong>vos.</strong></span> <span class='ocrx_word' id='word_1_801' title='bbox 1071 2613 1154 2640; x_wconf 77' lang='lat' dir='ltr'><strong>Multa</strong></span> <span class='ocrx_word' id='word_1_802' title='bbox 1170 2610 1254 2638; x_wconf 89' lang='lat' dir='ltr'><strong>divini</strong></span> <span class='ocrx_word' id='word_1_803' title='bbox 1268 2609 1359 2637; x_wconf 87' lang='lat' dir='ltr'><strong>cultus</strong></span> <span class='ocrx_word' id='word_1_804' title='bbox 1376 2612 1440 2636; x_wconf 89' lang='lat' dir='ltr'><strong>sunt</strong></span> <span class='ocrx_word' id='word_1_805' title='bbox 1451 2615 1561 2643; x_wconf 83' lang='lat' dir='ltr'><strong>genera.</strong></span> <span class='ocrx_word' id='word_1_806' title='bbox 1577 2606 1643 2634; x_wconf 88' lang='lat' dir='ltr'><strong>Nam</strong></span> <span class='ocrx_word' id='word_1_807' title='bbox 1662 2612 1688 2634; x_wconf 85' lang='lat' dir='ltr'><strong>et</strong></span> <span class='ocrx_word' id='word_1_808' title='bbox 1700 2607 1785 2634; x_wconf 86' lang='lat' dir='ltr'><strong>Deum</strong></span> 
     </span>
    </p>
   </div>
   <div class='ocr_carea' id='block_1_110' title="bbox 999 2653 1786 2694">
    <p class='ocr_par' dir='ltr' id='par_1_110' title="bbox 999 2653 1786 2694">
     <span class='ocr_line' id='line_1_110' title="bbox 999 2653 1786 2694; baseline -0.013 -6"><span class='ocrx_word' id='word_1_809' title='bbox 999 2660 1066 2688; x_wconf 78' lang='lat' dir='ltr'><strong>Colit</strong></span> <span class='ocrx_word' id='word_1_810' title='bbox 1080 2659 1127 2694; x_wconf 93' lang='lat' dir='ltr'><strong>qui</strong></span> <span class='ocrx_word' id='word_1_811' title='bbox 1143 2658 1227 2685; x_wconf 89' lang='lat' dir='ltr'><strong>Deum</strong></span> <span class='ocrx_word' id='word_1_812' title='bbox 1243 2660 1381 2692; x_wconf 79' lang='lat' dir='ltr'><strong>precatur.</strong></span> <span class='ocrx_word' id='word_1_813' title='bbox 1401 2659 1427 2682; x_wconf 91' lang='lat' dir='ltr'><strong>et</strong></span> <span class='ocrx_word' id='word_1_814' title='bbox 1448 2654 1492 2689; x_wconf 90' lang='lat' dir='ltr'><strong>qui</strong></span> <span class='ocrx_word' id='word_1_815' title='bbox 1516 2653 1621 2688; x_wconf 85' lang='lat' dir='ltr'><strong>jejunio</strong></span> <span class='ocrx_word' id='word_1_816' title='bbox 1641 2653 1736 2686; x_wconf 86' lang='lat' dir='ltr'><strong>utitur,</strong></span> <span class='ocrx_word' id='word_1_817' title='bbox 1760 2656 1786 2679; x_wconf 69' lang='lat' dir='ltr'><strong>et</strong></span> 
     </span>
    </p>
   </div>
   <div class='ocr_carea' id='block_1_111' title="bbox 1000 2699 1786 2742">
    <p class='ocr_par' dir='ltr' id='par_1_111' title="bbox 1000 2699 1786 2742">
     <span class='ocr_line' id='line_1_111' title="bbox 1000 2699 1786 2742; baseline -0.013 -8"><span class='ocrx_word' id='word_1_818' title='bbox 1000 2707 1046 2742; x_wconf 90' lang='lat' dir='ltr'><strong>qui</strong></span> <span class='ocrx_word' id='word_1_819' title='bbox 1065 2709 1144 2733; x_wconf 83' lang='lat' dir='ltr'><strong>vacat</strong></span> <span class='ocrx_word' id='word_1_820' title='bbox 1164 2703 1263 2731; x_wconf 84' lang='lat' dir='ltr'><strong>divinis</strong></span> <span class='ocrx_word' id='word_1_821' title='bbox 1276 2701 1392 2737; x_wconf 88' lang='lat' dir='ltr'><strong>eloquiis</strong></span> <span class='ocrx_word' id='word_1_822' title='bbox 1406 2710 1413 2728; x_wconf 90' lang='lat'><strong>:</strong></span> <span class='ocrx_word' id='word_1_823' title='bbox 1427 2705 1454 2728; x_wconf 88' lang='lat' dir='ltr'><strong>et</strong></span> <span class='ocrx_word' id='word_1_824' title='bbox 1483 2699 1506 2727; x_wconf 86' lang='lat' dir='ltr'><strong>is</strong></span> <span class='ocrx_word' id='word_1_825' title='bbox 1520 2700 1600 2727; x_wconf 81' lang='lat' dir='ltr'><strong>etiam</strong></span> <span class='ocrx_word' id='word_1_826' title='bbox 1619 2699 1663 2734; x_wconf 87' lang='lat' dir='ltr'><strong>qui</strong></span> <span class='ocrx_word' id='word_1_827' title='bbox 1687 2706 1786 2725; x_wconf 88' lang='lat' dir='ltr'><strong>curan-</strong></span> 
     </span>
    </p>
   </div>
   <div class='ocr_carea' id='block_1_112' title="bbox 1001 2742 1803 2784">
    <p class='ocr_par' dir='ltr' id='par_1_112' title="bbox 1001 2742 1803 2784">
     <span class='ocr_line' id='line_1_112' title="bbox 1001 2742 1803 2784; baseline -0.014 -5"><span class='ocrx_word' id='word_1_828' title='bbox 1001 2753 1098 2779; x_wconf 90' lang='lat' dir='ltr'><strong>dorum</strong></span> <span class='ocrx_word' id='word_1_829' title='bbox 1127 2749 1265 2784; x_wconf 91' lang='lat' dir='ltr'><strong>hospitum</strong></span> <span class='ocrx_word' id='word_1_830' title='bbox 1305 2753 1399 2774; x_wconf 80' lang='lat' dir='ltr'><strong>curam</strong></span> <span class='ocrx_word' id='word_1_831' title='bbox 1432 2742 1511 2781; x_wconf 71' lang='lat' dir='ltr'><strong>gerit.</strong></span> <span class='ocrx_word' id='word_1_832' title='bbox 1551 2743 1663 2771; x_wconf 76' lang='lat' dir='ltr'><strong>biviuus</strong></span> <span class='ocrx_word' id='word_1_833' title='bbox 1695 2748 1803 2770; x_wconf 28' lang='lat' dir='ltr'><strong>autem‘</strong></span> 
     </span>
    </p>
   </div>
   <div class='ocr_carea' id='block_1_113' title="bbox 816 2851 1151 2882">
    <p class='ocr_par' dir='ltr' id='par_1_113' title="bbox 816 2851 1151 2882">
     <span class='ocr_line' id='line_1_113' title="bbox 816 2851 1151 2882; baseline -0.006 -1"><span class='ocrx_word' id='word_1_834' title='bbox 816 2854 930 2882; x_wconf 69' lang='lat' dir='ltr'><strong>VARI/ii</strong></span> <span class='ocrx_word' id='word_1_835' title='bbox 951 2851 1151 2881; x_wconf 75' lang='lat' dir='ltr'><strong>LEl..TIONES.</strong></span> 
     </span>
    </p>
   </div>
   <div class='ocr_carea' id='block_1_114' title="bbox 198 2908 994 2940">
    <p class='ocr_par' dir='ltr' id='par_1_114' title="bbox 198 2908 994 2940">
     <span class='ocr_line' id='line_1_114' title="bbox 198 2908 994 2940; baseline 0.003 -7"><span class='ocrx_word' id='word_1_836' title='bbox 198 2909 217 2924; x_wconf 71' lang='grc'><strong>⁸³</strong></span> <span class='ocrx_word' id='word_1_837' title='bbox 236 2908 423 2936; x_wconf 66' lang='lat' dir='ltr'><strong>LEruuwnius</strong></span> <span class='ocrx_word' id='word_1_838' title='bbox 439 2918 444 2934; x_wconf 84' lang='lat'>:</span> <span class='ocrx_word' id='word_1_839' title='bbox 464 2908 549 2940; x_wconf 66' lang='grc' dir='ltr'>λόςιιις</span> <span class='ocrx_word' id='word_1_840' title='bbox 575 2909 732 2936; x_wconf 70' lang='grc' dir='ltr'>ΤιιίιιιιΙυίιιε</span> <span class='ocrx_word' id='word_1_841' title='bbox 751 2918 757 2936; x_wconf 86' lang='grc'>;</span> <span class='ocrx_word' id='word_1_842' title='bbox 774 2910 858 2936; x_wconf 74' lang='lat' dir='ltr'><strong>sacris</strong></span> <span class='ocrx_word' id='word_1_843' title='bbox 875 2908 994 2936; x_wconf 78' lang='lat' dir='ltr'><strong>Litteris.</strong></span> 
     </span>
    </p>
   </div>
   <div class='ocr_carea' id='block_1_115' title="bbox 585 3000 613 3022">
    <p class='ocr_par' dir='ltr' id='par_1_115' title="bbox 585 3000 613 3022">
     <span class='ocr_line' id='line_1_115' title="bbox 585 3000 613 3022; baseline 0 -6"><span class='ocrx_word' id='word_1_844' title='bbox 585 3000 613 3022; x_wconf 62' lang='grc' dir='ltr'><strong>,ε</strong></span> 
     </span>
    </p>
   </div>
  </div>
