2013 3114
217 182 257 214 55
558 187 572 202 '

726 177 969 209 THEODORETI
985 177 1153 209 EPISCOPI
1170 180 1353 210 CYRENSIS

1811 177 1850 207 56

218 225 365 271 Apostolus
396 235 452 264 Deo
478 233 581 263 servire
607 241 637 262 se
660 234 736 267 dicit.
763 234 828 262 dum
853 234 916 262 Filii
944 234 1003 270 ejus

1058 246 1148 272 μενος.
1178 239 1206 264 '0
1220 237 1249 264 δέ
1265 246 1296 272 γε
1312 237 1384 269 θεῖος
1409 235 1566 268 ’Δπὸοτολιις
1586 235 1726 271 λατρεύειν
1745 234 1798 270 ἔφη
1821 234 1844 250 ¹¹

215 281 392 317 Evangelium
415 280 542 317 gentibus
568 279 670 316 profert
691 289 697 307 :
724 284 750 308 et
771 280 875 308 servire
897 281 1007 316 spiritu,

216 328 267 355 hoc
282 330 335 359 est,
363 326 426 355 data
445 327 541 362 gratia.
569 326 608 354 ita
633 326 685 354 scit
714 325 849 362 Unigeniti
875 325 1007 354 honorem

217 373 273 402 Deo
292 373 410 409 placere.
438 373 574 400 Accurate
595 376 684 400 autem
711 372 837 408 loquens,
866 380 920 399 non
939 371 1008 399 dixit

217 419 378 455 simpliciter
394 426 424 447 se
447 418 500 447 iter
526 419 559 446 ad
588 426 635 447 eos
656 419 812 454 expetiisse,
840 418 887 446 sed
903 419 930 445 in
960 426 1006 445 vo-

217 467 323 494 luntate
346 464 405 492 Dei.
435 464 464 492 Si
495 465 557 497 hoc,
581 465 678 500 inquit.
715 465 804 500 placet
837 472 927 492 rerum
948 472 1007 492 om-

217 511 293 539 nium
317 510 512 539 Gubernatori.
529 510 606 544 Quod
623 510 655 543 si,
672 510 718 538 ubi
744 510 778 538 de
808 514 847 538 tot
864 510 1005 540 hominum

217 556 371 594 myriadum
385 557 395 567 '
417 556 506 584 salute
533 555 633 592 agitur,
649 556 716 583 nihil
747 556 905 584 indistincte
929 556 1006 591 petiit

217 602 329 631 divinus
351 601 513 638 Apostolus.
530 601 578 629 sed
596 600 722 637 petitioni
736 600 858 628 divinam
874 600 1003 628 volunta-

217 654 271 676 tem
286 647 441 684 conjunxit,
456 655 575 684 quanam
591 647 668 676 venia
685 646 761 683 digni
778 654 885 680 sumus,
902 646 949 682 qui
971 646 1005 674 de

216 695 299 723 rebus
309 694 485 724 sensibilibus
494 697 522 723 et
530 693 693 722 disserimus
704 698 731 721 et
741 701 789 722 eas
800 697 937 729 optamus,
954 699 1005 720 nec

217 745 311 769 nostra
321 741 412 769 omnia
424 740 523 770 divina:
531 739 662 768 voluntati
674 739 866 775 permittimus,
877 738 911 766 ab
918 746 1005 774 eaque

216 787 367 823 pendemus
380 787 393 814 ?
447 812 451 817 .

252 876 336 906 Vsus.
356 877 399 906 ii.
416 877 498 912 Cupio
510 877 581 906 enim
595 877 680 905 videre
693 885 748 910 vos,
761 880 789 903 ut
803 876 938 910 impertiar
949 876 1002 903 ali-

215 923 278 958 quid
294 924 392 959 gratite
408 923 568 958 spirituaiis.
579 922 649 951 Sunt
664 925 722 951 inec
738 922 790 958 19
801 929 861 958 quae
874 922 1004 950 dicuntur

216 969 294 1003 plena
305 969 476 998 humilitatiS.
501 968 562 997 Non
577 969 649 997 enim
666 969 745 1000 dixit,
768 973 797 995 ut
817 968 890 1001 dem,
913 968 960 996 sed
976 972 1004 994 ut

215 1013 362 1048 impertiar.
388 1014 567 1043 Communico
591 1014 664 1042 enim
686 1013 761 1042 exiis
773 1021 833 1049 quae
851 1013 954 1048 accepi.
972 1012 1005 1040 Et

215 1059 279 1094 quia
292 1059 396 1094 primus
411 1059 452 1088 eis
461 1067 575 1096 magnus
591 1059 690 1088 Petrus
715 1059 869 1087 doctrinam
888 1065 1002 1093 evange-

217 1104 295 1131 licam
311 1105 438 1140 prtebuit,
455 1105 614 1134 necessario
638 1105 730 1134 intulit
741 1113 747 1131 :
758 1105 797 1134 Ad
808 1103 1004 1140 conﬁrmandos

215 1159 269 1179 vos.
279 1151 338 1179 Non
348 1152 420 1179 enim
432 1153 524 1185 aliam,
536 1153 634 1188 inquit,
647 1152 800 1180 doctrinam
811 1151 888 1179 vobis
897 1151 1003 1184 afferre,

215 1197 263 1225 sed
281 1204 340 1225 eam
356 1205 417 1232 quae
429 1198 485 1233 jam
498 1198 590 1226 oblata
604 1201 646 1225 est
661 1196 837 1230 conﬁrmare,
851 1201 878 1224 et
890 1196 1003 1223 arbores

212 1243 269 1278 jam
283 1244 422 1279 plantatas
440 1244 556 1281 irrigare
569 1244 641 1272 volo.
657 1243 760 1272 Deinde
787 1250 886 1271 rursus
904 1243 1003 1270 oratio-

215 1297 276 1318 nem
291 1289 376 1318 multa
392 1290 478 1325 replet
493 1290 689 1319 moderatione.

250 1420 331 1449 Vens.
350 1422 391 1449 i2.
416 1421 473 1450 Hoc
484 1426 571 1451 autem
585 1427 625 1450 est
648 1423 727 1451 sintut
745 1422 875 1450 consoiari
892 1423 919 1452 in
932 1423 1002 1451 vobis

213 1475 260 1502 per
281 1476 339 1495 eam
364 1475 422 1503 quia
452 1468 561 1496 invicem
580 1473 617 1496 est
635 1468 714 1505 ﬁdem
736 1473 848 1497 vestram
863 1474 887 1497 et
906 1477 1001 1496 meam.

215 1513 272 1541 Non
289 1514 378 1542 solum
391 1514 464 1542 enim
475 1514 538 1542 volo
549 1514 626 1548 dare,
647 1515 694 1543 sed
709 1515 789 1543 etiam
803 1522 818 1542 a
831 1515 909 1543 vobis
932 1515 1004 1543 acci-

1059 283 1098 319 τῷ
1111 283 1181 320 Θεῷ,
1199 283 1282 311 τὸτοῦ
1297 283 1361 310 Υίοῦ
1371 283 1453 310 αὑτοῦ
1467 283 1488 298 ¹⁸
1502 282 1664 318 προσφέρων
1674 282 1729 312 τοῖς
1742 280 1846 307 ἔθνεσιν

1060 330 1225 364 Εὑαγγέλιον
1239 338 1244 344 ·
1258 330 1304 356 καὶ
1314 328 1452 365 λατρεύειν
1461 330 1488 356 tv
1498 328 1537 364 τῷ
1550 327 1696 362 πνεύματι,
1707 325 1845 352 τουτέστιν

1059 376 1088 402 tv
1101 375 1139 410 τῷ
1154 375 1284 410 διδομένῳ
1297 375 1461 410 χαρίσματι·
1482 372 1568 404 οὕτως
1582 370 1651 399 οἶδεν
1675 370 1844 407 ἀρέσκουσαν

1057 419 1096 456 τῷ
1110 419 1169 455 Θεῷ
1185 420 1233 447 τοῦ
1259 417 1431 453 Μονογενοῦςν
1455 417 1504 452 τὴν
1531 416 1625 452 τιμήν,
1655 414 1794 450 Ἀκριόείᾳ
1816 412 1846 440 δὲ

1058 465 1209 503 χρώμενος,
1239 465 1287 500 οὐχ
1312 464 1406 495 ἁπλῶς
1433 461 1509 490 εἶπεν
1540 461 1670 499 ᾐτηκέναι
1697 461 1747 496 τὴν
1775 461 1844 496 πρὸς

1057 511 1156 543 αὐτοὺς
1178 510 1304 546 πορείαν,
1325 509 1384 537 ἁλλ’
1401 509 1429 535 tv
1441 509 1480 545 τῷ
1497 507 1632 544 θελήματι
1647 506 1693 534 τοῦ
1708 506 1787 533 Θεοῦ.
1811 507 1844 533 Ei

1056 558 1133 586 τοῦτο
1144 579 1151 590 ,
1168 558 1260 593 φησὶν,
1277 557 1389 593 ἀρέσκει
1412 555 1452 591 τῷ
1468 555 1631 590 Κυϐερνήτῃ
1645 552 1698 580 τῶν
1714 552 1782 580 ὅλων
1797 560 1804 567 ·
1820 553 1844 578 ει

1055 605 1084 632 δὲ
1097 605 1163 632 ὅπου
1180 603 1302 639 σωτηρία
1315 602 1453 639 μυριάδων
1465 601 1610 634 τοσούτων,
1621 599 1698 626 οὐδὲν
1711 598 1844 634 ἀορίστως

1056 650 1158 686 ᾔτησεν
1187 650 1201 676 ὁ
1227 649 1299 681 θεῖος
1322 647 1492 679 Ἀπόστολος,
1522 645 1590 674 ἀλλὰ
1615 646 1649 681 τῇ
1679 644 1787 679 αίτήσει
1812 643 1844 669 τὸ

1055 696 1125 723 θεῖον
1138 696 1264 729 συνέταξε
1275 695 1390 730 θέλημα,
1404 693 1482 724 ποίας
1495 693 1574 728 ἡμεῖς
1584 690 1652 724 ἄξιοι
1664 689 1843 725 συγγνώμης.

1055 743 1120 778 περὶ
1135 741 1273 778 αἰσθητῶν
1294 740 1478 778 πραγμάτων,
1499 739 1546 765 καὶ
1571 737 1768 772 διαλεγόμενοι.
1795 735 1843 761 καὶ

1054 789 1207 824 εὐχόμενοι,
1237 789 1285 815 καὶ
1309 788 1360 822 τῆς
1382 785 1457 817 θείας
1484 784 1582 822 βουλῆς
1609 784 1659 812 οὑκ
1676 781 1842 818 ὲξαρτῶντες

1054 834 1087 862 τὰ
1102 834 1163 861 καθ’
1179 835 1253 870 ἡμᾶς
1263 843 1270 866 ς

1089 884 1135 909 ια’.
1166 878 1311 906 Ἐπιποοῶ
1338 878 1392 914 γὰρ
1409 876 1483 905 ίδεῗν
1501 875 1589 910 ὑμᾶς,
1611 875 1661 902 ἵνα
1680 882 1706 901 τι
1726 871 1843 908 μεταδῶ

1055 925 1187 960 χάρισμα
1198 924 1270 960 ὑμῖν
1283 923 1498 958 πνευματικόν.
1513 919 1647 948 Ταπεινοῦ
1669 919 1842 954 φρονήματος

1055 972 1089 1000 τὰ
1106 971 1239 1008 εἰρημένα
1264 971 1360 1007 μεστά.
1391 969 1428 996 Οὐ
1457 968 1510 1004 γὰρ
1525 964 1614 999 εἶπεν,
1633 966 1694 992 Ἵνα
1709 964 1757 997 δῶ,
1774 963 1842 994 ἀλλ’,

1056 1018 1123 1046 Ἵνα
1137 1017 1260 1051 μεταδῶ·
1271 1016 1317 1052 ἀφ’
1329 1013 1366 1043 ὧν
1382 1015 1435 1050 γὰρ
1449 1014 1553 1045 ἔλαϐον,
1565 1013 1671 1048 δίδωμι.
1684 1012 1739 1038 Καὶ
1749 1010 1843 1046 ἐπειδὴ

1055 1063 1164 1099 πρῶτος
1191 1063 1283 1094 αὐτοῖς
1307 1062 1321 1088 ὁ
1352 1061 1439 1097 μέγας
1464 1060 1566 1095 Πέτρος
1589 1059 1638 1094 τὴν
1662 1057 1842 1092 εὐαγγελικὴν

1054 1109 1229 1139 διδασκαλίαν
1259 1108 1457 1144 προσήνεγκεν,
1498 1104 1655 1139 ἀναγκαίως
1689 1104 1840 1138 ἐπήγαγεν·

1052 1156 1104 1187 Είς
1125 1155 1158 1181 τὸ
1182 1153 1380 1190 στηριχθῆναι
1394 1153 1480 1189 ὑμᾶς.
1510 1153 1547 1181 Οὐ
1569 1152 1623 1188 γὰρ
1651 1152 1746 1188 ἑτέραν
1767 1152 1841 1187 ὑμῖν,

1055 1200 1132 1236 φησὶ,
1163 1198 1337 1226 διδασκαλίαν
1365 1199 1532 1235 προσφέρειν
1557 1198 1590 1230 ⁵⁵,
1620 1196 1689 1224 ἀλλὰ
1717 1196 1768 1233 τὴν
1791 1196 1841 1232 ἤδη

1055 1244 1284 1282 προσενεχθεῖσαν
1310 1243 1514 1279 βεϐαιώσασθαι
1545 1243 1687 1279 βούλομαι,
1716 1244 1763 1270 καὶ
1786 1244 1843 1275 τοῖς

1055 1292 1105 1328 ήδη
1123 1291 1278 1327 φυτευθεῖσι
1305 1291 1397 1326 φυτοῖς
1425 1290 1473 1326 τὴν
1501 1290 1613 1325 ἀρδείαν
1636 1290 1840 1325 προσενεγκεῖν.

1053 1336 1121 1366 Εἶτα
1150 1337 1231 1365 πάλιν
1262 1337 1438 1372 μετριότητος
1462 1335 1564 1371 πολλῆς
1586 1335 1630 1362 τδν
1654 1335 1732 1370 λόγον
1758 1334 1841 1370 ἐμπί-

1053 1385 1148 1421 πλησι.

1090 1430 1134 1467 ιβ’.
1153 1431 1243 1460 Τοῦτο
1263 1430 1296 1457 δέ
1324 1430 1389 1457 ἐστι
1407 1429 1698 1464 συμπαρακληθῆναι
1719 1429 1754 1456 ἐν
1770 1427 1843 1463 ὑμῖν

1052 1477 1102 1505 διὰ
1115 1476 1170 1511 τῆς
1188 1476 1223 1503 ὲν
1237 1475 1385 1509 ἀλλήλοις
1402 1475 1532 1508 πίστεως
1549 1474 1633 1509 ὑμῶν
1647 1483 1678 1501 τε
1692 1474 1740 1501 καί
1756 1474 1842 1509 ἐμοῦ,

1053 1523 1091 1551 Οὺ
1107 1523 1161 1558 γὰρ
1174 1522 1254 1557 μόνον
1266 1520 1357 1548 δοῦναι
1376 1520 1515 1556 βούλομαι,
1531 1519 1598 1546 ἀλλὰ
1612 1519 1659 1545 καὶ
1672 1514 1761 1545 λαϐεῖν
1776 1518 1842 1552 παρ’

214 1567 289 1595 pere.
315 1559 421 1588 Excitat
434 1564 524 1589 autem
566 1565 594 1588 et
617 1561 777 1598 magistrum
805 1561 1000 1599 discipulorum

1054 1569 1141 1604 ὑμῶν.
1172 1567 1332 1603 Παρακαλεί
1354 1566 1382 1593 δὲ
1408 1566 1455 1593 καὶ
1478 1565 1637 1592 διδάσκαλον
1662 1565 1678 1599 ὴ
1701 1563 1843 1599 προθυμία

214 1607 354 1635 alacritas.

249 1652 332 1681 Vens.
351 1653 395 1681 15.
417 1652 488 1681 Nolo
503 1658 591 1681 autem
608 1662 651 1681 vos
667 1654 800 1690 ignorare,
811 1654 921 1690 fratres,
932 1655 1001 1690 quod

214 1707 282 1734 δεῖρε
293 1699 417 1734 proposui
431 1698 466 1726 ad
481 1707 525 1727 vos
540 1700 635 1732 venire,
652 1705 677 1727 et
695 1700 842 1735 prohibitus
864 1709 924 1728 sum
953 1709 999 1728 us-

214 1753 263 1779 que
277 1744 372 1772 adhuc.
385 1743 418 1772 Et
432 1745 602 1780 propositum
620 1746 752 1779 ostendit,
764 1751 791 1774 et
805 1746 1001 1782 providentiam

214 1790 372 1818 declaravit.
386 1790 481 1818 Divina
493 1790 690 1828 enimnjnquit,
700 1792 786 1827 gratia
796 1800 839 1820 me
854 1796 884 1820 ut
894 1793 951 1820 vult
960 1801 1003 1821 re-

215 1837 265 1873 git.
282 1836 351 1864 Cum
364 1842 454 1865 autem
467 1837 678 1873 interposuisset
688 1838 766 1871 illud,
782 1838 935 1866 Prohibitus
944 1847 1000 1866 sum

214 1885 356 1919 hucusque,
376 1883 455 1912 docet
466 1884 586 1919 apertius
598 1884 775 1920 quamobrem
790 1885 824 1912 ad
844 1885 918 1920 ipsos
928 1886 1003 1912 veni-

214 1937 244 1958 re
265 1930 391 1958 voluerit.
409 1929 443 1958 Ut
460 1930 574 1966 aliquem
597 1930 713 1966 fructum
738 1930 765 1957 in
787 1930 858 1958 vobis
869 1931 1000 1963 Jiabeam,

214 1977 281 2004 sicut
295 1981 319 2004 et
333 1977 360 2004 in
374 1977 476 2004 ueteris
492 1977 624 2013 gentibus.

251 2070 334 2099 Vens.
351 2070 396 2104 M,
416 2070 459 2098 £5.
480 2069 578 2098 Graecis
597 2075 622 2097 et
633 2069 773 2102 Barbarie,
789 2070 951 2105 sapientibus
978 2074 1003 2097 et

215 2117 398 2152 insipientibus
414 2117 516 2144 debitor
533 2124 601 2144 sum.
619 2117 663 2143 Ita
675 2116 744 2151 quod
756 2116 782 2142 in
802 2123 842 2142 me
855 2120 1003 2149 promptum

215 2165 291 2190 estet
310 2161 383 2189 vobis
412 2162 457 2196 qui
488 2160 578 2189 Roma:
606 2161 669 2188 estis
688 2161 880 2196 euangelizare.
904 2159 1004 2188 Doctor

216 2206 339 2235 omnium
367 2207 487 2242 gentium
518 2206 687 2234 constitutus
717 2213 789 2234 sum.
817 2205 1001 2239 Quamobrem

1052 1615 1106 1642 τῶν
1123 1613 1263 1650 μαθητῶν.

1090 1664 1133 1695 ιγ’.
1152 1661 1193 1687 οὐ
1216 1659 1292 1687 θέλω
1316 1658 1350 1685 δὲ
1378 1656 1456 1692 ὑμᾶς
1478 1655 1618 1691 ἀγνοεῖν,
1636 1655 1842 1690 ἀδε.1ε;οὶ,εὸτι

1053 1706 1201 1739 πολλάκις
1215 1704 1382 1740 προεθέμην
1401 1703 1501 1731 ἐλθεῖν
1516 1701 1590 1736 πρὸς
1603 1700 1690 1736 ὑμᾶς,
1702 1700 1751 1727 καί
1769 1701 1841 1727 ἐκω-

1052 1754 1150 1787 λύθην
1176 1752 1245 1786 ἄχρι
1263 1750 1317 1778 τοῦ
1336 1749 1432 1784 δεῦρο.
1451 1749 1506 1776 Καὶ
1522 1748 1571 1783 τὴν
1600 1747 1726 1783 πρόθεσιν
1746 1746 1840 1780 ἔδειξε,

1053 1798 1100 1826 καὶ
1113 1798 1162 1833 τὴν
1179 1796 1335 1832 οἰκονομίαν
1349 1795 1492 1830 ἐδήλωσεν.
1511 1794 1543 1820 'H
1559 1793 1618 1820 θεία
1631 1792 1685 1828 γάρ
1697 1801 1729 1828 με
1748 1793 1838 1828 χάρις,

1053 1843 1145 1879 φησὶν,
1165 1842 1204 1874 ὡς
1222 1841 1347 1876 βούλεται
1369 1840 1497 1876 κυῆερνᾷ.
1514 1838 1648 1870 Τεθεικὼς
1670 1838 1697 1864 δὲ
1715 1838 1744 1865 ὲν
1764 1837 1840 1873 μέσῳ

1052 1889 1082 1916 τὺ
1097 1889 1253 1922 ἐκωλύθην
1267 1887 1336 1921 ἄχρι,
1348 1886 1402 1913 τοῦ
1416 1885 1503 1920 δεῦρο
1514 1905 1521 1917 ,
1536 1884 1656 1911 διδάσκει
1673 1883 1840 1918 σαφέστερον

1053 1934 1124 1966 τίνος
1137 1935 1229 1961 ἕνεκεν
1251 1933 1318 1970 πρὸς
1338 1931 1435 1964 αὐτοὺς
1457 1930 1583 1959 ἀπελθεῖν
1599 1930 1734 1965 ἠϐουλήθη
1747 1938 1753 1944 ·
1772 1929 1840 1956 Ἶιά

1053 1980 1119 2007 τινὰ
1131 1979 1247 2014 καρπὸν
1259 1978 1323 2013 σχῶ
1338 1978 1386 2004 καί
1400 1978 1435 2004 ἐν
1450 1976 1530 2012 ὑμῖν,
1548 1976 1646 2009 καθὼς
1669 1974 1718 2005 καί
1729 1976 1763 2002 ἐν
1778 1974 1840 2008 τοῖς

1053 2025 1171 2059 λοιποῖς
1186 2025 1317 2052 ἔθνεσιν.

1077 2060 1130 2105 ιδ’,
1154 2075 1194 2098 ιε’.
1213 2070 1347 2104 ’Ἕλλησί
1366 2078 1397 2096 τε
1421 2069 1468 2096 καὶ
1489 2067 1662 2102 βαρϐάροις,
1683 2067 1790 2101 σοφοῖς
1809 2074 1841 2092 τε

1054 2118 1102 2144 καί
1123 2117 1260 2150 ἀνοήτοις
1286 2115 1444 2150 ὀφειλέτης
1463 2116 1532 2150 είμί.
1551 2114 1631 2141 Οὕτω
1650 2115 1684 2140 τὸ
1707 2113 1771 2139 κατ’
1789 2112 1840 2146 ἐμὲ

1053 2164 1205 2198 πρόθυμον
1213 2162 1261 2189 καί
1272 2162 1344 2197 ὑμῖν
1351 2161 1412 2194 τοῖς
1424 2161 1457 2188 ὲν
1471 2161 1565 2195 Ῥώμῃ
1577 2159 1838 2194 εὐαγγελίσασθαι.

1053 2210 1114 2237 Τῶν
1129 2209 1212 2236 ἐθνῶν
1237 2208 1363 2235 ἁπάντων
1388 2207 1593 2242 ἐχειροτονήθην
1614 2205 1783 2236 διδάσκαλος.
1802 2201 1839 2231 Οὖ

217 2253 303 2281 debeo
317 2252 446 2281 omnibus
460 2252 591 2281 doctrinae
601 2252 734 2285 debitum,
757 2259 810 2279 non
823 2252 911 2280 solum
926 2251 1001 2279 Gr:c-

1054 2256 1084 2291 δὴ
1098 2256 1176 2291 χάριν
1189 2255 1271 2281 πᾶσιν
1290 2253 1390 2288 ὀφείλω
1402 2253 1451 2288 τῆς
1463 2251 1635 2283 διδασκαλίας
1652 2250 1681 2277 τὸ
1693 2249 1782 2285 χρέος,
1794 2250 1840 2276 καὶ

216 2298 267 2332 eis,
281 2298 328 2326 sed
345 2298 426 2326 etiam
437 2297 575 2326 Barbaris.
591 2297 738 2334 Pr0pterea
754 2298 826 2326 enim
839 2302 866 2326 et
880 2298 1003 2326 diversas

217 2343 296 2371 nobis
311 2341 387 2369 dedit
408 2342 516 2378 linguas
533 2343 654 2379 Spiritus
672 2344 759 2374 sancti
780 2344 878 2380 gratia,
893 2349 920 2372 et
936 2351 1003 2372 con—

217 2389 291 2416 venit
307 2392 362 2415 tum
379 2387 412 2416 iis
427 2389 475 2424 qui
495 2389 530 2417 de
553 2389 678 2418 doctrina
698 2397 727 2417 se
741 2389 869 2422 elTerunt,
896 2394 953 2417 tum
969 2390 1003 2418 iis

217 2435 263 2470 qui
278 2438 405 2469 expertes
419 2439 483 2462 sunt
499 2435 630 2469 scientiae,
643 2436 766 2464 debitum
779 2437 929 2464 exsolvere.
947 2436 1000 2464 Sa-

215 2482 312 2515 pientes
327 2481 398 2509 enim
414 2489 462 2509 eos
477 2482 606 2517 appellat,
627 2483 672 2517 qui
686 2483 740 2518 2ο
758 2487 870 2518 propter
893 2482 1003 2510 dicendi

218 2527 377 2556 facultatem
398 2527 552 2555 eﬂ‘eruntur
568 2522 576 2556 ἰ
590 2528 743 2562 insipientes
761 2533 852 2556 autem
879 2536 936 2560 cos.
957 2529 1004 2564 qui

216 2575 250 2602 ab
267 2575 300 2602 iis
321 2574 367 2608 qui
384 2573 512 2601 dicuntur
536 2574 673 2609 sapientes
696 2579 808 2610 propter
835 2575 1001 2610 imperitiam

217 2621 252 2649 ita
269 2624 413 2647 vocantur.
435 2618 469 2646 Et
493 2620 622 2654 quoniam
647 2627 702 2647 non
717 2628 812 2648 otnnes
841 2620 980 2656 Evangelii
994 2621 1001 2631 '

217 2665 437 2700 praedicationem
453 2665 651 2700 suscipiebant,
665 2665 763 2693 merito
786 2665 886 2700 adjecit
901 2675 907 2693 :
925 2665 1002 2699 Quod

215 2714 243 2738 iu
264 2719 303 2738 me
321 2715 469 2745 promptum
481 2715 532 2738 est.
551 2710 640 2738 Meum
669 2714 710 2738 est
730 2711 801 2738 enim
831 2711 1001 2746 praedicare;

218 2757 384 2785 audientium
397 2761 486 2785 autem
502 2757 622 2785 credere.
644 2756 776 2790 Quoniam
792 2761 882 2786 autem
903 2758 1001 2792 pracdi-

1050 2302 1100 2337 οὺχ
1117 2301 1228 2336 Ἕλλησι
1246 2300 1336 2335 μόνον,
1348 2298 1415 2325 ἀλλὰ
1430 2299 1477 2325 καὶ
1495 2297 1652 2333 βαρϐάροις.
1667 2296 1715 2322 Διά
1732 2295 1784 2330 γάρ
1799 2303 1839 2321 τοι

1052 2347 1130 2374 τοῦτο
1157 2345 1267 2377 καὶτὰς
1291 2344 1437 2380 διαφόρους
1454 2343 1576 2378 γλώττας
1604 2342 1718 2369 δέδωκεν
1732 2342 1796 2376 ἡμῖν
1822 2341 1839 2376 ὴ

1050 2392 1097 2419 τοῦ
1122 2391 1279 2426 Πνεύματος
1295 2390 1386 2426 χάρις,
1409 2390 1455 2417 καὶ
1485 2390 1618 2424 προσήκει
1643 2388 1692 2424 μὲν
1713 2389 1759 2414 καὶ
1783 2389 1839 2419 τοῖς

1053 2438 1099 2464 ἐπί
1111 2437 1220 2472 παιδείᾳ
1238 2437 1309 2471 μέγα
1329 2435 1467 2471 φρονοῦσι,
1478 2436 1525 2462 καὶ
1538 2436 1594 2466 τοῖς
1607 2434 1693 2469 λόγων
1709 2434 1840 2469 ἀμυήτοις

1053 2485 1159 2511 ἐκτῖσαι
1183 2483 1214 2509 τὸ
1231 2482 1351 2519 δφλημα.
1365 2481 1450 2508 Καλεῖ
1465 2481 1519 2517 γὰρ
1535 2480 1649 2515 σοφοὺς
1661 2480 1709 2515 μὲν
1721 2480 1785 2511 τοὺς
1797 2479 1841 2506 ἐπ’

1053 2529 1204 2564 εὐγλωττίᾳ
1219 2527 1455 2564 ’βρενθυομένονς
1470 2527 1619 2560 ἀνοήτους
1646 2526 1674 2552 δὲ
1703 2527 1765 2557 τοὺς
1788 2526 1841 2552 ὑπὸ

1053 2577 1107 2603 τῶν
1122 2575 1296 2611 καλουμένων
1311 2574 1401 2609 σοφῶν
1422 2574 1456 2600 δι’
1473 2573 1651 2600 ἀπαιδευσίαν
1666 2572 1737 2599 οὕτω
1756 2580 1840 2608 προσ-

1054 2621 1279 2657 αγορευομένους.
1299 2619 1355 2646 Καὶ
1380 2618 1474 2654 ἐπειδὴ
1487 2618 1517 2645 οὐ
1541 2618 1640 2650 πάντες
1656 2618 1778 2653 ἐδέχοντο
1792 2617 1839 2643 τοῦ

1056 2666 1222 2700 Εὑαγγελίου
1246 2665 1276 2692 τὸ
1301 2666 1443 2701 κήρυγμα,
1459 2664 1572 2695 είκὸτως
1596 2663 1787 2699 προστέθεικεν
1805 2664 1840 2690 Τὸ

1056 2713 1120 2740 κατ’
1130 2712 1181 2746 ἐμὲ
1194 2711 1447 2746 πρόθινμσν.Ἒμδν
1459 2710 1513 2746 γὰρ
1521 2710 1550 2736 τὺ
1558 2710 1713 2746 κηρύττειν,
1726 2709 1756 2735 τὸ
1769 2709 1796 2735 δέ
1808 2717 1840 2743 γε

1057 2757 1195 2784 πιστεύειν
1210 2758 1263 2784 τῶν
1289 2757 1450 2784 ἀκουόντων.
1474 2755 1529 2783 Καὶ
1544 2756 1636 2791 ἐπειδὴ
1656 2755 1686 2782 τὸ
1709 2755 1839 2791 κήρυγμα

871 2845 987 2874 VARle
1005 2846 1208 2874 LECTIONES.

198 2898 201 2906 ’
254 2902 275 2918 ¹³
288 2900 470 2931 OEcumcnius
489 2911 495 2929 :
513 2901 605 2937 ἔφησε.

635 2942 639 2944 ἓ
660 2902 679 2917 ¹³
691 2902 772 2929 αὑτοῦ
790 2903 863 2931 deest
881 2903 907 2931 in
925 2904 1102 2933 (Ecumcnio.

1157 2906 1176 2921 "‘
1189 2905 1208 2931 Β
1224 2904 1378 2939 προσφέρω.
1399 2905 1478 2932 Πειγ.
1498 2905 1590 2932 aiIcro.
