2013 3114
163 158 201 197 66
589 158 895 190 INTERPRETATIO
908 156 1026 186 EPIST.
1045 157 1094 186 AD
1109 157 1199 187 ROM.
1215 157 1295 188 CAP.
1313 158 1337 188 Ι.
1754 158 1791 192 ϐό

166 216 233 252 μετὰ
251 214 342 250 πάσης
360 213 526 246 ἀσπάζονται
553 213 708 248 προθυμίας
721 220 728 227 ·
742 213 789 239 καὶ
811 212 846 247 ἢν
868 211 948 241 οὒδεὶι

1008 216 1056 236 eos
1070 210 1237 245 supplicium
1258 211 1394 242 statuerit.
1413 213 1465 238 hoc
1482 211 1521 238 illi
1540 212 1566 239 in
1583 212 1689 248 scipsos
1705 217 1790 242 altia-

161 263 196 290 ἆν
211 262 301 289 αὐτῶν
314 260 444 295 δικαστὴς
458 259 662 294 κατεψηφίσατο
688 258 833 293 τιμωρίαν,
848 256 951 291 ταύτην

162 307 240 334 αὐτοὶ
254 307 313 334 καθ’
328 307 431 334 ὲαυτῶν
457 305 637 332 ἐπισπῶνται,
656 305 688 332 Τί
705 304 732 331 δὲ
747 304 778 331 τὸ
796 303 882 331 αἴτιον
897 302 951 330 τῶν

162 351 256 378 κακῶν
267 360 274 384 ;

198 397 250 432 κη’.
261 395 315 424 Καὶ
331 396 429 429 καθὼς
443 396 498 423 οὐκ
512 395 697 430 ἐδοκίμασαν
712 394 766 421 τὸν
781 394 855 422 Θεὸν
870 394 952 429 ἔχειν

164 444 199 470 ἐν
212 442 380 477 ἐπιγνώσει,
399 442 571 476 παρέδωκεν
584 441 694 474 αὐτοὺς
710 443 727 468 ὀ
741 441 812 474 Θεὸς
825 442 867 474 εἰς
882 441 951 468 ἀδό-

163 496 251 523 κιμον
276 488 352 515 νοῦν
375 488 472 515 ποιεῖν
497 488 534 515 τὰ
555 487 598 522 μὴ
611 487 791 520 καθήκοντα.
805 487 835 513 Εἰ
848 486 902 521 γὰρ
920 486 952 522 δὴ

162 533 263 567 γνῶναι
280 533 363 559 αὑτὸν
390 531 586 568 ἐϐουλήθησαν,
613 533 669 563 τοῖς
692 531 774 562 θείοις
790 531 824 558 ἂν
836 530 950 565 ἠκολού-

162 579 248 615 θησαν
263 579 366 614 νόμοις.
391 577 498 614 Ἐπειδὴ
527 578 555 604 δέ
577 578 624 604 τὸν
640 577 758 612 Ποιητὴν
780 576 948 612 ἠρνήθησαν,

162 626 212 660 τῆς
236 625 342 650 ἐκείνου
368 624 495 658 προνοίας
525 622 663 653 παντελῶς
689 621 896 657 ἐγυμνώθησαν.
914 619 951 649 Ob

160 669 193 705 δὴ
205 669 286 704 χάριν
302 670 355 695 πᾶν
373 667 442 700 εἶδος
456 668 557 700 κακίας
566 668 614 694 σὺν
628 666 705 701 ἀδείᾳ
720 666 850 702 τολμῶσι.

197 712 251 741 κο’.
267 713 525 748 Πεπληρωμένους
544 712 628 746 πάσῃ
647 712 754 746 ἀδικίᾳ.
766 727 801 732 -
820 711 952 739 Ἀδικίαν

161 760 241 787 καλεῖ
250 761 299 796 τὴν
312 760 434 787 ἐναντίαν
452 761 484 787 ἐκ
507 759 654 795 διαμέτρου
679 760 712 794 τῇ
727 758 884 794 δικαιοσύνῃ
898 766 951 785 κει-

163 805 258 840 μένην.
278 805 325 832 Ἐκ
340 805 395 840 γὰρ
409 805 510 839 ταύτης
530 804 568 835 ὡς
595 804 697 830 ἐπίπαν
715 802 784 835 εἶδος
807 804 950 838 βλαστάνει

161 850 410 885 κατηγορούμενον.
442 849 558 882 Διέξεισι
583 849 612 876 δέ
639 849 688 875 καὶ
701 849 769 876 αὐτὰ
782 849 815 876 τὰ
832 849 950 884 βλαστή-

162 903 247 930 ματα.

196 941 334 974 Πορνείᾳ,
349 941 488 975 πονηρίᾳ,
518 940 690 973 πλεονεξίᾳ,
700 941 788 974 κακίᾳ
801 948 808 955 ·
819 940 952 975 μεστοὺς

160 987 284 1020 φθόνου,
305 987 412 1021 φόνου,
439 986 547 1021 ἔριδος,
572 987 676 1018 δόλου,
691 987 886 1020 κακοηθείας·
900 988 950 1021 ψι-

158 1033 315 1066 θυριστὰς.
340 1033 384 1066 (λ’,
397 1033 460 1068 λα’).
488 1033 698 1066 Καταλάλους,
729 1033 898 1067 θεοστυγεῖς
918 1033 950 1066 ’³,

158 1078 313 1112 ὑϐριστὰς,
324 1078 548 1113 ὑπερηφάνους,
560 1078 717 1111 ἀλαζόνας,
729 1079 890 1113 ἐφευρετὰς
902 1087 952 1106 κα-

159 1123 230 1156 κῶν,
243 1124 387 1158 γονεῦσιν
396 1124 538 1158 ἀπειθεῖς,
552 1124 732 1157 ἀσυνέτους,
744 1123 931 1157 ἀσυνθέτους
942 1145 949 1157 ,

159 1170 338 1204 ἀστόργους,
355 1170 541 1202 ἀσπόνδους.
560 1170 776 1205 ἀνελεήμονας.
797 1170 854 1196 Καὶ
873 1170 952 1197 καλεῖ

159 1216 304 1250 πορνείαν
318 1215 367 1251 μὲν
377 1216 425 1251 τὴν
441 1216 471 1242 οὺ
495 1216 566 1242 κατὰ
581 1216 670 1251 γάμον
694 1215 839 1251 γινομένην
853 1224 950 1242 συνου-

160 1261 232 1288 σίαν.
256 1262 411 1296 Πονηρίαν
431 1261 474 1293 δὲ,
495 1262 545 1296 τὴν
566 1261 685 1297 θηριώδη
701 1260 832 1297 γνώμην·
858 1263 949 1289 πλεο-

158 1307 264 1340 νεξίαν
287 1307 331 1339 δέ,
349 1307 398 1342 τὴν
425 1307 472 1333 τοῦ
489 1307 610 1338 πλείονος
640 1307 749 1341 ἔφεσιν,
777 1307 896 1334 καὶτῶν
919 1307 949 1334 οὗ

159 1353 354 1388 προσηκόντων
366 1353 416 1388 τὴν
435 1353 576 1388 ἁρπαγήν.
592 1353 719 1385 Κακίαν,
737 1353 786 1387 τῆς
798 1353 886 1388 ψυχῆς
900 1354 949 1389 τὴν

158 1397 207 1424 ἐπὶ
230 1398 265 1424 τὰ
290 1399 376 1434 χείρω
401 1399 497 1434 ῥοπὴν,
513 1399 560 1425 καὶ
584 1399 631 1426 τὸν
646 1399 692 1426 ἐπὶ
713 1398 799 1435 βλάϐῃ
808 1399 854 1425 τοῦ
865 1400 949 1432 πέλας

159 1443 302 1479 γινόμενον
324 1443 472 1479 λογισμόν.
491 1443 629 1477 Μεστοὺς
655 1445 769 1479 φθόνου
785 1445 902 1480 χαλεπὸν
918 1445 949 1472 τὸ

161 1488 257 1521 πάθος.
276 1489 324 1516 καὶ
349 1489 443 1525 φέρειν
466 1490 516 1516 οὐκ
541 1490 704 1525 ἀνεχόμενον
729 1490 776 1517 τοῦ
794 1491 877 1523 πέλας
898 1491 949 1526 τὴν

1004 255 1081 282 Ιιιιιιι.
1097 255 1130 283 Ει
1142 263 1267 292 quaenam
1284 257 1419 284 malorum
1442 264 1526 284 causa
1539 258 1598 286 est?

1035 388 1122 416 Vens.
1143 387 1189 416 ‘28.
1207 387 1242 415 Et
1252 389 1321 416 sicut
1337 398 1387 416 non
1404 389 1581 424 probaverunt
1598 387 1682 417 Deum
1697 391 1790 420 [rabere

1002 435 1029 462 in
1041 434 1149 466 notitia,
1162 434 1273 462 tradidit
1283 435 1342 462 illos
1357 435 1425 463 Deus
1439 436 1464 462 in
1478 436 1616 470 reprobum
1631 445 1746 469 sensum,
1762 443 1791 464 ut

1003 479 1149 514 faciantea
1161 489 1220 516 quw
1238 490 1287 508 non
1312 482 1477 509 conveniunt.
1499 482 1528 509 Si
1554 491 1617 510 eum
1644 483 1716 510 enim
1745 492 1792 511 νο-

1003 525 1121 554 luissent
1148 534 1326 562 cognoscere,
1351 526 1459 555 divinas
1479 527 1553 562 leges
1577 529 1664 556 secuti
1688 534 1789 556 essent.

1003 569 1072 604 Quia
1087 575 1177 599 autem
1200 573 1359 600 Creatorem
1391 578 1570 609 negaverunt,
1597 575 1672 603 illius
1698 577 1790 611 provi-

1003 618 1094 645 dentia
1111 619 1225 646 omnino
1238 620 1335 653 privati
1351 625 1425 647 sunt.
1439 620 1625 653 Quamobrem
1637 628 1717 648 omne
1730 621 1789 648 vitii

1002 672 1089 700 genus
1103 665 1130 691 in
1145 673 1175 692 se
1195 665 1326 693 audacter
1345 666 1512 701 suscipiunt.

1037 709 1120 738 Vnus.
1137 710 1181 737 29.
1206 710 1324 745 Repletos
1351 712 1423 738 omni
1443 711 1592 746 iniquitate.
1617 711 1792 746 lniquitatem

1002 763 1051 783 seu
1078 755 1243 790 injustitiam
1261 761 1353 789 vocat,
1371 764 1432 791 qua:
1456 765 1489 784 ex
1516 757 1649 784 diametro
1676 757 1791 791 justitize

1001 806 1044 830 est
1062 803 1200 837 opposita.
1226 802 1262 829 Ex
1276 811 1307 830 ea
1324 803 1397 830 enim
1417 811 1531 838 prorsus
1547 803 1680 838 quidquid
1697 811 1792 837 repre-

1002 848 1177 877 hendendum
1206 853 1248 876 est
1276 848 1422 884 germinat.
1446 848 1507 884 ipsa
1530 857 1639 884 quoque
1667 850 1790 885 germina

1002 894 1188 929 prosequitur.

1038 939 1239 971 Fornicatione,
1270 939 1386 972 malitia,
1407 939 1535 971 avaritia,
1553 941 1679 975 nequitia.
1701 940 1791 974 plenos

1005 985 1117 1017 invidia,
1142 985 1300 1016 homicidio.
1329 987 1502 1017 contentione,
1521 986 1592 1020 dolo,
1615 987 1790 1021 malignitate,

1003 1039 1169 1061 susurrones,
1193 1030 1287 1063 (Vens.
1316 1031 1361 1062 50.
1385 1031 1442 1066 5i.)
1467 1032 1639 1064 detractans,
1661 1032 1715 1059 Deo
1733 1032 1792 1059 odi-

1002 1076 1077 1109 biles,
1089 1077 1304 1108 contumeliosos.
1321 1078 1456 1111 superbos,
1480 1083 1648 1114 arrogantes,
1670 1079 1786 1105 int-ento-

1001 1131 1043 1150 res
1056 1123 1197 1155 malorum,
1211 1124 1363 1157 parentibus
1382 1132 1433 1150 non
1449 1123 1608 1154 obedientes.
1628 1125 1790 1158 insipientes,

1001 1167 1199 1201 incompositos,
1224 1168 1281 1195 sine
1307 1168 1456 1202 a/l'ectiane,
1474 1168 1572 1203 absque
1602 1169 1710 1203 fortiore,
1735 1171 1791 1198 sine

1001 1214 1197 1242 misericordia.
1214 1214 1246 1241 Et
1262 1215 1465 1249 fornicationem
1490 1217 1600 1250 quidem
1624 1222 1703 1244 vocat
1724 1225 1791 1246 con-

1000 1260 1182 1294 gressionem,
1203 1268 1264 1294 quze
1282 1261 1310 1287 fit
1325 1265 1402 1288 extra
1417 1262 1635 1290 matrimonium.
1653 1262 1791 1290 Halitiam

1000 1309 1102 1336 autem,
1120 1309 1236 1332 mentem
1250 1306 1400 1333 belluinam
1415 1315 1421 1332 ε
1444 1307 1584 1334 avaritiam
1600 1313 1700 1341 autem,
1711 1309 1789 1343 plura

1000 1351 1119 1378 habendi
1150 1352 1350 1387 cupiditatem,
1371 1356 1397 1379 et
1413 1360 1508 1380 eorum
1537 1362 1598 1388 quae
1620 1354 1652 1381 ad
1680 1363 1709 1381 se
1737 1363 1790 1382 non

999 1397 1138 1431 pertinent
1152 1397 1287 1432 rapinam.
1304 1397 1469 1432 Nequitiam,
1488 1399 1587 1426 animae
1601 1400 1634 1426 ad
1652 1401 1788 1427 deteriora

1000 1442 1218 1476 inclinationem,
1245 1448 1282 1476 et,
1304 1452 1364 1478 qua:
1390 1445 1422 1471 ad
1447 1445 1563 1480 proximi
1590 1446 1787 1474 detrimentum

1000 1487 1168 1522 suscipitur,
1190 1489 1400 1524 cogitationem.
1432 1490 1533 1517 Plenas
1570 1491 1681 1518 invidia.
1714 1493 1790 1519 Secxa

157 1534 308 1570 εὐπραξίαν
320 1543 327 1550 ·
343 1532 421 1567 οὗτος
449 1535 497 1562 καὶ
520 1535 566 1563 τὸν
594 1535 674 1570 φόνον
693 1536 832 1572 ἐγέννησε,
845 1537 892 1563 καὶ
903 1537 948 1564 τὸν

1000 1533 1083 1560 animi
1100 1534 1277 1568 perturbatio,
1293 1539 1317 1562 et
1331 1543 1392 1570 qum
1409 1535 1568 1563 felicitatem
1584 1537 1702 1571 proximi
1719 1537 1790 1564 ferre

156 1580 232 1608 δόλον
250 1581 351 1616 ἐκύησε
365 1589 372 1595 ·
387 1581 476 1617 φθόνῳ
491 1581 568 1616 γὰρὸ
584 1582 654 1608 Κάῖν
677 1582 803 1617 τρωθεὶς,
821 1583 868 1609 καὶ
881 1583 949 1618 δόλῳ

157 1626 331 1662 χρησάμενος
345 1627 479 1663 συνεργῷ,
497 1627 614 1662 ἐξήγαγε
631 1627 680 1662 μὲν
701 1628 740 1659 εἰς
756 1627 786 1654 τὸ
800 1628 888 1654 πεδίον
904 1628 950 1655 τὸν

156 1672 282 1707 ἀδελφὸν,
296 1672 342 1699 τὸν
351 1673 379 1699 δέ
391 1672 469 1707 φόνον
485 1673 629 1708 ἐτόλμησε.
645 1673 807 1706 Κακοήθεις
821 1673 849 1700 δὲ
862 1673 947 1706 καλεῖ,

156 1718 220 1749 τοὺς
234 1719 275 1750 εἰς
286 1718 433 1753 ἐπιϐουλὴν
459 1719 648 1754 κεχρημένους
664 1720 720 1751 τοῖς
737 1719 888 1755 λογισμοῖς,
900 1720 949 1746 καὶ

156 1761 206 1796 τὴν
223 1761 328 1797 βλάϐην
342 1759 381 1798 τῷ
395 1762 480 1793 πέλας
509 1762 741 1798 τεκταινομένους.
767 1763 948 1797 Ψιθυριστὰς

156 1806 200 1837 δὲ,
218 1807 282 1838 τοὺς
294 1807 363 1840 πρὸς
387 1807 416 1834 τὸ
439 1804 485 1839 οὖς
507 1807 723 1842 διαλεγομένους,
743 1807 790 1834 καὶ
810 1808 948 1844 παρόντας

160 1852 232 1885 τινας
251 1854 345 1885 κακῶς
364 1853 556 1889 ἀγορεύοντας.
584 1853 791 1887 Καταλάλους,
817 1856 880 1887 τοὺς
894 1855 947 1882 δια-

157 1897 248 1930 ϐολαῖς
259 1898 331 1925 κατὰ
343 1898 396 1926 τῶν
411 1899 536 1926 ἀπόντων
549 1899 635 1931 ἀδεῶς
650 1901 850 1936 κεχρημένους.
878 1902 946 1928 880—

157 1943 288 1977 στυγεῖς,
300 1944 364 1975 τοὺς
375 1944 501 1979 ἀπεχθῶς
517 1944 581 1979 περ).
599 1944 644 1971 τὸν
661 1944 726 1972 Θεὸν
748 1945 945 1981 διακειμένους.

162 1987 331 2022 Ὑϐριστὴς,
356 1989 419 2021 τοὺς
444 1990 508 2025 περὶ
529 1989 579 2025 τὴν
604 1989 747 2025 παροινίαν
774 1991 946 2026 προχείρους.

163 2033 402 2069 Ὑπερηςεὰνους,
421 2036 485 2066 τοὺς
499 2035 542 2069 ἐφ’
556 2033 597 2067 οἷς
624 2035 715 2071 έχουσι
728 2035 947 2072 πλεονεκτήμασι

159 2081 263 2116 μεγάλα
278 2080 453 2117 φρονοῦντας.
474 2080 647 2114 Ἀλαζόνας,
675 2081 741 2113 τοὺς
751 2081 881 2116 οὐδεμίαν
898 2081 947 2116 μὲν

157 2127 267 2162 ἔχοντας
288 2127 425 2162 πρόφασιν
437 2127 476 2158 είς
497 2127 672 2162 φρονήματος
699 2127 791 2160 ὁγκον,
809 2126 898 2162 μάτην
917 2126 946 2153 δὲ

158 2172 356 2207 φυσιωμένους.
374 2172 551 2206 Ἐφευρετὰς
567 2171 676 2204 κακῶν,
694 2171 758 2203 τοὺς
771 2171 801 2198 οὐ
817 2172 896 2207 μόνον
912 2171 946 2198 τὰ

157 2217 354 2252 πολιτευόμενα
364 2217 521 2251 τολμῶντας
529 2217 612 2250 κακὰ,
632 2217 700 2244 ἀλλά
725 2218 772 2244 καὶ
786 2217 866 2254 ἕτερα
881 2226 947 2250 προ·
962 2209 983 2236 D

159 2263 347 2295 επινοοῦντας.
367 2263 518 2290 Γονεῦσιν
533 2263 674 2296 ἀπειθεῖς,
697 2263 796 2290 ἀτοπία
813 2263 861 2290 καὶ
875 2263 945 2298 αὕτη

159 2310 284 2345 μεγίστη,
294 2309 344 2346 τὴν
357 2309 436 2344 φύσιν
450 2311 600 2346 κατήγορον
621 2306 730 2345 ἐχουσαᾷ
752 2309 943 2343 Ἀσυνέτους’

157 2357 181 2382 oi
197 2357 250 2391 γὰρ
264 2358 304 2388 εἰς
320 2357 367 2382 τὸν
379 2357 535 2392 παράνομον
547 2356 732 2389 ἐξοκείλαντες
754 2355 821 2391 βίον,
837 2356 884 2383 τοῦ
902 2356 945 2383 λο-

158 2402 233 2438 γικοῦ
253 2403 317 2435 τοὺς
343 2402 523 2438 χαρακτῆρας
558 2403 705 2430 ἀπέϐαλον.
738 2402 944 2436 Ἀσυνθέτους,

158 2449 218 2481 τοὺς
231 2449 416 2484 ἀκοινώνητον
441 2450 488 2475 καὶ
512 2449 632 2484 πονηρὸν
648 2449 706 2484 βίον
720 2448 942 2484 ἀσπαζομένους.

163 2495 414 2530 Ἀστόργυυς,τοὺς
423 2495 511 2529 φιλίας
519 2495 618 2530 νόμους
631 2495 725 2530 μαθεῖν
734 2495 784 2521 οὐκ
791 2495 943 2527 ἐθέλοντας.

163 2541 360 2574 Ἀσπόνὸους.
370 2541 432 2573 τοὺς
447 2541 532 2573 ἀδεῶς
540 2541 574 2568 τὰ
591 2540 756 2576 συγκείμενα
769 2540 945 2576 παραΰαίνον-

157 2595 213 2619 τας.
230 2587 461 2622 Ἀνελεήμονας.
477 2587 540 2616 τοὺς
556 2586 610 2613 τῶν
631 2586 734 2622 θηρίων
747 2586 795 2621 τὴν
814 2586 944 2622 ὠμότητα

159 2634 353 2669 μιμουμένους.

1000 1578 1106 1613 nequit.
1135 1579 1172 1606 Ea
1202 1585 1292 1607 autem
1324 1585 1352 1607 et
1381 1581 1484 1608 caedem
1509 1583 1615 1616 genuit,
1644 1588 1672 1609 et
1696 1583 1787 1610 dolum

1000 1623 1136 1658 concepit.
1155 1624 1223 1651 Cain
1241 1625 1314 1651 enim
1334 1625 1436 1652 invidia
1452 1626 1611 1657 sauciatus,
1628 1631 1654 1654 et
1667 1627 1721 1654 doli
1739 1635 1790 1661 ope

1000 1676 1078 1701 usus,
1093 1668 1205 1696 fratrem
1222 1669 1249 1696 in
1265 1669 1320 1704 28
1339 1678 1464 1704 campum
1498 1671 1609 1698 seduxit
1633 1673 1789 1708 aedemque

1000 1715 1177 1749 perpetravit.
1194 1715 1327 1751 Malignas
1348 1723 1412 1744 vero
1434 1721 1524 1750 vocat,
1543 1718 1590 1752 qui
1620 1718 1734 1746 rationis
1749 1719 1789 1745 fa-

999 1761 1101 1789 cultate
1117 1762 1150 1788 ad
1177 1761 1295 1790 insidias
1310 1763 1511 1798 comparandas
1527 1768 1655 1798 utuntur,
1671 1768 1699 1791 et
1723 1773 1787 1800 pro-

999 1806 1073 1833 ximo
1087 1806 1239 1841 perniciem
1256 1807 1484 1836 architectantur.
1500 1807 1665 1836 Susw‘rones
1682 1813 1786 1839 autem.

998 1852 1046 1887 qui
1069 1852 1096 1879 in
1113 1860 1207 1880 aurem
1237 1853 1400 1888 loquuntur,
1423 1857 1452 1880 et
1473 1853 1505 1880 de
1531 1855 1714 1888 praesentibus
1736 1855 1788 1882 ali-

998 1899 1098 1934 quibus
1113 1898 1292 1926 maledicunt.
1322 1899 1507 1932 Detractores,
1526 1901 1573 1935 qui
1589 1901 1719 1928 absentes
1739 1909 1788 1928 an-

998 1945 1093 1973 dacter
1109 1945 1324 1973 calumniantur.
1350 1945 1399 1972 Dei
1422 1954 1524 1980 osores,
1544 1947 1590 1981 qui
1608 1947 1708 1974 infesto
1723 1952 1787 1974 sunt

998 1991 1026 2018 in
1050 1990 1134 2018 Deum
1165 1991 1269 2018 animo.
1297 1990 1522 2023 Contumeliosos,
1551 1992 1598 2027 qui
1629 1991 1662 2019 ad
1686 1993 1785 2027 probra

997 2037 1146 2072 ingerenda
1163 2037 1242 2071 proni
1271 2041 1346 2064 sunt.
1368 2037 1512 2072 Superbos,
1540 2039 1586 2073 qui
1604 2038 1639 2066 ob
1654 2046 1695 2071 ea,
1723 2038 1785 2073 qui-

997 2081 1048 2108 bus
1063 2081 1242 2108 auutcaeteris
1256 2081 1594 2116 superiores,eﬂ‘eruntur.
1611 2082 1784 2117 Arrogantes,

997 2127 1053 2162 qui,
1071 2135 1134 2155 cum
1164 2128 1266 2154 nullam
1292 2128 1467 2155 occasionem
1496 2128 1625 2161 habeant,
1652 2132 1681 2156 ut
1705 2129 1738 2156 de
1755 2137 1785 2156 se

997 2173 1142 2208 magniﬁce
1171 2174 1320 2206 sentiant,‘
1348 2175 1408 2201 sine
1434 2181 1518 2201 causa
1549 2178 1640 2201 tamen
1667 2174 1784 2202 intume-

998 2223 1090 2247 scunt.
1111 2218 1245 2247 Malorum
1271 2220 1427 2252 inventores,
1458 2221 1505 2255 qui
1528 2227 1582 2247 non
1599 2220 1686 2247 solum
1713 2221 1783 2247 mala
1822 2217 1830 2222 ’

996 2271 1057 2297 qu;e
1083 2263 1110 2290 in
1130 2262 1269 2290 communi
1296 2271 1346 2290 usu
1372 2268 1530 2294 versantur,
1558 2263 1605 2291 sed
1628 2264 1710 2291 etiam
1731 2265 1783 2291 alia

996 2308 1164 2342 excogitant.
1181 2307 1340 2334 Parentibus
1359 2315 1410 2335 non
1425 2308 1590 2340 obedientes,
1604 2308 1657 2335 hoc
1672 2316 1783 2343 quoque

996 2353 1146 2380 maximum
1170 2357 1198 2380 et
1229 2353 1430 2381 alienissimum
1466 2359 1510 2381 est
1523 2354 1629 2386 vitium,
1657 2354 1729 2388 quod
1755 2358 1782 2380 et

995 2399 1053 2434 ipsa
1070 2404 1166 2426 natura
1183 2405 1305 2426 accusat.
1329 2399 1496 2433 Insipientes,
1526 2399 1573 2434 qui
1598 2399 1670 2426 enim
1701 2399 1729 2426 in
1742 2399 1782 2426 vi-

997 2449 1051 2472 tam
1070 2445 1221 2480 improbam
1239 2445 1360 2480 prolapsi
1377 2449 1457 2477 sunt,
1472 2444 1491 2471 ii
1508 2443 1624 2472 rationis
1639 2444 1781 2472 characte-

995 2497 1041 2517 res
1056 2491 1222 2518 amiserunt.
1241 2490 1447 2524 Incunpositos,
1471 2489 1519 2524 qui
1535 2489 1618 2516 vitam
1647 2489 1781 2516 nefariam

996 2539 1024 2563 et
1053 2542 1068 2562 a
1095 2536 1233 2562 communi
1262 2536 1393 2563 societate
1425 2535 1543 2563 alienam
1568 2535 1780 2570 amplectuntur.

997 2579 1130 2607 Amicitia:
1148 2585 1276 2615 expertes,
1292 2580 1339 2616 qui
1360 2580 1488 2608 amicitiae,
1515 2581 1589 2616 leges
1616 2581 1714 2608 nolunt
1738 2581 1781 2608 di-

997 2631 1084 2652 scere.
1102 2623 1164 2651 Sine
1179 2624 1286 2659 fmdere,
1297 2625 1344 2660 qui
1357 2630 1435 2660 pacta
1453 2629 1590 2653 conventa
1609 2625 1781 2661 impudenter

996 2671 1248 2706 transgrediuntur.
1270 2670 1509 2705 [inmiserit-ordes,
1521 2671 1568 2707 qui
1584 2670 1704 2698 ferarum
1717 2678 1781 2698 cru-

997 2716 1136 2744 delilalem
1155 2716 1306 2743 imitantur.

805 2770 922 2798 VAIHJE
945 2773 1146 2801 LECTIONES.

192 2818 214 2832 “
230 2817 396 2850 θεοςτὺγςνς
418 2815 724 2854 legemlnmsecundum
743 2813 908 2844 Theodoreti
942 2817 1214 2853 interpretationem.
1229 2818 1361 2854 Equidem
1375 2822 1513 2854 receptam
1535 2818 1676 2847 lectionem
1690 2816 1778 2845 active

156 2858 235 2880 sensu
250 2859 402 2881 occurrere
420 2852 495 2878 valde
510 2850 613 2878 dubito.
