2013 3114
248 174 281 209 7]
764 170 1012 203 THEODORE’I‘I
1031 170 1200 201 EPISCOPI
1220 171 1403 202 CYRENSIS
1842 169 1878 207 7i

252 233 344 265 nibus,
359 233 367 242 ‘
382 230 518 266 bonisque
536 229 691 258 actionibus
708 229 791 257 vitam
819 235 998 261 cxornavere,
1013 231 1040 254 et

1093 229 1118 256 δὲ
1131 230 1247 264 ἀγαθαῖς
1261 231 1305 257 τδν
1321 229 1378 266 βίον
1392 227 1663 264 κατακοσμήσαντες,
1679 229 1725 255 καὶ
1740 228 1814 263 σφῶν
1829 229 1878 255 αὺ-

251 278 302 306 sibi
317 278 383 312 ipsis
402 278 488 313 legem
505 277 605 304 tulere.

285 322 369 349 Vens.
389 323 434 355 15,
452 322 495 350 16.
512 323 565 355 Qui
586 320 725 349 ostendunt
741 328 805 354 opus
826 319 889 355 legis
913 320 1041 353 scriptum

250 368 277 394 in
305 367 430 394 cordibus
460 368 532 399 suis,
554 367 732 394 testimonium
759 367 881 393 reddente
902 365 957 392 illis
977 373 1042 392 ton-

251 414 373 445 srientia,
386 418 410 440 et
422 413 491 440 inter
511 422 537 440 se
552 414 664 440 invicem
687 411 893 447 cogitationibus
913 420 1042 438 accusau-

253 454 332 490 Iibus,
347 464 393 485 aut
428 459 509 485 etiam
532 458 742 492 defendentibus.
763 456 796 484 In
812 457 854 484 die
878 465 938 484 cum
964 456 1042 490 judi-

252 505 321 532 cnbit
335 504 406 531 Deus
431 503 535 530 occulta
549 504 684 530 hominum
702 503 846 530 secundant
870 502 1042 537 Evangelia»;

252 559 337 577 meum
353 558 398 584 per
412 549 505 576 JesIIm
517 549 666 577 Christum.
684 549 811 576 Ostendit
836 549 921 584 legem
937 553 1043 575 natura:

251 595 381 623 cordibus
399 595 574 629 inscriptam,
591 599 618 621 et
643 595 820 622 conscientia:
844 599 901 621 tum
927 602 1042 621 accusa-

251 642 353 668 tionem
381 644 439 667 tum
468 640 657 667 defensionem
687 640 804 667 veritate
827 643 963 667 ornatam.
986 638 1042 674 Ego

252 690 343 713 autem
368 693 410 713 me
432 692 520 720 operae
543 685 661 719 pretium
688 684 826 712 facturum
852 685 991 716 existimo,
1019 685 1041 712 si

255 737 311 758 rem
333 730 425 764 aliquo
443 730 569 764 exemplo
587 730 761 757 manifestam
780 729 908 757 eil‘ecero.
927 729 1043 763 Quando

251 777 323 804 enim
340 777 416 803 illum
434 776 461 802 in
477 776 620 810 Benjamin
636 779 727 803 actum
743 776 903 803 ordiebutur
922 777 1042 803 admira-

251 823 315 850 bilis
336 821 448 857 Joseph,
473 826 500 850 et
528 822 608 857 quasi
638 823 752 849 calicem
783 822 934 849 suti‘uratns
957 826 1041 854 esset,

252 876 362 897 servum
394 868 530 896 abducere
554 869 727 901 conabatur,
757 867 874 895 fratrum
902 868 984 895 veluti
1015 868 1040 894 in

253 916 315 951 igne
331 921 448 942 mentem
468 915 600 949 probans,
619 919 713 949 aperte
729 919 840 941 ostensa
856 918 897 941 est
908 914 949 941 vis
965 914 1042 941 testi-

252 961 336 988 monii
350 961 536 988 conscientiae.
549 960 627 988 Tunc
641 961 724 992 enim,
741 965 807 987 tunc
820 960 857 988 illi
879 960 1041 996 tragmdiant

251 1007 360 1042 quidem
391 1007 461 1034 hanc
501 1006 645 1034 attendere
677 1007 792 1034 minime
819 1007 964 1039 volebant,
994 1007 1042 1035 scd

251 1053 365 1080 admissi
383 1055 446 1080 ante
466 1053 535 1080 duos
553 1056 580 1080 et
597 1053 693 1088 viginti
712 1060 800 1080 annos
815 1053 929 1080 sceleris
946 1061 1042 1080 recor-

251 1098 390 1126 dabantur
407 1107 413 1125 :
429 1102 455 1125 et
487 1098 533 1125 alii
559 1098 670 1133 quidem
693 1097 833 1130 dicebant,
855 1107 864 1123 ι
880 1097 985 1126 Fratris
999 1098 1042 1126 sui

250 1143 370 1176 junioris
396 1143 559 1177 sanguinem
585 1151 617 1170 ex
637 1143 765 1170 munibus
782 1151 876 1170 eorum
894 1142 1008 1178 requiri,
1030 1153 1039 1169 ι

254 1188 349 1215 Ruben
375 1192 466 1215 autem
497 1188 583 1216 factas
619 1189 673 1216 illis
706 1189 909 1217 admonitiones
931 1189 958 1216 in
983 1197 1042 1217 me-

253 1234 368 1261 Inoriam
391 1234 546 1261 revocabat.
562 1233 765 1262 Convenicnter
789 1235 853 1262 huic
869 1234 1041 1262 similitudini

252 1280 444 1307 describamus
475 1279 598 1306 futurum
625 1279 781 1314 judicium,
812 1284 840 1307 et
868 1281 963 1307 eorum
995 1280 1042 1315 qui

252 1330 328 1352 extra
354 1325 439 1360 legem
473 1325 598 1351 vixerunt
629 1325 843 1357 c0n5cientiam,
873 1333 935 1360 qua:
969 1316 1043 1352 nunc

253 1371 362 1406 quidem
379 1379 408 1398 se
425 1371 557 1402 defendit,
572 1375 600 1398 et
618 1371 802 1405 ignorantiam
818 1371 954 1404 obtendit,
969 1379 1042 1398 nunc

253 1421 345 1444 autem
374 1417 482 1451 culpam
514 1417 657 1454 agnoscit,
683 1420 710 1443 et
738 1417 799 1443 latae
819 1417 872 1452 33
900 1417 1043 1444 sententia:

253 1463 411 1498 aequitatem
434 1462 565 1496 prmdicat
585 1467 608 1488 ·.
626 1462 664 1489 Ita
687 1466 713 1489 et
728 1462 897 1494 Abimclech,
911 1470 973 1490 cum
992 1463 1042 1490 ha-

254 1510 331 1536 beret
343 1509 518 1536 conscientia:
533 1509 730 1540 testimonium.
746 1507 801 1536 Deo
813 1508 921 1536 diccbat
937 1518 942 1536 :
961 1518 969 1534 ι
991 1509 1043 1537 Do-

254 1556 338 1586 nIinc,
363 1559 470 1590 gentem
500 1555 670 1589 ignorantem
693 1558 720 1582 ct
744 1554 848 1589 justam
875 1554 1042 1583 interlicies?

253 1601 349 1628 Nonne
364 1601 422 1635 ipse
437 1600 502 1627 mihi
517 1600 595 1632 dixit.
611 1600 698 1627 Soror
715 1608 774 1628 mea
798 1606 850 1633 est,
865 1606 891 1628 et
906 1601 965 1636 ipsa
979 1601 1044 1628 Inibi

253 1647 341 1680 dirit,
363 1646 458 1673 Frater
476 1653 554 1673 meus
574 1645 634 1672 est?
649 1645 722 1672 Pura
743 1649 834 1672 mente
857 1646 908 1672 huc
931 1645 972 1680 egi
990 1646 1012 1672 ί.
1033 1655 1042 1671 1

253 1691 321 1718 Cum
353 1695 444 1718 autem
478 1690 537 1717 hzec
564 1690 706 1717 domuisset
732 1690 844 1717 divinus
877 1690 1044 1725 Apostolus,

254 1738 389 1765 convertit
404 1743 557 1764 sermonem
575 1736 608 1763 ad
625 1735 761 1768 Judmum,
774 1740 800 1764 ct
816 1735 881 1762 dicit
896 1745 902 1763 :

293 1875 375 1903 Vens.
406 1876 447 1902 i7.
472 1875 538 1902 Ecce
567 1879 595 1901 tu
625 1874 736 1902 Juda'us
763 1873 969 1909 cognominaris.
987 1872 1044 1900 Hoc

256 1922 328 1949 enini
345 1929 444 1948 nomen
459 1928 606 1947 commune
622 1921 687 1947 olim
705 1925 765 1946 erat
781 1925 808 1947 et
826 1918 980 1946 venerabile
995 1928 1002 1946 :
1018 1923 1045 1946 et

257 1967 318 1994 ideo
335 1974 389 1994 non
407 1966 476 1998 dixit
501 1966 660 1997 nominarit,
677 1964 724 1992 sed
748 1966 995 2000 cognominarir.—
1011 1964 1046 1991 Et

257 2013 399 2046 requiescis
419 2013 447 2038 in
466 2012 529 2046 lege.
544 2010 602 2038 Non
618 2011 691 2038 enim
709 2010 832 2042 laboras,
853 2015 881 2037 ut
898 2010 945 2046 qui
969 2015 1045 2038 extra

258 2064 342 2094 legem
365 2062 503 2090 versatur,
522 2064 647 2091 qnmrens
670 2056 736 2091 quid
762 2056 798 2082 sit
816 2056 951 2091 agendum
971 2063 978 2083 :
998 2056 1045 2083 sed

258 2105 342 2132 habes
371 2104 476 2138 legem,
504 2110 564 2137 qua:
591 2106 617 2128 te
648 2101 741 2128 onmia
771 2106 865 2136 aperte
896 2101 985 2129 docet.
1012 2101 1045 2128 Et

258 2150 385 2186 gloriaris
411 2151 437 2176 in
462 2148 526 2175 Deo.
553 2147 589 2174 Ut
614 2147 660 2181 qui
691 2151 717 2174 te
735 2147 887 2181 praetulerit
916 2146 1046 2174 omnibus

259 2197 396 2232 gentibus,
409 2202 469 2229 qua:
492 2196 572 2220 erant
591 2193 618 2219 in
632 2197 689 2218 toto
706 2192 772 2219 Orbe
793 2196 941 2224 terrarum,
955 2197 983 2219 ut
999 2193 1045 2227 qui

1093 275 1147 303 τῶν
1163 276 1307 312 νομοθέται
1321 275 1473 311 γενόμενοι.

1129 325 1171 355 ιε’,
1189 325 1237 355 ις’.
1256 322 1370 355 Οἵτινες
1384 320 1588 348 ἐνδείκνυνται
1611 317 1643 346 τὸ
1658 319 1746 353 ἔργον
1759 318 1812 346 τοῦ
1829 318 1879 346 νό-

1090 377 1149 404 μου
1165 369 1296 404 γραπτὸν
1314 369 1348 395 ὲν
1364 367 1429 401 ταῖς
1442 367 1576 401 καρδίαις
1591 364 1880 400 αὐτῶν,συμμαρτυ-

1089 415 1207 448 ρούσης
1236 413 1336 442 αἰετῶν
1363 413 1419 447 τῆς
1450 412 1667 446 συνειδήσεως,
1694 409 1743 438 καὶ
1766 406 1880 445 μεταξὺ

1093 459 1238 494 ἀλλήλων
1255 458 1313 486 τῶν
1329 457 1482 493 λογισμῶν
1505 456 1766 492 κατηγορούντων,
1792 455 1810 490 ἢ
1832 456 1881 482 καὶ

1093 505 1354 540 ἀπολογουμένων.
1376 505 1428 531 Ἐν
1454 503 1563 537 ἡμέρᾳ,
1584 503 1632 529 ὅτε
1656 502 1750 536 κρινεῖ
1771 503 1788 528 ὁ
1810 501 1882 534 Θεὸς

1092 551 1129 577 τὰ
1155 551 1271 584 κρυπτὰ
1294 550 1354 576 τῶν
1368 549 1531 583 ἀνθρώπων
1553 548 1627 575 κατὰ
1643 547 1676 575 τὸ
1697 541 1882 582 Εὐαγγέλιδν

1092 605 1150 632 μου
1167 595 1217 623 διὰ
1240 596 1341 629 Ἰησοῦ
1362 595 1501 630 Χριστοῦ.
1519 594 1622 627 Ἐδειξε
1640 594 1684 620 τὸν
1706 593 1756 629 τῆς
1775 593 1882 628 φύσεως

1093 643 1175 676 νόμον
1189 643 1250 673 ταῖς
1271 641 1395 676 καρδίαις
1410 640 1645 676 ἐγγεγραμμένον,
1666 639 1713 666 καὶ
1728 639 1775 666 τοῦ
1792 647 1881 665 συνει-

1093 687 1167 718 δότος
1181 687 1230 713 καὶ
1244 688 1293 722 τὴν
1308 686 1475 722 κατηγορίαν
1490 686 1536 712 καὶ
1549 685 1598 721 τὴν
1609 685 1758 719 ἀπολογίαν
1767 684 1882 720 ἀληθείᾳ

1093 730 1317 767 κεκοσμημένην.
1343 730 1412 765 Ἐγὼ
1431 731 1459 758 δὲ
1481 730 1618 766 προῦργου
1633 729 1734 765 νομίζω
1750 730 1795 757 διά
1809 738 1882 759 τινος

1094 777 1314 814 παραδείγματος
1342 777 1415 812 σαφῆ
1444 778 1555 812 ποιῆσαι
1580 777 1626 803 τὸν
1652 776 1743 810 λόγον.
1763 776 1829 802 Ὀτε
1850 775 1883 802 τδ

1094 825 1165 851 κατὰ
1181 824 1224 851 τὸν
1240 824 1368 858 Βενιαμὶν
1385 823 1502 859 ὲξύφηνε
1516 824 1609 858 δρᾶμα
1621 823 1635 849 δ
1650 821 1802 858 θαυμάσιος
1822 822 1882 848 Ὶω-

1096 870 1161 904 σὴφ,
1178 869 1226 896 καὶ
1245 869 1282 901 ὡς
1296 868 1446 904 κεκλοφότα
1469 869 1514 895 τὸν
1531 868 1620 900 κόνδυ,
1643 867 1736 894 δοῦλον
1754 868 1883 903 ἐπειρᾶτο

1093 916 1201 947 λαϐεῖν,
1223 915 1277 942 τῶν
1304 915 1426 949 ἀδελφῶν
1445 914 1482 946 ὼς
1505 915 1533 941 ἐν
1561 913 1629 949 πυρὶ
1653 913 1808 948 δοκιμάζων
1834 913 1883 948 τὴν

1093 961 1216 996 γνώμην,
1229 961 1359 996 ἄντικρυς
1373 960 1480 996 ἐδείχθη
1495 960 1544 994 τῆς
1554 959 1601 986 τοῦ
1615 960 1764 991 συνειδότος
1778 966 1883 994 μαρτυ-

1095 1007 1156 1042 ρίας
1173 1006 1324 1041 ἠδύναμις.
1341 1005 1408 1032 Τότε
1423 1006 1476 1041 γὰρ
1490 1005 1532 1040 δὴ,
1545 1005 1605 1031 τότε
1621 1005 1708 1041 ταύτῃ
1723 1005 1771 1040 μὲν
1782 1004 1883 1039 ἥκιστα

1092 1053 1125 1087 τῇ
1143 1052 1282 1088 τραγῳδίᾳ
1305 1051 1450 1087 προσέχειν
1473 1049 1624 1083 ἐϐούλοντο,
1648 1051 1699 1086 τῆς
1715 1050 1744 1076 δὲ
1761 1050 1813 1086 πρὸ
1835 1049 1882 1076 δύο

1093 1098 1140 1124 καὶ
1161 1098 1247 1124 εἴκοσι
1271 1097 1340 1125 ἐτῶν
1357 1096 1506 1132 γενομένης
1530 1096 1702 1132 παρανομίας
1730 1095 1882 1131 ἀνεμιμνήο

1094 1151 1200 1170 σκοντο.
1219 1138 1274 1169 και
1294 1143 1318 1169 οἱ
1335 1142 1384 1178 μὲν
1399 1142 1503 1176 ἔλεγον,
1518 1143 1559 1169 ὃτι
1577 1152 1586 1168 ι
1605 1142 1641 1169 Τδ
1658 1139 1728 1177 αἷμα
1747 1141 1789 1168 τοῦ
1805 1141 1882 1168 ἀδελ-

1093 1188 1145 1223 φοῦ
1171 1188 1249 1223 ἡμῶν
1267 1187 1314 1214 τοῦ
1337 1189 1470 1224 νεωτέρου
1493 1188 1648 1223 ὲκζητετται
1670 1188 1709 1220 εις
1725 1187 1774 1219 τὰς
1788 1189 1882 1223 χεῖρας

1093 1233 1188 1270 ἡμῶν·
1208 1243 1216 1259 ι
1236 1234 1290 1260 τῶν
1303 1233 1331 1260 δὲ
1345 1233 1535 1269 γεγενημένων
1547 1234 1616 1270 πρὸς
1627 1233 1726 1266 αὐτοὺς
1739 1233 1881 1269 παρακλή-

1095 1288 1164 1307 σεων
1189 1281 1203 1306 ὁ
1221 1279 1350 1314 Ῥουϐεὶμ
1368 1280 1566 1315 ἀνεμίμνησκε.
1579 1280 1657 1307 Κατά
1669 1279 1771 1316 ταύτην
1784 1280 1832 1314 τὴν
1845 1281 1884 1306 εἰ-

1093 1326 1159 1353 κόνα
1173 1325 1367 1361 διαγράψωμεν
1382 1325 1412 1352 τὸ
1427 1323 1523 1362 μέλλον
1541 1325 1689 1362 κριτήριον,
1707 1325 1819 1353 καὶτῶν
1829 1325 1882 1358 ἔξω

1093 1371 1175 1407 νόμου
1189 1372 1427 1407 πολιτευσαμένων
1443 1372 1473 1398 τὸ
1489 1372 1619 1404 συνειδὸς,
1641 1372 1688 1399 νῦν
1711 1371 1760 1408 μὲν
1782 1372 1882 1399 ἀπολο-

1093 1419 1237 1454 γούμενον,
1255 1418 1302 1445 καὶ
1316 1417 1364 1454 τὴν
1377 1417 1488 1452 ἄγνοιαν
1501 1417 1731 1454 προϐαλλόμενον,
1749 1417 1796 1445 νῦν
1809 1417 1838 1445 δέ
1850 1424 1882 1452 γε

1093 1466 1142 1502 τὴν
1169 1465 1336 1500 κατηγορίαν
1363 1464 1523 1500 δεχόμενον,
1551 1464 1598 1491 καὶ
1622 1460 1808 1500 ἀνακηρύττον
1832 1458 1883 1498 τῆς

1095 1510 1285 1546 ὲπενεχθείσης
1297 1510 1387 1545 ψήφου
1400 1509 1431 1536 τὸ
1446 1509 1558 1537 δίκαιον.
1574 1509 1651 1536 Οὕτω
1664 1509 1711 1536 καὶ
1727 1509 1882 1547 Ἀϐιμέλεχ,

1057 1565 1080 1596 c
1095 1556 1142 1582 τοῦ
1168 1553 1317 1587 συνειδότος
1335 1554 1403 1590 ἔχων
1419 1555 1468 1590 τὴν
1488 1553 1650 1591 μαρτυρίαν,
1668 1553 1736 1588 πρὸς
1753 1553 1797 1580 τὸν
1817 1550 1885 1580 Θεὸν

1096 1603 1190 1637 ἔλεγε⁸
1212 1612 1221 1628 ι
1242 1601 1338 1637 Κύριε,
1357 1600 1433 1632 έονος
1447 1600 1560 1635 ἀγνοοῦν
1581 1600 1628 1626 καὶ
1647 1599 1750 1626 δὶκαιον
1765 1600 1884 1626 ἀποκτε-

1096 1650 1168 1681 νεῖς,
1185 1648 1241 1675 Οὐκ
1253 1647 1332 1678 αὑτός
1347 1655 1391 1681 μοι
1401 1643 1487 1678 εἶπεν,
1499 1646 1539 1672 ὅτι
1557 1645 1669 1681 ’Δδελφή
1683 1654 1734 1680 μου
1751 1645 1820 1677 ἐστὶ,
1837 1645 1884 1672 καὶ

1096 1692 1164 1728 αὑτὴ
1186 1701 1232 1727 μοι
1253 1690 1349 1723 εἶπεν,
1374 1692 1414 1718 ὃτι
1436 1691 1562 1726 Ἀδελφός
1577 1700 1628 1726 μου
1647 1691 1739 1723 ἐστίνς
1769 1691 1813 1717 Ἐν
1834 1699 1884 1718 κα-

1097 1738 1168 1774 θαρᾷ
1191 1737 1289 1773 καρδία
1314 1737 1430 1771 ἐποίησα
1454 1736 1485 1763 τὸ
1510 1737 1586 1773 ῥῆμα
1604 1736 1692 1763 τοῦτο.
1714 1745 1723 1762 ι
1743 1735 1773 1763 '0
1790 1735 1883 1771 μέντοι

1097 1783 1168 1814 θεῖος
1190 1779 1350 1812 Ἄττὸστολος
1364 1780 1434 1808 οὕτω
1448 1780 1534 1807 ταῦτα
1556 1780 1674 1813 διδάξας,
1689 1780 1735 1807 ἐπὶ
1751 1780 1796 1807 τὸν
1817 1781 1883 1807 Ἰου-

1095 1829 1169 1855 δαῖον
1184 1827 1332 1862 μεταφέρει
1349 1826 1394 1853 τὸν
1411 1825 1501 1860 λόγον,
1517 1826 1563 1852 καί
1577 1835 1660 1861 φησιν
1670 1834 1677 1841 ·

1132 1874 1174 1906 ιζ’.
1192 1873 1253 1901 Ἴδε
1265 1873 1305 1900 σὺ
1317 1874 1339 1889 ¹¹
1360 1872 1499 1905 Ἰουδαῖος
1512 1870 1691 1906 ἐπονομάζῃ.
1715 1871 1812 1898 Κοινδν
1828 1871 1883 1906 γὰρ

1095 1919 1176 1946 τοῦτο
1188 1919 1218 1946 τὸ
1234 1919 1329 1954 ὄνομα,
1345 1919 1392 1945 καὶ
1404 1919 1496 1954 τίμιον
1511 1916 1545 1954 ἦν
1561 1918 1644 1944 πάλαι
1656 1926 1662 1932 ·
1680 1917 1721 1944 διδ
1736 1918 1786 1944 οὐκ
1796 1914 1882 1949 εἶπεν,

1095 1965 1227 2002 ὀνομάζῃ,
1248 1965 1305 1992 ἀλλ’
1320 1963 1498 2000 ἐπονομάζῃ.
1514 1980 1548 1986 -
1564 1965 1617 1992 Καὶ
1640 1965 1821 1999 ἐπαναπαύῃ
1843 1961 1884 1997 τῷ

1097 2013 1188 2048 νόμῳ.
1210 2013 1247 2039 Οὐ
1261 2012 1316 2048 γὰρ
1333 2013 1459 2047 κάμνεις,
1484 2012 1521 2043 ὡς
1539 2011 1591 2044 ἔξω
1609 2011 1693 2046 νόμου
1709 2011 1885 2046 πολιτευόμε-

1097 2067 1151 2090 νος,
1177 2058 1209 2084 τὺ
1234 2057 1370 2093 πρακτέον
1387 2057 1540 2093 ἐπιζητῶν
1567 2057 1624 2084 ἀλλ’
1646 2057 1717 2092 ἔχεις
1735 2056 1780 2083 τὸν
1802 2057 1884 2091 νόμον

1098 2102 1192 2137 σαφῶς
1219 2102 1328 2130 ἅπαντά
1349 2110 1379 2128 σε
1403 2102 1574 2129 διδάσκοντα.
1600 2102 1653 2129 Καὶ
1683 2101 1834 2136 καυχᾶσαι
1851 2098 1886 2127 ἐν

1099 2149 1170 2182 Θεῷ.
1198 2149 1242 2180 Ὠς
1261 2149 1369 2176 πάντων
1390 2157 1419 2174 σε
1441 2148 1650 2183 προτετιμηκότι
1670 2147 1724 2174 τῶν
1747 2147 1818 2174 κατὰ
1836 2145 1886 2181 τὴν

1098 2195 1260 2230 οἰκουμένην
1281 2193 1377 2226 ἐονῶν,
1399 2194 1437 2226 ὡς
1451 2193 1551 2229 πολλῆς
1571 2200 1599 2219 σε
1619 2193 1782 2228 κηδεμονίας
1804 2191 1886 2227 ἠξιω-

261 2248 384 2275 niagaam
400 2240 440 2266 tui
459 2245 553 2265 curam
575 2244 671 2270 gerere
685 2237 814 2270 dignatus
829 2239 837 2248 ⁶
852 2237 899 2270 sit,
918 2241 945 2264 et
958 2237 1043 2272 legem

1098 2240 1167 2272 κότι,
1179 2240 1226 2267 καὶ
1241 2240 1322 2275 νόμον
1332 2239 1470 2272 δεδωκότι,
1481 2240 1528 2266 καὶ
1539 2239 1581 2266 διὰ
1593 2239 1647 2265 τῶν
1661 2237 1806 2274 προφητῶν
1818 2235 1885 2264 ποδ-

259 2284 376 2315 dederit.
391 2287 417 2309 et
432 2289 479 2316 per
497 2282 643 2316 prophetas
662 2281 821 2308 instituerit.

296 2327 378 2354 Vens.
397 2327 439 2354 i8.
457 2326 490 2353 Et
510 2327 579 2352 noin
594 2325 755 2352 voluntatem
771 2326 840 2360 ejus,
856 2325 902 2354 Dei
925 2326 1043 2356 scilicet.

260 2374 293 2402 Et
304 2373 399 2407 probas
416 2372 535 2399 utiliora.
550 2371 607 2398 Hoc
620 2376 672 2404 est,
689 2372 827 2407 dignoscis
844 2380 875 2399 ea
897 2380 958 2407 qua:
976 2373 1046 2401 inter

260 2428 289 2447 se
309 2423 373 2447 sunt
396 2418 546 2448 contraria.
572 2417 709 2451 justitiam
734 2421 762 2444 et
786 2417 1046 2451 injustitiam,tem-

261 2465 410 2500 perantiam
437 2468 464 2490 et
488 2463 740 2498 intemperantiam,
775 2463 902 2497 pietatem
936 2467 964 2490 et
993 2464 1046 2490 im-

259 2511 396 2546 pietatem.
423 2509 573 2536 Iustruclus
598 2517 644 2544 per
671 2508 823 2544 legem.llla
851 2509 923 2536 enim
942 2509 1000 2537 lucc
1019 2513 1046 2537 te

259 2558 364 2584 decutit.

297 2601 380 2628 Vens.
407 2600 448 2633 19,
470 2601 515 2628 ‘20.
539 2600 573 2627 Et
599 2599 712 2634 conﬁdis
737 2600 847 2634 teipsum
877 2608 933 2627 esse
954 2601 1046 2628 ducem

297 2677 308 2691 ι
329 2671 397 2698 Gen.
414 2678 478 2697 XLIII
496 2674 520 2697 et
542 2678 612 2697 ιιιιν.
654 2671 663 2688 ι
686 2669 753 2696 Gen.
770 2678 820 2701 xx,
842 2670 871 2701 ί,
887 2669 913 2696 5.

1095 2286 1237 2321 ηγήσαντι.

1135 2333 1181 2365 ιη’.
1212 2330 1267 2357 Καὶ
1291 2329 1447 2364 γινώσκεις
1475 2329 1508 2356 τὸ
1531 2328 1656 2362 θέλημα.
1689 2327 1812 2355 τουτέστι
1837 2326 1885 2354 τοῦ

1099 2374 1176 2402 Θεοῦ.
1197 2375 1250 2402 Καὶ
1269 2373 1434 2409 δοκιμάζεις
1456 2373 1492 2400 τὰ
1513 2374 1701 2408 διαφέροντα.
1731 2373 1803 2399 ’Λντὶ
1826 2370 1883 2404 τοῦ,

1099 2422 1209 2448 ἐναντία
1228 2421 1361 2456 ἀλλήλοις,
1379 2419 1551 2454 δικαιοσύνην
1575 2420 1622 2447 καὶ
1641 2419 1758 2451 ἀδικίαν,
1778 2427 1886 2453 σωφρο-

1102 2466 1185 2502 σύνην
1195 2467 1242 2493 καὶ
1256 2465 1414 2497 ἀκολασίαν,
1426 2464 1566 2491 εὐσέϐειαν
1581 2465 1627 2491 καὶ¹
1646 2464 1783 2491 ἀσέϐειαν.
1812 2466 1887 2490 Κατ-

1101 2511 1271 2546 ηχούμενος
1283 2511 1318 2537 ἐκ
1335 2510 1388 2537 τοῦ
1412 2510 1516 2545 νόμου.
1533 2510 1642 2537 Τούτων
1658 2510 1712 2546 γάρ
1728 2518 1769 2536 σοι
1783 2509 1886 2540 ἐκεῖνος

1100 2555 1258 2587 διδάσκει).ος
1271 2555 1426 2590 γεγένηται.

1137 2601 1179 2632 ιϐ’,
1197 2604 1231 2628 κ’.
1261 2600 1406 2633 Πέποιθάς
1426 2609 1457 2627 τε
1472 2599 1602 2628 σεαυτὸν
1624 2601 1734 2635 ὁδηγὸν
1749 2598 1826 2628 εἶναι
1841 2606 1888 2626 τυ-

894 2727 1012 2754 νΑιιιιΕ
1033 2727 1234 2755 LECTIONES.
1243 2743 1249 2750 -
1781 2728 1794 2740 ⁵⁵

295 2791 317 2806 ¹¹
335 2790 432 2817 Totum
448 2787 513 2814 illttd
530 2795 536 2813 :
555 2787 606 2813 Ἴδε
627 2787 671 2818 σὺ,
691 2796 718 2814 κ.
733 2796 758 2814 τ.
770 2787 806 2817 λ.,
823 2786 854 2813 ad
873 2793 944 2813 vers.
962 2785 1008 2817 24,
1022 2794 1043 2821 βε

1094 2785 1323 2821 nterrogationem
1341 2785 1405 2813 olim
1423 2785 1532 2813 codices
1555 2784 1649 2819 aliqui,
1669 2787 1745 2821 teste_
1760 2782 1888 2821 Theodo-

261 2831 319 2852 rcto
343 2827 369 2852 in
387 2824 487 2852 Ca'ena
504 2831 572 2850 ntsc.
590 2823 616 2849 in
636 2822 722 2855 Epist.
741 2823 774 2848 ad
801 2821 879 2848 Rom.
904 2821 932 2847 in
949 2818 1201 2852 B:bl.'liodlciana'.
1219 2821 1264 2854 qui
1287 2825 1378 2848 tamen
1397 2821 1453 2855 ipse
1475 2818 1620 2855 lectionejn
1638 2818 1886 2855 istamimprobat2

261 2861 298 2887 lta
316 2861 395 2887 Joau.
416 2859 516 2885 Millius
534 2859 566 2884 ad
592 2858 622 2884 N.
641 2853 674 2883 Τ.
695 2858 722 2884 in
748 2857 821 2883 hunc
845 2855 919 2882 Pauli
946 2857 1048 2883 locum.
1065 2856 1118 2882 Sed
1146 2853 1242 2884 vereor
1266 2863 1300 2883 nc
1322 2853 1479 2884 observatio
1500 2855 1560 2882 cod.
1590 2853 1730 2882 Bodleiani
1751 2853 1886 2881 Theodori

262 2896 411 2932 Mopsuest.
427 2895 471 2927 sit,
487 2897 534 2920 aut
559 2893 629 2919 alius
644 2892 743 2919 similis
759 2890 925 2919 Theodoreti
945 2891 1074 2918 nominis.
