  <div class='ocr_page' id='page_1' title='image "/cluster/home/n/w/nwhite01/storage/ocr_20150623/82/njp.32101077772802/046.png"; bbox 0 0 2013 3114; ppageno 0'>
   <div class='ocr_carea' id='block_1_1' title="bbox 136 186 919 228">
    <p class='ocr_par' dir='ltr' id='par_1_1' title="bbox 136 186 919 220">
     <span class='ocr_line' id='line_1_1' title="bbox 136 186 919 220; baseline -0.005 0"><span class='ocrx_word' id='word_1_1' title='bbox 136 189 172 220; x_wconf 79' lang='grc' dir='ltr'><strong>Π</strong></span> <span class='ocrx_word' id='word_1_2' title='bbox 562 186 866 218; x_wconf 78' lang='lat' dir='ltr'><strong>IN&#39;l‘ERPRETATlO</strong></span> <span class='ocrx_word' id='word_1_3' title='bbox 884 186 919 216; x_wconf 83' lang='lat' dir='ltr'><strong>Ei</strong></span> 
     </span>
    </p>
   </div>
   <div class='ocr_carea' id='block_1_2' title="bbox 971 186 1757 228">
    <p class='ocr_par' dir='ltr' id='par_1_2' title="bbox 971 187 1757 228">
     <span class='ocr_line' id='line_1_2' title="bbox 971 187 1757 228; baseline 0.015 -12"><span class='ocrx_word' id='word_1_4' title='bbox 971 187 1001 216; x_wconf 78' lang='grc' dir='ltr'><strong>Τ.</strong></span> <span class='ocrx_word' id='word_1_5' title='bbox 1023 187 1072 217; x_wconf 71' lang='grc' dir='ltr'><strong>ΑΒ</strong></span> <span class='ocrx_word' id='word_1_6' title='bbox 1091 188 1180 218; x_wconf 79' lang='lat' dir='ltr'><strong>ROM.</strong></span> <span class='ocrx_word' id='word_1_7' title='bbox 1201 190 1279 219; x_wconf 73' lang='lat' dir='ltr'><strong>CAP.</strong></span> <span class='ocrx_word' id='word_1_8' title='bbox 1302 190 1356 220; x_wconf 89' lang='grc' dir='ltr'><strong>ῙΠ.</strong></span> <span class='ocrx_word' id='word_1_9' title='bbox 1720 197 1757 228; x_wconf 73' lang='grc'><strong>78</strong></span> 
     </span>
    </p>
   </div>
   <div class='ocr_carea' id='block_1_3' title="bbox 137 243 919 288">
    <p class='ocr_par' dir='ltr' id='par_1_3' title="bbox 137 243 919 280">
     <span class='ocr_line' id='line_1_3' title="bbox 137 243 919 280; baseline 0 -9"><span class='ocrx_word' id='word_1_10' title='bbox 137 252 207 276; x_wconf 79' lang='grc' dir='ltr'>οεως</span> <span class='ocrx_word' id='word_1_11' title='bbox 231 244 389 280; x_wconf 69' lang='grc' dir='ltr'>ἐσχηκότων</span> <span class='ocrx_word' id='word_1_12' title='bbox 405 243 559 277; x_wconf 68' lang='grc' dir='ltr'>διάγνωσιν,</span> <span class='ocrx_word' id='word_1_13' title='bbox 578 244 688 276; x_wconf 75' lang='grc' dir='ltr'>τούτους</span> <span class='ocrx_word' id='word_1_14' title='bbox 703 244 794 271; x_wconf 76' lang='grc' dir='ltr'>λαϐεῖν</span> <span class='ocrx_word' id='word_1_15' title='bbox 810 245 856 271; x_wconf 75' lang='grc' dir='ltr'>καὶ</span> <span class='ocrx_word' id='word_1_16' title='bbox 876 243 919 270; x_wconf 75' lang='grc' dir='ltr'>τοῦ</span> 
     </span>
    </p>
   </div>
   <div class='ocr_carea' id='block_1_4' title="bbox 971 243 1754 288">
    <p class='ocr_par' dir='ltr' id='par_1_4' title="bbox 974 245 1754 288">
     <span class='ocr_line' id='line_1_4' title="bbox 974 245 1754 288; baseline 0.013 -18"><span class='ocrx_word' id='word_1_17' title='bbox 974 251 1005 270; x_wconf 83' lang='lat' dir='ltr'><strong>ev</strong></span> <span class='ocrx_word' id='word_1_18' title='bbox 1028 250 1124 271; x_wconf 74' lang='lat' dir='ltr'><strong>natura</strong></span> <span class='ocrx_word' id='word_1_19' title='bbox 1149 250 1190 272; x_wconf 80' lang='lat' dir='ltr'><strong>est</strong></span> <span class='ocrx_word' id='word_1_20' title='bbox 1211 245 1394 281; x_wconf 78' lang='lat' dir='ltr'><strong>cognitionem</strong></span> <span class='ocrx_word' id='word_1_21' title='bbox 1421 246 1564 280; x_wconf 78' lang='lat' dir='ltr'><strong>haberent,</strong></span> <span class='ocrx_word' id='word_1_22' title='bbox 1586 256 1634 277; x_wconf 80' lang='lat' dir='ltr'><strong>eos</strong></span> <span class='ocrx_word' id='word_1_23' title='bbox 1668 251 1754 288; x_wconf 73' lang='lat' dir='ltr'><strong>legem</strong></span> 
     </span>
    </p>
   </div>
   <div class='ocr_carea' id='block_1_5' title="bbox 137 289 389 325">
    <p class='ocr_par' dir='ltr' id='par_1_5' title="bbox 137 289 389 325">
     <span class='ocr_line' id='line_1_5' title="bbox 137 289 389 325; baseline 0 -9"><span class='ocrx_word' id='word_1_24' title='bbox 137 289 219 325; x_wconf 76' lang='grc' dir='ltr'>νόμου</span> <span class='ocrx_word' id='word_1_25' title='bbox 236 289 286 325; x_wconf 83' lang='grc' dir='ltr'>τὴν</span> <span class='ocrx_word' id='word_1_26' title='bbox 303 289 389 316; x_wconf 81' lang='grc' dir='ltr'><strong>θέσιν.</strong></span> 
     </span>
    </p>
   </div>
   <div class='ocr_carea' id='block_1_6' title="bbox 171 335 924 370">
    <p class='ocr_par' dir='ltr' id='par_1_6' title="bbox 171 335 924 370">
     <span class='ocr_line' id='line_1_6' title="bbox 171 335 924 370; baseline -0.001 -8"><span class='ocrx_word' id='word_1_27' title='bbox 171 338 206 369; x_wconf 79' lang='grc' dir='ltr'><strong>γ’.</strong></span> <span class='ocrx_word' id='word_1_28' title='bbox 227 336 258 362; x_wconf 79' lang='grc' dir='ltr'>Τί</span> <span class='ocrx_word' id='word_1_29' title='bbox 273 335 328 370; x_wconf 76' lang='grc' dir='ltr'>γὰρ</span> <span class='ocrx_word' id='word_1_30' title='bbox 339 337 365 363; x_wconf 80' lang='grc' dir='ltr'>ει</span> <span class='ocrx_word' id='word_1_31' title='bbox 379 336 556 370; x_wconf 75' lang='grc' dir='ltr'>ἠπίστησάν</span> <span class='ocrx_word' id='word_1_32' title='bbox 576 344 673 369; x_wconf 81' lang='grc' dir='ltr'>τινες;</span> <span class='ocrx_word' id='word_1_33' title='bbox 691 335 735 370; x_wconf 77' lang='grc' dir='ltr'>μὴ</span> <span class='ocrx_word' id='word_1_34' title='bbox 757 337 776 369; x_wconf 75' lang='grc' dir='ltr'><em>ἡ</em></span> <span class='ocrx_word' id='word_1_35' title='bbox 799 335 924 362; x_wconf 71' lang='grc' dir='ltr'>ἀπιστία</span> 
     </span>
    </p>
   </div>
   <div class='ocr_carea' id='block_1_7' title="bbox 135 380 922 415">
    <p class='ocr_par' dir='ltr' id='par_1_7' title="bbox 135 380 922 415">
     <span class='ocr_line' id='line_1_7' title="bbox 135 380 922 415; baseline 0 -8"><span class='ocrx_word' id='word_1_36' title='bbox 135 380 236 407; x_wconf 78' lang='grc' dir='ltr'>αὐτῶν</span> <span class='ocrx_word' id='word_1_37' title='bbox 261 381 319 415; x_wconf 77' lang='grc' dir='ltr'><strong>τὴν</strong></span> <span class='ocrx_word' id='word_1_38' title='bbox 343 382 448 409; x_wconf 74' lang='grc' dir='ltr'>πίστιν</span> <span class='ocrx_word' id='word_1_39' title='bbox 472 382 524 410; x_wconf 85' lang='grc' dir='ltr'>τοῦ</span> <span class='ocrx_word' id='word_1_40' title='bbox 553 382 627 409; x_wconf 82' lang='grc' dir='ltr'>Θεοῦ</span> <span class='ocrx_word' id='word_1_41' title='bbox 654 381 852 415; x_wconf 60' lang='grc' dir='ltr'>καταργήσεκ</span> <span class='ocrx_word' id='word_1_42' title='bbox 874 381 922 414; x_wconf 81' lang='grc' dir='ltr'><strong>Μὴ</strong></span> 
     </span>
    </p>
   </div>
   <div class='ocr_carea' id='block_1_8' title="bbox 136 426 924 463">
    <p class='ocr_par' dir='ltr' id='par_1_8' title="bbox 136 426 924 463">
     <span class='ocr_line' id='line_1_8' title="bbox 136 426 924 463; baseline 0 -10"><span class='ocrx_word' id='word_1_43' title='bbox 136 426 263 462; x_wconf 72' lang='grc' dir='ltr'>γένοιτο.</span> <span class='ocrx_word' id='word_1_44' title='bbox 285 428 372 463; x_wconf 80' lang='grc' dir='ltr'>ᾜδει,</span> <span class='ocrx_word' id='word_1_45' title='bbox 392 428 484 462; x_wconf 71' lang='grc' dir='ltr'>φησιν,</span> <span class='ocrx_word' id='word_1_46' title='bbox 499 428 600 454; x_wconf 82' lang='grc' dir='ltr'>ἄνωθεν</span> <span class='ocrx_word' id='word_1_47' title='bbox 611 429 624 454; x_wconf 86' lang='grc' dir='ltr'><strong><em>ὸ</em></strong></span> <span class='ocrx_word' id='word_1_48' title='bbox 634 427 688 454; x_wconf 88' lang='grc' dir='ltr'><strong>τῶν</strong></span> <span class='ocrx_word' id='word_1_49' title='bbox 704 427 772 454; x_wconf 77' lang='grc' dir='ltr'>ὅλων</span> <span class='ocrx_word' id='word_1_50' title='bbox 786 427 862 459; x_wconf 77' lang='grc' dir='ltr'>Θεὸς,</span> <span class='ocrx_word' id='word_1_51' title='bbox 877 427 924 453; x_wconf 77' lang='grc' dir='ltr'>καὶ</span> 
     </span>
    </p>
   </div>
   <div class='ocr_carea' id='block_1_9' title="bbox 135 472 924 508">
    <p class='ocr_par' dir='ltr' id='par_1_9' title="bbox 135 472 924 508">
     <span class='ocr_line' id='line_1_9' title="bbox 135 472 924 508; baseline 0 -10"><span class='ocrx_word' id='word_1_52' title='bbox 135 473 199 503; x_wconf 69' lang='grc' dir='ltr'>τοὺς</span> <span class='ocrx_word' id='word_1_53' title='bbox 216 472 342 506; x_wconf 77' lang='grc' dir='ltr'>φύλακας</span> <span class='ocrx_word' id='word_1_54' title='bbox 361 473 507 508; x_wconf 76' lang='grc' dir='ltr'><strong>ἐσομένους</strong></span> <span class='ocrx_word' id='word_1_55' title='bbox 522 474 567 500; x_wconf 68' lang='grc' dir='ltr'>τοῦ</span> <span class='ocrx_word' id='word_1_56' title='bbox 586 473 680 508; x_wconf 83' lang='grc' dir='ltr'>νόμου,</span> <span class='ocrx_word' id='word_1_57' title='bbox 697 473 743 500; x_wconf 78' lang='grc' dir='ltr'>καὶ</span> <span class='ocrx_word' id='word_1_58' title='bbox 756 473 819 505; x_wconf 72' lang='grc' dir='ltr'>τοὺς</span> <span class='ocrx_word' id='word_1_59' title='bbox 829 472 924 498; x_wconf 77' lang='grc' dir='ltr'>τοῦτον</span> 
     </span>
    </p>
   </div>
   <div class='ocr_carea' id='block_1_10' title="bbox 135 516 924 552">
    <p class='ocr_par' dir='ltr' id='par_1_10' title="bbox 135 516 924 552">
     <span class='ocr_line' id='line_1_10' title="bbox 135 516 924 552; baseline 0.003 -11"><span class='ocrx_word' id='word_1_60' title='bbox 135 516 348 551; x_wconf 75' lang='grc' dir='ltr'>παραϐήσεσθαι</span> <span class='ocrx_word' id='word_1_61' title='bbox 374 517 536 552; x_wconf 78' lang='grc' dir='ltr'>μέλλοντας·</span> <span class='ocrx_word' id='word_1_62' title='bbox 561 517 685 552; x_wconf 77' lang='grc' dir='ltr'><strong>οὐδαμῶς</strong></span> <span class='ocrx_word' id='word_1_63' title='bbox 712 517 802 544; x_wconf 80' lang='grc' dir='ltr'>τοίνυν</span> <span class='ocrx_word' id='word_1_64' title='bbox 819 518 842 543; x_wconf 77' lang='grc' dir='ltr'>οἱ</span> <span class='ocrx_word' id='word_1_65' title='bbox 860 517 924 543; x_wconf 79' lang='grc' dir='ltr'>ἀπι-</span> 
     </span>
    </p>
   </div>
   <div class='ocr_carea' id='block_1_11' title="bbox 136 562 924 598">
    <p class='ocr_par' dir='ltr' id='par_1_11' title="bbox 136 562 924 598">
     <span class='ocr_line' id='line_1_11' title="bbox 136 562 924 598; baseline 0.001 -10"><span class='ocrx_word' id='word_1_66' title='bbox 136 564 286 597; x_wconf 68' lang='grc' dir='ltr'>στήσαντες</span> <span class='ocrx_word' id='word_1_67' title='bbox 303 562 474 597; x_wconf 73' lang='grc' dir='ltr'>ἐλυμήναντο</span> <span class='ocrx_word' id='word_1_68' title='bbox 499 563 548 594; x_wconf 78' lang='grc' dir='ltr'>τὰς</span> <span class='ocrx_word' id='word_1_69' title='bbox 573 562 649 594; x_wconf 80' lang='grc' dir='ltr'>θείας</span> <span class='ocrx_word' id='word_1_70' title='bbox 669 562 838 598; x_wconf 72' lang='grc' dir='ltr'>εὐεργεσίας.</span> <span class='ocrx_word' id='word_1_71' title='bbox 863 563 924 589; x_wconf 75' lang='grc' dir='ltr'><strong>Κᾶν</strong></span> 
     </span>
    </p>
   </div>
   <div class='ocr_carea' id='block_1_12' title="bbox 135 607 922 644">
    <p class='ocr_par' dir='ltr' id='par_1_12' title="bbox 135 607 922 644">
     <span class='ocr_line' id='line_1_12' title="bbox 135 607 922 644; baseline 0 -10"><span class='ocrx_word' id='word_1_72' title='bbox 135 608 190 643; x_wconf 82' lang='grc' dir='ltr'><strong>γὰρ</strong></span> <span class='ocrx_word' id='word_1_73' title='bbox 207 607 328 639; x_wconf 73' lang='grc' dir='ltr'>ἅπαντες</span> <span class='ocrx_word' id='word_1_74' title='bbox 345 608 369 634; x_wconf 76' lang='grc' dir='ltr'>οἱ</span> <span class='ocrx_word' id='word_1_75' title='bbox 387 607 526 643; x_wconf 71' lang='grc' dir='ltr'>ἄνθρωποι</span> <span class='ocrx_word' id='word_1_76' title='bbox 544 608 607 644; x_wconf 72' lang='grc' dir='ltr'>περὶ</span> <span class='ocrx_word' id='word_1_77' title='bbox 622 608 703 634; x_wconf 81' lang='grc' dir='ltr'>αὐτὸν</span> <span class='ocrx_word' id='word_1_78' title='bbox 717 608 859 644; x_wconf 82' lang='grc' dir='ltr'>ἀχάριστοι</span> <span class='ocrx_word' id='word_1_79' title='bbox 876 608 922 642; x_wconf 80' lang='grc' dir='ltr'><strong>γέ-</strong></span> 
     </span>
    </p>
   </div>
   <div class='ocr_carea' id='block_1_13' title="bbox 135 653 923 690">
    <p class='ocr_par' dir='ltr' id='par_1_13' title="bbox 135 653 923 690">
     <span class='ocr_line' id='line_1_13' title="bbox 135 653 923 690; baseline 0.001 -11"><span class='ocrx_word' id='word_1_80' title='bbox 135 661 246 686; x_wconf 82' lang='grc' dir='ltr'>νωνται,</span> <span class='ocrx_word' id='word_1_81' title='bbox 263 654 313 680; x_wconf 77' lang='grc' dir='ltr'>οὐκ</span> <span class='ocrx_word' id='word_1_82' title='bbox 328 653 475 680; x_wconf 80' lang='grc' dir='ltr'><strong>ἐλαττώσει</strong></span> <span class='ocrx_word' id='word_1_83' title='bbox 492 653 538 680; x_wconf 76' lang='grc' dir='ltr'>τοῦ</span> <span class='ocrx_word' id='word_1_84' title='bbox 555 653 622 680; x_wconf 75' lang='grc' dir='ltr'>Θεοῦ</span> <span class='ocrx_word' id='word_1_85' title='bbox 638 654 686 690; x_wconf 81' lang='grc' dir='ltr'>τὴν</span> <span class='ocrx_word' id='word_1_86' title='bbox 701 653 777 687; x_wconf 78' lang='grc' dir='ltr'>δόξαν</span> <span class='ocrx_word' id='word_1_87' title='bbox 792 655 808 689; x_wconf 82' lang='grc' dir='ltr'>ἡ</span> <span class='ocrx_word' id='word_1_88' title='bbox 821 653 923 680; x_wconf 78' lang='grc' dir='ltr'>τούτων</span> 
     </span>
    </p>
   </div>
   <div class='ocr_carea' id='block_1_14' title="bbox 135 699 922 736">
    <p class='ocr_par' dir='ltr' id='par_1_14' title="bbox 135 699 922 736">
     <span class='ocr_line' id='line_1_14' title="bbox 135 699 922 736; baseline 0.001 -11"><span class='ocrx_word' id='word_1_89' title='bbox 135 699 294 734; x_wconf 79' lang='grc' dir='ltr'>ἀχαριστία.</span> <span class='ocrx_word' id='word_1_90' title='bbox 314 699 399 726; x_wconf 82' lang='grc' dir='ltr'>Τοῦτο</span> <span class='ocrx_word' id='word_1_91' title='bbox 417 699 470 735; x_wconf 81' lang='grc' dir='ltr'><strong>γάρ</strong></span> <span class='ocrx_word' id='word_1_92' title='bbox 496 699 542 726; x_wconf 77' lang='grc' dir='ltr'>διὰ</span> <span class='ocrx_word' id='word_1_93' title='bbox 566 700 622 726; x_wconf 83' lang='grc' dir='ltr'><strong>τῶν</strong></span> <span class='ocrx_word' id='word_1_94' title='bbox 647 701 825 735; x_wconf 77' lang='grc' dir='ltr'>ἐπαγομένων</span> <span class='ocrx_word' id='word_1_95' title='bbox 844 700 922 736; x_wconf 79' lang='grc' dir='ltr'><strong>δεδή-</strong></span> 
     </span>
    </p>
   </div>
   <div class='ocr_carea' id='block_1_15' title="bbox 136 753 220 772">
    <p class='ocr_par' dir='ltr' id='par_1_15' title="bbox 136 753 220 772">
     <span class='ocr_line' id='line_1_15' title="bbox 136 753 220 772; baseline 0.024 -2"><span class='ocrx_word' id='word_1_96' title='bbox 136 753 220 772; x_wconf 69' lang='grc' dir='ltr'>ιωκε.</span> 
     </span>
    </p>
   </div>
   <div class='ocr_carea' id='block_1_16' title="bbox 169 790 921 826">
    <p class='ocr_par' dir='ltr' id='par_1_16' title="bbox 169 790 921 826">
     <span class='ocr_line' id='line_1_16' title="bbox 169 790 921 826; baseline 0.003 -9"><span class='ocrx_word' id='word_1_97' title='bbox 169 790 201 818; x_wconf 75' lang='grc' dir='ltr'><strong>δ’.</strong></span> <span class='ocrx_word' id='word_1_98' title='bbox 217 790 354 818; x_wconf 81' lang='grc' dir='ltr'>Γινέσθω</span> <span class='ocrx_word' id='word_1_99' title='bbox 367 791 402 817; x_wconf 77' lang='grc' dir='ltr'><strong>δὲ</strong></span> <span class='ocrx_word' id='word_1_100' title='bbox 416 792 432 817; x_wconf 87' lang='grc' dir='ltr'><em>ὀ</em></span> <span class='ocrx_word' id='word_1_101' title='bbox 447 791 518 825; x_wconf 85' lang='grc' dir='ltr'><strong><em>Θεὸς</em></strong></span> <span class='ocrx_word' id='word_1_102' title='bbox 533 791 648 826; x_wconf 72' lang='grc' dir='ltr'><strong>ἀληθής</strong></span> <span class='ocrx_word' id='word_1_103' title='bbox 660 800 667 807; x_wconf 92' lang='grc'><strong>·</strong></span> <span class='ocrx_word' id='word_1_104' title='bbox 690 791 748 825; x_wconf 72' lang='grc' dir='ltr'><strong>πᾶς</strong></span> <span class='ocrx_word' id='word_1_105' title='bbox 762 792 796 818; x_wconf 84' lang='grc' dir='ltr'><strong>δὲ</strong></span> <span class='ocrx_word' id='word_1_106' title='bbox 810 792 921 826; x_wconf 73' lang='grc' dir='ltr'><strong>ἅνθρω-</strong></span> 
     </span>
    </p>
   </div>
   <div class='ocr_carea' id='block_1_17' title="bbox 134 836 923 873">
    <p class='ocr_par' dir='ltr' id='par_1_17' title="bbox 134 836 923 873">
     <span class='ocr_line' id='line_1_17' title="bbox 134 836 923 873; baseline 0.003 -11"><span class='ocrx_word' id='word_1_107' title='bbox 134 843 192 869; x_wconf 69' lang='grc' dir='ltr'>πος</span> <span class='ocrx_word' id='word_1_108' title='bbox 206 836 355 870; x_wconf 74' lang='grc' dir='ltr'>ψεύστης.</span> <span class='ocrx_word' id='word_1_109' title='bbox 370 836 464 872; x_wconf 77' lang='grc' dir='ltr'>Δῶμεν</span> <span class='ocrx_word' id='word_1_110' title='bbox 484 837 550 873; x_wconf 76' lang='grc' dir='ltr'>γὰρ,</span> <span class='ocrx_word' id='word_1_111' title='bbox 572 838 650 873; x_wconf 68' lang='grc' dir='ltr'>φησὶ,</span> <span class='ocrx_word' id='word_1_112' title='bbox 666 837 704 873; x_wconf 80' lang='grc' dir='ltr'><strong>τῷ</strong></span> <span class='ocrx_word' id='word_1_113' title='bbox 719 838 800 873; x_wconf 82' lang='grc' dir='ltr'>λόγῳ,</span> <span class='ocrx_word' id='word_1_114' title='bbox 820 838 923 873; x_wconf 78' lang='grc' dir='ltr'><strong>μηδένα</strong></span> 
     </span>
    </p>
   </div>
   <div class='ocr_carea' id='block_1_18' title="bbox 133 882 921 919">
    <p class='ocr_par' dir='ltr' id='par_1_18' title="bbox 133 882 921 919">
     <span class='ocr_line' id='line_1_18' title="bbox 133 882 921 919; baseline 0.003 -11"><span class='ocrx_word' id='word_1_115' title='bbox 133 882 189 908; x_wconf 82' lang='grc' dir='ltr'><strong>τῶν</strong></span> <span class='ocrx_word' id='word_1_116' title='bbox 213 882 369 917; x_wconf 78' lang='grc' dir='ltr'>ἀνθρώπων</span> <span class='ocrx_word' id='word_1_117' title='bbox 393 883 443 918; x_wconf 76' lang='grc' dir='ltr'>τὴν</span> <span class='ocrx_word' id='word_1_118' title='bbox 460 884 652 919; x_wconf 77' lang='grc' dir='ltr'><strong>προσήκουσαν</strong></span> <span class='ocrx_word' id='word_1_119' title='bbox 677 883 750 919; x_wconf 75' lang='grc' dir='ltr'><strong>αὺτῷ</strong></span> <span class='ocrx_word' id='word_1_120' title='bbox 770 883 921 918; x_wconf 78' lang='grc' dir='ltr'>δοξολογίαν</span> 
     </span>
    </p>
   </div>
   <div class='ocr_carea' id='block_1_19' title="bbox 136 928 922 965">
    <p class='ocr_par' dir='ltr' id='par_1_19' title="bbox 136 928 922 965">
     <span class='ocr_line' id='line_1_19' title="bbox 136 928 922 965; baseline 0.003 -11"><span class='ocrx_word' id='word_1_121' title='bbox 136 928 313 963; x_wconf 75' lang='grc' dir='ltr'><strong>προσφέρειν,</strong></span> <span class='ocrx_word' id='word_1_122' title='bbox 330 928 400 955; x_wconf 77' lang='grc' dir='ltr'>ἀλλὰ</span> <span class='ocrx_word' id='word_1_123' title='bbox 422 929 527 961; x_wconf 82' lang='grc' dir='ltr'>πάντας</span> <span class='ocrx_word' id='word_1_124' title='bbox 547 929 709 965; x_wconf 78' lang='grc' dir='ltr'><strong>ἀχαριστίαν</strong></span> <span class='ocrx_word' id='word_1_125' title='bbox 725 931 813 956; x_wconf 80' lang='grc' dir='ltr'>νοσεῖν</span> <span class='ocrx_word' id='word_1_126' title='bbox 831 929 922 964; x_wconf 82' lang='grc' dir='ltr'>(τοῦτο</span> 
     </span>
    </p>
   </div>
   <div class='ocr_carea' id='block_1_20' title="bbox 134 974 922 1012">
    <p class='ocr_par' dir='ltr' id='par_1_20' title="bbox 134 974 922 1012">
     <span class='ocr_line' id='line_1_20' title="bbox 134 974 922 1012; baseline 0.005 -12"><span class='ocrx_word' id='word_1_127' title='bbox 134 974 189 1010; x_wconf 81' lang='grc' dir='ltr'><strong>γὰρ</strong></span> <span class='ocrx_word' id='word_1_128' title='bbox 211 974 301 1009; x_wconf 82' lang='grc' dir='ltr'>λέγει·</span> <span class='ocrx_word' id='word_1_129' title='bbox 316 974 379 1006; x_wconf 72' lang='grc' dir='ltr'><strong>Πᾶς</strong></span> <span class='ocrx_word' id='word_1_130' title='bbox 392 975 426 1002; x_wconf 79' lang='grc' dir='ltr'><strong><em>δὲ</em></strong></span> <span class='ocrx_word' id='word_1_131' title='bbox 444 976 598 1010; x_wconf 78' lang='grc' dir='ltr'>ἄνθρωπος</span> <span class='ocrx_word' id='word_1_132' title='bbox 613 976 769 1012; x_wconf 70' lang='grc' dir='ltr'>ψεύστης)·</span> <span class='ocrx_word' id='word_1_133' title='bbox 785 977 863 1004; x_wconf 77' lang='grc' dir='ltr'>ποίαν</span> <span class='ocrx_word' id='word_1_134' title='bbox 879 978 922 1004; x_wconf 80' lang='grc' dir='ltr'><strong>ὲν-</strong></span> 
     </span>
    </p>
   </div>
   <div class='ocr_carea' id='block_1_21' title="bbox 134 1020 922 1055">
    <p class='ocr_par' dir='ltr' id='par_1_21' title="bbox 134 1020 922 1055">
     <span class='ocr_line' id='line_1_21' title="bbox 134 1020 922 1055; baseline 0.005 -9"><span class='ocrx_word' id='word_1_135' title='bbox 134 1020 230 1046; x_wconf 79' lang='grc' dir='ltr'>τεῦοεν</span> <span class='ocrx_word' id='word_1_136' title='bbox 245 1020 361 1054; x_wconf 80' lang='grc' dir='ltr'>μείωσιν</span> <span class='ocrx_word' id='word_1_137' title='bbox 376 1021 392 1055; x_wconf 84' lang='grc' dir='ltr'>ὴ</span> <span class='ocrx_word' id='word_1_138' title='bbox 414 1021 461 1047; x_wconf 80' lang='grc' dir='ltr'>τοῦ</span> <span class='ocrx_word' id='word_1_139' title='bbox 476 1021 544 1048; x_wconf 85' lang='grc' dir='ltr'><strong>Θεοῦ</strong></span> <span class='ocrx_word' id='word_1_140' title='bbox 563 1021 667 1054; x_wconf 73' lang='grc' dir='ltr'>δέξεται</span> <span class='ocrx_word' id='word_1_141' title='bbox 680 1022 760 1055; x_wconf 75' lang='grc' dir='ltr'>δόξας</span> <span class='ocrx_word' id='word_1_142' title='bbox 775 1022 859 1050; x_wconf 77' lang='grc' dir='ltr'>Τοῦτο</span> <span class='ocrx_word' id='word_1_143' title='bbox 877 1024 922 1050; x_wconf 82' lang='grc' dir='ltr'>καὶ</span> 
     </span>
    </p>
   </div>
   <div class='ocr_carea' id='block_1_22' title="bbox 134 1064 922 1101">
    <p class='ocr_par' dir='ltr' id='par_1_22' title="bbox 134 1064 922 1101">
     <span class='ocr_line' id='line_1_22' title="bbox 134 1064 922 1101; baseline 0.006 -11"><span class='ocrx_word' id='word_1_144' title='bbox 134 1064 415 1100; x_wconf 63' lang='grc' dir='ltr'>ὰλλαχοῦτέθεικενὸ</span> <span class='ocrx_word' id='word_1_145' title='bbox 431 1066 566 1101; x_wconf 82' lang='grc' dir='ltr'>μακάριος</span> <span class='ocrx_word' id='word_1_146' title='bbox 580 1067 696 1099; x_wconf 78' lang='grc' dir='ltr'>Παῦλος.</span> <span class='ocrx_word' id='word_1_147' title='bbox 720 1077 728 1093; x_wconf 78' lang='lat' dir='ltr'><strong>i</strong></span> <span class='ocrx_word' id='word_1_148' title='bbox 748 1068 779 1094; x_wconf 86' lang='grc' dir='ltr'>Εἰ</span> <span class='ocrx_word' id='word_1_149' title='bbox 795 1068 922 1095; x_wconf 77' lang='grc' dir='ltr'>ἀπιστοῦ-</span> 
     </span>
    </p>
   </div>
   <div class='ocr_carea' id='block_1_23' title="bbox 135 1111 921 1150">
    <p class='ocr_par' dir='ltr' id='par_1_23' title="bbox 135 1111 921 1150">
     <span class='ocr_line' id='line_1_23' title="bbox 135 1111 921 1150; baseline 0.006 -13"><span class='ocrx_word' id='word_1_150' title='bbox 135 1119 185 1146; x_wconf 91' lang='grc' dir='ltr'><strong>μεν</strong></span> <span class='ocrx_word' id='word_1_151' title='bbox 201 1111 267 1146; x_wconf 76' lang='grc' dir='ltr'>γὰρ.</span> <span class='ocrx_word' id='word_1_152' title='bbox 284 1112 377 1147; x_wconf 76' lang='grc' dir='ltr'>φησὶν,</span> <span class='ocrx_word' id='word_1_153' title='bbox 401 1113 504 1144; x_wconf 73' lang='grc' dir='ltr'>ἐκεῖνος</span> <span class='ocrx_word' id='word_1_154' title='bbox 529 1112 624 1145; x_wconf 82' lang='grc' dir='ltr'>πιστὸς</span> <span class='ocrx_word' id='word_1_155' title='bbox 646 1113 735 1149; x_wconf 86' lang='grc' dir='ltr'>μένει·</span> <span class='ocrx_word' id='word_1_156' title='bbox 752 1114 921 1150; x_wconf 82' lang='grc' dir='ltr'>ἀρνήσασθαι</span> 
     </span>
    </p>
   </div>
   <div class='ocr_carea' id='block_1_24' title="bbox 134 1157 920 1196">
    <p class='ocr_par' dir='ltr' id='par_1_24' title="bbox 134 1157 920 1196">
     <span class='ocr_line' id='line_1_24' title="bbox 134 1157 920 1196; baseline 0.004 -13"><span class='ocrx_word' id='word_1_157' title='bbox 134 1157 189 1193; x_wconf 79' lang='grc' dir='ltr'><strong>γὰρ</strong></span> <span class='ocrx_word' id='word_1_158' title='bbox 201 1157 299 1184; x_wconf 70' lang='grc' dir='ltr'>ἑαυτὸν</span> <span class='ocrx_word' id='word_1_159' title='bbox 322 1158 353 1184; x_wconf 81' lang='grc' dir='ltr'>οὐ</span> <span class='ocrx_word' id='word_1_160' title='bbox 369 1157 491 1185; x_wconf 84' lang='grc' dir='ltr'>δύναται.</span> <span class='ocrx_word' id='word_1_161' title='bbox 513 1168 523 1184; x_wconf 83' lang='grc'><strong>›</strong></span> <span class='ocrx_word' id='word_1_162' title='bbox 543 1159 674 1186; x_wconf 79' lang='grc' dir='ltr'>Ἐνταῦθα</span> <span class='ocrx_word' id='word_1_163' title='bbox 688 1159 715 1186; x_wconf 84' lang='grc' dir='ltr'>δὲ</span> <span class='ocrx_word' id='word_1_164' title='bbox 732 1160 778 1186; x_wconf 77' lang='grc' dir='ltr'>καὶ</span> <span class='ocrx_word' id='word_1_165' title='bbox 797 1160 920 1196; x_wconf 81' lang='grc' dir='ltr'>Γραφικῇ</span> 
     </span>
    </p>
   </div>
   <div class='ocr_carea' id='block_1_25' title="bbox 135 1203 922 1240">
    <p class='ocr_par' dir='ltr' id='par_1_25' title="bbox 135 1203 922 1240">
     <span class='ocr_line' id='line_1_25' title="bbox 135 1203 922 1240; baseline 0.005 -11"><span class='ocrx_word' id='word_1_166' title='bbox 135 1203 268 1238; x_wconf 79' lang='grc' dir='ltr'>κέχρηται</span> <span class='ocrx_word' id='word_1_167' title='bbox 293 1203 448 1239; x_wconf 78' lang='grc' dir='ltr'>μαρτυρίᾳ·</span> <span class='ocrx_word' id='word_1_168' title='bbox 469 1204 607 1238; x_wconf 71' lang='grc' dir='ltr'>Καθάπερ</span> <span class='ocrx_word' id='word_1_169' title='bbox 623 1204 780 1240; x_wconf 58' lang='grc' dir='ltr'>γέγραπται</span> <span class='ocrx_word' id='word_1_170' title='bbox 793 1213 799 1220; x_wconf 89' lang='grc'>·</span> <span class='ocrx_word' id='word_1_171' title='bbox 823 1206 922 1239; x_wconf 81' lang='grc' dir='ltr'><strong>Ὅπως</strong></span> 
     </span>
    </p>
   </div>
   <div class='ocr_carea' id='block_1_26' title="bbox 135 1246 922 1284">
    <p class='ocr_par' dir='ltr' id='par_1_26' title="bbox 135 1246 922 1284">
     <span class='ocr_line' id='line_1_26' title="bbox 135 1246 922 1284; baseline 0.004 -10"><span class='ocrx_word' id='word_1_172' title='bbox 135 1247 172 1275; x_wconf 73' lang='grc' dir='ltr'><strong>ἂν</strong></span> <span class='ocrx_word' id='word_1_173' title='bbox 191 1246 353 1282; x_wconf 75' lang='grc' dir='ltr'><strong>δικαιωθῇς</strong></span> <span class='ocrx_word' id='word_1_174' title='bbox 366 1248 401 1274; x_wconf 77' lang='grc' dir='ltr'><strong>ἐν</strong></span> <span class='ocrx_word' id='word_1_175' title='bbox 419 1247 481 1281; x_wconf 78' lang='grc' dir='ltr'>τοῖς</span> <span class='ocrx_word' id='word_1_176' title='bbox 502 1249 602 1282; x_wconf 78' lang='grc' dir='ltr'><strong>λόγοις</strong></span> <span class='ocrx_word' id='word_1_177' title='bbox 624 1256 701 1280; x_wconf 82' lang='grc' dir='ltr'>σου,</span> <span class='ocrx_word' id='word_1_178' title='bbox 725 1249 775 1276; x_wconf 75' lang='grc' dir='ltr'><strong>καὶ</strong></span> <span class='ocrx_word' id='word_1_179' title='bbox 792 1250 922 1284; x_wconf 77' lang='grc' dir='ltr'><strong>νικήσῃς</strong></span> 
     </span>
    </p>
   </div>
   <div class='ocr_carea' id='block_1_27' title="bbox 135 1293 922 1330">
    <p class='ocr_par' dir='ltr' id='par_1_27' title="bbox 135 1293 922 1330">
     <span class='ocr_line' id='line_1_27' title="bbox 135 1293 922 1330; baseline 0.003 -10"><span class='ocrx_word' id='word_1_180' title='bbox 135 1294 168 1320; x_wconf 75' lang='grc' dir='ltr'><strong>ἐν</strong></span> <span class='ocrx_word' id='word_1_181' title='bbox 179 1293 220 1326; x_wconf 74' lang='grc' dir='ltr'><strong>τῷ</strong></span> <span class='ocrx_word' id='word_1_182' title='bbox 234 1294 391 1327; x_wconf 80' lang='grc' dir='ltr'>κρίνεσθαί</span> <span class='ocrx_word' id='word_1_183' title='bbox 405 1301 454 1321; x_wconf 79' lang='grc' dir='ltr'>σε.</span> <span class='ocrx_word' id='word_1_184' title='bbox 480 1294 516 1320; x_wconf 73' lang='grc' dir='ltr'><strong>Τὸ</strong></span> <span class='ocrx_word' id='word_1_185' title='bbox 531 1294 558 1321; x_wconf 77' lang='grc' dir='ltr'><strong>δὲ</strong></span> <span class='ocrx_word' id='word_1_186' title='bbox 575 1294 654 1328; x_wconf 74' lang='grc' dir='ltr'><strong>ὅπως</strong></span> <span class='ocrx_word' id='word_1_187' title='bbox 670 1295 720 1321; x_wconf 77' lang='grc' dir='ltr'>οὐκ</span> <span class='ocrx_word' id='word_1_188' title='bbox 742 1295 922 1330; x_wconf 76' lang='grc' dir='ltr'>αἰτιολογικόν</span> 
     </span>
    </p>
   </div>
   <div class='ocr_carea' id='block_1_28' title="bbox 135 1339 921 1376">
    <p class='ocr_par' dir='ltr' id='par_1_28' title="bbox 135 1339 921 1376">
     <span class='ocr_line' id='line_1_28' title="bbox 135 1339 921 1376; baseline 0.005 -10"><span class='ocrx_word' id='word_1_189' title='bbox 135 1341 208 1366; x_wconf 71' lang='grc' dir='ltr'>ἐστιν</span> <span class='ocrx_word' id='word_1_190' title='bbox 227 1339 357 1372; x_wconf 78' lang='grc' dir='ltr'>ἐνταῦθα,</span> <span class='ocrx_word' id='word_1_191' title='bbox 373 1340 440 1367; x_wconf 83' lang='grc' dir='ltr'>ἀλλὰ</span> <span class='ocrx_word' id='word_1_192' title='bbox 454 1341 502 1375; x_wconf 82' lang='grc' dir='ltr'>τῆς</span> <span class='ocrx_word' id='word_1_193' title='bbox 519 1341 656 1373; x_wconf 73' lang='grc' dir='ltr'>ἐκϐάσεως</span> <span class='ocrx_word' id='word_1_194' title='bbox 673 1341 831 1376; x_wconf 77' lang='grc' dir='ltr'>δηλωτικόν.</span> <span class='ocrx_word' id='word_1_195' title='bbox 854 1343 921 1370; x_wconf 74' lang='grc' dir='ltr'><strong>Οὐδὲ</strong></span> 
     </span>
    </p>
   </div>
   <div class='ocr_carea' id='block_1_29' title="bbox 136 1385 922 1424">
    <p class='ocr_par' dir='ltr' id='par_1_29' title="bbox 136 1385 922 1424">
     <span class='ocr_line' id='line_1_29' title="bbox 136 1385 922 1424; baseline 0.003 -12"><span class='ocrx_word' id='word_1_196' title='bbox 136 1386 188 1420; x_wconf 85' lang='grc' dir='ltr'><strong>γὰρ</strong></span> <span class='ocrx_word' id='word_1_197' title='bbox 206 1385 302 1412; x_wconf 80' lang='grc' dir='ltr'>τούτου</span> <span class='ocrx_word' id='word_1_198' title='bbox 318 1386 398 1421; x_wconf 77' lang='grc' dir='ltr'>χάριν</span> <span class='ocrx_word' id='word_1_199' title='bbox 419 1386 622 1422; x_wconf 80' lang='grc' dir='ltr'>ἁμαρτάνομεν,</span> <span class='ocrx_word' id='word_1_200' title='bbox 643 1387 687 1414; x_wconf 78' lang='grc' dir='ltr'>ἵνα</span> <span class='ocrx_word' id='word_1_201' title='bbox 709 1387 755 1414; x_wconf 85' lang='grc' dir='ltr'>τοῦ</span> <span class='ocrx_word' id='word_1_202' title='bbox 780 1388 847 1414; x_wconf 84' lang='grc' dir='ltr'>Θεοῦ</span> <span class='ocrx_word' id='word_1_203' title='bbox 872 1389 922 1424; x_wconf 80' lang='grc' dir='ltr'>τὴν</span> 
     </span>
    </p>
   </div>
   <div class='ocr_carea' id='block_1_30' title="bbox 135 1431 921 1470">
    <p class='ocr_par' dir='ltr' id='par_1_30' title="bbox 135 1431 921 1470">
     <span class='ocr_line' id='line_1_30' title="bbox 135 1431 921 1470; baseline 0.004 -12"><span class='ocrx_word' id='word_1_204' title='bbox 135 1431 339 1468; x_wconf 71' lang='grc' dir='ltr'>φιλανθρωπίαν</span> <span class='ocrx_word' id='word_1_205' title='bbox 355 1431 500 1467; x_wconf 77' lang='grc' dir='ltr'>δείξωμεν·</span> <span class='ocrx_word' id='word_1_206' title='bbox 528 1433 585 1459; x_wconf 81' lang='grc' dir='ltr'>ἀλλ’</span> <span class='ocrx_word' id='word_1_207' title='bbox 604 1433 684 1465; x_wconf 72' lang='grc' dir='ltr'>αὐτὸς</span> <span class='ocrx_word' id='word_1_208' title='bbox 706 1434 754 1469; x_wconf 82' lang='grc' dir='ltr'>μὲν</span> <span class='ocrx_word' id='word_1_209' title='bbox 769 1434 823 1461; x_wconf 84' lang='grc' dir='ltr'><strong>τῶν</strong></span> <span class='ocrx_word' id='word_1_210' title='bbox 845 1435 921 1470; x_wconf 74' lang='grc' dir='ltr'>εὔερ-</span> 
     </span>
    </p>
   </div>
   <div class='ocr_carea' id='block_1_31' title="bbox 134 1478 921 1516">
    <p class='ocr_par' dir='ltr' id='par_1_31' title="bbox 134 1478 921 1516">
     <span class='ocr_line' id='line_1_31' title="bbox 134 1478 921 1516; baseline 0.005 -12"><span class='ocrx_word' id='word_1_211' title='bbox 134 1479 233 1512; x_wconf 80' lang='grc' dir='ltr'>γεσιῶν</span> <span class='ocrx_word' id='word_1_212' title='bbox 247 1479 362 1514; x_wconf 81' lang='grc' dir='ltr'>χορηγεῖ</span> <span class='ocrx_word' id='word_1_213' title='bbox 381 1478 429 1510; x_wconf 76' lang='grc' dir='ltr'>τὰς</span> <span class='ocrx_word' id='word_1_214' title='bbox 447 1478 549 1513; x_wconf 85' lang='grc' dir='ltr'>πηγὰς,</span> <span class='ocrx_word' id='word_1_215' title='bbox 563 1479 702 1514; x_wconf 83' lang='grc' dir='ltr'>σωτηρίαν</span> <span class='ocrx_word' id='word_1_216' title='bbox 725 1482 921 1516; x_wconf 85' lang='grc' dir='ltr'>πραγματευό-</span> 
     </span>
    </p>
   </div>
   <div class='ocr_carea' id='block_1_32' title="bbox 135 1523 920 1561">
    <p class='ocr_par' dir='ltr' id='par_1_32' title="bbox 135 1523 920 1561">
     <span class='ocr_line' id='line_1_32' title="bbox 135 1523 920 1561; baseline 0.006 -12"><span class='ocrx_word' id='word_1_217' title='bbox 135 1532 216 1558; x_wconf 86' lang='grc' dir='ltr'>μενος</span> <span class='ocrx_word' id='word_1_218' title='bbox 237 1523 341 1551; x_wconf 74' lang='grc' dir='ltr'>ἅπασιν</span> <span class='ocrx_word' id='word_1_219' title='bbox 351 1531 358 1539; x_wconf 94' lang='grc'><strong>·</strong></span> <span class='ocrx_word' id='word_1_220' title='bbox 376 1523 545 1556; x_wconf 77' lang='grc' dir='ltr'>αὑτεξούσιοι</span> <span class='ocrx_word' id='word_1_221' title='bbox 563 1525 591 1551; x_wconf 81' lang='grc' dir='ltr'><strong>δὲ</strong></span> <span class='ocrx_word' id='word_1_222' title='bbox 606 1524 681 1557; x_wconf 77' lang='grc' dir='ltr'>ὅντες</span> <span class='ocrx_word' id='word_1_223' title='bbox 695 1526 719 1552; x_wconf 78' lang='grc' dir='ltr'>οἱ</span> <span class='ocrx_word' id='word_1_224' title='bbox 735 1526 884 1561; x_wconf 80' lang='grc' dir='ltr'>ἅνθρωποι,</span> <span class='ocrx_word' id='word_1_225' title='bbox 897 1527 920 1554; x_wconf 85' lang='grc' dir='ltr'>οἱ</span> 
     </span>
    </p>
   </div>
   <div class='ocr_carea' id='block_1_33' title="bbox 975 297 1250 326">
    <p class='ocr_par' dir='ltr' id='par_1_33' title="bbox 975 297 1250 326">
     <span class='ocr_line' id='line_1_33' title="bbox 975 297 1250 326; baseline 0.015 -12"><span class='ocrx_word' id='word_1_226' title='bbox 975 297 1085 324; x_wconf 83' lang='lat' dir='ltr'><strong>quoque</strong></span> <span class='ocrx_word' id='word_1_227' title='bbox 1102 298 1250 326; x_wconf 79' lang='lat' dir='ltr'><strong>accepisse.</strong></span> 
     </span>
    </p>
   </div>
   <div class='ocr_carea' id='block_1_34' title="bbox 1011 334 1755 375">
    <p class='ocr_par' dir='ltr' id='par_1_34' title="bbox 1011 334 1755 375">
     <span class='ocr_line' id='line_1_34' title="bbox 1011 334 1755 375; baseline 0.009 -13"><span class='ocrx_word' id='word_1_228' title='bbox 1011 334 1091 363; x_wconf 72' lang='lat' dir='ltr'><strong>Vens.</strong></span> <span class='ocrx_word' id='word_1_229' title='bbox 1109 337 1134 363; x_wconf 78' lang='grc'><strong>5.</strong></span> <span class='ocrx_word' id='word_1_230' title='bbox 1160 336 1229 369; x_wconf 81' lang='lat' dir='ltr'><strong>Quid</strong></span> <span class='ocrx_word' id='word_1_231' title='bbox 1241 337 1327 368; x_wconf 76' lang='lat' dir='ltr'><strong>enim.</strong></span> <span class='ocrx_word' id='word_1_232' title='bbox 1345 338 1368 364; x_wconf 73' lang='lat' dir='ltr'><strong>si</strong></span> <span class='ocrx_word' id='word_1_233' title='bbox 1393 337 1476 372; x_wconf 80' lang='lat' dir='ltr'><strong>aliqui</strong></span> <span class='ocrx_word' id='word_1_234' title='bbox 1500 347 1552 365; x_wconf 85' lang='lat' dir='ltr'><strong>non</strong></span> <span class='ocrx_word' id='word_1_235' title='bbox 1577 339 1755 375; x_wconf 78' lang='lat' dir='ltr'><strong>crediderunt,</strong></span> 
     </span>
    </p>
   </div>
   <div class='ocr_carea' id='block_1_35' title="bbox 975 383 1757 418">
    <p class='ocr_par' dir='ltr' id='par_1_35' title="bbox 975 383 1757 418">
     <span class='ocr_line' id='line_1_35' title="bbox 975 383 1757 418; baseline 0.008 -9"><span class='ocrx_word' id='word_1_236' title='bbox 975 383 1091 416; x_wconf 81' lang='lat' dir='ltr'><strong>nunquid</strong></span> <span class='ocrx_word' id='word_1_237' title='bbox 1116 383 1287 410; x_wconf 79' lang='lat' dir='ltr'><strong>incredulitas</strong></span> <span class='ocrx_word' id='word_1_238' title='bbox 1313 384 1419 411; x_wconf 86' lang='lat' dir='ltr'><strong>illorum</strong></span> <span class='ocrx_word' id='word_1_239' title='bbox 1438 384 1516 418; x_wconf 83' lang='lat' dir='ltr'><strong>[idem</strong></span> <span class='ocrx_word' id='word_1_240' title='bbox 1535 383 1584 412; x_wconf 83' lang='lat' dir='ltr'><strong>Dei</strong></span> <span class='ocrx_word' id='word_1_241' title='bbox 1600 387 1757 415; x_wconf 73' lang='lat' dir='ltr'><strong>evacuabit!</strong></span> 
     </span>
    </p>
   </div>
   <div class='ocr_carea' id='block_1_36' title="bbox 974 428 1754 466">
    <p class='ocr_par' dir='ltr' id='par_1_36' title="bbox 974 428 1754 466">
     <span class='ocr_line' id='line_1_36' title="bbox 974 428 1754 466; baseline 0.006 -12"><span class='ocrx_word' id='word_1_242' title='bbox 974 428 1058 455; x_wconf 77' lang='lat' dir='ltr'><strong>Absit.</strong></span> <span class='ocrx_word' id='word_1_243' title='bbox 1074 429 1194 461; x_wconf 82' lang='lat' dir='ltr'><strong>Sciebat.</strong></span> <span class='ocrx_word' id='word_1_244' title='bbox 1207 430 1305 464; x_wconf 84' lang='lat' dir='ltr'><strong>inquit,</strong></span> <span class='ocrx_word' id='word_1_245' title='bbox 1320 429 1391 457; x_wconf 88' lang='lat' dir='ltr'><strong>Deus</strong></span> <span class='ocrx_word' id='word_1_246' title='bbox 1407 430 1463 465; x_wconf 89' lang='lat' dir='ltr'><strong>jam</strong></span> <span class='ocrx_word' id='word_1_247' title='bbox 1484 431 1518 457; x_wconf 91' lang='lat' dir='ltr'><strong>ab</strong></span> <span class='ocrx_word' id='word_1_248' title='bbox 1534 430 1621 462; x_wconf 80' lang='lat' dir='ltr'><strong>initio,</strong></span> <span class='ocrx_word' id='word_1_249' title='bbox 1643 432 1754 466; x_wconf 83' lang='lat' dir='ltr'><strong>quinam</strong></span> 
     </span>
    </p>
   </div>
   <div class='ocr_carea' id='block_1_37' title="bbox 975 473 1754 512">
    <p class='ocr_par' dir='ltr' id='par_1_37' title="bbox 975 473 1754 512">
     <span class='ocr_line' id='line_1_37' title="bbox 975 473 1754 512; baseline 0.005 -12"><span class='ocrx_word' id='word_1_250' title='bbox 975 473 1060 509; x_wconf 78' lang='lat' dir='ltr'><strong>legem</strong></span> <span class='ocrx_word' id='word_1_251' title='bbox 1080 479 1173 502; x_wconf 79' lang='lat' dir='ltr'><strong>essent</strong></span> <span class='ocrx_word' id='word_1_252' title='bbox 1200 475 1348 508; x_wconf 71' lang='lat' dir='ltr'><strong>servaturi,</strong></span> <span class='ocrx_word' id='word_1_253' title='bbox 1362 480 1388 503; x_wconf 88' lang='lat' dir='ltr'><strong>et</strong></span> <span class='ocrx_word' id='word_1_254' title='bbox 1402 477 1514 511; x_wconf 84' lang='lat' dir='ltr'><strong>quinam</strong></span> <span class='ocrx_word' id='word_1_255' title='bbox 1541 477 1754 512; x_wconf 81' lang='lat' dir='ltr'><strong>transgressuri.</strong></span> 
     </span>
    </p>
   </div>
   <div class='ocr_carea' id='block_1_38' title="bbox 974 519 1757 557">
    <p class='ocr_par' dir='ltr' id='par_1_38' title="bbox 974 519 1757 557">
     <span class='ocr_line' id='line_1_38' title="bbox 974 519 1757 557; baseline 0.005 -11"><span class='ocrx_word' id='word_1_256' title='bbox 974 519 1066 555; x_wconf 82' lang='lat' dir='ltr'><strong>Itaque</strong></span> <span class='ocrx_word' id='word_1_257' title='bbox 1094 521 1139 556; x_wconf 89' lang='lat' dir='ltr'><strong>qui</strong></span> <span class='ocrx_word' id='word_1_258' title='bbox 1167 529 1220 548; x_wconf 89' lang='lat' dir='ltr'><strong>non</strong></span> <span class='ocrx_word' id='word_1_259' title='bbox 1245 521 1431 554; x_wconf 87' lang='lat' dir='ltr'><strong>crediderunt,</strong></span> <span class='ocrx_word' id='word_1_260' title='bbox 1457 530 1628 557; x_wconf 81' lang='lat' dir='ltr'><strong>nequaquam</strong></span> <span class='ocrx_word' id='word_1_261' title='bbox 1656 523 1757 551; x_wconf 76' lang='lat' dir='ltr'><strong>divinis</strong></span> 
     </span>
    </p>
   </div>
   <div class='ocr_carea' id='block_1_39' title="bbox 974 564 1756 596">
    <p class='ocr_par' dir='ltr' id='par_1_39' title="bbox 974 564 1756 596">
     <span class='ocr_line' id='line_1_39' title="bbox 974 564 1756 596; baseline 0.005 -5"><span class='ocrx_word' id='word_1_262' title='bbox 974 564 1115 592; x_wconf 77' lang='lat' dir='ltr'><strong>beneﬁciis</strong></span> <span class='ocrx_word' id='word_1_263' title='bbox 1130 565 1290 594; x_wconf 65' lang='lat' dir='ltr'><strong>oﬂ‘ccerunt.</strong></span> <span class='ocrx_word' id='word_1_264' title='bbox 1308 567 1367 594; x_wconf 80' lang='lat' dir='ltr'><strong>Etsi</strong></span> <span class='ocrx_word' id='word_1_265' title='bbox 1382 567 1454 594; x_wconf 88' lang='lat' dir='ltr'><strong>enim</strong></span> <span class='ocrx_word' id='word_1_266' title='bbox 1471 574 1567 596; x_wconf 87' lang='lat' dir='ltr'><strong>omnes</strong></span> <span class='ocrx_word' id='word_1_267' title='bbox 1582 567 1708 595; x_wconf 87' lang='lat' dir='ltr'><strong>homines</strong></span> <span class='ocrx_word' id='word_1_268' title='bbox 1729 567 1756 595; x_wconf 90' lang='lat' dir='ltr'><strong>in</strong></span> 
     </span>
    </p>
   </div>
   <div class='ocr_carea' id='block_1_40' title="bbox 973 612 1755 648">
    <p class='ocr_par' dir='ltr' id='par_1_40' title="bbox 973 612 1755 648">
     <span class='ocr_line' id='line_1_40' title="bbox 973 612 1755 648; baseline 0.003 -10"><span class='ocrx_word' id='word_1_269' title='bbox 973 619 1035 638; x_wconf 88' lang='lat' dir='ltr'><strong>eum</strong></span> <span class='ocrx_word' id='word_1_270' title='bbox 1062 612 1160 646; x_wconf 78' lang='lat' dir='ltr'><strong>ingrati</strong></span> <span class='ocrx_word' id='word_1_271' title='bbox 1187 612 1301 645; x_wconf 81' lang='lat' dir='ltr'><strong>fuerint,</strong></span> <span class='ocrx_word' id='word_1_272' title='bbox 1323 613 1447 648; x_wconf 79' lang='lat' dir='ltr'><strong>ingratus</strong></span> <span class='ocrx_word' id='word_1_273' title='bbox 1466 621 1560 641; x_wconf 90' lang='lat' dir='ltr'><strong>eorum</strong></span> <span class='ocrx_word' id='word_1_274' title='bbox 1582 613 1690 641; x_wconf 86' lang='lat' dir='ltr'><strong>animus</strong></span> <span class='ocrx_word' id='word_1_275' title='bbox 1708 613 1755 641; x_wconf 86' lang='lat' dir='ltr'><strong>Dci</strong></span> 
     </span>
    </p>
   </div>
   <div class='ocr_carea' id='block_1_41' title="bbox 973 657 1757 694">
    <p class='ocr_par' dir='ltr' id='par_1_41' title="bbox 973 657 1757 694">
     <span class='ocr_line' id='line_1_41' title="bbox 973 657 1757 694; baseline 0.005 -12"><span class='ocrx_word' id='word_1_276' title='bbox 973 657 1088 692; x_wconf 79' lang='lat' dir='ltr'><strong>gloriam</strong></span> <span class='ocrx_word' id='word_1_277' title='bbox 1115 666 1168 685; x_wconf 88' lang='lat' dir='ltr'><strong>non</strong></span> <span class='ocrx_word' id='word_1_278' title='bbox 1197 658 1339 686; x_wconf 85' lang='lat' dir='ltr'><strong>diminuet.</strong></span> <span class='ocrx_word' id='word_1_279' title='bbox 1361 659 1418 686; x_wconf 85' lang='lat' dir='ltr'><strong>Hoc</strong></span> <span class='ocrx_word' id='word_1_280' title='bbox 1441 659 1513 687; x_wconf 88' lang='lat' dir='ltr'><strong>enim</strong></span> <span class='ocrx_word' id='word_1_281' title='bbox 1542 667 1589 694; x_wconf 88' lang='lat' dir='ltr'><strong>per</strong></span> <span class='ocrx_word' id='word_1_282' title='bbox 1615 660 1757 694; x_wconf 81' lang='lat' dir='ltr'><strong>sequentia</strong></span> 
     </span>
    </p>
   </div>
   <div class='ocr_carea' id='block_1_42' title="bbox 973 703 1129 730">
    <p class='ocr_par' dir='ltr' id='par_1_42' title="bbox 973 703 1129 730">
     <span class='ocr_line' id='line_1_42' title="bbox 973 703 1129 730; baseline 0.006 -1"><span class='ocrx_word' id='word_1_283' title='bbox 973 703 1129 730; x_wconf 76' lang='lat' dir='ltr'><strong>declaravit.</strong></span> 
     </span>
    </p>
   </div>
   <div class='ocr_carea' id='block_1_43' title="bbox 1010 789 1756 825">
    <p class='ocr_par' dir='ltr' id='par_1_43' title="bbox 1010 789 1756 825">
     <span class='ocr_line' id='line_1_43' title="bbox 1010 789 1756 825; baseline 0.004 -9"><span class='ocrx_word' id='word_1_284' title='bbox 1010 789 1092 818; x_wconf 70' lang='lat' dir='ltr'><strong>Vens.</strong></span> <span class='ocrx_word' id='word_1_285' title='bbox 1109 791 1133 817; x_wconf 71' lang='grc'><strong>4.</strong></span> <span class='ocrx_word' id='word_1_286' title='bbox 1147 791 1189 818; x_wconf 71' lang='lat' dir='ltr'><strong>Si!</strong></span> <span class='ocrx_word' id='word_1_287' title='bbox 1199 795 1287 817; x_wconf 75' lang='lat' dir='ltr'><strong>autem</strong></span> <span class='ocrx_word' id='word_1_288' title='bbox 1301 791 1371 818; x_wconf 79' lang='lat' dir='ltr'><strong>Deus</strong></span> <span class='ocrx_word' id='word_1_289' title='bbox 1385 799 1473 825; x_wconf 69' lang='lat' dir='ltr'><strong>verax,</strong></span> <span class='ocrx_word' id='word_1_290' title='bbox 1485 793 1570 819; x_wconf 80' lang='lat' dir='ltr'><strong>omnis</strong></span> <span class='ocrx_word' id='word_1_291' title='bbox 1579 797 1666 820; x_wconf 82' lang='lat' dir='ltr'><strong>autem</strong></span> <span class='ocrx_word' id='word_1_292' title='bbox 1679 792 1756 819; x_wconf 83' lang='lat' dir='ltr'><strong>homo</strong></span> 
     </span>
    </p>
   </div>
   <div class='ocr_carea' id='block_1_44' title="bbox 974 835 1756 872">
    <p class='ocr_par' dir='ltr' id='par_1_44' title="bbox 974 835 1756 872">
     <span class='ocr_line' id='line_1_44' title="bbox 974 835 1756 872; baseline 0.006 -11"><span class='ocrx_word' id='word_1_293' title='bbox 974 836 1097 863; x_wconf 71' lang='lat' dir='ltr'><strong>mendax.</strong></span> <span class='ocrx_word' id='word_1_294' title='bbox 1114 835 1304 864; x_wconf 87' lang='lat' dir='ltr'><strong>Concedamus</strong></span> <span class='ocrx_word' id='word_1_295' title='bbox 1329 837 1412 869; x_wconf 87' lang='lat' dir='ltr'><strong>enim,</strong></span> <span class='ocrx_word' id='word_1_296' title='bbox 1435 838 1535 872; x_wconf 87' lang='lat' dir='ltr'><strong>inquit,</strong></span> <span class='ocrx_word' id='word_1_297' title='bbox 1556 839 1660 866; x_wconf 92' lang='lat' dir='ltr'><strong>nullum</strong></span> <span class='ocrx_word' id='word_1_298' title='bbox 1686 839 1756 866; x_wconf 82' lang='lat' dir='ltr'><strong>inter</strong></span> 
     </span>
    </p>
   </div>
   <div class='ocr_carea' id='block_1_45' title="bbox 975 882 1754 920">
    <p class='ocr_par' dir='ltr' id='par_1_45' title="bbox 975 882 1754 920">
     <span class='ocr_line' id='line_1_45' title="bbox 975 882 1754 920; baseline 0.006 -12"><span class='ocrx_word' id='word_1_299' title='bbox 975 882 1099 910; x_wconf 80' lang='lat' dir='ltr'><strong>homines</strong></span> <span class='ocrx_word' id='word_1_300' title='bbox 1116 883 1170 910; x_wconf 90' lang='lat' dir='ltr'><strong>Deo</strong></span> <span class='ocrx_word' id='word_1_301' title='bbox 1187 891 1269 918; x_wconf 84' lang='lat' dir='ltr'><strong>quam</strong></span> <span class='ocrx_word' id='word_1_302' title='bbox 1288 890 1337 918; x_wconf 88' lang='lat' dir='ltr'><strong>par</strong></span> <span class='ocrx_word' id='word_1_303' title='bbox 1361 887 1403 912; x_wconf 88' lang='lat' dir='ltr'><strong>est</strong></span> <span class='ocrx_word' id='word_1_304' title='bbox 1419 884 1534 920; x_wconf 78' lang='lat' dir='ltr'><strong>gloriam</strong></span> <span class='ocrx_word' id='word_1_305' title='bbox 1560 885 1686 917; x_wconf 82' lang='lat' dir='ltr'><strong>reddere.</strong></span> <span class='ocrx_word' id='word_1_306' title='bbox 1706 885 1754 913; x_wconf 88' lang='lat' dir='ltr'><strong>sed</strong></span> 
     </span>
    </p>
   </div>
   <div class='ocr_carea' id='block_1_46' title="bbox 974 928 1756 965">
    <p class='ocr_par' dir='ltr' id='par_1_46' title="bbox 974 928 1756 965">
     <span class='ocr_line' id='line_1_46' title="bbox 974 928 1756 965; baseline 0.006 -12"><span class='ocrx_word' id='word_1_307' title='bbox 974 935 1070 955; x_wconf 89' lang='lat' dir='ltr'><strong>omnes</strong></span> <span class='ocrx_word' id='word_1_308' title='bbox 1083 928 1183 963; x_wconf 78' lang='lat' dir='ltr'><strong>ingrati</strong></span> <span class='ocrx_word' id='word_1_309' title='bbox 1200 928 1285 956; x_wconf 90' lang='lat' dir='ltr'><strong>animi</strong></span> <span class='ocrx_word' id='word_1_310' title='bbox 1302 929 1418 956; x_wconf 88' lang='lat' dir='ltr'><strong>crimine</strong></span> <span class='ocrx_word' id='word_1_311' title='bbox 1431 930 1557 958; x_wconf 82' lang='lat' dir='ltr'><strong>laborare</strong></span> <span class='ocrx_word' id='word_1_312' title='bbox 1571 930 1644 965; x_wconf 93' lang='lat' dir='ltr'><strong>(hoc</strong></span> <span class='ocrx_word' id='word_1_313' title='bbox 1661 933 1670 942; x_wconf 85' lang='lat'><strong>‘</strong></span> <span class='ocrx_word' id='word_1_314' title='bbox 1683 932 1756 958; x_wconf 79' lang='lat' dir='ltr'><strong>enim</strong></span> 
     </span>
    </p>
   </div>
   <div class='ocr_carea' id='block_1_47' title="bbox 975 974 1756 1012">
    <p class='ocr_par' dir='ltr' id='par_1_47' title="bbox 975 974 1756 1012">
     <span class='ocr_line' id='line_1_47' title="bbox 975 974 1756 1012; baseline 0.003 -11"><span class='ocrx_word' id='word_1_315' title='bbox 975 974 1051 1006; x_wconf 83' lang='lat' dir='ltr'><strong>dicit,</strong></span> <span class='ocrx_word' id='word_1_316' title='bbox 1068 974 1161 1002; x_wconf 74' lang='lat' dir='ltr'><strong>Omnia</strong></span> <span class='ocrx_word' id='word_1_317' title='bbox 1175 980 1262 1002; x_wconf 80' lang='lat' dir='ltr'><strong>autent</strong></span> <span class='ocrx_word' id='word_1_318' title='bbox 1277 975 1354 1002; x_wconf 77' lang='lat' dir='ltr'><strong>homo</strong></span> <span class='ocrx_word' id='word_1_319' title='bbox 1370 975 1510 1012; x_wconf 72' lang='lat' dir='ltr'><strong>mendax);</strong></span> <span class='ocrx_word' id='word_1_320' title='bbox 1523 976 1653 1011; x_wconf 84' lang='lat' dir='ltr'><strong>quidnam</strong></span> <span class='ocrx_word' id='word_1_321' title='bbox 1668 985 1701 1005; x_wconf 85' lang='lat' dir='ltr'><strong>ex</strong></span> <span class='ocrx_word' id='word_1_322' title='bbox 1723 985 1756 1005; x_wconf 84' lang='lat' dir='ltr'><strong>eo</strong></span> 
     </span>
    </p>
   </div>
   <div class='ocr_carea' id='block_1_48' title="bbox 973 1019 1757 1058">
    <p class='ocr_par' dir='ltr' id='par_1_48' title="bbox 973 1019 1757 1058">
     <span class='ocr_line' id='line_1_48' title="bbox 973 1019 1757 1058; baseline 0.005 -12"><span class='ocrx_word' id='word_1_323' title='bbox 973 1019 1019 1047; x_wconf 84' lang='lat' dir='ltr'><strong>Dci</strong></span> <span class='ocrx_word' id='word_1_324' title='bbox 1056 1020 1149 1054; x_wconf 73' lang='lat' dir='ltr'><strong>gloria:</strong></span> <span class='ocrx_word' id='word_1_325' title='bbox 1179 1020 1347 1049; x_wconf 79' lang='lat' dir='ltr'><strong>decesserit?</strong></span> <span class='ocrx_word' id='word_1_326' title='bbox 1368 1021 1424 1049; x_wconf 76' lang='lat' dir='ltr'><strong>Hoc.</strong></span> <span class='ocrx_word' id='word_1_327' title='bbox 1455 1022 1539 1050; x_wconf 85' lang='lat' dir='ltr'><strong>etiam</strong></span> <span class='ocrx_word' id='word_1_328' title='bbox 1566 1022 1630 1049; x_wconf 83' lang='lat' dir='ltr'><strong>alibi</strong></span> <span class='ocrx_word' id='word_1_329' title='bbox 1665 1024 1757 1058; x_wconf 85' lang='lat' dir='ltr'><strong>posuit</strong></span> 
     </span>
    </p>
   </div>
   <div class='ocr_carea' id='block_1_49' title="bbox 973 1064 1757 1103">
    <p class='ocr_par' dir='ltr' id='par_1_49' title="bbox 973 1064 1757 1103">
     <span class='ocr_line' id='line_1_49' title="bbox 973 1064 1757 1103; baseline 0.005 -12"><span class='ocrx_word' id='word_1_330' title='bbox 973 1064 1068 1092; x_wconf 77' lang='lat' dir='ltr'><strong>beatus</strong></span> <span class='ocrx_word' id='word_1_331' title='bbox 1095 1065 1207 1094; x_wconf 78' lang='lat' dir='ltr'><strong>Paulus.</strong></span> <span class='ocrx_word' id='word_1_332' title='bbox 1241 1074 1250 1090; x_wconf 77' lang='grc' dir='ltr'><strong>ι</strong></span> <span class='ocrx_word' id='word_1_333' title='bbox 1278 1065 1305 1093; x_wconf 89' lang='lat' dir='ltr'><strong>Si</strong></span> <span class='ocrx_word' id='word_1_334' title='bbox 1332 1074 1387 1093; x_wconf 91' lang='lat' dir='ltr'><strong>non</strong></span> <span class='ocrx_word' id='word_1_335' title='bbox 1417 1067 1565 1101; x_wconf 89' lang='lat' dir='ltr'><strong>credimus,</strong></span> <span class='ocrx_word' id='word_1_336' title='bbox 1590 1068 1688 1103; x_wconf 84' lang='lat' dir='ltr'><strong>inquit,</strong></span> <span class='ocrx_word' id='word_1_337' title='bbox 1711 1069 1757 1096; x_wconf 88' lang='lat' dir='ltr'><strong>ille</strong></span> 
     </span>
    </p>
   </div>
   <div class='ocr_carea' id='block_1_50' title="bbox 972 1110 1755 1149">
    <p class='ocr_par' dir='ltr' id='par_1_50' title="bbox 972 1110 1755 1149">
     <span class='ocr_line' id='line_1_50' title="bbox 972 1110 1755 1149; baseline 0.008 -13"><span class='ocrx_word' id='word_1_338' title='bbox 972 1114 1063 1137; x_wconf 82' lang='lat' dir='ltr'><strong>tamen</strong></span> <span class='ocrx_word' id='word_1_339' title='bbox 1086 1110 1174 1138; x_wconf 86' lang='lat' dir='ltr'><strong>lidelis</strong></span> <span class='ocrx_word' id='word_1_340' title='bbox 1208 1115 1311 1138; x_wconf 85' lang='lat' dir='ltr'><strong>manet.</strong></span> <span class='ocrx_word' id='word_1_341' title='bbox 1337 1111 1462 1146; x_wconf 76' lang='lat' dir='ltr'><strong>Seipsnm</strong></span> <span class='ocrx_word' id='word_1_342' title='bbox 1480 1113 1552 1140; x_wconf 90' lang='lat' dir='ltr'><strong>enim</strong></span> <span class='ocrx_word' id='word_1_343' title='bbox 1577 1121 1677 1149; x_wconf 84' lang='lat' dir='ltr'><strong>negare</strong></span> <span class='ocrx_word' id='word_1_344' title='bbox 1700 1122 1755 1142; x_wconf 90' lang='lat' dir='ltr'><strong>non</strong></span> 
     </span>
    </p>
   </div>
   <div class='ocr_carea' id='block_1_51' title="bbox 972 1155 1756 1192">
    <p class='ocr_par' dir='ltr' id='par_1_51' title="bbox 972 1155 1756 1192">
     <span class='ocr_line' id='line_1_51' title="bbox 972 1155 1756 1192; baseline 0.005 -10"><span class='ocrx_word' id='word_1_345' title='bbox 972 1160 1062 1190; x_wconf 85' lang='lat' dir='ltr'><strong>potest</strong></span> <span class='ocrx_word' id='word_1_346' title='bbox 1077 1160 1101 1183; x_wconf 76' lang='grc' dir='ltr'><strong>ι.</strong></span> <span class='ocrx_word' id='word_1_347' title='bbox 1122 1165 1131 1182; x_wconf 87' lang='grc'><strong>›</strong></span> <span class='ocrx_word' id='word_1_348' title='bbox 1150 1155 1199 1184; x_wconf 81' lang='lat' dir='ltr'><strong>Hic</strong></span> <span class='ocrx_word' id='word_1_349' title='bbox 1217 1161 1309 1184; x_wconf 87' lang='lat' dir='ltr'><strong>autem</strong></span> <span class='ocrx_word' id='word_1_350' title='bbox 1333 1157 1414 1184; x_wconf 85' lang='lat' dir='ltr'><strong>etiam</strong></span> <span class='ocrx_word' id='word_1_351' title='bbox 1431 1157 1579 1192; x_wconf 61' lang='lat' dir='ltr'><strong>Scriptura:</strong></span> <span class='ocrx_word' id='word_1_352' title='bbox 1596 1159 1756 1186; x_wconf 86' lang='lat' dir='ltr'><strong>testimonio</strong></span> 
     </span>
    </p>
   </div>
   <div class='ocr_carea' id='block_1_52' title="bbox 971 1201 1756 1239">
    <p class='ocr_par' dir='ltr' id='par_1_52' title="bbox 971 1201 1756 1239">
     <span class='ocr_line' id='line_1_52' title="bbox 971 1201 1756 1239; baseline 0.004 -11"><span class='ocrx_word' id='word_1_353' title='bbox 971 1203 1060 1230; x_wconf 89' lang='lat' dir='ltr'><strong>utitur</strong></span> <span class='ocrx_word' id='word_1_354' title='bbox 1077 1212 1083 1229; x_wconf 72' lang='grc' dir='ltr'>ε</span> <span class='ocrx_word' id='word_1_355' title='bbox 1105 1201 1182 1230; x_wconf 80' lang='lat' dir='ltr'><strong>Sicut</strong></span> <span class='ocrx_word' id='word_1_356' title='bbox 1195 1203 1323 1237; x_wconf 82' lang='lat' dir='ltr'><strong>scriptum</strong></span> <span class='ocrx_word' id='word_1_357' title='bbox 1339 1207 1378 1230; x_wconf 81' lang='lat' dir='ltr'><strong>est</strong></span> <span class='ocrx_word' id='word_1_358' title='bbox 1391 1207 1416 1235; x_wconf 73' lang='grc'>1,</span> <span class='ocrx_word' id='word_1_359' title='bbox 1436 1202 1470 1230; x_wconf 84' lang='lat' dir='ltr'><strong>Ut</strong></span> <span class='ocrx_word' id='word_1_360' title='bbox 1483 1203 1640 1239; x_wconf 70' lang='lat' dir='ltr'><strong>justi/iuris</strong></span> <span class='ocrx_word' id='word_1_361' title='bbox 1660 1205 1687 1231; x_wconf 89' lang='lat' dir='ltr'><strong>in</strong></span> <span class='ocrx_word' id='word_1_362' title='bbox 1699 1213 1756 1232; x_wconf 25' lang='lat' dir='ltr'><strong>ser-1</strong></span> 
     </span>
    </p>
   </div>
   <div class='ocr_carea' id='block_1_53' title="bbox 971 1248 1752 1283">
    <p class='ocr_par' dir='ltr' id='par_1_53' title="bbox 971 1248 1752 1283">
     <span class='ocr_line' id='line_1_53' title="bbox 971 1248 1752 1283; baseline 0.003 -7"><span class='ocrx_word' id='word_1_363' title='bbox 971 1248 1091 1276; x_wconf 65' lang='lat' dir='ltr'><strong>inanibus</strong></span> <span class='ocrx_word' id='word_1_364' title='bbox 1112 1249 1176 1280; x_wconf 76' lang='lat' dir='ltr'><strong>luis,</strong></span> <span class='ocrx_word' id='word_1_365' title='bbox 1192 1253 1216 1275; x_wconf 87' lang='lat' dir='ltr'><strong>et</strong></span> <span class='ocrx_word' id='word_1_366' title='bbox 1237 1249 1325 1275; x_wconf 77' lang='lat' dir='ltr'><strong>vincas</strong></span> <span class='ocrx_word' id='word_1_367' title='bbox 1338 1257 1397 1275; x_wconf 85' lang='lat' dir='ltr'><strong>cum</strong></span> <span class='ocrx_word' id='word_1_368' title='bbox 1422 1249 1566 1283; x_wconf 75' lang='lat' dir='ltr'><strong>judicaris.</strong></span> <span class='ocrx_word' id='word_1_369' title='bbox 1582 1250 1649 1278; x_wconf 90' lang='lat' dir='ltr'><strong>lllud</strong></span> <span class='ocrx_word' id='word_1_370' title='bbox 1662 1256 1752 1278; x_wconf 89' lang='lat' dir='ltr'><strong>autem</strong></span> 
     </span>
    </p>
   </div>
   <div class='ocr_carea' id='block_1_54' title="bbox 972 1293 1752 1326">
    <p class='ocr_par' dir='ltr' id='par_1_54' title="bbox 972 1293 1752 1326">
     <span class='ocr_line' id='line_1_54' title="bbox 972 1293 1752 1326; baseline 0.004 -6"><span class='ocrx_word' id='word_1_371' title='bbox 972 1299 1000 1320; x_wconf 90' lang='lat' dir='ltr'><strong>ut</strong></span> <span class='ocrx_word' id='word_1_372' title='bbox 1014 1301 1069 1321; x_wconf 89' lang='lat' dir='ltr'><strong>non</strong></span> <span class='ocrx_word' id='word_1_373' title='bbox 1092 1293 1181 1321; x_wconf 86' lang='lat' dir='ltr'><strong>reddit</strong></span> <span class='ocrx_word' id='word_1_374' title='bbox 1195 1294 1238 1320; x_wconf 79' lang='lat' dir='ltr'><strong>hic</strong></span> <span class='ocrx_word' id='word_1_375' title='bbox 1253 1294 1396 1326; x_wconf 86' lang='lat' dir='ltr'><strong>rationem,</strong></span> <span class='ocrx_word' id='word_1_376' title='bbox 1411 1294 1458 1322; x_wconf 86' lang='lat' dir='ltr'><strong>sed</strong></span> <span class='ocrx_word' id='word_1_377' title='bbox 1479 1300 1605 1323; x_wconf 79' lang='lat' dir='ltr'><strong>eventum</strong></span> <span class='ocrx_word' id='word_1_378' title='bbox 1621 1296 1752 1323; x_wconf 86' lang='lat' dir='ltr'><strong>declarat.</strong></span> 
     </span>
    </p>
   </div>
   <div class='ocr_carea' id='block_1_55' title="bbox 971 1339 1753 1374">
    <p class='ocr_par' dir='ltr' id='par_1_55' title="bbox 971 1339 1753 1374">
     <span class='ocr_line' id='line_1_55' title="bbox 971 1339 1753 1374; baseline 0.001 -8"><span class='ocrx_word' id='word_1_379' title='bbox 971 1339 1063 1374; x_wconf 78' lang='lat' dir='ltr'><strong>Neque</strong></span> <span class='ocrx_word' id='word_1_380' title='bbox 1079 1339 1150 1366; x_wconf 86' lang='lat' dir='ltr'><strong>enim</strong></span> <span class='ocrx_word' id='word_1_381' title='bbox 1176 1339 1237 1366; x_wconf 85' lang='lat' dir='ltr'><strong>ideo</strong></span> <span class='ocrx_word' id='word_1_382' title='bbox 1259 1347 1417 1374; x_wconf 83' lang='lat' dir='ltr'><strong>peccamus,</strong></span> <span class='ocrx_word' id='word_1_383' title='bbox 1441 1344 1470 1367; x_wconf 89' lang='lat' dir='ltr'><strong>ut</strong></span> <span class='ocrx_word' id='word_1_384' title='bbox 1489 1340 1533 1367; x_wconf 88' lang='lat' dir='ltr'><strong>Dei</strong></span> <span class='ocrx_word' id='word_1_385' title='bbox 1555 1341 1753 1369; x_wconf 81' lang='lat' dir='ltr'><strong>humanitatem</strong></span> 
     </span>
    </p>
   </div>
   <div class='ocr_carea' id='block_1_56' title="bbox 972 1384 1755 1419">
    <p class='ocr_par' dir='ltr' id='par_1_56' title="bbox 972 1384 1755 1419">
     <span class='ocr_line' id='line_1_56' title="bbox 972 1384 1755 1419; baseline 0.004 -8"><span class='ocrx_word' id='word_1_386' title='bbox 972 1384 1161 1417; x_wconf 80' lang='lat' dir='ltr'><strong>ostendamus,</strong></span> <span class='ocrx_word' id='word_1_387' title='bbox 1177 1384 1223 1412; x_wconf 91' lang='lat' dir='ltr'><strong>scd</strong></span> <span class='ocrx_word' id='word_1_388' title='bbox 1241 1385 1299 1419; x_wconf 85' lang='lat' dir='ltr'><strong>ipse</strong></span> <span class='ocrx_word' id='word_1_389' title='bbox 1316 1385 1427 1419; x_wconf 80' lang='lat' dir='ltr'><strong>quidem</strong></span> <span class='ocrx_word' id='word_1_390' title='bbox 1452 1386 1647 1413; x_wconf 78' lang='lat' dir='ltr'><strong>beneﬁciorum</strong></span> <span class='ocrx_word' id='word_1_391' title='bbox 1665 1385 1755 1414; x_wconf 78' lang='lat' dir='ltr'><strong>fontes</strong></span> 
     </span>
    </p>
   </div>
   <div class='ocr_carea' id='block_1_57' title="bbox 971 1430 1753 1466">
    <p class='ocr_par' dir='ltr' id='par_1_57' title="bbox 971 1430 1753 1466">
     <span class='ocr_line' id='line_1_57' title="bbox 971 1430 1753 1466; baseline 0.004 -9"><span class='ocrx_word' id='word_1_392' title='bbox 971 1430 1146 1465; x_wconf 83' lang='lat' dir='ltr'><strong>suppeditat,</strong></span> <span class='ocrx_word' id='word_1_393' title='bbox 1174 1430 1230 1466; x_wconf 79' lang='lat'><strong>38</strong></span> <span class='ocrx_word' id='word_1_394' title='bbox 1261 1430 1375 1458; x_wconf 86' lang='lat' dir='ltr'><strong>salutem</strong></span> <span class='ocrx_word' id='word_1_395' title='bbox 1406 1439 1559 1466; x_wconf 87' lang='lat' dir='ltr'><strong>procurans</strong></span> <span class='ocrx_word' id='word_1_396' title='bbox 1597 1433 1753 1460; x_wconf 87' lang='lat' dir='ltr'><strong>omnibus:</strong></span> 
     </span>
    </p>
   </div>
   <div class='ocr_carea' id='block_1_58' title="bbox 972 1475 1753 1513">
    <p class='ocr_par' dir='ltr' id='par_1_58' title="bbox 972 1475 1753 1513">
     <span class='ocr_line' id='line_1_58' title="bbox 972 1475 1753 1513; baseline 0.003 -11"><span class='ocrx_word' id='word_1_397' title='bbox 972 1475 1098 1503; x_wconf 85' lang='lat' dir='ltr'><strong>homines</strong></span> <span class='ocrx_word' id='word_1_398' title='bbox 1113 1479 1215 1508; x_wconf 88' lang='lat' dir='ltr'><strong>autem,</strong></span> <span class='ocrx_word' id='word_1_399' title='bbox 1239 1483 1300 1503; x_wconf 91' lang='lat' dir='ltr'><strong>cum</strong></span> <span class='ocrx_word' id='word_1_400' title='bbox 1317 1476 1372 1504; x_wconf 91' lang='lat' dir='ltr'><strong>sint</strong></span> <span class='ocrx_word' id='word_1_401' title='bbox 1397 1477 1484 1504; x_wconf 85' lang='lat' dir='ltr'><strong>libero</strong></span> <span class='ocrx_word' id='word_1_402' title='bbox 1501 1477 1615 1505; x_wconf 87' lang='lat' dir='ltr'><strong>arbitrio</strong></span> <span class='ocrx_word' id='word_1_403' title='bbox 1636 1478 1753 1513; x_wconf 72' lang='lat' dir='ltr'><strong>praediti,</strong></span> 
     </span>
    </p>
   </div>
   <div class='ocr_carea' id='block_1_59' title="bbox 972 1520 1751 1556">
    <p class='ocr_par' dir='ltr' id='par_1_59' title="bbox 972 1520 1751 1556">
     <span class='ocr_line' id='line_1_59' title="bbox 972 1520 1751 1556; baseline 0.005 -9"><span class='ocrx_word' id='word_1_404' title='bbox 972 1522 1018 1548; x_wconf 89' lang='lat' dir='ltr'><strong>alii</strong></span> <span class='ocrx_word' id='word_1_405' title='bbox 1039 1520 1086 1548; x_wconf 85' lang='lat' dir='ltr'><strong>Dei</strong></span> <span class='ocrx_word' id='word_1_406' title='bbox 1106 1522 1210 1549; x_wconf 83' lang='lat' dir='ltr'><strong>cultum</strong></span> <span class='ocrx_word' id='word_1_407' title='bbox 1233 1522 1395 1556; x_wconf 70' lang='lat' dir='ltr'><strong>przcl&#39;erunt,</strong></span> <span class='ocrx_word' id='word_1_408' title='bbox 1411 1522 1457 1549; x_wconf 86' lang='lat' dir='ltr'><strong>alii</strong></span> <span class='ocrx_word' id='word_1_409' title='bbox 1485 1524 1625 1550; x_wconf 88' lang='lat' dir='ltr'><strong>contraria</strong></span> <span class='ocrx_word' id='word_1_410' title='bbox 1642 1524 1685 1551; x_wconf 86' lang='lat' dir='ltr'><strong>via</strong></span> <span class='ocrx_word' id='word_1_411' title='bbox 1709 1523 1751 1551; x_wconf 90' lang='lat' dir='ltr'><strong>in-</strong></span> 
     </span>
    </p>
   </div>
   <div class='ocr_carea' id='block_1_60' title="bbox 136 1567 919 1608">
    <p class='ocr_par' dir='ltr' id='par_1_60' title="bbox 136 1569 919 1608">
     <span class='ocr_line' id='line_1_60' title="bbox 136 1569 919 1608; baseline 0.006 -13"><span class='ocrx_word' id='word_1_412' title='bbox 136 1570 184 1602; x_wconf 82' lang='grc' dir='ltr'>μὲν</span> <span class='ocrx_word' id='word_1_413' title='bbox 196 1569 353 1604; x_wconf 72' lang='grc' dir='ltr'>προτιμῶσι</span> <span class='ocrx_word' id='word_1_414' title='bbox 378 1569 428 1604; x_wconf 80' lang='grc' dir='ltr'>τὴν</span> <span class='ocrx_word' id='word_1_415' title='bbox 451 1570 497 1596; x_wconf 81' lang='grc' dir='ltr'>τοῦ</span> <span class='ocrx_word' id='word_1_416' title='bbox 521 1570 589 1597; x_wconf 85' lang='grc' dir='ltr'>Θεοῦ</span> <span class='ocrx_word' id='word_1_417' title='bbox 613 1571 771 1607; x_wconf 82' lang='grc' dir='ltr'>θεραπείαν,</span> <span class='ocrx_word' id='word_1_418' title='bbox 787 1573 812 1599; x_wconf 82' lang='grc' dir='ltr'>οἱ</span> <span class='ocrx_word' id='word_1_419' title='bbox 829 1573 858 1599; x_wconf 80' lang='grc' dir='ltr'><strong>δὲ</strong></span> <span class='ocrx_word' id='word_1_420' title='bbox 871 1573 919 1608; x_wconf 83' lang='grc' dir='ltr'>τὴν</span> 
     </span>
    </p>
   </div>
   <div class='ocr_carea' id='block_1_61' title="bbox 971 1567 1755 1608">
    <p class='ocr_par' dir='ltr' id='par_1_61' title="bbox 971 1567 1755 1602">
     <span class='ocr_line' id='line_1_61' title="bbox 971 1567 1755 1602; baseline 0.005 -9"><span class='ocrx_word' id='word_1_421' title='bbox 971 1567 1148 1602; x_wconf 78' lang='lat' dir='ltr'><strong>grediuntnr,</strong></span> <span class='ocrx_word' id='word_1_422' title='bbox 1167 1571 1194 1595; x_wconf 86' lang='lat' dir='ltr'><strong>et</strong></span> <span class='ocrx_word' id='word_1_423' title='bbox 1209 1567 1290 1595; x_wconf 73' lang='lat' dir='ltr'><strong>[luem</strong></span> <span class='ocrx_word' id='word_1_424' title='bbox 1308 1568 1359 1595; x_wconf 64' lang='lat' dir='ltr'><strong>via!</strong></span> <span class='ocrx_word' id='word_1_425' title='bbox 1374 1576 1431 1595; x_wconf 64' lang='lat' dir='ltr'><strong>sum</strong></span> <span class='ocrx_word' id='word_1_426' title='bbox 1449 1570 1657 1596; x_wconf 87' lang='lat' dir='ltr'><strong>convenientem</strong></span> <span class='ocrx_word' id='word_1_427' title='bbox 1685 1577 1755 1597; x_wconf 88' lang='lat' dir='ltr'><strong>nan-</strong></span> 
     </span>
    </p>
   </div>
   <div class='ocr_carea' id='block_1_62' title="bbox 135 1615 920 1654">
    <p class='ocr_par' dir='ltr' id='par_1_62' title="bbox 135 1615 920 1654">
     <span class='ocr_line' id='line_1_62' title="bbox 135 1615 920 1654; baseline 0.005 -13"><span class='ocrx_word' id='word_1_428' title='bbox 135 1615 257 1641; x_wconf 77' lang='grc' dir='ltr'>ἐναντίαν</span> <span class='ocrx_word' id='word_1_429' title='bbox 279 1615 412 1649; x_wconf 72' lang='grc' dir='ltr'>ὁδεύουσι,</span> <span class='ocrx_word' id='word_1_430' title='bbox 436 1616 483 1643; x_wconf 75' lang='grc' dir='ltr'>καὶ</span> <span class='ocrx_word' id='word_1_431' title='bbox 507 1617 675 1653; x_wconf 78' lang='grc' dir='ltr'>κατάλληλον</span> <span class='ocrx_word' id='word_1_432' title='bbox 697 1618 854 1653; x_wconf 83' lang='grc' dir='ltr'>εὑρίσκουσι</span> <span class='ocrx_word' id='word_1_433' title='bbox 871 1619 920 1654; x_wconf 86' lang='grc' dir='ltr'>τῆς</span> 
     </span>
    </p>
   </div>
   <div class='ocr_carea' id='block_1_63' title="bbox 134 1660 921 1698">
    <p class='ocr_par' dir='ltr' id='par_1_63' title="bbox 134 1660 921 1698">
     <span class='ocr_line' id='line_1_63' title="bbox 134 1660 921 1698; baseline 0.005 -12"><span class='ocrx_word' id='word_1_434' title='bbox 134 1660 192 1687; x_wconf 80' lang='grc' dir='ltr'>6δοῦ</span> <span class='ocrx_word' id='word_1_435' title='bbox 207 1660 239 1686; x_wconf 82' lang='grc' dir='ltr'>τὸ</span> <span class='ocrx_word' id='word_1_436' title='bbox 250 1660 338 1692; x_wconf 80' lang='grc' dir='ltr'>τέλος.</span> <span class='ocrx_word' id='word_1_437' title='bbox 361 1661 390 1688; x_wconf 89' lang='lat'><strong>&#39;0</strong></span> <span class='ocrx_word' id='word_1_438' title='bbox 411 1661 503 1696; x_wconf 84' lang='grc' dir='ltr'>μέντοι</span> <span class='ocrx_word' id='word_1_439' title='bbox 524 1661 600 1694; x_wconf 78' lang='grc' dir='ltr'>Θεὸς,</span> <span class='ocrx_word' id='word_1_440' title='bbox 621 1662 668 1688; x_wconf 74' lang='grc' dir='ltr'>καὶ</span> <span class='ocrx_word' id='word_1_441' title='bbox 682 1663 794 1694; x_wconf 80' lang='grc' dir='ltr'>τούτους</span> <span class='ocrx_word' id='word_1_442' title='bbox 809 1663 921 1698; x_wconf 75' lang='grc' dir='ltr'>εὐεργεο</span> 
     </span>
    </p>
   </div>
   <div class='ocr_carea' id='block_1_64' title="bbox 134 1705 920 1744">
    <p class='ocr_par' dir='ltr' id='par_1_64' title="bbox 134 1705 920 1744">
     <span class='ocr_line' id='line_1_64' title="bbox 134 1705 920 1744; baseline 0.005 -12"><span class='ocrx_word' id='word_1_443' title='bbox 134 1705 197 1739; x_wconf 80' lang='grc' dir='ltr'>τῶν,</span> <span class='ocrx_word' id='word_1_444' title='bbox 210 1705 361 1740; x_wconf 82' lang='grc' dir='ltr'>ἀπολογίαν</span> <span class='ocrx_word' id='word_1_445' title='bbox 375 1707 403 1732; x_wconf 84' lang='grc' dir='ltr'>ὲν</span> <span class='ocrx_word' id='word_1_446' title='bbox 417 1706 456 1741; x_wconf 84' lang='grc' dir='ltr'>τῷ</span> <span class='ocrx_word' id='word_1_447' title='bbox 478 1706 580 1742; x_wconf 84' lang='grc' dir='ltr'>κρίνειν</span> <span class='ocrx_word' id='word_1_448' title='bbox 599 1707 665 1742; x_wconf 79' lang='grc' dir='ltr'>ἔχει,</span> <span class='ocrx_word' id='word_1_449' title='bbox 683 1708 732 1743; x_wconf 85' lang='grc' dir='ltr'>τὴν</span> <span class='ocrx_word' id='word_1_450' title='bbox 748 1709 920 1744; x_wconf 78' lang='grc' dir='ltr'>παντοδαπὴν</span> 
     </span>
    </p>
   </div>
   <div class='ocr_carea' id='block_1_65' title="bbox 134 1753 918 1790">
    <p class='ocr_par' dir='ltr' id='par_1_65' title="bbox 134 1753 918 1790">
     <span class='ocr_line' id='line_1_65' title="bbox 134 1753 918 1790; baseline 0.003 -10"><span class='ocrx_word' id='word_1_451' title='bbox 134 1753 222 1780; x_wconf 81' lang='grc' dir='ltr'>αὐτῶν</span> <span class='ocrx_word' id='word_1_452' title='bbox 237 1755 303 1789; x_wconf 63' lang='lat' dir='ltr'><strong>Emi:</strong></span> <span class='ocrx_word' id='word_1_453' title='bbox 310 1753 408 1780; x_wconf 83' lang='grc' dir='ltr'>ἐλειαν.</span> <span class='ocrx_word' id='word_1_454' title='bbox 421 1753 499 1780; x_wconf 75' lang='grc' dir='ltr'>Οὕτω</span> <span class='ocrx_word' id='word_1_455' title='bbox 511 1754 557 1781; x_wconf 77' lang='grc' dir='ltr'>καὶ</span> <span class='ocrx_word' id='word_1_456' title='bbox 568 1755 635 1789; x_wconf 74' lang='grc' dir='ltr'>πρὸς</span> <span class='ocrx_word' id='word_1_457' title='bbox 647 1755 693 1782; x_wconf 74' lang='grc' dir='ltr'><strong>τὸν</strong></span> <span class='ocrx_word' id='word_1_458' title='bbox 713 1755 820 1790; x_wconf 79' lang='grc' dir='ltr'>Ἰσραὴλ</span> <span class='ocrx_word' id='word_1_459' title='bbox 830 1755 918 1790; x_wconf 80' lang='grc' dir='ltr'>ἔλεγε·</span> 
     </span>
    </p>
   </div>
   <div class='ocr_carea' id='block_1_66' title="bbox 137 1799 919 1837">
    <p class='ocr_par' dir='ltr' id='par_1_66' title="bbox 137 1799 919 1837">
     <span class='ocr_line' id='line_1_66' title="bbox 137 1799 919 1837; baseline 0 -11"><span class='ocrx_word' id='word_1_460' title='bbox 137 1809 146 1825; x_wconf 76' lang='grc' dir='ltr'><strong>ι</strong></span> <span class='ocrx_word' id='word_1_461' title='bbox 159 1799 231 1831; x_wconf 86' lang='grc' dir='ltr'>Δαός</span> <span class='ocrx_word' id='word_1_462' title='bbox 247 1808 310 1834; x_wconf 78' lang='grc' dir='ltr'>μου,</span> <span class='ocrx_word' id='word_1_463' title='bbox 325 1799 351 1825; x_wconf 85' lang='grc' dir='ltr'><strong>τί</strong></span> <span class='ocrx_word' id='word_1_464' title='bbox 365 1799 480 1834; x_wconf 78' lang='grc' dir='ltr'>ἐποίησά</span> <span class='ocrx_word' id='word_1_465' title='bbox 497 1808 554 1832; x_wconf 74' lang='grc' dir='ltr'>σοις</span> <span class='ocrx_word' id='word_1_466' title='bbox 567 1799 583 1835; x_wconf 86' lang='grc' dir='ltr'>ἢ</span> <span class='ocrx_word' id='word_1_467' title='bbox 594 1800 620 1826; x_wconf 87' lang='grc' dir='ltr'><strong>τί</strong></span> <span class='ocrx_word' id='word_1_468' title='bbox 633 1800 755 1836; x_wconf 71' lang='grc' dir='ltr'>ἐλύπησα</span> <span class='ocrx_word' id='word_1_469' title='bbox 772 1809 801 1828; x_wconf 83' lang='grc' dir='ltr'><strong>σε</strong></span> <span class='ocrx_word' id='word_1_470' title='bbox 814 1802 853 1835; x_wconf 84' lang='lat'><strong>&quot;;</strong></span> <span class='ocrx_word' id='word_1_471' title='bbox 865 1801 882 1837; x_wconf 79' lang='grc' dir='ltr'>ἢ</span> <span class='ocrx_word' id='word_1_472' title='bbox 892 1801 919 1828; x_wconf 83' lang='grc' dir='ltr'><strong>τί</strong></span> 
     </span>
    </p>
   </div>
   <div class='ocr_carea' id='block_1_67' title="bbox 134 1844 919 1882">
    <p class='ocr_par' dir='ltr' id='par_1_67' title="bbox 134 1844 919 1882">
     <span class='ocr_line' id='line_1_67' title="bbox 134 1844 919 1882; baseline 0.003 -10"><span class='ocrx_word' id='word_1_473' title='bbox 134 1845 328 1880; x_wconf 74' lang='grc' dir='ltr'>παρηνόχλησά</span> <span class='ocrx_word' id='word_1_474' title='bbox 343 1853 398 1876; x_wconf 71' lang='grc' dir='ltr'>σοις</span> <span class='ocrx_word' id='word_1_475' title='bbox 413 1845 576 1880; x_wconf 83' lang='grc' dir='ltr'>ἀποκρίθητί</span> <span class='ocrx_word' id='word_1_476' title='bbox 591 1854 645 1880; x_wconf 91' lang='grc' dir='ltr'>μοι.</span> <span class='ocrx_word' id='word_1_477' title='bbox 658 1855 666 1871; x_wconf 77' lang='grc' dir='ltr'><strong>ι</strong></span> <span class='ocrx_word' id='word_1_478' title='bbox 679 1844 744 1873; x_wconf 73' lang='grc' dir='ltr'>Εἶτα</span> <span class='ocrx_word' id='word_1_479' title='bbox 754 1847 825 1873; x_wconf 76' lang='grc' dir='ltr'>κατὰ</span> <span class='ocrx_word' id='word_1_480' title='bbox 836 1847 919 1882; x_wconf 82' lang='grc' dir='ltr'>μέρος</span> 
     </span>
    </p>
   </div>
   <div class='ocr_carea' id='block_1_68' title="bbox 133 1890 917 1929">
    <p class='ocr_par' dir='ltr' id='par_1_68' title="bbox 133 1890 917 1929">
     <span class='ocr_line' id='line_1_68' title="bbox 133 1890 917 1929; baseline 0.005 -13"><span class='ocrx_word' id='word_1_481' title='bbox 133 1890 187 1917; x_wconf 77' lang='grc' dir='ltr'><strong>τῶν</strong></span> <span class='ocrx_word' id='word_1_482' title='bbox 201 1891 367 1925; x_wconf 79' lang='grc' dir='ltr'>εὐεργεσιῶν</span> <span class='ocrx_word' id='word_1_483' title='bbox 382 1892 594 1927; x_wconf 69' lang='grc' dir='ltr'>ἀναμιμνήσκει.</span> <span class='ocrx_word' id='word_1_484' title='bbox 612 1891 690 1919; x_wconf 73' lang='grc' dir='ltr'><strong>οὕτω</strong></span> <span class='ocrx_word' id='word_1_485' title='bbox 707 1893 753 1919; x_wconf 74' lang='grc' dir='ltr'>καὶ</span> <span class='ocrx_word' id='word_1_486' title='bbox 774 1893 818 1920; x_wconf 75' lang='grc' dir='ltr'><strong>διὰ</strong></span> <span class='ocrx_word' id='word_1_487' title='bbox 833 1893 917 1929; x_wconf 84' lang='grc' dir='ltr'>Ἰερε-</span> 
     </span>
    </p>
   </div>
   <div class='ocr_carea' id='block_1_69' title="bbox 134 1932 919 1974">
    <p class='ocr_par' dir='ltr' id='par_1_69' title="bbox 134 1932 919 1974">
     <span class='ocr_line' id='line_1_69' title="bbox 134 1932 919 1974; baseline 0.005 -13"><span class='ocrx_word' id='word_1_488' title='bbox 134 1935 196 1970; x_wconf 75' lang='grc' dir='ltr'>μίου</span> <span class='ocrx_word' id='word_1_489' title='bbox 215 1935 265 1971; x_wconf 81' lang='grc' dir='ltr'>βοᾷ</span> <span class='ocrx_word' id='word_1_490' title='bbox 275 1944 283 1951; x_wconf 91' lang='grc'>·</span> <span class='ocrx_word' id='word_1_491' title='bbox 298 1945 307 1962; x_wconf 75' lang='grc' dir='ltr'><strong>ι</strong></span> <span class='ocrx_word' id='word_1_492' title='bbox 324 1936 356 1962; x_wconf 85' lang='grc' dir='ltr'>Τί</span> <span class='ocrx_word' id='word_1_493' title='bbox 368 1932 446 1972; x_wconf 76' lang='grc' dir='ltr'>εὖρον</span> <span class='ocrx_word' id='word_1_494' title='bbox 461 1937 486 1962; x_wconf 78' lang='grc' dir='ltr'>οι</span> <span class='ocrx_word' id='word_1_495' title='bbox 499 1935 616 1971; x_wconf 79' lang='grc' dir='ltr'>πατέρες</span> <span class='ocrx_word' id='word_1_496' title='bbox 628 1937 703 1973; x_wconf 80' lang='grc' dir='ltr'>ὑμῶν</span> <span class='ocrx_word' id='word_1_497' title='bbox 712 1938 740 1964; x_wconf 74' lang='grc' dir='ltr'>ὲν</span> <span class='ocrx_word' id='word_1_498' title='bbox 752 1938 813 1973; x_wconf 78' lang='grc' dir='ltr'>ἐμοὶ</span> <span class='ocrx_word' id='word_1_499' title='bbox 827 1938 919 1974; x_wconf 84' lang='grc' dir='ltr'>πλημ-</span> 
     </span>
    </p>
   </div>
   <div class='ocr_carea' id='block_1_70' title="bbox 135 1981 920 2019">
    <p class='ocr_par' dir='ltr' id='par_1_70' title="bbox 135 1981 920 2019">
     <span class='ocr_line' id='line_1_70' title="bbox 135 1981 920 2019; baseline 0.005 -12"><span class='ocrx_word' id='word_1_500' title='bbox 135 1981 252 2016; x_wconf 74' lang='grc' dir='ltr'>μέλημα,</span> <span class='ocrx_word' id='word_1_501' title='bbox 267 1981 309 2008; x_wconf 74' lang='grc' dir='ltr'>ἂτι</span> <span class='ocrx_word' id='word_1_502' title='bbox 327 1982 484 2017; x_wconf 75' lang='grc' dir='ltr'>ἀπέστησαν</span> <span class='ocrx_word' id='word_1_503' title='bbox 499 1982 547 2009; x_wconf 77' lang='grc' dir='ltr'><strong>ἀπ’</strong></span> <span class='ocrx_word' id='word_1_504' title='bbox 570 1982 638 2018; x_wconf 71' lang='grc' dir='ltr'>ἐμοῦ</span> <span class='ocrx_word' id='word_1_505' title='bbox 661 1983 779 2019; x_wconf 75' lang='grc' dir='ltr'>μακρὰν,</span> <span class='ocrx_word' id='word_1_506' title='bbox 794 1984 840 2010; x_wconf 83' lang='grc' dir='ltr'>καὶ</span> <span class='ocrx_word' id='word_1_507' title='bbox 855 1984 920 2011; x_wconf 78' lang='grc' dir='ltr'>ὲπο-</span> 
     </span>
    </p>
   </div>
   <div class='ocr_carea' id='block_1_71' title="bbox 134 2026 915 2064">
    <p class='ocr_par' dir='ltr' id='par_1_71' title="bbox 134 2026 915 2064">
     <span class='ocr_line' id='line_1_71' title="bbox 134 2026 915 2064; baseline 0.004 -11"><span class='ocrx_word' id='word_1_508' title='bbox 134 2026 270 2062; x_wconf 77' lang='grc' dir='ltr'>ρεύθησαν</span> <span class='ocrx_word' id='word_1_509' title='bbox 281 2027 370 2054; x_wconf 76' lang='grc' dir='ltr'>ὀπίσω</span> <span class='ocrx_word' id='word_1_510' title='bbox 385 2028 438 2054; x_wconf 88' lang='grc' dir='ltr'><strong>τῶν</strong></span> <span class='ocrx_word' id='word_1_511' title='bbox 454 2028 585 2064; x_wconf 86' lang='grc' dir='ltr'>ματαίων,</span> <span class='ocrx_word' id='word_1_512' title='bbox 599 2029 646 2055; x_wconf 78' lang='grc' dir='ltr'>καὶ</span> <span class='ocrx_word' id='word_1_513' title='bbox 659 2028 870 2064; x_wconf 82' lang='grc' dir='ltr'>ἐματαιώθησαν</span> <span class='ocrx_word' id='word_1_514' title='bbox 883 2037 890 2062; x_wconf 89' lang='grc'><strong>;</strong></span> <span class='ocrx_word' id='word_1_515' title='bbox 906 2039 915 2056; x_wconf 73' lang='grc' dir='ltr'><strong>ι</strong></span> 
     </span>
    </p>
   </div>
   <div class='ocr_carea' id='block_1_72' title="bbox 132 2073 917 2110">
    <p class='ocr_par' dir='ltr' id='par_1_72' title="bbox 132 2073 917 2110">
     <span class='ocr_line' id='line_1_72' title="bbox 132 2073 917 2110; baseline 0.004 -11"><span class='ocrx_word' id='word_1_516' title='bbox 132 2073 186 2099; x_wconf 81' lang='grc' dir='ltr'><strong>Καὶ</strong></span> <span class='ocrx_word' id='word_1_517' title='bbox 203 2073 284 2100; x_wconf 81' lang='grc' dir='ltr'>πάλιν</span> <span class='ocrx_word' id='word_1_518' title='bbox 299 2073 344 2100; x_wconf 79' lang='grc' dir='ltr'>τὸν</span> <span class='ocrx_word' id='word_1_519' title='bbox 360 2073 414 2100; x_wconf 84' lang='grc' dir='ltr'><strong>τῶν</strong></span> <span class='ocrx_word' id='word_1_520' title='bbox 436 2074 601 2110; x_wconf 81' lang='grc' dir='ltr'>εὐεργεσιῶν</span> <span class='ocrx_word' id='word_1_521' title='bbox 618 2074 739 2110; x_wconf 70' lang='grc' dir='ltr'>εἰσφέρει</span> <span class='ocrx_word' id='word_1_522' title='bbox 757 2075 917 2110; x_wconf 82' lang='grc' dir='ltr'>κατάλογον.</span> 
     </span>
    </p>
   </div>
   <div class='ocr_carea' id='block_1_73' title="bbox 138 2119 918 2155">
    <p class='ocr_par' dir='ltr' id='par_1_73' title="bbox 138 2119 918 2155">
     <span class='ocr_line' id='line_1_73' title="bbox 138 2119 918 2155; baseline 0.001 -9"><span class='ocrx_word' id='word_1_523' title='bbox 138 2119 170 2146; x_wconf 91' lang='lat'><strong>&#39;0</strong></span> <span class='ocrx_word' id='word_1_524' title='bbox 186 2119 277 2155; x_wconf 73' lang='grc' dir='ltr'>μέντοι</span> <span class='ocrx_word' id='word_1_525' title='bbox 290 2119 361 2151; x_wconf 80' lang='grc' dir='ltr'>θεῖος</span> <span class='ocrx_word' id='word_1_526' title='bbox 383 2119 546 2152; x_wconf 79' lang='grc' dir='ltr'>’Δπόστολος</span> <span class='ocrx_word' id='word_1_527' title='bbox 558 2120 595 2152; x_wconf 84' lang='grc' dir='ltr'>ὡς</span> <span class='ocrx_word' id='word_1_528' title='bbox 611 2121 644 2147; x_wconf 85' lang='grc' dir='ltr'>ὲκ</span> <span class='ocrx_word' id='word_1_529' title='bbox 658 2119 704 2147; x_wconf 80' lang='grc' dir='ltr'><strong>τοῦ</strong></span> <span class='ocrx_word' id='word_1_530' title='bbox 720 2120 775 2147; x_wconf 90' lang='grc' dir='ltr'><strong>τῶν</strong></span> <span class='ocrx_word' id='word_1_531' title='bbox 790 2120 918 2147; x_wconf 73' lang='grc' dir='ltr'>ἐναντίων</span> 
     </span>
    </p>
   </div>
   <div class='ocr_carea' id='block_1_74' title="bbox 132 2165 537 2202">
    <p class='ocr_par' dir='ltr' id='par_1_74' title="bbox 132 2165 537 2202">
     <span class='ocr_line' id='line_1_74' title="bbox 132 2165 537 2202; baseline 0.005 -10"><span class='ocrx_word' id='word_1_532' title='bbox 132 2165 366 2199; x_wconf 64' lang='grc' dir='ltr'>ἄπισυλλογίςεται</span> <span class='ocrx_word' id='word_1_533' title='bbox 382 2166 537 2202; x_wconf 86' lang='grc' dir='ltr'>προσώπου.</span> 
     </span>
    </p>
   </div>
   <div class='ocr_carea' id='block_1_75' title="bbox 168 2211 917 2247">
    <p class='ocr_par' dir='ltr' id='par_1_75' title="bbox 168 2211 917 2247">
     <span class='ocr_line' id='line_1_75' title="bbox 168 2211 917 2247; baseline 0.003 -9"><span class='ocrx_word' id='word_1_534' title='bbox 168 2213 197 2242; x_wconf 86' lang='grc' dir='ltr'>ε’,</span> <span class='ocrx_word' id='word_1_535' title='bbox 212 2214 250 2244; x_wconf 87' lang='grc' dir='ltr'><strong>ς’.</strong></span> <span class='ocrx_word' id='word_1_536' title='bbox 278 2213 311 2238; x_wconf 78' lang='grc' dir='ltr'><strong>ει</strong></span> <span class='ocrx_word' id='word_1_537' title='bbox 334 2212 369 2238; x_wconf 80' lang='grc' dir='ltr'><strong>δὲ</strong></span> <span class='ocrx_word' id='word_1_538' title='bbox 393 2212 493 2239; x_wconf 77' lang='grc' dir='ltr'>ἀδικία</span> <span class='ocrx_word' id='word_1_539' title='bbox 517 2211 601 2246; x_wconf 77' lang='grc' dir='ltr'>ἡμῶν</span> <span class='ocrx_word' id='word_1_540' title='bbox 622 2212 696 2240; x_wconf 86' lang='grc' dir='ltr'>Θεοῦ</span> <span class='ocrx_word' id='word_1_541' title='bbox 720 2213 917 2247; x_wconf 79' lang='grc' dir='ltr'>δικαιοσύνην</span> 
     </span>
    </p>
   </div>
   <div class='ocr_carea' id='block_1_76' title="bbox 973 1613 1753 1643">
    <p class='ocr_par' dir='ltr' id='par_1_76' title="bbox 973 1613 1753 1643">
     <span class='ocr_line' id='line_1_76' title="bbox 973 1613 1753 1643; baseline 0.004 -3"><span class='ocrx_word' id='word_1_542' title='bbox 973 1614 1124 1641; x_wconf 89' lang='lat' dir='ltr'><strong>ciscuntur.</strong></span> <span class='ocrx_word' id='word_1_543' title='bbox 1153 1613 1238 1641; x_wconf 85' lang='lat' dir='ltr'><strong>Porro</strong></span> <span class='ocrx_word' id='word_1_544' title='bbox 1266 1613 1337 1642; x_wconf 91' lang='lat' dir='ltr'><strong>Deus</strong></span> <span class='ocrx_word' id='word_1_545' title='bbox 1370 1614 1420 1642; x_wconf 89' lang='lat' dir='ltr'><strong>hos</strong></span> <span class='ocrx_word' id='word_1_546' title='bbox 1438 1615 1519 1641; x_wconf 88' lang='lat' dir='ltr'><strong>etiam</strong></span> <span class='ocrx_word' id='word_1_547' title='bbox 1552 1615 1685 1643; x_wconf 81' lang='lat' dir='ltr'><strong>beneﬁcio</strong></span> <span class='ocrx_word' id='word_1_548' title='bbox 1712 1616 1753 1643; x_wconf 82' lang='lat' dir='ltr'><strong>af-</strong></span> 
     </span>
    </p>
   </div>
   <div class='ocr_carea' id='block_1_77' title="bbox 972 1659 1754 1694">
    <p class='ocr_par' dir='ltr' id='par_1_77' title="bbox 972 1659 1754 1694">
     <span class='ocr_line' id='line_1_77' title="bbox 972 1659 1754 1694; baseline 0.001 -8"><span class='ocrx_word' id='word_1_549' title='bbox 972 1659 1086 1691; x_wconf 81' lang='lat' dir='ltr'><strong>ﬁciens,</strong></span> <span class='ocrx_word' id='word_1_550' title='bbox 1109 1659 1213 1694; x_wconf 87' lang='lat' dir='ltr'><strong>juslam</strong></span> <span class='ocrx_word' id='word_1_551' title='bbox 1243 1659 1324 1686; x_wconf 84' lang='lat' dir='ltr'><strong>habet</strong></span> <span class='ocrx_word' id='word_1_552' title='bbox 1354 1659 1380 1685; x_wconf 94' lang='lat' dir='ltr'><strong>in</strong></span> <span class='ocrx_word' id='word_1_553' title='bbox 1407 1659 1447 1686; x_wconf 89' lang='lat' dir='ltr'><strong>eis</strong></span> <span class='ocrx_word' id='word_1_554' title='bbox 1473 1659 1629 1694; x_wconf 89' lang='lat' dir='ltr'><strong>judicandis</strong></span> <span class='ocrx_word' id='word_1_555' title='bbox 1659 1659 1754 1688; x_wconf 82' lang='lat' dir='ltr'><strong>defen-</strong></span> 
     </span>
    </p>
   </div>
   <div class='ocr_carea' id='block_1_78' title="bbox 971 1696 1752 1741">
    <p class='ocr_par' dir='ltr' id='par_1_78' title="bbox 971 1696 1752 1741">
     <span class='ocr_line' id='line_1_78' title="bbox 971 1696 1752 1741; baseline 0.004 -10"><span class='ocrx_word' id='word_1_556' title='bbox 971 1704 1089 1736; x_wconf 84' lang='lat' dir='ltr'><strong>sionem,</strong></span> <span class='ocrx_word' id='word_1_557' title='bbox 1105 1704 1178 1739; x_wconf 88' lang='lat' dir='ltr'><strong>quod</strong></span> <span class='ocrx_word' id='word_1_558' title='bbox 1198 1696 1273 1731; x_wconf 81' lang='lat' dir='ltr'><strong>omni</strong></span> <span class='ocrx_word' id='word_1_559' title='bbox 1299 1705 1405 1732; x_wconf 85' lang='lat' dir='ltr'><strong>ratione</strong></span> <span class='ocrx_word' id='word_1_560' title='bbox 1429 1712 1524 1732; x_wconf 90' lang='lat' dir='ltr'><strong>eorum</strong></span> <span class='ocrx_word' id='word_1_561' title='bbox 1548 1712 1642 1732; x_wconf 85' lang='lat' dir='ltr'><strong>curam</strong></span> <span class='ocrx_word' id='word_1_562' title='bbox 1665 1710 1752 1741; x_wconf 75' lang='lat' dir='ltr'><strong>gerat.</strong></span> 
     </span>
    </p>
   </div>
   <div class='ocr_carea' id='block_1_79' title="bbox 972 1749 1754 1787">
    <p class='ocr_par' dir='ltr' id='par_1_79' title="bbox 972 1749 1754 1787">
     <span class='ocr_line' id='line_1_79' title="bbox 972 1749 1754 1787; baseline 0.004 -10"><span class='ocrx_word' id='word_1_563' title='bbox 972 1749 1019 1777; x_wconf 88' lang='lat' dir='ltr'><strong>Sic</strong></span> <span class='ocrx_word' id='word_1_564' title='bbox 1032 1750 1114 1777; x_wconf 91' lang='lat' dir='ltr'><strong>etiam</strong></span> <span class='ocrx_word' id='word_1_565' title='bbox 1127 1750 1233 1777; x_wconf 86' lang='lat' dir='ltr'><strong>diccbat</strong></span> <span class='ocrx_word' id='word_1_566' title='bbox 1251 1750 1283 1777; x_wconf 87' lang='lat' dir='ltr'><strong>ad</strong></span> <span class='ocrx_word' id='word_1_567' title='bbox 1304 1749 1432 1777; x_wconf 81' lang='lat' dir='ltr'><strong>lsraelem</strong></span> <span class='ocrx_word' id='word_1_568' title='bbox 1449 1758 1456 1776; x_wconf 70' lang='grc' dir='ltr'><strong>τ</strong></span> <span class='ocrx_word' id='word_1_569' title='bbox 1478 1760 1487 1776; x_wconf 75' lang='grc' dir='ltr'><strong>ι</strong></span> <span class='ocrx_word' id='word_1_570' title='bbox 1509 1750 1612 1786; x_wconf 80' lang='lat' dir='ltr'><strong>Popule</strong></span> <span class='ocrx_word' id='word_1_571' title='bbox 1627 1751 1674 1785; x_wconf 88' lang='lat' dir='ltr'><strong>mi,</strong></span> <span class='ocrx_word' id='word_1_572' title='bbox 1687 1752 1754 1787; x_wconf 74' lang='lat' dir='ltr'><strong>quid</strong></span> 
     </span>
    </p>
   </div>
   <div class='ocr_carea' id='block_1_80' title="bbox 972 1796 1812 1831">
    <p class='ocr_par' dir='ltr' id='par_1_80' title="bbox 972 1796 1812 1831">
     <span class='ocr_line' id='line_1_80' title="bbox 972 1796 1812 1831; baseline 0.002 -7"><span class='ocrx_word' id='word_1_573' title='bbox 972 1797 1023 1824; x_wconf 81' lang='lat' dir='ltr'><strong>feci</strong></span> <span class='ocrx_word' id='word_1_574' title='bbox 1045 1796 1171 1823; x_wconf 83' lang='lat' dir='ltr'><strong>tibi?ch</strong></span> <span class='ocrx_word' id='word_1_575' title='bbox 1195 1800 1291 1831; x_wconf 89' lang='lat' dir='ltr'><strong>quate</strong></span> <span class='ocrx_word' id='word_1_576' title='bbox 1310 1796 1423 1824; x_wconf 86' lang='lat' dir='ltr'><strong>tristitia</strong></span> <span class='ocrx_word' id='word_1_577' title='bbox 1440 1801 1486 1823; x_wconf 85' lang='lat' dir='ltr'><strong>aut</strong></span> <span class='ocrx_word' id='word_1_578' title='bbox 1511 1797 1637 1825; x_wconf 80' lang='lat' dir='ltr'><strong>molestia</strong></span> <span class='ocrx_word' id='word_1_579' title='bbox 1659 1798 1754 1826; x_wconf 69' lang='lat' dir='ltr'><strong>atroci?</strong></span> <span class='ocrx_word' id='word_1_580' title='bbox 1808 1800 1812 1805; x_wconf 81' lang='lat'><strong><em>&#39;</em></strong></span> 
     </span>
    </p>
   </div>
   <div class='ocr_carea' id='block_1_81' title="bbox 971 1840 1753 1878">
    <p class='ocr_par' dir='ltr' id='par_1_81' title="bbox 971 1840 1753 1878">
     <span class='ocr_line' id='line_1_81' title="bbox 971 1840 1753 1878; baseline 0.001 -8"><span class='ocrx_word' id='word_1_581' title='bbox 971 1842 1106 1878; x_wconf 87' lang='lat' dir='ltr'><strong>responde</strong></span> <span class='ocrx_word' id='word_1_582' title='bbox 1131 1841 1196 1868; x_wconf 84' lang='lat' dir='ltr'><strong>mihi</strong></span> <span class='ocrx_word' id='word_1_583' title='bbox 1219 1845 1242 1870; x_wconf 84' lang='grc'><strong>⁸.</strong></span> <span class='ocrx_word' id='word_1_584' title='bbox 1277 1851 1286 1867; x_wconf 75' lang='grc' dir='ltr'><strong>ι</strong></span> <span class='ocrx_word' id='word_1_585' title='bbox 1317 1840 1421 1869; x_wconf 86' lang='lat' dir='ltr'><strong>Deinde</strong></span> <span class='ocrx_word' id='word_1_586' title='bbox 1451 1841 1590 1877; x_wconf 74' lang='lat' dir='ltr'><strong>sigillatim</strong></span> <span class='ocrx_word' id='word_1_587' title='bbox 1621 1843 1753 1871; x_wconf 73' lang='lat' dir='ltr'><strong>beneficia</strong></span> 
     </span>
    </p>
   </div>
   <div class='ocr_carea' id='block_1_82' title="bbox 971 1886 1753 1923">
    <p class='ocr_par' dir='ltr' id='par_1_82' title="bbox 971 1886 1753 1923">
     <span class='ocr_line' id='line_1_82' title="bbox 971 1886 1753 1923; baseline 0.001 -8"><span class='ocrx_word' id='word_1_588' title='bbox 971 1891 1176 1915; x_wconf 86' lang='lat' dir='ltr'><strong>commemorat.</strong></span> <span class='ocrx_word' id='word_1_589' title='bbox 1191 1887 1229 1914; x_wconf 88' lang='lat' dir='ltr'><strong>lla</strong></span> <span class='ocrx_word' id='word_1_590' title='bbox 1241 1891 1267 1914; x_wconf 89' lang='lat' dir='ltr'><strong>et</strong></span> <span class='ocrx_word' id='word_1_591' title='bbox 1281 1894 1329 1922; x_wconf 86' lang='lat' dir='ltr'><strong>per</strong></span> <span class='ocrx_word' id='word_1_592' title='bbox 1340 1886 1485 1914; x_wconf 80' lang='lat' dir='ltr'><strong>Jcremiam</strong></span> <span class='ocrx_word' id='word_1_593' title='bbox 1500 1888 1601 1916; x_wconf 84' lang='lat' dir='ltr'><strong>clamat</strong></span> <span class='ocrx_word' id='word_1_594' title='bbox 1614 1897 1621 1916; x_wconf 88' lang='lat'>:</span> <span class='ocrx_word' id='word_1_595' title='bbox 1636 1899 1645 1915; x_wconf 88' lang='grc'><strong><em>‹</em></strong></span> <span class='ocrx_word' id='word_1_596' title='bbox 1661 1889 1753 1923; x_wconf 84' lang='lat' dir='ltr'><strong>Quod-</strong></span> 
     </span>
    </p>
   </div>
   <div class='ocr_carea' id='block_1_83' title="bbox 971 1932 1751 1968">
    <p class='ocr_par' dir='ltr' id='par_1_83' title="bbox 971 1932 1751 1968">
     <span class='ocr_line' id='line_1_83' title="bbox 971 1932 1751 1968; baseline -0.001 -6"><span class='ocrx_word' id='word_1_597' title='bbox 971 1943 1033 1962; x_wconf 89' lang='lat' dir='ltr'><strong>nam</strong></span> <span class='ocrx_word' id='word_1_598' title='bbox 1057 1933 1187 1961; x_wconf 87' lang='lat' dir='ltr'><strong>delictum</strong></span> <span class='ocrx_word' id='word_1_599' title='bbox 1215 1932 1243 1960; x_wconf 90' lang='lat' dir='ltr'><strong>in</strong></span> <span class='ocrx_word' id='word_1_600' title='bbox 1270 1940 1313 1960; x_wconf 89' lang='lat' dir='ltr'><strong>me</strong></span> <span class='ocrx_word' id='word_1_601' title='bbox 1339 1932 1502 1960; x_wconf 83' lang='lat' dir='ltr'><strong>invenerunt</strong></span> <span class='ocrx_word' id='word_1_602' title='bbox 1529 1938 1619 1968; x_wconf 84' lang='lat' dir='ltr'><strong>patres</strong></span> <span class='ocrx_word' id='word_1_603' title='bbox 1647 1935 1751 1965; x_wconf 87' lang='lat' dir='ltr'><strong>vestri.</strong></span> 
     </span>
    </p>
   </div>
   <div class='ocr_carea' id='block_1_84' title="bbox 970 1979 1752 2017">
    <p class='ocr_par' dir='ltr' id='par_1_84' title="bbox 970 1979 1752 2017">
     <span class='ocr_line' id='line_1_84' title="bbox 970 1979 1752 2017; baseline -0.001 -8"><span class='ocrx_word' id='word_1_604' title='bbox 970 1982 1042 2017; x_wconf 91' lang='lat' dir='ltr'><strong>quod</strong></span> <span class='ocrx_word' id='word_1_605' title='bbox 1067 1981 1145 2016; x_wconf 81' lang='lat' dir='ltr'><strong>longe</strong></span> <span class='ocrx_word' id='word_1_606' title='bbox 1160 1987 1174 2007; x_wconf 90' lang='lat' dir='ltr'><strong>a</strong></span> <span class='ocrx_word' id='word_1_607' title='bbox 1199 1987 1242 2006; x_wconf 90' lang='lat' dir='ltr'><strong>me</strong></span> <span class='ocrx_word' id='word_1_608' title='bbox 1266 1979 1445 2010; x_wconf 85' lang='lat' dir='ltr'><strong>recesserint.</strong></span> <span class='ocrx_word' id='word_1_609' title='bbox 1464 1983 1491 2007; x_wconf 91' lang='lat' dir='ltr'><strong>et</strong></span> <span class='ocrx_word' id='word_1_610' title='bbox 1513 1987 1583 2006; x_wconf 90' lang='lat' dir='ltr'><strong>vana</strong></span> <span class='ocrx_word' id='word_1_611' title='bbox 1608 1981 1706 2013; x_wconf 82' lang='lat' dir='ltr'><strong>secuti,</strong></span> <span class='ocrx_word' id='word_1_612' title='bbox 1725 1985 1752 2009; x_wconf 82' lang='lat' dir='ltr'><strong>ct</strong></span> 
     </span>
    </p>
   </div>
   <div class='ocr_carea' id='block_1_85' title="bbox 970 2023 1751 2060">
    <p class='ocr_par' dir='ltr' id='par_1_85' title="bbox 970 2023 1751 2060">
     <span class='ocr_line' id='line_1_85' title="bbox 970 2023 1751 2060; baseline -0.001 -5"><span class='ocrx_word' id='word_1_613' title='bbox 970 2028 1032 2056; x_wconf 87' lang='lat' dir='ltr'><strong>vani</strong></span> <span class='ocrx_word' id='word_1_614' title='bbox 1062 2027 1126 2054; x_wconf 80' lang='lat' dir='ltr'><strong>facti</strong></span> <span class='ocrx_word' id='word_1_615' title='bbox 1157 2025 1259 2053; x_wconf 82' lang='lat' dir='ltr'><strong>fuerint</strong></span> <span class='ocrx_word' id='word_1_616' title='bbox 1275 2025 1306 2051; x_wconf 72' lang='grc' dir='ltr'>οἳ</span> <span class='ocrx_word' id='word_1_617' title='bbox 1322 2034 1331 2050; x_wconf 74' lang='grc' dir='ltr'><strong>ι</strong></span> <span class='ocrx_word' id='word_1_618' title='bbox 1351 2023 1384 2052; x_wconf 84' lang='grc' dir='ltr'><strong>Ει</strong></span> <span class='ocrx_word' id='word_1_619' title='bbox 1410 2032 1509 2053; x_wconf 84' lang='lat' dir='ltr'><strong>rursus</strong></span> <span class='ocrx_word' id='word_1_620' title='bbox 1534 2025 1640 2060; x_wconf 80' lang='lat' dir='ltr'><strong>profert</strong></span> <span class='ocrx_word' id='word_1_621' title='bbox 1669 2026 1751 2054; x_wconf 80' lang='lat' dir='ltr'><strong>bone-</strong></span> 
     </span>
    </p>
   </div>
   <div class='ocr_carea' id='block_1_86' title="bbox 971 2069 1750 2106">
    <p class='ocr_par' dir='ltr' id='par_1_86' title="bbox 971 2069 1750 2106">
     <span class='ocr_line' id='line_1_86' title="bbox 971 2069 1750 2106; baseline -0.001 -6"><span class='ocrx_word' id='word_1_622' title='bbox 971 2075 1094 2102; x_wconf 81' lang='lat' dir='ltr'><strong>liciorum</strong></span> <span class='ocrx_word' id='word_1_623' title='bbox 1127 2072 1290 2106; x_wconf 83' lang='lat' dir='ltr'><strong>catalogum.</strong></span> <span class='ocrx_word' id='word_1_624' title='bbox 1322 2069 1439 2098; x_wconf 91' lang='lat' dir='ltr'><strong>Divinus</strong></span> <span class='ocrx_word' id='word_1_625' title='bbox 1469 2075 1558 2098; x_wconf 88' lang='lat' dir='ltr'><strong>autem</strong></span> <span class='ocrx_word' id='word_1_626' title='bbox 1583 2071 1750 2106; x_wconf 84' lang='lat' dir='ltr'><strong>Apostolus.</strong></span> 
     </span>
    </p>
   </div>
   <div class='ocr_carea' id='block_1_87' title="bbox 970 2115 1749 2154">
    <p class='ocr_par' dir='ltr' id='par_1_87' title="bbox 970 2115 1749 2154">
     <span class='ocr_line' id='line_1_87' title="bbox 970 2115 1749 2154; baseline -0.001 -9"><span class='ocrx_word' id='word_1_627' title='bbox 970 2123 1100 2154; x_wconf 84' lang='lat' dir='ltr'><strong>tanquam</strong></span> <span class='ocrx_word' id='word_1_628' title='bbox 1118 2125 1150 2145; x_wconf 80' lang='lat' dir='ltr'><strong>ex</strong></span> <span class='ocrx_word' id='word_1_629' title='bbox 1176 2116 1395 2143; x_wconf 83' lang='lat' dir='ltr'><strong>adversariorum</strong></span> <span class='ocrx_word' id='word_1_630' title='bbox 1412 2123 1545 2150; x_wconf 82' lang='lat' dir='ltr'><strong>persona,</strong></span> <span class='ocrx_word' id='word_1_631' title='bbox 1563 2115 1749 2152; x_wconf 80' lang='lat' dir='ltr'><strong>syllogismum</strong></span> 
     </span>
    </p>
   </div>
   <div class='ocr_carea' id='block_1_88' title="bbox 970 2165 1083 2192">
    <p class='ocr_par' dir='ltr' id='par_1_88' title="bbox 970 2165 1083 2192">
     <span class='ocr_line' id='line_1_88' title="bbox 970 2165 1083 2192; baseline -0.009 0"><span class='ocrx_word' id='word_1_632' title='bbox 970 2165 1083 2192; x_wconf 80' lang='lat' dir='ltr'><strong>inducit.</strong></span> 
     </span>
    </p>
   </div>
   <div class='ocr_carea' id='block_1_89' title="bbox 1005 2206 1750 2243">
    <p class='ocr_par' dir='ltr' id='par_1_89' title="bbox 1005 2206 1750 2243">
     <span class='ocr_line' id='line_1_89' title="bbox 1005 2206 1750 2243; baseline -0.008 -5"><span class='ocrx_word' id='word_1_633' title='bbox 1005 2210 1084 2237; x_wconf 73' lang='lat' dir='ltr'><strong>VERS.</strong></span> <span class='ocrx_word' id='word_1_634' title='bbox 1104 2211 1130 2243; x_wconf 86' lang='lat'><strong>5,</strong></span> <span class='ocrx_word' id='word_1_635' title='bbox 1146 2210 1172 2237; x_wconf 85' lang='lat'><strong>6.</strong></span> <span class='ocrx_word' id='word_1_636' title='bbox 1188 2209 1237 2237; x_wconf 88' lang='lat' dir='ltr'><strong>Sin</strong></span> <span class='ocrx_word' id='word_1_637' title='bbox 1249 2213 1337 2236; x_wconf 82' lang='lat' dir='ltr'><strong>autent</strong></span> <span class='ocrx_word' id='word_1_638' title='bbox 1352 2213 1443 2235; x_wconf 78' lang='lat' dir='ltr'><strong>nostra</strong></span> <span class='ocrx_word' id='word_1_639' title='bbox 1460 2207 1586 2242; x_wconf 75' lang='lat' dir='ltr'><strong>iniquitas</strong></span> <span class='ocrx_word' id='word_1_640' title='bbox 1605 2206 1652 2233; x_wconf 86' lang='lat' dir='ltr'><strong>Dei</strong></span> <span class='ocrx_word' id='word_1_641' title='bbox 1670 2207 1750 2241; x_wconf 84' lang='lat' dir='ltr'><strong>justi-</strong></span> 
     </span>
    </p>
   </div>
   <div class='ocr_carea' id='block_1_90' title="bbox 133 2251 919 2292">
    <p class='ocr_par' dir='ltr' id='par_1_90' title="bbox 133 2257 915 2292">
     <span class='ocr_line' id='line_1_90' title="bbox 133 2257 915 2292; baseline 0.003 -8"><span class='ocrx_word' id='word_1_642' title='bbox 133 2258 307 2291; x_wconf 80' lang='grc' dir='ltr'>συνίστησι,</span> <span class='ocrx_word' id='word_1_643' title='bbox 322 2258 351 2284; x_wconf 89' lang='grc' dir='ltr'><strong>τι</strong></span> <span class='ocrx_word' id='word_1_644' title='bbox 365 2257 504 2292; x_wconf 77' lang='grc' dir='ltr'>ἐροῦμεν;</span> <span class='ocrx_word' id='word_1_645' title='bbox 522 2257 570 2292; x_wconf 82' lang='grc' dir='ltr'><strong>Μὴ</strong></span> <span class='ocrx_word' id='word_1_646' title='bbox 584 2258 686 2292; x_wconf 78' lang='grc' dir='ltr'>ἄδικος</span> <span class='ocrx_word' id='word_1_647' title='bbox 700 2261 717 2286; x_wconf 85' lang='grc' dir='ltr'><em>ὁ</em></span> <span class='ocrx_word' id='word_1_648' title='bbox 732 2259 804 2292; x_wconf 82' lang='grc' dir='ltr'>Θεὸς</span> <span class='ocrx_word' id='word_1_649' title='bbox 817 2260 833 2286; x_wconf 86' lang='grc' dir='ltr'><em>ὁ</em></span> <span class='ocrx_word' id='word_1_650' title='bbox 852 2259 915 2286; x_wconf 80' lang='grc' dir='ltr'>ἐπι-</span> 
     </span>
    </p>
   </div>
   <div class='ocr_carea' id='block_1_91' title="bbox 971 2251 1750 2292">
    <p class='ocr_par' dir='ltr' id='par_1_91' title="bbox 971 2252 1750 2289">
     <span class='ocr_line' id='line_1_91' title="bbox 971 2252 1750 2289; baseline -0.008 -6"><span class='ocrx_word' id='word_1_651' title='bbox 971 2257 1033 2284; x_wconf 85' lang='lat' dir='ltr'><strong>tiam</strong></span> <span class='ocrx_word' id='word_1_652' title='bbox 1057 2256 1238 2286; x_wconf 81' lang='lat' dir='ltr'><strong>commendat,</strong></span> <span class='ocrx_word' id='word_1_653' title='bbox 1261 2254 1323 2289; x_wconf 84' lang='lat' dir='ltr'><strong>quid</strong></span> <span class='ocrx_word' id='word_1_654' title='bbox 1342 2253 1479 2281; x_wconf 77' lang='lat' dir='ltr'><strong>dicemus?</strong></span> <span class='ocrx_word' id='word_1_655' title='bbox 1497 2252 1623 2287; x_wconf 79' lang='lat' dir='ltr'><strong>Nunquid</strong></span> <span class='ocrx_word' id='word_1_656' title='bbox 1647 2253 1750 2287; x_wconf 73' lang='lat' dir='ltr'><strong>iniquus</strong></span> 
     </span>
    </p>
   </div>
   <div class='ocr_carea' id='block_1_92' title="bbox 133 2303 916 2340">
    <p class='ocr_par' dir='ltr' id='par_1_92' title="bbox 133 2303 916 2340">
     <span class='ocr_line' id='line_1_92' title="bbox 133 2303 916 2340; baseline 0.004 -10"><span class='ocrx_word' id='word_1_657' title='bbox 133 2303 228 2337; x_wconf 67' lang='grc' dir='ltr'><em>φέρων</em></span> <span class='ocrx_word' id='word_1_658' title='bbox 245 2303 305 2338; x_wconf 76' lang='grc' dir='ltr'><strong>τὴν</strong></span> <span class='ocrx_word' id='word_1_659' title='bbox 329 2304 440 2339; x_wconf 75' lang='grc' dir='ltr'>ὀργήνς</span> <span class='ocrx_word' id='word_1_660' title='bbox 465 2305 545 2331; x_wconf 78' lang='grc' dir='ltr'>Κατὰ</span> <span class='ocrx_word' id='word_1_661' title='bbox 568 2304 726 2339; x_wconf 77' lang='grc' dir='ltr'><strong>ἄνθρωπον</strong></span> <span class='ocrx_word' id='word_1_662' title='bbox 752 2305 838 2340; x_wconf 77' lang='grc' dir='ltr'><strong>λέγω.</strong></span> <span class='ocrx_word' id='word_1_663' title='bbox 867 2305 916 2340; x_wconf 79' lang='grc' dir='ltr'><strong>Μὴ</strong></span> 
     </span>
    </p>
   </div>
   <div class='ocr_carea' id='block_1_93' title="bbox 132 2349 916 2388">
    <p class='ocr_par' dir='ltr' id='par_1_93' title="bbox 132 2349 916 2388">
     <span class='ocr_line' id='line_1_93' title="bbox 132 2349 916 2388; baseline 0.004 -13"><span class='ocrx_word' id='word_1_664' title='bbox 132 2349 257 2383; x_wconf 74' lang='grc' dir='ltr'>γένοιτο.</span> <span class='ocrx_word' id='word_1_665' title='bbox 279 2349 448 2383; x_wconf 83' lang='grc' dir='ltr'>Ἀναγκαίως</span> <span class='ocrx_word' id='word_1_666' title='bbox 465 2350 516 2385; x_wconf 84' lang='grc' dir='ltr'><strong>τὴν</strong></span> <span class='ocrx_word' id='word_1_667' title='bbox 529 2350 574 2385; x_wconf 79' lang='grc' dir='ltr'><strong>ὑφ’</strong></span> <span class='ocrx_word' id='word_1_668' title='bbox 593 2351 694 2386; x_wconf 80' lang='grc' dir='ltr'>ἑτέρων</span> <span class='ocrx_word' id='word_1_669' title='bbox 708 2352 916 2388; x_wconf 71' lang='grc' dir='ltr'>προφερομένην</span> 
     </span>
    </p>
   </div>
   <div class='ocr_carea' id='block_1_94' title="bbox 133 2393 916 2432">
    <p class='ocr_par' dir='ltr' id='par_1_94' title="bbox 133 2393 916 2432">
     <span class='ocr_line' id='line_1_94' title="bbox 133 2393 916 2432; baseline 0.005 -12"><span class='ocrx_word' id='word_1_670' title='bbox 133 2393 268 2421; x_wconf 81' lang='grc' dir='ltr'>ἀντίθεσιν</span> <span class='ocrx_word' id='word_1_671' title='bbox 280 2394 405 2428; x_wconf 76' lang='grc' dir='ltr'>τέθεικε,</span> <span class='ocrx_word' id='word_1_672' title='bbox 432 2396 479 2423; x_wconf 69' lang='grc' dir='ltr'><strong>καὶ</strong></span> <span class='ocrx_word' id='word_1_673' title='bbox 493 2398 525 2432; x_wconf 77' lang='grc' dir='ltr'><strong>τῇ</strong></span> <span class='ocrx_word' id='word_1_674' title='bbox 551 2397 736 2432; x_wconf 82' lang='grc' dir='ltr'>ἀπαγορεύσει</span> <span class='ocrx_word' id='word_1_675' title='bbox 764 2398 794 2424; x_wconf 81' lang='grc' dir='ltr'>τὸ</span> <span class='ocrx_word' id='word_1_676' title='bbox 816 2398 916 2424; x_wconf 83' lang='grc' dir='ltr'>ἄτοπον</span> 
     </span>
    </p>
   </div>
   <div class='ocr_carea' id='block_1_95' title="bbox 133 2439 916 2476">
    <p class='ocr_par' dir='ltr' id='par_1_95' title="bbox 133 2439 916 2476">
     <span class='ocr_line' id='line_1_95' title="bbox 133 2439 916 2476; baseline 0.005 -10"><span class='ocrx_word' id='word_1_677' title='bbox 133 2439 241 2473; x_wconf 78' lang='grc' dir='ltr'>ἔδειξεν.</span> <span class='ocrx_word' id='word_1_678' title='bbox 255 2439 294 2467; x_wconf 79' lang='grc' dir='ltr'><strong>οὐ</strong></span> <span class='ocrx_word' id='word_1_679' title='bbox 311 2441 365 2475; x_wconf 81' lang='grc' dir='ltr'><strong>γὰρ</strong></span> <span class='ocrx_word' id='word_1_680' title='bbox 380 2440 451 2475; x_wconf 71' lang='grc' dir='ltr'>ἐγὼ,</span> <span class='ocrx_word' id='word_1_681' title='bbox 468 2442 550 2476; x_wconf 79' lang='grc' dir='ltr'>φησὶ,</span> <span class='ocrx_word' id='word_1_682' title='bbox 566 2442 652 2469; x_wconf 78' lang='grc' dir='ltr'>ταῦτα</span> <span class='ocrx_word' id='word_1_683' title='bbox 671 2441 752 2476; x_wconf 84' lang='grc' dir='ltr'>λέγω,</span> <span class='ocrx_word' id='word_1_684' title='bbox 770 2443 837 2470; x_wconf 82' lang='grc' dir='ltr'>ἀλλὰ</span> <span class='ocrx_word' id='word_1_685' title='bbox 852 2444 916 2475; x_wconf 81' lang='grc' dir='ltr'>τοὺς</span> 
     </span>
    </p>
   </div>
   <div class='ocr_carea' id='block_1_96' title="bbox 133 2485 914 2524">
    <p class='ocr_par' dir='ltr' id='par_1_96' title="bbox 133 2485 914 2524">
     <span class='ocr_line' id='line_1_96' title="bbox 133 2485 914 2524; baseline 0.005 -13"><span class='ocrx_word' id='word_1_686' title='bbox 133 2485 184 2512; x_wconf 79' lang='grc' dir='ltr'><strong>τῶν</strong></span> <span class='ocrx_word' id='word_1_687' title='bbox 208 2485 296 2513; x_wconf 79' lang='grc' dir='ltr'>ἄλλων</span> <span class='ocrx_word' id='word_1_688' title='bbox 316 2487 427 2514; x_wconf 83' lang='grc' dir='ltr'>τέθεικα</span> <span class='ocrx_word' id='word_1_689' title='bbox 449 2488 604 2524; x_wconf 83' lang='grc' dir='ltr'>λογισμούς.</span> <span class='ocrx_word' id='word_1_690' title='bbox 632 2488 717 2515; x_wconf 84' lang='grc' dir='ltr'>Τοῦτο</span> <span class='ocrx_word' id='word_1_691' title='bbox 741 2488 795 2524; x_wconf 78' lang='grc' dir='ltr'><strong>γὰρ</strong></span> <span class='ocrx_word' id='word_1_692' title='bbox 820 2489 914 2523; x_wconf 76' lang='grc' dir='ltr'>λέγει’</span> 
     </span>
    </p>
   </div>
   <div class='ocr_carea' id='block_1_97' title="bbox 136 2531 426 2567">
    <p class='ocr_par' dir='ltr' id='par_1_97' title="bbox 136 2531 426 2567">
     <span class='ocr_line' id='line_1_97' title="bbox 136 2531 426 2567; baseline 0.01 -12"><span class='ocrx_word' id='word_1_693' title='bbox 136 2539 145 2555; x_wconf 73' lang='grc' dir='ltr'><strong>ι</strong></span> <span class='ocrx_word' id='word_1_694' title='bbox 159 2531 235 2557; x_wconf 84' lang='grc' dir='ltr'><strong>Κατά</strong></span> <span class='ocrx_word' id='word_1_695' title='bbox 251 2531 404 2567; x_wconf 78' lang='grc' dir='ltr'>ἄνθρωπον.</span> <span class='ocrx_word' id='word_1_696' title='bbox 417 2541 426 2558; x_wconf 67' lang='grc' dir='ltr'><strong>ο</strong></span> 
     </span>
    </p>
   </div>
   <div class='ocr_carea' id='block_1_98' title="bbox 171 2577 915 2616">
    <p class='ocr_par' dir='ltr' id='par_1_98' title="bbox 171 2577 915 2616">
     <span class='ocr_line' id='line_1_98' title="bbox 171 2577 915 2616; baseline 0.008 -13"><span class='ocrx_word' id='word_1_697' title='bbox 171 2577 251 2604; x_wconf 74' lang='grc' dir='ltr'>Ἐπεὶ</span> <span class='ocrx_word' id='word_1_698' title='bbox 271 2577 335 2610; x_wconf 83' lang='grc' dir='ltr'><strong>πῶς</strong></span> <span class='ocrx_word' id='word_1_699' title='bbox 356 2578 452 2612; x_wconf 80' lang='grc' dir='ltr'>κρινεῖ</span> <span class='ocrx_word' id='word_1_700' title='bbox 469 2580 486 2606; x_wconf 79' lang='grc' dir='ltr'><em>ὁ</em></span> <span class='ocrx_word' id='word_1_701' title='bbox 499 2579 574 2612; x_wconf 84' lang='grc' dir='ltr'><strong>Θεὸς</strong></span> <span class='ocrx_word' id='word_1_702' title='bbox 595 2580 649 2607; x_wconf 80' lang='grc' dir='ltr'><strong>τὸν</strong></span> <span class='ocrx_word' id='word_1_703' title='bbox 666 2581 797 2615; x_wconf 81' lang='grc' dir='ltr'><strong>κόσμον;</strong></span> <span class='ocrx_word' id='word_1_704' title='bbox 813 2581 867 2616; x_wconf 73' lang='grc' dir='ltr'><strong>(ζ’.)</strong></span> <span class='ocrx_word' id='word_1_705' title='bbox 881 2582 915 2609; x_wconf 77' lang='lat' dir='ltr'><strong>El</strong></span> 
     </span>
    </p>
   </div>
   <div class='ocr_carea' id='block_1_99' title="bbox 132 2621 915 2661">
    <p class='ocr_par' dir='ltr' id='par_1_99' title="bbox 132 2621 915 2661">
     <span class='ocr_line' id='line_1_99' title="bbox 132 2621 915 2661; baseline 0.005 -14"><span class='ocrx_word' id='word_1_706' title='bbox 132 2621 186 2654; x_wconf 70' lang='grc' dir='ltr'>γὰρ</span> <span class='ocrx_word' id='word_1_707' title='bbox 207 2622 227 2655; x_wconf 77' lang='grc' dir='ltr'><strong><em>ἠ</em></strong></span> <span class='ocrx_word' id='word_1_708' title='bbox 251 2622 380 2656; x_wconf 74' lang='grc' dir='ltr'>ἀλήθεια</span> <span class='ocrx_word' id='word_1_709' title='bbox 405 2624 456 2651; x_wconf 75' lang='grc' dir='ltr'>τοῦ</span> <span class='ocrx_word' id='word_1_710' title='bbox 476 2624 550 2651; x_wconf 79' lang='grc' dir='ltr'>Θεοῦ</span> <span class='ocrx_word' id='word_1_711' title='bbox 575 2625 610 2651; x_wconf 79' lang='grc' dir='ltr'><strong>ἐν</strong></span> <span class='ocrx_word' id='word_1_712' title='bbox 629 2624 669 2657; x_wconf 83' lang='grc' dir='ltr'>τῷ</span> <span class='ocrx_word' id='word_1_713' title='bbox 691 2625 751 2660; x_wconf 82' lang='grc' dir='ltr'><strong>ἐμῷ</strong></span> <span class='ocrx_word' id='word_1_714' title='bbox 765 2627 915 2661; x_wconf 72' lang='grc' dir='ltr'>ψεύσματι</span> 
     </span>
    </p>
   </div>
   <div class='ocr_carea' id='block_1_100' title="bbox 133 2665 913 2706">
    <p class='ocr_par' dir='ltr' id='par_1_100' title="bbox 133 2665 913 2706">
     <span class='ocr_line' id='line_1_100' title="bbox 133 2665 913 2706; baseline 0.009 -14"><span class='ocrx_word' id='word_1_715' title='bbox 133 2665 352 2701; x_wconf 74' lang='grc' dir='ltr'>ἐπερίσσευσεν</span> <span class='ocrx_word' id='word_1_716' title='bbox 363 2669 407 2701; x_wconf 72' lang='grc' dir='ltr'>εις</span> <span class='ocrx_word' id='word_1_717' title='bbox 422 2668 478 2702; x_wconf 77' lang='grc' dir='ltr'><strong>τὴν</strong></span> <span class='ocrx_word' id='word_1_718' title='bbox 495 2668 590 2702; x_wconf 78' lang='grc' dir='ltr'><em>δόξαν</em></span> <span class='ocrx_word' id='word_1_719' title='bbox 603 2671 706 2702; x_wconf 80' lang='grc' dir='ltr'>αὐτοῦ,</span> <span class='ocrx_word' id='word_1_720' title='bbox 720 2672 749 2698; x_wconf 81' lang='grc' dir='ltr'><strong>τί</strong></span> <span class='ocrx_word' id='word_1_721' title='bbox 769 2672 812 2699; x_wconf 71' lang='grc' dir='ltr'>ἔτι</span> <span class='ocrx_word' id='word_1_722' title='bbox 832 2671 913 2706; x_wconf 79' lang='grc' dir='ltr'><strong>κάγὼ</strong></span> 
     </span>
    </p>
   </div>
   <div class='ocr_carea' id='block_1_101' title="bbox 968 2298 1749 2336">
    <p class='ocr_par' dir='ltr' id='par_1_101' title="bbox 968 2298 1749 2336">
     <span class='ocr_line' id='line_1_101' title="bbox 968 2298 1749 2336; baseline -0.009 -6"><span class='ocrx_word' id='word_1_723' title='bbox 968 2308 1007 2331; x_wconf 78' lang='lat' dir='ltr'><strong>est</strong></span> <span class='ocrx_word' id='word_1_724' title='bbox 1027 2302 1097 2330; x_wconf 82' lang='lat' dir='ltr'><strong>Deus</strong></span> <span class='ocrx_word' id='word_1_725' title='bbox 1115 2302 1159 2336; x_wconf 87' lang='lat' dir='ltr'><strong>qui</strong></span> <span class='ocrx_word' id='word_1_726' title='bbox 1176 2301 1257 2335; x_wconf 80' lang='lat' dir='ltr'><strong>infert</strong></span> <span class='ocrx_word' id='word_1_727' title='bbox 1275 2301 1361 2327; x_wconf 81' lang='lat' dir='ltr'><strong>iram?</strong></span> <span class='ocrx_word' id='word_1_728' title='bbox 1374 2298 1515 2326; x_wconf 78' lang='lat' dir='ltr'><strong>secundum</strong></span> <span class='ocrx_word' id='word_1_729' title='bbox 1532 2298 1663 2325; x_wconf 76' lang='lat' dir='ltr'><strong>hominem</strong></span> <span class='ocrx_word' id='word_1_730' title='bbox 1680 2298 1749 2324; x_wconf 85' lang='lat' dir='ltr'><strong>dico.</strong></span> 
     </span>
    </p>
   </div>
   <div class='ocr_carea' id='block_1_102' title="bbox 969 2344 1750 2382">
    <p class='ocr_par' dir='ltr' id='par_1_102' title="bbox 969 2344 1750 2382">
     <span class='ocr_line' id='line_1_102' title="bbox 969 2344 1750 2382; baseline -0.009 -5"><span class='ocrx_word' id='word_1_731' title='bbox 969 2349 1054 2378; x_wconf 78' lang='lat' dir='ltr'><strong>Absit.</strong></span> <span class='ocrx_word' id='word_1_732' title='bbox 1076 2348 1235 2376; x_wconf 84' lang='lat' dir='ltr'><strong>Necessario</strong></span> <span class='ocrx_word' id='word_1_733' title='bbox 1265 2346 1357 2382; x_wconf 90' lang='lat' dir='ltr'><strong>posuit</strong></span> <span class='ocrx_word' id='word_1_734' title='bbox 1384 2345 1602 2381; x_wconf 86' lang='lat' dir='ltr'><strong>oppositionem,</strong></span> <span class='ocrx_word' id='word_1_735' title='bbox 1629 2351 1689 2379; x_wconf 65' lang='lat' dir='ltr'><strong>quae</strong></span> <span class='ocrx_word' id='word_1_736' title='bbox 1716 2344 1750 2371; x_wconf 87' lang='lat' dir='ltr'><strong>ab</strong></span> 
     </span>
    </p>
   </div>
   <div class='ocr_carea' id='block_1_103' title="bbox 969 2389 1749 2427">
    <p class='ocr_par' dir='ltr' id='par_1_103' title="bbox 969 2389 1749 2427">
     <span class='ocr_line' id='line_1_103' title="bbox 969 2389 1749 2427; baseline -0.009 -5"><span class='ocrx_word' id='word_1_737' title='bbox 969 2396 1030 2423; x_wconf 86' lang='lat' dir='ltr'><strong>aliis</strong></span> <span class='ocrx_word' id='word_1_738' title='bbox 1055 2394 1189 2426; x_wconf 74' lang='lat' dir='ltr'><strong>all&#39;ertur,</strong></span> <span class='ocrx_word' id='word_1_739' title='bbox 1216 2397 1243 2420; x_wconf 87' lang='lat' dir='ltr'><strong>et</strong></span> <span class='ocrx_word' id='word_1_740' title='bbox 1277 2392 1423 2427; x_wconf 80' lang='lat' dir='ltr'><strong>negatione</strong></span> <span class='ocrx_word' id='word_1_741' title='bbox 1455 2398 1537 2426; x_wconf 84' lang='lat' dir='ltr'><strong>quam</strong></span> <span class='ocrx_word' id='word_1_742' title='bbox 1563 2390 1599 2417; x_wconf 88' lang='lat' dir='ltr'><strong>sit</strong></span> <span class='ocrx_word' id='word_1_743' title='bbox 1630 2389 1749 2416; x_wconf 86' lang='lat' dir='ltr'><strong>absurda</strong></span> 
     </span>
    </p>
   </div>
   <div class='ocr_carea' id='block_1_104' title="bbox 970 2434 1749 2472">
    <p class='ocr_par' dir='ltr' id='par_1_104' title="bbox 970 2434 1749 2472">
     <span class='ocr_line' id='line_1_104' title="bbox 970 2434 1749 2472; baseline -0.012 -4"><span class='ocrx_word' id='word_1_744' title='bbox 970 2440 1101 2469; x_wconf 80' lang='lat' dir='ltr'><strong>ostendit.</strong></span> <span class='ocrx_word' id='word_1_745' title='bbox 1115 2438 1175 2466; x_wconf 84' lang='lat' dir='ltr'><strong>Non</strong></span> <span class='ocrx_word' id='word_1_746' title='bbox 1191 2438 1276 2470; x_wconf 87' lang='lat' dir='ltr'><strong>enim,</strong></span> <span class='ocrx_word' id='word_1_747' title='bbox 1294 2437 1392 2472; x_wconf 84' lang='lat' dir='ltr'><strong>inquit,</strong></span> <span class='ocrx_word' id='word_1_748' title='bbox 1405 2437 1462 2463; x_wconf 67' lang='lat' dir='ltr'><strong>haec</strong></span> <span class='ocrx_word' id='word_1_749' title='bbox 1477 2435 1550 2467; x_wconf 89' lang='lat' dir='ltr'><strong>dico,</strong></span> <span class='ocrx_word' id='word_1_750' title='bbox 1566 2435 1613 2462; x_wconf 87' lang='lat' dir='ltr'><strong>sed</strong></span> <span class='ocrx_word' id='word_1_751' title='bbox 1633 2434 1749 2461; x_wconf 85' lang='lat' dir='ltr'><strong>aliorum</strong></span> 
     </span>
    </p>
   </div>
   <div class='ocr_carea' id='block_1_105' title="bbox 971 2479 1750 2515">
    <p class='ocr_par' dir='ltr' id='par_1_105' title="bbox 971 2479 1750 2515">
     <span class='ocr_line' id='line_1_105' title="bbox 971 2479 1750 2515; baseline -0.009 -2"><span class='ocrx_word' id='word_1_752' title='bbox 971 2485 1196 2514; x_wconf 85' lang='lat' dir='ltr'><strong>ratiocinationes</strong></span> <span class='ocrx_word' id='word_1_753' title='bbox 1215 2482 1326 2510; x_wconf 81' lang='lat' dir='ltr'><strong>adduxi.</strong></span> <span class='ocrx_word' id='word_1_754' title='bbox 1345 2481 1374 2508; x_wconf 69' lang='grc' dir='ltr'><strong>ιιι</strong></span> <span class='ocrx_word' id='word_1_755' title='bbox 1384 2481 1455 2509; x_wconf 87' lang='lat' dir='ltr'><strong>enim</strong></span> <span class='ocrx_word' id='word_1_756' title='bbox 1474 2484 1516 2508; x_wconf 82' lang='lat' dir='ltr'><strong>cst</strong></span> <span class='ocrx_word' id='word_1_757' title='bbox 1530 2479 1601 2515; x_wconf 92' lang='lat' dir='ltr'><strong>quod</strong></span> <span class='ocrx_word' id='word_1_758' title='bbox 1616 2479 1665 2511; x_wconf 82' lang='lat' dir='ltr'><strong>ait,</strong></span> <span class='ocrx_word' id='word_1_759' title='bbox 1678 2489 1686 2504; x_wconf 77' lang='grc' dir='ltr'><strong>ι</strong></span> <span class='ocrx_word' id='word_1_760' title='bbox 1700 2479 1750 2506; x_wconf 86' lang='lat' dir='ltr'><strong>Se-</strong></span> 
     </span>
    </p>
   </div>
   <div class='ocr_carea' id='block_1_106' title="bbox 976 2528 1281 2558">
    <p class='ocr_par' dir='ltr' id='par_1_106' title="bbox 976 2528 1281 2558">
     <span class='ocr_line' id='line_1_106' title="bbox 976 2528 1281 2558; baseline -0.016 0"><span class='ocrx_word' id='word_1_761' title='bbox 976 2531 1094 2558; x_wconf 88' lang='lat' dir='ltr'><strong>cundum</strong></span> <span class='ocrx_word' id='word_1_762' title='bbox 1110 2528 1257 2556; x_wconf 82' lang='lat' dir='ltr'><strong>hominem.</strong></span> <span class='ocrx_word' id='word_1_763' title='bbox 1272 2537 1281 2553; x_wconf 73' lang='grc' dir='ltr'><strong>ι</strong></span> 
     </span>
    </p>
   </div>
   <div class='ocr_carea' id='block_1_107' title="bbox 1004 2570 1748 2612">
    <p class='ocr_par' dir='ltr' id='par_1_107' title="bbox 1004 2570 1748 2612">
     <span class='ocr_line' id='line_1_107' title="bbox 1004 2570 1748 2612; baseline -0.005 -9"><span class='ocrx_word' id='word_1_764' title='bbox 1004 2576 1110 2612; x_wconf 82' lang='lat' dir='ltr'><strong>Alioqui</strong></span> <span class='ocrx_word' id='word_1_765' title='bbox 1126 2574 1254 2608; x_wconf 84' lang='lat' dir='ltr'><strong>quomodo</strong></span> <span class='ocrx_word' id='word_1_766' title='bbox 1263 2573 1396 2608; x_wconf 67' lang='lat' dir='ltr'><strong>iudicabit</strong></span> <span class='ocrx_word' id='word_1_767' title='bbox 1408 2571 1477 2599; x_wconf 76' lang='lat' dir='ltr'><strong>Deus</strong></span> <span class='ocrx_word' id='word_1_768' title='bbox 1498 2571 1644 2598; x_wconf 74' lang='lat' dir='ltr'><strong>mundum?</strong></span> <span class='ocrx_word' id='word_1_769' title='bbox 1654 2570 1748 2605; x_wconf 78' lang='lat' dir='ltr'><strong>(Vens.</strong></span> 
     </span>
    </p>
   </div>
   <div class='ocr_carea' id='block_1_108' title="bbox 971 2616 1749 2655">
    <p class='ocr_par' dir='ltr' id='par_1_108' title="bbox 971 2616 1749 2655">
     <span class='ocr_line' id='line_1_108' title="bbox 971 2616 1749 2655; baseline -0.012 -4"><span class='ocrx_word' id='word_1_770' title='bbox 971 2625 1007 2655; x_wconf 88' lang='lat'><strong>7.)</strong></span> <span class='ocrx_word' id='word_1_771' title='bbox 1023 2621 1052 2650; x_wconf 88' lang='lat' dir='ltr'><strong>Si</strong></span> <span class='ocrx_word' id='word_1_772' title='bbox 1069 2622 1138 2649; x_wconf 86' lang='lat' dir='ltr'><strong>enim</strong></span> <span class='ocrx_word' id='word_1_773' title='bbox 1155 2621 1249 2648; x_wconf 79' lang='lat' dir='ltr'><strong>veritas</strong></span> <span class='ocrx_word' id='word_1_774' title='bbox 1275 2619 1322 2646; x_wconf 81' lang='lat' dir='ltr'><strong>Dei</strong></span> <span class='ocrx_word' id='word_1_775' title='bbox 1342 2617 1485 2646; x_wconf 79' lang='lat' dir='ltr'><strong>abundarit</strong></span> <span class='ocrx_word' id='word_1_776' title='bbox 1500 2617 1526 2644; x_wconf 87' lang='lat' dir='ltr'><strong>in</strong></span> <span class='ocrx_word' id='word_1_777' title='bbox 1541 2625 1595 2644; x_wconf 88' lang='lat' dir='ltr'><strong>meo</strong></span> <span class='ocrx_word' id='word_1_778' title='bbox 1615 2616 1749 2643; x_wconf 86' lang='lat' dir='ltr'><strong>mendacio</strong></span> 
     </span>
    </p>
   </div>
   <div class='ocr_carea' id='block_1_109' title="bbox 968 2664 1750 2705">
    <p class='ocr_par' dir='ltr' id='par_1_109' title="bbox 968 2664 1750 2705">
     <span class='ocr_line' id='line_1_109' title="bbox 968 2664 1750 2705; baseline -0.009 -10"><span class='ocrx_word' id='word_1_779' title='bbox 968 2671 994 2696; x_wconf 76' lang='lat' dir='ltr'><strong>iu</strong></span> <span class='ocrx_word' id='word_1_780' title='bbox 1004 2668 1119 2705; x_wconf 81' lang='lat' dir='ltr'><strong>gloriam</strong></span> <span class='ocrx_word' id='word_1_781' title='bbox 1136 2666 1219 2701; x_wconf 72' lang='lat' dir='ltr'><strong>ipsius</strong></span> <span class='ocrx_word' id='word_1_782' title='bbox 1230 2686 1237 2698; x_wconf 84' lang='grc'><strong>,</strong></span> <span class='ocrx_word' id='word_1_783' title='bbox 1251 2664 1314 2700; x_wconf 82' lang='lat' dir='ltr'><strong>quid</strong></span> <span class='ocrx_word' id='word_1_784' title='bbox 1327 2664 1412 2691; x_wconf 84' lang='lat' dir='ltr'><strong>adhuc</strong></span> <span class='ocrx_word' id='word_1_785' title='bbox 1427 2672 1473 2699; x_wconf 74' lang='lat' dir='ltr'><strong>rgo</strong></span> <span class='ocrx_word' id='word_1_786' title='bbox 1488 2667 1612 2699; x_wconf 85' lang='lat' dir='ltr'><strong>tanquam</strong></span> <span class='ocrx_word' id='word_1_787' title='bbox 1630 2668 1750 2697; x_wconf 72' lang='lat' dir='ltr'><strong>peccator</strong></span> 
     </span>
    </p>
   </div>
   <div class='ocr_carea' id='block_1_110' title="bbox 165 2757 919 2794">
    <p class='ocr_par' dir='ltr' id='par_1_110' title="bbox 165 2757 919 2794">
     <span class='ocr_line' id='line_1_110' title="bbox 165 2757 919 2794; baseline 0.007 -11"><span class='ocrx_word' id='word_1_788' title='bbox 165 2761 179 2775; x_wconf 70' lang='grc' dir='ltr'><strong><em>ι</em></strong></span> <span class='ocrx_word' id='word_1_789' title='bbox 197 2757 339 2784; x_wconf 83' lang='lat' dir='ltr'><strong>l‘l‘imoth.</strong></span> <span class='ocrx_word' id='word_1_790' title='bbox 358 2765 376 2784; x_wconf 81' lang='grc' dir='ltr'><strong>ιι</strong></span> <span class='ocrx_word' id='word_1_791' title='bbox 388 2778 394 2790; x_wconf 87' lang='grc'><strong>,</strong></span> <span class='ocrx_word' id='word_1_792' title='bbox 411 2757 453 2784; x_wconf 80' lang='grc'><strong>15.</strong></span> <span class='ocrx_word' id='word_1_793' title='bbox 490 2763 504 2782; x_wconf 71' lang='grc'><em>1</em></span> <span class='ocrx_word' id='word_1_794' title='bbox 524 2759 596 2787; x_wconf 85' lang='lat' dir='ltr'><strong>Psal.</strong></span> <span class='ocrx_word' id='word_1_795' title='bbox 612 2767 642 2794; x_wconf 86' lang='lat' dir='ltr'><strong>L,</strong></span> <span class='ocrx_word' id='word_1_796' title='bbox 658 2761 683 2788; x_wconf 88' lang='lat'><strong>6.</strong></span> <span class='ocrx_word' id='word_1_797' title='bbox 725 2766 742 2783; x_wconf 81' lang='grc' dir='ltr'><strong>ι.</strong></span> <span class='ocrx_word' id='word_1_798' title='bbox 756 2760 836 2788; x_wconf 85' lang='lat' dir='ltr'><strong>Mich.</strong></span> <span class='ocrx_word' id='word_1_799' title='bbox 853 2761 919 2793; x_wconf 70' lang='lat' dir='ltr'><strong>vI,2</strong></span> 
     </span>
    </p>
   </div>
   <div class='ocr_carea' id='block_1_111' title="bbox 971 2757 1209 2794">
    <p class='ocr_par' dir='ltr' id='par_1_111' title="bbox 976 2757 1209 2789">
     <span class='ocr_line' id='line_1_111' title="bbox 976 2757 1209 2789; baseline -0.017 -2"><span class='ocrx_word' id='word_1_800' title='bbox 976 2767 989 2780; x_wconf 73' lang='grc' dir='ltr'><strong><em>ι</em></strong></span> <span class='ocrx_word' id='word_1_801' title='bbox 1010 2760 1110 2787; x_wconf 69' lang='lat' dir='ltr'><strong>levem.</strong></span> <span class='ocrx_word' id='word_1_802' title='bbox 1129 2766 1147 2785; x_wconf 79' lang='grc' dir='ltr'><strong>ιι</strong></span> <span class='ocrx_word' id='word_1_803' title='bbox 1161 2779 1168 2789; x_wconf 89' lang='grc'><strong>,</strong></span> <span class='ocrx_word' id='word_1_804' title='bbox 1183 2757 1209 2784; x_wconf 81' lang='lat'><strong>5.</strong></span> 
     </span>
    </p>
   </div>
   <div class='ocr_carea' id='block_1_112' title="bbox 779 2837 1112 2866">
    <p class='ocr_par' dir='ltr' id='par_1_112' title="bbox 779 2837 1112 2866">
     <span class='ocr_line' id='line_1_112' title="bbox 779 2837 1112 2866; baseline -0.003 -1"><span class='ocrx_word' id='word_1_805' title='bbox 779 2838 892 2866; x_wconf 70' lang='lat' dir='ltr'><strong>\‘ARlJ&#39;l</strong></span> <span class='ocrx_word' id='word_1_806' title='bbox 914 2837 1112 2866; x_wconf 68' lang='lat' dir='ltr'><strong>LEGTIONES.</strong></span> 
     </span>
    </p>
   </div>
   <div class='ocr_carea' id='block_1_113' title="bbox 165 2890 428 2919">
    <p class='ocr_par' dir='ltr' id='par_1_113' title="bbox 165 2890 428 2919">
     <span class='ocr_line' id='line_1_113' title="bbox 165 2890 428 2919; baseline -0.004 0"><span class='ocrx_word' id='word_1_807' title='bbox 165 2892 196 2907; x_wconf 87' lang='lat'>&quot;&#39;</span> <span class='ocrx_word' id='word_1_808' title='bbox 212 2900 241 2919; x_wconf 77' lang='lat' dir='ltr'><strong>cs</strong></span> <span class='ocrx_word' id='word_1_809' title='bbox 259 2892 338 2918; x_wconf 73' lang='lat' dir='ltr'><strong>deest</strong></span> <span class='ocrx_word' id='word_1_810' title='bbox 354 2891 381 2918; x_wconf 86' lang='lat' dir='ltr'><strong>in</strong></span> <span class='ocrx_word' id='word_1_811' title='bbox 399 2890 428 2918; x_wconf 83' lang='grc' dir='ltr'><strong>Β.</strong></span> 
     </span>
    </p>
   </div>
  </div>
