2013 3114
255 185 290 220 79
748 186 992 218 THEODORETI
1007 187 1176 218 EPIQCOPI
1189 188 1369 220 CYRENSIS
1847 191 1880 224 80

251 239 450 278 judicorfEst,
472 239 573 275 inquit,
597 240 825 268 absurdissimum
853 242 910 269 hmc
937 241 1038 268 dicere.

1091 243 1131 276 ὼς
1148 243 1320 278 ἀμαρτωλ.“ς
1332 245 1487 280 κρίνομαι;
1505 244 1564 271 Τῶν
1582 245 1773 279 ἀτοπωτάτων,
1788 247 1892 282 φησὶνγ

254 286 332 315 Justa
349 291 391 315 est
413 287 485 314 enim
504 287 550 315 Dei
572 287 710 315 sententia
727 296 733 314 :
751 295 802 314 nec
828 295 887 314 mea
908 287 1041 323 iniquitas

255 333 310 362 Deo
336 333 488 362 clementia:
518 334 630 361 nomine
654 334 769 368 gloriam
802 334 941 360 conciliat.
966 335 1042 361 Esset

253 380 327 407 enim
352 387 459 407 sununa
492 379 605 414 injuria,
628 379 650 407 si
669 379 715 412 qui
741 379 778 405 illi
803 378 918 414 gloriam
949 378 1042 404 conci-

253 425 390 453 liaverunt
414 424 447 452 ab
470 432 503 452 eo
526 425 701 459 punirentur,
728 427 755 452 et
775 428 879 452 aeterno
906 424 1042 459 supplicio

253 472 435 500 adicerentur.
457 472 512 507 39
536 472 594 499 Hoc
618 473 691 499 enim
718 480 770 499 nec
796 472 1040 506 injustissimorum

253 517 394 544 hominum
426 517 571 552 quisquam
594 516 703 549 fecerit,
717 517 816 544 nedum
832 519 840 527 '
861 517 929 552 ipse,
943 525 957 544 a
987 525 1041 553 quo

250 563 365 599 justitire
378 563 466 590 fontes
480 563 645 590 scaturiunt.

289 653 363 681 Vens
376 654 402 681 8.
423 653 457 680 Et
473 661 523 680 non
537 653 603 680 sicut
619 652 843 687 blasphemamur,
861 657 885 680 et
910 653 977 680 sicut
999 653 1042 680 di-

253 705 314 727 cunt
331 700 414 735 aliqui
435 708 482 726 nos
503 699 590 726 dicere
608 706 617 725 .'
634 698 779 726 Faciamus
800 698 871 726 mala
888 704 916 725 ut
936 699 1040 726 veniam

252 747 331 778 bona,
354 754 467 781 quorum
482 745 615 780 judicium
635 745 741 779 justum
763 749 813 772 est.
839 745 924 778 Nihil,
941 745 1038 780 inquit,

251 793 349 819 horutu
363 799 413 818 nos
429 791 547 818 dicimus
562 800 568 818 :
587 791 635 818 sed
652 791 698 818 alii
710 798 760 818 nos
772 791 862 818 dicere
870 791 1041 818 calumnian-

251 842 308 870 tur,
330 837 498 872 quiquidcm
516 837 662 864 calumniae
678 843 774 871 poenas
786 836 873 864 luent.
895 836 972 863 Scire
988 845 1038 863 au-

251 887 307 911 tem
331 886 455 917 oportet,
471 882 543 917 quod
564 890 627 909 eum
652 883 740 910 sancti
765 882 881 918 apostoli
905 882 1038 914 dicerent,

1093 290 1163 320 ἐστὶ,
1179 290 1209 316 τὸ
1222 290 1310 317 ταῦτα
1325 291 1425 325 λέγειν.
1440 292 1537 318 Δικαία
1547 291 1601 326 γὰρ
1616 293 1631 327 ἡ
1643 293 1688 318 τοῦ
1700 292 1768 319 Θεοῦ
1780 293 1879 327 ψῆφος

1093 336 1139 361 καὶ
1153 335 1184 361 οὐ
1203 335 1233 362 τὸ
1257 336 1323 371 ἐμὸν
1343 337 1469 372 ἄγνωμον
1495 339 1621 373 προξενεῖ
1638 338 1677 373 τῷ
1694 339 1753 374 Θεῷ
1766 339 1815 374 τὴν
1836 339 1882 366 ἐπὶ

1093 379 1283 417 φιλανθρωπίᾳ
1305 382 1391 415 δόξαν.
1410 383 1514 410 ’Δδικία
1529 383 1583 419 γὰρ
1609 384 1721 419 ἐσχάτη,
1738 385 1800 416 τοὺς
1815 393 1882 420 προ-

1092 426 1184 459 ξένους
1201 427 1282 454 αὺτοῦ
1297 428 1460 464 γενομένους
1480 430 1530 464 τῆς
1551 429 1642 464 δόξης,
1660 431 1737 462 δίκας
1752 431 1882 466 εἰσπράτ-

1091 473 1184 500 τεσθαι
1209 476 1272 510 παρ’
1287 474 1381 507 αὑτοῦ,
1405 476 1453 502 καὶ
1473 476 1582 503 κόλασιν
1597 477 1743 512 ὑπομεῖναι
1760 479 1880 507 αἰώνιον.

1092 519 1177 546 Τοῦτο
1203 520 1257 555 γὰρ
1274 521 1335 547 οὐδὲ
1354 521 1408 548 τῶν
1434 521 1502 555 ἄγαν
1530 522 1705 549 ἀδικωτάτων
1729 523 1882 558 ἀνθρώπων

1090 565 1184 600 δράσοι
1200 575 1241 597 τις
1255 566 1297 599 ἂν,
1311 567 1380 601 ἦπου
1396 576 1427 602 γε
1445 567 1524 600 αὐτὸς
1543 569 1557 594 ὁ
1576 568 1625 600 τὰς
1644 569 1693 604 τῆς
1708 569 1883 605 δικαιοσύνης

1091 610 1251 643 ἀναὸλύζων
1266 613 1367 647 πηγάς.

1125 661 1160 693 η’.
1181 658 1235 684 Kal
1253 659 1295 692 μὴ
1313 660 1409 692 καθὼς
1422 660 1695 695 βλασφημούμεθα,
1719 662 1767 688 καὶ
1785 661 1882 694 καθὼς

1090 704 1166 738 ερασὶ
1177 712 1256 737 τινες
1269 705 1347 739 ἡμᾶς
1363 705 1474 740 λέγειν,
1493 707 1509 731 ἴ
1511 715 1537 733 τι
1553 708 1730 741 Ποιήσωμεν
1743 707 1778 734 τὰ
1793 708 1881 739 κακὰ.

1091 749 1141 775 ἵνα
1155 749 1229 783 ἔλθῃ
1251 750 1287 776 τὰ
1304 750 1408 784 ἀγαθὰ,
1431 749 1475 778 ὧν
1494 751 1527 778 τὸ
1543 752 1630 787 κρῖμα
1647 753 1768 780 ἔνδικόν
1785 753 1881 780 ἐστιν.

1091 794 1183 826 Οὐδὲν,
1202 795 1278 830 φησὶ,
1302 796 1403 823 τούτων
1420 798 1500 832 ἡμεῖς
1521 807 1622 834 φαμεν,
1645 800 1712 834 παρ’
1736 799 1838 835 ἑτέρων
1854 800 1882 827 δὲ

1089 841 1178 875 λέγειν
1198 843 1448 877 συκοφαντούμεθα,
1471 844 1495 870 οἳ
1511 844 1560 878 τῆς
1577 845 1761 879 συκοφαντίας
1777 846 1882 872 τίσουσι

1089 886 1178 919 δίκας.
1196 887 1303 914 Εἱδέναι
1320 888 1410 922 μέντοι
1426 889 1489 925 χρὴ,
1507 889 1545 921 ὼς
1560 890 1614 916 τῶν
1630 890 1710 926 ἱερῶν
1725 890 1883 917 ἀποστόλων

252 930 304 958 Ubi
318 929 466 957 abundavit
484 932 638 963 peccatum.
653 928 711 956 illic
726 928 877 955 abundavit
897 933 924 956 et
939 928 1036 963 gratia,

1091 933 1224 967 λεγόντων
1236 942 1243 949 ·
1265 943 1274 960 ι
1286 919 1373 961 Ὅπου
1388 919 1549 962 ἐπλεόνασεν
1563 937 1579 971 ἠ
1596 919 1727 972 ἁμαρτία,
1745 937 1882 973 ὑπερεπε-

251 976 363 1011 quidam
385 982 423 1005 ex,
438 974 472 1001 iis
485 974 530 1009 qui
545 974 672 1008 pietatem
692 973 833 1005 colebant,
848 973 917 1000 falsa
942 974 969 1001 in
991 981 1039 1001 eos

252 1020 439 1054 conferentes,
457 1021 522 1047 illos
535 1019 628 1047 dicere
645 1020 756 1047 aiebant
771 1029 778 1047 ε
796 1019 941 1046 Faciamus
955 1019 1038 1051 mala,

251 1073 278 1094 ut
295 1067 399 1094 veniant
410 1066 487 1093 bona.
504 1065 556 1093 Sed
573 1073 627 1092 non
644 1065 690 1092 hic
705 1070 765 1093 erat
778 1066 911 1093 doctrinm
929 1069 1040 1100 aposto-

251 1115 311 1141 licae
333 1121 446 1148 scopus.
463 1112 564 1140 Contra
576 1111 648 1139 enim
665 1111 840 1144 sanciebant,
860 1115 889 1138 ut
904 1111 940 1139 ab
963 1111 1038 1138 omni

251 1160 396 1195 iniquitate
416 1166 514 1186 omnes
532 1158 715 1186 abstinerent.
738 1157 792 1185 Eos
810 1162 913 1189 autem,
935 1157 982 1192 qui
1004 1156 1038 1184 ad

203 1205 205 1207 ’
249 1210 376 1233 sanctam
399 1204 622 1240 praedicationem
646 1203 828 1234 accedebant,
850 1202 922 1229 bono
946 1202 1039 1229 animo

249 1258 312 1278 esse
334 1250 477 1285 iubebant,
497 1253 627 1283 tanquam
651 1248 775 1284 priorum
796 1252 973 1282 peccatorum
993 1256 1037 1275 re-

248 1296 381 1323 missione
394 1302 409 1321 a
435 1293 489 1321 Deo
502 1293 576 1320 data.
591 1292 647 1320 Nos
666 1298 758 1319 autem
779 1293 1036 1327 interpretationem

249 1342 295 1369 hic
317 1341 458 1373 sistentes,
477 1344 504 1367 et
525 1343 646 1366 mentem
666 1339 811 1373 intcrjecta
831 1339 923 1374 quiete
947 1346 1038 1366 recre-

249 1392 336 1420 autes,
354 1394 416 1414 cum
432 1386 477 1421 qui
497 1386 572 1413 dedit
587 1393 619 1413 os
638 1385 754 1417 homini,
771 1385 875 1420 quique
893 1389 998 1411 mutum
1011 1389 1038 1412 et

247 1432 363 1460 surdum
379 1430 454 1463 fecit,
471 1430 625 1461 laudemus,
645 1433 672 1457 et
688 1433 717 1456 ut
729 1430 885 1464 apostolica:
903 1429 1038 1456 doctrinae

248 1480 460 1516 intelligentiam
477 1486 528 1506 nos
543 1478 640 1505 doceal
653 1485 776 1506 oremus.
790 1477 869 1504 Dabit
888 1477 960 1505 enim
977 1485 1037 1505 om-

247 1527 315 1554 nino
332 1526 379 1561 qui
396 1525 465 1552 dixit
481 1534 487 1551 :
501 1534 510 1550 ι
526 1524 622 1556 Petite,
639 1527 666 1551 et
681 1524 792 1551 dabitur
803 1523 898 1556 vobis;
910 1523 1035 1558 quaerite,

247 1577 275 1602 et
300 1572 461 1605 invenietis;
479 1571 597 1606 pulsate,
613 1574 640 1597 et
656 1571 796 1605 aperietur
809 1571 887 1598 vobis
900 1570 925 1597 ι’.
944 1579 954 1596 ι
967 1569 1034 1597 Cum

247 1626 303 1653 quo
315 1618 387 1646 Patri
398 1626 460 1646 cum
477 1617 654 1646 sanctissimo
668 1616 772 1651 Spiritu
790 1616 876 1652 gloria
893 1615 1035 1646 convenit.

247 1669 274 1691 et
290 1663 504 1699 magniﬁcentia,
520 1670 594 1690 nunc
605 1662 637 1698 ζει
648 1669 770 1697 semper,
784 1666 811 1689 ct
825 1661 851 1688 in
867 1661 969 1688 saecula
989 1667 1036 1687 sa:-

248 1707 384 1735 culorum.
403 1707 501 1734 Amen.

435 1829 490 1865 40
511 1828 630 1856 TOMUS
652 1827 846 1856 SECUNDUS.

283 1887 344 1915 Jam
364 1887 496 1919 diximus,
519 1887 642 1914 divinum
665 1886 826 1921 Apostolum
854 1885 924 1912 velle
947 1888 1037 1912 Osten-

249 1933 324 1966 dere,
337 1932 421 1960 Deum
434 1937 459 1961 et
470 1931 642 1960 Servatorem
658 1935 783 1959 nostrum
792 1930 885 1958 Iesum
897 1931 1036 1958 Christum

249 1975 407 2007 necessario
436 1979 574 2006 hominem
595 1977 699 2005 factum
721 1985 794 2005 esse.
827 1977 884 2004 llac
912 1977 984 2004 enim
1003 1977 1037 2004 de

248 2034 344 2058 causa,
360 2029 388 2053 et
405 2026 438 2054 de
461 2026 495 2052 iis
508 2025 554 2060 qui
569 2029 646 2052 extra
667 2025 766 2059 legem,
783 2027 810 2051 et
829 2023 863 2051 de
883 2023 917 2051 iis
940 2024 1034 2056 etiam,

248 2071 296 2107 qui
322 2071 374 2098 sub
393 2079 425 2099 ea
438 2072 578 2102 vixerunt,
604 2070 714 2097 locutus
733 2073 786 2102 est,
809 2069 992 2104 probavitque
1009 2073 1037 2095 et

248 2117 311 2144 illos
329 2117 417 2151 legem
436 2116 603 2146 naturalem,
638 2120 667 2142 et
696 2115 746 2142 hos
769 2115 855 2149 legem
885 2113 1035 2141 Mosaicam

248 2168 311 2188 esse
329 2164 529 2195 transgressos,
545 2162 572 2187 et
585 2159 683 2187 ultimo
701 2167 762 2187 esse
774 2159 911 2193 supplicio
922 2159 1034 2193 dignos:

248 2212 275 2234 et
291 2206 426 2241 optimum
445 2206 581 2233 medicum
597 2205 719 2232 imitatus
730 2209 782 2236 est,
799 2206 845 2239 qui
865 2206 945 2232 docet
961 2206 1036 2240 prius

248 2252 337 2280 morbi
353 2251 514 2287 gravitatem
535 2258 583 2278 eos
603 2250 650 2285 qui
675 2251 810 2281 laborant,
827 2250 926 2277 deinde
946 2249 1035 2276 medi-
1054 2265 1076 2293 Ι)

247 2301 438 2326 camentorum
458 2297 590 2324 auxilium
610 2296 732 2323 adhibet.
755 2296 794 2323 Ita
818 2297 892 2324 enim
915 2300 943 2323 et
966 2296 1035 2331 ipse,

247 2348 393 2379 postquam
409 2344 506 2370 horum
523 2346 550 2370 et
563 2343 672 2369 illorum
687 2344 694 2353 '
708 2342 882 2377 iniquitatem
899 2342 1035 2377 coarguit,

248 2389 380 2424 ipsosque
399 2392 426 2415 et
441 2395 503 2415 reos
520 2392 546 2414 et
565 2386 703 2422 supplicio
718 2386 817 2422 dignos
834 2385 922 2412 fuisse
941 2389 1037 2412 osten-

248 2435 298 2465 dit.
318 2433 423 2469 prol‘ert
443 2432 575 2467 deinceps
591 2432 650 2459 lidei
675 2432 921 2463 medicamentum,
948 2434 975 2457 ct
995 2430 1038 2458 di-

247 2480 319 2506 vinae
343 2478 561 2514 dispensationis
581 2477 780 2512 benignitatem
804 2475 896 2507 docet,
919 2476 1035 2504 dicens:

283 2567 367 2595 Vens.
386 2566 462 2595 9-18.
479 2565 550 2599 Quid
564 2573 625 2600 ergo
646 2565 823 2600 prwcellimus
837 2566 851 2593 2⁷
873 2565 952 2592 Prius
965 2567 1037 2593 enim

248 2614 353 2640 causali
375 2621 478 2644 sumus,
499 2611 610 2639 Iudaeos
630 2617 655 2638 et
679 2611 784 2639 (ἔνατος
796 2620 884 2639 omnes
911 2621 967 2639 esse
988 2613 1035 2640 sub

233 2647 365 2696 Kpeccato,
393 2660 461 2686 sicut
484 2659 613 2693 scriptum
637 2663 676 2686 est
692 2666 700 2685 :
715 2657 777 2686 Non
798 2663 836 2686 est
848 2658 939 2693 justus
961 2660 1035 2694 quis~

247 2714 338 2742 quam.
355 2704 417 2732 Non
429 2710 467 2732 est
485 2705 634 2740 intelligens
647 2714 655 2731 :
668 2713 719 2731 non
735 2710 773 2732 est
789 2705 922 2738 requirens
939 2704 1034 2733 Deum.

249 2749 346 2778 Omnes
357 2749 562 2781 declinaverunt,
582 2748 664 2776 simul
681 2748 789 2775 inutiles
806 2748 872 2782 facti
887 2753 948 2776 sunt
961 2756 970 2775 .'
984 2757 1035 2775 non

247 2799 287 2823 est
298 2795 343 2829 qui
355 2794 438 2829 faciat
455 2793 562 2827 bonum,
576 2803 627 2821 non
638 2799 675 2822 est
691 2802 772 2829 usque
786 2794 821 2820 ad
836 2802 928 2820 unum.
944 2793 1036 2828 Sepul-

247 2843 340 2869 chrum
361 2845 453 2876 patens
470 2846 509 2868 est
525 2845 616 2875 guttur
630 2848 733 2873 eorum,
756 2840 854 2874 linguis
868 2839 924 2866 suis
945 2839 1036 2868 dolose

293 2934 306 2956 δ
324 2933 422 2964 Matth.
439 2942 492 2967 vn,
512 2934 542 2968 7;
564 2933 631 2960 Luc.
650 2940 694 2967 ιι,
713 2933 739 2960 9.

1091 980 1232 1016 ρίσσευσεν
1246 982 1262 1017 ἡ
1277 981 1370 1016 χάρις·
1387 991 1395 1007 ι
1418 982 1490 1013 τινὲς
1502 984 1534 1017 τῇ
1550 982 1687 1019 θεοσεϐείᾳ
1699 983 1881 1016 δουλεύοντες,

1089 1027 1275 1061 ψευδολογίαις
1290 1029 1350 1054 κατ’
1365 1028 1455 1055 αὐτῶν
1469 1029 1634 1064 κεχρημένοι
1645 1049 1651 1059 ,
1675 1029 1765 1063 λέγειν
1782 1030 1882 1062 αὐτοὺς

1090 1073 1208 1107 ἔφασκον
1217 1080 1224 1087 ·
1240 1073 1416 1108 Ποιήσωμεν
1429 1074 1464 1100 τὰ
1477 1074 1565 1106 κακὰ,
1575 1075 1626 1101 ἵνα
1636 1074 1712 1108 ἔλθῃ
1726 1075 1761 1102 τὰ
1773 1075 1879 1110 ἀγαθά.

1096 1118 1166 1145 Ἀλλ’
1181 1118 1230 1153 οὐχ
1252 1115 1328 1149 οὗτος
1353 1117 1386 1154 ἦν
1401 1120 1416 1146 ὁ
1436 1119 1486 1154 τῆς
1503 1119 1685 1154 ἀποστολικῆς
1704 1120 1882 1153 διδασκαλίας

1091 1163 1201 1196 σκοπός.
1228 1164 1286 1191 Πᾶν
1313 1165 1368 1200 γὰρ
1390 1165 1542 1192 τούναντίον
1571 1166 1763 1200 ἐνομοθέτουν,
1790 1168 1882 1202 πάσης

1090 1209 1213 1242 ἅπαντας
1226 1210 1396 1245 παρανομίας
1407 1210 1565 1245 ἀπέχεσθαι.
1582 1211 1652 1242 Τοὺς
1663 1211 1691 1237 δὲ
1702 1211 1740 1246 τῷ
1754 1212 1881 1247 παναγίῳ

1090 1255 1248 1290 κηρύγματι
1275 1257 1437 1291 προσιόντας
1463 1257 1574 1292 θαρρεῖν
1604 1258 1743 1290 ἐκέλευον,
1768 1258 1804 1290 ὡς
1830 1260 1882 1294 τῆς

1088 1301 1213 1334 ἀφέσεως
1231 1302 1285 1328 τῶν
1303 1302 1441 1338 προτέρων
1458 1303 1664 1338 ἁμαρτημάτων
1681 1304 1733 1330 ὑπὸ
1748 1304 1794 1331 τοῦ
1811 1304 1881 1331 Θεοῦ

1088 1347 1242 1384 δεδομένης.
1260 1349 1356 1384 Ἡμεῖς
1369 1349 1396 1376 δὲ
1408 1349 1525 1376 ἐνταῦθα
1539 1350 1588 1384 τὴν
1603 1349 1751 1385 ἑρμηνείαν
1765 1350 1882 1385 στήσαν-

1087 1403 1143 1426 τες,
1170 1395 1217 1421 καὶ
1240 1395 1286 1421 τὸν
1311 1395 1373 1422 νοῦν
1399 1396 1646 1429 διαναπαύσαντες,
1673 1397 1718 1424 τὸν
1745 1397 1883 1424 δεδωκότα

1088 1440 1174 1475 στόμα
1188 1441 1334 1476 ἀνθρώπῳ,
1346 1443 1392 1469 καὶ
1405 1442 1554 1478 ποιήσαντα
1563 1443 1706 1476 δύσκωφον
1717 1443 1764 1470 καὶ
1777 1443 1882 1477 κωφὸν,

1087 1487 1299 1522 ἁνυμνήσωμεν,
1318 1488 1365 1515 καὶ
1380 1489 1429 1523 τῆς
1445 1488 1627 1523 ἀποστολικῄ
1644 1489 1818 1520 διδασκαλίας
1833 1489 1882 1515 τὸν

1087 1533 1148 1560 νοῦν
1165 1534 1333 1569 καταμαθεῖν
1350 1534 1541 1569 ἱκετεύσωμεν.
1558 1534 1643 1561 Δώσει
1665 1535 1720 1569 γὰρ
1738 1535 1849 1566 πάντως
1868 1536 1884 1561 6

1089 1578 1189 1606 είπὼν’
1217 1589 1226 1605 ι
1241 1580 1356 1610 Αἰτεῖτε,
1373 1579 1418 1606 καὶ
1435 1579 1576 1614 δοθήσεται
1590 1579 1654 1614 ὑμῖν
1665 1587 1672 1594 ·
1695 1579 1812 1615 ζητεῖτε,
1832 1579 1884 1606 καὶ

1088 1625 1218 1660 εὑρήσετε
1230 1634 1236 1641 ·
1255 1626 1378 1661 κρούετε,
1393 1626 1438 1652 καὶ
1455 1626 1628 1661 ἀνοιγήσεται
1643 1625 1718 1660 ὑμῖν,
1736 1636 1745 1651 ι
1767 1625 1836 1652 Μεθ’
1849 1621 1882 1656 οὗ

1088 1671 1126 1704 τῷ
1143 1671 1229 1705 Πατρὶ
1243 1672 1291 1697 σὺν
1302 1671 1340 1706 τῷ
1354 1671 1478 1706 παναγίῳ
1490 1670 1629 1705 Πνεύματι
1641 1671 1705 1703 δόξα
1717 1670 1817 1706 πρέπει
1830 1673 1882 1698 καὶ

1090 1716 1323 1752 μεγαλοπρέπεια,
1335 1716 1382 1743 νῦν
1400 1717 1446 1743 καὶ
1461 1717 1515 1751 ἀεὶ,
1526 1717 1572 1744 καὶ
1585 1718 1624 1749 εἰς
1636 1718 1698 1749 τοὺς
1714 1717 1814 1749 αἰῶνας
1825 1718 1881 1744 τῶν

1089 1760 1204 1787 αἰώνων.
1226 1761 1322 1797 ’Λμήν.

1329 1818 1444 1845 ΤΟΜΟΣ
1463 1819 1650 1846 ΔΕΥΤΕΡΟΣ.

1123 1875 1280 1910 Είρήκαμεν
1296 1874 1356 1910 ἤδη,
1371 1874 1408 1906 ὡς
1421 1875 1435 1901 ὁ
1452 1875 1522 1906 θεῖος
1543 1874 1701 1906 ’Λπὸστολος
1718 1874 1801 1907 δεῖξαι
1817 1875 1880 1909 βού-

1089 1923 1162 1951 λεται
1176 1923 1225 1958 τὴν
1241 1921 1448 1958 ὲνανθρώπησιν
1460 1922 1507 1948 τοῦ
1522 1922 1590 1949 Θεοῦ
1602 1923 1649 1950 καὶ
1662 1922 1787 1958 Σωτῆρος
1798 1924 1814 1957 ὴ
1820 1923 1881 1958 μῶν

1095 1968 1183 2004 Ἰησοῦ
1199 1968 1319 2004 Χριστοῦ
1334 1969 1491 2002 ἀναγκαίως
1503 1969 1698 2004 γεγενημένην.
1712 1969 1813 1995 Τούτου
1824 1969 1880 2003 γὰρ

1087 2014 1120 2050 δὴ
1145 2014 1224 2049 χάριν
1241 2013 1287 2040 τὸν
1309 2014 1372 2048 περὶ
1394 2014 1448 2040 τῶν
1471 2014 1523 2046 ἔξω
1537 2014 1584 2041 τοῦ
1601 2014 1694 2049 νόμου,
1719 2013 1766 2040 καὶ
1787 2014 1880 2048 μέντοι

1088 2060 1135 2086 καὶ
1149 2060 1202 2086 τῶν
1217 2060 1262 2086 ὑπ’
1278 2060 1359 2086 αὐτὸν
1374 2060 1621 2095 πολιτευσαμένων,
1638 2060 1767 2095 κεκίνηκε
1781 2060 1877 2094 λόγον·

1088 2107 1135 2133 καὶ
1149 2105 1274 2142 διήλεγξε
1289 2106 1432 2137 κάκείνους
1451 2106 1497 2132 τὸν
1514 2106 1638 2140 φυσικὸν,
1654 2106 1701 2132 καὶ
1713 2106 1824 2137 τούτους
1834 2106 1880 2132 τὸν

1089 2151 1237 2178 Ἀίωσαῖκδν
1251 2151 1479 2187 παραϐεϐηκότας
1491 2151 1581 2186 νόμον,
1594 2151 1640 2178 καὶ
1653 2151 1787 2186 τιμωρίας
1799 2151 1880 2182 ὂντας

1088 2198 1138 2232 τῆς
1155 2197 1273 2232 ἐσχάτης
1290 2197 1391 2230 ἀξίους.
1410 2197 1465 2224 Καὶ
1483 2197 1573 2232 ἰατρὸν
1590 2198 1699 2233 ἄριστον
1713 2198 1879 2233 ἐμιμήσατο,

1088 2243 1117 2275 ὂς
1132 2244 1263 2279 πρότερον
1277 2242 1326 2278 τὴν
1343 2243 1389 2269 τοῦ
1407 2244 1558 2278 νοσήματος
1574 2243 1744 2280 χαλεπότητα
1759 2243 1880 2270 διδάσκει

1087 2290 1151 2322 τοὺς
1165 2290 1329 2325 κάμνοντας,
1347 2289 1396 2316 εἷθ’
1413 2290 1484 2316 οὕτω
1500 2290 1649 2326 προσφέρει
1663 2290 1712 2326 τὴν
1724 2290 1778 2316 τῶν
1792 2290 1880 2322 ἀλεξι-

1089 2335 1182 2362 κάκων
1195 2335 1349 2370 φαρμάκων
1364 2335 1500 2370 βοήθειαν.
1518 2335 1595 2362 Οὕτω
1612 2335 1665 2371 γὰρ
1679 2336 1726 2362 καὶ
1738 2335 1821 2367 αὐτὸς
1831 2335 1881 2368 τὴν

1089 2381 1190 2408 τούτων
1208 2381 1342 2408 κάκείνων
1356 2381 1493 2414 διελέγξας
1517 2381 1698 2417 παρανομίαν,
1723 2382 1770 2408 καὶ
1790 2381 1881 2413 δείξας

1089 2427 1257 2459 ὑπευθύνους
1275 2428 1321 2454 καὶ
1340 2428 1474 2462 τιμωρίας
1494 2428 1596 2460 ἀξίους,
1619 2427 1768 2462 προσφέρει
1787 2427 1881 2454 λοιπὸν

1088 2474 1118 2500 τὸ
1133 2474 1184 2508 τῆς
1201 2473 1319 2505 πίστεως
1337 2474 1493 2508 φάρμακον,
1509 2474 1557 2500 καὶ
1573 2473 1620 2509 τῆς
1635 2473 1710 2505 θείας
1724 2473 1882 2508 οἰκονομίας

1088 2519 1137 2556 τὴν
1152 2519 1355 2554 φιλανθρωπίαν
1369 2519 1500 2551 διδάσκει,
1524 2520 1570 2546 καί
1586 2525 1678 2554 φησιν·

1124 2565 1207 2598 θ’-ιη¹.
1234 2564 1265 2591 Tl
1291 2561 1347 2591 οὖν
1365 2564 1531 2599 κατέχομεν
1546 2565 1711 2598 περισσόν;
1735 2565 1882 2598 Προῃτια-

1090 2610 1205 2645 σάμεθα
1221 2610 1276 2645 γὰρ
1295 2610 1459 2643 Ἰουδαίους
1474 2619 1506 2637 τε
1518 2610 1567 2637 καὶ
1583 2611 1747 2645 Ἕλληνας,
1765 2610 1884 2642 πάντας

1089 2657 1139 2691 ὑφ’
1154 2656 1300 2690 ἁμαρτίαν
1315 2653 1401 2687 εἶναι,
1424 2655 1522 2689 καθὼς
1540 2656 1712 2691 γέγραπται,
1737 2656 1783 2683 ὅτι
1820 2657 1882 2683 Οὐκ

1089 2703 1156 2730 ἐστι
1170 2702 1284 2735 δίκαιος
1299 2701 1370 2729 οὐδὲ
1384 2700 1437 2735 εἷς.
1457 2703 1518 2729 Οὐκ
1535 2704 1620 2730 ἐστιν
1636 2704 1652 2730 ὀ
1668 2702 1784 2730 συνιῶν
1797 2711 1804 2719 ·
1826 2703 1883 2729 οὐκ

1090 2749 1176 2776 ἐστιν
1191 2750 1207 2775 ό
1228 2748 1357 2782 ἐκζητῶν
1380 2749 1434 2776 τὸν
1454 2750 1538 2776 Θεόν.
1566 2750 1681 2782 Πάντες
1707 2749 1881 2782 ἐξέκλιναν,

1090 2795 1149 2830 ἅμα
1163 2793 1370 2828 ἠχρειώθησαν
1385 2803 1392 2810 ·
1416 2796 1471 2822 οὐκ
1490 2795 1555 2822 ἔστι
1572 2795 1666 2822 ποιῶν
1679 2796 1880 2829 χρηστότητα,

1090 2842 1146 2868 οὐκ
1158 2839 1243 2866 ἐστιν
1259 2840 1313 2873 ἕως
1325 2840 1403 2873 ἑνός.
1423 2840 1517 2875 Τάφος
1533 2841 1721 2876 ἀνεῳγμένος
1735 2842 1751 2868 ό
1765 2838 1882 2874 λάρυγξ
