2013 3114
144 153 182 186 85
571 157 877 190 INTERPRETATIO
893 161 1010 191 EPIST.
1029 162 1081 191 AD
1097 162 1188 192 ROM.
1208 163 1287 193 CAP.
1308 165 1366 194 IIl.
1735 172 1770 203 86

117 210 124 226 δ
148 209 315 258 ἱλαστήριον,
341 210 388 237 καὶ
410 210 565 248 ἀρχιερεὺς,
591 213 638 240 καὶ
660 213 757 249 ἀμνὸς,
784 215 830 241 καὶ
848 217 877 242 ὲν
897 215 931 251 τᾷ

987 216 1220 251 propitiatorium,
1245 222 1271 246 et
1297 220 1427 254 pontifex,
1453 225 1480 248 et
1506 230 1602 258 agnus,
1621 226 1693 253 etin
1719 235 1770 255 suo

145 253 236 290 οικείῳ
251 255 349 290 αἵματι
361 255 410 290 τὴν
429 257 568 292 ἡμετέραν
581 258 829 294 ἐπραγματεύσατο
851 269 933 297 σωτη-

147 299 217 335 ρίαν,
239 300 333 327 πίστιν
351 301 435 337 μόνην
451 302 517 338 παρ’
533 303 611 338 ἡμῶν
627 305 791 341 ἀπαιτήσας.

177 347 228 379 Εις
246 346 379 379 ἔνδειξιν
400 347 455 382 τῆς
471 348 667 384 δικαιοσύνης
686 352 789 385 αὑτοῦ,
811 351 860 380 διὰ
878 352 934 386 τὴν

145 391 274 427 πάρεσιν
289 393 350 420 τῶν
367 396 590 429 προγεγονότων
609 396 835 432 ἁμαρτημάτων.
854 399 933 433 (κς’.)

151 439 200 465 Ἑν
209 438 247 472 τῇ
255 438 355 473 ἀνοχῇ
368 439 421 466 τοῦ
433 439 516 473 Θεοῦ,
529 440 604 474 πρὸς
614 441 743 474 ἔνδειξιν
755 442 809 477 τῆς
822 443 933 471 δικαιο-

144 484 241 518 σύνης
256 483 352 512 αὑτοῦ
363 485 397 512 ἐν
406 483 446 518 τῷ
458 485 515 512 νῦν
531 486 630 520 καιρῷ,
650 487 703 513 Καὶ
715 486 763 522 τὴν
778 487 933 525 ἁγαθότητα

144 530 192 566 τὴν
203 531 309 558 οἰκείαν
327 531 428 564 ἔδειξεν
446 533 460 558 ὀ
487 531 564 565 θεὸς,
587 533 633 559 ἐπὶ
653 533 779 560 πλεῖστον
797 535 933 570 μοικροθυ⁴

145 578 234 613 μήσας
248 579 306 609 τοῖς
319 578 473 614 ἀνθρώποις
489 579 687 614 παρανομοῦσι,
706 581 752 607 καὶ
767 581 817 616 τὴν
831 581 932 608 δικαιο-

122 624 227 666 ιούνην
253 625 338 651 αὑτοῦ
359 625 444 661 δήλην
466 626 615 660 πεποίηκεν
636 626 747 655 ἅπασιν.
768 627 828 654 Ὀτι
853 628 881 655 δὲ
902 629 932 655 οὐ

145 670 233 705 μάτην
248 671 348 705 ἤνεγκε
362 671 424 702 τοὺς
438 671 598 707 ἀνθρώπους
612 672 850 708 παρανομοῦντας,
866 674 933 701 ἀλλὰ

143 715 220 742 τοῦτο
233 716 499 751 προκατασκευάζων
509 717 600 750 αὐτοῖς
609 718 658 752 τῆς
673 719 808 754 σωτηρίας
819 719 849 745 τὸ
864 719 933 754 φάρ-

143 769 241 796 μακον,
258 762 334 796 λέγει
346 770 354 777 ·
375 764 427 795 Εἰς
440 763 474 790 τὸ
492 761 569 790 εἶναι
587 763 681 791 αὑτὸν
695 764 812 791 δίκαιον
826 765 874 791 καὶ
889 765 932 791 δι-

142 807 287 836 καιοῦντα
301 808 355 834 τὸν
367 809 401 836 ὲκ
413 810 543 842 πίστεως
559 810 660 844 Ἰησοῦ
672 810 811 844 Χριστοῦ.
832 810 932 845 ’Λμφὸ-

140 863 208 891 τερα
230 856 286 890 γὰρ
309 855 407 883 εἰδέναι
433 857 586 892 προσήκει,
613 856 661 883 καὶ
683 857 725 883 ὅτι
749 856 861 888 δικαίως
885 857 932 883 καὶ

984 264 1120 299 sanguine
1141 269 1264 293 nostram
1290 267 1404 294 salutem
1419 273 1461 295 est
1486 276 1625 304 operatus,
1647 273 1732 301 solam
1753 282 1770 302 ι

984 309 1065 337 nobis
1089 309 1168 337 iidem
1188 311 1311 346 exigens.

1019 355 1060 382 Ad
1076 356 1250 383 ostensione":
1261 357 1375 392 ⁸ἰιιιςιίιίιιε
1391 367 1457 391 suat,
1468 364 1573 394 propter
1588 362 1768 391 remissionem

983 401 1187 435 praecedentium
1211 401 1378 429 delictorum.
1395 403 1488 438 (Vens
1502 404 1567 440 ‘26.)
1584 405 1615 432 In
1638 412 1770 435 sustentw

985 447 1056 474 tione
1074 447 1130 481 Dei,
1156 447 1190 474 ad
1205 449 1381 476 ostensiouem
1392 450 1509 485 justitiw
1521 451 1579 486 ejus
1595 452 1621 479 in
1640 453 1688 480 ltoc
1707 458 1770 481 tent-

984 501 1058 527 pore.
1076 493 1107 521 Et
1128 494 1280 522 bonitatem
1301 503 1379 523 suam
1397 498 1517 526 ostendit
1531 498 1614 532 Deus,
1640 499 1769 529 diuturna

985 543 1065 566 utens
1098 540 1229 575 patientia
1261 548 1326 576 erga
1360 541 1485 571 homines
1518 543 1721 579 delinquentes,
1744 551 1770 573 et

981 584 1117 620 justitiam
1130 594 1207 613 suam
1223 587 1351 615 omnibus
1365 588 1535 616 manifestam
1550 590 1680 619 reddidit.
1691 590 1769 624 Quod

983 634 1074 658 autem
1091 639 1144 658 nou
1160 632 1220 659 sine
1229 639 1311 660 causa
1322 641 1368 661 eos
1382 634 1428 669 qui
1446 634 1642 670 delinquehant
1659 638 1665 647 ‘
1679 640 1770 671 pertu-

983 675 1055 707 lerit,
1066 677 1113 704 Sed
1129 677 1180 704 hoc
1193 678 1233 705 eis
1245 678 1343 706 salutis
1357 679 1585 708 medicamentum
1601 689 1768 716 prmparaus,

982 721 1065 749 dicit:
1085 721 1118 748 Ut
1134 723 1169 749 sit
1186 724 1241 757 ipse
1257 724 1359 759 justus,
1377 730 1402 752 et
1426 725 1575 761 iustiﬁcam
1591 735 1650 754 eum
1666 728 1710 762 qui
1729 733 1768 755 est

982 776 1014 794 ex
1027 768 1080 803 ﬁde
1095 767 1161 796 Iesu
1179 769 1288 798 Christi.
1304 769 1457 806 Utrumque
1472 772 1545 800 enim
1564 773 1705 801 sciendum
1716 780 1767 806 est,

981 819 1008 841 et
1025 815 1097 849 quod
1122 815 1197 849 juste
1217 823 1250 843 ac
1271 817 1386 852 benigne
1409 818 1599 845 universorutn
1627 818 1697 847 Deus
1719 819 1769 846 no-

982 863 1037 886 stra
1063 859 1310 894 administraverit,
1331 865 1359 889 et
1387 862 1459 897 quod
1496 863 1623 897 quisquis
1654 863 1769 891 Domino

142 901 343 937 φιλανθρώπως
360 903 374 928 ὸ
388 902 442 928 τῶν
454 902 522 929 ὅλων
539 902 605 934 Θεὸς
617 903 651 929 τὰ
667 902 726 929 καθ’
739 903 813 937 ἡμᾶς
828 903 930 938 ᾠκονὸ-

982 904 1092 933 Christo
1120 906 1217 939 credit,
1243 906 1350 934 fruatur
1370 907 1477 942 justitia
1497 916 1558 943 quae
1575 912 1617 936 est
1642 917 1674 937 ex
1704 910 1766 937 lide.

143 954 223 981 μησε,
240 947 287 973 καὶ
300 946 341 973 ὅτι
356 947 409 978 πᾶς
424 947 462 982 τῷ
477 947 598 984 Δεσπότῃ
611 948 748 975 πιστεύων
759 948 869 984 Χριστῷ
881 948 930 983 τὴν

141 993 174 1019 ἐκ
188 994 237 1028 τῆς
251 992 369 1026 πίστεως
384 993 556 1029 δικαιοσύνην
569 993 732 1030 καρποῦται.
747 994 825 1021 Οὕτω
840 995 932 1021 συντό-

142 1045 200 1072 μως
214 1037 306 1070 δείξας
321 1037 356 1065 τὰ
380 1038 453 1073 δῶρα
479 1038 526 1074 τῆς
546 1038 666 1074 χάριτος,
688 1039 832 1075 ἀνατρέχει
849 1039 930 1066 πάλιν

141 1084 187 1110 ἐπὶ
201 1083 247 1110 τὸν
263 1084 329 1120 περὶ
344 1083 392 1111 τοῦ
408 1085 491 1120 νόμου
515 1084 603 1119 λόγον,
627 1085 674 1112 καὶ
695 1085 831 1112 δείκνυσιν
851 1086 930 1113 αὑτὸν

141 1130 359 1165 παραχωροῦντα
373 1132 407 1166 τῇ
421 1130 521 1166 χάριτι.

174 1174 226 1207 κζ’.
247 1175 310 1203 Ποῦ
328 1173 386 1204 οὖν
407 1177 426 1211 ἠ
447 1177 615 1210 καύχησις;
638 1177 705 1204 Κατ’
720 1177 853 1212 ἐρώτησιν
866 1178 930 1204 ἀνα-

141 1222 284 1256 γνωστέον.
310 1220 377 1249 Εἶτα
400 1224 418 1257 ἡ
446 1223 590 1259 ἀπόκρισις
605 1232 612 1240 ·
643 1223 848 1258 Ἐξεκλείσθη.
873 1224 930 1250 Οὐκ

141 1268 211 1300 εἶπε,
221 1269 378 1306 Κατελύθη,
388 1271 445 1297 ἀλλ⁸
454 1270 656 1304 Ἐξεκλείσθη,
671 1271 730 1297 ἀντὶ
743 1269 802 1302 τοῦ,
816 1271 873 1297 Οὐκ
887 1270 929 1296 ἔτι

141 1315 231 1350 χώραν
246 1315 313 1350 ἔχει.
329 1316 486 1350 Καύχησιν
501 1316 529 1342 δὲ
543 1316 621 1343 καλεῖ
636 1316 665 1343 τὸ
679 1316 780 1351 ὑψηλὸν
791 1316 844 1343 τῶν
864 1316 930 1343 Ἰου-

140 1361 222 1387 δαίων
247 1361 387 1396 φρόνημα.
418 1361 613 1397 Ἑσεμνὺνοντο
636 1362 690 1398 γὰρ
719 1363 756 1394 ὡς
783 1361 858 1398 μόνοι
879 1362 929 1398 τῆς

140 1406 214 1438 θείας
227 1407 410 1439 ἀπολαύοντες
426 1408 605 1443 προμηθείας.
628 1408 709 1434 Ἀλλὰ
723 1408 771 1442 τῆς
790 1408 864 1440 θείας
881 1408 929 1443 χά-

140 1459 213 1487 ριτος
226 1452 421 1486 ἀναφανείσης,
436 1453 482 1479 καὶ
493 1453 533 1484 είς
544 1452 652 1478 ἅπαντα
665 1452 793 1488 χυθείσης
807 1452 841 1479 τὰ
853 1452 928 1488 ἔθνη,

140 1497 278 1525 πέπανται
297 1498 352 1525 τῶν
374 1498 509 1525 Ἰουδαίων
523 1498 553 1524 τὸ
576 1497 698 1533 αὔχημα.
723 1498 859 1533 Σύντομον
874 1498 928 1534 γὰρ

139 1544 267 1580 ἀφορμὴν
286 1545 422 1579 σωτηρίας
435 1545 491 1577 τοῖς
513 1543 667 1581 ἀνθρώποις
682 1545 731 1580 τὴν
747 1545 838 1571 πίστιν
850 1545 930 1572 δέδω-

139 1577 185 1616 κεν
196 1577 306 1621 έεός.
331 1577 416 1616 Τοῦτο
436 1589 491 1625 γὰρ
513 1577 620 1616 mea
633 1589 688 1616 τῶν
703 1577 766 1625 ἑξῆς
781 1589 899 1621 ἐδίδαξεν
913 1591 927 1616 ὸ
942 1577 964 1606 C

145 1635 322 1666 ’Δπόστολος·
345 1635 396 1662 Διὰ
409 1636 496 1662 ποίου
511 1635 623 1669 νόμου;
638 1635 697 1661 τῶν
715 1635 828 1670 ἓργωι·;
841 1636 925 1670 οὐχ),

139 1679 220 1708 ἀλλὰ
235 1680 286 1707 διὰ
296 1681 392 1715 νόμον
407 1681 547 1713 πίστεως.
558 1680 614 1716 Οὐχ
627 1680 721 1712 ἁπλῶς
735 1681 762 1707 δὲ
777 1681 826 1716 τὴν
839 1682 930 1707 πίστιν

140 1726 344 1761 προσηγόρευσε
355 1726 436 1761 νόμον
447 1734 453 1740 ·
470 1726 538 1753 ἀλλὰ
549 1726 598 1761 τῆς
616 1725 747 1762 Ἰερεμίου
762 1726 930 1762 προφητείας

139 1772 367 1807 ἀναμιμνήσκων.
404 1781 413 1797 ι
431 1772 476 1798 Ἐν
498 1773 559 1804 ταῖς
583 1771 701 1807 ἡμέραις
733 1771 806 1808 γὰρ,
835 1772 927 1808 φησὶν,

139 1818 267 1850 ἐκείναις,
291 1818 338 1845 καὶ
361 1819 389 1844 ὲν
409 1818 448 1853 τῷ
474 1818 562 1854 καιρῷ
586 1818 693 1852 ἐκείνῳ,
711 1817 874 1853 διαθήσομαι
890 1817 930 1852 τῷ

139 1864 205 1900 οίκῳ
222 1864 335 1900 Ἰσραὴλ
349 1864 397 1891 καὶ
416 1863 456 1899 τῷ
476 1863 542 1898 οἴκῳ
566 1862 651 1889 Ἰούδα
670 1862 802 1898 διαθήκην
822 1863 926 1898 καινὴν,

139 1910 168 1936 οὗ
187 1910 259 1936 κατὰ
283 1909 333 1944 τὴν
350 1908 497 1944 διαθήκην,
519 1909 552 1943 ἢν
574 1907 702 1943 διεθέμην
725 1908 779 1939 τοῖς
794 1907 929 1943 πατράσιν

140 1955 238 1982 αὐτῶν.
254 1964 263 1981 ι
278 1955 311 1981 Et
323 1954 352 1981 δὲ
368 1955 381 1981 ὁ
396 1954 542 1986 Munitio;
557 1953 638 1987 νόμος
650 1953 771 1988 Διαθήκη
788 1953 927 1989 κέκληται,

141 2003 186 2029 καὶ
205 2003 223 2038 ἡ
241 2002 331 2036 Καινὴ
358 2001 438 2028 πάλιν
470 2001 571 2036 ὁμοίως
600 1999 721 2035 Διαθήκη
749 1999 928 2034 ὠνόμασται⁸

142 2047 207 2083 αὕτη
221 2048 250 2074 δὲ
264 2048 403 2074 πιστεύειν
415 2046 554 2082 νομοθετεῖ
565 2046 604 2081 τῷ
614 2045 736 2081 Χριστῷ
754 2045 929 2080 προφητικῶς

140 2095 154 2121 ὸ
171 2094 242 2126 θεῖος
269 2092 431 2124 Ἀπόστολος
451 2093 499 2127 τὴν
518 2091 565 2118 τοῦ
581 2092 662 2126 νόμου
691 2091 877 2126 προσηγορίαν
895 2091 928 2125 τῇ

142 2139 230 2166 πίστει
251 2138 419 2172 συνέζευξεν.
441 2137 506 2165 Εἶτα
526 2138 572 2164 τὸν
594 2137 722 2173 περὶτῆς
747 2137 863 2168 πίστεως
885 2136 929 2169 ὲξ-

145 2186 252 2220 υφαίνει
265 2185 354 2220 λόγον.

176 2235 229 2265 κη’.
247 2230 426 2266 Λογιζόμεθιι
453 2228 510 2258 οὖν
533 2230 631 2257 πίστει
657 2229 846 2256 δικαιοῦσθαι
876 2228 929 2256 ἅν-

142 2279 275 2312 θρωπον,
297 2278 386 2311 χωρίς
402 2277 495 2312 ἔργων
510 2277 614 2311 νόμου.
636 2276 727 2310 Νόμον
745 2275 865 2302 ἐνταῦθα
887 2275 932 2302 τὸν

143 2323 288 2351 Muttinibe
305 2323 391 2357 λέγει·
416 2323 472 2349 ἀλλ’
490 2323 564 2358 ὅμως
590 2322 640 2349 οὐκ
659 2319 719 2348 εἶπε
731 2329 739 2336 ·
761 2321 932 2357 Λογιζόμεθα

143 2370 231 2396 πίστει
256 2368 427 2396 δικαιοῦσθαι
450 2367 592 2400 Ἰουδαῖον,
620 2366 677 2393 ἀλλ’
694 2367 883 2401 Ἄνθρωπον,
902 2367 932 2393 τὸ

144 2415 230 2442 κοινὸν
261 2414 312 2449 τῆς
341 2413 450 2448 φύσεως
484 2413 578 2448 ὄνομα.
607 2411 688 2438 Ὅθεν
720 2411 931 2445 συλλογιστικῶς

144 2463 284 2498 ἐπήγαγεν
295 2470 301 2476 ·

178 2509 228 2535 κθ’.
264 2507 416 2535 Ἰουδαίων
441 2507 456 2532 o'
481 2505 553 2537 Θεὸς
581 2505 694 2539 μόνον;
721 2504 787 2538 οὐχὶ
819 2503 853 2530 δὲ
880 2504 928 2530 καὶ

144 2554 256 2586 ἐθνῶνς
277 2553 332 2581 Ναὶ
357 2553 405 2580 καὶ
420 2551 526 2579 ἐθνῶν.
552 2552 667 2578 Ἔπειτα
680 2551 717 2583 ὠς
734 2551 929 2586 ἀναντίρρητον

146 2599 247 2635 βεϐαιοῖ
259 2601 292 2635 τῇ
306 2599 454 2634 ἀποφάσει.

179 2690 211 2717 λ’.
231 2690 368 2722 Ἐπείπερ
393 2686 437 2721 εἷς
452 2690 467 2715 ό
483 2688 554 2721 Θεὸς
568 2708 575 2720 ,
599 2688 632 2720 ὃς
648 2688 798 2714 δικαιώσει
816 2695 931 2721 περιτο-

145 2734 204 2768 μὴν
217 2735 252 2761 ἐκ
273 2735 422 2766 πίστεως,
445 2734 494 2760 καί
513 2733 716 2767 ἀκροϐυστίαν
735 2733 784 2759 διὰ
807 2732 861 2766 τῆς
883 2734 931 2758 πί-

146 2787 247 2813 στεως.
270 2777 318 2810 Εἷς
343 2781 412 2812 ἐστι,
435 2780 514 2814 ξησὶν
525 2801 531 2812 ,
546 2780 559 2806 ὁ
577 2779 628 2805 τῶν
646 2780 772 2806 ἁπάντων
787 2779 852 2809 Θεὸς
865 2799 872 2811 ,
890 2776 929 2810 εἷς

184 2874 194 2887 ⁸
214 2868 317 2896 Jerem.
335 2876 416 2902 aut,
431 2868 474 2900 3i,
490 2868 536 2895 5‘2.

984 950 1036 978 Ubi
1054 952 1127 983 dona
1145 953 1239 988 gratia:
1256 953 1298 981 sic
1317 954 1436 981 breviter
1459 954 1592 988 ostendit,
1621 962 1716 983 rursus
1734 955 1768 983 ad

982 1006 1138 1027 sermonem
1158 1000 1191 1028 de
1211 1000 1270 1036 lege
1283 1002 1443 1034 revertitur,
1461 1006 1488 1028 et
1502 1002 1623 1029 ostendit
1637 1009 1699 1030 eam
1723 1009 1767 1029 ce-

982 1045 1047 1073 dere
1066 1046 1170 1082 gratiae.

1018 1177 1102 1205 Vm.
1123 1179 1168 1206 2'].
1187 1178 1237 1206 Ubi
1256 1184 1296 1206 est
1312 1188 1373 1215 ergo
1388 1179 1514 1215 gloriatio
1525 1179 1537 1206 l
1548 1178 1704 1215 Legendum
1725 1183 1768 1208 est

981 1232 1030 1259 per
1054 1225 1320 1260 interrogationem:
1339 1225 1437 1253 deinde
1463 1225 1618 1260 responsio,
1649 1224 1766 1252 Exclum

980 1269 1095 1303 est.Nou
1110 1269 1179 1297 dixit
1194 1270 1330 1298 Dissoluta
1347 1273 1398 1303 est,
1412 1270 1458 1298 sed
1474 1270 1591 1298 Exclusi:
1604 1275 1654 1303 ut,
1668 1276 1718 1306 pro
1734 1278 1767 1298 eo

981 1317 1053 1352 quod
1068 1320 1122 1349 est,
1140 1315 1198 1344 Non
1215 1317 1297 1344 habet
1313 1317 1431 1352 amplius
1449 1317 1549 1345 locum.
1574 1316 1767 1345 Gloriationem

982 1365 1075 1389 autem
1096 1366 1176 1388 vocat
1194 1361 1248 1397 45
1264 1361 1336 1388 altos
1357 1361 1514 1389 Judatorum
1535 1362 1661 1397 spiritus.
1678 1366 1705 1390 et
1726 1363 1768 1389 ni-

980 1406 1063 1433 miam
1086 1407 1281 1441 arrogantiam.
1305 1405 1450 1434 Jactabant
1463 1407 1537 1435 enim
1559 1415 1601 1439 se,
1617 1407 1697 1442 quasi
1714 1407 1767 1434 soli

981 1451 1073 1478 divina
1089 1452 1260 1486 providentia
1281 1453 1449 1480 fruerentur.
1478 1453 1532 1480 Sed
1556 1457 1701 1488 postquam
1722 1453 1765 1480 di—

980 1497 1044 1525 vina
1067 1498 1156 1533 gratia
1179 1499 1317 1533 apparuit,
1334 1502 1363 1526 et
1385 1499 1411 1525 in
1430 1506 1526 1526 omnes
1552 1503 1646 1534 gentes
1668 1499 1766 1526 dill‘usa

980 1549 1032 1576 est,
1053 1544 1170 1571 cessavit
1197 1544 1352 1572 Juda‘orum
1368 1544 1506 1579 gloriatio.
1525 1544 1765 1579 Compendiariam

983 1590 1056 1618 enim
1072 1590 1201 1625 paranda:
1215 1590 1313 1618 salutis
1342 1590 1475 1617 rationem
1491 1590 1562 1619 Deus
1579 1590 1652 1617 dedit
1676 1591 1766 1618 bomi-

983 1637 1074 1669 nibus,
1093 1644 1191 1672 netupe
1207 1636 1296 1663 iidem.
1319 1636 1375 1664 Hoc
1394 1637 1467 1664 enim
1485 1636 1566 1663 etiarn
1586 1644 1634 1671 per
1648 1643 1766 1671 scqucn»

983 1683 1021 1710 tia
1034 1682 1129 1710 docuit
1148 1682 1297 1717 Apostolus
1311 1691 1317 1709 :
1331 1681 1383 1709 Per
1397 1690 1476 1717 quant
1492 1681 1570 1717 legem
1582 1683 1594 1710 7
1610 1681 1742 1716 [uotorum
1755 1683 1788 1709 ."

984 1725 1056 1757 Non.
1078 1725 1122 1753 sed
1146 1733 1192 1758 per
1207 1726 1286 1761 legem
1309 1726 1381 1761 ﬁdei.
1407 1725 1500 1754 Fidem
1523 1731 1614 1754 autem
1640 1733 1694 1754 nou
1716 1727 1769 1753 abs

984 1778 1014 1798 re
1032 1771 1118 1806 legem
1131 1771 1288 1806 appellavit,
1304 1771 1350 1798 sed
1360 1770 1486 1798 Jeremia:
1501 1771 1672 1806 prophetiam
1688 1778 1766 1798 revo-

983 1817 1086 1844 causin
1098 1817 1256 1844 memoriam
1277 1826 1283 1844 :
1303 1827 1311 1842 (
1331 1816 1360 1844 ln
1377 1816 1474 1844 diebus
1489 1816 1574 1849 enim,
1589 1816 1689 1851 inquit.
1702 1816 1766 1849 illis,

983 1867 1010 1890 et
1023 1863 1050 1890 in
1064 1863 1112 1890 illo
1130 1867 1253 1898 tempore
1269 1862 1414 1898 disponam
1431 1862 1524 1890 domui
1541 1862 1625 1889 Israel
1639 1867 1665 1890 et
1674 1861 1767 1888 domui

982 1909 1052 1936 Juda
1063 1913 1256 1936 testamentum
1268 1916 1378 1942 novum,
1386 1916 1439 1935 non
1452 1907 1604 1936 secundum
1614 1911 1682 1935 testa
1688 1914 1766 1934 men-

983 1959 1053 1985 tum.
1072 1954 1145 1990 quod
1169 1954 1293 1989 disposui
1318 1953 1443 1989 patribus
1466 1955 1587 1988 ipsorum
1604 1958 1625 1980 ο.
1639 1961 1648 1978 ι
1662 1951 1767 1985 Quodsi

983 2001 1027 2028 lex
1043 1999 1164 2028 Mosaica
1181 1999 1388 2027 Testamentum
1403 2000 1534 2034 appellata
1549 2003 1601 2032 est,
1619 2003 1646 2027 et
1658 1998 1765 2025 Novum

987 2053 1087 2073 rursus
1104 2046 1231 2072 similiter
1242 2044 1449 2072 Testamentum
1460 2044 1632 2071 nominatum
1648 2048 1702 2075 est,
1717 2044 1768 2071 hoe

984 2095 1074 2119 autem
1088 2091 1212 2119 decernit
1232 2095 1260 2117 ut
1277 2090 1387 2118 Christo
1405 2090 1545 2123 credatur,
1560 2089 1720 2125 prophetico
1730 2089 1770 2116 di-

983 2138 1064 2164 vinus
1085 2137 1234 2172 Apostolus
1259 2135 1469 2170 appellationem
1488 2135 1556 2170 legis
1574 2135 1636 2162 lidei
1659 2141 1769 2162 accomo

984 2182 1116 2210 modavit.
1133 2181 1237 2208 Deinde
1254 2187 1409 2208 sermonem
1421 2181 1455 2208 de
1467 2180 1518 2208 l‘tde
1532 2180 1638 2207 attexit.

1021 2227 1103 2254 Vens.
1116 2227 1162 2254 28.
1182 2236 1191 2252 ε
1212 2226 1381 2253 Arbitramur
1392 2226 1461 2253 enim
1475 2226 1623 2260 justiﬁcari
1637 2225 1770 2252 hominem

984 2282 1029 2309 per
1052 2273 1130 2308 ﬁdem
1158 2273 1215 2300 sine
1244 2271 1363 2306 operibus
1392 2272 1466 2307 legis.
1499 2271 1597 2306 Legem
1629 2271 1673 2298 hic
1703 2270 1771 2298 dicit

984 2318 1141 2351 Mosaicam,
1163 2321 1190 2344 at
1206 2322 1296 2345 tamen
1316 2324 1370 2344 non
1399 2317 1489 2344 dixit:
1519 2317 1694 2344 Arbitramur
1718 2315 1770 2342 lide

982 2364 1128 2401 justiticari
1142 2363 1277 2396 Judaeum,
1291 2363 1349 2396 sed,
1365 2362 1512 2394 Hominem,
1526 2362 1598 2397 quod
1610 2362 1717 2397 quidem
1727 2366 1772 2389 est

984 2417 1130 2439 commune
1153 2415 1258 2437 naturae
1278 2416 1387 2436 nomen.
1417 2407 1492 2436 Unde
1515 2408 1681 2443 syllogisticc
1704 2407 1770 2434 sub-

981 2457 1072 2494 iunxit
1089 2465 1096 2483 :

1019 2502 1100 2531 Vsus.
1123 2502 1168 2529 29.
1183 2501 1223 2528 Au
1246 2500 1402 2527 Judteorum
1427 2499 1496 2526 Deus
1521 2499 1649 2526 tantum?
1676 2497 1771 2526 Nonne

983 2556 1070 2579 autem
1085 2554 1109 2578 et
1122 2549 1235 2585 gentium
1247 2548 1259 2574 ?
1272 2547 1330 2574 lmo
1346 2551 1370 2574 et
1385 2547 1512 2582 gentium.
1526 2545 1628 2574 Deinde
1641 2549 1770 2581 tanquam

984 2599 1153 2627 rertunt,et
1170 2594 1213 2621 cui
1244 2592 1393 2621 contradici
1425 2599 1479 2619 non
1506 2596 1605 2626 potest,
1637 2591 1770 2619 sententia
1822 2604 1827 2609 -

985 2641 1138 2670 conﬁrmat.

1016 2686 1279 2719 Vens.50.Quoniam
1285 2685 1387 2721 quidem
1395 2691 1461 2710 unus
1468 2689 1506 2711 est
1515 2682 1770 2717 Deus,quijusliﬁcnt

986 2731 1208 2760 cirrumcisionem
1216 2737 1248 2757 ea:
1259 2730 1320 2764 ﬁde,
1331 2733 1356 2756 et
1366 2728 1575 2763 pra'putiumper
1585 2725 1684 2760 ﬁdettt.'
1696 2724 1770 2751 Unus

985 2777 1262 2813 est,inquit,omnium
1270 2775 1425 2808 Deus,uuus
1433 2773 1553 2801 omnium
1562 2771 1657 2807 Opifex
1667 2779 1672 2797 :
1681 2774 1706 2796 et
1717 2767 1777 2795 ἢθη-ἱ
