2013 3114
239 176 272 207 8⁵1
732 177 976 208 THEODORETI
994 178 1163 208 EPISCOPI
1175 179 1359 209 CYRENSIS
1835 177 1870 210 88

237 237 293 257 non
313 232 402 264 potest
417 234 447 256 ut
462 228 559 257 horum
571 229 682 265 quidem
699 238 794 258 curam
810 236 897 267 gerat,
919 232 1018 260 illorun

1082 232 1134 259 τῶν
1154 232 1283 259 ἁπάντων
1298 233 1312 260 ὀ
1329 232 1500 268 Δημιουργός
1512 240 1519 248 ·
1538 231 1584 259 καὶ
1603 231 1653 268 οὺχ
1668 228 1724 259 οἷόν
1743 240 1774 258 τι
1788 232 1870 259 αὐτὸν

237 282 302 302 vero
317 282 372 302 non
384 279 470 310 gerat.
483 275 618 305 Omnibus
629 284 694 312 ergo
705 277 753 312 qui
762 277 877 305 credunt
886 299 893 311 ,
909 278 1026 306 salutem

238 320 350 356 praebet.
369 320 604 349 Circumcisionem
621 327 714 350 autem
731 327 810 350 vocat
826 322 946 355 Judazos,
962 331 1029 358 pra:-

236 368 341 402 putium
361 375 427 396 vero
448 367 505 404 46
524 372 630 404 gentes.
655 367 742 396 Solvit
768 376 851 404 porro
878 376 938 396 eam
963 376 1025 404 quae

237 415 335 443 incidit
352 415 544 450 objectionem.

272 460 353 489 Vens.
370 462 414 490 31.
428 461 520 497 Legem
533 470 592 497 ergo
605 461 765 489 destruimus
778 470 823 496 per
833 461 928 496 ﬁdem?
939 461 1026 495 Absit,

235 507 281 535 sed
297 507 378 543 legem
393 508 546 535 statuimus.
561 507 652 535 Multis
668 508 740 534 enim
751 507 806 542 jam
831 511 903 534 retro
919 507 1026 534 saxulis

235 559 262 580 et
277 553 318 580 lex
336 557 364 580 et
375 553 514 588 propheta:
526 553 559 581 de
572 553 623 580 ﬁde
636 554 828 588 praedixerunt.
846 552 941 580 Fidem
960 560 1025 587 ergo

225 599 440 634 suscipientes,
465 599 549 634 legem
579 599 787 627 conﬁrmamus.
814 598 916 626 Deinde
947 598 1026 626 alfert

235 645 332 672 horum
349 645 526 680 probationes
543 654 550 678 ;
566 649 593 673 et
614 653 676 673 rum
697 649 789 680 posset
817 645 934 679 plurima
960 652 1025 679 pro-

234 691 378 726 phetarum
403 692 563 719 testimonia
583 691 738 724 adducere,
755 690 843 726 pergit
873 690 907 717 ad
935 690 1022 725 ipsam

232 728 388 764 Iudaeorum
407 737 538 770 radicem,
552 741 578 764 et
595 737 715 764 ostendit
730 736 913 771 patriarcham
933 736 1022 762 Abra-

233 784 343 810 hamum
358 783 492 818 justitiam
508 791 557 819 per
581 783 660 811 ﬁdem
681 783 874 819 acquisivisse,
893 786 921 810 et
936 783 1021 810 dicit:

525 873 638 901 CAPUT
654 873 696 901 Ν.

1079 277 1133 304 τῶν
1161 278 1211 313 μὲν
1231 278 1437 313 ἐπιμελεῖσθαι,
1459 278 1522 310 τοὺς
1543 278 1572 305 δὲ
1599 277 1794 314 ἀτημελήτους
1810 279 1868 314 ὲᾷν.

1079 323 1183 350 Οὐκοῦν
1195 323 1281 350 ἅπασι
1294 325 1350 356 τοῖς
1363 324 1537 350 πιστεύουσιν
1552 323 1644 359 ὀρέγει
1656 324 1707 359 τὴν
1721 323 1870 359 σωτηρίαν.

1078 369 1165 396 Καλεῖ
1182 370 1211 396 δὲ
1234 370 1398 404 περιτομὴν
1416 371 1464 405 μὲν
1486 370 1548 402 τοὺς
1570 369 1724 402 Ἰουδαίους,
1744 370 1869 404 ἀκροϐυ-

1077 416 1168 442 στίαν
1182 416 1211 442 δὲ
1229 416 1263 442 τὰ
1277 416 1354 452 ἔθνη,
1371 416 1437 443 Λΰει
1452 416 1479 442 δὲ
1493 416 1540 443 καὶ
1551 415 1582 442 τδ
1599 415 1749 451 ὕφορμοῧν.

1111 461 1161 489 λα’.
1180 463 1281 497 Νόμον
1294 462 1329 489 δὲ
1346 462 1552 496 καταργοῦμεν
1580 461 1630 488 διὰ
1647 461 1704 494 τῆς
1719 461 1870 492 πίστεωςῖ

1076 507 1125 542 Μὴ
1139 507 1271 542 γένοιτο·
1295 508 1376 536 ἀλλὰ
1396 509 1491 542 νόμον
1513 505 1650 541 ἱστῶμεν.
1677 506 1797 532 Ἀνωθεν
1814 505 1868 541 γὰρ

1076 552 1123 578 καὶ
1133 552 1147 578 ὁ
1156 552 1247 587 νόμος,
1264 552 1311 579 καὶ
1326 552 1350 578 οἱ
1366 553 1515 588 προφῆται,
1527 550 1593 578 ait"
1608 550 1674 586 περὶ
1687 551 1737 586 τῆς
1749 549 1868 582 πίστεως

1075 597 1232 625 ἑθέσπισαν.
1254 598 1399 633 Δεχόμενοι
1415 598 1505 625 τοίνυν
1518 597 1567 633 τὴν
1582 596 1686 630 πίστιν,
1701 595 1868 631 βεϐαιοῦμεν

1074 643 1120 670 τὴν
1135 644 1226 679 νόμον.
1250 642 1316 671 Εἶτα
1332 644 1434 671 τούτων
1453 644 1605 679 προσφέρει
1626 643 1675 674 τὰς
1696 642 1867 674 ἀποδείξεις·

1075 689 1122 716 καὶ
1136 689 1267 721 πλείστας
1285 689 1456 725 παραγαγεῖν
1481 688 1632 723 δυνάμενος
1647 687 1703 714 τῶν
1718 686 1870 722 προφητῶν

1076 735 1244 770 μαρτυρίας,
1268 736 1312 762 ἐπ’
1337 735 1423 771 αὐτὴν
1449 736 1535 771 χωρεῖ
1562 734 1617 761 τῶν
1648 733 1784 759 Ἰουδαίων
1816 732 1867 767 τὴν

1074 781 1171 816 ῥίζαν,
1199 781 1247 808 καὶ
1268 781 1387 808 δείκνυσι
1411 781 1457 807 τὸν
1478 780 1653 816 πατριάρχην
1675 778 1801 814 Ἀϐραὰμ
1816 778 1869 814 τὴν

1072 827 1116 854 διὰ
1142 827 1260 859 πίστεως
1284 826 1458 862 δικαιοσύνην
1484 827 1676 862 κτησάμενον,
1705 825 1752 852 καί
1779 833 1867 860 φησι*

1350 872 1549 900 ΚΕΦΑΛΑΙΟΝ
1569 873 1595 898 A'

267 917 381 946 Ἴως-1.
395 918 466 952 Quid
482 926 543 954 ergo
557 919 673 945 dicemus
691 925 792 952 patrem
809 923 928 944 nostrum
942 917 1018 944 Αόναι

1112 922 1144 946 α’.
1165 919 1195 946 Τί
1212 916 1269 946 οὖν
1280 918 1407 953 ἐροῦμεν
1432 917 1555 952 Ἀϐραὰμ
1576 916 1629 944 τὸν
1645 915 1758 950 πατέρα
1780 914 1870 950 ἡμῶν

232 965 339 991 hamum
350 964 478 991 invenisse
492 963 634 991 aecurtdum
642 964 762 990 carnem?
778 963 909 997 Ecquam,
922 963 1020 998 inquit,

231 1013 376 1045 antequam
401 1009 538 1036 Abraham
572 1008 628 1036 Deo
643 1009 786 1040 crederet,
814 1007 947 1043 justitiam
961 1007 1021 1042 ejus

232 1063 282 1091 per
317 1063 401 1090 opera
427 1055 513 1083 fuisse
543 1055 718 1082 audivimus?
744 1054 893 1082 Secundum
916 1062 1022 1081 carnem

230 1100 303 1128 enim
316 1100 383 1132 dicit
407 1108 467 1128 eam
483 1107 543 1135 quae
559 1104 601 1127 est
614 1100 642 1127 in
657 1099 798 1134 operibus,
827 1098 958 1134 quoniam
972 1105 1021 1133 per

230 1154 332 1181 corpus
351 1154 433 1181 opera
452 1147 618 1181 peragimus.

267 1189 354 1218 Vsus.
366 1189 393 1217 2.
410 1189 440 1217 Si
467 1191 535 1217 enim
552 1189 685 1216 Abraham
703 1198 735 1217 ea:
746 1189 865 1225 operibus
884 1190 1020 1225 justi/ica-

230 1241 272 1263 tus
289 1236 437 1273 calt/labet
466 1235 726 1272 gloriationemncd
747 1244 799 1263 non
826 1236 895 1270 apud
922 1236 1018 1264 Deum.

229 1283 368 1312 Bonorum
385 1292 498 1320 operum
513 1283 644 1320 perfectio
659 1291 707 1311 eos
719 1285 765 1319 qui
777 1289 928 1319 operantur
941 1291 1020 1311 coro-

229 1335 289 1364 nat,
312 1331 359 1358 sed
389 1331 436 1358 Dei
462 1330 659 1365 benignitatem
691 1337 745 1357 non
779 1329 909 1357 ostendit.
937 1330 1019 1357 Fides

229 1380 321 1405 autent
339 1380 487 1411 utrumque
515 1375 693 1403 manifestum
721 1375 795 1408 facit,
821 1379 848 1402 et
882 1375 942 1410 ejus
971 1375 1018 1410 qui

227 1422 317 1450 credit
333 1423 360 1449 in
375 1421 458 1449 Deum
471 1421 609 1453 aﬁectum.
621 1425 648 1448 et
661 1421 709 1448 Dei
719 1421 912 1456 benignitatem
925 1430 930 1448 :
947 1429 1018 1456 quo-

228 1468 303 1495 niam
319 1467 474 1502 approbans
490 1467 581 1499 iidem,
605 1475 666 1494 eum
682 1467 728 1502 qui
744 1467 789 1494 illa
813 1467 943 1502 praeditus
966 1472 1017 1500 est,

228 1514 362 1541 victorem
380 1513 511 1541 declarat.
525 1513 558 1540 Et
573 1513 625 1541 hoc
642 1513 788 1540 conﬁrmat
802 1521 851 1548 per
868 1513 1020 1548 Scriptum

228 1559 429 1588 testimonium.

262 1604 346 1636 Vsus.
362 1605 388 1633 5.
406 1604 477 1638 Quid
483 1605 553 1632 enim
564 1605 627 1632 dicit
639 1604 774 1640 Scriptura
787 1606 799 1633 ?
811 1605 921 1632 rredidit
936 1605 1019 1632 Abra-

227 1651 288 1678 ham
302 1650 365 1682 Deo,
378 1655 402 1678 et
414 1655 562 1686 reputatum
575 1655 612 1678 est
622 1650 662 1678 illi
671 1651 854 1686 adjustiliam.
870 1650 929 1678 Non
946 1650 1019 1678 enim

227 1705 261 1724 ex
276 1697 332 1733 lege
342 1697 425 1724 vitam
446 1697 594 1724 instituens
607 1696 784 1724 beatissimus
803 1696 939 1723 Abraham
950 1695 1021 1722 divi-

227 1751 293 1770 num
309 1742 496 1770 testimonium
512 1745 655 1770 assecutus
669 1746 711 1770 est
724 1763 731 1775 ,
745 1741 793 1770 sed
806 1742 832 1769 ei
848 1742 894 1776 qui
911 1741 1019 1769 vocavit

227 1789 345 1817 credens
358 1788 473 1824 iustitia:
486 1787 605 1815 l‘ructum
617 1787 739 1823 collegit.

260 1878 344 1906 Vsus.
366 1878 394 1906 ι.
416 1877 450 1904 Εἰ
465 1882 552 1905 autem
568 1878 613 1912 qui
629 1877 682 1913 47
699 1881 831 1912 operatur,
855 1885 950 1904 merces
967 1885 1017 1904 non

225 1925 371 1959 imputatur
379 1923 521 1951 secundum
534 1923 660 1958 gratiam,
673 1924 717 1950 sed
732 1923 874 1950 secundum
890 1923 1015 1950 debitum.

225 1970 359 2005 Uperator
375 1969 449 1996 enim
474 1969 592 2004 iustitiae
615 1969 768 1997 mercedem
787 1970 932 2005 postulat:
956 1969 1016 2004 jus-

224 2015 284 2042 titia
304 2018 396 2043 autem
415 2022 447 2042 ex
474 2015 526 2042 fide
551 2015 653 2043 donum
676 2020 719 2043 est
739 2015 787 2043 Dei
811 2016 1014 2043 universorum.

223 2061 282 2089 Hoc
297 2061 386 2088 enim‘
403 2060 501 2088 docent
513 2061 596 2088 etiam
612 2069 671 2096 qua:
687 2065 853 2097 sequuntur.

258 2106 341 2135 Vsus.
398 2106 429 2133 Ei
446 2114 503 2134 uero
518 2107 562 2142 qui
577 2115 628 2134 non
645 2113 780 2141 operatur,
798 2107 914 2134 credenti
927 2112 1014 2134 autent

226 2155 254 2180 in
267 2153 343 2180 illum
359 2152 404 2188 qui
417 2153 551 2187 justi/ica!
573 2153 693 2188 impium,
715 2158 853 2189 reputatur
879 2154 942 2188 fides
958 2155 1014 2188 ejus

223 2199 258 2226 ad
268 2198 413 2234 justitiam.
427 2199 496 2226 Cum
508 2199 547 2227 sic
560 2207 608 2234 per
620 2200 807 2235 patriarcham
825 2200 1014 2228 Abrahamum

1071 965 1230 1000 εὑρηκέναι
1256 965 1332 992 κατὰ
1356 964 1474 999 σάρκας
1495 963 1597 996 Ποίαν,
1621 963 1708 998 φησὶ,
1734 961 1789 996 πρὸ
1816 960 1868 987 τοῦ

1072 1011 1217 1038 πιστεῦσαι
1237 1011 1275 1046 τῷ
1291 1010 1350 1046 Θεῷ
1367 1011 1413 1037 τὸν
1436 1009 1574 1045 Ἀϐραὰμ,
1592 1007 1766 1043 δικαιοσύνην
1780 1005 1866 1034 αὐτοῦ

1071 1058 1105 1084 δι’
1121 1057 1209 1093 ἔργων
1233 1058 1423 1093 γεγενημένην
1452 1055 1628 1091 ἡκούσαμεν;
1650 1053 1732 1081 Κατὰ
1765 1052 1865 1086 σάρκα

1072 1104 1125 1139 γὰρ
1143 1104 1188 1140 τὴν
1205 1105 1235 1130 ἐν
1257 1103 1347 1138 ἔργοις
1362 1103 1436 1137 λέγει
1450 1123 1457 1135 ,
1476 1102 1626 1138 ἐπειδήπερ
1645 1100 1690 1127 διὰ
1704 1099 1752 1127 τοῦ
1770 1099 1865 1135 σώμα-

1071 1159 1116 1182 τος
1133 1149 1324 1185 ὲκπληροῦμεν
1338 1149 1372 1176 τὰ
1386 1149 1454 1184 ἔργα
1462 1148 1495 1175 ".

1107 1195 1139 1231 β’.
1163 1196 1197 1221 Et
1219 1194 1274 1229 γὰρ
1295 1194 1418 1228 Ἀϐραὰμ
1445 1193 1479 1225 ἐξ
1493 1193 1589 1228 ἔργων
1608 1190 1780 1225 ἐδικαιώθη,
1797 1189 1863 1226 ἔχει

1070 1242 1210 1276 καύχημα
1225 1249 1232 1255 ·
1252 1241 1321 1268 ἀλλ’
1338 1241 1374 1267 οὺ
1394 1239 1469 1274 πρὸς
1483 1239 1538 1266 τὸν
1557 1239 1641 1267 Θεόν.
1668 1238 1700 1265 Ἦ
1721 1238 1775 1265 τῶν
1793 1237 1863 1272 ἀγα-

1071 1286 1125 1313 θῶν
1143 1286 1231 1322 ἔργων
1252 1286 1429 1322 ἐκπλήρωσις
1445 1285 1542 1316 αὐτοὺς
1560 1285 1687 1319 στεφανοῖ
1699 1283 1762 1315 τοὺς
1779 1283 1863 1318 ἐργα-

1070 1331 1219 1368 ζομένους,
1246 1331 1295 1368 τὴν
1316 1332 1344 1358 δὲ
1366 1331 1412 1358 τοῦ
1429 1330 1498 1357 Θεοῦ
1521 1329 1727 1365 φιλανθρωπίαν
1752 1329 1783 1355 οὐ
1806 1327 1863 1354 δεί-

1069 1387 1164 1405 κνυσιν
1175 1387 1182 1395 -
1201 1379 1218 1413 ἡ
1236 1377 1264 1404 δὲ
1282 1377 1375 1409 πίστις
1390 1377 1533 1412 ἀμφότεραι
1557 1378 1629 1403 ποιεῖ
1644 1375 1722 1411 δῆλα,
1740 1374 1788 1402 καὶ
1813 1372 1864 1401 τοῦ

1069 1424 1284 1455 πεπιστευκότος
1300 1424 1350 1459 τὴν
1375 1423 1441 1458 περὶ
1455 1423 1500 1450 τὸν
1513 1423 1580 1449 Θεὸν
1594 1422 1714 1450 διάθεσιν
1724 1441 1731 1453 ,
1749 1421 1797 1448 καὶ
1813 1420 1863 1447 τοῦ

1069 1470 1137 1496 Θεοῦ
1165 1470 1195 1496 τὺ
1221 1469 1430 1505 φιλάνθρωπον·
1458 1470 1499 1496 ὅτι
1523 1468 1572 1503 τὴν
1599 1468 1691 1495 πίστιν
1716 1466 1862 1502 δεχόμενος

1069 1514 1253 1550 ἀνακηρύττει
1278 1514 1324 1542 τὸν
1350 1514 1529 1550 κεκτημένον.
1553 1513 1610 1540 Καὶ
1632 1512 1710 1539 τοῦτο
1737 1512 1781 1538 διὰ
1810 1511 1861 1546 τῆς

1070 1561 1212 1598 Γραφικῆς
1230 1560 1334 1596 βεϐαιοῖ
1352 1560 1517 1596 μαρτυρίας.

1106 1611 1141 1641 γ’.
1171 1607 1203 1634 Τί
1226 1607 1281 1641 γὰρ
1308 1607 1327 1640 ἡ
1357 1606 1464 1640 Γραφὴ
1497 1604 1595 1639 λέγει;
1622 1603 1803 1630 Ἐπίστευσε
1827 1602 1862 1629 δὲ

1077 1653 1200 1688 Ἀϐραὰμ
1210 1651 1250 1685 τῷ
1259 1651 1330 1685 Θεῷ,
1340 1651 1390 1678 καὶ
1397 1651 1540 1686 ἐλογίσθη
1555 1649 1634 1682 αὐτῷ
1650 1650 1693 1682 εἰς
1704 1648 1858 1675 δικαιοσύ-

1070 1708 1139 1733 νην.
1164 1700 1200 1726 Οὐ
1222 1700 1276 1733 γὰρ
1294 1698 1364 1724 κατὰ
1386 1697 1468 1732 νόμον
1486 1696 1716 1730 πολιτευσάμενος
1733 1697 1746 1721 ὁ
1772 1694 1860 1730 μακά-

1072 1754 1128 1781 ριος
1147 1744 1273 1780 Ἀϐραὰμ
1291 1744 1340 1778 τῆς
1355 1742 1432 1774 θείας
1448 1742 1602 1777 μαρτυρίας
1616 1741 1778 1776 τετύχηκεν,
1793 1740 1860 1766 ἀλλὰ

1069 1791 1107 1826 τῷ
1124 1790 1270 1825 κεκλτδιὸτι
1283 1788 1432 1820 πιστεύσας
1447 1788 1496 1823 τῆς
1518 1787 1693 1822 δικαιοσύνης
1716 1787 1761 1814 τὸν
1776 1786 1859 1813 πλοῦ-

1069 1845 1113 1863 τον
1129 1836 1272 1871 ἐτρύγησε.

1103 1882 1133 1908 δ’.
1161 1881 1202 1914 TqB
1223 1881 1257 1907 δὲ
1277 1879 1459 1915 ἐργαζομένῳ
1476 1880 1492 1906 ὁ
1514 1879 1625 1914 μισθὸς
1650 1879 1686 1905 οὐ
1712 1876 1858 1911 λογίζεται

1068 1928 1143 1955 κατὰ
1160 1927 1262 1962 χάριν,
1283 1926 1364 1954 ἀλλὰ
1385 1926 1460 1954 κατὰ
1488 1926 1648 1960 ὀφείλημα.
1681 1924 1712 1950 ’0
1733 1923 1787 1958 γὰρ
1809 1922 1859 1957 τῆς

1067 1971 1238 2007 δικαιοσύνης
1261 1971 1382 2008 ἐργάτης
1406 1971 1503 2007 μισθὸν
1527 1971 1658 1997 ἀπαιτεῖ·
1678 1970 1694 2005 ἡ
1712 1969 1740 1995 δὲ
1757 1969 1790 1994 ὲκ
1814 1968 1858 1994 πί-

1069 2027 1152 2050 στεως
1171 2018 1326 2052 δικαιοσύνη
1350 2017 1436 2052 δῶρόν
1460 2017 1517 2043 εστι
1540 2016 1587 2043 τοῦ
1612 2015 1666 2042 τῶν
1687 2015 1755 2042 ὅλων
1777 2013 1855 2041 Θεοῦ.

1067 2065 1151 2092 Τοῦτο
1167 2066 1221 2101 γὰρ
1235 2065 1356 2092 διδάσκει
1369 2064 1416 2091 καὶ
1433 2063 1467 2090 τὰ
1481 2063 1555 2098 ἑξῆς.

1101 2115 1130 2138 ε’.
1152 2111 1197 2144 Τῷ
1216 2111 1250 2137 δὲ
1275 2110 1318 2145 μὴ
1334 2109 1535 2145 ἐργαζομένῳ,
1559 2108 1731 2135 πιστεύοντι
1756 2106 1790 2133 δὲ
1806 2106 1855 2133 ἐπὶ

1066 2159 1120 2185 τὸν
1144 2158 1317 2185 δικαιοῦντα
1343 2157 1397 2183 τὸν
1410 2155 1505 2189 ἀσεϐῆ
1518 2175 1525 2186 ,
1553 2154 1700 2189 λογίζεται
1714 2154 1733 2186 ή
1751 2154 1855 2185 πΙστις

1065 2205 1158 2232 αὑτοῦ
1177 2205 1220 2237 εἰς
1236 2203 1445 2236 δικαιοσύνην.
1468 2200 1547 2228 υῦτω
1563 2201 1606 2227 διὰ
1621 2200 1667 2226 τοῦ
1684 2199 1855 2234 πατριάρχου

221 2245 391 2274 ostendisset
418 2246 498 2273 tidem
527 2254 590 2274 esse
610 2247 802 2282 antiquiorem
829 2247 899 2282 lege,
927 2248 1010 2275 alium

1073 2250 1195 2286 Ἀϐραὰμ
1208 2250 1298 2282 δείξας
1319 2249 1364 2275 τοῦ
1379 2248 1462 2284 νόμου
1482 2246 1672 2282 πρεσϐυτέραν
1686 2246 1735 2280 τὴν
1751 2245 1854 2276 πίστιν,

222 2300 321 2320 rursus
335 2292 463 2320 idoneum
478 2293 560 2328 hujus
581 2298 677 2321 testem
696 2294 773 2324 citat.
788 2294 873 2321 David
895 2295 1011 2329 prophe-

222 2343 277 2364 tam
289 2341 316 2365 et
329 2345 418 2373 regem
434 2338 494 2365 :eui
508 2339 700 2366 universorum
711 2338 782 2366 Deus
796 2338 884 2367 factas
896 2340 1012 2368 Abraha:

221 2383 420 2418 promissiones
455 2384 606 2411 renovavit.
637 2384 713 2412 Sicut
745 2385 817 2412 enim
848 2386 1011 2420 patriarcha:

219 2429 376 2458 Abrahamo
397 2431 537 2465 pollicitus
554 2435 597 2458 est
611 2438 640 2458 se
654 2431 680 2458 in
692 2431 751 2466 ejus
765 2432 870 2459 semine
881 2433 1010 2461 omnibus

218 2475 346 2512 gentibus
361 2477 578 2509 benediclurum,
596 2477 631 2504 ita
647 2478 727 2505 etiam
742 2478 811 2505 dixit
837 2478 1010 2507 divinissimo

220 2522 314 2550 Davidi
331 2532 354 2549 ιι
370 2522 458 2550 Semel
472 2523 563 2558 juravi
594 2523 620 2550 in
646 2528 741 2551 sancto
764 2531 844 2556 meo,
873 2525 895 2551 si
915 2524 1009 2552 Davidi

220 2569 353 2596 mentiar:
371 2576 464 2597 semen
475 2569 536 2604 ejus
551 2574 642 2597 manet
656 2570 683 2597 in
697 2570 838 2601 szeculum,
854 2574 881 2597 et
894 2570 1009 2598 thromis

219 2614 281 2649 ejus
298 2619 428 2651 tanquam
459 2616 498 2643 sol
519 2624 611 2643 coram
643 2624 702 2650 me,
727 2620 754 2643 et
785 2619 915 2651 tanquam
946 2617 1009 2644 luna

222 2660 342 2695 perfecta
360 2662 386 2689 in
404 2665 548 2695 aeternum,
566 2667 594 2690 et
617 2663 694 2690 testis
715 2662 742 2689 in
757 2662 827 2690 ccelo
848 2662 935 2691 lidelis
958 2664 967 2683 τ
984 2673 1008 2690 ,ι

257 2739 266 2760 ι
288 2739 359 2768 Psal.
374 2748 505 2773 Lxxxvln,
520 2741 564 2773 56,
582 2741 625 2768 58.

1064 2296 1158 2332 ἕτερον
1187 2295 1269 2322 πάλιν
1300 2294 1449 2330 ἀξιόχρεων
1482 2293 1609 2329 μάρτυρα
1645 2291 1747 2326 ταύτης
1777 2291 1857 2318 καλεῖ

1064 2342 1146 2369 Δαϐὶδ
1159 2341 1204 2369 τὸν
1222 2341 1367 2377 προφήτην
1387 2341 1434 2367 καὶ
1459 2339 1572 2375 βασιλέα
1586 2359 1592 2371 ,
1621 2338 1690 2373 πρὸς
1710 2337 1740 2363 ὃν
1763 2337 1778 2363 ό
1801 2337 1855 2363 τῶν

1063 2388 1132 2415 ὅλων
1146 2387 1211 2419 Θεὸς
1226 2386 1395 2414 ἀνενεώσατο
1413 2386 1462 2417 τὰς
1476 2385 1546 2420 πρὸς
1568 2384 1614 2411 τὸν
1635 2383 1762 2418 Ἀϐραὰμ
1775 2390 1855 2416 γεγε-

1063 2434 1215 2470 γενημένας
1232 2433 1406 2468 ἐπαγγελίας,
1425 2433 1532 2466 ’Ὠσπερ
1554 2430 1608 2466 γὰρ
1630 2429 1669 2464 τῷ
1694 2428 1855 2464 πατριάρχῃ

1064 2481 1197 2516 ὑπέσχετο
1217 2480 1352 2516 Ἀϐραὰμ,
1373 2480 1402 2506 ὲν
1418 2478 1457 2514 τῷ
1481 2478 1618 2513 σπέρματι
1641 2475 1721 2502 αὑτοῦ
1738 2475 1854 2510 εὐλογήε

1065 2534 1120 2552 σειν
1132 2526 1219 2552 πάντα
1230 2525 1264 2552 τὰ
1272 2525 1346 2560 ἔθνη,
1355 2524 1425 2552 οὕτω
1439 2522 1535 2558 καὶτῷ
1546 2522 1675 2554 θειοτάτῳ
1688 2520 1739 2556 ἔφη
1753 2520 1835 2546 Δαϐίδ
1845 2529 1852 2536 ·

1066 2581 1074 2597 ι
1097 2571 1187 2603 "Ai-ag
1209 2571 1305 2606 ὤμοσα
1333 2572 1362 2598 ὲν
1384 2570 1423 2605 τῷ
1450 2569 1520 2604 ἁγίῳ
1548 2576 1616 2603 μου,
1645 2567 1669 2593 εἱ
1705 2566 1744 2601 τῷ
1769 2566 1853 2592 Δαδὶδ

1062 2617 1200 2652 ψεύσομαι
1214 2626 1220 2633 ·
1239 2618 1269 2644 τὸ
1287 2618 1397 2652 σπέρμα
1417 2615 1499 2643 αὐτοῦ
1520 2615 1560 2646 εἰς
1582 2614 1628 2640 τὸν
1652 2612 1738 2639 αἰῶνα
1757 2612 1852 2648 μένει,

1065 2664 1112 2690 καὶ
1127 2665 1140 2690 ὸ
1155 2663 1248 2699 Θρόνος
1267 2663 1347 2691 αὐτοῦ
1361 2663 1398 2695 ὡς
1410 2663 1424 2689 ὁ
1437 2661 1512 2697 ἥλιος
1529 2659 1650 2687 ἐναντίον
1671 2667 1732 2694 μου,
1753 2658 1800 2685 καὶ
1815 2658 1853 2690 ὡς

882 2813 997 2841 ῩΑῘΗιΕ
1016 2811 1213 2842 LECTIOP‘ES.

256 2857 277 2872 "
342 2857 417 2884 deest
428 2857 496 2897 apud
505 2857 617 2885 meum.
657 2857 877 2897 “ﬁlicumcnius
896 2860 988 2897 ἐπειδὴ
999 2860 1018 2886 δι

1074 2861 1107 2895 ἧς
1127 2861 1226 2896 σαρκὸς
1243 2859 1405 2897 ἐκτελοῦμεν
1421 2869 1444 2886 τ.
1459 2869 1482 2886 ε.
1499 2859 1604 2888 Pariter
1615 2857 1747 2886 Theodul.
1759 2865 1848 2893 quan~

218 2892 252 2920 o'o
264 2893 362 2927 pridem
377 2900 423 2927 per
438 2893 522 2927 ipsam
540 2900 648 2921 carnem
663 2893 790 2922 nimirum
802 2902 882 2930 opera
898 2892 1052 2930 perlicimus
