2013 3114
147 182 181 213 89

570 185 876 216 INTERI’RETATIO
895 187 1014 218 EPIST.
1036 189 1085 218 AD
1105 189 1193 219 ROM.
1214 189 1294 219 CAP.
1314 189 1364 224 IV,

1736 195 1773 226 ω

149 239 165 273 ἠ
182 237 290 284 σελήνη
303 238 507 284 κατηρτισμένη
522 240 562 272 είς
575 241 621 267 τὸν
635 241 722 269 αἰῶνα
735 250 742 257 ·
761 244 810 270 καὶ
826 244 840 271 ὁ
865 244 935 279 μάρ-

985 244 1018 272 Ει
1032 253 1128 273 rursus
1143 254 1151 273 :
1170 255 1179 271 (
1200 245 1303 274 Ponam
1319 246 1347 274 in
1365 246 1434 273 mari
1446 254 1557 275 manum
1569 248 1674 284 ipsius.
1698 254 1725 278 et
1742 251 1771 278 iu

147 291 194 315 τυς
212 283 242 309 ἑν
265 283 373 319 οὐρανῷ
398 284 501 317 πιστός.
521 295 530 311 ι
551 287 606 313 Καὶ
622 288 719 314 πάλιν·
742 299 751 315 ι
763 289 887 325 Θήσομαι
904 291 933 316 ὲν

148 329 270 364 θαλάσσῃ
284 331 362 365 χεῖρα
372 330 464 364 αὐτοῦ,
478 331 524 358 καὶ
535 333 563 358 ὲν
575 336 707 369 ποταμοῖς
716 335 806 368 δεξιὰν
820 336 912 363 αὐτοῦ.
920 346 930 362 ι

149 375 203 402 Καὶ
226 373 324 407 αὖθις·
345 385 354 402 ι
378 377 434 404 Καὶ
460 379 696 414 προσκυνήσουσιν
729 381 803 417 αὑτῷ
835 382 933 413 πάντες

148 420 171 447 οἱ
192 420 311 455 βασιλεῖς
326 422 374 457 τῆς
399 422 464 457 γῆς,
487 423 576 451 πάντα
597 424 632 451 τὰ
655 425 718 460 ἔθνη
746 426 933 454 δουλεύσουσιν

148 465 231 500 αὐτῷ,
252 475 261 491 ι
282 467 328 492 καὶ
346 466 380 493 τὰ
402 467 509 499 τούτοις
537 469 698 504 προσόμοια.
715 471 770 496 Καὶ
786 471 933 508 ἐπειδήπερ

147 512 191 538 si»:
208 513 344 548 μακάριον
359 513 459 545 ἔδειξεν
478 514 603 550 Ἀϐραὰμ
619 516 663 542 διὰ
689 516 807 549 πίστεως
822 517 871 552 τὴν
893 518 931 544 δι-

148 556 296 592 καιοσύνην
307 558 489 593 κτησάμενον,
502 559 556 593 πρὸ
567 559 595 586 δὲ
610 560 658 595 τῆς
672 561 720 587 τοῦ
735 561 817 596 νόμου
831 561 931 594 θέσεως

153 600 279 636 Ἀϐραὰμ
300 602 440 636 ἐγεγόνει,
479 604 636 638 ἀναγκαίως
658 605 703 632 τὸν
734 606 816 634 Δαὸὶδ
842 607 895 634 ὑπὸ
911 605 952 642 τῷ

147 647 250 682 χάριτι,
270 648 317 675 καί
331 657 397 683 φησι
409 657 416 664 ·

183 690 261 727 ς’-η’.
288 692 425 728 Καθάπερ
447 694 497 720 καὶ
524 695 614 722 Δαϐίὸ
630 695 711 731 λέγει
729 696 783 723 τὸν
804 704 929 731 μακαρι-

147 737 226 771 σμὸν
239 738 293 765 τοῦ
313 738 481 773 ἀνθρώπου,
496 737 520 774 ᾧ
536 742 552 768 ό
567 742 639 775 Θεὸς
659 742 805 777 λογίζεται
824 743 932 770 δικαιο-

147 782 247 815 σύνην
263 783 352 816 χωρὶς
373 783 478 818 ἔργων’
496 785 640 820 Μακάριοι
656 783 700 813 ὧν
726 787 883 822 ἀφέθησαν
901 790 932 815 αἱ

147 828 283 862 ἀνομίαι,
310 829 359 856 καὶ
383 827 428 857 ὦν
449 830 705 866 ἐπεκαλύφθησαν
732 834 764 860 al
784 833 931 868 ἁμαρτίαι.

147 873 298 928 διακάριος
324 875 418 928 tirno,
444 873 468 910 ᾧ
498 878 534 904 οὐ
559 878 602 912 μὴ
635 878 795 913 λογίσηται
824 879 932 913 Κύριος
950 901 970 928 Β

148 919 303 953 ἁμαρτίαν.
328 921 357 947 '0
374 921 472 956 νόμος,
490 922 574 958 φησὶ,
596 924 651 955 τοῖς
667 924 856 959 ἁμαρτάνουσι
883 924 933 959 τὴν

148 965 283 1000 τιμωρίαν
299 966 425 1000 ἐπήγαγε
439 975 446 982 ο
465 968 480 993 ὁ
493 967 521 993 δὲ
540 968 685 1004 Προφήτης
708 967 854 1004 μακαρίζει
871 970 933 1002 τοὺς

148 1010 201 1037 τῶν
226 1011 433 1046 ἁμαρτημάτων
452 1012 614 1048 δεξαμένους
638 1014 686 1049 τὴν
714 1014 822 1049 ἄφεσιν.
849 1015 934 1050 Δῆλον

148 1055 237 1082 τοίνυν
253 1055 292 1087 ὠς
306 1056 340 1083 τὰ
362 1057 483 1092 ἡμέτερα
505 1058 672 1094 μακαρίζει,
693 1059 805 1094 καὶτῆς
824 1060 934 1095 χάριτος

150 1101 332 1137 προαγορεύει
356 1103 390 1130 τὰ
414 1103 498 1138 δῶρα.
524 1104 649 1130 Δείκνυσι
674 1105 702 1131 δὲ
724 1105 824 1141 ταύτην
849 1105 934 1133 ἅπασι

151 1150 345 1185 προκειμένην,
366 1151 412 1177 καί
427 1159 493 1185 φησι
514 1152 574 1178 κατ’
591 1152 740 1187 ἐρώτησιν·

185 1195 218 1223 0’.
243 1195 274 1222 '0
286 1196 478 1231 μακαρισμὸς
494 1195 551 1225 οὗν
571 1195 662 1230 οὗτος
677 1198 727 1225 ἐπὶ
750 1199 807 1234 τὴν
821 1206 935 1234 περιτο-

148 1239 221 1275 μὴν,
235 1240 254 1274 ἢ
270 1240 319 1267 καὶ
331 1241 380 1268 ἐπὶ
394 1241 451 1275 τὴν
464 1242 685 1276 ἀκροϐυστίαν;
701 1242 768 1271 Εἶτα
784 1244 864 1272 πάλιν
881 1245 934 1271 ἀπὺ

151 1284 196 1311 τοῦ
228 1285 399 1321 πατριάρχου
426 1286 555 1322 Ἀϐραὰμ
585 1287 728 1323 συνίστησι
759 1288 788 1315 τὸ
821 1289 934 1325 προκεί-

152 1337 241 1365 μενον.

183 1375 316 1411 Δέγομεν
329 1376 385 1411 τὰρ
396 1376 441 1404 ὅτι
451 1377 593 1411 ἐλογίσθη
605 1378 645 1411 τῷ
659 1379 783 1414 Ἀϐραὰμ
797 1380 816 1414 ἠ
832 1380 934 1414 πίστις

151 1422 193 1454 εις
217 1421 425 1457 δικαιοσύνην.
450 1422 514 1458 (ι’.)
535 1424 602 1457 Πῶς
629 1422 686 1452 οὖν
710 1426 874 1460 ἐλογίσοη;
899 1427 935 1454 ὲν

150 1467 292 1502 περιτομῇ
307 1467 386 1500 ὄντι,
408 1468 427 1502 ἢ
445 1468 480 1495 ἐν
493 1468 694 1503 ἀκροϐυστίᾳ;
712 1470 773 1497 Οὐκ
794 1470 829 1497 ἐν
855 1478 935 1505 περι-

151 1512 235 1547 τομῇ.
249 1513 320 1540 ἀλλ’
338 1514 373 1540 ἐν
394 1514 586 1548 ἀκροϐυστίᾳ.
606 1515 724 1548 Ἔδειξεν
744 1516 773 1542 οὺ
794 1516 873 1551 μόνον
887 1517 933 1543 τοῦ

151 1559 242 1594 νόμου,
259 1559 329 1586 ἀλλὰ
342 1560 390 1586 καὶ
407 1560 491 1594 αὐτῆς
510 1560 559 1595 τῆς
573 1561 725 1596 περιτομῆς
742 1561 932 1597 πρεσϐυτέραν
947 1567 968 1598 c

150 1606 199 1642 τὴν
213 1606 315 1637 πίστιν,
333 1607 381 1633 καὶ
401 1606 441 1633 ὃτι
458 1606 511 1641 πρὸ
532 1607 581 1641 τῆς
596 1607 748 1642 περιτομῆς
761 1608 775 1634 ὁ
798 1609 935 1644 πατριάρ-

151 1661 200 1687 χης
213 1652 262 1687 τῆς
278 1652 348 1678 κατὰ
358 1651 408 1687 τὴν
421 1652 512 1678 πίστιν
529 1652 701 1686 δικαιοσύνης
714 1652 764 1688 τὴν
781 1653 934 1689 μαρτυρίαν

151 1697 269 1730 ἐδέξατο.
295 1696 350 1724 Ποῦ
373 1697 461 1724 τοίνυν
479 1697 564 1724 ἐδεῖτο
588 1698 638 1733 τῆς
655 1696 816 1734 περιτομῆς,
832 1699 881 1734 τὴν
903 1701 934 1726 ἐκ

151 1744 266 1776 πίστεως
291 1742 463 1779 δικαιοσύνην
488 1743 679 1779 κτησάμενοςς
706 1745 832 1772 Διδάσκει
855 1745 934 1772 τοῦτο

153 1789 254 1824 σαφῶς.

186 1838 231 1862 ια’.
251 1834 305 1862 Καὶ
328 1834 454 1869 σημεῖον
473 1835 562 1862 ἔλαϐε
583 1836 761 1871 περιτομῆς,
785 1837 934 1872 σφραγῖδα

151 1879 203 1914 τῆς
226 1880 419 1914 δικαιοσύνης
435 1879 490 1914 τῆς
516 1881 645 1917 πίστεως
660 1881 713 1916 τῆς
735 1882 769 1908 ἐν
789 1881 827 1916 τῇ
849 1883 934 1916 ἀκρο-

152 1927 267 1960 ϐυστίᾳ.
288 1927 326 1953 Οὺ
344 1927 517 1960 δικαιοσύνη,
543 1928 642 1962 φησὶν,
665 1927 768 1962 ἐστὶνή
788 1929 933 1963 περιτομὴ,

152 1974 217 2001 ἀλλᾶ
243 1973 381 2009 μαρτυρία
407 1974 600 2010 δικαιοσύνης,
637 1974 684 2000 καὶ
717 1974 855 2009 σφραγὶς,
888 1975 934 2000 καὶ

153 2021 262 2054 σημεῖον
282 2019 332 2055 τῆς
358 2020 489 2052 πίστεως,
515 2020 549 2056 ἢν
575 2020 629 2056 πρὸ
651 2020 702 2055 τῆς
719 2021 868 2056 περιτομῆς
884 2021 934 2047 ἑπ-

153 2065 192 2092 εδε
197 2066 204 2092 ἰ
207 2065 280 2098 ξατο.

181 2111 232 2143 Εις
256 2111 289 2137 τὸ
315 2109 392 2138 εἶναι
417 2110 510 2137 αὐτὸν
529 2109 642 2144 πατέρα
669 2109 789 2137 πάντων
813 2111 873 2137 τῶν
887 2119 934 2137 πι-

152 2157 320 2183 στευόντων
339 2156 377 2183 δι’
401 2157 619 2190 ἀκροϐυστίας,
638 2157 681 2188 εὶς
703 2157 735 2183 τὸ
755 2156 934 2190 λογισθῆναι

152 2201 199 2228 και
214 2201 318 2235 αὺτοῖς
336 2201 394 2234 τὴν
422 2201 630 2235 δικαιοσύνην.
655 2201 724 2236 (ιβ’.)
742 2201 797 2228 Καὶ
822 2201 934 2235 πατέρα

152 2246 320 2280 περιτομῆς.
341 2244 404 2272 Ὧδε
423 2246 475 2281 χρὴ
491 2245 590 2277 στίξαι.
609 2246 733 2272 Δεὶκνυσι
750 2246 802 2281 γὰρ
817 2245 862 2272 τὸν
882 2254 935 2272 πα-

152 2291 293 2327 τριάρχην,
307 2292 414 2327 πρῶτον
429 2292 477 2327 μὲν
491 2292 545 2318 τῶν
557 2293 585 2318 ὲν
603 2292 772 2327 ἀκροϐυστίᾳ
786 2301 934 2319 πεπιστευ-

153 2337 235 2363 κότων
257 2337 364 2372 πατέρα
379 2345 385 2351 ·
413 2336 508 2372 ἐπειδὴ
533 2337 581 2363 καὶ
603 2337 684 2368 αὐτὸς
712 2336 880 2372 ἁκρόὸυστος
896 2337 934 2363 ὢν

153 2381 209 2413 ἔτι,
234 2382 264 2408 τὺ
291 2383 340 2417 τῆς
356 2382 473 2414 πίστεως
494 2382 578 2417 δῶρον
604 2382 787 2418 προσενήνοχε
804 2382 842 2416 τῷ
857 2382 932 2417 Θεῷ¹

152 2427 242 2454 ἔπειτα
269 2428 362 2462 μέντοι
387 2427 432 2454 καὶ
458 2427 608 2459 Ἰουδαίων,
641 2426 679 2458 ὡς
706 2427 755 2461 τῆς
782 2428 934 2462 περιτομῆς

152 2473 223 2508 αὐτῷ
236 2473 471 2507 κοινωνησάντων.
483 2474 538 2499 Καὶ
549 2474 579 2499 τὸ
594 2473 660 2499 αὐτὸ
671 2473 751 2499 πάλιν
766 2473 934 2508 σαφέστερον

151 2518 193 2545 διὰ
207 2518 262 2545 τῶν
288 2518 496 2554 ἐπιφερομένων
510 2518 629 2545 διδάσκει
642 2526 648 2533 ·
668 2520 709 2545 Οὐ
721 2518 784 2551 τοῖς
798 2518 831 2545 ἐκ
857 2526 936 2553 περι-

151 2563 241 2598 τομῆς
268 2565 384 2599 μόνον,
415 2564 494 2591 ἀλλὰ
518 2565 566 2591 καὶ
595 2564 657 2598 τοῖς
687 2565 845 2599 στοιχοῦσι
874 2565 935 2598 τοῖς

153 2610 249 2646 ἴχνεσι
270 2609 325 2643 τῆς
345 2610 474 2642 πίστεως
495 2609 549 2645 τῆς
564 2610 598 2636 ἐν
615 2610 652 2644 τῇ
674 2611 857 2643 ἀκροϐυστίᾳ
881 2611 934 2638 τοῦ

153 2656 261 2689 πατρὸς
284 2655 370 2690 ἡμῶν
389 2655 527 2690 Ἀϐραάμ.
543 2655 572 2682 Εἰ
586 2657 640 2691 γάρ
653 2664 696 2687 τις
710 2655 740 2688 ἐξ
750 2655 833 2682 ἐθνῶν
845 2655 935 2691 ὁρμώ-

154 2710 245 2734 μενος,
267 2702 315 2727 καὶ
335 2700 487 2736 περιτομὴν
507 2701 537 2727 οὐ
557 2700 733 2736 δεδεγμένος,
761 2701 933 2736 ἰχνηλατήσει

153 2747 198 2782 τὴν
214 2747 306 2773 πίστιν
324 2746 434 2781 ἐκείνην
462 2746 506 2773 τοῦ
535 2746 702 2782 πατριάρχου
717 2767 724 2779 ,
749 2747 783 2781 ῆν
806 2747 858 2782 πρδ
885 2747 934 2781 τῆς

154 2792 301 2827 περιτομῆς
319 2791 475 2824 ἐπεδείξατο
487 2812 493 2824 ,
512 2791 562 2826 τῆς
585 2791 689 2818 ἐκείνου
707 2791 867 2826 συγγενείας
884 2791 933 2818 οὐκ

186 2881 197 2900 ε
217 2879 288 2908 l’sal.
307 2879 494 2913 ικυιίιι,26.
534 2880 546 2900 ιι
567 2879 637 2909 Psal.
653 2888 732 2913 Lxxt,
751 2881 791 2907 ii.

950 2233 971 2260 D

985 291 1074 319 ﬂuviis
1091 291 1211 319 dextram
1229 292 1288 327 ejus
1319 293 1331 312 ε
1344 313 1351 319 .
1374 302 1383 318 ι
1403 292 1436 319 Et
1451 294 1566 321 rursus‘:
1583 304 1592 320 (
1615 295 1647 322 Et
1673 296 1770 323 adora.

985 336 1054 363 bunt
1073 343 1133 364 eum
1151 344 1246 364 omnes
1269 344 1346 372 reges
1363 340 1442 364 terno
1457 346 1464 364 :
1491 345 1586 365 omnes
1598 343 1692 373 gentes
1713 348 1770 367 ser-

985 382 1060 409 vient
1086 382 1157 414 eih,
1180 391 1189 408 ι
1217 386 1244 409 et
1269 387 1367 409 caetera
1397 382 1544 417 ejusmodi.
1577 383 1610 410 Et
1643 386 1770 419 quoniam

985 427 1103 454 ostendit
1118 427 1227 454 beatum
1246 427 1430 454 Ahrahamum
1455 435 1504 462 per
1529 428 1609 455 ﬁdem
1635 429 1769 463 justitiam

987 472 1192 507 acquisivisse,
1219 477 1365 507 antequam
1390 476 1480 500 autem
1506 473 1568 500 data
1597 474 1641 501 lex
1673 480 1744 501 esset
1761 494 1767 505 .

985 515 1120 543 Abraham
1133 515 1232 549 fueral,
1245 517 1369 552 apposite
1380 518 1499 545 ostendit
1511 517 1649 551 Davidem.
1663 519 1709 554 qui
1719 519 1769 547 sub

986 563 1045 596 lege
1061 562 1126 589 vixit
1138 582 1144 594 .
1159 562 1218 590 ﬁdei
1237 564 1422 591 testimonium
1437 564 1556 597 dedisse,
1575 568 1601 592 et
1615 564 1682 592 dicit
1695 573 1703 592 :

987 607 1062 642 νόμῳ
1087 607 1316 644 πολιτευσάμενον
1331 629 1339 642 ,
1367 609 1487 636 δείκνυσι
1523 609 1712 645 μαρτυροῦντα
1737 611 1771 646 τῇ

1017 695 1100 725 Vsus.
1111 697 1168 724 6-8.
1182 697 1256 725 Sicut
1267 703 1291 725 et
1301 698 1385 725 David
1395 699 1459 726 dicit
1479 699 1666 727 beatitudinem
1685 699 1772 726 Itami-

983 743 1034 776 nis,
1052 744 1095 770 cui
1118 744 1188 771 Deus
1204 748 1310 778 accepto
1327 744 1377 779 fert
1389 745 1526 779 justitiam
1549 746 1606 772 sine
1629 745 1748 780 operibus
1760 753 1771 772 :

982 788 1059 816 Beati
1073 797 1183 825 quorum
1207 790 1326 817 remissa,-
1344 796 1405 817 umt
1425 791 1593 826 iniquitates,
1614 795 1639 818 et
1658 799 1770 826 quorum

983 838 1049 860 tecta
1064 838 1125 861 sunt
1145 840 1261 868 peccata.
1279 835 1377 863 Beatus
1398 836 1437 863 vir
1459 837 1502 863 cui
1527 844 1579 863 non
1605 836 1770 870 imputaverit

984 879 1112 907 Dominus
1122 880 1177 916 48
1189 886 1333 914 peccatum.
1347 881 1414 914 Lex,
1433 881 1532 917 inquit,
1547 882 1581 909 iis
1591 882 1636 917 qui
1656 886 1770 917 peccant

984 926 1147 961 supplicium
1172 927 1265 954 intulit
1290 935 1298 953 :
1320 927 1453 962 propheta
1485 932 1575 955 autem
1600 935 1648 954 eos
1675 927 1772 954 beatos

982 970 1131 1004 existimat,
1144 972 1189 1006 qui
1200 975 1374 1007 peccatorum
1392 972 1580 1000 remissionem
1593 977 1767 1007 acceperunt.

983 1016 1155 1044 Manifestum
1171 1022 1214 1045 est
1240 1026 1315 1053 ergo,
1338 1018 1410 1053 quod
1433 1026 1483 1046 nos
1509 1019 1604 1046 beatos
1630 1019 1767 1053 praedicet,

983 1067 1010 1088 et
1023 1062 1116 1097 gratia:
1135 1062 1205 1089 dona
1220 1063 1320 1091 laudet.
1337 1062 1462 1091 Ostendit.
1475 1068 1565 1091 autem
1587 1064 1656 1090 hanc
1678 1063 1769 1091 omni-

983 1107 1035 1136 bus
1046 1115 1107 1136 esse
1122 1109 1299 1144 propositam,
1314 1113 1340 1137 et
1351 1110 1415 1137 dicit
1433 1117 1481 1145 per
1508 1109 1746 1145 interrogationem
1760 1118 1766 1137 :

1019 1197 1102 1225 Vsus.
1120 1198 1146 1226 9.
1167 1198 1309 1225 Beatitudo
1324 1206 1383 1234 ergo
1395 1198 1450 1226 luet:
1465 1199 1493 1225 in
1511 1199 1717 1231 circumcisione,
1733 1206 1767 1224 an

983 1243 1063 1270 etiam
1081 1244 1109 1270 in
1130 1245 1280 1278 praeputio?
1302 1243 1404 1271 Deinde
1429 1251 1527 1272 rursus
1551 1252 1585 1272 ex
1613 1243 1768 1279 patriarcha

984 1289 1140 1316 Abrahamo
1152 1289 1294 1318 conﬁrmat
1308 1289 1335 1317 id
1353 1290 1426 1325 quod
1439 1294 1481 1318 est
1493 1290 1673 1325 propositum.

1020 1375 1140 1403 Dicimus
1167 1376 1235 1403 enim
1261 1375 1330 1411 quod
1351 1380 1473 1411 reputata
1497 1380 1536 1402 est
1564 1375 1677 1402 Abrahw
1702 1374 1769 1410 [ideo

984 1417 1018 1444 ad
1038 1418 1185 1453 justitiam.
1203 1417 1302 1453 (Vsus.
1318 1418 1380 1453 10.)
1397 1417 1533 1451 Quomodo
1559 1425 1618 1452 ergo
1645 1421 1769 1450 reputate

983 1464 1037 1491 est?
1053 1463 1084 1490 Ei
1098 1464 1143 1498 qui
1158 1468 1214 1490 erat
1226 1464 1253 1490 in
1268 1464 1475 1495 circumcisione,
1494 1472 1528 1490 an
1547 1464 1570 1490 ei
1593 1463 1637 1497 qui
1653 1463 1680 1488 in
1700 1470 1769 1496 pra:-

984 1511 1076 1544 putio?
1090 1509 1150 1536 Non
1166 1510 1192 1536 in
1211 1509 1420 1540 circumcisione,
1449 1508 1493 1536 sed
1511 1509 1538 1535 in
1553 1508 1693 1542 prteputio.
1720 1506 1771 1534 Os-

985 1555 1071 1583 tendit
1088 1562 1142 1582 non
1155 1555 1244 1582 solum
1256 1554 1386 1590 lege._sed
1399 1555 1456 1588 ipsa
1466 1553 1545 1581 etiam
1558 1553 1770 1580 circunu:isionc

985 1601 1064 1629 tidem
1081 1608 1142 1628 esse
1158 1601 1350 1635 antiquiorem,
1366 1604 1392 1627 et
1405 1599 1477 1634 quod
1492 1603 1554 1625 ante
1577 1598 1767 1625 circumcisio-

985 1652 1046 1672 nem
1070 1644 1225 1679 patriarcha
1247 1644 1362 1678 justitite
1374 1644 1524 1671 secundum
1549 1642 1627 1670 ﬁdem
1649 1642 1771 1669 testimo-

984 1691 1060 1718 nium
1079 1690 1195 1725 accepit.
1218 1689 1335 1717 Ubinam
1350 1690 1358 1700 '
1373 1697 1436 1724 ergo
1464 1688 1675 1716 circumcisione
1701 1695 1770 1721 opus

984 1737 1101 1764 habebat
1130 1737 1177 1771 qui
1204 1744 1236 1764 ex
1263 1736 1317 1763 ﬁde
1340 1735 1475 1770 justitiam
1504 1733 1689 1769 acquisierat?
1711 1733 1771 1760 Hoc

985 1788 1077 1818 aperte
1097 1782 1185 1810 docet.

1023 1828 1104 1856 Vens.
1133 1828 1176 1855 Η.
1202 1827 1237 1854 Et
1266 1827 1366 1861 accepit
1396 1826 1500 1861 signant
1538 1825 1768 1859 circumcisionis,

985 1874 1148 1909 signaculum
1159 1873 1272 1908 justiliw
1288 1873 1350 1907 ﬁdei
1366 1881 1423 1908 qua:
1441 1877 1479 1899 est
1503 1872 1530 1898 in
1553 1871 1690 1905 prwputio.
1710 1870 1765 1897 Non

985 1925 1037 1952 est,
1054 1919 1160 1954 inquit,
1174 1919 1348 1946 circumcisio
1370 1918 1488 1952 iustitia,
1508 1917 1557 1944 sed
1583 1916 1768 1944 testimonium

983 1965 1108 2000 iustitiae,
1124 1968 1150 1992 et
1166 1965 1350 1999 signaculum,
1366 1968 1393 1991 et
1408 1963 1515 1998 signum
1531 1961 1593 1989 ﬁdei
1610 1969 1691 1997 quam
1706 1967 1770 1988 ante

986 2010 1222 2038 circumcisionem
1237 2009 1407 2037 exhibuerat.

1023 2108 1056 2136 Ut
1072 2109 1106 2136 sit
1127 2112 1201 2143 pater
1225 2107 1341 2135 omnium
1358 2105 1517 2133 credentium
1540 2113 1586 2140 per
1600 2105 1767 2140 prwputiam,

985 2161 1012 2182 ut
1027 2156 1166 2189 impuletur
1184 2155 1221 2182 eis
1233 2154 1353 2188 justitia.
1369 2155 1378 2188 (
1392 2154 1474 2181 Vens.
1493 2153 1534 2180 12.
1551 2152 1560 2188 )
1579 2152 1611 2179 Et
1634 2152 1668 2179 sit
1693 2157 1769 2186 pater

986 2200 1203 2227 circumcisionis.
1234 2198 1284 2226 llic
1306 2202 1416 2234 oportet
1446 2199 1624 2233 distinguere.
1644 2196 1768 2224 Ostendit

986 2247 1057 2274 enim
1072 2245 1254 2281 patriarcbam
1273 2245 1477 2280 (Abrahamum
1494 2246 1502 2279 )
1519 2244 1635 2279 primum
1658 2242 1767 2278 quidem

988 2296 1091 2327 patrem
1108 2298 1202 2318 eorum
1217 2290 1264 2325 qui
1284 2298 1316 2317 ex
1342 2290 1474 2325 pra‘putio
1496 2289 1681 2320 crediderunt,
1699 2294 1767 2321 quo«

987 2337 1059 2364 niam
1076 2340 1104 2364 et
1123 2337 1190 2370 ipse,
1209 2343 1270 2363 cum
1291 2335 1380 2362 adhuc
1398 2335 1509 2362 haberet.
1532 2334 1702 2370 praeputium,
1714 2332 1769 2358 Deo

986 2383 1048 2410 ﬁdei
1065 2383 1166 2410 donum
1185 2382 1286 2409 obtulit
1303 2390 1309 2407 :
1325 2381 1422 2408 deinde
1446 2386 1534 2407 autem
1554 2384 1578 2406 et
1601 2378 1767 2408 Judtcorum.

987 2428 1074 2463 utqui
1093 2427 1194 2454 fuerint
1211 2435 1272 2454 cum
1297 2427 1343 2453 illo
1366 2424 1586 2454 circumcisionis
1608 2423 1768 2465 participes.

987 2472 1019 2499 Et
1029 2473 1080 2499 hoc
1095 2472 1182 2506 ipsum
1197 2478 1244 2506 per
1258 2469 1452 2504 subsequentia
1466 2467 1675 2502 docctapcrtius
1689 2474 1695 2492 :
1707 2465 1768 2493 Non

986 2516 1018 2543 iis
1034 2520 1135 2542 tantum
1151 2515 1194 2549 qui
1213 2519 1273 2541 sunt
1300 2521 1333 2540 ex
1351 2513 1561 2544 circumcisione,
1577 2511 1621 2538 sed
1635 2515 1658 2537 et
1674 2511 1707 2537 iis
1724 2510 1769 2544 qui

986 2562 1041 2598 49
1048 2566 1181 2589 sectantur
1193 2561 1301 2595 vestigia
1315 2559 1386 2595 ﬁdei,
1399 2566 1456 2594 qua:
1463 2562 1501 2585 est
1512 2558 1537 2585 in
1547 2557 1674 2592 prwputio
1684 2557 1768 2591 patris

987 2608 1071 2635 nostri
1087 2606 1240 2634 Abrahami.
1260 2605 1288 2632 Si
1302 2605 1363 2640 quis
1383 2605 1455 2632 enim
1470 2612 1503 2632 ex
1528 2603 1654 2640 gentibus
1678 2606 1768 2635 ortus,

987 2653 1196 2681 circumcisione
1213 2660 1265 2679 non
1285 2656 1405 2686 accepta,
1423 2651 1495 2677 illam
1511 2649 1672 2685 patriarchae
1690 2649 1768 2676 ﬁdem

987 2703 1098 2727 secutus
1114 2698 1204 2731 fuerit,
1222 2705 1304 2732 quam
1330 2702 1393 2724 ante
1416 2696 1654 2724 circumcisionem
1678 2697 1770 2722 osten-

988 2746 1074 2778 derat,
1095 2745 1167 2772 illius
1178 2743 1341 2779 cognatione
1368 2750 1422 2770 non
1447 2742 1633 2770 frustrabitur.
1652 2740 1768 2768 Univer-

991 2799 1081 2820 sorum
1098 2790 1169 2818 enim
1185 2789 1335 2821 Dcus.cum
1350 2787 1528 2824 prazvidissct,
1543 2790 1673 2822 tanquam
1688 2785 1770 2816 Deus,
