  <div class='ocr_page' id='page_1' title='image "/cluster/home/n/w/nwhite01/storage/ocr_20150623/82/njp.32101077772802/056.png"; bbox 0 0 2013 3114; ppageno 0'>
   <div class='ocr_carea' id='block_1_1' title="bbox 148 247 935 283">
    <p class='ocr_par' dir='ltr' id='par_1_1' title="bbox 148 247 935 283">
     <span class='ocr_line' id='line_1_1' title="bbox 148 247 935 283; baseline -0.005 -7"><span class='ocrx_word' id='word_1_1' title='bbox 148 249 221 276; x_wconf 81' lang='grc' dir='ltr'>κατὰ</span> <span class='ocrx_word' id='word_1_2' title='bbox 248 247 355 283; x_wconf 73' lang='grc' dir='ltr'><strong>καιρὸν</strong></span> <span class='ocrx_word' id='word_1_3' title='bbox 378 247 453 282; x_wconf 77' lang='grc' dir='ltr'><strong>ὑπὲρ</strong></span> <span class='ocrx_word' id='word_1_4' title='bbox 469 247 584 276; x_wconf 67' lang='grc' dir='ltr'><strong>ἀσεϐῶν</strong></span> <span class='ocrx_word' id='word_1_5' title='bbox 600 248 739 276; x_wconf 76' lang='grc' dir='ltr'><strong>ἀπέθανε,</strong></span> <span class='ocrx_word' id='word_1_6' title='bbox 763 247 857 280; x_wconf 75' lang='grc' dir='ltr'>Μόλις</span> <span class='ocrx_word' id='word_1_7' title='bbox 881 247 935 281; x_wconf 74' lang='grc' dir='ltr'><strong>γὰρ</strong></span> 
     </span>
    </p>
   </div>
   <div class='ocr_carea' id='block_1_2' title="bbox 148 292 935 328">
    <p class='ocr_par' dir='ltr' id='par_1_2' title="bbox 148 292 935 328">
     <span class='ocr_line' id='line_1_2' title="bbox 148 292 935 328; baseline -0.006 -5"><span class='ocrx_word' id='word_1_8' title='bbox 148 294 222 328; x_wconf 76' lang='grc' dir='ltr'><strong>ὑπὲρ</strong></span> <span class='ocrx_word' id='word_1_9' title='bbox 248 293 366 321; x_wconf 75' lang='grc' dir='ltr'><strong>δικαίου</strong></span> <span class='ocrx_word' id='word_1_10' title='bbox 393 303 439 326; x_wconf 77' lang='grc' dir='ltr'><strong>τις</strong></span> <span class='ocrx_word' id='word_1_11' title='bbox 463 294 653 321; x_wconf 77' lang='grc' dir='ltr'><strong>ἀποθανεῖται</strong></span> <span class='ocrx_word' id='word_1_12' title='bbox 672 302 678 310; x_wconf 92' lang='grc'>·</span> <span class='ocrx_word' id='word_1_13' title='bbox 698 293 774 327; x_wconf 78' lang='grc' dir='ltr'><strong>ὑπὲρ</strong></span> <span class='ocrx_word' id='word_1_14' title='bbox 800 293 854 327; x_wconf 73' lang='grc' dir='ltr'><strong>γὰρ</strong></span> <span class='ocrx_word' id='word_1_15' title='bbox 882 292 935 318; x_wconf 82' lang='grc' dir='ltr'>τοῦ</span> 
     </span>
    </p>
   </div>
   <div class='ocr_carea' id='block_1_3' title="bbox 148 335 937 374">
    <p class='ocr_par' dir='ltr' id='par_1_3' title="bbox 148 335 937 374">
     <span class='ocr_line' id='line_1_3' title="bbox 148 335 937 374; baseline -0.004 -9"><span class='ocrx_word' id='word_1_16' title='bbox 148 338 260 374; x_wconf 70' lang='grc' dir='ltr'><strong>ἀγαθοῦ</strong></span> <span class='ocrx_word' id='word_1_17' title='bbox 272 337 348 372; x_wconf 80' lang='grc' dir='ltr'>τάχα</span> <span class='ocrx_word' id='word_1_18' title='bbox 359 346 404 371; x_wconf 83' lang='grc' dir='ltr'><strong>τις</strong></span> <span class='ocrx_word' id='word_1_19' title='bbox 412 338 461 364; x_wconf 81' lang='grc' dir='ltr'><strong>καί</strong></span> <span class='ocrx_word' id='word_1_20' title='bbox 475 337 569 372; x_wconf 80' lang='grc' dir='ltr'>τολμᾷ</span> <span class='ocrx_word' id='word_1_21' title='bbox 582 337 753 365; x_wconf 78' lang='grc' dir='ltr'><strong>ἀποθανεῖν.</strong></span> <span class='ocrx_word' id='word_1_22' title='bbox 766 335 937 370; x_wconf 79' lang='grc' dir='ltr'>Λογιζὸμεθα</span> 
     </span>
    </p>
   </div>
   <div class='ocr_carea' id='block_1_4' title="bbox 148 383 936 420">
    <p class='ocr_par' dir='ltr' id='par_1_4' title="bbox 148 383 936 420">
     <span class='ocr_line' id='line_1_4' title="bbox 148 383 936 420; baseline -0.004 -9"><span class='ocrx_word' id='word_1_23' title='bbox 148 387 211 420; x_wconf 67' lang='grc' dir='ltr'><strong>γὰρ,</strong></span> <span class='ocrx_word' id='word_1_24' title='bbox 232 385 274 411; x_wconf 75' lang='grc' dir='ltr'>ὅτι</span> <span class='ocrx_word' id='word_1_25' title='bbox 299 385 532 419; x_wconf 73' lang='grc' dir='ltr'>παρανομούντων</span> <span class='ocrx_word' id='word_1_26' title='bbox 555 383 632 419; x_wconf 86' lang='grc' dir='ltr'><strong>ἡμῶν</strong></span> <span class='ocrx_word' id='word_1_27' title='bbox 655 383 706 417; x_wconf 75' lang='grc' dir='ltr'>ἔτι,</span> <span class='ocrx_word' id='word_1_28' title='bbox 729 383 776 410; x_wconf 74' lang='grc' dir='ltr'><strong>καὶ</strong></span> <span class='ocrx_word' id='word_1_29' title='bbox 799 383 849 417; x_wconf 80' lang='grc' dir='ltr'>τῆς</span> <span class='ocrx_word' id='word_1_30' title='bbox 872 383 936 409; x_wconf 84' lang='grc' dir='ltr'>ἀσε-</span> 
     </span>
    </p>
   </div>
   <div class='ocr_carea' id='block_1_5' title="bbox 148 426 936 465">
    <p class='ocr_par' dir='ltr' id='par_1_5' title="bbox 148 426 936 465">
     <span class='ocr_line' id='line_1_5' title="bbox 148 426 936 465; baseline -0.005 -9"><span class='ocrx_word' id='word_1_31' title='bbox 148 431 222 461; x_wconf 73' lang='grc' dir='ltr'>ϐείας</span> <span class='ocrx_word' id='word_1_32' title='bbox 238 430 442 465; x_wconf 83' lang='grc' dir='ltr'><strong>περικειμένων</strong></span> <span class='ocrx_word' id='word_1_33' title='bbox 462 429 511 464; x_wconf 83' lang='grc' dir='ltr'><strong>τὴν</strong></span> <span class='ocrx_word' id='word_1_34' title='bbox 530 429 617 461; x_wconf 85' lang='grc' dir='ltr'><strong>νόσον,</strong></span> <span class='ocrx_word' id='word_1_35' title='bbox 631 429 645 455; x_wconf 84' lang='grc' dir='ltr'><strong>ὀ</strong></span> <span class='ocrx_word' id='word_1_36' title='bbox 660 428 798 462; x_wconf 83' lang='grc' dir='ltr'><strong>Δεσπότης</strong></span> <span class='ocrx_word' id='word_1_37' title='bbox 819 426 936 462; x_wconf 79' lang='grc' dir='ltr'>Χριστὸς</span> 
     </span>
    </p>
   </div>
   <div class='ocr_carea' id='block_1_6' title="bbox 148 472 935 509">
    <p class='ocr_par' dir='ltr' id='par_1_6' title="bbox 148 472 935 509">
     <span class='ocr_line' id='line_1_6' title="bbox 148 472 935 509; baseline -0.006 -7"><span class='ocrx_word' id='word_1_38' title='bbox 148 476 192 502; x_wconf 83' lang='grc' dir='ltr'><strong>τὸν</strong></span> <span class='ocrx_word' id='word_1_39' title='bbox 205 476 273 509; x_wconf 77' lang='grc' dir='ltr'>ὑπὲρ</span> <span class='ocrx_word' id='word_1_40' title='bbox 287 475 366 509; x_wconf 80' lang='grc' dir='ltr'>ἡμῶν</span> <span class='ocrx_word' id='word_1_41' title='bbox 379 475 542 507; x_wconf 72' lang='grc' dir='ltr'><strong>κατεδέξατο</strong></span> <span class='ocrx_word' id='word_1_42' title='bbox 555 475 669 502; x_wconf 83' lang='grc' dir='ltr'>θάνατον</span> <span class='ocrx_word' id='word_1_43' title='bbox 679 482 686 488; x_wconf 87' lang='grc'><strong>·</strong></span> <span class='ocrx_word' id='word_1_44' title='bbox 701 473 749 499; x_wconf 76' lang='grc' dir='ltr'>καὶ</span> <span class='ocrx_word' id='word_1_45' title='bbox 763 472 935 508; x_wconf 80' lang='grc' dir='ltr'>μανθάνομεν</span> 
     </span>
    </p>
   </div>
   <div class='ocr_carea' id='block_1_7' title="bbox 149 517 936 556">
    <p class='ocr_par' dir='ltr' id='par_1_7' title="bbox 149 517 936 556">
     <span class='ocr_line' id='line_1_7' title="bbox 149 517 936 556; baseline -0.006 -8"><span class='ocrx_word' id='word_1_46' title='bbox 149 521 271 548; x_wconf 76' lang='grc' dir='ltr'>ἐντεῦθεν</span> <span class='ocrx_word' id='word_1_47' title='bbox 285 522 335 556; x_wconf 84' lang='grc' dir='ltr'>τῆς</span> <span class='ocrx_word' id='word_1_48' title='bbox 351 520 553 555; x_wconf 74' lang='grc' dir='ltr'>φιλανθρωπίας</span> <span class='ocrx_word' id='word_1_49' title='bbox 566 520 615 555; x_wconf 81' lang='grc' dir='ltr'><strong>τὴν</strong></span> <span class='ocrx_word' id='word_1_50' title='bbox 630 519 758 546; x_wconf 77' lang='grc' dir='ltr'>ἄϐυσσον.</span> <span class='ocrx_word' id='word_1_51' title='bbox 779 517 865 552; x_wconf 82' lang='grc' dir='ltr'>’Υπὲρ</span> <span class='ocrx_word' id='word_1_52' title='bbox 881 517 936 552; x_wconf 80' lang='grc' dir='ltr'><strong>γὰρ</strong></span> 
     </span>
    </p>
   </div>
   <div class='ocr_carea' id='block_1_8' title="bbox 148 563 936 599">
    <p class='ocr_par' dir='ltr' id='par_1_8' title="bbox 148 563 936 599">
     <span class='ocr_line' id='line_1_8' title="bbox 148 563 936 599; baseline -0.008 -5"><span class='ocrx_word' id='word_1_53' title='bbox 148 568 251 594; x_wconf 79' lang='grc' dir='ltr'>δικαίου</span> <span class='ocrx_word' id='word_1_54' title='bbox 267 567 332 598; x_wconf 77' lang='grc' dir='ltr'>ἴσως</span> <span class='ocrx_word' id='word_1_55' title='bbox 351 567 384 593; x_wconf 77' lang='grc' dir='ltr'>ἄν</span> <span class='ocrx_word' id='word_1_56' title='bbox 409 575 449 598; x_wconf 85' lang='grc' dir='ltr'><strong>τις</strong></span> <span class='ocrx_word' id='word_1_57' title='bbox 467 565 629 599; x_wconf 69' lang='grc' dir='ltr'><strong>κατεδέξατο</strong></span> <span class='ocrx_word' id='word_1_58' title='bbox 646 564 760 592; x_wconf 72' lang='grc' dir='ltr'>θάνατον</span> <span class='ocrx_word' id='word_1_59' title='bbox 775 572 783 579; x_wconf 78' lang='grc'><strong><em>⁸</em></strong></span> <span class='ocrx_word' id='word_1_60' title='bbox 806 564 888 594; x_wconf 76' lang='grc' dir='ltr'>αὐτὸς</span> <span class='ocrx_word' id='word_1_61' title='bbox 907 563 936 589; x_wconf 82' lang='grc' dir='ltr'><strong>δὲ</strong></span> 
     </span>
    </p>
   </div>
   <div class='ocr_carea' id='block_1_9' title="bbox 148 608 937 648">
    <p class='ocr_par' dir='ltr' id='par_1_9' title="bbox 148 608 937 648">
     <span class='ocr_line' id='line_1_9' title="bbox 148 608 937 648; baseline -0.008 -8"><span class='ocrx_word' id='word_1_62' title='bbox 148 615 180 640; x_wconf 73' lang='grc' dir='ltr'><strong>δι’</strong></span> <span class='ocrx_word' id='word_1_63' title='bbox 207 613 318 648; x_wconf 78' lang='grc' dir='ltr'><strong>ἀγάπης</strong></span> <span class='ocrx_word' id='word_1_64' title='bbox 340 612 493 648; x_wconf 81' lang='grc' dir='ltr'>ὑπερϐολὴν</span> <span class='ocrx_word' id='word_1_65' title='bbox 519 611 569 646; x_wconf 81' lang='grc' dir='ltr'>τῆς</span> <span class='ocrx_word' id='word_1_66' title='bbox 599 611 668 646; x_wconf 77' lang='grc' dir='ltr'>ὑπὲρ</span> <span class='ocrx_word' id='word_1_67' title='bbox 696 608 865 645; x_wconf 75' lang='grc' dir='ltr'><strong>ἁμαρτωλῶν</strong></span> <span class='ocrx_word' id='word_1_68' title='bbox 889 609 937 643; x_wconf 80' lang='grc' dir='ltr'><strong>ὴν-</strong></span> 
     </span>
    </p>
   </div>
   <div class='ocr_carea' id='block_1_10' title="bbox 149 656 729 694">
    <p class='ocr_par' dir='ltr' id='par_1_10' title="bbox 149 656 729 694">
     <span class='ocr_line' id='line_1_10' title="bbox 149 656 729 694; baseline -0.007 -9"><span class='ocrx_word' id='word_1_69' title='bbox 149 667 228 694; x_wconf 74' lang='grc' dir='ltr'>σχετο</span> <span class='ocrx_word' id='word_1_70' title='bbox 247 659 386 693; x_wconf 79' lang='grc' dir='ltr'>τελευτῆς.</span> <span class='ocrx_word' id='word_1_71' title='bbox 418 658 502 684; x_wconf 74' lang='grc' dir='ltr'>Τοῦτο</span> <span class='ocrx_word' id='word_1_72' title='bbox 527 657 581 691; x_wconf 73' lang='grc' dir='ltr'><strong>γὰρ</strong></span> <span class='ocrx_word' id='word_1_73' title='bbox 609 656 706 690; x_wconf 80' lang='grc' dir='ltr'>ἐπάγει</span> <span class='ocrx_word' id='word_1_74' title='bbox 722 664 729 671; x_wconf 91' lang='grc'>·</span> 
     </span>
    </p>
   </div>
   <div class='ocr_carea' id='block_1_11' title="bbox 182 700 936 740">
    <p class='ocr_par' dir='ltr' id='par_1_11' title="bbox 182 700 936 740">
     <span class='ocr_line' id='line_1_11' title="bbox 182 700 936 740; baseline -0.009 -8"><span class='ocrx_word' id='word_1_75' title='bbox 182 706 217 740; x_wconf 76' lang='grc' dir='ltr'><strong>η’,</strong></span> <span class='ocrx_word' id='word_1_76' title='bbox 232 705 265 732; x_wconf 86' lang='lat'><strong>0’.</strong></span> <span class='ocrx_word' id='word_1_77' title='bbox 283 705 449 738; x_wconf 82' lang='grc' dir='ltr'>Συνίστησι</span> <span class='ocrx_word' id='word_1_78' title='bbox 459 703 492 729; x_wconf 81' lang='grc' dir='ltr'><strong>δὲ</strong></span> <span class='ocrx_word' id='word_1_79' title='bbox 503 703 559 736; x_wconf 75' lang='grc' dir='ltr'>τὴν</span> <span class='ocrx_word' id='word_1_80' title='bbox 572 702 679 729; x_wconf 84' lang='grc' dir='ltr'>ἑαυτοῦ</span> <span class='ocrx_word' id='word_1_81' title='bbox 696 700 817 736; x_wconf 73' lang='grc' dir='ltr'><strong>ἀγάπην</strong></span> <span class='ocrx_word' id='word_1_82' title='bbox 833 702 849 727; x_wconf 75' lang='grc' dir='ltr'><em>ὁ</em></span> <span class='ocrx_word' id='word_1_83' title='bbox 864 700 936 732; x_wconf 77' lang='grc' dir='ltr'>Θεὸς</span> 
     </span>
    </p>
   </div>
   <div class='ocr_carea' id='block_1_12' title="bbox 148 745 937 785">
    <p class='ocr_par' dir='ltr' id='par_1_12' title="bbox 148 745 937 785">
     <span class='ocr_line' id='line_1_12' title="bbox 148 745 937 785; baseline -0.01 -6"><span class='ocrx_word' id='word_1_84' title='bbox 148 754 191 784; x_wconf 84' lang='grc' dir='ltr'>εις</span> <span class='ocrx_word' id='word_1_85' title='bbox 211 750 301 785; x_wconf 76' lang='grc' dir='ltr'>ἡμᾶς,</span> <span class='ocrx_word' id='word_1_86' title='bbox 325 750 370 777; x_wconf 78' lang='grc' dir='ltr'>ὅτι</span> <span class='ocrx_word' id='word_1_87' title='bbox 391 750 434 776; x_wconf 77' lang='grc' dir='ltr'>ἔτι</span> <span class='ocrx_word' id='word_1_88' title='bbox 449 748 628 784; x_wconf 76' lang='grc' dir='ltr'><strong>ἁμαρτωλῶν</strong></span> <span class='ocrx_word' id='word_1_89' title='bbox 643 747 738 774; x_wconf 79' lang='grc' dir='ltr'><em>ὄντων</em></span> <span class='ocrx_word' id='word_1_90' title='bbox 761 745 855 780; x_wconf 76' lang='grc' dir='ltr'><strong>ήμῶν,</strong></span> <span class='ocrx_word' id='word_1_91' title='bbox 870 746 937 778; x_wconf 76' lang='grc' dir='ltr'><strong>Χρι-</strong></span> 
     </span>
    </p>
   </div>
   <div class='ocr_carea' id='block_1_13' title="bbox 148 790 935 830">
    <p class='ocr_par' dir='ltr' id='par_1_13' title="bbox 148 790 935 830">
     <span class='ocr_line' id='line_1_13' title="bbox 148 790 935 830; baseline -0.01 -6"><span class='ocrx_word' id='word_1_92' title='bbox 148 798 222 830; x_wconf 66' lang='grc' dir='ltr'>ονίὸς</span> <span class='ocrx_word' id='word_1_93' title='bbox 232 798 255 813; x_wconf 78' lang='grc'>⁸³</span> <span class='ocrx_word' id='word_1_94' title='bbox 269 797 347 830; x_wconf 80' lang='grc' dir='ltr'><strong>ὑπὲρ</strong></span> <span class='ocrx_word' id='word_1_95' title='bbox 365 795 449 830; x_wconf 74' lang='grc' dir='ltr'><strong>ἡμῶν</strong></span> <span class='ocrx_word' id='word_1_96' title='bbox 462 795 621 822; x_wconf 82' lang='grc' dir='ltr'><strong>ἀπέθανεν.</strong></span> <span class='ocrx_word' id='word_1_97' title='bbox 643 793 671 820; x_wconf 94' lang='lat'><strong>&#39;0</strong></span> <span class='ocrx_word' id='word_1_98' title='bbox 690 793 782 828; x_wconf 80' lang='grc' dir='ltr'>μέντοι</span> <span class='ocrx_word' id='word_1_99' title='bbox 804 791 870 823; x_wconf 81' lang='grc' dir='ltr'>Θεὸς</span> <span class='ocrx_word' id='word_1_100' title='bbox 889 790 935 817; x_wconf 82' lang='grc' dir='ltr'><strong>τοῦ</strong></span> 
     </span>
    </p>
   </div>
   <div class='ocr_carea' id='block_1_14' title="bbox 150 837 935 878">
    <p class='ocr_par' dir='ltr' id='par_1_14' title="bbox 150 837 935 878">
     <span class='ocr_line' id='line_1_14' title="bbox 150 837 935 878; baseline -0.008 -9"><span class='ocrx_word' id='word_1_101' title='bbox 150 843 213 877; x_wconf 82' lang='grc' dir='ltr'><strong>περὶ</strong></span> <span class='ocrx_word' id='word_1_102' title='bbox 241 843 314 878; x_wconf 79' lang='grc' dir='ltr'>ἡμᾶς</span> <span class='ocrx_word' id='word_1_103' title='bbox 351 841 461 877; x_wconf 76' lang='grc' dir='ltr'>φίλτρου</span> <span class='ocrx_word' id='word_1_104' title='bbox 498 840 573 876; x_wconf 86' lang='grc' dir='ltr'>δηλοῖ</span> <span class='ocrx_word' id='word_1_105' title='bbox 613 839 661 874; x_wconf 86' lang='grc' dir='ltr'><strong>τὴν</strong></span> <span class='ocrx_word' id='word_1_106' title='bbox 693 838 855 874; x_wconf 71' lang='grc' dir='ltr'>ὑπερϐολὴν,</span> <span class='ocrx_word' id='word_1_107' title='bbox 889 837 935 864; x_wconf 56' lang='lat' dir='ltr'><strong>tot“;</strong></span> 
     </span>
    </p>
   </div>
   <div class='ocr_carea' id='block_1_15' title="bbox 149 883 936 924">
    <p class='ocr_par' dir='ltr' id='par_1_15' title="bbox 149 883 936 924">
     <span class='ocr_line' id='line_1_15' title="bbox 149 883 936 924; baseline -0.006 -9"><span class='ocrx_word' id='word_1_108' title='bbox 149 889 267 924; x_wconf 78' lang='grc' dir='ltr'>Χριστοῦ</span> <span class='ocrx_word' id='word_1_109' title='bbox 279 889 324 914; x_wconf 85' lang='grc' dir='ltr'><strong>τὸν</strong></span> <span class='ocrx_word' id='word_1_110' title='bbox 342 888 466 917; x_wconf 78' lang='grc' dir='ltr'>θάνατον.</span> <span class='ocrx_word' id='word_1_111' title='bbox 483 887 532 921; x_wconf 74' lang='grc' dir='ltr'>οὺχ</span> <span class='ocrx_word' id='word_1_112' title='bbox 559 885 628 920; x_wconf 77' lang='grc' dir='ltr'><strong>ὑπὲρ</strong></span> <span class='ocrx_word' id='word_1_113' title='bbox 653 885 775 915; x_wconf 79' lang='grc' dir='ltr'>δικαίων,</span> <span class='ocrx_word' id='word_1_114' title='bbox 791 884 847 911; x_wconf 82' lang='grc' dir='ltr'>ἀλλ’</span> <span class='ocrx_word' id='word_1_115' title='bbox 865 883 936 918; x_wconf 82' lang='grc' dir='ltr'>ὑπὲρ</span> 
     </span>
    </p>
   </div>
   <div class='ocr_carea' id='block_1_16' title="bbox 150 929 938 969">
    <p class='ocr_par' dir='ltr' id='par_1_16' title="bbox 150 929 938 969">
     <span class='ocr_line' id='line_1_16' title="bbox 150 929 938 969; baseline -0.008 -8"><span class='ocrx_word' id='word_1_116' title='bbox 150 934 320 969; x_wconf 79' lang='grc' dir='ltr'><strong>ἁμαρτωλῶν</strong></span> <span class='ocrx_word' id='word_1_117' title='bbox 334 932 507 967; x_wconf 76' lang='grc' dir='ltr'>γεγενῆσθαι.</span> <span class='ocrx_word' id='word_1_118' title='bbox 531 932 624 966; x_wconf 84' lang='grc' dir='ltr'>Ἡμεῖς</span> <span class='ocrx_word' id='word_1_119' title='bbox 640 931 694 966; x_wconf 83' lang='grc' dir='ltr'><strong>γὰρ</strong></span> <span class='ocrx_word' id='word_1_120' title='bbox 709 931 755 957; x_wconf 78' lang='grc' dir='ltr'>νῦν</span> <span class='ocrx_word' id='word_1_121' title='bbox 771 929 815 956; x_wconf 76' lang='grc' dir='ltr'><strong>διὰ</strong></span> <span class='ocrx_word' id='word_1_122' title='bbox 830 930 879 964; x_wconf 79' lang='grc' dir='ltr'><strong>τῆς</strong></span> <span class='ocrx_word' id='word_1_123' title='bbox 898 930 938 960; x_wconf 85' lang='grc' dir='ltr'><strong>εἰς</strong></span> 
     </span>
    </p>
   </div>
   <div class='ocr_carea' id='block_1_17' title="bbox 150 974 937 1012">
    <p class='ocr_par' dir='ltr' id='par_1_17' title="bbox 150 974 937 1012">
     <span class='ocr_line' id='line_1_17' title="bbox 150 974 937 1012; baseline -0.008 -6"><span class='ocrx_word' id='word_1_124' title='bbox 150 979 230 1006; x_wconf 80' lang='grc' dir='ltr'>αὑτὸν</span> <span class='ocrx_word' id='word_1_125' title='bbox 244 978 442 1012; x_wconf 76' lang='grc' dir='ltr'>ἐδικαιώθημεν</span> <span class='ocrx_word' id='word_1_126' title='bbox 459 977 576 1007; x_wconf 76' lang='grc' dir='ltr'>πίστεως</span> <span class='ocrx_word' id='word_1_127' title='bbox 590 985 596 992; x_wconf 85' lang='grc'><em>’</em></span> <span class='ocrx_word' id='word_1_128' title='bbox 615 976 657 1002; x_wconf 78' lang='grc' dir='ltr'><strong>ὅτε</strong></span> <span class='ocrx_word' id='word_1_129' title='bbox 669 975 697 1002; x_wconf 79' lang='grc' dir='ltr'><strong>δὲ</strong></span> <span class='ocrx_word' id='word_1_130' title='bbox 713 975 758 1001; x_wconf 84' lang='grc' dir='ltr'>τὸν</span> <span class='ocrx_word' id='word_1_131' title='bbox 774 975 843 1010; x_wconf 81' lang='grc' dir='ltr'>ὑπὲρ</span> <span class='ocrx_word' id='word_1_132' title='bbox 858 974 937 1010; x_wconf 80' lang='grc' dir='ltr'><strong>ἡμῶν</strong></span> 
     </span>
    </p>
   </div>
   <div class='ocr_carea' id='block_1_18' title="bbox 151 1019 936 1054">
    <p class='ocr_par' dir='ltr' id='par_1_18' title="bbox 151 1019 936 1054">
     <span class='ocr_line' id='line_1_18' title="bbox 151 1019 936 1054; baseline -0.005 -6"><span class='ocrx_word' id='word_1_133' title='bbox 151 1022 313 1054; x_wconf 76' lang='grc' dir='ltr'><strong>κατεδέξατο</strong></span> <span class='ocrx_word' id='word_1_134' title='bbox 333 1022 456 1052; x_wconf 75' lang='grc' dir='ltr'>Θάνατον,</span> <span class='ocrx_word' id='word_1_135' title='bbox 478 1021 518 1047; x_wconf 72' lang='grc' dir='ltr'>ἔτι</span> <span class='ocrx_word' id='word_1_136' title='bbox 536 1022 597 1052; x_wconf 83' lang='grc' dir='ltr'>ταῖς</span> <span class='ocrx_word' id='word_1_137' title='bbox 617 1020 800 1050; x_wconf 75' lang='grc' dir='ltr'><strong>παντοδαπαῖς</strong></span> <span class='ocrx_word' id='word_1_138' title='bbox 824 1019 936 1045; x_wconf 81' lang='grc' dir='ltr'>ὑπεκεί-</span> 
     </span>
    </p>
   </div>
   <div class='ocr_carea' id='block_1_19' title="bbox 153 1065 936 1104">
    <p class='ocr_par' dir='ltr' id='par_1_19' title="bbox 153 1065 936 1104">
     <span class='ocr_line' id='line_1_19' title="bbox 153 1065 936 1104; baseline -0.005 -9"><span class='ocrx_word' id='word_1_139' title='bbox 153 1068 221 1104; x_wconf 80' lang='grc' dir='ltr'>μεθα</span> <span class='ocrx_word' id='word_1_140' title='bbox 243 1067 452 1103; x_wconf 83' lang='grc' dir='ltr'>πλημμελείαις.</span> <span class='ocrx_word' id='word_1_141' title='bbox 468 1067 504 1094; x_wconf 86' lang='grc' dir='ltr'><strong>Τὸ</strong></span> <span class='ocrx_word' id='word_1_142' title='bbox 517 1067 556 1098; x_wconf 77' lang='grc' dir='ltr'><strong>δὲ,</strong></span> <span class='ocrx_word' id='word_1_143' title='bbox 579 1067 655 1094; x_wconf 80' lang='grc' dir='ltr'>κατὰ</span> <span class='ocrx_word' id='word_1_144' title='bbox 668 1067 780 1100; x_wconf 77' lang='grc' dir='ltr'><strong>καιρὸν,</strong></span> <span class='ocrx_word' id='word_1_145' title='bbox 807 1066 868 1092; x_wconf 73' lang='grc' dir='ltr'>ἀντὶ</span> <span class='ocrx_word' id='word_1_146' title='bbox 879 1065 936 1095; x_wconf 79' lang='grc' dir='ltr'>τοῦ,</span> 
     </span>
    </p>
   </div>
   <div class='ocr_carea' id='block_1_20' title="bbox 152 1111 938 1148">
    <p class='ocr_par' dir='ltr' id='par_1_20' title="bbox 152 1111 938 1148">
     <span class='ocr_line' id='line_1_20' title="bbox 152 1111 938 1148; baseline -0.005 -8"><span class='ocrx_word' id='word_1_147' title='bbox 152 1115 191 1145; x_wconf 86' lang='grc' dir='ltr'><strong>εἰς</strong></span> <span class='ocrx_word' id='word_1_148' title='bbox 206 1113 312 1148; x_wconf 79' lang='grc' dir='ltr'>καιρὸν,</span> <span class='ocrx_word' id='word_1_149' title='bbox 328 1113 398 1139; x_wconf 81' lang='grc' dir='ltr'><strong>κατὰ</strong></span> <span class='ocrx_word' id='word_1_150' title='bbox 409 1113 453 1139; x_wconf 80' lang='grc' dir='ltr'>τὸν</span> <span class='ocrx_word' id='word_1_151' title='bbox 470 1112 643 1147; x_wconf 78' lang='grc' dir='ltr'>προσήκοντα</span> <span class='ocrx_word' id='word_1_152' title='bbox 660 1112 766 1147; x_wconf 83' lang='grc' dir='ltr'>καιρόν.</span> <span class='ocrx_word' id='word_1_153' title='bbox 784 1111 869 1137; x_wconf 77' lang='grc' dir='ltr'>Τοῦτο</span> <span class='ocrx_word' id='word_1_154' title='bbox 890 1111 938 1136; x_wconf 72' lang='grc' dir='ltr'><strong>καὶ</strong></span> 
     </span>
    </p>
   </div>
   <div class='ocr_carea' id='block_1_21' title="bbox 153 1154 937 1195">
    <p class='ocr_par' dir='ltr' id='par_1_21' title="bbox 153 1154 937 1195">
     <span class='ocr_line' id='line_1_21' title="bbox 153 1154 937 1195; baseline -0.005 -10"><span class='ocrx_word' id='word_1_155' title='bbox 153 1160 181 1186; x_wconf 82' lang='grc' dir='ltr'>ὲν</span> <span class='ocrx_word' id='word_1_156' title='bbox 194 1161 227 1195; x_wconf 79' lang='grc' dir='ltr'>τῇ</span> <span class='ocrx_word' id='word_1_157' title='bbox 243 1159 311 1194; x_wconf 76' lang='grc' dir='ltr'>πρὸς</span> <span class='ocrx_word' id='word_1_158' title='bbox 327 1158 448 1189; x_wconf 83' lang='grc' dir='ltr'>Γαλάτας</span> <span class='ocrx_word' id='word_1_159' title='bbox 463 1157 535 1192; x_wconf 77' lang='grc' dir='ltr'>λέγει</span> <span class='ocrx_word' id='word_1_160' title='bbox 549 1166 556 1173; x_wconf 82' lang='grc'><em>’</em></span> <span class='ocrx_word' id='word_1_161' title='bbox 578 1167 587 1183; x_wconf 76' lang='grc' dir='ltr'><strong>ι</strong></span> <span class='ocrx_word' id='word_1_162' title='bbox 611 1157 674 1183; x_wconf 82' lang='grc' dir='ltr'>Ὅτε</span> <span class='ocrx_word' id='word_1_163' title='bbox 692 1157 720 1183; x_wconf 83' lang='grc' dir='ltr'><strong>δὲ</strong></span> <span class='ocrx_word' id='word_1_164' title='bbox 734 1154 800 1192; x_wconf 82' lang='grc' dir='ltr'>ἦλθε</span> <span class='ocrx_word' id='word_1_165' title='bbox 817 1157 846 1182; x_wconf 63' lang='grc' dir='ltr'>τὸ</span> <span class='ocrx_word' id='word_1_166' title='bbox 868 1155 937 1190; x_wconf 80' lang='grc' dir='ltr'><strong>πλή-</strong></span> 
     </span>
    </p>
   </div>
   <div class='ocr_carea' id='block_1_22' title="bbox 155 1202 939 1241">
    <p class='ocr_par' dir='ltr' id='par_1_22' title="bbox 155 1202 939 1241">
     <span class='ocr_line' id='line_1_22' title="bbox 155 1202 939 1241; baseline -0.005 -9"><span class='ocrx_word' id='word_1_167' title='bbox 155 1214 233 1241; x_wconf 81' lang='grc' dir='ltr'>ρωμα</span> <span class='ocrx_word' id='word_1_168' title='bbox 258 1204 305 1231; x_wconf 80' lang='grc' dir='ltr'>τοῦ</span> <span class='ocrx_word' id='word_1_169' title='bbox 323 1205 430 1240; x_wconf 68' lang='grc' dir='ltr'><strong>χρόνου,</strong></span> <span class='ocrx_word' id='word_1_170' title='bbox 460 1203 652 1237; x_wconf 76' lang='grc' dir='ltr'>ἐξαπέστειλεν</span> <span class='ocrx_word' id='word_1_171' title='bbox 675 1203 689 1230; x_wconf 78' lang='grc' dir='ltr'>ὁ</span> <span class='ocrx_word' id='word_1_172' title='bbox 718 1203 783 1234; x_wconf 76' lang='grc' dir='ltr'>Θεὸς</span> <span class='ocrx_word' id='word_1_173' title='bbox 805 1202 850 1229; x_wconf 82' lang='grc' dir='ltr'><strong>τὸν</strong></span> <span class='ocrx_word' id='word_1_174' title='bbox 876 1202 939 1228; x_wconf 79' lang='grc' dir='ltr'>Υἱὸν</span> 
     </span>
    </p>
   </div>
   <div class='ocr_carea' id='block_1_23' title="bbox 155 1247 936 1285">
    <p class='ocr_par' dir='ltr' id='par_1_23' title="bbox 155 1247 936 1285">
     <span class='ocr_line' id='line_1_23' title="bbox 155 1247 936 1285; baseline -0.005 -8"><span class='ocrx_word' id='word_1_175' title='bbox 155 1250 247 1282; x_wconf 74' lang='grc' dir='ltr'>αὑτοῦ,</span> <span class='ocrx_word' id='word_1_176' title='bbox 259 1250 404 1285; x_wconf 84' lang='grc' dir='ltr'>γενόμενον</span> <span class='ocrx_word' id='word_1_177' title='bbox 418 1250 449 1276; x_wconf 82' lang='grc' dir='ltr'>ὲκ</span> <span class='ocrx_word' id='word_1_178' title='bbox 465 1249 604 1284; x_wconf 75' lang='grc' dir='ltr'>γυναικὸς,</span> <span class='ocrx_word' id='word_1_179' title='bbox 620 1248 766 1283; x_wconf 84' lang='grc' dir='ltr'>γενόμενον</span> <span class='ocrx_word' id='word_1_180' title='bbox 781 1248 833 1274; x_wconf 77' lang='grc' dir='ltr'><strong>ὑπὸ</strong></span> <span class='ocrx_word' id='word_1_181' title='bbox 846 1247 936 1282; x_wconf 81' lang='grc' dir='ltr'>νόμον,</span> 
     </span>
    </p>
   </div>
   <div class='ocr_carea' id='block_1_24' title="bbox 155 1293 939 1331">
    <p class='ocr_par' dir='ltr' id='par_1_24' title="bbox 155 1293 939 1331">
     <span class='ocr_line' id='line_1_24' title="bbox 155 1293 939 1331; baseline -0.005 -9"><span class='ocrx_word' id='word_1_182' title='bbox 155 1296 198 1322; x_wconf 82' lang='grc' dir='ltr'>ἶνα</span> <span class='ocrx_word' id='word_1_183' title='bbox 221 1297 285 1327; x_wconf 68' lang='grc' dir='ltr'>τοὺς</span> <span class='ocrx_word' id='word_1_184' title='bbox 309 1296 363 1322; x_wconf 71' lang='grc' dir='ltr'><strong>ὑπὸ</strong></span> <span class='ocrx_word' id='word_1_185' title='bbox 383 1295 465 1331; x_wconf 84' lang='grc' dir='ltr'>νόμον</span> <span class='ocrx_word' id='word_1_186' title='bbox 495 1294 659 1330; x_wconf 79' lang='grc' dir='ltr'><strong>ἐξαγοράσῃ,</strong></span> <span class='ocrx_word' id='word_1_187' title='bbox 682 1294 724 1321; x_wconf 79' lang='grc' dir='ltr'>ἵνα</span> <span class='ocrx_word' id='word_1_188' title='bbox 739 1293 789 1328; x_wconf 80' lang='grc' dir='ltr'>τὴν</span> <span class='ocrx_word' id='word_1_189' title='bbox 802 1293 939 1319; x_wconf 71' lang='grc' dir='ltr'><strong>υἱοθεσίαν</strong></span> 
     </span>
    </p>
   </div>
   <div class='ocr_carea' id='block_1_25' title="bbox 154 1341 370 1376">
    <p class='ocr_par' dir='ltr' id='par_1_25' title="bbox 154 1341 370 1376">
     <span class='ocr_line' id='line_1_25' title="bbox 154 1341 370 1376; baseline -0.005 -9"><span class='ocrx_word' id='word_1_190' title='bbox 154 1341 343 1376; x_wconf 72' lang='grc' dir='ltr'>ἀπολάϐωμεν.</span> <span class='ocrx_word' id='word_1_191' title='bbox 360 1350 370 1366; x_wconf 73' lang='lat' dir='ltr'><strong>s</strong></span> 
     </span>
    </p>
   </div>
   <div class='ocr_carea' id='block_1_26' title="bbox 189 1384 938 1421">
    <p class='ocr_par' dir='ltr' id='par_1_26' title="bbox 189 1384 938 1421">
     <span class='ocr_line' id='line_1_26' title="bbox 189 1384 938 1421; baseline -0.001 -8"><span class='ocrx_word' id='word_1_192' title='bbox 189 1387 296 1419; x_wconf 72' lang='grc' dir='ltr'><em>Πολλῷ</em></span> <span class='ocrx_word' id='word_1_193' title='bbox 307 1385 364 1414; x_wconf 83' lang='grc' dir='ltr'>οὖν</span> <span class='ocrx_word' id='word_1_194' title='bbox 377 1387 497 1421; x_wconf 65' lang='grc' dir='ltr'><strong>μᾶλλον</strong></span> <span class='ocrx_word' id='word_1_195' title='bbox 508 1385 730 1419; x_wconf 24' lang='grc' dir='ltr'>»δικαιωθέντες</span> <span class='ocrx_word' id='word_1_196' title='bbox 759 1385 817 1416; x_wconf 63' lang='grc' dir='ltr'><strong>νῦν</strong></span> <span class='ocrx_word' id='word_1_197' title='bbox 839 1384 938 1419; x_wconf 58' lang='grc' dir='ltr'><strong>ἐνητῷ</strong></span> 
     </span>
    </p>
   </div>
   <div class='ocr_carea' id='block_1_27' title="bbox 155 1430 940 1467">
    <p class='ocr_par' dir='ltr' id='par_1_27' title="bbox 155 1430 940 1467">
     <span class='ocr_line' id='line_1_27' title="bbox 155 1430 940 1467; baseline -0.001 -8"><span class='ocrx_word' id='word_1_198' title='bbox 155 1433 254 1467; x_wconf 77' lang='grc' dir='ltr'>αἵματι</span> <span class='ocrx_word' id='word_1_199' title='bbox 273 1432 376 1464; x_wconf 80' lang='grc' dir='ltr'>αὐτοῦ,</span> <span class='ocrx_word' id='word_1_200' title='bbox 402 1433 599 1467; x_wconf 81' lang='grc' dir='ltr'><strong>σωθησόμεθα</strong></span> <span class='ocrx_word' id='word_1_201' title='bbox 627 1432 664 1458; x_wconf 81' lang='grc' dir='ltr'><strong>δι’</strong></span> <span class='ocrx_word' id='word_1_202' title='bbox 688 1431 793 1464; x_wconf 81' lang='grc' dir='ltr'>αὑτοῦ,</span> <span class='ocrx_word' id='word_1_203' title='bbox 812 1431 871 1459; x_wconf 80' lang='grc' dir='ltr'><strong>ἀπὸ</strong></span> <span class='ocrx_word' id='word_1_204' title='bbox 886 1430 940 1465; x_wconf 85' lang='grc' dir='ltr'>τῆς</span> 
     </span>
    </p>
   </div>
   <div class='ocr_carea' id='block_1_28' title="bbox 155 1477 940 1513">
    <p class='ocr_par' dir='ltr' id='par_1_28' title="bbox 155 1477 940 1513">
     <span class='ocr_line' id='line_1_28' title="bbox 155 1477 940 1513; baseline -0.001 -9"><span class='ocrx_word' id='word_1_205' title='bbox 155 1479 255 1513; x_wconf 73' lang='grc' dir='ltr'><strong>ὀργῆς.</strong></span> <span class='ocrx_word' id='word_1_206' title='bbox 282 1478 367 1513; x_wconf 80' lang='grc' dir='ltr'><strong>’Υπὲρ</strong></span> <span class='ocrx_word' id='word_1_207' title='bbox 397 1478 532 1504; x_wconf 81' lang='grc' dir='ltr'>δυσσεϐῶν</span> <span class='ocrx_word' id='word_1_208' title='bbox 559 1478 606 1504; x_wconf 76' lang='grc' dir='ltr'>καὶ</span> <span class='ocrx_word' id='word_1_209' title='bbox 629 1478 796 1513; x_wconf 82' lang='grc' dir='ltr'>παρανόμων</span> <span class='ocrx_word' id='word_1_210' title='bbox 821 1477 866 1504; x_wconf 70' lang='grc' dir='ltr'>τὸν</span> <span class='ocrx_word' id='word_1_211' title='bbox 891 1478 940 1503; x_wconf 68' lang='grc' dir='ltr'><strong>ἐπα</strong></span> 
     </span>
    </p>
   </div>
   <div class='ocr_carea' id='block_1_29' title="bbox 159 1522 940 1560">
    <p class='ocr_par' dir='ltr' id='par_1_29' title="bbox 159 1522 940 1560">
     <span class='ocr_line' id='line_1_29' title="bbox 159 1522 940 1560; baseline -0.003 -9"><span class='ocrx_word' id='word_1_212' title='bbox 159 1524 256 1560; x_wconf 83' lang='grc' dir='ltr'>άρατον</span> <span class='ocrx_word' id='word_1_213' title='bbox 272 1525 380 1558; x_wconf 55' lang='grc' dir='ltr'>,ἐκεῖνον</span> <span class='ocrx_word' id='word_1_214' title='bbox 398 1523 614 1558; x_wconf 80' lang='grc' dir='ltr'>καταδεξάμενυς</span> <span class='ocrx_word' id='word_1_215' title='bbox 629 1523 753 1554; x_wconf 77' lang='grc' dir='ltr'>θάνατον,</span> <span class='ocrx_word' id='word_1_216' title='bbox 776 1522 886 1557; x_wconf 78' lang='grc' dir='ltr'>εὔδηλον</span> <span class='ocrx_word' id='word_1_217' title='bbox 900 1523 940 1549; x_wconf 75' lang='grc' dir='ltr'>ὅτι</span> 
     </span>
    </p>
   </div>
   <div class='ocr_carea' id='block_1_30' title="bbox 156 1568 940 1604">
    <p class='ocr_par' dir='ltr' id='par_1_30' title="bbox 156 1568 940 1604">
     <span class='ocr_line' id='line_1_30' title="bbox 156 1568 940 1604; baseline -0.004 -8"><span class='ocrx_word' id='word_1_218' title='bbox 156 1570 202 1596; x_wconf 68' lang='grc' dir='ltr'><strong>καὶ</strong></span> <span class='ocrx_word' id='word_1_219' title='bbox 228 1571 277 1604; x_wconf 78' lang='grc' dir='ltr'>τῆς</span> <span class='ocrx_word' id='word_1_220' title='bbox 300 1569 446 1604; x_wconf 65' lang='grc' dir='ltr'>μελλούσης</span> <span class='ocrx_word' id='word_1_221' title='bbox 472 1569 533 1600; x_wconf 71' lang='grc' dir='ltr'>τοὺς</span> <span class='ocrx_word' id='word_1_222' title='bbox 557 1569 596 1599; x_wconf 83' lang='grc' dir='ltr'><strong>εἰς</strong></span> <span class='ocrx_word' id='word_1_223' title='bbox 619 1568 700 1594; x_wconf 74' lang='grc' dir='ltr'>αὑτὸν</span> <span class='ocrx_word' id='word_1_224' title='bbox 723 1568 940 1600; x_wconf 79' lang='grc' dir='ltr'>πεπιστευκότας</span> 
     </span>
    </p>
   </div>
   <div class='ocr_carea' id='block_1_31' title="bbox 157 1614 937 1650">
    <p class='ocr_par' dir='ltr' id='par_1_31' title="bbox 157 1614 937 1650">
     <span class='ocr_line' id='line_1_31' title="bbox 157 1614 937 1650; baseline -0.001 -9"><span class='ocrx_word' id='word_1_225' title='bbox 157 1614 332 1650; x_wconf 72' lang='grc' dir='ltr'>ἐλευθερώσει</span> <span class='ocrx_word' id='word_1_226' title='bbox 351 1614 497 1645; x_wconf 76' lang='grc' dir='ltr'>κολάσεως.</span> <span class='ocrx_word' id='word_1_227' title='bbox 525 1614 628 1648; x_wconf 74' lang='grc' dir='ltr'><strong>Ὀργὴν</strong></span> <span class='ocrx_word' id='word_1_228' title='bbox 643 1614 697 1649; x_wconf 78' lang='grc' dir='ltr'><strong>γὰρ</strong></span> <span class='ocrx_word' id='word_1_229' title='bbox 716 1614 794 1640; x_wconf 77' lang='grc' dir='ltr'>καλεῖ</span> <span class='ocrx_word' id='word_1_230' title='bbox 810 1614 859 1650; x_wconf 85' lang='grc' dir='ltr'>τὴν</span> <span class='ocrx_word' id='word_1_231' title='bbox 874 1614 937 1649; x_wconf 81' lang='grc' dir='ltr'><strong>μὲλ-</strong></span> 
     </span>
    </p>
   </div>
   <div class='ocr_carea' id='block_1_32' title="bbox 156 1658 744 1686">
    <p class='ocr_par' dir='ltr' id='par_1_32' title="bbox 156 1658 744 1686">
     <span class='ocr_line' id='line_1_32' title="bbox 156 1658 744 1686; baseline -0.003 -1"><span class='ocrx_word' id='word_1_232' title='bbox 156 1658 254 1686; x_wconf 74' lang='grc' dir='ltr'>λουσαν</span> <span class='ocrx_word' id='word_1_233' title='bbox 269 1659 389 1686; x_wconf 80' lang='grc' dir='ltr'>κόλασιν.</span> <span class='ocrx_word' id='word_1_234' title='bbox 737 1678 744 1683; x_wconf 93' lang='grc'>.</span> 
     </span>
    </p>
   </div>
   <div class='ocr_carea' id='block_1_33' title="bbox 193 1709 939 1745">
    <p class='ocr_par' dir='ltr' id='par_1_33' title="bbox 193 1709 939 1745">
     <span class='ocr_line' id='line_1_33' title="bbox 193 1709 939 1745; baseline 0.001 -10"><span class='ocrx_word' id='word_1_235' title='bbox 193 1711 217 1737; x_wconf 89' lang='grc' dir='ltr'><strong>ι’.</strong></span> <span class='ocrx_word' id='word_1_236' title='bbox 231 1710 265 1737; x_wconf 81' lang='lat' dir='ltr'><strong>Et</strong></span> <span class='ocrx_word' id='word_1_237' title='bbox 280 1710 335 1745; x_wconf 59' lang='grc' dir='ltr'><strong>γὰρ</strong></span> <span class='ocrx_word' id='word_1_238' title='bbox 353 1709 452 1744; x_wconf 73' lang='grc' dir='ltr'><strong>ἐχθροὶ</strong></span> <span class='ocrx_word' id='word_1_239' title='bbox 470 1709 554 1741; x_wconf 79' lang='grc' dir='ltr'>ὄντες</span> <span class='ocrx_word' id='word_1_240' title='bbox 576 1709 809 1744; x_wconf 71' lang='grc' dir='ltr'>κατηλλάγημεν</span> <span class='ocrx_word' id='word_1_241' title='bbox 823 1709 863 1742; x_wconf 78' lang='grc' dir='ltr'>τῷ</span> <span class='ocrx_word' id='word_1_242' title='bbox 878 1709 939 1742; x_wconf 85' lang='grc' dir='ltr'><strong>Θεῷ</strong></span> 
     </span>
    </p>
   </div>
   <div class='ocr_carea' id='block_1_34' title="bbox 158 1754 940 1789">
    <p class='ocr_par' dir='ltr' id='par_1_34' title="bbox 158 1754 940 1789">
     <span class='ocr_line' id='line_1_34' title="bbox 158 1754 940 1789; baseline -0.001 -7"><span class='ocrx_word' id='word_1_243' title='bbox 158 1756 205 1783; x_wconf 71' lang='grc' dir='ltr'><strong>διὰ</strong></span> <span class='ocrx_word' id='word_1_244' title='bbox 216 1756 268 1783; x_wconf 85' lang='grc' dir='ltr'>τοῦ</span> <span class='ocrx_word' id='word_1_245' title='bbox 282 1755 411 1782; x_wconf 79' lang='grc' dir='ltr'>θανάτου</span> <span class='ocrx_word' id='word_1_246' title='bbox 427 1755 481 1782; x_wconf 86' lang='grc' dir='ltr'>τοῦ</span> <span class='ocrx_word' id='word_1_247' title='bbox 499 1755 567 1782; x_wconf 82' lang='grc' dir='ltr'><strong>Υἱοῦ</strong></span> <span class='ocrx_word' id='word_1_248' title='bbox 582 1755 686 1786; x_wconf 82' lang='grc' dir='ltr'>αὑτοῦ,</span> <span class='ocrx_word' id='word_1_249' title='bbox 703 1755 806 1787; x_wconf 79' lang='grc' dir='ltr'><strong>πολλῷ</strong></span> <span class='ocrx_word' id='word_1_250' title='bbox 820 1754 940 1789; x_wconf 77' lang='grc' dir='ltr'><strong>μᾶλλον</strong></span> 
     </span>
    </p>
   </div>
   <div class='ocr_carea' id='block_1_35' title="bbox 159 1800 938 1836">
    <p class='ocr_par' dir='ltr' id='par_1_35' title="bbox 159 1800 938 1836">
     <span class='ocr_line' id='line_1_35' title="bbox 159 1800 938 1836; baseline -0.001 -9"><span class='ocrx_word' id='word_1_251' title='bbox 159 1801 408 1836; x_wconf 67' lang='grc' dir='ltr'>καταλλαγέντες,</span> <span class='ocrx_word' id='word_1_252' title='bbox 436 1803 631 1836; x_wconf 78' lang='grc' dir='ltr'>σωθησόμεθα</span> <span class='ocrx_word' id='word_1_253' title='bbox 652 1801 686 1828; x_wconf 79' lang='grc' dir='ltr'><em>ἐν</em></span> <span class='ocrx_word' id='word_1_254' title='bbox 704 1800 740 1834; x_wconf 79' lang='grc' dir='ltr'>τῇ</span> <span class='ocrx_word' id='word_1_255' title='bbox 766 1800 822 1833; x_wconf 75' lang='grc' dir='ltr'><strong>ζωῇ</strong></span> <span class='ocrx_word' id='word_1_256' title='bbox 836 1801 938 1828; x_wconf 84' lang='grc' dir='ltr'>αὐτοῦ.</span> 
     </span>
    </p>
   </div>
   <div class='ocr_carea' id='block_1_36' title="bbox 160 1847 941 1882">
    <p class='ocr_par' dir='ltr' id='par_1_36' title="bbox 160 1847 941 1882">
     <span class='ocr_line' id='line_1_36' title="bbox 160 1847 941 1882; baseline -0.001 -8"><span class='ocrx_word' id='word_1_257' title='bbox 160 1848 190 1874; x_wconf 77' lang='grc' dir='ltr'>Εἰ</span> <span class='ocrx_word' id='word_1_258' title='bbox 212 1848 353 1882; x_wconf 75' lang='grc' dir='ltr'>δυσμενεῖς</span> <span class='ocrx_word' id='word_1_259' title='bbox 372 1847 451 1879; x_wconf 66' lang='grc' dir='ltr'>ὂντας</span> <span class='ocrx_word' id='word_1_260' title='bbox 476 1847 523 1874; x_wconf 73' lang='grc' dir='ltr'>καὶ</span> <span class='ocrx_word' id='word_1_261' title='bbox 544 1847 690 1882; x_wconf 84' lang='grc' dir='ltr'>πολεμίους</span> <span class='ocrx_word' id='word_1_262' title='bbox 711 1847 842 1880; x_wconf 77' lang='grc' dir='ltr'>τοσαύτης</span> <span class='ocrx_word' id='word_1_263' title='bbox 862 1847 941 1882; x_wconf 85' lang='grc' dir='ltr'>κηδε-</span> 
     </span>
    </p>
   </div>
   <div class='ocr_carea' id='block_1_37' title="bbox 163 1892 941 1928">
    <p class='ocr_par' dir='ltr' id='par_1_37' title="bbox 163 1892 941 1928">
     <span class='ocr_line' id='line_1_37' title="bbox 163 1892 941 1928; baseline -0.001 -8"><span class='ocrx_word' id='word_1_264' title='bbox 163 1894 254 1928; x_wconf 77' lang='grc' dir='ltr'>μονίας</span> <span class='ocrx_word' id='word_1_265' title='bbox 279 1892 405 1927; x_wconf 70' lang='grc' dir='ltr'>ἠξίωσεν,</span> <span class='ocrx_word' id='word_1_266' title='bbox 423 1893 460 1924; x_wconf 82' lang='grc' dir='ltr'>ὡς</span> <span class='ocrx_word' id='word_1_267' title='bbox 475 1893 520 1919; x_wconf 81' lang='grc' dir='ltr'>τὸν</span> <span class='ocrx_word' id='word_1_268' title='bbox 540 1892 602 1919; x_wconf 82' lang='grc' dir='ltr'>Υἰὺν</span> <span class='ocrx_word' id='word_1_269' title='bbox 622 1893 691 1927; x_wconf 79' lang='grc' dir='ltr'>ὑπὲρ</span> <span class='ocrx_word' id='word_1_270' title='bbox 710 1892 787 1927; x_wconf 81' lang='grc' dir='ltr'>ἡμῶν</span> <span class='ocrx_word' id='word_1_271' title='bbox 805 1892 941 1928; x_wconf 78' lang='grc' dir='ltr'>παραδοῦ-</span> 
     </span>
    </p>
   </div>
   <div class='ocr_carea' id='block_1_38' title="bbox 161 1935 941 1973">
    <p class='ocr_par' dir='ltr' id='par_1_38' title="bbox 161 1935 941 1973">
     <span class='ocr_line' id='line_1_38' title="bbox 161 1935 941 1973; baseline -0.003 -7"><span class='ocrx_word' id='word_1_272' title='bbox 161 1948 202 1966; x_wconf 82' lang='grc' dir='ltr'><strong>ναι</strong></span> <span class='ocrx_word' id='word_1_273' title='bbox 217 1939 335 1973; x_wconf 82' lang='grc' dir='ltr'>Θανάτῳ,</span> <span class='ocrx_word' id='word_1_274' title='bbox 349 1939 407 1970; x_wconf 81' lang='grc' dir='ltr'><strong>πῶς</strong></span> <span class='ocrx_word' id='word_1_275' title='bbox 419 1935 474 1965; x_wconf 76' lang='grc' dir='ltr'>οἷόν</span> <span class='ocrx_word' id='word_1_276' title='bbox 488 1947 517 1964; x_wconf 83' lang='grc' dir='ltr'><strong>τε</strong></span> <span class='ocrx_word' id='word_1_277' title='bbox 525 1938 579 1965; x_wconf 81' lang='grc' dir='ltr'><strong>τῶν</strong></span> <span class='ocrx_word' id='word_1_278' title='bbox 595 1938 773 1972; x_wconf 72' lang='grc' dir='ltr'>καταλλαγῶν</span> <span class='ocrx_word' id='word_1_279' title='bbox 787 1938 941 1973; x_wconf 81' lang='grc' dir='ltr'>γεγενημέ-</span> 
     </span>
    </p>
   </div>
   <div class='ocr_carea' id='block_1_39' title="bbox 161 1983 943 2020">
    <p class='ocr_par' dir='ltr' id='par_1_39' title="bbox 161 1983 943 2020">
     <span class='ocr_line' id='line_1_39' title="bbox 161 1983 943 2020; baseline -0.001 -9"><span class='ocrx_word' id='word_1_280' title='bbox 161 1993 212 2011; x_wconf 87' lang='grc' dir='ltr'><strong>νων</strong></span> <span class='ocrx_word' id='word_1_281' title='bbox 231 1985 269 2020; x_wconf 82' lang='grc' dir='ltr'>μὴ</span> <span class='ocrx_word' id='word_1_282' title='bbox 282 1983 442 2019; x_wconf 83' lang='grc' dir='ltr'>μεταλαχεῖν</span> <span class='ocrx_word' id='word_1_283' title='bbox 465 1984 538 2019; x_wconf 82' lang='grc' dir='ltr'>ἡμᾶς</span> <span class='ocrx_word' id='word_1_284' title='bbox 552 1984 599 2019; x_wconf 81' lang='grc' dir='ltr'><strong>τῆς</strong></span> <span class='ocrx_word' id='word_1_285' title='bbox 615 1984 723 2011; x_wconf 81' lang='grc' dir='ltr'>αἰωνίου</span> <span class='ocrx_word' id='word_1_286' title='bbox 738 1983 812 2018; x_wconf 77' lang='grc' dir='ltr'><strong>ζωῆς</strong></span> <span class='ocrx_word' id='word_1_287' title='bbox 829 1992 836 2016; x_wconf 85' lang='grc'>;</span> <span class='ocrx_word' id='word_1_288' title='bbox 859 1984 943 2010; x_wconf 85' lang='grc' dir='ltr'>Πάλιν</span> 
     </span>
    </p>
   </div>
   <div class='ocr_carea' id='block_1_40' title="bbox 164 2029 943 2065">
    <p class='ocr_par' dir='ltr' id='par_1_40' title="bbox 164 2029 943 2065">
     <span class='ocr_line' id='line_1_40' title="bbox 164 2029 943 2065; baseline -0.003 -8"><span class='ocrx_word' id='word_1_289' title='bbox 164 2031 252 2065; x_wconf 79' lang='grc' dir='ltr'>μέντοι</span> <span class='ocrx_word' id='word_1_290' title='bbox 278 2030 343 2056; x_wconf 73' lang='grc' dir='ltr'>Υἰὺν</span> <span class='ocrx_word' id='word_1_291' title='bbox 363 2030 440 2056; x_wconf 83' lang='grc' dir='ltr'><strong>καὶεί</strong></span> <span class='ocrx_word' id='word_1_292' title='bbox 468 2030 512 2056; x_wconf 69' lang='grc' dir='ltr'>τὸν</span> <span class='ocrx_word' id='word_1_293' title='bbox 534 2030 671 2064; x_wconf 77' lang='grc' dir='ltr'>Δεσπότην</span> <span class='ocrx_word' id='word_1_294' title='bbox 688 2029 815 2064; x_wconf 79' lang='grc' dir='ltr'>Χριστὸν,</span> <span class='ocrx_word' id='word_1_295' title='bbox 833 2029 862 2061; x_wconf 80' lang='grc' dir='ltr'>ὃς</span> <span class='ocrx_word' id='word_1_296' title='bbox 878 2029 943 2061; x_wconf 87' lang='grc' dir='ltr'>Θεός</span> 
     </span>
    </p>
   </div>
   <div class='ocr_carea' id='block_1_41' title="bbox 162 2071 941 2110">
    <p class='ocr_par' dir='ltr' id='par_1_41' title="bbox 162 2071 941 2110">
     <span class='ocr_line' id='line_1_41' title="bbox 162 2071 941 2110; baseline -0.003 -8"><span class='ocrx_word' id='word_1_297' title='bbox 162 2075 218 2102; x_wconf 75' lang='grc' dir='ltr'>ἐστί</span> <span class='ocrx_word' id='word_1_298' title='bbox 237 2084 268 2102; x_wconf 82' lang='grc' dir='ltr'><strong>τε</strong></span> <span class='ocrx_word' id='word_1_299' title='bbox 289 2075 337 2102; x_wconf 78' lang='grc' dir='ltr'>καὶ</span> <span class='ocrx_word' id='word_1_300' title='bbox 353 2074 495 2110; x_wconf 79' lang='grc' dir='ltr'><strong>ἄνθρωπος</strong></span> <span class='ocrx_word' id='word_1_301' title='bbox 512 2075 526 2101; x_wconf 83' lang='grc' dir='ltr'><strong><em>ὁ</em></strong></span> <span class='ocrx_word' id='word_1_302' title='bbox 546 2075 636 2105; x_wconf 79' lang='grc' dir='ltr'>αὑτός.</span> <span class='ocrx_word' id='word_1_303' title='bbox 654 2074 737 2109; x_wconf 87' lang='grc' dir='ltr'>Δῆλον</span> <span class='ocrx_word' id='word_1_304' title='bbox 747 2074 786 2107; x_wconf 83' lang='grc' dir='ltr'><strong>δὲ,</strong></span> <span class='ocrx_word' id='word_1_305' title='bbox 801 2074 838 2105; x_wconf 79' lang='grc' dir='ltr'>ὡς</span> <span class='ocrx_word' id='word_1_306' title='bbox 853 2071 941 2109; x_wconf 81' lang='grc' dir='ltr'>οἶμαι,</span> 
     </span>
    </p>
   </div>
   <div class='ocr_carea' id='block_1_42' title="bbox 163 2119 944 2156">
    <p class='ocr_par' dir='ltr' id='par_1_42' title="bbox 163 2119 944 2156">
     <span class='ocr_line' id='line_1_42' title="bbox 163 2119 944 2156; baseline -0.001 -8"><span class='ocrx_word' id='word_1_307' title='bbox 163 2122 208 2148; x_wconf 79' lang='grc' dir='ltr'><strong>καὶ</strong></span> <span class='ocrx_word' id='word_1_308' title='bbox 222 2121 278 2152; x_wconf 86' lang='grc' dir='ltr'>τοῖς</span> <span class='ocrx_word' id='word_1_309' title='bbox 294 2120 365 2154; x_wconf 80' lang='grc' dir='ltr'>ἄγαν</span> <span class='ocrx_word' id='word_1_310' title='bbox 380 2121 538 2156; x_wconf 81' lang='grc' dir='ltr'>αἰρετικοῖς,</span> <span class='ocrx_word' id='word_1_311' title='bbox 553 2120 618 2155; x_wconf 74' lang='grc' dir='ltr'>περὶ</span> <span class='ocrx_word' id='word_1_312' title='bbox 631 2119 709 2146; x_wconf 86' lang='grc' dir='ltr'>ποίαν</span> <span class='ocrx_word' id='word_1_313' title='bbox 729 2119 810 2154; x_wconf 80' lang='grc' dir='ltr'>φύσιν</span> <span class='ocrx_word' id='word_1_314' title='bbox 835 2120 864 2146; x_wconf 76' lang='grc' dir='ltr'>τὸ</span> <span class='ocrx_word' id='word_1_315' title='bbox 891 2120 944 2147; x_wconf 83' lang='grc' dir='ltr'><strong>πά-</strong></span> 
     </span>
    </p>
   </div>
   <div class='ocr_carea' id='block_1_43' title="bbox 164 2158 847 2201">
    <p class='ocr_par' dir='ltr' id='par_1_43' title="bbox 164 2158 847 2201">
     <span class='ocr_line' id='line_1_43' title="bbox 164 2158 847 2201; baseline -0.001 -9"><span class='ocrx_word' id='word_1_316' title='bbox 164 2166 207 2198; x_wconf 76' lang='grc' dir='ltr'><strong>οος</strong></span> <span class='ocrx_word' id='word_1_317' title='bbox 221 2166 378 2201; x_wconf 78' lang='grc' dir='ltr'>γεγένηται.</span> <span class='ocrx_word' id='word_1_318' title='bbox 838 2158 847 2163; x_wconf 43' lang='lat'><strong><em>’</em></strong></span> 
     </span>
    </p>
   </div>
   <div class='ocr_carea' id='block_1_44' title="bbox 198 2210 944 2246">
    <p class='ocr_par' dir='ltr' id='par_1_44' title="bbox 198 2210 944 2246">
     <span class='ocr_line' id='line_1_44' title="bbox 198 2210 944 2246; baseline 0.001 -9"><span class='ocrx_word' id='word_1_319' title='bbox 198 2212 242 2239; x_wconf 88' lang='grc' dir='ltr'>ια’,</span> <span class='ocrx_word' id='word_1_320' title='bbox 260 2213 301 2239; x_wconf 83' lang='grc' dir='ltr'><strong>Οὐ</strong></span> <span class='ocrx_word' id='word_1_321' title='bbox 316 2212 411 2246; x_wconf 81' lang='grc' dir='ltr'>μόνον</span> <span class='ocrx_word' id='word_1_322' title='bbox 434 2211 478 2243; x_wconf 78' lang='grc' dir='ltr'><strong>δὲ,</strong></span> <span class='ocrx_word' id='word_1_323' title='bbox 493 2211 572 2238; x_wconf 79' lang='grc' dir='ltr'><em>ἀλλὰ</em></span> <span class='ocrx_word' id='word_1_324' title='bbox 586 2211 634 2238; x_wconf 78' lang='grc' dir='ltr'><strong>καὶ</strong></span> <span class='ocrx_word' id='word_1_325' title='bbox 662 2210 848 2245; x_wconf 77' lang='grc' dir='ltr'>καυχώμενοι</span> <span class='ocrx_word' id='word_1_326' title='bbox 858 2211 892 2238; x_wconf 79' lang='grc' dir='ltr'><strong>ἐν</strong></span> <span class='ocrx_word' id='word_1_327' title='bbox 903 2211 944 2244; x_wconf 85' lang='grc' dir='ltr'>τῷ</span> 
     </span>
    </p>
   </div>
   <div class='ocr_carea' id='block_1_45' title="bbox 166 2256 947 2291">
    <p class='ocr_par' dir='ltr' id='par_1_45' title="bbox 166 2256 947 2291">
     <span class='ocr_line' id='line_1_45' title="bbox 166 2256 947 2291; baseline 0 -7"><span class='ocrx_word' id='word_1_328' title='bbox 166 2258 224 2290; x_wconf 86' lang='grc' dir='ltr'><strong>Θεῷ</strong></span> <span class='ocrx_word' id='word_1_329' title='bbox 243 2257 292 2285; x_wconf 83' lang='grc' dir='ltr'><strong>διὰ</strong></span> <span class='ocrx_word' id='word_1_330' title='bbox 312 2258 365 2284; x_wconf 86' lang='grc' dir='ltr'>τοῦ</span> <span class='ocrx_word' id='word_1_331' title='bbox 381 2258 490 2291; x_wconf 84' lang='grc' dir='ltr'><strong>Κυρίου</strong></span> <span class='ocrx_word' id='word_1_332' title='bbox 512 2256 596 2291; x_wconf 81' lang='grc' dir='ltr'><strong>ἡμῶν</strong></span> <span class='ocrx_word' id='word_1_333' title='bbox 623 2256 725 2291; x_wconf 82' lang='grc' dir='ltr'>Ἰησοῦ</span> <span class='ocrx_word' id='word_1_334' title='bbox 749 2257 887 2290; x_wconf 81' lang='grc' dir='ltr'>Χριστοῦ,</span> <span class='ocrx_word' id='word_1_335' title='bbox 909 2257 947 2284; x_wconf 80' lang='grc' dir='ltr'><strong>δι’</strong></span> 
     </span>
    </p>
   </div>
   <div class='ocr_carea' id='block_1_46' title="bbox 168 2302 945 2337">
    <p class='ocr_par' dir='ltr' id='par_1_46' title="bbox 168 2302 945 2337">
     <span class='ocr_line' id='line_1_46' title="bbox 168 2302 945 2337; baseline -0.004 -6"><span class='ocrx_word' id='word_1_336' title='bbox 168 2302 204 2332; x_wconf 78' lang='grc' dir='ltr'><strong>οὗ</strong></span> <span class='ocrx_word' id='word_1_337' title='bbox 226 2304 284 2331; x_wconf 66' lang='grc' dir='ltr'><strong>νῦν</strong></span> <span class='ocrx_word' id='word_1_338' title='bbox 299 2303 357 2337; x_wconf 75' lang='grc' dir='ltr'><strong>τὴν</strong></span> <span class='ocrx_word' id='word_1_339' title='bbox 371 2302 565 2337; x_wconf 77' lang='grc' dir='ltr'><strong>καταλλαγὴν</strong></span> <span class='ocrx_word' id='word_1_340' title='bbox 575 2302 732 2336; x_wconf 74' lang='grc' dir='ltr'>ἐλάϐομεν.</span> <span class='ocrx_word' id='word_1_341' title='bbox 750 2303 786 2328; x_wconf 85' lang='grc' dir='ltr'><strong>Οὐ</strong></span> <span class='ocrx_word' id='word_1_342' title='bbox 799 2303 852 2337; x_wconf 80' lang='grc' dir='ltr'><strong>γὰρ</strong></span> <span class='ocrx_word' id='word_1_343' title='bbox 866 2302 945 2337; x_wconf 84' lang='grc' dir='ltr'>μόνον</span> 
     </span>
    </p>
   </div>
   <div class='ocr_carea' id='block_1_47' title="bbox 168 2348 945 2385">
    <p class='ocr_par' dir='ltr' id='par_1_47' title="bbox 168 2348 945 2385">
     <span class='ocr_line' id='line_1_47' title="bbox 168 2348 945 2385; baseline -0.003 -9"><span class='ocrx_word' id='word_1_344' title='bbox 168 2351 215 2385; x_wconf 73' lang='grc' dir='ltr'>τὴν</span> <span class='ocrx_word' id='word_1_345' title='bbox 228 2350 363 2376; x_wconf 79' lang='grc' dir='ltr'>ἀθάνατον</span> <span class='ocrx_word' id='word_1_346' title='bbox 378 2349 450 2384; x_wconf 80' lang='grc' dir='ltr'>ζωὴν</span> <span class='ocrx_word' id='word_1_347' title='bbox 463 2348 642 2383; x_wconf 83' lang='grc' dir='ltr'>ἀναμένομεν,</span> <span class='ocrx_word' id='word_1_348' title='bbox 659 2348 727 2374; x_wconf 79' lang='grc' dir='ltr'>ἀλλὰ</span> <span class='ocrx_word' id='word_1_349' title='bbox 749 2348 796 2374; x_wconf 82' lang='grc' dir='ltr'><strong>καὶ</strong></span> <span class='ocrx_word' id='word_1_350' title='bbox 811 2348 882 2375; x_wconf 74' lang='grc' dir='ltr'>κατὰ</span> <span class='ocrx_word' id='word_1_351' title='bbox 900 2348 945 2374; x_wconf 85' lang='grc' dir='ltr'><strong>τὸν</strong></span> 
     </span>
    </p>
   </div>
   <div class='ocr_carea' id='block_1_48' title="bbox 166 2393 944 2430">
    <p class='ocr_par' dir='ltr' id='par_1_48' title="bbox 166 2393 944 2430">
     <span class='ocr_line' id='line_1_48' title="bbox 166 2393 944 2430; baseline -0.003 -9"><span class='ocrx_word' id='word_1_352' title='bbox 166 2395 285 2430; x_wconf 78' lang='grc' dir='ltr'>παρόντα</span> <span class='ocrx_word' id='word_1_353' title='bbox 305 2394 361 2429; x_wconf 83' lang='grc' dir='ltr'>βίον</span> <span class='ocrx_word' id='word_1_354' title='bbox 382 2394 420 2426; x_wconf 84' lang='grc' dir='ltr'><strong>ὡς</strong></span> <span class='ocrx_word' id='word_1_355' title='bbox 436 2393 693 2429; x_wconf 79' lang='grc' dir='ltr'>προσοικειωθέντες</span> <span class='ocrx_word' id='word_1_356' title='bbox 713 2393 752 2428; x_wconf 77' lang='grc' dir='ltr'><strong>τῷ</strong></span> <span class='ocrx_word' id='word_1_357' title='bbox 765 2393 825 2428; x_wconf 83' lang='grc' dir='ltr'><strong>Θεῴ</strong></span> <span class='ocrx_word' id='word_1_358' title='bbox 845 2402 944 2428; x_wconf 83' lang='grc' dir='ltr'>σεμνυ-</span> 
     </span>
    </p>
   </div>
   <div class='ocr_carea' id='block_1_49' title="bbox 167 2439 944 2477">
    <p class='ocr_par' dir='ltr' id='par_1_49' title="bbox 167 2439 944 2477">
     <span class='ocr_line' id='line_1_49' title="bbox 167 2439 944 2477; baseline -0.004 -9"><span class='ocrx_word' id='word_1_359' title='bbox 167 2441 274 2477; x_wconf 81' lang='grc' dir='ltr'>νόμεθα,</span> <span class='ocrx_word' id='word_1_360' title='bbox 292 2441 326 2467; x_wconf 82' lang='grc' dir='ltr'>τὰ</span> <span class='ocrx_word' id='word_1_361' title='bbox 343 2440 413 2467; x_wconf 85' lang='grc' dir='ltr'><strong>κατά</strong></span> <span class='ocrx_word' id='word_1_362' title='bbox 424 2440 469 2466; x_wconf 73' lang='grc' dir='ltr'><strong>τὸν</strong></span> <span class='ocrx_word' id='word_1_363' title='bbox 485 2439 621 2474; x_wconf 82' lang='grc' dir='ltr'>Δεσπότην</span> <span class='ocrx_word' id='word_1_364' title='bbox 632 2439 747 2474; x_wconf 74' lang='grc' dir='ltr'>Χριστὸν</span> <span class='ocrx_word' id='word_1_365' title='bbox 766 2439 944 2473; x_wconf 81' lang='grc' dir='ltr'>λογιζόμενοι,</span> 
     </span>
    </p>
   </div>
   <div class='ocr_carea' id='block_1_50' title="bbox 168 2484 947 2523">
    <p class='ocr_par' dir='ltr' id='par_1_50' title="bbox 168 2484 947 2523">
     <span class='ocr_line' id='line_1_50' title="bbox 168 2484 947 2523; baseline -0.001 -10"><span class='ocrx_word' id='word_1_366' title='bbox 168 2487 195 2519; x_wconf 78' lang='grc' dir='ltr'>ὃς</span> <span class='ocrx_word' id='word_1_367' title='bbox 213 2487 325 2523; x_wconf 82' lang='grc' dir='ltr'>μεσίτης</span> <span class='ocrx_word' id='word_1_368' title='bbox 340 2485 418 2521; x_wconf 81' lang='grc' dir='ltr'>ἡμῶν</span> <span class='ocrx_word' id='word_1_369' title='bbox 439 2485 583 2520; x_wconf 81' lang='grc' dir='ltr'>γενόμενος</span> <span class='ocrx_word' id='word_1_370' title='bbox 603 2484 651 2520; x_wconf 82' lang='grc' dir='ltr'>τὴν</span> <span class='ocrx_word' id='word_1_371' title='bbox 672 2485 784 2520; x_wconf 82' lang='grc' dir='ltr'>εἰρήνην</span> <span class='ocrx_word' id='word_1_372' title='bbox 804 2485 947 2520; x_wconf 81' lang='grc' dir='ltr'>ἐπραγμα-</span> 
     </span>
    </p>
   </div>
   <div class='ocr_carea' id='block_1_51' title="bbox 167 2529 947 2565">
    <p class='ocr_par' dir='ltr' id='par_1_51' title="bbox 167 2529 947 2565">
     <span class='ocr_line' id='line_1_51' title="bbox 167 2529 947 2565; baseline -0.004 -7"><span class='ocrx_word' id='word_1_373' title='bbox 167 2531 290 2558; x_wconf 83' lang='grc' dir='ltr'>τεύσατο.</span> <span class='ocrx_word' id='word_1_374' title='bbox 312 2530 452 2558; x_wconf 82' lang='grc' dir='ltr'>Ἐντεῦθεν</span> <span class='ocrx_word' id='word_1_375' title='bbox 463 2530 556 2556; x_wconf 75' lang='grc' dir='ltr'>λοιπὸν</span> <span class='ocrx_word' id='word_1_376' title='bbox 572 2530 602 2555; x_wconf 81' lang='grc' dir='ltr'><strong>τὸ</strong></span> <span class='ocrx_word' id='word_1_377' title='bbox 613 2531 661 2565; x_wconf 87' lang='grc' dir='ltr'><strong>τῆς</strong></span> <span class='ocrx_word' id='word_1_378' title='bbox 672 2529 828 2564; x_wconf 85' lang='grc' dir='ltr'>οἰκονομίας</span> <span class='ocrx_word' id='word_1_379' title='bbox 842 2530 947 2556; x_wconf 82' lang='grc' dir='ltr'>ἀποκα-</span> 
     </span>
    </p>
   </div>
   <div class='ocr_carea' id='block_1_52' title="bbox 169 2574 949 2612">
    <p class='ocr_par' dir='ltr' id='par_1_52' title="bbox 169 2574 949 2612">
     <span class='ocr_line' id='line_1_52' title="bbox 169 2574 949 2612; baseline -0.005 -7"><span class='ocrx_word' id='word_1_380' title='bbox 169 2578 260 2605; x_wconf 70' lang='grc' dir='ltr'>λύπτει</span> <span class='ocrx_word' id='word_1_381' title='bbox 271 2579 429 2612; x_wconf 80' lang='grc' dir='ltr'>μυστήριον,</span> <span class='ocrx_word' id='word_1_382' title='bbox 438 2575 486 2603; x_wconf 60' lang='grc' dir='ltr'><strong>και)¹</strong></span> <span class='ocrx_word' id='word_1_383' title='bbox 498 2577 546 2611; x_wconf 81' lang='grc' dir='ltr'>τῆς</span> <span class='ocrx_word' id='word_1_384' title='bbox 560 2574 789 2610; x_wconf 81' lang='grc' dir='ltr'>ἐνανθρωπήσεως</span> <span class='ocrx_word' id='word_1_385' title='bbox 802 2575 850 2610; x_wconf 80' lang='grc' dir='ltr'>τὴν</span> <span class='ocrx_word' id='word_1_386' title='bbox 861 2575 949 2602; x_wconf 78' lang='grc' dir='ltr'>αἰτίαν</span> 
     </span>
    </p>
   </div>
   <div class='ocr_carea' id='block_1_53' title="bbox 169 2623 296 2651">
    <p class='ocr_par' dir='ltr' id='par_1_53' title="bbox 169 2623 296 2651">
     <span class='ocr_line' id='line_1_53' title="bbox 169 2623 296 2651; baseline -0.016 0"><span class='ocrx_word' id='word_1_387' title='bbox 169 2623 284 2651; x_wconf 80' lang='grc' dir='ltr'>διδάσκει</span> <span class='ocrx_word' id='word_1_388' title='bbox 289 2643 296 2650; x_wconf 91' lang='grc'>.</span> 
     </span>
    </p>
   </div>
   <div class='ocr_carea' id='block_1_54' title="bbox 204 2665 948 2704">
    <p class='ocr_par' dir='ltr' id='par_1_54' title="bbox 204 2665 948 2704">
     <span class='ocr_line' id='line_1_54' title="bbox 204 2665 948 2704; baseline -0.005 -9"><span class='ocrx_word' id='word_1_389' title='bbox 204 2669 246 2704; x_wconf 79' lang='grc' dir='ltr'><strong>ιβ’.</strong></span> <span class='ocrx_word' id='word_1_390' title='bbox 262 2668 313 2695; x_wconf 85' lang='grc' dir='ltr'><strong>Διὰ</strong></span> <span class='ocrx_word' id='word_1_391' title='bbox 324 2667 412 2695; x_wconf 78' lang='grc' dir='ltr'>τοῦτο</span> <span class='ocrx_word' id='word_1_392' title='bbox 420 2666 520 2701; x_wconf 82' lang='grc' dir='ltr'>ὥσπερ</span> <span class='ocrx_word' id='word_1_393' title='bbox 533 2666 569 2694; x_wconf 83' lang='grc' dir='ltr'><strong>δι’</strong></span> <span class='ocrx_word' id='word_1_394' title='bbox 581 2666 650 2698; x_wconf 85' lang='grc' dir='ltr'><strong>ἐνὸς</strong></span> <span class='ocrx_word' id='word_1_395' title='bbox 661 2665 816 2698; x_wconf 83' lang='grc' dir='ltr'><strong>ἀνθρώπου</strong></span> <span class='ocrx_word' id='word_1_396' title='bbox 831 2666 846 2699; x_wconf 75' lang='grc' dir='ltr'><em>ἡ</em></span> <span class='ocrx_word' id='word_1_397' title='bbox 856 2665 948 2699; x_wconf 81' lang='grc' dir='ltr'>ἀμαρ-</span> 
     </span>
    </p>
   </div>
   <div class='ocr_carea' id='block_1_55' title="bbox 207 2734 469 2768">
    <p class='ocr_par' dir='ltr' id='par_1_55' title="bbox 207 2734 469 2768">
     <span class='ocr_line' id='line_1_55' title="bbox 207 2734 469 2768; baseline -0.019 -3"><span class='ocrx_word' id='word_1_398' title='bbox 207 2737 217 2758; x_wconf 77' lang='grc' dir='ltr'><strong>ί</strong></span> <span class='ocrx_word' id='word_1_399' title='bbox 236 2736 324 2764; x_wconf 86' lang='lat' dir='ltr'><strong>Galat.</strong></span> <span class='ocrx_word' id='word_1_400' title='bbox 338 2743 376 2768; x_wconf 77' lang='lat' dir='ltr'><strong>tv,</strong></span> <span class='ocrx_word' id='word_1_401' title='bbox 393 2734 427 2766; x_wconf 78' lang='grc'><strong>4,</strong></span> <span class='ocrx_word' id='word_1_402' title='bbox 442 2734 469 2761; x_wconf 85' lang='lat'><strong>5.</strong></span> 
     </span>
    </p>
   </div>
   <div class='ocr_carea' id='block_1_56' title="bbox 585 191 1358 225">
    <p class='ocr_par' dir='ltr' id='par_1_56' title="bbox 585 191 1358 225">
     <span class='ocr_line' id='line_1_56' title="bbox 585 191 1358 225; baseline -0.004 0"><span class='ocrx_word' id='word_1_403' title='bbox 585 192 890 225; x_wconf 76' lang='lat' dir='ltr'><strong>INT&#39;ERPRETATIO</strong></span> <span class='ocrx_word' id='word_1_404' title='bbox 909 192 1028 223; x_wconf 76' lang='lat' dir='ltr'><strong>EPIST.</strong></span> <span class='ocrx_word' id='word_1_405' title='bbox 1048 192 1097 222; x_wconf 82' lang='lat' dir='ltr'><strong>AD</strong></span> <span class='ocrx_word' id='word_1_406' title='bbox 1116 191 1206 222; x_wconf 81' lang='lat' dir='ltr'><strong>ROM.</strong></span> <span class='ocrx_word' id='word_1_407' title='bbox 1227 192 1304 222; x_wconf 81' lang='lat' dir='ltr'><strong>CAP.</strong></span> <span class='ocrx_word' id='word_1_408' title='bbox 1324 193 1358 222; x_wconf 81' lang='grc' dir='ltr'>ν.</span> 
     </span>
    </p>
   </div>
   <div class='ocr_carea' id='block_1_57' title="bbox 1733 192 1768 224">
    <p class='ocr_par' dir='ltr' id='par_1_57' title="bbox 1733 192 1768 224">
     <span class='ocr_line' id='line_1_57' title="bbox 1733 192 1768 224; baseline 0 0"><span class='ocrx_word' id='word_1_409' title='bbox 1733 192 1768 224; x_wconf 83' lang='grc'><strong>98</strong></span> 
     </span>
    </p>
   </div>
   <div class='ocr_carea' id='block_1_58' title="bbox 952 247 1766 282">
    <p class='ocr_par' dir='ltr' id='par_1_58' title="bbox 952 247 1766 282">
     <span class='ocr_line' id='line_1_58' title="bbox 952 247 1766 282; baseline 0.005 -10"><span class='ocrx_word' id='word_1_410' title='bbox 952 250 972 277; x_wconf 73' lang='grc' dir='ltr'>Α</span> <span class='ocrx_word' id='word_1_411' title='bbox 987 247 1105 281; x_wconf 81' lang='lat' dir='ltr'><strong>infirmi,</strong></span> <span class='ocrx_word' id='word_1_412' title='bbox 1122 247 1264 273; x_wconf 74' lang='lat' dir='ltr'><strong>secundum</strong></span> <span class='ocrx_word' id='word_1_413' title='bbox 1283 252 1383 281; x_wconf 85' lang='lat' dir='ltr'><strong>tempus</strong></span> <span class='ocrx_word' id='word_1_414' title='bbox 1401 255 1448 281; x_wconf 82' lang='lat' dir='ltr'><strong>pro</strong></span> <span class='ocrx_word' id='word_1_415' title='bbox 1469 247 1557 282; x_wconf 74' lang='lat' dir='ltr'><strong>impiis</strong></span> <span class='ocrx_word' id='word_1_416' title='bbox 1573 253 1694 276; x_wconf 79' lang='lat' dir='ltr'><strong>mortuus</strong></span> <span class='ocrx_word' id='word_1_417' title='bbox 1717 256 1766 276; x_wconf 76' lang='lat' dir='ltr'><strong>est.</strong></span> 
     </span>
    </p>
   </div>
   <div class='ocr_carea' id='block_1_59' title="bbox 993 292 1768 329">
    <p class='ocr_par' dir='ltr' id='par_1_59' title="bbox 993 292 1768 329">
     <span class='ocr_line' id='line_1_59' title="bbox 993 292 1768 329; baseline 0.005 -11"><span class='ocrx_word' id='word_1_418' title='bbox 993 292 1042 319; x_wconf 66' lang='lat' dir='ltr'><strong>l’is:</strong></span> <span class='ocrx_word' id='word_1_419' title='bbox 1065 293 1134 319; x_wconf 83' lang='lat' dir='ltr'><strong>enim</strong></span> <span class='ocrx_word' id='word_1_420' title='bbox 1151 300 1199 326; x_wconf 84' lang='lat' dir='ltr'><strong>pro</strong></span> <span class='ocrx_word' id='word_1_421' title='bbox 1212 293 1287 326; x_wconf 85' lang='lat' dir='ltr'><strong>justo</strong></span> <span class='ocrx_word' id='word_1_422' title='bbox 1311 293 1368 327; x_wconf 86' lang='lat' dir='ltr'><strong>quis</strong></span> <span class='ocrx_word' id='word_1_423' title='bbox 1386 293 1523 320; x_wconf 85' lang='lat' dir='ltr'><strong>moritur:</strong></span> <span class='ocrx_word' id='word_1_424' title='bbox 1546 301 1607 320; x_wconf 86' lang='lat' dir='ltr'><strong>nam</strong></span> <span class='ocrx_word' id='word_1_425' title='bbox 1632 303 1679 329; x_wconf 84' lang='lat' dir='ltr'><strong>pro</strong></span> <span class='ocrx_word' id='word_1_426' title='bbox 1701 295 1768 322; x_wconf 82' lang='lat' dir='ltr'><strong>bona</strong></span> 
     </span>
    </p>
   </div>
   <div class='ocr_carea' id='block_1_60' title="bbox 986 337 1767 374">
    <p class='ocr_par' dir='ltr' id='par_1_60' title="bbox 986 337 1767 374">
     <span class='ocr_line' id='line_1_60' title="bbox 986 337 1767 374; baseline 0.006 -11"><span class='ocrx_word' id='word_1_427' title='bbox 986 338 1100 372; x_wconf 75' lang='lat' dir='ltr'><strong>forsitan</strong></span> <span class='ocrx_word' id='word_1_428' title='bbox 1117 338 1177 372; x_wconf 87' lang='lat' dir='ltr'><strong>quis</strong></span> <span class='ocrx_word' id='word_1_429' title='bbox 1195 337 1293 364; x_wconf 78' lang='lat' dir='ltr'><strong><em>audeat</em></strong></span> <span class='ocrx_word' id='word_1_430' title='bbox 1308 338 1384 365; x_wconf 78' lang='lat' dir='ltr'><strong>mari.</strong></span> <span class='ocrx_word' id='word_1_431' title='bbox 1401 337 1560 372; x_wconf 75' lang='lat' dir='ltr'><strong>Cogitamus</strong></span> <span class='ocrx_word' id='word_1_432' title='bbox 1578 339 1649 366; x_wconf 90' lang='lat' dir='ltr'><strong>cnim</strong></span> <span class='ocrx_word' id='word_1_433' title='bbox 1662 359 1669 371; x_wconf 85' lang='lat'><strong>,</strong></span> <span class='ocrx_word' id='word_1_434' title='bbox 1692 341 1767 374; x_wconf 88' lang='lat' dir='ltr'><strong>quod</strong></span> 
     </span>
    </p>
   </div>
   <div class='ocr_carea' id='block_1_61' title="bbox 986 382 1768 419">
    <p class='ocr_par' dir='ltr' id='par_1_61' title="bbox 986 382 1768 419">
     <span class='ocr_line' id='line_1_61' title="bbox 986 382 1768 419; baseline 0.005 -10"><span class='ocrx_word' id='word_1_435' title='bbox 986 389 1048 409; x_wconf 89' lang='lat' dir='ltr'><strong>cum</strong></span> <span class='ocrx_word' id='word_1_436' title='bbox 1068 382 1158 409; x_wconf 86' lang='lat' dir='ltr'><strong>adhuc</strong></span> <span class='ocrx_word' id='word_1_437' title='bbox 1176 382 1401 417; x_wconf 84' lang='lat' dir='ltr'><strong>delinquercmus</strong></span> <span class='ocrx_word' id='word_1_438' title='bbox 1416 403 1423 414; x_wconf 90' lang='lat'><strong>,</strong></span> <span class='ocrx_word' id='word_1_439' title='bbox 1444 383 1596 417; x_wconf 83' lang='lat' dir='ltr'><strong>morboque</strong></span> <span class='ocrx_word' id='word_1_440' title='bbox 1616 384 1768 419; x_wconf 69' lang='lat' dir='ltr'><strong>impietatis</strong></span> 
     </span>
    </p>
   </div>
   <div class='ocr_carea' id='block_1_62' title="bbox 984 427 1768 465">
    <p class='ocr_par' dir='ltr' id='par_1_62' title="bbox 984 427 1768 465">
     <span class='ocr_line' id='line_1_62' title="bbox 984 427 1768 465; baseline 0.004 -12"><span class='ocrx_word' id='word_1_441' title='bbox 984 427 1076 465; x_wconf 66' lang='lat' dir='ltr'><strong>adhuc</strong></span> <span class='ocrx_word' id='word_1_442' title='bbox 1090 435 1216 455; x_wconf 86' lang='lat' dir='ltr'><strong>essemus</strong></span> <span class='ocrx_word' id='word_1_443' title='bbox 1232 428 1383 462; x_wconf 88' lang='lat' dir='ltr'><strong>implicati,</strong></span> <span class='ocrx_word' id='word_1_444' title='bbox 1402 428 1534 455; x_wconf 84' lang='lat' dir='ltr'><strong>Dominus</strong></span> <span class='ocrx_word' id='word_1_445' title='bbox 1549 428 1676 457; x_wconf 78' lang='lat' dir='ltr'><strong>Christus</strong></span> <span class='ocrx_word' id='word_1_446' title='bbox 1692 437 1768 456; x_wconf 86' lang='lat' dir='ltr'><strong>mor-</strong></span> 
     </span>
    </p>
   </div>
   <div class='ocr_carea' id='block_1_63' title="bbox 986 473 1770 510">
    <p class='ocr_par' dir='ltr' id='par_1_63' title="bbox 986 473 1770 510">
     <span class='ocr_line' id='line_1_63' title="bbox 986 473 1770 510; baseline 0.003 -10"><span class='ocrx_word' id='word_1_447' title='bbox 986 477 1041 500; x_wconf 95' lang='lat' dir='ltr'><strong>tem</strong></span> <span class='ocrx_word' id='word_1_448' title='bbox 1056 481 1106 508; x_wconf 86' lang='lat' dir='ltr'><strong>pro</strong></span> <span class='ocrx_word' id='word_1_449' title='bbox 1120 474 1200 501; x_wconf 91' lang='lat' dir='ltr'><strong>nobis</strong></span> <span class='ocrx_word' id='word_1_450' title='bbox 1215 475 1338 508; x_wconf 76' lang='lat' dir='ltr'><strong>suscepit</strong></span> <span class='ocrx_word' id='word_1_451' title='bbox 1351 483 1357 500; x_wconf 88' lang='lat'>:</span> <span class='ocrx_word' id='word_1_452' title='bbox 1372 478 1400 501; x_wconf 88' lang='lat' dir='ltr'><strong>et</strong></span> <span class='ocrx_word' id='word_1_453' title='bbox 1415 473 1482 500; x_wconf 90' lang='lat' dir='ltr'><strong>hinc</strong></span> <span class='ocrx_word' id='word_1_454' title='bbox 1500 474 1678 507; x_wconf 77' lang='lat' dir='ltr'><strong>benignitatis</strong></span> <span class='ocrx_word' id='word_1_455' title='bbox 1694 475 1770 510; x_wconf 78' lang='lat' dir='ltr'><strong>abys-</strong></span> 
     </span>
    </p>
   </div>
   <div class='ocr_carea' id='block_1_64' title="bbox 986 519 1770 555">
    <p class='ocr_par' dir='ltr' id='par_1_64' title="bbox 986 519 1770 555">
     <span class='ocr_line' id='line_1_64' title="bbox 986 519 1770 555; baseline 0.001 -9"><span class='ocrx_word' id='word_1_456' title='bbox 986 527 1046 546; x_wconf 86' lang='lat' dir='ltr'><strong>sum</strong></span> <span class='ocrx_word' id='word_1_457' title='bbox 1061 519 1249 554; x_wconf 73' lang='lat' dir='ltr'><strong>intelligimus.</strong></span> <span class='ocrx_word' id='word_1_458' title='bbox 1276 519 1330 547; x_wconf 90' lang='lat' dir='ltr'><strong>Pro</strong></span> <span class='ocrx_word' id='word_1_459' title='bbox 1349 520 1426 553; x_wconf 89' lang='lat' dir='ltr'><strong>justo</strong></span> <span class='ocrx_word' id='word_1_460' title='bbox 1452 520 1525 547; x_wconf 92' lang='lat' dir='ltr'><strong>enim</strong></span> <span class='ocrx_word' id='word_1_461' title='bbox 1551 519 1669 547; x_wconf 85' lang='lat' dir='ltr'><strong>fortasse</strong></span> <span class='ocrx_word' id='word_1_462' title='bbox 1691 521 1770 555; x_wconf 84' lang='lat' dir='ltr'><strong>quis-</strong></span> 
     </span>
    </p>
   </div>
   <div class='ocr_carea' id='block_1_65' title="bbox 986 565 1771 601">
    <p class='ocr_par' dir='ltr' id='par_1_65' title="bbox 986 565 1771 601">
     <span class='ocr_line' id='line_1_65' title="bbox 986 565 1771 601; baseline 0.003 -9"><span class='ocrx_word' id='word_1_463' title='bbox 986 566 1059 600; x_wconf 84' lang='lat' dir='ltr'><strong>piam</strong></span> <span class='ocrx_word' id='word_1_464' title='bbox 1075 571 1191 593; x_wconf 88' lang='lat' dir='ltr'><strong>mortem</strong></span> <span class='ocrx_word' id='word_1_465' title='bbox 1204 565 1340 594; x_wconf 87' lang='lat' dir='ltr'><strong>subierit:</strong></span> <span class='ocrx_word' id='word_1_466' title='bbox 1364 566 1423 600; x_wconf 88' lang='lat' dir='ltr'><strong>ipse</strong></span> <span class='ocrx_word' id='word_1_467' title='bbox 1439 573 1514 597; x_wconf 83' lang='lat' dir='ltr'><strong>vero,</strong></span> <span class='ocrx_word' id='word_1_468' title='bbox 1529 570 1641 601; x_wconf 75' lang='lat' dir='ltr'><strong>propter</strong></span> <span class='ocrx_word' id='word_1_469' title='bbox 1656 566 1771 594; x_wconf 88' lang='lat' dir='ltr'><strong>immen-</strong></span> 
     </span>
    </p>
   </div>
   <div class='ocr_carea' id='block_1_66' title="bbox 986 612 1769 646">
    <p class='ocr_par' dir='ltr' id='par_1_66' title="bbox 986 612 1769 646">
     <span class='ocr_line' id='line_1_66' title="bbox 986 612 1769 646; baseline 0.003 -8"><span class='ocrx_word' id='word_1_470' title='bbox 986 619 1043 639; x_wconf 91' lang='lat' dir='ltr'><strong>sam</strong></span> <span class='ocrx_word' id='word_1_471' title='bbox 1065 612 1243 643; x_wconf 83' lang='lat' dir='ltr'><strong>charitatem,</strong></span> <span class='ocrx_word' id='word_1_472' title='bbox 1267 620 1316 646; x_wconf 93' lang='lat' dir='ltr'><strong>pro</strong></span> <span class='ocrx_word' id='word_1_473' title='bbox 1329 612 1521 646; x_wconf 72' lang='lat' dir='ltr'><strong>peccatoribus</strong></span> <span class='ocrx_word' id='word_1_474' title='bbox 1544 616 1659 639; x_wconf 89' lang='lat' dir='ltr'><strong>mortem</strong></span> <span class='ocrx_word' id='word_1_475' title='bbox 1674 612 1769 640; x_wconf 87' lang='lat' dir='ltr'><strong>subiit.</strong></span> 
     </span>
    </p>
   </div>
   <div class='ocr_carea' id='block_1_67' title="bbox 986 657 1310 692">
    <p class='ocr_par' dir='ltr' id='par_1_67' title="bbox 986 657 1310 692">
     <span class='ocr_line' id='line_1_67' title="bbox 986 657 1310 692; baseline 0 -8"><span class='ocrx_word' id='word_1_476' title='bbox 986 657 1043 684; x_wconf 84' lang='lat' dir='ltr'><strong>lloc</strong></span> <span class='ocrx_word' id='word_1_477' title='bbox 1057 658 1130 684; x_wconf 89' lang='lat' dir='ltr'><strong>enim</strong></span> <span class='ocrx_word' id='word_1_478' title='bbox 1147 657 1288 692; x_wconf 76' lang='lat' dir='ltr'><strong>subjungit</strong></span> <span class='ocrx_word' id='word_1_479' title='bbox 1304 666 1310 684; x_wconf 93' lang='lat'><strong><em>:</em></strong></span> 
     </span>
    </p>
   </div>
   <div class='ocr_carea' id='block_1_68' title="bbox 1024 702 1770 735">
    <p class='ocr_par' dir='ltr' id='par_1_68' title="bbox 1024 702 1770 735">
     <span class='ocr_line' id='line_1_68' title="bbox 1024 702 1770 735; baseline -0.003 -5"><span class='ocrx_word' id='word_1_480' title='bbox 1024 702 1105 730; x_wconf 71' lang='lat' dir='ltr'><strong>Vens.</strong></span> <span class='ocrx_word' id='word_1_481' title='bbox 1125 704 1156 735; x_wconf 89' lang='lat'><strong>8,</strong></span> <span class='ocrx_word' id='word_1_482' title='bbox 1175 703 1202 730; x_wconf 82' lang='lat'><strong>9.</strong></span> <span class='ocrx_word' id='word_1_483' title='bbox 1220 703 1394 730; x_wconf 81' lang='lat' dir='ltr'><strong>Commendat</strong></span> <span class='ocrx_word' id='word_1_484' title='bbox 1409 707 1495 730; x_wconf 80' lang='lat' dir='ltr'><strong>autem</strong></span> <span class='ocrx_word' id='word_1_485' title='bbox 1516 702 1674 729; x_wconf 82' lang='lat' dir='ltr'><strong>charilalem</strong></span> <span class='ocrx_word' id='word_1_486' title='bbox 1694 710 1770 728; x_wconf 80' lang='lat' dir='ltr'><strong>suam</strong></span> 
     </span>
    </p>
   </div>
   <div class='ocr_carea' id='block_1_69' title="bbox 987 749 1770 784">
    <p class='ocr_par' dir='ltr' id='par_1_69' title="bbox 987 749 1770 784">
     <span class='ocr_line' id='line_1_69' title="bbox 987 749 1770 784; baseline -0.003 -8"><span class='ocrx_word' id='word_1_487' title='bbox 987 749 1057 776; x_wconf 84' lang='lat' dir='ltr'><strong>Deus</strong></span> <span class='ocrx_word' id='word_1_488' title='bbox 1072 749 1156 782; x_wconf 85' lang='lat' dir='ltr'><strong>nobis,</strong></span> <span class='ocrx_word' id='word_1_489' title='bbox 1171 749 1241 784; x_wconf 80' lang='lat' dir='ltr'><strong>quod</strong></span> <span class='ocrx_word' id='word_1_490' title='bbox 1253 757 1312 775; x_wconf 74' lang='lat' dir='ltr'><strong>eum</strong></span> <span class='ocrx_word' id='word_1_491' title='bbox 1324 758 1371 776; x_wconf 83' lang='lat' dir='ltr'><strong>nos</strong></span> <span class='ocrx_word' id='word_1_492' title='bbox 1384 749 1469 775; x_wconf 81' lang='lat' dir='ltr'><strong>adhuc</strong></span> <span class='ocrx_word' id='word_1_493' title='bbox 1482 752 1631 782; x_wconf 78' lang='lat' dir='ltr'><strong>peccatores</strong></span> <span class='ocrx_word' id='word_1_494' title='bbox 1643 756 1770 781; x_wconf 84' lang='lat' dir='ltr'><strong>essemus,</strong></span> 
     </span>
    </p>
   </div>
   <div class='ocr_carea' id='block_1_70' title="bbox 988 794 1769 830">
    <p class='ocr_par' dir='ltr' id='par_1_70' title="bbox 988 794 1769 830">
     <span class='ocr_line' id='line_1_70' title="bbox 988 794 1769 830; baseline 0 -10"><span class='ocrx_word' id='word_1_495' title='bbox 988 794 1111 821; x_wconf 73' lang='lat' dir='ltr'><strong>Christus</strong></span> <span class='ocrx_word' id='word_1_496' title='bbox 1122 803 1170 830; x_wconf 82' lang='lat' dir='ltr'><strong>pro</strong></span> <span class='ocrx_word' id='word_1_497' title='bbox 1183 795 1258 822; x_wconf 84' lang='lat' dir='ltr'><strong>nobis</strong></span> <span class='ocrx_word' id='word_1_498' title='bbox 1270 800 1389 821; x_wconf 79' lang='lat' dir='ltr'><strong>mortuus</strong></span> <span class='ocrx_word' id='word_1_499' title='bbox 1400 799 1449 821; x_wconf 81' lang='lat' dir='ltr'><strong>est.</strong></span> <span class='ocrx_word' id='word_1_500' title='bbox 1461 794 1532 822; x_wconf 81' lang='lat' dir='ltr'><strong>Deus</strong></span> <span class='ocrx_word' id='word_1_501' title='bbox 1545 802 1679 821; x_wconf 84' lang='lat' dir='ltr'><strong>summam</strong></span> <span class='ocrx_word' id='word_1_502' title='bbox 1693 802 1769 821; x_wconf 83' lang='lat' dir='ltr'><strong>suam</strong></span> 
     </span>
    </p>
   </div>
   <div class='ocr_carea' id='block_1_71' title="bbox 987 839 1770 874">
    <p class='ocr_par' dir='ltr' id='par_1_71' title="bbox 987 839 1770 874">
     <span class='ocr_line' id='line_1_71' title="bbox 987 839 1770 874; baseline 0.001 -8"><span class='ocrx_word' id='word_1_503' title='bbox 987 839 1014 866; x_wconf 89' lang='lat' dir='ltr'><strong>in</strong></span> <span class='ocrx_word' id='word_1_504' title='bbox 1044 847 1095 866; x_wconf 91' lang='lat' dir='ltr'><strong>nos</strong></span> <span class='ocrx_word' id='word_1_505' title='bbox 1115 840 1279 867; x_wconf 87' lang='lat' dir='ltr'><strong>charitatem</strong></span> <span class='ocrx_word' id='word_1_506' title='bbox 1299 839 1442 872; x_wconf 77' lang='lat' dir='ltr'><strong>ostendit,</strong></span> <span class='ocrx_word' id='word_1_507' title='bbox 1461 840 1533 874; x_wconf 84' lang='lat' dir='ltr'><strong>quod</strong></span> <span class='ocrx_word' id='word_1_508' title='bbox 1562 839 1666 867; x_wconf 85' lang='lat' dir='ltr'><strong>Christi</strong></span> <span class='ocrx_word' id='word_1_509' title='bbox 1695 847 1770 867; x_wconf 88' lang='lat' dir='ltr'><strong>mors</strong></span> 
     </span>
    </p>
   </div>
   <div class='ocr_carea' id='block_1_72' title="bbox 988 885 1769 920">
    <p class='ocr_par' dir='ltr' id='par_1_72' title="bbox 988 885 1769 920">
     <span class='ocr_line' id='line_1_72' title="bbox 988 885 1769 920; baseline 0.001 -8"><span class='ocrx_word' id='word_1_510' title='bbox 988 893 1044 913; x_wconf 93' lang='lat' dir='ltr'><strong>non</strong></span> <span class='ocrx_word' id='word_1_511' title='bbox 1061 893 1110 920; x_wconf 90' lang='lat' dir='ltr'><strong>pro</strong></span> <span class='ocrx_word' id='word_1_512' title='bbox 1122 885 1206 920; x_wconf 86' lang='lat' dir='ltr'><strong>justis</strong></span> <span class='ocrx_word' id='word_1_513' title='bbox 1220 886 1293 912; x_wconf 85' lang='lat' dir='ltr'><strong>obita</strong></span> <span class='ocrx_word' id='word_1_514' title='bbox 1318 885 1415 916; x_wconf 82' lang='lat' dir='ltr'><strong>fuerit,</strong></span> <span class='ocrx_word' id='word_1_515' title='bbox 1433 885 1480 913; x_wconf 87' lang='lat' dir='ltr'><strong>sed</strong></span> <span class='ocrx_word' id='word_1_516' title='bbox 1499 892 1547 920; x_wconf 87' lang='lat' dir='ltr'><strong>pro</strong></span> <span class='ocrx_word' id='word_1_517' title='bbox 1566 885 1769 920; x_wconf 75' lang='lat' dir='ltr'><strong>peccatoribus.</strong></span> 
     </span>
    </p>
   </div>
   <div class='ocr_carea' id='block_1_73' title="bbox 955 921 1768 965">
    <p class='ocr_par' dir='ltr' id='par_1_73' title="bbox 955 921 1768 965">
     <span class='ocr_line' id='line_1_73' title="bbox 955 921 1768 965; baseline 0 -8"><span class='ocrx_word' id='word_1_518' title='bbox 955 921 974 947; x_wconf 73' lang='grc' dir='ltr'><strong>Β</strong></span> <span class='ocrx_word' id='word_1_519' title='bbox 989 930 1067 958; x_wconf 88' lang='lat' dir='ltr'><strong>Nunc</strong></span> <span class='ocrx_word' id='word_1_520' title='bbox 1082 931 1155 958; x_wconf 88' lang='lat' dir='ltr'><strong>enim</strong></span> <span class='ocrx_word' id='word_1_521' title='bbox 1173 938 1221 965; x_wconf 88' lang='lat' dir='ltr'><strong>per</strong></span> <span class='ocrx_word' id='word_1_522' title='bbox 1237 930 1317 958; x_wconf 83' lang='lat' dir='ltr'><strong>[idem</strong></span> <span class='ocrx_word' id='word_1_523' title='bbox 1338 931 1366 957; x_wconf 92' lang='lat' dir='ltr'><strong>in</strong></span> <span class='ocrx_word' id='word_1_524' title='bbox 1387 930 1476 965; x_wconf 89' lang='lat' dir='ltr'><strong>ipsum</strong></span> <span class='ocrx_word' id='word_1_525' title='bbox 1492 930 1636 964; x_wconf 86' lang='lat' dir='ltr'><strong>justillcati</strong></span> <span class='ocrx_word' id='word_1_526' title='bbox 1654 938 1768 958; x_wconf 87' lang='lat' dir='ltr'><strong>sumus:</strong></span> 
     </span>
    </p>
   </div>
   <div class='ocr_carea' id='block_1_74' title="bbox 988 976 1771 1010">
    <p class='ocr_par' dir='ltr' id='par_1_74' title="bbox 988 976 1771 1010">
     <span class='ocr_line' id='line_1_74' title="bbox 988 976 1771 1010; baseline 0 -8"><span class='ocrx_word' id='word_1_527' title='bbox 988 976 1099 1010; x_wconf 87' lang='lat' dir='ltr'><strong>quando</strong></span> <span class='ocrx_word' id='word_1_528' title='bbox 1113 979 1203 1002; x_wconf 86' lang='lat' dir='ltr'><strong>autem</strong></span> <span class='ocrx_word' id='word_1_529' title='bbox 1222 983 1270 1010; x_wconf 92' lang='lat' dir='ltr'><strong>pro</strong></span> <span class='ocrx_word' id='word_1_530' title='bbox 1288 976 1369 1002; x_wconf 90' lang='lat' dir='ltr'><strong>nobis</strong></span> <span class='ocrx_word' id='word_1_531' title='bbox 1383 980 1497 1003; x_wconf 88' lang='lat' dir='ltr'><strong>mortem</strong></span> <span class='ocrx_word' id='word_1_532' title='bbox 1514 976 1616 1007; x_wconf 85' lang='lat' dir='ltr'><strong>subiit,</strong></span> <span class='ocrx_word' id='word_1_533' title='bbox 1633 976 1706 1002; x_wconf 90' lang='lat' dir='ltr'><strong>omni</strong></span> <span class='ocrx_word' id='word_1_534' title='bbox 1722 976 1771 1002; x_wconf 86' lang='lat' dir='ltr'><strong>ad-</strong></span> 
     </span>
    </p>
   </div>
   <div class='ocr_carea' id='block_1_75' title="bbox 989 1020 1769 1056">
    <p class='ocr_par' dir='ltr' id='par_1_75' title="bbox 989 1020 1769 1056">
     <span class='ocr_line' id='line_1_75' title="bbox 989 1020 1769 1056; baseline -0.003 -8"><span class='ocrx_word' id='word_1_535' title='bbox 989 1023 1042 1048; x_wconf 91' lang='lat' dir='ltr'><strong>huc</strong></span> <span class='ocrx_word' id='word_1_536' title='bbox 1057 1026 1231 1056; x_wconf 81' lang='lat' dir='ltr'><strong>peccatorum</strong></span> <span class='ocrx_word' id='word_1_537' title='bbox 1247 1029 1345 1056; x_wconf 82' lang='lat' dir='ltr'><strong>genere</strong></span> <span class='ocrx_word' id='word_1_538' title='bbox 1358 1028 1469 1048; x_wconf 82' lang='lat' dir='ltr'><strong>eramus</strong></span> <span class='ocrx_word' id='word_1_539' title='bbox 1481 1021 1619 1048; x_wconf 81' lang='lat' dir='ltr'><strong>obstricti.</strong></span> <span class='ocrx_word' id='word_1_540' title='bbox 1633 1020 1686 1055; x_wconf 82' lang='lat'><strong>55</strong></span> <span class='ocrx_word' id='word_1_541' title='bbox 1701 1020 1769 1047; x_wconf 90' lang='lat' dir='ltr'><strong>lllud</strong></span> 
     </span>
    </p>
   </div>
   <div class='ocr_carea' id='block_1_76' title="bbox 990 1066 1772 1100">
    <p class='ocr_par' dir='ltr' id='par_1_76' title="bbox 990 1066 1772 1100">
     <span class='ocr_line' id='line_1_76' title="bbox 990 1066 1772 1100; baseline -0.003 -6"><span class='ocrx_word' id='word_1_542' title='bbox 990 1071 1080 1094; x_wconf 85' lang='lat' dir='ltr'><strong>autem</strong></span> <span class='ocrx_word' id='word_1_543' title='bbox 1096 1066 1237 1094; x_wconf 75' lang='lat' dir='ltr'><strong>secundum</strong></span> <span class='ocrx_word' id='word_1_544' title='bbox 1253 1072 1352 1100; x_wconf 82' lang='lat' dir='ltr'><strong>tempus</strong></span> <span class='ocrx_word' id='word_1_545' title='bbox 1364 1087 1370 1099; x_wconf 89' lang='lat'><strong>,</strong></span> <span class='ocrx_word' id='word_1_546' title='bbox 1388 1067 1458 1094; x_wconf 88' lang='lat' dir='ltr'><strong>idem</strong></span> <span class='ocrx_word' id='word_1_547' title='bbox 1475 1070 1517 1094; x_wconf 85' lang='lat' dir='ltr'><strong>est</strong></span> <span class='ocrx_word' id='word_1_548' title='bbox 1539 1074 1581 1098; x_wconf 86' lang='lat' dir='ltr'><strong>ac,</strong></span> <span class='ocrx_word' id='word_1_549' title='bbox 1600 1066 1626 1093; x_wconf 92' lang='lat' dir='ltr'><strong>in</strong></span> <span class='ocrx_word' id='word_1_550' title='bbox 1650 1071 1772 1100; x_wconf 84' lang='lat' dir='ltr'><strong>tempore</strong></span> 
     </span>
    </p>
   </div>
   <div class='ocr_carea' id='block_1_77' title="bbox 989 1112 1771 1146">
    <p class='ocr_par' dir='ltr' id='par_1_77' title="bbox 989 1112 1771 1146">
     <span class='ocr_line' id='line_1_77' title="bbox 989 1112 1771 1146; baseline -0.003 -6"><span class='ocrx_word' id='word_1_551' title='bbox 989 1113 1175 1141; x_wconf 79' lang='lat' dir='ltr'><strong>convenienti.</strong></span> <span class='ocrx_word' id='word_1_552' title='bbox 1198 1112 1269 1139; x_wconf 86' lang='lat' dir='ltr'><strong>Idem</strong></span> <span class='ocrx_word' id='word_1_553' title='bbox 1288 1118 1377 1140; x_wconf 85' lang='lat' dir='ltr'><strong>autem</strong></span> <span class='ocrx_word' id='word_1_554' title='bbox 1395 1113 1463 1140; x_wconf 87' lang='lat' dir='ltr'><strong>dicit</strong></span> <span class='ocrx_word' id='word_1_555' title='bbox 1491 1113 1573 1140; x_wconf 83' lang='lat' dir='ltr'><strong>etiam</strong></span> <span class='ocrx_word' id='word_1_556' title='bbox 1599 1113 1625 1139; x_wconf 92' lang='lat' dir='ltr'><strong>in</strong></span> <span class='ocrx_word' id='word_1_557' title='bbox 1650 1112 1771 1146; x_wconf 80' lang='lat' dir='ltr'><strong>Epistola</strong></span> 
     </span>
    </p>
   </div>
   <div class='ocr_carea' id='block_1_78' title="bbox 990 1158 1772 1194">
    <p class='ocr_par' dir='ltr' id='par_1_78' title="bbox 990 1158 1772 1194">
     <span class='ocr_line' id='line_1_78' title="bbox 990 1158 1772 1194; baseline -0.001 -8"><span class='ocrx_word' id='word_1_558' title='bbox 990 1161 1022 1186; x_wconf 88' lang='lat' dir='ltr'><strong>ad</strong></span> <span class='ocrx_word' id='word_1_559' title='bbox 1039 1159 1152 1187; x_wconf 81' lang='lat' dir='ltr'><strong>Galatas</strong></span> <span class='ocrx_word' id='word_1_560' title='bbox 1166 1169 1173 1186; x_wconf 74' lang='grc' dir='ltr'><strong>ε</strong></span> <span class='ocrx_word' id='word_1_561' title='bbox 1189 1169 1197 1185; x_wconf 78' lang='grc' dir='ltr'><strong>ι</strong></span> <span class='ocrx_word' id='word_1_562' title='bbox 1212 1159 1330 1192; x_wconf 81' lang='lat' dir='ltr'><strong>Quando</strong></span> <span class='ocrx_word' id='word_1_563' title='bbox 1348 1165 1440 1187; x_wconf 86' lang='lat' dir='ltr'><strong>autem</strong></span> <span class='ocrx_word' id='word_1_564' title='bbox 1459 1159 1533 1187; x_wconf 85' lang='lat' dir='ltr'><strong>venit</strong></span> <span class='ocrx_word' id='word_1_565' title='bbox 1547 1158 1689 1194; x_wconf 79' lang='lat' dir='ltr'><strong>plenitudo</strong></span> <span class='ocrx_word' id='word_1_566' title='bbox 1704 1163 1772 1186; x_wconf 88' lang='lat' dir='ltr'><strong>tem-</strong></span> 
     </span>
    </p>
   </div>
   <div class='ocr_carea' id='block_1_79' title="bbox 989 1204 1771 1241">
    <p class='ocr_par' dir='ltr' id='par_1_79' title="bbox 989 1204 1771 1241">
     <span class='ocr_line' id='line_1_79' title="bbox 989 1204 1771 1241; baseline 0 -9"><span class='ocrx_word' id='word_1_567' title='bbox 989 1206 1076 1241; x_wconf 82' lang='lat' dir='ltr'><strong>poris,</strong></span> <span class='ocrx_word' id='word_1_568' title='bbox 1091 1205 1165 1233; x_wconf 86' lang='lat' dir='ltr'><strong>misit</strong></span> <span class='ocrx_word' id='word_1_569' title='bbox 1176 1204 1249 1232; x_wconf 85' lang='lat' dir='ltr'><strong>Deus</strong></span> <span class='ocrx_word' id='word_1_570' title='bbox 1263 1204 1363 1232; x_wconf 81' lang='lat' dir='ltr'><strong>Filium</strong></span> <span class='ocrx_word' id='word_1_571' title='bbox 1378 1213 1458 1232; x_wconf 85' lang='lat' dir='ltr'><strong>suum</strong></span> <span class='ocrx_word' id='word_1_572' title='bbox 1468 1225 1474 1236; x_wconf 82' lang='lat'>.</span> <span class='ocrx_word' id='word_1_573' title='bbox 1492 1209 1586 1232; x_wconf 76' lang='lat' dir='ltr'><strong>natum</strong></span> <span class='ocrx_word' id='word_1_574' title='bbox 1598 1212 1630 1231; x_wconf 81' lang='lat' dir='ltr'><strong>ex</strong></span> <span class='ocrx_word' id='word_1_575' title='bbox 1646 1205 1771 1236; x_wconf 84' lang='lat' dir='ltr'><strong>muliere.</strong></span> 
     </span>
    </p>
   </div>
   <div class='ocr_carea' id='block_1_80' title="bbox 990 1251 1772 1286">
    <p class='ocr_par' dir='ltr' id='par_1_80' title="bbox 990 1251 1772 1286">
     <span class='ocr_line' id='line_1_80' title="bbox 990 1251 1772 1286; baseline 0 -8"><span class='ocrx_word' id='word_1_576' title='bbox 990 1251 1144 1286; x_wconf 87' lang='lat' dir='ltr'><strong>subjectum</strong></span> <span class='ocrx_word' id='word_1_577' title='bbox 1162 1251 1214 1286; x_wconf 78' lang='lat' dir='ltr'><strong>legi</strong></span> <span class='ocrx_word' id='word_1_578' title='bbox 1225 1271 1232 1283; x_wconf 86' lang='lat'><strong><em>.</em></strong></span> <span class='ocrx_word' id='word_1_579' title='bbox 1252 1256 1282 1278; x_wconf 89' lang='lat' dir='ltr'><strong>ut</strong></span> <span class='ocrx_word' id='word_1_580' title='bbox 1298 1259 1345 1278; x_wconf 88' lang='lat' dir='ltr'><strong>eos</strong></span> <span class='ocrx_word' id='word_1_581' title='bbox 1360 1252 1407 1285; x_wconf 91' lang='lat' dir='ltr'><strong>qui</strong></span> <span class='ocrx_word' id='word_1_582' title='bbox 1421 1252 1472 1279; x_wconf 87' lang='lat' dir='ltr'><strong>sub</strong></span> <span class='ocrx_word' id='word_1_583' title='bbox 1490 1251 1547 1286; x_wconf 78' lang='lat' dir='ltr'><strong>lege</strong></span> <span class='ocrx_word' id='word_1_584' title='bbox 1561 1256 1639 1278; x_wconf 88' lang='lat' dir='ltr'><strong>erant</strong></span> <span class='ocrx_word' id='word_1_585' title='bbox 1655 1251 1772 1278; x_wconf 85' lang='lat' dir='ltr'><strong>redime-</strong></span> 
     </span>
    </p>
   </div>
   <div class='ocr_carea' id='block_1_81' title="bbox 990 1297 1672 1332">
    <p class='ocr_par' dir='ltr' id='par_1_81' title="bbox 990 1297 1672 1332">
     <span class='ocr_line' id='line_1_81' title="bbox 990 1297 1672 1332; baseline -0.001 -8"><span class='ocrx_word' id='word_1_586' title='bbox 990 1301 1048 1331; x_wconf 83' lang='lat' dir='ltr'><strong>ret,</strong></span> <span class='ocrx_word' id='word_1_587' title='bbox 1062 1302 1091 1324; x_wconf 92' lang='lat' dir='ltr'><strong>ut</strong></span> <span class='ocrx_word' id='word_1_588' title='bbox 1105 1297 1280 1332; x_wconf 86' lang='lat' dir='ltr'><strong>adoptionem</strong></span> <span class='ocrx_word' id='word_1_589' title='bbox 1295 1298 1412 1324; x_wconf 87' lang='lat' dir='ltr'><strong>llliorum</strong></span> <span class='ocrx_word' id='word_1_590' title='bbox 1427 1297 1613 1332; x_wconf 86' lang='lat' dir='ltr'><strong>rcciperemus</strong></span> <span class='ocrx_word' id='word_1_591' title='bbox 1627 1297 1649 1325; x_wconf 72' lang='grc' dir='ltr'>ί,</span> <span class='ocrx_word' id='word_1_592' title='bbox 1664 1306 1672 1323; x_wconf 76' lang='grc' dir='ltr'><strong>ι</strong></span> 
     </span>
    </p>
   </div>
   <div class='ocr_carea' id='block_1_82' title="bbox 1024 1374 1775 1411">
    <p class='ocr_par' dir='ltr' id='par_1_82' title="bbox 1024 1374 1775 1411">
     <span class='ocr_line' id='line_1_82' title="bbox 1024 1374 1775 1411; baseline -0.004 -8"><span class='ocrx_word' id='word_1_593' title='bbox 1024 1374 1110 1403; x_wconf 73' lang='lat' dir='ltr'><strong>Multo</strong></span> <span class='ocrx_word' id='word_1_594' title='bbox 1129 1376 1210 1411; x_wconf 83' lang='lat' dir='ltr'><strong>igitur</strong></span> <span class='ocrx_word' id='word_1_595' title='bbox 1225 1375 1234 1384; x_wconf 78' lang='grc'><strong>⁸</strong></span> <span class='ocrx_word' id='word_1_596' title='bbox 1252 1375 1333 1410; x_wconf 77' lang='lat' dir='ltr'><strong>magis</strong></span> <span class='ocrx_word' id='word_1_597' title='bbox 1349 1382 1417 1401; x_wconf 76' lang='lat' dir='ltr'><strong>nunc</strong></span> <span class='ocrx_word' id='word_1_598' title='bbox 1437 1374 1580 1409; x_wconf 67' lang='lat' dir='ltr'><strong>justi/irati</strong></span> <span class='ocrx_word' id='word_1_599' title='bbox 1599 1374 1626 1401; x_wconf 89' lang='lat' dir='ltr'><strong>in</strong></span> <span class='ocrx_word' id='word_1_600' title='bbox 1649 1374 1775 1408; x_wconf 77' lang='lat' dir='ltr'><strong>sanguine</strong></span> 
     </span>
    </p>
   </div>
   <div class='ocr_carea' id='block_1_83' title="bbox 991 1419 1775 1455">
    <p class='ocr_par' dir='ltr' id='par_1_83' title="bbox 991 1419 1775 1455">
     <span class='ocr_line' id='line_1_83' title="bbox 991 1419 1775 1455; baseline -0.001 -7"><span class='ocrx_word' id='word_1_601' title='bbox 991 1422 1161 1455; x_wconf 80' lang='lat' dir='ltr'><strong>ipsius.salvi</strong></span> <span class='ocrx_word' id='word_1_602' title='bbox 1174 1422 1273 1448; x_wconf 84' lang='lat' dir='ltr'><strong>erimus</strong></span> <span class='ocrx_word' id='word_1_603' title='bbox 1288 1421 1319 1447; x_wconf 83' lang='lat' dir='ltr'><strong>ab</strong></span> <span class='ocrx_word' id='word_1_604' title='bbox 1337 1421 1377 1447; x_wconf 78' lang='lat' dir='ltr'><strong>ita</strong></span> <span class='ocrx_word' id='word_1_605' title='bbox 1391 1428 1438 1454; x_wconf 87' lang='lat' dir='ltr'><strong>per</strong></span> <span class='ocrx_word' id='word_1_606' title='bbox 1454 1421 1550 1455; x_wconf 84' lang='lat' dir='ltr'><strong>ipsum.</strong></span> <span class='ocrx_word' id='word_1_607' title='bbox 1568 1419 1619 1453; x_wconf 85' lang='lat' dir='ltr'><strong>Qui</strong></span> <span class='ocrx_word' id='word_1_608' title='bbox 1637 1422 1709 1447; x_wconf 89' lang='lat' dir='ltr'><strong>enim</strong></span> <span class='ocrx_word' id='word_1_609' title='bbox 1727 1427 1775 1455; x_wconf 84' lang='lat' dir='ltr'><strong>pro</strong></span> 
     </span>
    </p>
   </div>
   <div class='ocr_carea' id='block_1_84' title="bbox 991 1465 1776 1502">
    <p class='ocr_par' dir='ltr' id='par_1_84' title="bbox 991 1465 1776 1502">
     <span class='ocr_line' id='line_1_84' title="bbox 991 1465 1776 1502; baseline 0 -9"><span class='ocrx_word' id='word_1_610' title='bbox 991 1467 1083 1502; x_wconf 87' lang='lat' dir='ltr'><strong>impiis</strong></span> <span class='ocrx_word' id='word_1_611' title='bbox 1099 1472 1126 1494; x_wconf 90' lang='lat' dir='ltr'><strong>et</strong></span> <span class='ocrx_word' id='word_1_612' title='bbox 1144 1467 1244 1502; x_wconf 84' lang='lat' dir='ltr'><strong>iniquis</strong></span> <span class='ocrx_word' id='word_1_613' title='bbox 1259 1467 1457 1494; x_wconf 81' lang='lat' dir='ltr'><strong>exsecrabilem</strong></span> <span class='ocrx_word' id='word_1_614' title='bbox 1481 1466 1555 1492; x_wconf 80' lang='lat' dir='ltr'><strong>illaut</strong></span> <span class='ocrx_word' id='word_1_615' title='bbox 1577 1470 1690 1493; x_wconf 88' lang='lat' dir='ltr'><strong>mortem</strong></span> <span class='ocrx_word' id='word_1_616' title='bbox 1710 1465 1776 1493; x_wconf 84' lang='lat' dir='ltr'><strong>sub-</strong></span> 
     </span>
    </p>
   </div>
   <div class='ocr_carea' id='block_1_85' title="bbox 992 1512 1776 1547">
    <p class='ocr_par' dir='ltr' id='par_1_85' title="bbox 992 1512 1776 1547">
     <span class='ocr_line' id='line_1_85' title="bbox 992 1512 1776 1547; baseline -0.001 -8"><span class='ocrx_word' id='word_1_617' title='bbox 992 1513 1040 1545; x_wconf 85' lang='lat' dir='ltr'><strong>iit,</strong></span> <span class='ocrx_word' id='word_1_618' title='bbox 1056 1514 1161 1539; x_wconf 87' lang='lat' dir='ltr'><strong>clarum</strong></span> <span class='ocrx_word' id='word_1_619' title='bbox 1178 1517 1219 1540; x_wconf 89' lang='lat' dir='ltr'><strong>est</strong></span> <span class='ocrx_word' id='word_1_620' title='bbox 1233 1512 1307 1547; x_wconf 84' lang='lat' dir='ltr'><strong>quod</strong></span> <span class='ocrx_word' id='word_1_621' title='bbox 1323 1520 1371 1539; x_wconf 89' lang='lat' dir='ltr'><strong>eos</strong></span> <span class='ocrx_word' id='word_1_622' title='bbox 1390 1513 1493 1544; x_wconf 83' lang='lat' dir='ltr'><strong>etiam,</strong></span> <span class='ocrx_word' id='word_1_623' title='bbox 1510 1512 1557 1546; x_wconf 91' lang='lat' dir='ltr'><strong>qui</strong></span> <span class='ocrx_word' id='word_1_624' title='bbox 1574 1512 1602 1538; x_wconf 92' lang='lat' dir='ltr'><strong>in</strong></span> <span class='ocrx_word' id='word_1_625' title='bbox 1620 1512 1695 1539; x_wconf 91' lang='lat' dir='ltr'><strong>illum</strong></span> <span class='ocrx_word' id='word_1_626' title='bbox 1714 1519 1776 1539; x_wconf 87' lang='lat' dir='ltr'><strong>cre-</strong></span> 
     </span>
    </p>
   </div>
   <div class='ocr_carea' id='block_1_86' title="bbox 991 1556 1776 1592">
    <p class='ocr_par' dir='ltr' id='par_1_86' title="bbox 991 1556 1776 1592">
     <span class='ocr_line' id='line_1_86' title="bbox 991 1556 1776 1592; baseline -0.003 -6"><span class='ocrx_word' id='word_1_627' title='bbox 991 1559 1136 1589; x_wconf 85' lang='lat' dir='ltr'><strong>diderunt,</strong></span> <span class='ocrx_word' id='word_1_628' title='bbox 1153 1565 1167 1584; x_wconf 81' lang='lat' dir='ltr'><strong>a</strong></span> <span class='ocrx_word' id='word_1_629' title='bbox 1186 1558 1323 1592; x_wconf 79' lang='lat' dir='ltr'><strong>supplicio</strong></span> <span class='ocrx_word' id='word_1_630' title='bbox 1340 1557 1433 1584; x_wconf 86' lang='lat' dir='ltr'><strong>futuro</strong></span> <span class='ocrx_word' id='word_1_631' title='bbox 1456 1557 1622 1585; x_wconf 84' lang='lat' dir='ltr'><strong>liberaturus</strong></span> <span class='ocrx_word' id='word_1_632' title='bbox 1635 1558 1682 1585; x_wconf 88' lang='lat' dir='ltr'><strong>sit.</strong></span> <span class='ocrx_word' id='word_1_633' title='bbox 1701 1556 1776 1584; x_wconf 80' lang='lat' dir='ltr'><strong>Iram</strong></span> 
     </span>
    </p>
   </div>
   <div class='ocr_carea' id='block_1_87' title="bbox 991 1602 1528 1638">
    <p class='ocr_par' dir='ltr' id='par_1_87' title="bbox 991 1602 1528 1638">
     <span class='ocr_line' id='line_1_87' title="bbox 991 1602 1528 1638; baseline -0.006 -7"><span class='ocrx_word' id='word_1_634' title='bbox 991 1603 1064 1631; x_wconf 77' lang='lat' dir='ltr'><strong>enim</strong></span> <span class='ocrx_word' id='word_1_635' title='bbox 1079 1602 1201 1631; x_wconf 78' lang='lat' dir='ltr'><strong>futurum</strong></span> <span class='ocrx_word' id='word_1_636' title='bbox 1219 1603 1385 1638; x_wconf 86' lang='lat' dir='ltr'><strong>supplicium</strong></span> <span class='ocrx_word' id='word_1_637' title='bbox 1399 1602 1528 1637; x_wconf 82' lang='lat' dir='ltr'><strong>appellat.</strong></span> 
     </span>
    </p>
   </div>
   <div class='ocr_carea' id='block_1_88' title="bbox 1028 1709 1778 1741">
    <p class='ocr_par' dir='ltr' id='par_1_88' title="bbox 1028 1709 1778 1741">
     <span class='ocr_line' id='line_1_88' title="bbox 1028 1709 1778 1741; baseline -0.001 -4"><span class='ocrx_word' id='word_1_638' title='bbox 1028 1710 1111 1738; x_wconf 78' lang='lat' dir='ltr'><strong>Vsus.</strong></span> <span class='ocrx_word' id='word_1_639' title='bbox 1133 1710 1174 1737; x_wconf 83' lang='grc' dir='ltr'><strong>ιθ.</strong></span> <span class='ocrx_word' id='word_1_640' title='bbox 1190 1709 1220 1737; x_wconf 84' lang='lat' dir='ltr'><strong>Si</strong></span> <span class='ocrx_word' id='word_1_641' title='bbox 1237 1710 1315 1741; x_wconf 81' lang='lat' dir='ltr'><strong>enim,</strong></span> <span class='ocrx_word' id='word_1_642' title='bbox 1331 1717 1390 1736; x_wconf 82' lang='lat' dir='ltr'><strong>cum</strong></span> <span class='ocrx_word' id='word_1_643' title='bbox 1405 1709 1506 1736; x_wconf 77' lang='lat' dir='ltr'><strong>inimici</strong></span> <span class='ocrx_word' id='word_1_644' title='bbox 1536 1717 1660 1741; x_wconf 84' lang='lat' dir='ltr'><strong>essemus,</strong></span> <span class='ocrx_word' id='word_1_645' title='bbox 1686 1717 1778 1736; x_wconf 75' lang='lat' dir='ltr'><strong>recon-</strong></span> 
     </span>
    </p>
   </div>
   <div class='ocr_carea' id='block_1_89' title="bbox 997 1755 1779 1790">
    <p class='ocr_par' dir='ltr' id='par_1_89' title="bbox 997 1755 1779 1790">
     <span class='ocr_line' id='line_1_89' title="bbox 997 1755 1779 1790; baseline 0 -7"><span class='ocrx_word' id='word_1_646' title='bbox 997 1757 1082 1784; x_wconf 83' lang='lat' dir='ltr'><strong>ciliati</strong></span> <span class='ocrx_word' id='word_1_647' title='bbox 1095 1764 1188 1783; x_wconf 88' lang='lat' dir='ltr'><strong>sumus</strong></span> <span class='ocrx_word' id='word_1_648' title='bbox 1201 1755 1254 1782; x_wconf 86' lang='lat' dir='ltr'><strong>Deo</strong></span> <span class='ocrx_word' id='word_1_649' title='bbox 1267 1763 1312 1790; x_wconf 84' lang='lat' dir='ltr'><strong>per</strong></span> <span class='ocrx_word' id='word_1_650' title='bbox 1325 1760 1433 1782; x_wconf 85' lang='lat' dir='ltr'><strong>mortem</strong></span> <span class='ocrx_word' id='word_1_651' title='bbox 1446 1755 1510 1781; x_wconf 83' lang='lat' dir='ltr'><strong>Filii</strong></span> <span class='ocrx_word' id='word_1_652' title='bbox 1519 1755 1612 1789; x_wconf 81' lang='lat' dir='ltr'><strong>ipsius,</strong></span> <span class='ocrx_word' id='word_1_653' title='bbox 1627 1755 1709 1782; x_wconf 86' lang='lat' dir='ltr'><strong>multo</strong></span> <span class='ocrx_word' id='word_1_654' title='bbox 1721 1764 1779 1783; x_wconf 84' lang='lat' dir='ltr'><strong>ma-</strong></span> 
     </span>
    </p>
   </div>
   <div class='ocr_carea' id='block_1_90' title="bbox 998 1803 1778 1838">
    <p class='ocr_par' dir='ltr' id='par_1_90' title="bbox 998 1803 1778 1838">
     <span class='ocr_line' id='line_1_90' title="bbox 998 1803 1778 1838; baseline 0.001 -9"><span class='ocrx_word' id='word_1_655' title='bbox 998 1805 1037 1838; x_wconf 82' lang='lat' dir='ltr'><strong>gis</strong></span> <span class='ocrx_word' id='word_1_656' title='bbox 1055 1803 1228 1835; x_wconf 77' lang='lat' dir='ltr'><strong>reconciliati,</strong></span> <span class='ocrx_word' id='word_1_657' title='bbox 1257 1803 1324 1830; x_wconf 80' lang='lat' dir='ltr'><strong>salvi</strong></span> <span class='ocrx_word' id='word_1_658' title='bbox 1337 1803 1436 1830; x_wconf 82' lang='lat' dir='ltr'><strong>erimus</strong></span> <span class='ocrx_word' id='word_1_659' title='bbox 1462 1809 1507 1836; x_wconf 82' lang='lat' dir='ltr'><strong>per</strong></span> <span class='ocrx_word' id='word_1_660' title='bbox 1524 1803 1605 1829; x_wconf 84' lang='lat' dir='ltr'><strong>vitam</strong></span> <span class='ocrx_word' id='word_1_661' title='bbox 1628 1803 1720 1836; x_wconf 78' lang='lat' dir='ltr'><strong>ipsius.</strong></span> <span class='ocrx_word' id='word_1_662' title='bbox 1750 1803 1778 1830; x_wconf 85' lang='lat' dir='ltr'><strong>Si</strong></span> 
     </span>
    </p>
   </div>
   <div class='ocr_carea' id='block_1_91' title="bbox 995 1848 1778 1883">
    <p class='ocr_par' dir='ltr' id='par_1_91' title="bbox 995 1848 1778 1883">
     <span class='ocr_line' id='line_1_91' title="bbox 995 1848 1778 1883; baseline 0.001 -9"><span class='ocrx_word' id='word_1_663' title='bbox 995 1856 1056 1875; x_wconf 89' lang='lat' dir='ltr'><strong>cum</strong></span> <span class='ocrx_word' id='word_1_664' title='bbox 1073 1848 1178 1875; x_wconf 86' lang='lat' dir='ltr'><strong>inimici</strong></span> <span class='ocrx_word' id='word_1_665' title='bbox 1207 1848 1356 1883; x_wconf 81' lang='lat' dir='ltr'><strong>infestique</strong></span> <span class='ocrx_word' id='word_1_666' title='bbox 1387 1855 1523 1878; x_wconf 84' lang='lat' dir='ltr'><strong>essemus.</strong></span> <span class='ocrx_word' id='word_1_667' title='bbox 1541 1851 1615 1874; x_wconf 83' lang='lat' dir='ltr'><strong>tanta</strong></span> <span class='ocrx_word' id='word_1_668' title='bbox 1635 1855 1685 1875; x_wconf 93' lang='lat' dir='ltr'><strong>nos</strong></span> <span class='ocrx_word' id='word_1_669' title='bbox 1713 1855 1778 1876; x_wconf 83' lang='lat' dir='ltr'><strong>cura</strong></span> 
     </span>
    </p>
   </div>
   <div class='ocr_carea' id='block_1_92' title="bbox 996 1893 1779 1929">
    <p class='ocr_par' dir='ltr' id='par_1_92' title="bbox 996 1893 1779 1929">
     <span class='ocr_line' id='line_1_92' title="bbox 996 1893 1779 1929; baseline 0.001 -9"><span class='ocrx_word' id='word_1_670' title='bbox 996 1893 1126 1929; x_wconf 79' lang='lat' dir='ltr'><strong>dignatus</strong></span> <span class='ocrx_word' id='word_1_671' title='bbox 1140 1899 1193 1925; x_wconf 83' lang='lat' dir='ltr'><strong>est,</strong></span> <span class='ocrx_word' id='word_1_672' title='bbox 1208 1897 1238 1920; x_wconf 80' lang='lat' dir='ltr'><strong>ut</strong></span> <span class='ocrx_word' id='word_1_673' title='bbox 1252 1893 1350 1920; x_wconf 88' lang='lat' dir='ltr'><strong>Filium</strong></span> <span class='ocrx_word' id='word_1_674' title='bbox 1368 1901 1449 1921; x_wconf 88' lang='lat' dir='ltr'><strong>suum</strong></span> <span class='ocrx_word' id='word_1_675' title='bbox 1462 1901 1512 1928; x_wconf 91' lang='lat' dir='ltr'><strong>pro</strong></span> <span class='ocrx_word' id='word_1_676' title='bbox 1528 1893 1609 1922; x_wconf 88' lang='lat' dir='ltr'><strong>nobis</strong></span> <span class='ocrx_word' id='word_1_677' title='bbox 1625 1895 1705 1921; x_wconf 89' lang='lat' dir='ltr'><strong>morti</strong></span> <span class='ocrx_word' id='word_1_678' title='bbox 1721 1899 1779 1921; x_wconf 85' lang='lat' dir='ltr'><strong>tra—</strong></span> 
     </span>
    </p>
   </div>
   <div class='ocr_carea' id='block_1_93' title="bbox 995 1939 1780 1974">
    <p class='ocr_par' dir='ltr' id='par_1_93' title="bbox 995 1939 1780 1974">
     <span class='ocr_line' id='line_1_93' title="bbox 995 1939 1780 1974; baseline -0.001 -7"><span class='ocrx_word' id='word_1_679' title='bbox 995 1940 1090 1967; x_wconf 83' lang='lat' dir='ltr'><strong>deret:</strong></span> <span class='ocrx_word' id='word_1_680' title='bbox 1105 1939 1241 1974; x_wconf 90' lang='lat' dir='ltr'><strong>quomodo</strong></span> <span class='ocrx_word' id='word_1_681' title='bbox 1255 1939 1312 1966; x_wconf 83' lang='lat' dir='ltr'><strong>ﬁeri</strong></span> <span class='ocrx_word' id='word_1_682' title='bbox 1328 1942 1428 1974; x_wconf 81' lang='lat' dir='ltr'><strong>potest,</strong></span> <span class='ocrx_word' id='word_1_683' title='bbox 1443 1943 1472 1966; x_wconf 90' lang='lat' dir='ltr'><strong>ut</strong></span> <span class='ocrx_word' id='word_1_684' title='bbox 1485 1939 1558 1966; x_wconf 85' lang='lat' dir='ltr'><strong>facta</strong></span> <span class='ocrx_word' id='word_1_685' title='bbox 1574 1939 1780 1967; x_wconf 89' lang='lat' dir='ltr'><strong>reconciliatio-</strong></span> 
     </span>
    </p>
   </div>
   <div class='ocr_carea' id='block_1_94' title="bbox 995 1983 1778 2018">
    <p class='ocr_par' dir='ltr' id='par_1_94' title="bbox 995 1983 1778 2018">
     <span class='ocr_line' id='line_1_94' title="bbox 995 1983 1778 2018; baseline -0.001 -7"><span class='ocrx_word' id='word_1_686' title='bbox 995 1992 1040 2015; x_wconf 86' lang='lat' dir='ltr'><strong>ne.</strong></span> <span class='ocrx_word' id='word_1_687' title='bbox 1060 1991 1110 2011; x_wconf 91' lang='lat' dir='ltr'><strong>nos</strong></span> <span class='ocrx_word' id='word_1_688' title='bbox 1123 1989 1231 2010; x_wconf 71' lang='lat' dir='ltr'><strong>aeternae</strong></span> <span class='ocrx_word' id='word_1_689' title='bbox 1248 1984 1311 2010; x_wconf 60' lang='lat' dir='ltr'><strong>vita:</strong></span> <span class='ocrx_word' id='word_1_690' title='bbox 1326 1991 1380 2010; x_wconf 92' lang='lat' dir='ltr'><strong>non</strong></span> <span class='ocrx_word' id='word_1_691' title='bbox 1400 1983 1487 2011; x_wconf 91' lang='lat' dir='ltr'><strong>simus</strong></span> <span class='ocrx_word' id='word_1_692' title='bbox 1503 1983 1778 2018; x_wconf 69' lang='lat' dir='ltr'><strong>participesﬂterum</strong></span> 
     </span>
    </p>
   </div>
   <div class='ocr_carea' id='block_1_95' title="bbox 995 2028 1778 2065">
    <p class='ocr_par' dir='ltr' id='par_1_95' title="bbox 995 2028 1778 2065">
     <span class='ocr_line' id='line_1_95' title="bbox 995 2028 1778 2065; baseline -0.003 -8"><span class='ocrx_word' id='word_1_693' title='bbox 995 2037 1061 2065; x_wconf 77' lang='lat' dir='ltr'><strong>ergo</strong></span> <span class='ocrx_word' id='word_1_694' title='bbox 1074 2029 1172 2056; x_wconf 83' lang='lat' dir='ltr'><strong>Filium</strong></span> <span class='ocrx_word' id='word_1_695' title='bbox 1188 2033 1266 2056; x_wconf 85' lang='lat' dir='ltr'><strong>vocat</strong></span> <span class='ocrx_word' id='word_1_696' title='bbox 1280 2029 1424 2056; x_wconf 90' lang='lat' dir='ltr'><strong>Dominum</strong></span> <span class='ocrx_word' id='word_1_697' title='bbox 1436 2028 1588 2060; x_wconf 77' lang='lat' dir='ltr'><strong>Christum.</strong></span> <span class='ocrx_word' id='word_1_698' title='bbox 1601 2028 1646 2063; x_wconf 93' lang='lat' dir='ltr'><strong>qui</strong></span> <span class='ocrx_word' id='word_1_699' title='bbox 1660 2029 1778 2056; x_wconf 85' lang='lat' dir='ltr'><strong>estidem</strong></span> 
     </span>
    </p>
   </div>
   <div class='ocr_carea' id='block_1_96' title="bbox 998 2074 1780 2107">
    <p class='ocr_par' dir='ltr' id='par_1_96' title="bbox 998 2074 1780 2107">
     <span class='ocr_line' id='line_1_96' title="bbox 998 2074 1780 2107; baseline -0.001 -5"><span class='ocrx_word' id='word_1_700' title='bbox 998 2075 1068 2102; x_wconf 87' lang='lat' dir='ltr'><strong>Deus</strong></span> <span class='ocrx_word' id='word_1_701' title='bbox 1088 2079 1115 2101; x_wconf 89' lang='lat' dir='ltr'><strong>et</strong></span> <span class='ocrx_word' id='word_1_702' title='bbox 1132 2075 1223 2102; x_wconf 89' lang='lat' dir='ltr'><strong>homo.</strong></span> <span class='ocrx_word' id='word_1_703' title='bbox 1239 2074 1350 2102; x_wconf 82' lang='lat' dir='ltr'><strong>Clarum</strong></span> <span class='ocrx_word' id='word_1_704' title='bbox 1368 2079 1409 2102; x_wconf 88' lang='lat' dir='ltr'><strong>est</strong></span> <span class='ocrx_word' id='word_1_705' title='bbox 1427 2079 1529 2107; x_wconf 83' lang='lat' dir='ltr'><strong>autem,</strong></span> <span class='ocrx_word' id='word_1_706' title='bbox 1543 2079 1572 2102; x_wconf 92' lang='lat' dir='ltr'><strong>ut</strong></span> <span class='ocrx_word' id='word_1_707' title='bbox 1583 2074 1722 2107; x_wconf 83' lang='lat' dir='ltr'><strong>existimo,</strong></span> <span class='ocrx_word' id='word_1_708' title='bbox 1737 2075 1780 2102; x_wconf 89' lang='lat' dir='ltr'><strong>vel</strong></span> 
     </span>
    </p>
   </div>
   <div class='ocr_carea' id='block_1_97' title="bbox 997 2120 1780 2155">
    <p class='ocr_par' dir='ltr' id='par_1_97' title="bbox 997 2120 1780 2155">
     <span class='ocr_line' id='line_1_97' title="bbox 997 2120 1780 2155; baseline 0.001 -8"><span class='ocrx_word' id='word_1_709' title='bbox 997 2121 1125 2148; x_wconf 84' lang='lat' dir='ltr'><strong>maximis</strong></span> <span class='ocrx_word' id='word_1_710' title='bbox 1149 2121 1299 2152; x_wconf 75' lang='lat' dir='ltr'><strong>haereticis,</strong></span> <span class='ocrx_word' id='word_1_711' title='bbox 1319 2120 1347 2147; x_wconf 90' lang='lat' dir='ltr'><strong>in</strong></span> <span class='ocrx_word' id='word_1_712' title='bbox 1363 2127 1483 2155; x_wconf 85' lang='lat' dir='ltr'><strong>quanam</strong></span> <span class='ocrx_word' id='word_1_713' title='bbox 1500 2123 1598 2147; x_wconf 85' lang='lat' dir='ltr'><strong>natura</strong></span> <span class='ocrx_word' id='word_1_714' title='bbox 1622 2120 1714 2155; x_wconf 83' lang='lat' dir='ltr'><strong>passio</strong></span> <span class='ocrx_word' id='word_1_715' title='bbox 1739 2120 1780 2148; x_wconf 82' lang='lat' dir='ltr'><strong>fa-</strong></span> 
     </span>
    </p>
   </div>
   <div class='ocr_carea' id='block_1_98' title="bbox 998 2166 1103 2193">
    <p class='ocr_par' dir='ltr' id='par_1_98' title="bbox 998 2166 1103 2193">
     <span class='ocr_line' id='line_1_98' title="bbox 998 2166 1103 2193; baseline 0 0"><span class='ocrx_word' id='word_1_716' title='bbox 998 2170 1041 2193; x_wconf 84' lang='lat' dir='ltr'><strong>cta</strong></span> <span class='ocrx_word' id='word_1_717' title='bbox 1058 2166 1103 2193; x_wconf 87' lang='lat' dir='ltr'><strong>sit.</strong></span> 
     </span>
    </p>
   </div>
   <div class='ocr_carea' id='block_1_99' title="bbox 1032 2211 1781 2247">
    <p class='ocr_par' dir='ltr' id='par_1_99' title="bbox 1032 2211 1781 2247">
     <span class='ocr_line' id='line_1_99' title="bbox 1032 2211 1781 2247; baseline 0 -9"><span class='ocrx_word' id='word_1_718' title='bbox 1032 2211 1117 2240; x_wconf 73' lang='lat' dir='ltr'><strong>Vens.</strong></span> <span class='ocrx_word' id='word_1_719' title='bbox 1135 2212 1179 2239; x_wconf 85' lang='grc' dir='ltr'><strong>Η.</strong></span> <span class='ocrx_word' id='word_1_720' title='bbox 1198 2211 1260 2239; x_wconf 87' lang='lat' dir='ltr'><strong>Non</strong></span> <span class='ocrx_word' id='word_1_721' title='bbox 1277 2211 1363 2239; x_wconf 87' lang='lat' dir='ltr'><strong>solum</strong></span> <span class='ocrx_word' id='word_1_722' title='bbox 1379 2217 1468 2239; x_wconf 84' lang='lat' dir='ltr'><strong>autem</strong></span> <span class='ocrx_word' id='word_1_723' title='bbox 1491 2211 1550 2244; x_wconf 75' lang='lat' dir='ltr'><strong>hoc,</strong></span> <span class='ocrx_word' id='word_1_724' title='bbox 1567 2211 1613 2239; x_wconf 78' lang='lat' dir='ltr'><strong>sed</strong></span> <span class='ocrx_word' id='word_1_725' title='bbox 1628 2212 1708 2239; x_wconf 81' lang='lat' dir='ltr'><strong>etiam</strong></span> <span class='ocrx_word' id='word_1_726' title='bbox 1725 2211 1781 2247; x_wconf 84' lang='lat' dir='ltr'><strong>glo-</strong></span> 
     </span>
    </p>
   </div>
   <div class='ocr_carea' id='block_1_100' title="bbox 963 2257 1782 2293">
    <p class='ocr_par' dir='ltr' id='par_1_100' title="bbox 963 2257 1782 2293">
     <span class='ocr_line' id='line_1_100' title="bbox 963 2257 1782 2293; baseline -0.001 -8"><span class='ocrx_word' id='word_1_727' title='bbox 963 2260 985 2288; x_wconf 88' lang='lat' dir='ltr'><strong>D</strong></span> <span class='ocrx_word' id='word_1_728' title='bbox 1001 2258 1105 2285; x_wconf 80' lang='lat' dir='ltr'><strong>riamur</strong></span> <span class='ocrx_word' id='word_1_729' title='bbox 1120 2258 1147 2284; x_wconf 86' lang='lat' dir='ltr'><strong>in</strong></span> <span class='ocrx_word' id='word_1_730' title='bbox 1168 2258 1222 2285; x_wconf 83' lang='lat' dir='ltr'><strong>Deo</strong></span> <span class='ocrx_word' id='word_1_731' title='bbox 1237 2267 1283 2293; x_wconf 86' lang='lat' dir='ltr'><strong>per</strong></span> <span class='ocrx_word' id='word_1_732' title='bbox 1302 2258 1441 2285; x_wconf 76' lang='lat' dir='ltr'><strong>Dominum</strong></span> <span class='ocrx_word' id='word_1_733' title='bbox 1457 2263 1578 2285; x_wconf 84' lang='lat' dir='ltr'><strong>nostrum</strong></span> <span class='ocrx_word' id='word_1_734' title='bbox 1599 2257 1690 2285; x_wconf 75' lang='lat' dir='ltr'><strong>Iesum</strong></span> <span class='ocrx_word' id='word_1_735' title='bbox 1706 2257 1782 2284; x_wconf 81' lang='lat' dir='ltr'><strong>Chri-</strong></span> 
     </span>
    </p>
   </div>
   <div class='ocr_carea' id='block_1_101' title="bbox 998 2296 1779 2338">
    <p class='ocr_par' dir='ltr' id='par_1_101' title="bbox 998 2296 1779 2338">
     <span class='ocr_line' id='line_1_101' title="bbox 998 2296 1779 2338; baseline 0 -8"><span class='ocrx_word' id='word_1_736' title='bbox 998 2309 1068 2331; x_wconf 82' lang='lat' dir='ltr'><strong>stum</strong></span> <span class='ocrx_word' id='word_1_737' title='bbox 1080 2324 1087 2336; x_wconf 88' lang='lat'><strong>,</strong></span> <span class='ocrx_word' id='word_1_738' title='bbox 1103 2312 1149 2338; x_wconf 80' lang='lat' dir='ltr'><strong>per</strong></span> <span class='ocrx_word' id='word_1_739' title='bbox 1167 2312 1242 2338; x_wconf 82' lang='lat' dir='ltr'><strong>quem</strong></span> <span class='ocrx_word' id='word_1_740' title='bbox 1269 2311 1338 2330; x_wconf 84' lang='lat' dir='ltr'><strong>nunc</strong></span> <span class='ocrx_word' id='word_1_741' title='bbox 1359 2296 1603 2330; x_wconf 70' lang='lat' dir='ltr'><strong>reconciliationem</strong></span> <span class='ocrx_word' id='word_1_742' title='bbox 1622 2303 1779 2337; x_wconf 74' lang='lat' dir='ltr'><strong>accepimus.</strong></span> 
     </span>
    </p>
   </div>
   <div class='ocr_carea' id='block_1_102' title="bbox 998 2348 1779 2383">
    <p class='ocr_par' dir='ltr' id='par_1_102' title="bbox 998 2348 1779 2383">
     <span class='ocr_line' id='line_1_102' title="bbox 998 2348 1779 2383; baseline 0.001 -8"><span class='ocrx_word' id='word_1_743' title='bbox 998 2348 1058 2377; x_wconf 90' lang='lat' dir='ltr'><strong>Non</strong></span> <span class='ocrx_word' id='word_1_744' title='bbox 1076 2349 1164 2376; x_wconf 91' lang='lat' dir='ltr'><strong>solum</strong></span> <span class='ocrx_word' id='word_1_745' title='bbox 1180 2349 1253 2377; x_wconf 89' lang='lat' dir='ltr'><strong>enim</strong></span> <span class='ocrx_word' id='word_1_746' title='bbox 1269 2350 1351 2376; x_wconf 86' lang='lat' dir='ltr'><strong>vitam</strong></span> <span class='ocrx_word' id='word_1_747' title='bbox 1367 2349 1549 2376; x_wconf 85' lang='lat' dir='ltr'><strong>immortalem</strong></span> <span class='ocrx_word' id='word_1_748' title='bbox 1567 2352 1758 2383; x_wconf 78' lang='lat' dir='ltr'><strong>exspectamus</strong></span> <span class='ocrx_word' id='word_1_749' title='bbox 1770 2367 1779 2380; x_wconf 88' lang='lat'><strong>,</strong></span> 
     </span>
    </p>
   </div>
   <div class='ocr_carea' id='block_1_103' title="bbox 999 2393 1780 2429">
    <p class='ocr_par' dir='ltr' id='par_1_103' title="bbox 999 2393 1780 2429">
     <span class='ocr_line' id='line_1_103' title="bbox 999 2393 1780 2429; baseline -0.003 -7"><span class='ocrx_word' id='word_1_750' title='bbox 999 2395 1045 2422; x_wconf 86' lang='lat' dir='ltr'><strong>sed</strong></span> <span class='ocrx_word' id='word_1_751' title='bbox 1060 2395 1142 2422; x_wconf 87' lang='lat' dir='ltr'><strong>etiam</strong></span> <span class='ocrx_word' id='word_1_752' title='bbox 1160 2394 1188 2421; x_wconf 92' lang='lat' dir='ltr'><strong>in</strong></span> <span class='ocrx_word' id='word_1_753' title='bbox 1206 2395 1262 2421; x_wconf 87' lang='lat' dir='ltr'><strong>vita</strong></span> <span class='ocrx_word' id='word_1_754' title='bbox 1278 2394 1406 2429; x_wconf 66' lang='lat' dir='ltr'><strong>praesenti</strong></span> <span class='ocrx_word' id='word_1_755' title='bbox 1424 2399 1454 2420; x_wconf 88' lang='lat' dir='ltr'><strong>ut</strong></span> <span class='ocrx_word' id='word_1_756' title='bbox 1477 2393 1531 2420; x_wconf 88' lang='lat' dir='ltr'><strong>Deo</strong></span> <span class='ocrx_word' id='word_1_757' title='bbox 1549 2394 1697 2421; x_wconf 83' lang='lat' dir='ltr'><strong>familiares</strong></span> <span class='ocrx_word' id='word_1_758' title='bbox 1717 2393 1780 2420; x_wconf 81' lang='lat' dir='ltr'><strong>eﬂ&#39;e-</strong></span> 
     </span>
    </p>
   </div>
   <div class='ocr_carea' id='block_1_104' title="bbox 999 2438 1779 2475">
    <p class='ocr_par' dir='ltr' id='par_1_104' title="bbox 999 2438 1779 2475">
     <span class='ocr_line' id='line_1_104' title="bbox 999 2438 1779 2475; baseline -0.003 -8"><span class='ocrx_word' id='word_1_759' title='bbox 999 2440 1037 2467; x_wconf 89' lang='lat' dir='ltr'><strong>cti</strong></span> <span class='ocrx_word' id='word_1_760' title='bbox 1052 2440 1213 2475; x_wconf 74' lang='lat' dir='ltr'><strong>gloriamur,</strong></span> <span class='ocrx_word' id='word_1_761' title='bbox 1238 2439 1271 2467; x_wconf 89' lang='lat' dir='ltr'><strong>de</strong></span> <span class='ocrx_word' id='word_1_762' title='bbox 1286 2439 1398 2467; x_wconf 87' lang='lat' dir='ltr'><strong>Christo</strong></span> <span class='ocrx_word' id='word_1_763' title='bbox 1419 2439 1534 2466; x_wconf 90' lang='lat' dir='ltr'><strong>Domino</strong></span> <span class='ocrx_word' id='word_1_764' title='bbox 1553 2438 1716 2473; x_wconf 79' lang='lat' dir='ltr'><strong>cogitantes,</strong></span> <span class='ocrx_word' id='word_1_765' title='bbox 1733 2439 1779 2473; x_wconf 93' lang='lat' dir='ltr'><strong>qui</strong></span> 
     </span>
    </p>
   </div>
   <div class='ocr_carea' id='block_1_105' title="bbox 1000 2484 1781 2520">
    <p class='ocr_par' dir='ltr' id='par_1_105' title="bbox 1000 2484 1781 2520">
     <span class='ocr_line' id='line_1_105' title="bbox 1000 2484 1781 2520; baseline -0.003 -7"><span class='ocrx_word' id='word_1_766' title='bbox 1000 2486 1136 2513; x_wconf 81' lang='lat' dir='ltr'><strong>mediator</strong></span> <span class='ocrx_word' id='word_1_767' title='bbox 1151 2489 1244 2513; x_wconf 89' lang='lat' dir='ltr'><strong>noster</strong></span> <span class='ocrx_word' id='word_1_768' title='bbox 1263 2484 1352 2513; x_wconf 82' lang='lat' dir='ltr'><strong>factus</strong></span> <span class='ocrx_word' id='word_1_769' title='bbox 1369 2493 1463 2520; x_wconf 81' lang='lat' dir='ltr'><strong>pacem</strong></span> <span class='ocrx_word' id='word_1_770' title='bbox 1488 2484 1656 2512; x_wconf 82' lang='lat' dir='ltr'><strong>conciliavit.</strong></span> <span class='ocrx_word' id='word_1_771' title='bbox 1671 2485 1713 2512; x_wconf 84' lang='lat' dir='ltr'><strong>Ab</strong></span> <span class='ocrx_word' id='word_1_772' title='bbox 1729 2485 1781 2512; x_wconf 86' lang='lat' dir='ltr'><strong>hoc</strong></span> 
     </span>
    </p>
   </div>
   <div class='ocr_carea' id='block_1_106' title="bbox 1000 2530 1782 2566">
    <p class='ocr_par' dir='ltr' id='par_1_106' title="bbox 1000 2530 1782 2566">
     <span class='ocr_line' id='line_1_106' title="bbox 1000 2530 1782 2566; baseline -0.001 -7"><span class='ocrx_word' id='word_1_773' title='bbox 1000 2531 1130 2566; x_wconf 86' lang='lat' dir='ltr'><strong>deinceps</strong></span> <span class='ocrx_word' id='word_1_774' title='bbox 1146 2531 1207 2558; x_wconf 87' lang='lat' dir='ltr'><strong>loco</strong></span> <span class='ocrx_word' id='word_1_775' title='bbox 1221 2530 1321 2557; x_wconf 80' lang='lat' dir='ltr'><strong>divinae</strong></span> <span class='ocrx_word' id='word_1_776' title='bbox 1334 2530 1551 2565; x_wconf 85' lang='lat' dir='ltr'><strong>dispensationis</strong></span> <span class='ocrx_word' id='word_1_777' title='bbox 1563 2530 1664 2559; x_wconf 81' lang='lat' dir='ltr'><strong>revelat</strong></span> <span class='ocrx_word' id='word_1_778' title='bbox 1681 2533 1782 2566; x_wconf 82' lang='lat' dir='ltr'><strong>myste-</strong></span> 
     </span>
    </p>
   </div>
   <div class='ocr_carea' id='block_1_107' title="bbox 1001 2575 1572 2610">
    <p class='ocr_par' dir='ltr' id='par_1_107' title="bbox 1001 2575 1572 2610">
     <span class='ocr_line' id='line_1_107' title="bbox 1001 2575 1572 2610; baseline -0.004 -6"><span class='ocrx_word' id='word_1_779' title='bbox 1001 2577 1087 2610; x_wconf 88' lang='lat' dir='ltr'><strong>rium,</strong></span> <span class='ocrx_word' id='word_1_780' title='bbox 1101 2580 1128 2604; x_wconf 86' lang='lat' dir='ltr'><strong>et</strong></span> <span class='ocrx_word' id='word_1_781' title='bbox 1144 2576 1345 2603; x_wconf 88' lang='lat' dir='ltr'><strong>incarnationis</strong></span> <span class='ocrx_word' id='word_1_782' title='bbox 1358 2583 1469 2603; x_wconf 86' lang='lat' dir='ltr'><strong>causam</strong></span> <span class='ocrx_word' id='word_1_783' title='bbox 1483 2575 1572 2603; x_wconf 87' lang='lat' dir='ltr'><strong>docet.</strong></span> 
     </span>
    </p>
   </div>
   <div class='ocr_carea' id='block_1_108' title="bbox 1038 2663 1784 2700">
    <p class='ocr_par' dir='ltr' id='par_1_108' title="bbox 1038 2663 1784 2700">
     <span class='ocr_line' id='line_1_108' title="bbox 1038 2663 1784 2700; baseline 0.003 -10"><span class='ocrx_word' id='word_1_784' title='bbox 1038 2663 1121 2692; x_wconf 70' lang='lat' dir='ltr'><strong>Vens.</strong></span> <span class='ocrx_word' id='word_1_785' title='bbox 1138 2663 1183 2692; x_wconf 72' lang='lat'><strong>1‘2.</strong></span> <span class='ocrx_word' id='word_1_786' title='bbox 1200 2663 1346 2698; x_wconf 83' lang='lat' dir='ltr'><strong>Propterea</strong></span> <span class='ocrx_word' id='word_1_787' title='bbox 1361 2664 1427 2691; x_wconf 83' lang='lat' dir='ltr'><strong>sicut</strong></span> <span class='ocrx_word' id='word_1_788' title='bbox 1440 2672 1485 2699; x_wconf 84' lang='lat' dir='ltr'><strong>per</strong></span> <span class='ocrx_word' id='word_1_789' title='bbox 1496 2672 1576 2691; x_wconf 86' lang='lat' dir='ltr'><strong>unum</strong></span> <span class='ocrx_word' id='word_1_790' title='bbox 1588 2663 1642 2700; x_wconf 76' lang='lat'><strong>56</strong></span> <span class='ocrx_word' id='word_1_791' title='bbox 1654 2664 1784 2692; x_wconf 76' lang='lat' dir='ltr'><strong>hominem</strong></span> 
     </span>
    </p>
   </div>
   <div class='ocr_carea' id='block_1_109' title="bbox 785 2777 1132 2806">
    <p class='ocr_par' dir='ltr' id='par_1_109' title="bbox 785 2777 1132 2806">
     <span class='ocr_line' id='line_1_109' title="bbox 785 2777 1132 2806; baseline -0.003 0"><span class='ocrx_word' id='word_1_792' title='bbox 785 2778 903 2806; x_wconf 69' lang='lat' dir='ltr'><strong>VARIA‘J</strong></span> <span class='ocrx_word' id='word_1_793' title='bbox 932 2777 1132 2806; x_wconf 79' lang='lat' dir='ltr'><strong>LECTIONES.</strong></span> 
     </span>
    </p>
   </div>
   <div class='ocr_carea' id='block_1_110' title="bbox 205 2855 1783 2897">
    <p class='ocr_par' dir='ltr' id='par_1_110' title="bbox 205 2855 1783 2897">
     <span class='ocr_line' id='line_1_110' title="bbox 205 2855 1783 2897; baseline -0.005 -7"><span class='ocrx_word' id='word_1_794' title='bbox 205 2865 227 2882; x_wconf 74' lang='lat'>“</span> <span class='ocrx_word' id='word_1_795' title='bbox 251 2863 332 2891; x_wconf 80' lang='lat' dir='ltr'><strong>Forte</strong></span> <span class='ocrx_word' id='word_1_796' title='bbox 347 2865 412 2889; x_wconf 87' lang='lat' dir='ltr'><strong>ante</strong></span> <span class='ocrx_word' id='word_1_797' title='bbox 426 2860 541 2897; x_wconf 59' lang='lat' dir='ltr'><strong>Xpw&#39;tlgg</strong></span> <span class='ocrx_word' id='word_1_798' title='bbox 561 2863 606 2888; x_wconf 87' lang='lat' dir='ltr'><strong>aut</strong></span> <span class='ocrx_word' id='word_1_799' title='bbox 618 2866 687 2897; x_wconf 78' lang='lat' dir='ltr'><strong>post</strong></span> <span class='ocrx_word' id='word_1_800' title='bbox 702 2860 776 2897; x_wconf 66' lang='grc' dir='ltr'>ῥπὲε</span> <span class='ocrx_word' id='word_1_801' title='bbox 787 2859 1010 2897; x_wconf 34' lang='grc' dir='ltr'><strong>ὴμῶν-σύἀίι-ᾳπι</strong></span> <span class='ocrx_word' id='word_1_802' title='bbox 1033 2859 1098 2897; x_wconf 57' lang='lat' dir='ltr'><strong>legit</strong></span> <span class='ocrx_word' id='word_1_803' title='bbox 1113 2858 1318 2897; x_wconf 59' lang='lat' dir='ltr'><strong>Theodpretus:</strong></span> <span class='ocrx_word' id='word_1_804' title='bbox 1342 2855 1413 2897; x_wconf 67' lang='grc' dir='ltr'>κατὰ</span> <span class='ocrx_word' id='word_1_805' title='bbox 1429 2856 1535 2891; x_wconf 81' lang='grc' dir='ltr'>καιρόν,</span> <span class='ocrx_word' id='word_1_806' title='bbox 1553 2856 1625 2892; x_wconf 88' lang='lat' dir='ltr'><strong>quod</strong></span> <span class='ocrx_word' id='word_1_807' title='bbox 1646 2857 1690 2885; x_wconf 85' lang='lat' dir='ltr'><strong>hic</strong></span> <span class='ocrx_word' id='word_1_808' title='bbox 1704 2855 1783 2884; x_wconf 78' lang='lat' dir='ltr'><strong>habet</strong></span> 
     </span>
    </p>
   </div>
   <div class='ocr_carea' id='block_1_111' title="bbox 170 2892 1414 2936">
    <p class='ocr_par' dir='ltr' id='par_1_111' title="bbox 170 2892 1414 2936">
     <span class='ocr_line' id='line_1_111' title="bbox 170 2892 1414 2936; baseline -0.008 -8"><span class='ocrx_word' id='word_1_809' title='bbox 170 2899 300 2936; x_wconf 81' lang='lat' dir='ltr'><strong>Vulgatus</strong></span> <span class='ocrx_word' id='word_1_810' title='bbox 319 2892 459 2932; x_wconf 68' lang='lat' dir='ltr'><strong>interpres</strong></span> <span class='ocrx_word' id='word_1_811' title='bbox 477 2900 502 2924; x_wconf 89' lang='lat' dir='ltr'><strong>et</strong></span> <span class='ocrx_word' id='word_1_812' title='bbox 519 2892 738 2923; x_wconf 60' lang='lat' dir='ltr'><strong>Herveti&#39;versio.</strong></span> <span class='ocrx_word' id='word_1_813' title='bbox 757 2892 836 2922; x_wconf 75' lang='lat' dir='ltr'><strong>Certe</strong></span> <span class='ocrx_word' id='word_1_814' title='bbox 853 2894 879 2921; x_wconf 92' lang='lat' dir='ltr'><strong>id</strong></span> <span class='ocrx_word' id='word_1_815' title='bbox 907 2894 1023 2930; x_wconf 71' lang='lat' dir='ltr'><strong>explicat</strong></span> <span class='ocrx_word' id='word_1_816' title='bbox 1038 2893 1141 2922; x_wconf 86' lang='lat' dir='ltr'><strong>Theod.</strong></span> <span class='ocrx_word' id='word_1_817' title='bbox 1159 2894 1185 2921; x_wconf 92' lang='lat' dir='ltr'><strong>in</strong></span> <span class='ocrx_word' id='word_1_818' title='bbox 1200 2892 1414 2921; x_wconf 85' lang='lat' dir='ltr'><strong>Commentario.</strong></span> 
     </span>
    </p>
   </div>
  </div>
