2013 3114
233 177 269 211 99
743 175 988 206 THEODORETI
1009 175 1179 207 EPISCOPI
1198 176 1381 208 CYRENSIS
1815 176 1866 210 100

233 238 369 269 peccatum
397 232 424 260 in
453 232 581 259 mtmdum
610 232 732 266 intratit,
759 237 784 260 et
814 241 859 268 per
886 237 1018 267 peccatum

1075 232 1174 265 τίαεὶς
1192 233 1245 259 τὸν
1254 233 1371 268 κόσμον
1381 233 1516 267 εἰσῆλθε,
1532 233 1581 260 καὶ
1591 233 1640 261 διὰ
1654 234 1708 268 τῆς
1720 233 1867 270 ἁμαρτίας

233 288 316 313 mors,
330 284 355 307 et
368 280 406 307 ita
423 279 451 306 in
474 287 565 307 omnes
580 280 698 306 homines
717 287 788 306 more
814 279 981 314 pertransiit,
996 279 1024 305 in

230 334 283 362 quo
297 334 386 353 omnes
413 331 596 359 peccaverunt.
612 324 679 352 Cum
712 323 845 352 Dominus
861 322 935 352 Deus
951 323 1024 350 Ada-

230 380 306 400 mum
322 372 502 404 condidisset,
524 376 552 399 et
568 372 675 399 ratione
694 375 833 403 ornasset,
849 379 934 398 unum
951 370 1026 398 dedit

231 422 398 454 praeceptum
417 418 449 445 ad
467 418 600 445 rationem
617 416 810 444 exercendam.
831 415 924 451 Neque
949 416 1024 443 enim

235 464 292 492 ﬁeri
309 468 427 499 poterat,
455 467 486 491 ut
511 464 557 498 qui
587 468 663 490 esset
690 463 806 490 rationis
832 462 981 497 particeps,
997 465 1024 489 et

233 509 304 537 bona
334 517 366 537 ac
392 509 463 536 mala
490 507 666 536 discernendi
697 507 855 535 facultatem
890 507 1023 540 haberet,

233 555 337 590 absque
357 556 411 583 ulla
437 555 497 590 lege
515 555 629 582 viveret.
660 553 686 581 Is
705 554 838 589 deceptus
862 554 1023 581 mandatum

231 604 425 636 transgressus
436 605 488 628 est.
507 599 644 635 Supplicii
668 604 759 627 autem
780 600 1021 627 comminationem

231 646 374 681 legislator
387 646 517 673 mamlato
541 645 686 680 conjunxit
700 646 735 673 ab
760 646 848 673 initio.
868 647 895 673 ls
911 646 1021 680 itaque,

230 699 293 719 cum
315 692 412 720 mortis
435 692 547 719 decreto
568 691 658 720 laetus
690 691 789 720 fuisset
810 692 957 724 obnoxius,
984 692 1022 719 ita

230 738 345 764 Cainum
362 741 389 766 et
402 737 517 765 Sethum
533 743 560 764 ct
580 737 649 765 alios
665 737 769 772 genuit.
782 736 885 765 Omnes
900 745 977 773 ergo,
992 742 1022 765 ut

229 790 263 810 ex
279 783 325 810 tali
352 783 505 818 progeniti,
532 783 676 810 mortalem
706 783 844 810 habebant
871 787 1020 810 naturam:

230 828 388 864 huiusmodi
406 833 497 856 autem
515 832 614 855 natura
627 828 845 864 multisindiget,
862 833 887 856 et
905 829 978 862 cibo,
994 834 1021 856 et

229 879 307 911 potu,
329 879 357 903 et
374 875 565 907 indumentis,
590 880 617 903 et
642 875 823 907 habitatione,
850 879 878 902 et
903 875 1020 902 diversis

1076 280 1093 306 ό
1108 278 1246 312 θάνατος,
1268 279 1317 306 καὶ
1342 279 1435 312 οὕτως
1453 280 1527 312 sic“
1551 281 1665 314 πάντας
1689 281 1867 316 ἀνθρώπους

1075 324 1199 359 διῆλθεν
1211 327 1226 352 ό
1243 325 1383 359 θάνατος,
1410 326 1456 361 ἐφ’
1476 323 1500 360 ᾧ
1519 327 1627 360 πάντες
1653 328 1796 363 ἥμαρτον.
1814 329 1867 356 Τὸν

1082 371 1167 406 ’Λδὰμ
1182 373 1196 398 ὁ
1216 372 1354 408 Δεσπότης
1378 373 1583 409 δημιουργήσας
1613 374 1695 407 Θεὸς,
1716 376 1763 402 καὶ
1795 376 1868 412 λόγῳ

1075 418 1203 453 τιμήσας,
1227 419 1291 454 μίαν
1312 419 1427 446 δέδωκεν
1446 420 1558 456 ἐντολὴν
1578 422 1618 452 είς
1643 423 1798 457 γυμνασίαν
1820 424 1866 451 τοῦ

1075 462 1195 496 λογικοῦ.
1211 465 1279 492 Οὐδὲ
1293 465 1348 500 γὰρ
1363 464 1420 493 οἷόν
1431 475 1461 492 τε
1476 464 1510 502 ἦν
1522 467 1568 494 τὸν
1582 468 1659 502 λόγον
1672 469 1865 505 μετειληφότα,

1074 510 1122 536 καὶ
1144 510 1198 537 τῶν
1221 511 1332 545 ἀγαθῶν
1360 513 1407 539 καὶ
1428 513 1482 539 τῶν
1505 513 1633 540 ἐναντίων
1655 515 1704 550 τὴν
1721 516 1866 551 διάγνωσιν

1074 555 1180 590 ιχοντα,
1198 557 1280 591 νόμου
1297 557 1370 589 τινὸς
1388 559 1472 594 χωρὶς
1495 560 1693 588 πολιτεύεσθαι.
1714 560 1798 595 Οὗτος
1821 563 1866 596 ὲξ-

1076 603 1226 637 απατηθεὶς
1256 604 1364 639 παρέὸη
1383 605 1432 639 τὴν
1457 605 1568 641 ἐντολήν
1583 614 1590 622 ·
1607 607 1657 642 τῆς
1676 608 1704 634 δὲ
1729 610 1865 645 τιμωρίας

1074 647 1122 681 τὴν
1145 648 1259 684 ἀπειλὴν
1276 649 1290 674 ὁ
1315 648 1463 684 νομοθέτης
1485 651 1517 686 τῇ
1545 651 1638 687 ἐντολῇ
1664 652 1824 686 συνέζευξεν
1837 655 1865 688 ἐξ

1073 693 1172 728 ἀρχῆς.
1194 693 1262 719 Ὑπὸ
1279 693 1325 720 τὸν
1341 694 1403 729 ὃρον
1421 694 1511 722 τοίνυν
1536 693 1614 728 οὗτος
1627 696 1673 723 τοῦ
1689 697 1805 724 Θανάτου
1819 707 1865 732 γε-

1073 739 1195 774 νόμενος,
1221 739 1293 766 οὕτω
1311 740 1358 766 τὸν
1383 740 1463 772 Κάῖν,
1486 741 1533 768 καὶ
1562 742 1607 769 τὸν
1633 742 1698 779 Σὴθ,
1727 744 1775 771 καὶ
1803 746 1866 777 τοὺς

1073 784 1168 816 ἄλλους
1195 785 1352 821 ἐγέννησεν.
1372 786 1510 820 ’Ἅπαντες
1535 786 1601 822 οὖν,
1626 790 1664 822 ὡς
1688 792 1720 818 ὲκ
1744 792 1864 820 τοιούτου

1073 832 1182 865 φύντες,
1196 831 1296 868 θνητὴν
1311 831 1383 869 εἶχον
1396 835 1445 870 τὴν
1459 835 1540 870 φύσιν
1552 842 1560 850 ³
1575 837 1591 871 ή
1607 837 1635 864 δὲ
1658 839 1768 875 τοιαύτη
1784 841 1864 875 φύσις

1072 878 1176 904 πολλῶν
1192 880 1266 905 ἐστιν
1282 879 1384 915 ἐνδεὴς,
1408 881 1455 907 καὶ
1477 881 1599 917 βρωτῶν,
1620 884 1667 910 καὶ
1697 885 1797 918 ποτῶν,
1818 887 1865 913 καὶ

228 921 347 950 artibus.
364 921 468 949 Horum
497 926 589 949 autem
606 929 674 949 usus
695 924 784 956 saepe'
811 920 845 947 ad
862 921 1014 948 mediocri-

1074 924 1264 959 περιϐολαίων,
1282 926 1329 953 καὶ
1343 913 1511 962 οἰκημάτων,
1526 930 1574 956 καὶ
1593 913 1698 966 τεχνῶν
1713 913 1861 969 διαφέρων.

227 968 294 996 tatis
326 975 471 996 excessum
505 967 621 995 allectus
655 967 751 994 incitat
780 977 787 995 :
818 967 1017 996 mediocritatis

229 1019 321 1042 autem
348 1022 481 1042 excessus
516 1017 658 1049 peceatum
680 1018 803 1048 generat.
837 1012 908 1040 Dicit
928 1013 1021 1048 itaque

228 1061 338 1088 divinus
366 1060 525 1096 Apostolus,
554 1060 628 1095 quod
657 1068 720 1088 cum
748 1060 834 1087 Adam
865 1065 1019 1095 peccasset.

228 1107 408 1142 mortalisque
425 1112 538 1143 propter
549 1111 693 1142 peccatum
708 1106 798 1134 factus
810 1111 896 1138 esset.
913 1111 1021 1134 utrum-

227 1161 281 1187 que
293 1152 326 1180 ad
344 1160 430 1188 genus
442 1151 625 1187 permanavit.
642 1151 682 1178 Ad
693 1158 789 1179 omnes
802 1151 875 1178 enim
894 1150 1020 1178 homines

227 1206 302 1226 mors
316 1198 447 1233 pervasit,
468 1202 608 1233 quatenus
625 1205 722 1225 omnes
741 1201 937 1232 peccaverunt.
958 1195 1019 1223 Non

227 1245 302 1272 enim
318 1249 430 1280 propter
447 1244 529 1279 primi
545 1244 670 1280 parentis
694 1247 854 1278 peccatum,
882 1243 929 1271 sed
956 1251 1020 1278 pro-

227 1295 289 1327 pter
305 1299 385 1319 suum
407 1290 601 1326 unuSquisque
620 1290 717 1317 mortis
730 1289 873 1317 decretum
889 1290 1017 1324 suscipit.

262 1381 345 1410 VERS.
364 1382 406 1409 15.
425 1381 511 1417 Usque
529 1383 564 1408 ad
579 1382 660 1417 legem
672 1382 742 1409 enim
757 1387 896 1416 peccatum
913 1387 973 1409 erat
991 1383 1018 1409 in

227 1428 348 1456 munda:
366 1433 501 1461 peccatum
524 1433 613 1455 autem.
640 1437 692 1455 non
708 1429 858 1463 imputatur
887 1437 947 1456 cum
976 1429 1019 1456 lca:

227 1483 278 1502 non
294 1479 342 1501 est.
361 1473 433 1506 Non,
452 1477 482 1500 ut
497 1474 623 1501 nonnulli
640 1474 812 1506 existimant,
838 1482 887 1502 eos
905 1479 1019 1502 accusat

227 1520 273 1554 qui
290 1520 375 1555 legem
398 1523 611 1554 praecesserunt,
636 1520 683 1547 sed
705 1528 802 1548 omnes
829 1520 921 1549 simul.
948 1519 1018 1547 Illud

226 1566 311 1597 enim,
336 1573 417 1600 usque
432 1565 466 1592 ad
490 1565 582 1601 legem,
608 1573 662 1593 non
681 1566 746 1593 dicit
765 1571 856 1601 usque
880 1566 913 1593 ad
938 1567 1006 1602 legis

227 1610 406 1646 principium,
425 1611 472 1638 sed
490 1619 576 1646 usque
590 1612 624 1639 ad
639 1611 721 1639 linem
735 1612 814 1648 legis.
832 1619 881 1647 pro
896 1620 928 1640 eo
945 1612 1017 1647 quod

227 1660 280 1689 est,
294 1655 384 1683 Donec
400 1658 442 1684 lex
458 1656 600 1684 dominata
614 1661 669 1691 est,
681 1657 778 1684 habuit
794 1662 934 1692 peccatum
946 1659 1018 1686 vires

227 1709 303 1730 suas.
322 1702 350 1729 Si
363 1703 436 1729 enim
458 1709 513 1730 non
529 1703 566 1730 sit
590 1703 644 1734 lex,
663 1710 718 1730 non
742 1707 834 1738 potest
848 1711 912 1732 esse
928 1710 1018 1733 trans-

227 1748 345 1783 gressio.

262 1793 346 1821 Vens.
365 1793 406 1821 l4.
418 1793 469 1821 Sed
483 1794 535 1829 57
550 1795 668 1829 regnavit
681 1803 752 1822 mors
771 1795 803 1822 ab
817 1795 921 1822 Adamn
935 1805 1017 1832 usque

226 1839 262 1867 ad
278 1838 381 1871 Mosen,
399 1839 482 1866 etiam
501 1840 529 1866 in
546 1848 600 1871 eos,
620 1840 665 1875 qui
678 1848 729 1867 non
744 1845 917 1875 peccaverunt
937 1841 964 1868 in
979 1842 1017 1869 ri-

227 1884 405 1912 mililudinem
430 1885 660 1918 prwvaricationis
685 1885 793 1918 Adami,
813 1886 857 1921 qui
872 1890 911 1913 est
929 1886 1016 1920 imago

228 1931 322 1965 futuri.
348 1930 444 1958 Mosen
476 1931 562 1966 legem
592 1931 720 1966 appellat.
740 1931 798 1959 Hoc
823 1935 914 1959 autem
933 1931 1016 1959 etiam

227 1976 383 2004 invenimus
399 1976 427 2007 in
447 1975 623 2011 Evangeliis:
647 1986 656 2002 ι
678 1976 785 2004 [labent
802 1977 896 2005 Mosen
911 1983 937 2005 et
951 1985 1016 2012 pro-

227 2022 325 2058 phelas
337 2021 343 2047 i
353 2041 360 2049 .
378 2032 388 2048 ι
410 2021 450 2048 Ita
464 2022 546 2048 etiam
561 2022 672 2050 divinus
687 2022 837 2057 Apostolus
851 2023 880 2049 in
897 2023 1016 2050 secunda

227 2068 261 2095 ad
278 2067 435 2096 Corinthios
452 2067 537 2095 dicit:
568 2077 577 2094 ι
595 2067 648 2096 Sed
679 2075 766 2103 usque
795 2069 822 2095 in
851 2068 1015 2096 hodiernum

227 2114 391 2146 diem,cum
407 2113 507 2149 legitur
529 2113 636 2144 Moses.
671 2114 793 2141 velamen
825 2115 946 2149 positum
975 2119 1015 2141 est

227 2167 312 2194 super
323 2167 371 2187 cor
385 2167 509 2192 eorum,»
530 2167 580 2194 pro
593 2167 625 2187 eo
641 2160 716 2195 quod
730 2164 782 2192 est,
797 2159 851 2187 Lex
863 2159 887 2186 ἐ-
905 2160 1014 2195 Regna-

227 2205 268 2232 vit
282 2205 385 2240 itaque,
400 2205 499 2239 inquit,
517 2212 593 2233 mors
610 2206 645 2233 ab
657 2206 764 2233 Adamo
780 2213 867 2241 usque
888 2207 921 2233 ad
936 2214 1016 2241 appa-

227 2251 355 2278 ritionem
372 2250 529 2278 Servatoris
544 2260 551 2278 :
568 2255 634 2279 tunc
648 2251 721 2279 enim
737 2252 818 2278 linem
836 2252 877 2279 lex
898 2253 1013 2287 accepit.

230 2306 241 2323 ι
257 2296 314 2324 Lex
338 2297 426 2328 enim,
452 2297 555 2332 inquit,
576 2301 604 2324 et
621 2297 763 2332 propheta:
781 2305 868 2332 usque
883 2297 1017 2335 ad/Joan-

227 2351 289 2370 nem
314 2342 556 2378 prophelaverunt.
578 2343 599 2370 A
621 2347 746 2378 tempore
778 2350 868 2371 autem
901 2343 1017 2372 Joannis

228 2396 342 2424 regnum
358 2389 492 2416 caelorum
514 2389 567 2416 vim
586 2389 700 2424 patitur,
720 2394 748 2417 et
764 2390 877 2417 violenti
905 2390 1017 2425 rapiunt

227 2434 294 2462 illud
311 2432 330 2460 ι.
342 2440 352 2457 ι
375 2434 502 2470 Regnavit
517 2440 606 2463 autem
621 2444 694 2463 mors
706 2435 790 2463 etiam
803 2436 831 2462 in
844 2443 888 2463 eos
904 2436 949 2470 qui
964 2445 1016 2463 non

226 2484 397 2514 peccaverunt
418 2480 446 2506 in
463 2480 640 2507 similitudine
668 2479 890 2515 transgressionis
907 2479 1014 2506 Adami.

227 2525 286 2553 Etsi
301 2526 374 2553 enim
401 2526 468 2553 illud
493 2526 654 2554 mandatum
685 2533 740 2553 non
768 2525 919 2560 trangressi
940 2531 1016 2558 sunt,

227 2572 279 2598 alia
297 2576 388 2598 tamen
414 2571 513 2599 delicta
530 2572 740 2600 commiserunt.
763 2571 900 2599 Adamum
925 2577 1014 2599 autem

228 2615 375 2650 appellavit
390 2619 484 2651 typum
502 2616 619 2645 Christi.
641 2616 720 2644 Hunc
743 2616 815 2644 enim
842 2620 922 2643 vocat
941 2616 1016 2651 futu-

227 2669 300 2693 rum,
323 2661 375 2689 hac
405 2662 438 2689 de
465 2670 561 2695 causa,
589 2663 663 2698 quod
686 2663 760 2690 sicut
784 2662 830 2690 ille
849 2663 896 2698 qui
910 2663 1015 2698 primus

229 2708 353 2742 peccavit
383 2709 479 2736 mortis
508 2708 619 2737 decreto
644 2709 786 2744 subjectus
802 2713 854 2742 est,
883 2715 909 2737 et
926 2713 1013 2738 totum

265 2777 273 2803 l
297 2776 363 2806 Luc.
380 2786 439 2810 xvr,
455 2778 500 2805 29.
540 2779 553 2798 ιι
575 2779 595 2806 ll
613 2779 676 2806 Cor.
693 2788 738 2811 ιιι,
756 2780 798 2806 13.

1079 970 1111 996 Ἦ
1126 971 1154 997 δὲ
1167 971 1269 998 τούτων
1280 972 1360 1008 χρεία
1371 973 1490 1007 ὲρεθίζει
1507 974 1637 1008 πολλάκις
1656 977 1697 1009 εἰς
1726 978 1864 1014 ἀμετρίαν

1072 1014 1105 1041 τὰ
1118 1014 1208 1050 πάθη·
1225 1016 1241 1051 ἠ
1256 1016 1285 1042 δὲ
1303 1017 1422 1052 ἀμετρία
1443 1018 1493 1053 τὴν
1514 1019 1650 1055 ἁμαρτίαν
1665 1024 1757 1058 γεννᾷ.
1782 1024 1863 1058 Λέγει

1071 1060 1160 1088 τοίνυν
1173 1061 1188 1087 ό
1204 1061 1274 1094 θεῖος
1298 1063 1470 1096 Ἀπόστολος,
1492 1065 1533 1093 ὅτι
1552 1066 1598 1093 τοῦ
1623 1067 1708 1104 ’Δδὰμ
1734 1070 1862 1107 ἡμαρτη-

1072 1109 1161 1141 κότος,
1180 1109 1228 1136 καὶ
1248 1109 1346 1145 θνητοῦ
1367 1110 1410 1138 διὰ
1433 1111 1484 1146 τὴν
1505 1113 1642 1149 ἁμαρτίαν
1666 1117 1861 1152 γεγενημένου,

1072 1154 1212 1190 ἐχώρησεν
1234 1155 1274 1188 είς
1296 1157 1327 1184 τὸ
1350 1157 1427 1191 γένος
1449 1158 1603 1195 ἀμφότερα.
1621 1160 1667 1193 Είς
1684 1162 1788 1195 πάντας
1809 1164 1863 1200 γὰρ

1069 1199 1231 1236 ἀνθρώπους
1250 1201 1358 1237 διῆλθεν
1372 1203 1386 1229 6
1403 1203 1529 1237 θάνατος,
1547 1206 1589 1240 ἐφ’
1608 1202 1630 1240 ᾧ
1646 1207 1747 1241 πάντες
1769 1199 1861 1246 insap-

1069 1255 1125 1274 τον.
1145 1247 1182 1274 Οὐ
1204 1247 1258 1283 γὰρ
1282 1248 1325 1275 διὰ
1348 1249 1398 1284 τὴν
1433 1249 1482 1276 τοῦ
1511 1251 1685 1288 προπάτορος
1712 1255 1860 1290 ἁμαρτίαν,

1069 1293 1138 1319 ἀλλὰ
1157 1293 1203 1320 διὰ
1220 1294 1269 1329 τὴν
1288 1295 1392 1322 οἰκείαν
1415 1296 1531 1329 ἕκαστος
1550 1297 1657 1334 δέχεται
1676 1299 1722 1327 τοῦ
1744 1300 1860 1328 θανάτου

1068 1339 1114 1366 τὸν
1129 1340 1200 1375 ὅρον.

1108 1385 1154 1419 ιγ’.
1173 1386 1260 1420 ’Ἄχρι
1272 1387 1327 1421 γὰρ
1337 1388 1432 1422 νόμον
1449 1388 1576 1423 ἁμαρτία
1589 1387 1628 1424 ἦν
1638 1391 1672 1417 ἐν
1685 1391 1726 1424 τῷ
1740 1392 1856 1427 κόσμῳ·

1069 1430 1198 1464 ἁμαρτία
1225 1431 1260 1457 δὲ
1285 1433 1341 1459 οὐκ
1374 1433 1541 1468 ἐλλογεῑται
1563 1435 1606 1470 μὴ
1636 1435 1726 1470 ὄντος
1752 1439 1859 1473 νόμου.

1078 1476 1133 1511 υὺχ
1145 1476 1182 1508 ὥς
1198 1486 1270 1510 τινες
1283 1479 1427 1511 ὑπέλαϐον,
1443 1482 1497 1508 τῶν
1513 1483 1566 1519 πρὸ
1585 1483 1632 1510 τοῦ
1648 1484 1729 1520 νόμου
1744 1495 1862 1521 κατηγο-

1071 1522 1123 1569 ρεῖ,
1142 1522 1211 1569 αλλὰ
1228 1524 1337 1551 πάντων
1356 1526 1436 1562 ὁμοῦ.
1458 1528 1494 1554 Τὸ
1514 1530 1578 1564 γὰρ.
1595 1529 1663 1564 ἄχρι
1683 1532 1789 1567 νόμου,
1812 1534 1862 1569 οὐχ

1070 1567 1124 1599 ἕως
1133 1568 1183 1603 τῆς
1193 1569 1281 1606 ἀρχῆς
1297 1570 1344 1597 τοῦ
1361 1572 1443 1607 νόμου
1457 1573 1543 1607 λέγει,
1560 1575 1617 1601 ἀλλ’
1632 1575 1688 1608 ἓως
1703 1577 1749 1604 τοῦ
1767 1567 1862 1612 τέλους

1070 1613 1118 1659 τοῦ
1143 1614 1238 1649 νόμον,
1263 1615 1323 1642 am
1339 1616 1397 1649 τοῦ,
1411 1617 1484 1650 Ἕως
1496 1619 1509 1644 ὁ
1523 1619 1604 1654 νόμος
1621 1620 1742 1656 ἐκράτει,
1759 1620 1831 1658 εἶχεν
1844 1625 1860 1659 ὴ

1069 1658 1191 1694 ἁμαρτία
1215 1660 1246 1686 τὸ
1258 1661 1369 1696 κράτος.
1388 1663 1480 1698 Νόμου
1501 1664 1554 1700 γὰρ
1576 1665 1626 1692 οὐκ
1643 1666 1718 1699 ὕντος
1740 1668 1790 1704 οὐχ
1805 1658 1860 1696 οἷόν

1069 1712 1098 1730 τε
1112 1705 1238 1736 γενέσθαι
1253 1707 1420 1742 παράὸασιν.
1633 1719 1636 1722 ’

1105 1792 1149 1819 ιδ’.
1178 1793 1255 1820 Ἀλλ’
1278 1794 1481 1824 ἐϐασίλευσεν
1498 1799 1515 1825 ὁ
1529 1799 1658 1833 θάνατος
1683 1801 1744 1828 ἀπὸ
1766 1802 1858 1838 Ἀδὰμ

1066 1837 1154 1872 μέχρι
1168 1839 1297 1874 Μωσέως
1311 1841 1343 1874 ⁸⁸,
1359 1843 1407 1869 καί
1420 1843 1469 1870 ἐπὶ
1485 1845 1556 1878 τοὺς
1570 1846 1613 1879 μὴ
1626 1837 1858 1882 ἁμαρτήσαντας

1067 1883 1102 1909 ἑν
1115 1883 1155 1915 τῷ
1167 1884 1322 1918 ὀμοιώτατι
1343 1886 1402 1921 τῆς
1420 1889 1616 1923 παραϐάσεως
1631 1890 1731 1926 Ἀδὰμ,
1747 1892 1781 1925 ὅς
1793 1893 1859 1920 ἐστι

1068 1928 1161 1962 τύπος
1184 1930 1238 1957 τοῦ
1260 1931 1439 1966 μέλλοντος.
1466 1935 1568 1962 Μωσέα
1591 1936 1638 1963 τὸν
1660 1938 1742 1973 νόμον
1769 1940 1856 1968 καλεῖ.

1069 1974 1153 2001 Τοῦτο
1180 1975 1208 2001 δὲ
1238 1978 1286 2004 καὶ
1313 1979 1343 2004 ὲν
1372 1980 1428 2012 τοῖς
1465 1981 1641 2016 Εὑαγγελίοις
1670 1984 1856 2021 εὑρίσκομεν⁸

1071 2021 1200 2055 (Ἔχουσι
1220 2023 1321 2050 Μωσέα
1338 2026 1386 2052 καὶ
1404 2026 1467 2059 τοὺς
1484 2029 1637 2064 προφήτας.
1654 2038 1663 2055 ι
1676 2030 1754 2058 Οὕτω
1782 2034 1829 2060 καὶ
1844 2034 1859 2060 ὁ

1067 2066 1137 2114 θεῖος
1158 2067 1320 2114 Ἀπόστολος
1343 2071 1373 2097 ἐν
1399 2072 1432 2106 τῇ
1457 2073 1525 2107 πρὸς
1556 2075 1716 2110 Κορινθίους
1744 2077 1859 2114 δευτέρᾳ

1067 2112 1149 2159 sequi:
1169 2123 1178 2138 ‹
1196 2113 1266 2140 Ἀλλ’
1278 2115 1330 2147 ἕως
1346 2117 1477 2153 σήμερον,
1497 2119 1577 2154 ἡνίκα
1591 2120 1623 2147 ἂν
1636 2112 1857 2159 ἀναγινώσκηται

1067 2157 1179 2193 Μωσῆς,
1196 2159 1327 2195 κάλυμμα
1342 2162 1388 2189 ἐπὶ
1412 2163 1462 2198 τὴν
1480 2165 1594 2201 καρδίαν
1619 2167 1707 2195 αὐτῶν
1734 2157 1830 2203 κεῖται,
1846 2181 1855 2197 ν

1066 2205 1127 2232 ἀντὶ
1149 2206 1207 2237 τοῦ,
1228 2207 1242 2232 ὁ
1274 2208 1364 2243 νόμος.
1399 2209 1571 2238 Ἐϐασίλευσε
1604 2213 1704 2245 τοίνυν.
1726 2216 1818 2251 φησὶν,
1843 2217 1858 2243 ό

1032 2262 1053 2289 D
1068 2251 1183 2284 θάνατος
1194 2253 1248 2280 ἀπὸ
1257 2254 1341 2290 Ἀδὰμ
1355 2255 1406 2288 ἕως
1420 2256 1469 2292 τῆς
1480 2257 1528 2284 τοῦ
1540 2258 1666 2296 Σωτῆρος
1681 2262 1840 2296 ἐπιφανείας
1849 2271 1857 2278 ·

1069 2298 1130 2324 τότε
1151 2299 1206 2334 γὰρ
1234 2300 1311 2333 τέλος
1330 2302 1344 2328 ὁ
1363 2302 1446 2338 νόμος
1470 2303 1589 2335 ἐδέξατο.
1611 2315 1620 2332 ι
1635 2306 1664 2332 ’0
1683 2307 1765 2343 νόμος
1785 2309 1857 2344 γὰρ,

1070 2345 1146 2379 φησὶ,
1164 2346 1209 2372 καὶ
1220 2347 1244 2372 οί
1257 2349 1404 2383 προφῆται,
1424 2349 1477 2381 ἓως
1495 2351 1619 2379 Ἰωάννου
1637 2355 1856 2391 προεφήτευσαν.

1075 2391 1142 2418 Ἀπὸ
1161 2391 1190 2418 δὲ
1206 2392 1261 2419 τῶν
1286 2394 1397 2430 ἡμερῶν
1420 2395 1575 2433 Ἱωάννουὴ
1594 2399 1718 2434 βασιλεία
1734 2401 1789 2429 τῶν
1807 2403 1854 2429 οὑ-

1070 2437 1158 2472 ρανῶν
1175 2437 1308 2473 βιάζεται,
1329 2442 1376 2467 καὶ
1400 2441 1510 2476 βιασταὶ
1539 2444 1708 2480 ἁρπάζουσιν
1731 2449 1826 2484 αὑτήν.
1847 2458 1855 2474 ι

1075 2483 1271 2530 Ἐςόασίλευσε
1282 2485 1316 2512 δὲ
1325 2487 1341 2512 ὁ
1353 2486 1482 2522 θάνατος
1499 2489 1548 2516 καί
1563 2490 1612 2517 ἐπὶ
1628 2492 1700 2525 τοὺς
1709 2493 1751 2527 μὴ
1767 2494 1861 2530 ἁμαρ-

1067 2528 1222 2562 τήσαντας
1229 2530 1264 2557 ἐν
1271 2531 1310 2564 τῷ
1316 2533 1473 2567 ὁμοιώματι
1482 2534 1537 2569 τῆς
1551 2538 1746 2572 παραϐάσεως
1754 2540 1784 2567 Ἀ
1788 2528 1857 2575 (Mil.

1114 2575 1168 2612 γὰρ
1182 2577 1229 2603 καὶ
1245 2578 1352 2614 ἐκείνην
1372 2580 1403 2606 οὐ
1418 2581 1579 2617 παρέϐησαν
1595 2583 1646 2620 τὴν
1661 2585 1782 2621 ἐντολὴν,
1800 2587 1858 2614 ἀλλ’

1068 2618 1115 2668 οὖν
1132 2621 1231 2657 ἐτέρας
1245 2625 1420 2660 παρανομίας
1437 2627 1601 2664 ἐτόλμησαν.
1619 2618 1671 2657 Τὸν
1687 2631 1716 2658 δέ
1734 2618 1765 2666 γε
1774 2633 1860 2668 Ἀδὰμ

1068 2667 1154 2694 τύπον
1174 2669 1289 2697 ἐκάλεσε
1306 2671 1354 2698 τοῦ
1377 2673 1495 2707 Χριςτοῦ
1507 2683 1513 2690 ·
1527 2675 1608 2703 αὐτὸν
1630 2677 1684 2713 γὰρ
1700 2679 1780 2706 καλεῖ
1806 2667 1859 2706 τότε

1066 2714 1237 2748 μέλλοντα,
1258 2717 1327 2744 κατὰ
1355 2719 1449 2747 τοῦτον
1471 2721 1516 2748 τὸν
1540 2722 1635 2757 λόγον,
1663 2725 1704 2751 ὅτι
1733 2725 1858 2761 καθάπερ

847 2779 853 2798 ¹
878 2780 973 2808 Matth.
991 2783 1101 2816 XI,12,
1120 2784 1160 2810 15.

882 2851 998 2879 νΑΒΙΑζ
1023 2851 1222 2882 LECTIONES.

265 2893 287 2908 “
299 2893 337 2924 εἰς
350 2893 482 2920 omissum
494 2893 520 2921 in
535 2893 564 2921 Β.
603 2894 625 2911 ⁸⁸
641 2895 660 2922 Β
674 2896 824 2928 Μωῦπέως.
