2013 3114
137 176 186 210 1θὶ

556 182 862 214 INTERPRETATIO
883 183 1000 214 EPIST.
1019 184 1068 214 AD
1089 185 1179 215 ΗΘΜ.
1201 186 1280 216 CAP.
1300 186 1334 217 γ.

1715 190 1765 222 102

135 235 238 267 ἐκεῖνος
259 235 367 270 πρῶτος
398 237 564 274 ἡμαρτηκὼς
592 240 644 267 ὑπὸ
665 241 711 267 τὸν
734 241 797 277 ὅρον
821 242 928 276 ἐγένετο

979 249 1065 276 genus
1089 244 1207 278 primum
1235 249 1376 280 parentem
1404 250 1528 273 secutum
1549 252 1606 276 est:
1626 250 1664 278 ita
1682 251 1764 278 etiam

133 280 182 307 τοῦ
197 281 326 315 θανάτου,
339 284 386 310 καὶ
398 284 429 311 τὸ
444 285 522 318 γένος
540 286 613 314 ἆπαν
627 287 795 323 ἠκολούθησε
810 287 848 323 τῷ
860 296 926 322 προσ

134 328 234 362 πάτορι
249 336 256 343 ·
274 328 361 361 οὕτως
378 331 392 356 ὁ
404 331 544 367 Δεσπότης
563 332 690 368 Χριστὸς,
715 333 764 368 τὴν
784 334 872 369 ἄκραν
886 333 925 360 δι-

134 373 283 409 καιοσύνην
299 375 500 411 πεπληρωκὼς,
517 378 650 404 κατέλυσε
663 378 711 405 τοῦ
733 378 851 406 θανάτου
876 380 925 414 τὴν

134 419 308 453 δυναστείαν,
329 421 377 447 καὶ
396 421 504 457 πρῶτος
519 423 551 449 ὲκ
566 423 672 459 νεκρῶν
686 424 817 458 ἀναστὰς,
835 426 925 452 πᾶσαν

134 465 175 497 εἰς
199 465 274 501 ζωὴν
295 467 425 500 ὲπανάξει
442 467 495 494 τῶν
512 468 662 505 ἀνθρώπων
681 470 731 506 τὴν
755 470 846 504 φύσιν.
870 471 927 498 Καὶ

134 511 230 548 ἐπειδὴ
250 511 333 538 τύπον
348 513 463 540 ἐκάλεσε
478 514 525 542 τὸν
545 515 630 551 Ἀδὰμ
647 515 693 542 τοῦ
715 517 834 553 Χριστοῦ
847 538 854 550 ,
872 517 928 545 δεί-

136 566 186 584 κνυ
192 566 218 584 σι
233 558 283 593 τὴν
298 559 445 596 ὑπεροχήν.

171 607 212 630 ιε’.
235 605 317 631 Ἀλλ’
329 607 385 639 οὺχ
401 606 440 639 ὡς
453 606 485 633 τὸ
498 603 692 643 παράπτωμα,
713 608 790 635 οὕτω
817 609 867 636 καὶ
892 610 925 636 τὸ

135 649 280 685 χάρισμα.
305 650 384 677 Ἀλλὰ
406 651 480 684 πῶς;
501 654 536 679 Et
560 654 614 688 γὰρ
631 654 671 687 τῷ
686 654 739 681 τοῦ
753 655 822 687 ἑνὸς
836 663 928 690 παρα-

135 695 270 730 πτώματι
296 698 322 724 ol
347 698 458 724 πολλοὶ
474 698 634 730 ἀπέθανον,
649 697 754 732 πολλῷ
767 700 887 735 μᾶλλον
907 701 927 736 ἠ

135 743 223 777 χάρις
233 743 288 770 τοῦ
304 743 388 777 Θεοῦ,
405 744 453 770 καὶ
477 744 495 777 ἠ
513 744 617 779 δωρεὰ,
638 745 673 772 ἐν
693 745 789 780 χάριτι
814 746 851 782 τῇ
875 747 928 774 τοῦ

135 787 205 820 ἑνὸς
221 788 380 822 ἀνθρώπου
405 789 502 823 Ἰησοῦ
522 791 652 825 Χριστοῦ
680 793 723 825 εἷς
746 793 817 826 τοὺς
847 795 928 820 πολ-

135 834 212 867 λοὺς
234 835 467 870 ἐπερίσσευσεν.
494 837 556 863 Ἐπὶ
580 837 631 873 τῆς
660 838 805 874 τιμωρίας,
835 839 926 874 φησὶν,

134 881 148 906 ὁ
160 881 300 915 Δεσπότης
314 881 381 913 Θεὸς
397 881 443 908 τοῦ
467 881 573 909 δικαὶου
598 883 643 909 τὸν
656 884 718 919 ὅρον
737 884 863 919 ἐφύλαξε,
880 885 928 912 καὶ

978 287 1113 315 Dominus
1127 289 1274 322 Christus,
1290 298 1352 317 cum
1375 297 1510 318 summam
1526 292 1660 326 justitiam
1676 295 1765 322 adim-

978 335 1090 370 plessct,
1107 336 1205 363 mortis
1220 337 1369 371 potentiam
1389 337 1526 369 dissolvit,
1547 342 1573 365 et
1589 339 1635 374 qui
1657 340 1764 374 primus

976 387 1008 407 ex
1024 380 1140 407 mortuis
1160 382 1332 414 resurrexit,
1351 389 1459 410 omnem
1477 387 1602 411 naturam
1622 384 1762 413 hominum

977 427 1009 453 ad
1024 427 1105 454 vitam
1123 427 1246 454 reducet.
1265 427 1374 464 thuia
1385 429 1519 456 Adamum
1535 433 1628 465 typum
1643 429 1765 459 Cltristi'

978 474 1098 507 vocavit,
1120 473 1241 501 ostendit
1254 474 1336 510 hujus
1351 475 1551 503 excellentiam.

1014 606 1098 635 Vens.
1120 607 1163 635 15.
1184 607 1236 635 Sed
1249 616 1302 635 non
1317 609 1385 636 sicut
1409 610 1545 642 delictum,
1563 611 1602 637 ita
1615 615 1639 638 et
1653 611 1763 641 donttm.

980 654 1033 681 Sed
1043 654 1198 688 quomodo?
1211 653 1240 681 Si
1249 655 1318 681 enim
1326 656 1403 682 unius
1412 656 1508 683 delicto
1519 657 1595 684 mulli
1602 657 1656 693 58
1666 659 1764 686 mor/ui

979 705 1050 732 sunt,
1067 699 1248 735 multomagis
1262 702 1350 735 gratia
1367 701 1426 735 Dei,
1451 707 1476 729 et
1501 702 1608 736 donum,
1630 705 1656 731 in
1677 707 1765 739 gratia

979 746 1058 773 unius
1074 747 1190 774 hominis
1216 746 1281 774 Jesu
1311 747 1412 775 Christi
1437 749 1465 775 in
1494 748 1583 783 plures
1610 750 1765 778 abundavit.

979 791 1076 825 Poena,
1094 793 1200 828 inquit,
1219 793 1368 829 irroganda
1398 794 1530 824 Dominus
1553 795 1625 824 Deus
1653 797 1766 831 justitize

980 838 1066 873 legem
1081 840 1211 872 servavit,
1227 844 1253 867 et
1270 840 1404 868 Adamum
1433 847 1609 877 peccantem,
1629 844 1766 879 mortique

979 886 1123 920 traditum,
1140 887 1301 915 universum
1318 896 1404 924 genus
1421 889 1595 924 (humanum)
1612 894 1653 917 est
1669 897 1766 918 conse-

135 925 181 953 τοῦ
220 926 308 961 Ἀδὰμ
333 927 533 963 ἡμαρτηκότος,
558 929 604 955 καὶ
622 915 792 965 τῷὶθανάτῳ
812 915 929 966 παραδο-

980 938 1096 967 cutum;
1123 934 1209 961 multo
1235 934 1359 969 proiecto
1383 935 1487 970 justius
1515 935 1562 964 Dei
1599 936 1767 973 benignitate

137 973 239 1004 θέντος,
254 973 327 1000 ἅπαν
343 973 510 1010 ἠκολούθησε
524 974 554 1001 τὺ
569 975 646 1009 γένος
656 983 663 990 ·
685 976 774 1012 πολλῷ
791 976 930 1012 ,δήπουθεν

136 1018 306 1054 δικαιότερον
320 1019 367 1046 ἐπὶ
378 1020 427 1056 τῆς
440 1020 486 1047 τοῦ
501 1020 568 1047 Θεοῦ
578 1021 782 1058 φιλανθρωπίας
791 1022 930 1058 φυλαχθῆ-

137 1073 179 1090 ναι
196 1064 227 1090 τὸ
242 1065 357 1098 δίκαιον,
372 1065 419 1093 καὶ
435 1066 484 1101 τῆς
501 1067 548 1093 τοῦ
567 1068 702 1094 Δεσπότου
724 1068 842 1104 Χριστοῦ
862 1069 930 1095 πάν-

137 1120 186 1143 τας
198 1111 362 1147 ἀνθρώπους
379 1112 541 1148 μεταλαχεῖν
554 1114 739 1146 ἀναστάσεως.
758 1115 930 1149 Ἄνθρωπον

137 1157 165 1184 δὲ
176 1158 294 1184 ἐνταῦθα
308 1158 354 1185 τὸν
378 1160 516 1195 Δεσπότην
543 1160 660 1196 Χριστὸν
689 1161 926 1196 προσηγόρευσεν,

141 1204 181 1230 ἱνα
205 1204 254 1231 τοῦ
275 1205 362 1240 Ἀδὰμ
388 1205 510 1241 ἀκριϐῶς
534 1206 655 1242 ἐπιδείξῃ
683 1207 729 1234 τὸν
751 1207 857 1235 τύπον·
889 1208 928 1234 ὃτι

139 1249 264 1285 καθάπερ
284 1250 343 1277 ἐκεῖ
355 1251 388 1277 δι’
403 1251 462 1283 ἐνὸς
477 1251 621 1287 ἀνθρώπου
639 1253 653 1279 ὁ
668 1252 793 1285 θάνατος,
808 1253 879 1280 οὕτω
895 1253 928 1280 δι’

141 1296 197 1328 ἐνὸς
211 1296 358 1332 ἀνθρώπου
373 1297 517 1332 ὲνταῦθαή
532 1297 578 1324 τοῦ
594 1298 708 1325 θανάτου
723 1299 880 1331 κατάλυσις.

173 1345 222 1374 ις’.
243 1342 299 1369 Καὶ
315 1344 372 1377 οὐχ
392 1343 429 1375 ὡς
446 1342 483 1370 δι’
508 1343 576 1377 ἑνὸς
589 1344 808 1379 ἁμαρτήματος.
829 1345 860 1372 τὸ
874 1345 929 1372 δὼ-

135 1395 232 1423 ρημα·
253 1387 287 1414 τὸ
299 1388 359 1423 μὲν
374 1388 428 1423 γὰρ
440 1388 529 1423 κρῖμα
551 1389 585 1422 ἐξ
601 1389 670 1423 ἑνὸς
682 1392 725 1423 εἰς
745 1390 910 1425 κατάκριμα
920 1399 927 1406 ·

138 1434 171 1461 τὸ
193 1433 229 1461 δὲ
255 1433 390 1469 χάρισμα
415 1433 450 1461 ἐκ
472 1434 596 1461 πολλῶν
614 1435 859 1470 παραπτωμάτων
884 1437 929 1469 εἰς

139 1480 292 1515 δικαίωμα.
319 1480 504 1516 ’Υπερὸαίνει,
521 1482 613 1516 φησὶν,
627 1482 644 1517 ἡ
662 1482 713 1517 τῆς
727 1482 839 1517 χάριτος
852 1484 927 1518 φιλο-

139 1526 216 1561 τιμία
229 1526 277 1554 τοῦ
291 1526 397 1554 δικαίου
411 1527 456 1554 τὸν
475 1527 547 1563 ὅρον.
566 1528 632 1554 Τότε
647 1528 701 1565 γὰρ
724 1529 783 1561 ἐνὸς
802 1531 929 1565 ἡμαρτη-

139 1572 217 1604 κότος
236 1572 297 1599 ὅλον
310 1572 341 1599 τὸ
353 1568 430 1607 γένος
459 1574 508 1608 τὴν
540 1574 674 1609 τιμωρίαν
691 1574 813 1607 ὲδέξατο⁴
829 1574 876 1602 νῦν
888 1576 926 1606 δὲ.
943 1594 964 1624 α

141 1617 248 1644 πάντων
281 1617 433 1653 ἀνθρώπων
466 1618 636 1646 ἀσεϐούντων
664 1628 693 1646 τε
731 1620 777 1646 καὶ
806 1629 928 1655 παρανο-

142 1664 273 1699 μούντων,
303 1664 335 1691 οὑ
369 1664 504 1700 τιμωρίαν
528 1665 678 1702 ἐπήγαγεν,
693 1666 761 1693 ἀλλά
780 1666 852 1702 ζωὴν
868 1667 929 1693 ἐδω‹

141 1711 252 1746 ρήσατο.

174 1757 206 1789 ιζ’
209 1759 255 1784 ,Εἰ
269 1758 325 1792 γὰρ
339 1758 377 1790 τῷ
390 1758 442 1785 τοῦ
457 1758 526 1791 ἐνίεις
539 1759 750 1793 παραπτώματι
764 1760 780 1786 ὁ
801 1758 928 1792 θάνατος

139 1802 321 1830 ἐϐασίλευσε
335 1804 383 1831 διὰ
398 1805 452 1831 τοῦ
478 1804 558 1837 ἐνὸς,
585 1804 688 1837 πολλῷ
697 1804 819 1839 μᾶλλον
831 1807 857 1832 ol
871 1804 928 1838 τὴν

141 1848 319 1882 περισσείαν
345 1849 401 1883 τῆς
431 1849 561 1884 χάριτος,
587 1850 635 1877 καί
665 1850 719 1884 τῆς
738 1849 858 1884 δωρεᾶς,
877 1850 927 1878 καὶ

139 1893 193 1928 τῆς
207 1893 405 1929 δικαιοσύνης
420 1896 634 1931 λαμϐάνοντες,
650 1896 685 1923 ὲν
704 1896 760 1931 ζωῇ
780 1897 927 1929 ,Βασιλεύ-

140 1949 230 1968 σουσι
248 1941 299 1968 διὰ
315 1942 369 1969 τοῦ
395 1942 464 1975 ἐνὸς
488 1942 590 1976 Ἰησοῦ
614 1943 754 1977 Χριστοῦ.
770 1944 801 1970 Et
819 1943 848 1970 δὲ
869 1943 927 1974 ἐνὸς

140 1986 282 2022 ἀνθρώπου
306 1987 462 2022 παράϐασις
499 1988 630 2024 ἐκράτυνε
658 1988 706 2015 τοῦ
736 1988 850 2016 θανάτου
878 1989 926 2025 τὴν

140 2032 309 2065 δυναστείαν,
329 2034 354 2059 οἱ
367 2034 416 2066 τὰς
443 2034 574 2068 ἀφθόνους
595 2034 642 2061 τοῦ
658 2034 724 2061 Θεοῦ
743 2035 926 2071 τρυγήσαντες

141 2078 254 2114 δωρεὰς,
267 2079 348 2114 δῆλον
374 2080 415 2106 ὅτι
438 2080 580 2115 κρείττους
593 2080 643 2115 μὲν
659 2079 765 2107 ἔσονται
782 2080 828 2107 τοῦ
845 2080 927 2107 θανά-

140 2133 196 2157 του,
211 2126 405 2161 κοινωνήσουσι
419 2125 447 2152 δὲ
468 2125 506 2161 τῷ
522 2126 632 2162 Χριστῷ
650 2126 700 2162 τῆς
715 2126 867 2163 ἁνωλέθρου
880 2126 928 2162 βα-

142 2171 242 2203 σιλείας
256 2171 304 2198 καὶ
319 2172 369 2206 τῆς
386 2172 495 2199 αίωνζου
512 2172 595 2207 ζωῆς.

176 2221 218 2253 ιη’.
234 2216 312 2252 'Apa
330 2216 387 2245 οὖν
409 2219 449 2251 ὡς
476 2218 513 2245 δι’
538 2218 606 2252 ἑνὸς
630 2218 866 2253 παραπτώματος
884 2221 927 2252 εις

977 979 1116 1014 justitiam
1137 980 1255 1013 servari,
1270 985 1297 1008 et
1312 980 1418 1008 Domini
1434 981 1537 1009 Christi
1551 983 1766 1010 resurrectionis

981 1032 1076 1054 onmes
1099 1025 1227 1054 homines
1253 1034 1314 1055 esse
1339 1027 1496 1062 participes.
1513 1028 1652 1055 Hominem
1676 1034 1766 1056 autem

980 1071 1122 1100 Christum
1149 1073 1295 1100 Dominum
1322 1073 1367 1101 hic
1386 1074 1546 1109 appellavit,
1562 1079 1591 1101 ut
1610 1075 1706 1102 Adami
1722 1081 1766 1110 ty-

981 1126 1045 1149 pum
1062 1118 1185 1154 perfecte
1199 1120 1356 1148 ostenderet
1371 1129 1377 1147 :
1391 1120 1455 1154 quia
1467 1120 1538 1148 sicut
1550 1121 1605 1147 illic
1617 1129 1666 1155 per
1681 1128 1766 1148 unum

981 1163 1119 1191 hominem
1140 1171 1225 1197 mors,
1244 1165 1281 1191 ita
1305 1172 1353 1200 per
1379 1172 1463 1192 unum
1494 1164 1633 1192 hominem
1654 1165 1698 1192 hic
1723 1168 1766 1192 est

981 1210 1078 1238 mortis
1095 1210 1252 1238 dissolutio.

1014 1343 1098 1372 Vens.
1122 1343 1164 1372 l6.
1182 1343 1214 1371 Et
1231 1352 1283 1371 non
1301 1344 1369 1371 sicut
1391 1351 1438 1378 per
1452 1352 1533 1371 unum
1549 1350 1695 1379 peccatum,
1719 1344 1767 1371 Ilo-

980 1397 1064 1416 num:
1089 1397 1151 1416 nam
1173 1389 1308 1424 judicium
1333 1396 1365 1416 ex
1390 1397 1442 1416 uno
1466 1389 1493 1416 in
1511 1389 1765 1419 condemnationem,

979 1435 1068 1470 gratia
1081 1439 1170 1462 autem
1186 1443 1219 1462 ex
1234 1435 1325 1462 multis
1350 1435 1455 1462 delictis
1481 1435 1508 1462 in
1532 1434 1764 1469 justiﬁcalionent.

981 1481 1110 1515 Superat,
1122 1481 1220 1516 inquit,
1233 1482 1327 1516 gratia:
1343 1481 1529 1509 muniﬁcentia
1539 1480 1656 1516 iustitia:
1668 1482 1764 1516 legem.

979 1527 1057 1555 Tunc
1082 1528 1171 1560 enim,
1196 1535 1258 1554 cum
1288 1535 1359 1555 unus
1380 1532 1538 1562 peccasset,
1565 1531 1653 1554 totum
1679 1535 1768 1562 genus

981 1581 1078 1608 poenas
1098 1573 1169 1600 luit:
1184 1581 1258 1600 nunc
1274 1578 1376 1606 autent,
1399 1580 1461 1600 cum
1479 1580 1575 1600 omnes
1594 1572 1720 1601 homines
1737 1580 1767 1600 se

981 1620 1063 1656 impie
1077 1625 1103 1648 et
1128 1620 1221 1656 inique
1244 1623 1391 1655 gererent,
1418 1627 1473 1647 non
1500 1619 1667 1654 supplicium
1693 1619 1766 1646 irro-

979 1669 1064 1704 gavit,
1077 1668 1125 1696 sed
1142 1668 1224 1695 vitam
1241 1666 1364 1694 donavit.

1014 1758 1097 1786 Vsus.
1115 1758 1156 1785 l7.
1170 1758 1200 1785 Si
1212 1757 1281 1784 enim
1297 1757 1375 1784 unius
1392 1756 1490 1784 delicto
1504 1764 1576 1783 mors
1590 1757 1708 1791 regnavit
1721 1763 1767 1790 per

978 1813 1071 1836 unum,
1088 1804 1173 1830 multo
1191 1803 1276 1838 magis
1303 1803 1398 1838 gratiae
1429 1801 1621 1828 abundantiam
1643 1807 1667 1828 et
1679 1801 1765 1828 dona~

979 1851 1059 1878 tionis
1074 1855 1097 1877 et
1108 1850 1227 1884 justitiw
1244 1849 1416 1883 accipientes,
1433 1849 1461 1874 in
1485 1848 1539 1874 rita
1558 1847 1705 1882 regnabant
1721 1855 1767 1882 per

978 1904 1059 1923 unum
1086 1895 1179 1923 Jesum
1208 1895 1354 1923 Christum.
1377 1895 1406 1921 Si
1435 1901 1483 1929 per
1510 1901 1595 1921 unum
1626 1894 1764 1921 hominem

978 1942 1163 1978 transgressio
1179 1943 1276 1970 mortis
1292 1942 1443 1977 potentiam
1460 1941 1642 1974 confirmavit,
1659 1941 1764 1969 clarum

978 1993 1030 2022 est,
1047 1989 1121 2025 quod
1134 1989 1179 2024 qui
1193 1990 1304 2024 copiosa
1319 1988 1363 2017 Dei
1378 1988 1450 2016 dona
1477 1993 1653 2023 acceperunt.
1679 1988 1764 2015 futuri

978 2037 1034 2064 sint
1045 2040 1132 2063 morte
1155 2035 1333 2070 potentiores,
1361 2039 1388 2062 et
1415 2043 1476 2062 cum
1493 2035 1605 2063 Christo
1628 2034 1704 2071 regni
1730 2033 1765 2061 ab

979 2082 1091 2110 interitu
1111 2082 1204 2116 alieni,
1232 2087 1259 2110 et
1277 2081 1338 2109 vim:
1352 2086 1459 2109 mlernae
1476 2081 1634 2117 participes.

1012 2215 1094 2243 Vens.
1117 2214 1161 2242 18.
1181 2214 1269 2250 Igitur
1284 2214 1352 2241 sicut
1365 2221 1411 2248 per
1426 2213 1504 2240 unius
1521 2212 1576 2248 59
1595 2212 1720 2240 delictum
1735 2212 1762 2238 in

140 2262 254 2296 πάντας
275 2264 449 2298 ἀνθρώπους
469 2266 513 2297 εις
540 2264 714 2300 κατάκριμα,
731 2265 806 2292 οὕτω
821 2265 870 2292 καὶ
889 2265 925 2292 δι’

979 2270 1068 2289 omnes
1080 2261 1197 2288 homines
1211 2261 1239 2287 in
1253 2259 1509 2292 condemnationem,
1526 2259 1565 2286 ita
1583 2263 1609 2286 et
1624 2267 1670 2294 per
1683 2259 1763 2285 unius

140 2308 206 2341 ἐνὸς
223 2309 420 2344 δικαιώματος
456 2311 499 2342 εις
532 2309 649 2343 πάντας
677 2310 852 2344 ἀνθρώπους
885 2312 928 2343 εις

140 2354 294 2382 δικαίωσιν
310 2354 394 2388 ζωῆς.
415 2355 460 2391 Μὴ
473 2356 667 2391 ἁμφιῦάλλετε,
688 2357 766 2392 φησὶ,
791 2357 855 2392 ’περί¹
874 2355 927 2383 τῶν

140 2399 203 2434 παρ’
218 2399 287 2435 ἐμοῦ
297 2399 452 2436 λεγομένων
463 2402 502 2432 εις
515 2401 559 2428 τὸν
577 2401 662 2436 Ἀδὰμ
675 2401 883 2433 ἀποϐλέποντες.
896 2402 927 2428 Et

140 2446 193 2480 γὰρ
206 2446 300 2473 ἐκεῖνα
310 2446 410 2482 ἀληθῆ,
421 2446 515 2482 ὥσπερ
529 2445 574 2474 οὖν
588 2448 685 2484 ἀληθῆ,
700 2448 747 2475 καὶ
759 2448 864 2475 ἐκείνου
877 2457 928 2475 πα-

143 2491 326 2527 ραὸεῦηκότος
339 2493 399 2519 ὅλον
414 2493 445 2519 τὸ
460 2493 537 2527 γένος
559 2494 666 2526 ἐδέξατο
682 2493 728 2520 τοῦ
751 2494 865 2521 θανάτου
881 2494 927 2521 τὸν

140 2537 210 2572 ὅρον,
227 2537 341 2572 εῠδηλον
362 2540 398 2569 ὡς
419 2538 436 2573 ἠ
456 2538 502 2564 τοῦ
526 2539 651 2575 Σωτῆρος
670 2538 828 2574 δικαιοσύνη
844 2540 926 2566 πᾶσιν

140 2583 294 2620 ἀνθρώποις
311 2584 534 2619 πραγματεύεται
546 2584 595 2620 τὴν
609 2585 691 2620 ζωήν.
706 2585 760 2611 Καὶ
778 2585 859 2612 πάλιν
870 2585 927 2612 ἐτέ-

140 2637 193 2664 pio;
215 2629 246 2656 τὸ
274 2630 342 2656 αὐτὸ
358 2630 444 2664 λέγει,
475 2630 693 2657 καταποικίλλων
713 2631 758 2656 τὸν
773 2630 863 2664 λόγον,
879 2631 926 2658 καὶ

140 2674 261 2709 συνεχῶς
274 2674 433 2707 ἀνελίττων,
461 2675 503 2701 ἴνα
519 2675 684 2711 σαφέστερον
698 2676 772 2711 ἡμᾶς
788 2675 881 2712 διδάξῃ
895 2676 926 2703 τὸ

139 2722 186 2757 τῆς
195 2721 353 2757 οἰκονομίας
371 2721 458 2757 μυστή
464 2729 528 2756 ριον.

175 2767 216 2793 t0’.
230 2768 349 2802 ’Ὠσπερ
368 2768 424 2802 γὰρ
438 2767 486 2794 διὰ
519 2767 674 2802 παρακοῆς
701 2768 754 2796 τοῦ
778 2769 847 2800 ἐνὸς
872 2769 923 2796 ἀν-

139 2813 266 2846 θρώπου,
291 2813 461 2847 ἁμαρτωλοὶ
487 2813 717 2847 κατεστάθησαν
742 2816 769 2841 οἱ
795 2816 925 2841 πολλοίθ

139 2858 213 2889 οὕτω
225 2858 275 2886 καί
288 2858 339 2885 διὰ
345 2857 401 2893 τῆς
413 2858 549 2893 ὑπακοῆς
557 2858 609 2886 τοῦ
619 2858 698 2892 ἑνὸς,
712 2859 820 2886 δίκαιοι
836 2868 926 2887 κατα-

143 2904 344 2940 ιταθήσονται
359 2905 387 2931 οι
402 2905 460 2931 πολ
471 2905 518 2931 lor’.
537 2903 671 2940 Ἀκριὸῶς
692 2904 807 2932 ἐνταῦθα
819 2905 865 2932 καὶ
880 2906 925 2932 ἐπὶ

975 2307 1113 2341 justitiam
1132 2307 1160 2333 in
1174 2314 1262 2334 omnes
1279 2305 1397 2332 homines
1413 2305 1440 2332 in
1452 2304 1673 2339 justi/icationem
1692 2304 1762 2330 uitta.

977 2354 1018 2381 Ne
1034 2353 1171 2385 dubitate,
1191 2351 1292 2387 inquit,
1306 2351 1340 2378 de
1353 2350 1387 2378 iis
1405 2357 1465 2385 quae
1481 2357 1495 2376 a
1515 2357 1559 2377 me
1571 2349 1713 2381 dicuntur,
1729 2349 1763 2376 ad

979 2399 1115 2426 Adamum
1139 2398 1330 2433 respicientes.
1348 2397 1376 2424 Si
1398 2397 1470 2425 enim
1495 2396 1540 2423 illa
1557 2403 1621 2424 vera
1636 2400 1709 2428 sunt,
1733 2399 1763 2422 ut

979 2445 1060 2480 plane
1076 2448 1152 2477 sunt,
1176 2449 1202 2472 et
1220 2444 1268 2471 illo
1285 2448 1458 2478 transgresso
1489 2442 1648 2470 universum
1677 2448 1763 2476 genus

980 2491 1076 2518 mortis
1092 2491 1179 2525 legem
1191 2491 1325 2525 suscepit,
1338 2491 1444 2517 clarum
1461 2493 1504 2517 est
1515 2489 1588 2524 quod
1607 2487 1762 2516 Servaloris

975 2536 1082 2571 justitia
1099 2537 1182 2563 vitam
1215 2536 1344 2563 omnibus
1374 2535 1533 2562 hominibus
1563 2537 1703 2569 procuret.
1731 2532 1762 2559 [πλι

978 2590 1077 2610 rursus
1095 2581 1148 2608 hoc
1167 2582 1257 2616 ipsum
1279 2581 1359 2608 aliter
1375 2581 1452 2614 dicit,
1476 2581 1630 2608 orationem
1646 2579 1760 2607 varians

977 2633 1006 2656 et
1023 2628 1153 2656 continue
1166 2628 1320 2660 revolvens,
1331 2631 1361 2654 ut
1375 2626 1590 2662 dispensationis
1601 2625 1762 2662 mysterium

977 2683 1027 2703 nos
1042 2675 1164 2711 apertius
1179 2675 1286 2703 doceat.

1013 2764 1097 2792 Vens.
1112 2764 1157 2792 l9.
1170 2764 1245 2792 Sicut
1261 2764 1331 2791 enim
1345 2771 1392 2798 per
1406 2763 1610 2790 inobedicntiam
1628 2763 1705 2789 unius
1716 2761 1763 2788 ho-

978 2811 1057 2837 minis
1069 2815 1219 2845 peccatores
1232 2810 1366 2837 cortstituti
1381 2815 1441 2836 sunt
1453 2809 1586 2841 multi,ita
1598 2813 1675 2842 etper
1684 2808 1762 2833 unius

978 2857 1151 2885 obedientiam
1173 2856 1243 2891 justi
1266 2856 1457 2884 constituentur
1484 2855 1571 2882 multi.
1586 2854 1687 2881 Exaete
1706 2852 1762 2885 hic,

978 2907 1004 2931 et
1020 2904 1047 2931 in
1061 2903 1176 2937 Adamo,
1189 2907 1216 2931 et
1227 2903 1254 2931 in
1266 2904 1364 2938 gratia,
1382 2902 1458 2930 multi
1470 2909 1562 2930 vocem
1578 2900 1680 2937 posuit.
1694 2898 1764 2926 Nam
