2013 3114
260 177 313 213 103

753 171 998 203 TIIEODORETI
1018 169 1187 202 EPISCOPI
1206 172 1389 202 CYRENSIS

1837 172 1888 206 lbi

259 245 287 266 et
301 238 328 265 in
345 235 400 264 illis
416 234 570 262 Invenimus
587 233 694 268 aliquos
713 233 760 268 qui
777 240 792 260 a
813 231 966 266 majoribus
981 238 1046 266 pec-

1102 230 1146 257 τοῦ
1166 231 1260 266 Ἀδὰμ,
1275 231 1320 257 καὶ
1331 231 1376 257 ἐπὶ
1388 231 1437 266 τῆς
1461 231 1583 265 χάριτος,
1599 229 1629 257 τὸ
1644 229 1751 257 πολλοὶ
1769 229 1887 258 τέθεικε.

258 282 329 310 catis
354 281 435 308 alieni
460 279 582 312 fuerunt,
609 283 639 306 ut
663 278 788 310 Abeleln,
804 282 832 305 et
845 277 999 308 Enochum,
1021 280 1049 303 et

257 327 410 360 Noacbum,
421 330 450 353 et
458 324 718 357 Melchisedechum,
732 328 758 351 et
773 322 954 358 patriarchas,
965 326 991 349 et
1001 328 1049 348 eos

257 375 340 402 etiam
353 373 399 409 qui
416 372 442 400 in
465 372 523 406 lege
538 371 604 398 clari
620 371 797 406 insignesque
822 369 900 396 fuere
917 377 924 396 :
942 372 969 395 et
988 371 1049 403 post

257 419 386 455 gratiam,
401 418 481 446 multi
499 417 583 444 vitam
608 417 739 450 injustam
757 420 785 444 et
809 415 972 443 sceleratam
992 420 1050 440 am-

258 466 428 501 plectuntur.
442 463 480 490 ita
493 471 556 490 cum
573 471 620 498 per
630 462 728 489 Adami
741 461 826 488 fatum
846 460 945 488 divinae
958 459 1048 486 incar-

258 511 380 538 nationis
393 516 493 538 causas
506 517 557 536 nos
571 509 723 540 docuisset,
740 508 924 535 incurrentem
939 505 1049 532 dubita-

259 558 359 584 tionem
372 557 496 592 opponit,
509 559 536 584 et
546 556 606 590 ejus
621 555 788 582 solutionem
803 553 920 581 inducit.
930 552 1050 580 Incurrit

259 607 349 630 autem
372 603 454 629 exiis
470 609 530 637 quae
547 601 580 628 ad
606 601 692 636 legem
717 599 866 634 pertinent.
887 606 948 633 quae
977 597 1050 625 inter

258 648 390 675 Adamum
409 653 435 674 et
455 647 616 675 Servatoris
641 647 729 674 nostri
752 646 900 674 adventum
915 645 978 673 data
996 648 1047 672 est.

259 694 291 721 Et
307 694 368 722 ideo
383 694 452 721 dixit
468 693 580 721 divinus
601 692 775 728 Apostolus:

293 785 376 813 Vsus.
392 785 438 812 ‘20.
453 785 507 812 Lex
519 789 608 812 autem
621 785 793 818 subintravit,
806 789 834 812 ut
848 783 994 812 abundaret
1008 783 1050 810 dc-

257 833 360 860 lictum.
379 831 413 858 Ut
441 839 495 858 non
518 839 568 866 pro
583 838 667 858 causa
682 831 783 865 posuit.
807 830 854 858 sed
871 837 903 858 ex
919 836 971 858 suo
985 836 1050 864 pro-

258 878 317 913 prio
330 877 409 904 modo
427 875 568 911 loquendi.
588 875 652 902 Vult
665 880 758 902 autem
780 875 883 907 dicere,
908 874 982 910 quod
999 881 1050 902 nec

259 924 343 958 priori
363 923 472 958 quidem
502 927 626 957 tempore
650 922 796 957 reliquerit
821 922 893 949 Deus
922 921 1048 949 homines

258 978 308 996 sua
320 969 492 1004 providentia
507 968 665 996 destitutos.
677 969 732 1004 60
750 967 804 995 Sed
819 967 922 995 Judaeis
933 967 1047 1002 quidem

258 1013 442 1049 legemdedit,
452 1021 500 1048 per
514 1013 624 1040 illorum
639 1016 731 1040 autem
745 1013 867 1040 studium
884 1019 916 1039 ac
930 1012 1049 1047 diligen—

257 1059 323 1085 tiam
342 1058 452 1093 pietatis
466 1065 576 1092 quoque
592 1057 684 1085 lumen
698 1057 760 1085 aliis
774 1057 901 1092 gentibus
915 1057 1046 1085 ostendit.

257 1104 371 1139 Proprie
395 1107 487 1130 autem
519 1103 612 1138 posuit
637 1103 808 1135 subintravit,
824 1103 955 1138 quoniam
982 1110 1048 1137 pro-

258 1152 347 1182 missi,
377 1150 451 1186 quod
485 1151 579 1178 datum
613 1154 673 1178 erat
709 1150 883 1185 patriarebaz,
921 1149 1048 1177 Christus

257 1203 318 1224 erat
338 1197 423 1224 linis:
447 1206 456 1223 ι
476 1195 505 1224 In
531 1196 637 1224 semine
654 1196 728 1223 enim
750 1200 809 1228 tuo,
824 1195 923 1231 inquit,
937 1195 1049 1222 benedi-

257 1247 354 1270 centur
370 1250 464 1270 omnes
477 1247 571 1277 gentes
587 1245 668 1269 teme
681 1245 712 1269 ¹¹.
736 1250 745 1267 ι
765 1240 839 1268 inter
861 1241 1048 1268 Abrahamum

257 1293 348 1315 autem
371 1291 399 1314 et
423 1286 564 1314 Christum
589 1287 633 1314 lex
657 1285 746 1313 media
758 1286 893 1321 ingressa
915 1289 967 1313 est.
987 1285 1050 1312 llaec

257 1339 349 1362 autem
378 1335 504 1361 exactius
527 1333 638 1368 quidem
655 1332 750 1360 docuit
777 1336 919 1367 peccatum
946 1332 1048 1358 malum

257 1388 342 1408 esse:
365 1380 456 1414 ipsum
480 1385 571 1406 autem
596 1386 773 1414 compescere
802 1385 858 1405 non
885 1378 985 1413 potuit,
1001 1378 1050 1406 sed

257 1426 341 1452 etiam
361 1426 448 1460 magis
463 1425 549 1452 auxit.
571 1423 632 1457 Quo
649 1424 722 1451 enim
739 1423 819 1458 plura
835 1428 972 1458 praecepta
986 1423 1050 1451 data

258 1475 333 1504 sunt,
348 1479 381 1499 eo
397 1472 489 1507 plures
505 1471 741 1506 transgressiones
759 1469 881 1497 fuerunt.
904 1469 958 1497 Sed
979 1469 1050 1498 divi-

258 1526 310 1545 nus
328 1518 478 1553 Apostolus
495 1518 604 1545 brevem
622 1517 787 1545 solutionem
807 1516 915 1544 intulit:
933 1516 983 1543 Ubi
1000 1524 1050 1543 au-

258 1569 308 1592 tem
324 1564 466 1592 abundavit
479 1569 624 1599 peccatum,
641 1563 862 1598 superabundavit
874 1563 979 1598 gratia:
990 1563 1049 1595 Dei,

258 1611 357 1646 inquit,
378 1611 565 1638 beneﬁcentiae
581 1611 776 1637 detrimenan
796 1617 850 1636 non
872 1609 983 1643 attulit;
1000 1609 1048 1637 sed

259 1657 397 1692 insignem
415 1657 476 1690 ejus
491 1656 643 1684 bonitatem
660 1656 747 1691 magis
762 1654 892 1682 ostendit.

295 1702 378 1729 Vens.
389 1702 434 1729 21.
452 1701 497 1734 Ut,
509 1702 576 1728 sicut
590 1701 707 1736 regnavit
721 1705 856 1735 peccatum
869 1708 915 1734 per
928 1705 1048 1732 mortem,

257 1748 296 1774 ita
316 1752 340 1774 et
355 1749 444 1782 gratia
460 1751 548 1781 regnet
563 1755 609 1781 per
621 1746 770 1780 justitiam,
790 1747 816 1772 in
829 1746 909 1772 vitam
923 1750 1050 1772 wternam

257 1801 303 1827 per
330 1792 422 1820 Jesum
446 1793 583 1819 Christum
604 1792 746 1818 Dominum
763 1795 892 1818 nostrum.
910 1789 959 1817 Hic
974 1797 1050 1818 eom-

259 1839 343 1874 plevit
359 1844 451 1874 caput.
480 1838 563 1865 Doeet
584 1841 688 1869 autem,
715 1837 788 1872 quod
807 1837 1048 1871 sieutpeccatum,

259 1887 332 1922 quod
351 1890 464 1914 mortem
483 1886 599 1920 peperit,
614 1884 738 1920 regnavit
758 1884 785 1911 in
805 1884 969 1911 mortalibus
988 1891 1051 1910 cor-

260 1933 384 1968 poribus,
399 1932 482 1959 anitni
497 1936 587 1959 motus
599 1931 632 1958 ad
651 1930 892 1958 ilnmoderantiam
909 1930 1027 1958 incitans
1041 1940 1048 1958 :

260 1980 298 2006 ita
320 1979 413 2014 gratia.
431 1979 579 2014 justitiam,
599 1980 608 1989 ‘
626 1985 686 2013 quae
700 1985 748 2012 per
765 1977 845 2005 [idem
865 1981 917 2010 est,
934 1977 1051 2004 creden-

261 2027 333 2054 tibus
347 2026 456 2061 largita,
473 2032 527 2053 non
549 2025 631 2052 habet
651 2032 766 2060 regnum
790 2028 915 2059 tempore
938 2029 1050 2059 peccato

259 2072 374 2106 aequale,
385 2070 432 2098 sed
448 2075 591 2102 mternum,
608 2073 635 2098 et
649 2070 708 2097 sine
729 2069 793 2097 ﬁne.
815 2067 961 2097 Peccatum
977 2070 1050 2096 enim

260 2119 423 2154 corporibus
436 2118 600 2152 imperabat.
613 2125 710 2144 eorum
724 2121 816 2145 autem
832 2120 919 2144 morte
932 2124 946 2143 a
965 2124 1051 2151 regno

259 2164 398 2192 cessabat.
417 2173 427 2190 ι
446 2163 498 2196 Qui
512 2163 585 2191 enim
606 2167 733 2190 mortuus
749 2167 803 2196 est,
821 2167 851 2190 ut
874 2163 912 2190 ait
940 2163 1052 2191 divinus

260 2210 418 2245 Apostolus,
436 2217 450 2236 a
467 2213 579 2244 peccato
596 2209 766 2244 justiﬁeatus
788 2213 830 2237 est
847 2214 870 2237 ιι.
893 2218 903 2235 ι
921 2209 974 2237 Sed
989 2212 1052 2244 post

1100 277 1155 304 Καὶ
1170 277 1224 312 γὰρ
1241 277 1270 303 ὲν
1285 276 1401 308 ἐκείνοις
1416 276 1578 312 εὑρίσκομέν
1591 284 1666 308 τινας
1684 276 1825 311 κρείττους
1833 277 1889 304 τῶν

1101 321 1232 358 μειζόνων
1243 323 1448 358 ἁμαρτημάτων
1460 322 1671 358 γεγενημένους,
1684 323 1721 354 ὡς
1736 323 1781 349 τὸν
1795 322 1888 356 Ἅϐελ,

1100 367 1148 393 καὶ
1166 366 1211 393 τὸν
1230 366 1326 402 Ἑνὼχ,
1344 367 1392 394 καὶ
1419 367 1464 394 τὸν
1489 367 1561 399 Νῶε,
1587 367 1694 394 καὶτὸν
1709 367 1888 403 Μελχισεδὲκ,

1100 413 1220 444 καὶτοὺς
1238 413 1420 449 πατριάρχας,
1444 413 1491 439 καὶ
1514 413 1606 449 μέντοι
1625 413 1672 440 καὶ
1691 413 1754 445 τοὺς
1775 414 1803 441 ὲν
1815 415 1891 451 νόμῳ

1099 458 1321 494 διαλάμψαντας”
1340 460 1388 486 καὶ
1406 459 1476 494 μετὰ
1493 459 1542 494 τὴν
1564 459 1655 494 χάριν,
1669 459 1723 486 stat
1734 459 1827 486 πολλοὶ
1844 460 1890 486 τὸν

1100 505 1260 539 παράνομον
1275 505 1460 540 ἀσπαζόμενοι
1485 504 1551 540 βίον.
1567 504 1660 536 Οὕτως
1678 505 1733 531 ἀπὸ
1749 505 1802 532 τῶν
1818 506 1891 532 κατὰ

1099 551 1144 578 τὸν
1164 551 1250 586 Ἀδὰμ
1265 551 1315 583 τὰς
1329 552 1418 583 αίτίας
1433 552 1506 587 ἡμᾶς
1524 551 1632 583 διδάξας
1654 551 1702 586 τῆς
1724 551 1800 583 θείας
1814 552 1891 578 ἐναν-

1101 597 1280 632 θρωπήσεως,
1295 598 1326 624 τὸ
1341 597 1482 634 ὑφορμοῦν
1504 597 1667 632 ἀντιτίθησι,
1683 597 1732 624 καὶ
1743 597 1793 634 τὴν
1812 597 1891 624 λύσιν

1100 644 1213 678 ἐπάγει·
1228 644 1346 680 ὑφορμεῖ
1361 644 1389 671 δὲ
1414 644 1448 671 τὰ
1464 644 1535 671 κατὰ
1552 644 1597 670 τδν
1623 644 1717 680 νόμον,
1733 644 1763 676 ὃς
1787 644 1890 680 μεταξὺ

1099 690 1147 717 τοῦ
1162 699 1192 717 τε
1209 691 1295 726 Ἀδὰμ
1305 691 1352 718 καὶ
1367 692 1416 727 τῆς
1424 690 1471 718 τοῦ
1482 691 1607 726 Σωτῆρος
1618 691 1780 726 ἐπιφανείας
1794 691 1886 727 ἐδόθη.

1099 736 1145 763 Διὸ
1156 737 1202 764 καὶ
1217 737 1230 763 ό
1243 736 1314 768 θεῖος
1334 737 1493 769 Ἀπόστολος
1506 737 1568 772 ἔφη·

1136 785 1169 809 κ’.
1187 783 1283 817 Νόμος
1310 782 1344 809 δὲ
1374 783 1588 817 παρεισῆλθεν,
1612 783 1661 810 ἵνα
1680 783 1840 818 πλεονάσῃ
1856 783 1890 811 τὸ

1100 828 1294 863 παράπτωμα.
1306 829 1343 855 Τὸ
1361 829 1389 856 δὲ
1412 829 1463 856 ἵνα
1487 829 1537 856 οὐκ
1566 829 1612 856 ἐπὶ
1639 829 1727 862 αἰτίας
1757 830 1890 861 τέθεικεν,

1101 874 1170 901 ἀλλὰ
1185 874 1255 901 κατὰ
1269 874 1300 900 τὸ
1320 875 1418 902 οἰκεῖον
1452 875 1568 910 ίδίωμα·
1599 875 1724 910 βούλεται
1745 876 1773 903 δὲ
1791 877 1891 910 εἰπεῖν,

1101 920 1139 952 ὡς
1160 920 1219 947 οὐδὲ
1241 920 1310 947 κατὰ
1335 920 1381 948 τὸν
1408 920 1562 956 ἔμπροσθεν
1579 921 1675 957 χρόνον
1702 922 1892 958 ἀτημελήτους

1099 967 1190 993 είασεν
1205 967 1219 993 ὀ
1235 966 1302 998 Θεὸς
1324 968 1387 999 τοὺς
1414 967 1593 1002 ἀνθρώπους·
1627 968 1696 995 ἀλλὰ
1719 968 1818 995 δέδωκε
1842 970 1892 1004 μὲν

1106 1013 1244 1045 Ἰουδαίοις
1258 1014 1304 1040 τὸν
1317 1014 1411 1049 νόμον,
1427 1014 1472 1041 διὰ
1487 1014 1515 1041 δὲ
1530 1014 1580 1050 τῆς
1595 1015 1706 1042 ἐκείνων
1721 1015 1891 1050 ἐπιμελείας,

1099 1061 1212 1092 καὶτοῖς
1229 1061 1319 1091 ἄλλοις
1338 1061 1443 1088 ἔθνεσιν
1460 1061 1604 1088 ὺπεδείκνυ
1628 1062 1676 1097 τῆς
1700 1061 1840 1094 εὐσεῦείας
1862 1061 1893 1088 τὸ

1099 1107 1168 1142 φῶς.
1185 1107 1296 1143 Κυρίως
1307 1107 1335 1134 δὲ
1347 1107 1377 1134 τὸ
1389 1106 1572 1142 παρεισῆλθε
1586 1107 1718 1140 τέθεικεν,
1735 1107 1829 1143 ἐπειδὴ
1842 1107 1892 1143 τῆς

1099 1153 1138 1188 τῷ
1146 1154 1302 1190 πατριάρχῃ
1323 1153 1447 1189 δοθείσης
1466 1154 1641 1189 ὑποσχέσεως
1657 1155 1670 1181 ὸ
1681 1155 1797 1190 Χριστὸς
1811 1152 1846 1190 ἦν
1861 1154 1892 1182 τὸ

1098 1200 1183 1232 τέλος.
1199 1209 1208 1225 ι
1220 1200 1263 1226 Ἐν
1280 1201 1333 1235 γὰρ
1345 1199 1384 1235 τῷ
1398 1200 1538 1235 σπέρματί
1558 1208 1616 1233 σου,
1633 1201 1725 1236 φησὶν,
1742 1201 1893 1237 εὐλογηθή-

1101 1254 1176 1272 σεται
1191 1245 1280 1272 πάντα
1292 1246 1326 1272 τὰ
1340 1246 1403 1282 ἔθνη
1419 1246 1469 1281 τῆς
1479 1247 1541 1280 γῆς.
1559 1255 1568 1272 ι
1583 1246 1638 1273 Τοῦ
1654 1246 1684 1273 δὲ
1705 1247 1830 1282 Ἀϐραὰμ
1844 1247 1893 1274 καὶ

1099 1290 1146 1317 τοῦ
1171 1290 1288 1326 Χριστοῦ
1317 1290 1398 1325 μέσος
1414 1290 1599 1326 παρεισῆλθεν
1623 1292 1638 1318 6
1658 1291 1749 1327 νόμος.
1767 1290 1850 1324 Οὗτος
1864 1292 1893 1319 δὲ

1100 1337 1203 1368 ἐδίδαξε
1232 1336 1280 1371 μὲν
1309 1337 1516 1372 ἀκριὸέστερον,
1545 1337 1587 1364 ὅτι
1613 1338 1697 1364 κακὸν
1713 1339 1730 1373 η
1749 1338 1893 1373 άμαρτία’

1100 1383 1204 1410 παῦσαι
1215 1383 1244 1410 δὲ
1258 1383 1360 1418 ταύτην
1370 1383 1421 1410 οὐκ
1438 1383 1560 1418 ἴσχυσεν,
1579 1383 1646 1410 ἀλλὰ
1662 1384 1708 1410 καὶ
1727 1383 1788 1410 λίαν
1805 1381 1894 1418 ἐπηύ-

1101 1428 1192 1463 ξησεν.
1209 1429 1284 1464 ’Ὸσῳ
1298 1429 1352 1464 γὰρ
1369 1429 1480 1461 πλείους
1496 1429 1627 1465 ἐδόθησαν
1642 1429 1758 1462 ἐντολαὶ,
1774 1427 1896 1464 τοσούτῳ

1101 1474 1210 1506 πλείους
1232 1476 1259 1502 αἱ
1291 1475 1463 1511 παραϐάσεις
1489 1474 1619 1509 ἐγίνοντο,
1644 1474 1712 1502 ἀλλὰ
1731 1475 1780 1510 τὴν
1792 1473 1894 1501 λύσινό

1101 1521 1170 1552 θεῖος
1187 1521 1349 1553 Ἀπόστολος
1369 1521 1495 1556 ἐπήγαγε
1511 1520 1655 1556 σύντομον·
1678 1519 1719 1548 Οὔ
1739 1520 1774 1547 δὲ
1787 1521 1896 1548 ἐπλεό-

1064 1577 1086 1607 c
1101 1574 1208 1595 νασεν,
1225 1567 1245 1601 ὴ
1275 1566 1412 1602 ἁμαρτία,
1441 1566 1740 1600 ὑπερεπερίσσευσεν
1760 1566 1779 1598 ἠ
1795 1565 1895 1599 χάρις·⁴

1102 1613 1160 1639 Οὐκ
1173 1613 1334 1648 ἐλυμήνατο,
1351 1612 1428 1647 φησὶ,
1442 1613 1475 1647 τῇ
1488 1611 1535 1638 τοῦ
1546 1610 1614 1637 Θεοῦ
1636 1610 1776 1646 φιλοτιμίᾳ
1786 1618 1792 1625 ·
1809 1610 1895 1644 ἔδειξε

1101 1657 1128 1684 δὲ
1143 1657 1243 1692 μᾶλλον
1258 1658 1307 1692 τῆς
1321 1657 1490 1691 άγαθότητος
1500 1656 1550 1691 τὴν
1562 1655 1727 1692 ὑπερϐολήν.

1137 1706 1189 1729 κα’.
1206 1703 1274 1730 Ἵνα
1299 1702 1401 1736 ὥσπερ
1413 1701 1616 1729 ἐϐασίλευσεν
1635 1701 1654 1735 ὴ
1668 1701 1795 1736 ἁμαρτία
1809 1701 1844 1729 ἐν
1854 1699 1896 1735 τῷ

1101 1748 1237 1782 θανάτῳ·
1255 1748 1332 1775 οὕτω
1347 1748 1397 1775 καὶ
1425 1749 1444 1782 ἡ
1460 1747 1547 1782 χάρις
1570 1747 1744 1780 ,βασιλεύσῃ
1771 1746 1821 1774 διὰ
1849 1747 1894 1774 δι-

1102 1793 1278 1826 καιοσύνης,
1296 1793 1340 1826 εἷς
1355 1791 1432 1826 ζωὴν
1445 1791 1566 1819 αἰώνιον
1578 1791 1626 1819 διὰ
1648 1791 1744 1825 Ἰησοῦ
1760 1791 1892 1826 Χριστοῦ

1101 1839 1155 1866 τοῦ
1170 1840 1280 1874 Κυρίου
1297 1838 1391 1874 ήμῶν,
1408 1838 1543 1866 Ἐνταῦθα
1571 1838 1766 1874 συνεπλήρωσε
1797 1838 1828 1865 τὸ
1851 1847 1896 1865 κε-

1102 1885 1225 1920 φάλαιον.
1241 1885 1368 1911 Διδάσκει
1392 1884 1431 1915 δὲ,
1461 1885 1512 1917 ὅτι,
1527 1883 1654 1919 καθάπερ
1669 1884 1685 1919 ἡ
1706 1884 1839 1919 ἁμαρτία,
1854 1892 1895 1910 τε-

1102 1931 1188 1958 κοῦσα
1199 1930 1244 1957 τὸν
1259 1930 1385 1962 θάνατον,
1407 1931 1435 1957 ὲν
1454 1931 1509 1961 τοῖς
1539 1929 1645 1965 θνητοῖς
1666 1929 1824 1957 ἐϐασίλευσε
1840 1931 1894 1959 σώ-

1104 1986 1196 2013 μασιν,
1209 1978 1248 2008 είς
1261 1976 1394 2011 ἀμετρίαν
1410 1975 1598 2011 ἐκκαλουμένη
1611 1975 1644 2002 τὰ
1671 1975 1744 2012 πάθη
1758 1984 1764 1990 ·
1779 1974 1865 2008 οὕτως
1877 1978 1894 2012 ἡ

1102 2023 1192 2059 χάρις,
1205 2022 1254 2058 τὴν
1276 2022 1320 2049 διά
1349 2021 1469 2054 πίστεως
1485 2022 1657 2057 δικαιοσύνην
1672 2023 1727 2053 τοῖς
1746 2031 1894 2049 πεπιστευ-

1103 2069 1162 2095 κόσι
1175 2068 1369 2104 δωρησαμένη,
1391 2068 1442 2102 οὐχ
1470 2067 1618 2104 ὁμόχρονον
1639 2067 1696 2103 ἔχει
1718 2069 1751 2103 τῇ
1773 2068 1896 2104 ἁμαρτίᾳ

1102 2114 1151 2149 τὴν
1167 2113 1316 2150 βασιλείαν,
1328 2113 1384 2140 ἀλλ’
1411 2112 1519 2140 αἰώνιόν
1539 2121 1568 2139 τε
1586 2113 1633 2140 καὶ
1652 2113 1840 2150 ἀτελεύτητον.
1862 2114 1895 2141 Ἦ

1105 2160 1154 2195 μὲν
1177 2160 1231 2195 γὰρ
1258 2160 1370 2195 ἐκράτει
1389 2159 1535 2194 σωμάτων,
1560 2159 1599 2194 τῷ
1623 2159 1651 2186 δὲ
1668 2161 1771 2186 τούτων
1787 2160 1894 2195 θανάτῳ

1103 2206 1153 2240 τῆς
1166 2203 1304 2240 βασιλείας
1319 2205 1446 2232 ἐπαύετο.
1463 2206 1513 2231 (Ὀ
1524 2205 1579 2241 γὰρ
1595 2205 1752 2238 ἀποθανὼν,
1764 2206 1834 2233 κατὰ
1849 2206 1894 2232 τὸν

260 2256 504 2288 resurrectionem,
528 2263 590 2283 cum
607 2263 623 2282 a
649 2256 828 2290 corruptione
854 2255 943 2283 aliena
959 2259 986 2283 et
1001 2255 1049 2282 im-

1105 2252 1174 2279 θεῖον
1191 2252 1363 2284 ’Λπόστολον,
1386 2252 1558 2278 δεδικαίωται
1580 2252 1634 2279 ἀπὸ
1648 2253 1697 2287 τῆς
1717 2252 1864 2288 ἁμαρτίας.
1881 2261 1890 2278 ο

262 2303 387 2330 mortalia
412 2309 529 2337 corpora
553 2306 648 2329 nostra
675 2302 789 2335 fuerint,
811 2302 938 2337 regnabit
963 2302 988 2329 in
1009 2302 1050 2329 eis

261 2348 358 2383 gratia,
369 2353 480 2383 peccato
493 2348 600 2375 nullum
612 2348 743 2383 deinceps
755 2348 845 2375 locum
856 2347 908 2383 61
921 2347 1048 2375 habente.

263 2394 314 2422 Ubi
329 2394 402 2421 enim
427 2393 652 2427 perturbationes
677 2393 763 2420 animi
793 2393 976 2425 cessaverint,
994 2401 1049 2420 non

260 2440 312 2468 erit
322 2440 398 2467 locus
413 2443 537 2475 peccato.
553 2438 659 2466 Deinde
675 2446 773 2466 rursus
799 2438 880 2466 aliam
908 2447 1051 2474 emergen-

261 2490 314 2512 tem
334 2484 532 2512 dubitationem
558 2484 699 2520 proponit,
717 2489 742 2512 et
766 2483 840 2511 nullo
864 2484 972 2519 negotio
991 2485 1050 2511 dis-

261 2529 350 2557 solvit.

559 2573 674 2601 CAPUT
707 2573 750 2601 VI.

297 2618 380 2647 Vens.
398 2620 423 2646 i.
440 2619 509 2652 Quia
529 2627 590 2654 ergo
609 2620 744 2647 dicemus?
758 2620 920 2647 manebimus
944 2621 970 2647 in
992 2629 1052 2655 pec-

261 2669 332 2697 cato,
347 2669 375 2691 ut
392 2665 481 2698 gratia
503 2663 639 2692 abundet?
654 2664 747 2691 Absit!
763 2664 912 2701 Negatione
925 2673 1007 2700 quam
1025 2665 1051 2693 id

262 2712 300 2738 sit
313 2709 463 2738 absurdum
476 2710 607 2738 ostendit.
626 2710 683 2738 Hoc
703 2714 793 2738 autem
819 2711 911 2746 posuit
939 2715 1051 2746 propter

263 2755 290 2783 id
304 2755 377 2791 quod
390 2755 446 2791 jam
461 2759 525 2783 ante
535 2756 638 2784 dictum
650 2761 701 2788 est,
717 2766 726 2782 ‹
742 2755 792 2784 Ubi
813 2757 964 2785 abundavit
985 2766 1049 2793 pee-

261 2806 363 2834 catum,
392 2802 624 2837 superabundavit
641 2803 739 2838 gratia.
761 2812 770 2829 ι
803 2802 864 2831 Non
893 2804 932 2831 illi
958 2808 1048 2832 autem

298 2902 316 2916 "
337 2899 405 2930 Gen.
419 2907 484 2928 xxvt
496 2921 503 2935 ,
520 2901 547 2928 4.
587 2905 600 2919 ἰ
620 2901 698 2929 Rom.
719 2909 742 2928 vr
757 2922 764 2935 ,
781 2901 806 2928 7.

1105 2299 1183 2326 Μετὰ
1196 2299 1224 2325 δέ
1238 2307 1269 2333 γε
1287 2299 1336 2335 τὴν
1350 2299 1510 2331 ἀνάστασιν,
1528 2298 1676 2334 ἀφθάρτων
1691 2307 1719 2325 τε
1737 2299 1784 2326 καὶ
1792 2299 1894 2326 ἀθανά-

1104 2353 1157 2372 των
1172 2345 1225 2372 τῶν
1241 2345 1383 2381 ἡμετέρων
1410 2345 1559 2380 γινομένων
1581 2345 1726 2380 σωμάτων,
1745 2346 1852 2381 ὴχάρις
1867 2347 1894 2373 ἐν

1104 2390 1195 2423 αὐτοῖς
1214 2391 1380 2426 βασιλεύσει,
1390 2391 1520 2426 οὐδεμίαν
1531 2391 1625 2418 λοιπὸν
1641 2391 1733 2427 χώραν
1744 2391 1794 2426 τῆς
1806 2393 1894 2428 ἀμαρ-

1103 2437 1164 2470 τῐας
1187 2438 1311 2473 ἐχούσης.
1340 2437 1400 2464 Τῶν
1425 2437 1479 2472 γὰρ
1505 2436 1600 2463 παθῶν
1623 2437 1817 2473 πεπαυμένων,
1845 2438 1894 2472 οὐχ

1103 2482 1158 2514 ἕξει
1177 2482 1269 2517 χώραν
1286 2483 1302 2517 ὴ
1319 2482 1451 2518 ἁμαρτία.
1465 2479 1532 2508 Εἶτα
1550 2482 1631 2508 πάλιν
1649 2483 1745 2517 ἑτέραν
1757 2483 1894 2510 ἀντίθεσιν

1102 2528 1312 2556 ἀνακύπτουσαν
1329 2529 1374 2554 καὶ
1388 2528 1488 2562 τίθησι,
1503 2528 1550 2554 καλ¹
1570 2528 1672 2555 διαλύει
1689 2528 1801 2564 ῥᾳδίως.

1370 2573 1566 2600 ΚΕΦΑΛΑΙΟΝ
1586 2575 1629 2608 ς’.

1138 2629 1172 2647 α.
1190 2620 1221 2647 Τί
1233 2617 1290 2647 οὖν
1305 2619 1451 2655 ἐροῦμεν;
1470 2621 1671 2655 ἐπιμενοῦμεν
1694 2620 1732 2654 τῇ
1756 2621 1893 2656 ἁμαρτίᾳ,

1102 2667 1153 2693 ἵνα
1168 2666 1187 2700 ἡ
1207 2665 1293 2700 χάρις
1319 2665 1497 2700 mle-order);
1516 2666 1564 2700 Μὴ
1585 2667 1700 2701 γένοιτο
1710 2667 1720 2693 .'
1734 2667 1773 2702 Τῇ
1789 2667 1895 2700 ἀπαγο-

1106 2711 1196 2748 ρεύσει
1209 2711 1240 2737 τὸ
1258 2712 1357 2739 ἄτοπον
1369 2712 1463 2745 ἔδειξε.
1480 2711 1592 2739 Τέθεικε
1604 2712 1632 2739 δὲ
1649 2712 1728 2739 τοῦτο
1741 2713 1784 2739 διὰ
1795 2713 1825 2739 τὸ
1843 2713 1894 2748 ἥδη

1105 2757 1324 2794 προειρημένον·
1358 2768 1367 2783 ι
1396 2758 1484 2785 Ὅπου
1513 2758 1676 2786 ἐπλεόνασεν
1706 2759 1722 2794 ὴ
1751 2759 1893 2795 ἁμαρτία,

1107 2804 1372 2839 ὑπερεπερίσσευσεν
1385 2806 1401 2839 ὴ
1418 2805 1508 2840 χάρις.
1524 2815 1532 2830 ι
1549 2805 1606 2832 Οὐκ
1620 2805 1741 2840 ἠρκέσθη
1757 2805 1850 2841 μέντοι
1859 2805 1893 2840 τῇ
