2013 3114
235 169 286 202 123

725 168 969 200 THEODORETI
982 165 1164 198 'EPISCOPI
1179 168 1362 199 CYRENSIS

1817 165 1868 199 1‘25

239 225 346 262 peccati
367 224 562 262 cognitionem,
578 225 625 253 sed
644 229 789 262 postquam
805 225 839 253 ab
855 224 900 252 illa
917 228 1024 259 pertur-

1083 223 1126 258 τῆς
1145 223 1283 258 ἁμαρτίας
1295 232 1303 239 ·
1322 223 1391 258 μετᾶ
1405 222 1433 250 δέ
1448 231 1479 258 γε
1493 223 1542 259 τὴν
1560 223 1665 251 παῦλαν
1679 223 1726 250 τοῦ
1749 223 1866 252 πάθουιν

234 271 346 300 batione
361 271 506 306 quieverit,
526 271 590 299 mali
617 275 683 298 tuttc
697 277 809 299 sensum
824 270 937 304 accipit.
961 267 1024 296 Non

235 318 305 345 enim
318 317 387 352 quod
405 317 464 344 volo
488 317 536 344 Ιιοι·
551 325 610 352 ago,
636 317 682 344 sed
703 315 774 352 quod
798 316 843 343 odi
860 316 928 343 illud
941 315 1023 350 facio.

237 363 296 391 Hoc
312 371 327 390 a
340 363 397 399 lege
413 363 526 398 pulchre
538 362 654 390 eiiicilur
668 371 675 390 :
694 370 791 398 nempe
804 367 833 390 ut
847 362 946 389 doceat
960 361 1025 396 quid

235 410 274 436 sit
288 409 401 440 malum,
422 413 450 436 et
466 409 526 443 ejus
540 408 633 435 odium
654 407 751 435 anima:
773 407 888 434 inserat.
911 406 961 434 Illa
979 413 1027 433 au-

238 460 303 486 tem,
321 454 389 490 quod
405 463 456 481 non
471 455 538 487 volo,
553 458 580 481 et
593 454 662 489 quod
678 454 732 487 odi,
749 462 803 481 non
820 453 1025 484 necessitatem,

238 502 286 528 sed
305 501 520 528 imbecillitatem
538 500 706 536 signiﬁcant.
732 500 791 528 Non
806 501 879 528 enim
906 499 1029 527 necessi-

240 551 304 578 tate,
322 550 369 574 aut
386 546 411 574 vi
427 547 519 582 aliqua
539 546 650 582 impulsi
668 554 826 581 peccamus.
844 546 891 574 sed
915 554 930 573 a
947 546 1027 573 volu-

240 597 314 628 ptate
341 593 449 620 deliniti
474 593 591 621 facimus
618 601 678 628 qua:
706 597 736 621 ut
762 593 898 628 ﬂagitiosa
924 593 1028 621 abhor-

241 647 346 667 remus.

278 685 361 713 Vitas.
380 685 421 713 i6.
438 685 468 713 Si
483 690 571 713 autent
588 686 657 722 quod
673 686 734 713 nolo
750 686 817 713 illud
844 685 914 720 facio
927 705 934 718 ,
964 693 1028 712 con-

242 731 326 757 untio
345 730 397 766 legi
412 730 482 766 quod
498 731 564 758 bona
582 736 632 758 est.
657 731 725 758 illud
748 732 820 758 enim
836 731 951 762 odium,
974 738 1029 766 quo

243 776 270 802 in
287 782 427 811 peccatum
446 777 565 810 aiiicior,
590 785 605 805 a
623 778 681 813 lege
698 778 802 813 accepi.
823 778 921 814 Legem
937 778 1030 813 itaque

243 820 370 853 defendo.
386 827 413 850 et
428 830 486 851 eam
504 827 577 851 recte
590 823 690 851 habere
708 822 807 851 fateor.

1076 269 1125 304 τὴν
1138 269 1264 304 αἴσθησιν
1282 269 1388 304 δέχεται
1413 269 1459 296 τοῦ
1482 269 1576 297 κακοῦ.
1599 271 1640 297 Οὐ
1664 269 1719 305 γὰρ
1739 269 1754 296 ὃ
1779 269 1866 303 θέλω,

1077 314 1164 342 τοῦτο
1177 313 1316 349 πράσσω,
1331 315 1400 342 ἀλλ’
1414 315 1430 342 ὃ
1440 315 1520 350 μισῶ
1530 316 1563 348 ⁸⁸,
1582 316 1669 344 τοῦτο
1683 315 1766 343 ποιῶ.
1781 315 1868 343 Τοῦτο

1077 361 1123 388 τοῦ
1135 361 1218 396 νόμου
1241 361 1408 397 κατόρθωμα
1419 382 1426 393 ,
1442 362 1472 388 τὸ
1491 362 1596 394 διδάξαι
1612 363 1638 389 τί
1655 362 1685 389 τὸ
1702 363 1804 396 κακὸν,
1821 363 1868 389 καὶ

1079 407 1156 441 μῖσος
1175 406 1292 433 ἐνθεῖναι
1310 408 1343 442 τῇ
1360 407 1433 443 ψυχῇ
1465 408 1529 443 περὶ
1552 408 1631 434 τοῦτο
1641 408 1672 436 ⁸⁸.
1698 408 1735 434 Τὸ
1763 407 1866 443 μέντοι,

1078 451 1094 479 ὀ
1106 453 1142 479 οὺ
1153 452 1241 485 θέλω,
1258 454 1314 486 καὶ,
1330 453 1346 479 ὃ
1361 453 1452 488 μισῶ,
1473 454 1523 480 οὐκ
1539 453 1701 488 ἀνάγκης⁷⁰,
1719 454 1776 481 ἀλλ’
1788 454 1868 481 ἀσθε-

1078 498 1151 530 νείας
1163 498 1311 534 δηλωτικά.
1330 497 1368 526 Οὐ
1391 499 1445 534 γὰρ
1462 499 1506 525 ὑπ’
1520 499 1644 534 ἀνάγκης
1660 499 1731 531 τινος
1743 499 1791 526 καὶ
1808 499 1868 534 βίας

1079 544 1228 580 ὠθούμενοι
1257 545 1490 581 πλημμελοῦμεν,
1522 546 1579 572 ἀλλ’
1612 545 1664 572 ὑπὸ
1692 547 1742 580 τῆς
1769 545 1868 581 ἡδονῆς

1081 593 1307 629 καταθελγόμενοι
1333 593 1464 629 ποιοῦμεν
1489 594 1561 629 ἅπερ
1583 593 1621 624 ὡς
1641 593 1790 629 παράνομα
1808 592 1868 628 βδε-

1079 638 1158 665 λυττό
1162 638 1238 673 μεθα.

1116 687 1164 717 ις’.
1179 685 1213 712 El
1230 684 1263 710 δὲ
1276 684 1291 711 ὅ
1307 685 1343 711 οὐ
1356 684 1432 712 θέλω
1450 684 1516 719 ἐγὼ,
1530 684 1618 711 τοῦτο
1632 684 1717 718 ποιῶ,
1731 684 1869 724 σύμφημι

1080 730 1120 762 τῷ
1137 731 1227 764 νόμῳ,
1246 729 1289 756 ὅτι
1308 730 1411 763 καλός.
1429 730 1499 756 Αὺτδ
1526 730 1580 765 γὰρ
1603 729 1633 756 τὸ
1658 731 1746 764 μῖσος,
1767 728 1781 755 ὃ
1805 729 1869 764 περὶ

1080 775 1128 811 τὴν
1153 775 1289 811 ἁμαρτίαν
1313 775 1386 811 ἔχω,
1413 776 1488 811 παρὰ
1514 775 1560 802 τοῦ
1587 776 1671 811 νόμου
1689 774 1779 802 λαϐὼν
1796 774 1866 810 ἔχω.

1082 821 1185 848 οὐκοῦν
1202 821 1344 858 συνηγορῶ
1355 821 1393 856 τῷ
1409 821 1494 856 νόμῳ,
1513 821 1560 848 καὶ
1575 819 1603 848 εὖ
1621 821 1700 850 αὑτὸν
1718 820 1789 856 ἔχειν
1802 820 1869 855 ὁμο-

1081 867 1162 902 λογῶ.

281 910 362 938 Vens.
380 912 422 938 17.
443 910 520 938 Nunc
536 916 622 938 autem
634 912 692 946 jam
709 921 761 939 non
778 921 825 948 ego
845 920 938 947 operor
950 913 1029 946 illud,

1119 915 1163 946 ιζ’.
1188 914 1263 941 Νυνὶ
1285 913 1319 940 δὲ
1342 913 1442 940 οὐκέτι
1474 913 1531 948 ἐγὼ
1551 903 1870 948 κατεργθάζομίιὶάῠτὸ,

245 956 289 984 sed
303 957 370 991 quod
385 958 488 984 habitat
503 955 529 984 in
546 967 586 985 me
600 964 746 994 peccatum.
764 958 826 986 Haec
843 960 1032 987 declarationc

243 1006 271 1029 et
288 1002 415 1036 pluribus
435 1003 525 1031 verbis
551 1003 684 1039 indigent.
702 1004 808 1039 Corpus
829 1005 944 1032 mortale
965 1005 1032 1032 elic-

242 1053 317 1075 ctunt
338 1054 398 1083 post
426 1050 558 1084 pra-cepli
586 1051 849 1085 transgressionem,
868 1051 952 1078 animi
973 1059 1034 1078 mo-

244 1098 288 1121 tus
303 1098 330 1121 ct
352 1094 512 1122 aliectiones
535 1096 668 1131 suscepit.
687 1096 744 1123 Sub
761 1097 804 1124 his
818 1098 892 1124 enim
911 1105 1033 1132 praesens

243 1140 299 1166 vita
314 1140 450 1168 subsistit.
467 1141 535 1176 Eget
549 1142 622 1168 enim
645 1143 798 1177 cupiditate
811 1163 818 1174 .
836 1151 890 1170 non
909 1144 1031 1171 alimenti

244 1190 349 1212 tantum
370 1194 454 1213 causa
466 1207 473 1218 ,
497 1187 543 1214 sed
561 1192 587 1214 ct
603 1187 750 1216 liberorum
768 1190 969 1224 procreationis
981 1211 988 1222 ,
1006 1195 1033 1218 et

242 1231 428 1265 agricultura‘,
437 1235 464 1258 et
474 1232 587 1258 aliarum
596 1231 650 1267 77
659 1233 758 1259 artium
770 1234 868 1268 gratia.
880 1234 943 1262 Haec
957 1234 1031 1261 enim

242 1277 266 1304 si
283 1285 338 1305 non
355 1283 428 1304 esset
440 1297 447 1308 ,
473 1278 542 1305 nihil
557 1278 657 1306 horum
673 1280 850 1306 consisteret.
871 1280 932 1307 llaec
952 1280 1033 1308 nobis

242 1324 324 1351 etiam
341 1324 375 1351 ad
391 1325 472 1352 vitam
486 1333 517 1352 ex
544 1325 646 1352 virtute
671 1325 867 1353 instituendam
888 1327 1030 1354 conducit.

241 1369 297 1402 Qui
315 1370 388 1397 enim
400 1378 459 1398 eam
481 1378 536 1398 tton
555 1371 709 1404 desiderat,
730 1372 838 1400 labores
863 1373 922 1407 ejus
948 1381 1033 1400 causa

243 1416 437 1452 suscipiendos
455 1425 509 1444 non
535 1417 642 1445 tolerat.
662 1418 723 1453 ipsa
739 1426 849 1453 queque
867 1419 946 1447 nobis
963 1420 1034 1446 diri-

244 1469 310 1488 nttm
332 1470 454 1489 autoretn
480 1462 588 1489 inserit.
613 1462 758 1497 Cupiditas
784 1464 876 1498 itaque
892 1465 1033 1492 moderata

245 1505 280 1533 ad
301 1514 344 1534 res
360 1506 447 1535 bonas
464 1512 490 1535 et
506 1508 637 1536 honestas
664 1509 775 1542 adjuvat
791 1519 798 1543 ι
814 1511 925 1537 modum
943 1514 1032 1538 autem

244 1552 382 1580 excedens
404 1553 645 1588 intemperantiam
671 1554 788 1582 inducit.
814 1555 877 1583 llzec
892 1557 983 1589 enim,
1003 1560 1032 1583 ut

242 1601 272 1625 et
287 1598 384 1626 alienis
402 1599 508 1634 nuptiis
523 1600 631 1628 insidiae
646 1606 788 1636 parentur,
807 1606 834 1629 et
850 1610 911 1637 quae
930 1603 961 1629 ad
983 1610 1033 1629 nos

245 1651 301 1670 non
320 1645 458 1679 pertinent
475 1650 651 1681 appetantur,
673 1652 699 1674 et
723 1647 868 1674 latrocinia
883 1655 1034 1675 exercean—

245 1694 302 1722 tur,
322 1694 350 1717 et
377 1691 503 1726 sepulcra
518 1691 702 1724 etiodiantur,
719 1697 747 1720 et
767 1693 855 1720 Caedes
874 1697 1034 1728 perpetren-

246 1740 302 1768 tur,
319 1740 346 1762 et
359 1737 492 1769 ejusmodi
510 1737 563 1763 alia
579 1737 656 1769 (iant,
672 1737 762 1765 eﬂicit.
785 1737 817 1764 Et
839 1738 900 1765 ideo
920 1739 1034 1766 univer-

246 1787 340 1808 sorum
356 1780 426 1808 Deus
444 1781 511 1807 iram
536 1781 574 1808 illi
596 1782 722 1816 adjunxit
734 1803 742 1815 ,
771 1787 799 1810 ut
813 1784 886 1811 illius
904 1783 1036 1812 immode-

246 1825 382 1854 rationem
402 1827 575 1862 reprimeret.
595 1827 683 1855 Habet
704 1833 792 1856 tamen
808 1834 835 1857 et
851 1829 904 1856 ista
924 1837 1036 1865 quoque

243 1879 318 1907 opus
341 1873 452 1908 aliquo,
469 1873 515 1908 qui
530 1873 591 1908 ejus
617 1874 852 1903 insatiabilitatem
879 1876 1033 1911 prohibeat.

245 1918 327 1947 Sicut
352 1927 417 1955 ergo
442 1920 466 1948 ei
490 1921 563 1956 quod
588 1925 631 1949 est
652 1922 735 1950 nimis
760 1922 889 1958 frigidum
914 1923 1034 1952 calidum

247 1965 445 1999 udmiscemus,
462 1970 489 1994 et
503 1975 602 1995 rursus
618 1967 700 1994 nimis
712 1967 830 1995 calidum
849 1968 947 2004 [rigido
964 1973 1035 1997 tent-

245 2017 378 2044 peramus
395 2020 402 2038 :
419 2012 456 2038 ita
471 2012 580 2039 creator
597 2011 668 2040 Deus
686 2012 727 2040 his
749 2013 856 2041 duabus
873 2014 958 2041 animi
973 2022 1036 2050 per-

248 2055 471 2088 turbationibus,
501 2064 562 2092 qua!
585 2061 650 2084 sunt
675 2058 746 2085 inter
772 2066 801 2086 se
841 2067 874 2086 ex
899 2059 1036 2087 diametro

249 2103 408 2136 οοιιιηιιίιο,
424 2103 523 2130 'nobis
535 2104 638 2137 insitis,
654 2103 750 2132 docuit
765 2105 880 2133 alterius
897 2113 946 2141 per
965 2106 1035 2134 alte-

250 2155 307 2174 ram
319 2148 433 2175 nimium
442 2156 588 2177 excessum
599 2150 748 2185 corrigere.
760 2150 805 2178 Eis
816 2151 889 2178 enim
903 2157 1035 2187 mentem,

248 2197 380 2228 tanquam
406 2193 485 2228 equis
509 2193 652 2229 aurigam.
679 2194 821 2230 praefecit,
839 2200 867 2224 et
894 2198 1037 2226 servitutis

249 2238 304 2266 illis
317 2239 413 2273 jugum
426 2239 568 2273 imposuit,
581 2241 724 2275 aequaliter
736 2241 763 2268 id
777 2240 849 2269 ferre
862 2243 1036 2278 pracipiens.

249 2283 328 2316 Quod
347 2284 368 2311 si
384 2284 494 2319 quando
508 2286 624 2318 eveniat,
638 2290 667 2314 ut
684 2287 820 2322 cupiditas
835 2289 906 2316 ultra
923 2289 1033 2316 modum

250 2330 402 2364 procedat,
422 2331 506 2366 jussit
532 2331 599 2358 iram
624 2341 761 2369 pungere,
790 2337 818 2360 ut
838 2342 870 2362 ea
895 2336 1035 2363 concitata

249 2375 343 2411 jugum
359 2384 458 2405 rursus
476 2378 580 2412 aequale
594 2382 707 2407 statuat.
728 2380 805 2413 Quod
823 2381 845 2408 si
861 2381 919 2409 haec
937 2390 1035 2410 rursus

250 2421 365 2449 nimium
392 2424 599 2458 progrediatur,
619 2425 698 2459 jubet
733 2434 832 2454 rursus
856 2427 1033 2462 cupiditatem

249 2468 374 2500 moveri,
398 2472 426 2495 et
451 2469 498 2496 ira:
522 2477 667 2497 excessum
686 2471 833 2506 castigare.
851 2471 927 2500 Mens
943 2473 1036 2508 itaque

249 2513 344 2539 sobria
359 2532 366 2545 ,
392 2517 418 2540 et
434 2514 564 2549 sapiens,
590 2515 642 2543 hoc
667 2517 749 2543 modo
765 2517 844 2552 regit.
867 2518 901 2544 At
924 2518 947 2546 si
977 2519 1039 2553 ipsa

250 2558 392 2593 negligens
407 2560 527 2586 evaserit
569 2564 597 2586 et
614 2560 734 2589 habenas
754 2562 914 2596 reliquerit,
930 2567 959 2589 ut
973 2564 1035 2598 equi

251 2602 361 2636 quidem
377 2603 507 2630 exsiliant
528 2604 628 2636 efficit,
649 2605 708 2640 ipsa
731 2609 822 2633 autent
844 2607 983 2640 trahitur,
1008 2612 1037 2635 et

252 2655 306 2675 una
322 2656 383 2675 cum
400 2649 467 2683 ipsis
488 2650 514 2676 in
532 2651 674 2686 voragines
693 2655 719 2678 et
745 2653 894 2687 pracipitia
918 2654 1036 2681 corruit.

253 2693 312 2721 lloc
327 2693 437 2721 divittus
451 2695 598 2729 Apostolus
614 2696 657 2723 ltic
672 2696 741 2724 dixit
758 2697 853 2725 :Nnnc
869 2704 957 2726 autem
975 2701 1034 2734 jam

289 2766 304 2782 ν
323 2761 401 2790 Rom.
420 2770 467 2796 ιιι,
481 2763 525 2791 20.

1083 959 1151 986 ἀλλ’
1168 959 1186 992 ἡ
1204 958 1330 985 οἰκοῦσα
1343 957 1377 984 ἐν
1391 958 1455 993 ἐμοὶ
1469 958 1604 992 ἁμαρτία.
1629 958 1781 993 Σαφηνείας
1791 956 1871 984 τοῦτο

1083 1004 1183 1036 δεῖται,
1202 1004 1249 1030 καὶ
1265 1003 1352 1037 λόγων
1372 1003 1515 1030 πλειόνων,
1530 1003 1632 1038 Θνητὸν
1652 1003 1681 1029 τὸ
1695 1003 1772 1037 σῶμα
1792 1001 1871 1036 γενό-

1085 1058 1164 1085 μενον
1181 1049 1249 1084 μετὰ
1267 1049 1315 1084 τὴν
1337 1048 1491 1084 παράϐασιν
1508 1049 1558 1083 τῆς
1572 1048 1682 1083 ἐντολῆς
1693 1069 1700 1080 ,
1721 1048 1871 1081 ὑπεδέξατο

1083 1099 1116 1123 τὰ
1131 1095 1290 1131 παθήματα.
1308 1095 1357 1122 ΔιΞι
1368 1095 1472 1122 τούτων
1486 1095 1540 1130 γὰρ
1556 1094 1589 1121 τὰ
1607 1094 1677 1121 κατὰ
1692 1094 1737 1121 τὸν
1749 1094 1873 1129 παρόντα

1085 1143 1232 1177 συνέστηκε
1253 1141 1320 1177 βίον.
1339 1143 1429 1168 Δεῖται
1454 1141 1508 1176 γὰρ
1531 1141 1694 1175 ἐπιθυμίας,
1715 1141 1745 1167 οὐ
1766 1139 1873 1175 τροφῆς

1082 1188 1164 1215 ἕνεκα
1178 1188 1257 1223 μόνον
1270 1208 1276 1219 ,
1299 1187 1368 1215 ἀλλὰ
1381 1188 1428 1214 καὶ
1453 1187 1625 1219 παιδοποιίας
1635 1208 1641 1218 ,
1665 1187 1712 1213 καὶ
1725 1185 1870 1221 γηπονίας,

1083 1236 1131 1262 καὶ
1142 1234 1195 1261 τῶν
1209 1234 1295 1261 ἄλλων
1308 1234 1387 1270 χάριν
1397 1233 1510 1268 τεχνῶν.
1524 1233 1632 1268 Ταύτης
1645 1233 1698 1268 γὰρ
1710 1233 1760 1259 οὔκ
1774 1231 1869 1267 οὔσης,

1083 1280 1159 1307 οὐδὲν
1176 1279 1279 1307 τούτων
1304 1280 1479 1315 συνέστηκεν.
1507 1279 1581 1314 Αὕτη
1608 1280 1673 1314 ἡμῖν
1693 1278 1740 1305 καὶ
1763 1278 1802 1309 είς
1822 1277 1873 1313 τὴν

1083 1327 1133 1362 τῆς
1149 1327 1249 1362 ἀρετῆς
1263 1326 1432 1361 κατόρθωσιν
1446 1326 1576 1352 συντελεῖ.
1600 1326 1629 1352 '0
1644 1325 1697 1360 γὰρ
1710 1325 1747 1360 μὴ
1762 1324 1874 1359 ἐφιέμε-

1083 1381 1127 1404 νος
1144 1373 1255 1407 ταύτης,
1270 1372 1324 1398 τῶν
1343 1372 1413 1407 ὑπὲρ
1432 1371 1535 1407 ταύτης
1556 1371 1606 1397 οὐκ
1623 1371 1751 1405 ἀνέχεται
1769 1369 1871 1396 πόνων.

1083 1418 1157 1454 Αὕτη
1172 1419 1218 1445 καὶ
1234 1418 1280 1445 τὸν
1297 1418 1370 1445 θεῖον
1385 1419 1450 1454 ἡμῖν
1464 1417 1641 1452 ἐξεργάζεται
1657 1417 1746 1442 πόθον.
1773 1416 1805 1441 Ἡ
1823 1415 1873 1450 μὲν

1083 1462 1129 1491 οὖν
1154 1465 1310 1500 συμμετρία
1338 1463 1387 1498 τῆς
1414 1463 1563 1498 ἐπιθυμίας
1589 1461 1643 1488 τῶν
1675 1460 1786 1495 ἀγαθῶν
1815 1461 1874 1486 ἐστι

1084 1511 1214 1546 συνεργός
1226 1519 1234 1526 ο
1251 1512 1266 1545 ἡ
1281 1510 1309 1536 δὲ
1326 1509 1428 1544 ταύτης
1452 1509 1571 1544 ἀμετρία
1587 1509 1637 1543 τὴν
1654 1507 1802 1534 ἀκολασίαν
1819 1507 1876 1533 εισ-

1086 1557 1156 1591 ἁγει.
1171 1554 1245 1592 Αὕτη
1258 1557 1312 1592 γὰρ
1327 1556 1374 1583 καὶ
1388 1556 1488 1590 γάμοις
1504 1553 1654 1590 ἀλλοτρίοις
1672 1553 1874 1587 ἐπιϐουλεύειν,

1087 1602 1133 1628 καὶ
1152 1601 1206 1627 τῶν
1230 1600 1260 1626 οὺ
1285 1599 1478 1635 προσηκόντων
1494 1598 1618 1632 ἐφίεσθαι
1632 1619 1638 1630 ,
1657 1597 1705 1624 καὶ
1721 1597 1874 1632 λῃστεύειν,

1085 1647 1132 1672 καὶ
1153 1646 1254 1680 τάφους
1275 1645 1416 1681 ὀρύττειν,
1439 1644 1484 1671 καὶ
1509 1643 1664 1679 μιαιφονίας
1690 1644 1876 1679 κατατολμᾷν,

1085 1693 1132 1719 καὶ
1148 1692 1230 1719 τᾶλλα
1248 1692 1282 1718 τὰ
1299 1691 1410 1718 τοιαῦτα
1428 1690 1634 1726 παρασκευάζει
1651 1691 1749 1716 ποιεῖν.
1767 1690 1817 1716 Διά
1834 1698 1875 1716 τοι

1085 1738 1164 1765 τοῦτο
1188 1738 1343 1770 συνέζευξεν
1357 1738 1425 1772 αὑτῇ
1439 1736 1484 1762 τὸν
1508 1736 1595 1771 θυμὸν
1606 1737 1620 1762 ὁ
1634 1735 1687 1762 τῶν
1704 1736 1774 1762 ὅλων
1795 1735 1874 1768 Θεὸς,

1085 1784 1118 1811 ἵν’
1132 1784 1217 1819 αὐτῆς
1235 1783 1379 1819 ἀναστείλῃ
1402 1783 1451 1819 τὴν
1477 1782 1622 1818 ἀμετρίαν.
1651 1782 1741 1808 Δεῖται
1756 1782 1784 1808 δὲ
1799 1782 1874 1817 ὅμως

1086 1829 1132 1856 καὶ
1145 1826 1223 1861 οὗτος
1239 1829 1285 1856 τοῦ
1310 1829 1361 1864 τὴν
1384 1828 1537 1864 ἀπληστίαν
1559 1827 1720 1860 κωλύοντος.
1740 1827 1875 1863 Καθάπερ

1085 1875 1173 1902 τοίνυν
1187 1875 1226 1910 τῷ
1241 1875 1308 1909 ἄγαν
1325 1874 1421 1910 ψυχρῷ
1442 1874 1612 1910 κεράννυμεν
1630 1874 1659 1900 τὸ
1681 1873 1786 1908 θερμδν
1797 1893 1805 1906 ,
1827 1874 1875 1900 καὶ

1086 1919 1119 1948 αὗ
1136 1922 1217 1948 πάλιν
1241 1922 1271 1947 τὸ
1295 1921 1363 1955 ἄγαν
1389 1920 1492 1956 ψυχρὸν
1518 1920 1669 1954 κολάζομεν
1695 1919 1733 1954 τῷ
1760 1919 1874 1954 Θερμῷ·

1085 1967 1171 1999 οὕτως
1195 1968 1210 1994 ὁ
1233 1967 1438 2002 δημιουργήσας
1462 1965 1528 1998 Θεὸς
1562 1966 1648 1996 ἐνθεὶς
1675 1965 1741 2000 ἡμῖν
1765 1964 1801 1990 τὰ
1829 1963 1876 1990 δύο

1086 2013 1172 2040 ταῦτα
1190 2012 1349 2048 παθήματα,
1365 2011 1476 2039 ἐναντία
1497 2011 1562 2038 ὄντα
1577 2011 1703 2045 αλλήλοις
1720 2011 1753 2037 ἐκ
1775 2009 1875 2044 διαμέ-

1086 2068 1170 2095 τρου.
1192 2058 1238 2085 τοῦ
1255 2058 1348 2094 ἐτέρου
1376 2058 1500 2091 κολάζειν
1527 2058 1571 2084 διὰ
1590 2057 1704 2091 θατέρου
1734 2056 1782 2092 τὴν
1808 2057 1877 2091 ἀμε-

1086 2105 1164 2140 τρίαν
1187 2104 1316 2137 ἐδίδαξεν.
1349 2104 1498 2139 Ἐπέστησε
1526 2103 1580 2140 γὰρ
1602 2104 1694 2135 αὐτοῖς
1717 2103 1763 2129 τὸν
1791 2102 1853 2129 νοῦν
1867 2121 1874 2134 ,

1088 2151 1214 2186 καθάπερ
1233 2152 1289 2177 τισὶ
1304 2150 1405 2182 πώλοις
1423 2151 1543 2186 ἡνίοχον,
1562 2150 1609 2176 καὶ
1624 2149 1761 2185 ἐπέθηκεν
1783 2149 1876 2181 αὐτοῖς

1087 2198 1132 2224 τὸν
1147 2198 1196 2233 τῆς
1219 2197 1339 2229 δουλείας
1354 2197 1451 2231 ζυγὸν,
1474 2197 1538 2228 ἴσως
1563 2196 1657 2231 φέρειν
1679 2195 1875 2230 νομοθετήσας.

1054 2251 1075 2278 ο
1093 2245 1122 2271 El
1136 2243 1165 2270 δέ
1182 2252 1247 2270 ποτε
1265 2243 1385 2278 συμϐαίη
1399 2243 1471 2278 πέρα
1483 2242 1530 2269 τοῦ
1546 2241 1646 2277 μέτρου
1664 2241 1712 2277 τὴν
1727 2240 1876 2275 ἐπιθυμίαν

1089 2287 1237 2324 προκύψαι,
1258 2288 1363 2315 νύττειν
1378 2287 1504 2314 ἐκέλευσε
1520 2287 1564 2313 τὸν
1581 2287 1676 2321 θυμόν·
1691 2286 1734 2312 ἵνα
1748 2286 1874 2320 ὁρμήσας

1090 2332 1178 2367 οὗτος,
1198 2335 1253 2361 ἴσον
1269 2334 1350 2360 πάλιν
1364 2334 1516 2370 ἐργάσηται
1530 2334 1575 2359 τὸν
1590 2332 1681 2366 ζυγόν.
1704 2332 1736 2358 Εἰ
1759 2331 1787 2357 δὲ
1800 2329 1877 2362 οὗτος

1088 2381 1192 2414 δέξαιτο
1206 2381 1255 2416 τῆς
1269 2380 1402 2416 ἀμετρίας
1417 2380 1448 2406 τὸ
1463 2379 1559 2411 πάθος.
1572 2379 1620 2414 τὴν
1633 2377 1779 2412 ἐπιθυμίαν
1796 2377 1877 2404 πάλιν

1089 2427 1222 2453 κινεῖσθαι
1240 2427 1406 2462 παρεγγυᾷ,
1430 2426 1478 2452 καὶ
1494 2425 1541 2452 τοῦ
1569 2425 1655 2460 θυμοῦ
1679 2424 1728 2459 τὴν
1744 2423 1877 2459 ἀμετρίαν

1090 2473 1225 2505 κολάζειν.
1250 2473 1352 2508 Ni,ng
1380 2472 1429 2508 μὲν
1446 2471 1493 2499 οὖν
1513 2473 1526 2498 ὁ
1542 2471 1620 2503 νοῦς,
1645 2471 1690 2497 καὶ
1718 2470 1876 2504 σωφρονῶν,

1086 2520 1179 2546 τοῦτον
1204 2520 1287 2546 ίούνει
1310 2519 1356 2546 τὸν
1373 2519 1483 2554 τρόπον.
1509 2518 1662 2553 Ἀμελήσας
1678 2517 1716 2548 δὲ,
1734 2517 1781 2543 καὶ
1797 2524 1878 2543 κατα-

1087 2564 1173 2591 λιπὼν
1188 2563 1236 2596 τὰς
1261 2564 1355 2599 ἡνίας,
1381 2565 1494 2600 σκιρτᾷν
1518 2564 1567 2599 μὲν
1581 2564 1644 2594 τοὺς
1664 2561 1771 2593 πώλους
1790 2569 1878 2596 παρα-

1089 2610 1233 2642 σκευάζει·
1249 2609 1361 2645 σύρεται
1381 2609 1409 2636 δὲ
1437 2609 1535 2640 αὐτὸς,
1555 2607 1603 2634 καὶ
1620 2608 1660 2639 είς
1684 2606 1811 2642 βάραθρα
1832 2605 1878 2631 καὶ

1088 2655 1227 2690 κρημνοὺς
1253 2656 1301 2682 σὺν
1324 2655 1417 2686 αὐτοῖς
1447 2654 1625 2682 καταπίπτει,
1655 2652 1740 2679 Τοῦτο
1760 2650 1878 2678 ὲυταῦοα
1926 2661 1931 2666 ι

1089 2701 1103 2727 ὸ
1117 2701 1188 2733 Θεῖος
1218 2701 1381 2733 Ἀπόστολος
1405 2701 1499 2736 εἴρηκε
1515 2709 1520 2716 ·
1538 2700 1613 2728 Nth
1642 2699 1676 2726 δὲ
1701 2699 1802 2726 οὐκέτι
1820 2696 1878 2732 ἐγὼ

908 2836 1023 2864 VARUS
1051 2836 1251 2865 LECTIONES.

298 2876 320 2892 ⁶¹¹
339 2882 359 2907 Α
377 2881 405 2907 οὐ
425 2881 502 2909 θέλω,
555 2882 576 2898 ⁸³
593 2883 614 2909 Α
627 2882 695 2910 κατὰ
712 2883 814 2910 τούτου.

863 2884 885 2900 ⁷⁰
901 2883 921 2911 Β
935 2884 963 2910 οὔ
980 2884 1038 2910 κατ’
1056 2883 1191 2918 ἀνάγκης.
