2013 3114
113 152 165 185 129

523 154 829 186 INTERPRETATIO
849 154 968 185 EPIST.
988 154 1036 184 AD
1056 153 1146 184 R031.
1169 153 1248 184 CAP.
1269 151 1351 183 VIII.

1698 147 1749 181 130

112 207 185 244 εἶχον
198 208 246 243 τὴν
261 207 343 243 φύσιν
359 208 407 236 καὶ
423 209 570 246 παθητὴν),
586 211 600 237 ὁ
614 211 760 247 μονογενὴς
776 210 823 237 τοῦ
839 209 905 237 Θεοῦ

959 209 1030 236 enim
1049 209 1189 236 mortalem
1208 211 1235 236 et
1249 207 1388 243 patibilem
1404 204 1554 241 naturam),
1576 205 1745 241 unigenitum

111 257 198 290 Λόγος
207 255 285 282 ὲνανθ
291 256 369 292 ρωπὴ
375 265 434 289 σας,
442 257 475 284 δι’
482 257 653 293 ἀνθρωπείας
660 266 692 284 σα
697 257 760 293 pub;
765 256 813 293 τὴν
819 258 835 284 ἁ
839 265 875 292 μα
878 265 906 291 ρ-

111 302 173 329 τίαν
185 301 328 334 κατέλυσε,
346 304 437 330 πᾶσαν
454 303 502 339 μὲν
516 303 688 339 δικαιοσύνην
704 303 902 339 πεπληρωκὼς,

113 347 210 384 μῶμον
219 348 246 374 δὲ
255 348 284 374 οὖ
294 347 440 384 δεξάμενος
448 349 593 384 ἁμαρτίας·
603 349 702 376 καὶτὸν
713 348 766 376 τῶν
776 350 903 385 ἁμαρτω-

110 392 166 420 λῶν
184 394 221 425 ὡς
245 394 408 430 ἁμαρτωλὸς
427 395 539 422 θάνατον
558 395 719 430 ὑπομείνας,
737 395 835 431 ἤλεγξε
854 395 903 430 τῆς

112 439 126 465 ἁ
133 438 250 474 μαρτίας
260 439 309 474 τὴν
319 439 436 471 ἀδικίαν,
447 440 488 466 ὅτι
500 440 547 467 καὶ
558 441 595 476 μὴ
607 440 786 476 ὑποκείμενον
796 440 904 475 θανάτῳ

111 483 194 518 σῶμα
210 484 318 520 ῠανάτῳ
333 484 504 520 παρέδωκεν.
523 485 606 511 Ἀλλὰ
619 486 673 521 γὰρ
692 486 724 521 δὴ
746 485 824 513 τοῦτο
838 485 904 513 αὐτὸ

110 530 160 557 καὶ
175 530 260 566 αὐτὴν
275 530 422 562 κατέλυσε,
438 531 484 558 καὶ
498 531 544 558 τὸν
559 531 681 560 θάνατον.
701 532 744 564 Ὡς
759 532 813 568 γὰρ
826 532 903 560 θανάσ

110 584 150 611 τῳ
161 576 199 610 μὴ
211 576 390 611 ὑποκείμενος
402 577 549 612 (ἁμαρτίαν
563 577 618 613 γὰρ
631 578 682 604 οὐκ
697 578 830 613 ἐποίησε),
844 577 904 604 τοῦ-

111 630 157 648 τον
171 621 199 648 δέ
213 629 246 656 γε
261 621 407 657 δεξάμενος
424 621 467 648 διὰ
482 621 531 658 τὴν
544 622 635 649 ἄδικον
649 621 738 658 ψῆφον
752 622 802 657 τῆς
817 623 904 658 ἁμαρ-

111 668 182 699 τίας,
207 668 317 702 ἐγένετο
331 668 441 703 λὺτρον,
457 668 495 701 ὡς
514 669 543 695 ἐν
559 670 666 704 νεκροῖς
681 667 832 704 ἐλεύθερος,
848 668 903 696 τῶν

112 712 223 745 δικαίως
240 713 293 740 ὑπὸ
306 713 353 739 τοῦ
377 713 494 740 θανάτου
510 713 702 748 κατεχομένων
719 721 727 730 ’
749 711 829 740 τοῦτο
847 713 903 749 γὰρ

111 760 158 786 καὶ
171 759 218 786 διὰ
231 759 287 786 τῶν
302 759 367 794 ἑξῆς
383 759 512 793 ἐδίδαξεν.

151 844 183 872 δ’.
204 845 272 872 Ἵνα
290 845 323 872 τὸ
343 845 488 880 δικαίωμα
508 845 562 873 τοῦ
582 846 676 881 νόμου
698 845 844 881 πληρωθῇ
867 847 903 874 ἐν

958 253 1004 282 Dei
1020 253 1138 282 Verbum
1161 253 1244 281 homo
1267 253 1380 283 factum.
1406 259 1454 286 per
1473 251 1619 278 humanam
1632 258 1745 279 carnem

958 305 1097 336 peccatum
1112 301 1191 336 fregit
1202 307 1234 327 ac
1244 298 1409 334 proﬂigavit,
1421 305 1482 325 cttttt
1494 303 1600 324 omnem
1610 296 1746 332 justitiam

959 349 1099 383 implesset
1111 368 1118 380 ,
1134 354 1185 374 nec
1204 345 1307 382 peccati
1332 345 1420 372 labent
1435 343 1611 375 admisisset;
1627 346 1655 369 et
1682 350 1745 370 cum

957 398 1144 429 peccatorum,
1163 400 1196 420 ac
1212 392 1234 420 si
1253 395 1382 427 peccator
1394 409 1402 422 ,
1418 393 1536 416 mortem
1557 388 1745 417 sustinuisset.

957 439 1063 474 peccati
1091 437 1255 473 injustitiam
1274 435 1420 470 coarguit,
1438 433 1512 469 quod
1539 440 1641 468 corpus
1665 433 1745 460 morti

957 491 1130 519 nequaquam
1146 482 1297 511 obnoxium
1316 480 1396 508 morti
1419 478 1576 506 tradiderit.
1600 477 1747 504 Enimvero

958 531 1009 558 hoc
1033 531 1123 565 ipsum
1139 533 1166 557 et
1183 532 1327 564 peccatum
1356 527 1444 562 ipsum
1461 529 1488 553 et
1505 528 1621 551 mortem
1638 523 1748 551 destru-

957 575 1008 603 xit.
1033 574 1100 602 Nam
1118 579 1148 602 ut
1165 574 1245 601 morti
1269 580 1325 600 non
1347 571 1512 606 'subjectus
1542 570 1651 606 (neque
1672 569 1746 596 enim

956 623 1100 655 peccatum
1125 618 1335 653 commiserat),
1362 624 1393 645 ea
1421 620 1514 644 tamen
1540 622 1590 650 per
1614 615 1746 649 injustam

957 665 1063 699 peccati
1080 663 1246 692 sententiam
1264 667 1410 697 suscepta,
1441 660 1495 688 fuit
1512 667 1620 688 merces
1639 658 1746 687 redem-

957 711 1069 746 ptionis,
1084 711 1157 738 velut
1171 710 1244 737 inter
1257 713 1381 736 mortuos
1398 708 1476 738 liber.
1492 715 1588 735 eorttnt
1602 707 1649 741 qui
1671 705 1745 740 justi:

956 763 971 783 a
997 760 1084 784 morte
1102 755 1310 784 detinebantur.
1334 754 1393 782 Hoc
1408 754 1480 782 enim
1508 753 1602 781 docuit
1616 753 1700 780 etiam
1716 752 1744 780 in

957 802 1148 836 sequentibus.

992 846 1075 874 Vens.
1088 846 1115 874 4.
1138 846 1172 873 Ut
1184 846 1344 881 justiﬁcatio
1361 844 1425 878 legis
1446 843 1600 879 impleretur
1614 843 1641 870 in
1656 842 1743 875 nobis,

109 890 194 926 ἡμῖν,
215 891 278 924 τοῖς
294 891 337 925 μὴ
362 890 438 918 κατὰ
457 891 556 926 σάρκα
576 892 805 926 περιπατοῦσιν,
825 893 904 920 ἀλλὰ

959 892 1000 927 qui
1012 899 1062 918 non
1075 891 1218 919 secundum
1229 899 1335 919 carnem
1348 889 1527 922 ambulamus,
1541 890 1587 917 sed
1600 889 1744 917 secundum

110 937 187 963 κατὰ
207 937 336 972 πνεῦμα.
357 937 394 964 Τὸ
408 937 463 974 γὰρ
477 937 622 974 ἡμέτερον,
639 938 732 974 φησὶν,
748 939 901 966 ἀποδέδωκε

109 983 199 1018 χρέος,
219 983 268 1010 καὶ
282 982 329 1009 τοῦ
345 983 427 1018 νόμου
443 984 608 1019 πεπλήρωκε
622 984 668 1011 τὸν
684 984 796 1012 σκοπόν.
812 985 860 1017 Τίς
873 985 902 1011 δὲ

108 1025 186 1059 οὗτος
199 1024 252 1063 ἦνς
268 1027 304 1054 Τὸ
318 1027 440 1060 δικαίους
455 1028 593 1064 ἀποφῆναι
605 1028 669 1061 τοὺς
683 1029 845 1065 δεξαμένους
856 1030 902 1057 τὸν

109 1073 202 1108 νόμον.
220 1074 252 1101 Εἰ
267 1075 358 1101 τοίνυν
371 1075 388 1109 ἡ
407 1074 476 1101 κατὰ
490 1074 535 1101 τὸν
549 1075 687 1111 Δεσπότην
701 1075 818 1111 Χριστὸν
835 1076 903 1103 οίκο-

109 1121 191 1156 νομία
204 1122 246 1153 εἰς
269 1121 351 1157 ἔργον
375 1122 475 1158 ἤνεγκε
498 1122 544 1149 τὸν
565 1122 613 1149 τοῦ
628 1122 710 1158 νόμου
737 1123 847 1155 σκοπὸν,
871 1124 902 1151 οὐ

109 1167 279 1202 κατηγορίας
303 1167 387 1200 ἄξιος,
412 1167 469 1195 ἀλλ’
485 1168 635 1204 εὐφημίας,
655 1169 669 1194 ὸ
683 1169 774 1205 νόμος.
800 1167 854 1196 Τοῦ
874 1169 903 1196 δὲ

110 1213 175 1248 περὶ
201 1213 251 1247 τῆς
274 1213 450 1249 δικαιοσύνης
475 1214 616 1250 ἁψάμενος
637 1215 737 1249 λόγου,
762 1215 811 1250 τὴν
838 1215 902 1251 περὶ

110 1258 212 1294 ταύτης
228 1259 350 1295 εἰσφέρει
366 1260 526 1294 παραίνεσιν
537 1268 543 1275 ·
565 1261 612 1287 καὶ
627 1260 762 1297 εἰρηκώς·
783 1260 846 1294 Τοῖς
858 1261 902 1296 μὴ

111 1304 185 1332 κατὰ
200 1304 301 1338 σάρκα
323 1305 552 1340 περιπατοῦσιν,
579 1306 661 1334 ἀλλὰ
681 1308 758 1335 κατὰ
773 1308 902 1344 πνεῦμα,

111 1350 251 1384 ἐπήγαγεν
263 1358 270 1364 ·

145 1399 178 1422 ε’.
200 1397 234 1423 οι
256 1396 311 1431 γὰρ
328 1397 404 1424 κατὰ
419 1397 518 1432 σάρκα
535 1398 629 1432 ὄντες,
652 1397 688 1426 τὰ
712 1399 768 1433 τῆς
788 1400 903 1435 σαρκός

110 1441 280 1475 φρονοῦσιν
293 1450 300 1456 ·
324 1443 352 1468 ol
366 1442 400 1468 δὲ
416 1443 491 1469 κατὰ
505 1443 633 1478 πνεῦμα,
650 1445 686 1471 τὰ
702 1444 757 1471 τοῦ
772 1446 903 1480 πνεύμα-

111 1494 171 1519 τος.
195 1486 275 1514 Οὕτω
289 1487 336 1513 καὶ⁵
351 1487 470 1523 ἀλλαχοῦ
484 1496 492 1504 ·
515 1498 524 1514 ι
540 1489 570 1515 Εἰ
588 1488 680 1524 ζῶμεν
694 1488 742 1517 οὖν
757 1490 902 1526 πνεύματι,

111 1533 248 1567 πνεύματι
264 1533 310 1560 καὶ
326 1534 490 1569 στοιχῶμεν.
510 1544 519 1561 ι
547 1535 660 1570 Πνεῦμα
675 1535 704 1562 δὲ
719 1536 836 1563 ἐνταῦθα
852 1537 902 1572 τὴν

954 938 1087 972 spiritum.
1104 936 1234 965 Nostrum
1248 955 1256 969 ,
1279 936 1386 971 inquit,
1413 935 1537 963 debitum
1555 936 1692 967 exsolvit,
1716 938 1744 963 ct

954 984 1022 1019 legis
1038 991 1152 1019 scopum
1170 983 1295 1019 perfecit.
1313 981 1381 1016 Quis
1400 987 1491 1011 autem
1513 986 1573 1011 erat
1590 982 1633 1009 is?
1646 982 1681 1010 Ut
1695 989 1744 1009 eos

949 1030 1041 1065 justos
1061 1030 1198 1062 redderet,
1217 1030 1264 1065 qui
1280 1029 1366 1064 legem
1391 1033 1584 1064 susceperant.
1602 1027 1630 1055 Si
1651 1029 1744 1063 itaque

955 1075 1060 1104 Domini
1085 1076 1187 1104 Christi
1211 1076 1382 1111 dispensatio
1410 1075 1479 1111 legis
1501 1082 1615 1110 scopum
1633 1074 1688 1110 82
1708 1074 1743 1102 ad

953 1131 1024 1158 opus
1040 1123 1153 1151 deducit
1165 1143 1173 1156 ,
1188 1123 1231 1151 lex
1251 1131 1307 1150 non
1324 1122 1470 1155 accusari,
1487 1122 1536 1150 sed
1558 1121 1664 1149 laudari
1687 1127 1744 1147 me-

953 1175 1039 1197 retur.
1053 1169 1120 1197 Cum
1140 1172 1231 1197 autem
1247 1169 1397 1204 dejustitia
1410 1168 1568 1204 loquiesset
1584 1174 1741 1203 aggressus,

953 1215 986 1242 ad
1000 1222 1060 1243 eam
1081 1222 1190 1250 quoque
1216 1215 1438 1243 adhortationem
1469 1213 1598 1245 inducit,
1623 1217 1652 1241 et
1681 1220 1743 1248 post

953 1260 999 1288 illa
1014 1270 1022 1288 :
1039 1260 1077 1288 Iis
1093 1262 1138 1296 qui
1154 1269 1206 1288 non
1228 1261 1373 1288 secundum
1392 1269 1498 1288 carnem
1513 1260 1653 1288 ambulant
1664 1280 1672 1293 ,
1697 1260 1744 1288 sed

953 1307 1097 1336 secundum
1108 1308 1243 1343 spiritum,
1262 1307 1406 1343 subjunxit
1418 1317 1425 1335 :

988 1398 1074 1426 Vens.
1100 1398 1126 1426 5.
1149 1397 1200 1431 Qui
1216 1397 1285 1425 enim
1303 1397 1446 1425 secundum
1462 1404 1568 1424 carnem
1590 1400 1652 1424 sunt
1664 1417 1671 1429 ,
1686 1404 1744 1431 qum

953 1448 1015 1472 sunt
1039 1445 1129 1472 carnis
1151 1444 1341 1479 sapiunt:qut'
1364 1452 1424 1471 vero
1453 1443 1596 1471 secundum
1621 1443 1744 1478 spiritum

954 1494 1015 1517 sunt
1028 1510 1036 1522 ,
1057 1497 1115 1525 qua:
1136 1494 1199 1522 sunt
1221 1489 1330 1523 spiritus
1346 1490 1473 1516 sentiunt.
1493 1489 1532 1516 lta
1554 1491 1636 1516 etiam
1654 1489 1719 1516 alibi
1736 1497 1743 1514 :

957 1545 966 1562 ι
985 1535 1013 1562 Si
1026 1535 1127 1570 spiritu
1139 1542 1204 1570 ergo
1219 1531 1352 1566 vivimus,
1365 1535 1464 1570 spiritu
1479 1539 1507 1562 ct
1519 1535 1693 1562 ambulemus
1701 1538 1742 1560 ⁸.»

112 1579 191 1615 χάριν
204 1579 281 1613 λέγει
292 1578 339 1606 τοῦ
357 1580 529 1615 Πνεύματος·
546 1581 593 1608 καὶ
606 1581 726 1609 διδάσκει
742 1582 780 1614 ὡς
790 1583 804 1609 ὁ
818 1570 903 1620 ταύτῃ

959 1581 1088 1617 Spiritum
1106 1586 1196 1608 autettt
1222 1581 1276 1608 ltoc
1293 1581 1354 1608 loco
1374 1585 1454 1608 vocat
1472 1581 1587 1615 gratiam
1613 1580 1744 1614 Spiritus,

112 1625 254 1660 ἑπόμενος,
270 1625 304 1653 τὰ
319 1626 404 1662 ταύτῃ
422 1627 574 1663 ἀρέσκοντα
589 1628 635 1655 καὶ
648 1630 742 1664 φρονεῖ
753 1630 801 1656 καὶ
813 1631 902 1656 ποιεῖ·

111 1671 126 1698 6
141 1672 169 1698 δὲ
184 1674 217 1708 τῇ
232 1673 315 1708 σαρκὶ
340 1673 485 1707 δουλεύων,
503 1674 627 1702 τουτέστι
642 1677 698 1708 τοῖς
715 1675 762 1702 τοῦ
779 1675 905 1712 σώματος

113 1718 223 1752 πάθεσι,
240 1719 291 1755 τὴν
311 1719 468 1756 ἐλευθερίαν
486 1720 638 1756 ἀφῄρηται.

147 1809 184 1838 ς’.
213 1806 249 1833 Τὸ
262 1807 318 1841 τὰρ
340 1808 479 1843 φρόνημα
491 1808 547 1843 τῆς
562 1809 677 1844 σαρκὸς
691 1809 830 1843 θάνατος.
847 1811 904 1839 Οὐκ

115 1850 201 1882 εἶπεν.
210 1852 244 1879 Ἥ
255 1853 333 1888 σὰρξ,
341 1854 419 1886 ἀλλὰ,
432 1855 467 1882 Τὸ
482 1857 620 1890 φρόνημα
629 1855 683 1890 τῆς
693 1857 816 1891 σαρκὸς.
829 1866 905 1884 τουτ-

117 1898 172 1925 ἑατι
199 1899 234 1925 τὰ
258 1899 315 1926 τῶν
347 1901 519 1937 παθημάτων
543 1902 727 1938 σκιρτήματα.
761 1903 821 1931 Τῶν
850 1904 904 1940 γὰρ

115 1945 315 1982 ἡμαρτηκότων
331 1947 345 1973 ὁ
361 1946 474 1980 θάνατος
493 1948 640 1984 ἐπιτίμιον.
661 1949 697 1976 Τὸ
712 1949 746 1976 δὲ
765 1951 905 1985 φρόνημα

115 1991 167 2019 τοῦ
187 1992 371 2026 πνεύματος,
396 1991 451 2027 ζωὴ
467 1993 515 2021 καὶ
529 1994 644 2028 εἰρήνη.
667 1994 697 2021 '0
712 1994 766 2030 γὰρ
783 1996 904 2031 πνευμαζ

114 2035 197 2067 Vixit;
219 2034 284 2069 ζῶν,
303 2037 354 2072 τῆς
379 2037 448 2074 πρὸς
470 2039 516 2066 τὸν
538 2039 606 2066 Θεὸν
628 2039 740 2076 εἰρήνης
765 2040 905 2077 μεταλαγ-

115 2081 188 2117 χάνει
193 2103 199 2108 .

147 2127 186 2160 ζ’.
206 2129 286 2156 Aren
311 2129 343 2156 τὸ
367 2130 506 2165 φρόνημα
526 2131 581 2165 τῆς
599 2132 723 2166 σαρκὸς,
747 2132 840 2168 ἔχθρα
862 2134 907 2168 εἷς

117 2174 198 2201 Θεόν.
211 2174 298 2201 Πάλιν
308 2175 355 2201 τοῦ
366 2177 537 2212 φρονήματος
550 2177 599 2212 τῆς
610 2178 712 2213 σαρκὸς
721 2179 905 2216 κατηγόρησε,

116 2219 240 2246 τουτέστι
255 2220 305 2255 τῆς
320 2221 374 2247 τῶν
389 2221 483 2248 παθῶν
497 2222 667 2255 δυναστείας,
683 2223 729 2250 καὶ
744 2223 846 2260 ταύτην
863 2225 906 2251 ὲκ-

117 2266 328 2302 πεπολεμῶσοαι
341 2267 410 2302 πρὸς
419 2267 465 2294 τὴν
479 2267 545 2294 Θεὸν
560 2268 621 2304 ἔφη.
640 2268 682 2302 Τῷ
697 2269 751 2304 γὰρ
764 2270 844 2304 νόμῳ
855 2270 908 2297 τοῦ

119 2312 189 2339 Θεοῦ
211 2313 270 2347 οὐχ
292 2312 511 2340 ὑποτάσσεται’
533 2314 605 2341 οὐδὲ
619 2315 673 2350 γὰρ
688 2315 823 2344 δύναται.
849 2316 910 2349 Πῶς

119 2357 168 2392 γὰρ
182 2354 240 2383 οἷόν
253 2365 295 2389 τε,
314 2358 362 2384 τὴν
376 2358 431 2385 τῶν
454 2359 550 2386 παθῶν
574 2359 734 2388 δυναστείαν
759 2361 910 2395 καταδεξά-

120 2397 207 2434 μενον,
234 2402 283 2429 τοῦ
298 2402 367 2430 Θεοῦ
386 2403 436 2440 τὴν
451 2404 600 2440 Θεραπείαν
614 2405 802 2440 ἀσπάσασθαι,
820 2406 860 2434 ἔτι
874 2409 909 2444 τῇ

119 2448 240 2484 ἁμαρτίᾳ
254 2448 391 2476 δουλεύειν
403 2451 566 2487 αίροῦμενον
579 2459 586 2485 ;

149 2497 185 2528 η’.
214 2495 248 2522 Ol
266 2494 302 2522 δὲ
318 2495 355 2522 ἐν
372 2496 462 2530 σαρκὶ
486 2497 581 2530 ὄντες,
603 2496 664 2530 Θεῷ
677 2498 785 2533 ἀρέσαι
805 2500 842 2527 οὐ
859 2499 910 2528 δύ-

120 2547 234 2568 νανται.
258 2541 296 2568 Οὐ
312 2541 368 2568 τῶν
392 2542 527 2578 σωμάτων
544 2544 618 2579 ἡμᾶς
642 2543 695 2576 ἔξω
718 2544 845 2579 γενέσθαι
864 2554 911 2572 κε-

121 2585 201 2618 λεύει,
217 2586 288 2614 ἀλλὰ
301 2587 349 2614 τοῦ
364 2588 413 2623 τῆς
429 2589 530 2624 σαρκὸς
542 2589 715 2625 ἀπηλλάχθαι
727 2590 911 2626 φρονήματος.

122 2630 204 2659 Τοῦτο
217 2632 272 2669 γὰρ
289 2632 412 2660 διδάσκει
425 2633 472 2660 καὶ
487 2634 521 2660 τὰ
535 2634 609 2670 ἑξῆς.

154 2679 185 2707 θ’.
211 2680 312 2715 ’Υμεΐς
334 2681 368 2708 δὲ
382 2682 406 2698 ⁸⁸
428 2683 484 2709 οὐκ
511 2682 584 2710 ἐστὲ
607 2683 642 2710 ἑν
665 2684 766 2719 σαρκὶ,
792 2684 860 2712 ἀλλ’
881 2685 915 2712 ἐν

110 2733 115 2738 ’
157 2747 240 2776 xGal.
261 2757 289 2782 ν,
306 2749 354 2778 25.

954 1632 982 1655 et
996 1626 1088 1660 docet,
1104 1626 1177 1662 quod
1193 1627 1217 1654 is
1231 1627 1277 1661 qui
1292 1626 1362 1654 hanc
1376 1627 1512 1661 sequitur,
1528 1634 1559 1654 ea
1572 1630 1601 1653 et
1616 1625 1699 1653 faciat
1718 1631 1746 1653 et

955 1674 1068 1709 cogitet,
1086 1681 1148 1709 qua:
1170 1673 1209 1700 illi
1227 1673 1345 1708 placent.
1362 1673 1414 1706 Qui
1431 1678 1522 1701 autem
1539 1673 1618 1700 carni
1644 1672 1742 1702 servit.

956 1720 1010 1748 hoc
1035 1713 1079 1748 es!
1102 1719 1229 1754 corporis
1257 1718 1470 1752 aﬂ‘ectionibus,
1499 1719 1624 1755 privatus
1649 1722 1692 1747 est
1710 1719 1745 1746 li—

955 1767 1074 1795 bertate.

989 1811 1074 1841 Vsus.
1093 1812 1120 1840 6.
1137 1812 1209 1840 Nam
1235 1812 1378 1846 prudentia
1401 1812 1491 1840 carnis
1518 1820 1589 1840 mors
1609 1816 1659 1840 est.
1686 1811 1744 1839 Non

958 1858 1028 1886 dixit
1044 1865 1110 1885 caro
1122 1879 1130 1891 ,
1149 1858 1196 1886 sed
1212 1858 1352 1892 prudentia
1368 1858 1457 1885 carnis
1468 1879 1475 1891 ,
1493 1858 1545 1885 hoc
1559 1861 1617 1889 est,
1639 1862 1746 1892 pertur-

955 1904 1096 1932 bationum
1122 1903 1252 1931 insultus.
1278 1903 1381 1931 Eorum
1404 1905 1478 1931 enim
1493 1904 1540 1939 qui
1563 1907 1746 1939 peccaverunt

956 1958 1031 1978 mors
1047 1958 1128 1986 poma
1153 1955 1206 1978 est.
1229 1950 1379 1978 Prudentia
1403 1955 1491 1978 autem
1516 1951 1627 1986 spiritus
1652 1951 1706 1977 vita
1721 1955 1748 1977 et

954 2005 1018 2033 pax.
1034 1997 1085 2032 Qui
1101 1997 1174 2025 enim
1194 1997 1261 2024 vivit
1276 1997 1469 2032 spiritualiter,
1486 2004 1581 2032 pacem
1603 2003 1667 2025 cum
1691 1996 1747 2024 Deo

956 2037 1144 2079 consequitur.

993 2132 1075 2161 Vsus.
1100 2133 1126 2160 7.
1151 2133 1284 2167 Quoniam
1309 2133 1442 2168 sapientia
1469 2134 1559 2160 carnis
1579 2133 1686 2160 inimica
1708 2136 1748 2160 est

957 2178 1023 2207 Deo.
1040 2179 1147 2207 Rursus
1163 2180 1256 2208 carnis
1277 2179 1444 2216 sapientiam
1472 2178 1667 2214 reprehendit,
1693 2179 1747 2206 hoc

958 2229 1000 2254 est
1017 2226 1258 2261 perturbationum
1274 2226 1458 2258 dominatum,
1475 2229 1502 2253 et
1517 2232 1580 2253 ettm
1599 2224 1666 2253 dicit
1690 2223 1748 2252 Deo

960 2279 1020 2300 esse
1038 2272 1179 2300 infestum.
1200 2272 1263 2307 Legi
1279 2273 1348 2299 enim
1363 2272 1411 2299 Dei
1427 2280 1479 2299 non
1500 2275 1540 2299 est
1552 2271 1681 2306 subjecta,
1701 2278 1748 2298 nec

958 2318 1026 2344 enim
1041 2322 1136 2352 potest.
1160 2317 1304 2352 Quomodo
1321 2318 1395 2346 enim
1422 2317 1481 2345 ﬁeri
1503 2321 1614 2353 potest,
1642 2320 1672 2344 ut
1700 2317 1747 2352 qui

959 2363 1044 2391 animi
1069 2364 1308 2399 perturbationum
1336 2364 1506 2392 dominatum
1528 2363 1689 2395 admiserit,
1722 2363 1748 2390 is

959 2409 1008 2437 Dei
1024 2409 1129 2437 cultum
1146 2410 1330 2446 amplectatur
1341 2430 1348 2442 ,
1377 2416 1439 2437 cum
1454 2412 1569 2445 peccato
1584 2409 1674 2437 adhuc
1689 2416 1749 2437 ser-

957 2457 1017 2484 vire
1032 2455 1118 2483 velit?

995 2501 1079 2529 Vnus.
1104 2501 1131 2529 8.
1150 2501 1202 2535 Qui
1223 2505 1311 2528 autent
1334 2501 1362 2528 in
1378 2509 1458 2528 carne
1473 2504 1535 2528 sunt
1547 2521 1554 2534 ,
1577 2499 1630 2528 Deo
1647 2499 1751 2535 placere

960 2547 1143 2581 non'possunt.
1158 2545 1218 2574 Non
1229 2546 1307 2581 jubet
1321 2554 1373 2574 nos
1387 2553 1419 2574 ex
1433 2546 1596 2580 corporibus
1607 2546 1751 2578 excedere.

962 2592 1010 2621 sed
1028 2592 1139 2620 liberari
1159 2599 1174 2619 a
1196 2591 1343 2628 prudentia
1360 2591 1464 2619 carnis.
1481 2591 1540 2620 Hoc
1559 2591 1632 2620 enim
1651 2591 1753 2620 docent

963 2638 1047 2666 etiam
1062 2645 1123 2674 qua:
1142 2641 1306 2673 sequuntur.

1005 2684 1091 2713 Vens.
1106 2684 1132 2711 9.
1155 2684 1206 2712 Vos
1219 2688 1306 2712 autent
1323 2684 1377 2721 83
1392 2685 1419 2711 in
1442 2692 1521 2712 carne
1546 2693 1598 2712 non
1616 2685 1690 2718 estis,
1707 2684 1752 2712 sed

777 2806 895 2835 VARI/13
915 2805 1132 2836 LECTIONESV

157 2849 182 2887 ff
194 2848 398 2887 Iisdemjerbis
406 2850 610 2887 ihurncrversum
621 2852 719 2880 recitat
735 2852 900 2880 Theodoret.
916 2851 1016 2887 dialog.
1029 2852 1056 2883 4,
1068 2851 1129 2879 adu.
1144 2852 1282 2879 Macedon.
1298 2852 1337 2887 (in
1350 2852 1476 2880 Garnerii
1492 2851 1631 2879 Auctario.
1646 2858 1676 2887 p.
1688 2850 1750 2886 583)

129 2881 196 2919 εει.
213 2885 266 2913 Sed
284 2885 390 2922 dialog.
403 2886 431 2920 5,
443 2886 509 2915 ibid.
525 2893 586 2922 pag.
606 2887 668 2922 545,
681 2887 717 2915 ita
734 2888 832 2916 habet:
850 2887 914 2923 ’Υμε

959 2887 983 2914 δὲ
991 2881 1088 2914 ὀὐκέτ’
1098 2888 1158 2915 ἐστὲ
1174 2889 1202 2915 ὲν
1215 2881 1307 2921 σαρκὶ-ξ
1322 2887 1402 2914 εἴπεο
1417 2895 1462 2914 πν.
1478 2887 1523 2914 τοῦ
1536 2887 1579 2918 8.,
1595 2895 1620 2913 κ.
1636 2881 1661 2913 σέ.
1672 2886 1697 2914 λ.
