2013 3114
246 176 295 208 139

753 177 993 208 THEODORETI
1015 176 1184 207 EPISCOPI
1207 179 1388 212 CYRENSIS

1820 189 1870 224 140

244 234 363 268 Spiritus
386 235 502 269 gratiam
528 235 663 269 recepturi
690 235 789 263 simus.
804 234 832 262 Si
857 235 928 262 enim
957 234 1024 270 quod

1083 235 1284 264 πολλαπλασίαν
1299 238 1348 273 τὴν
1366 239 1412 266 τοῦ
1442 241 1600 277 Πνεύματος
1624 244 1756 280 δεξόμεθα
1778 249 1870 283 χάριν.

242 287 316 306 nunc
334 279 428 306 datum
443 283 495 312 cst,
509 281 637 315 primitiae
649 285 676 308 et
693 281 774 308 arrlia
792 282 958 317 appellatur,
972 282 1032 308 cla-

242 333 301 352 rum
319 329 361 353 est
380 325 447 352 illud
464 325 558 353 multis
575 327 701 361 partibus
720 328 809 361 majus
825 327 959 354 futurum.

277 434 359 461 Vens.
379 433 423 461 24.
445 433 496 468 Spe
511 433 566 468 90
583 435 652 460 enim
668 433 735 459 salvi
765 433 830 467 [acti
849 441 951 460 sumus.
975 433 1030 461 Re-

239 478 440 506 surrectionem
467 478 539 505 enim
570 478 691 505 nondum
712 479 832 505 assecuti
861 486 967 512 sumus,
984 478 1031 506 sed

239 524 423 558 promissione
438 528 552 558 accepta
571 531 635 558 spes
650 532 700 552 nos
718 525 888 551 consolatur.

275 570 339 604 Spes
355 575 442 596 autem
456 577 514 604 qua:
534 570 637 596 videtur
653 578 704 596 non
722 575 760 597 est
780 578 838 604 spes
856 578 864 597 :
886 579 947 597 nam
960 570 1030 605 quod

238 617 306 643 videt
326 616 395 651 quis,
415 616 479 650 quid
493 617 604 651 sperat?
620 616 716 650 (νεεδ.
734 616 790 651 25).
808 616 838 644 Si
855 621 944 643 autem
960 617 1030 652 quod

238 670 289 689 non
306 663 433 694 videmus,
443 670 592 696 speramus.
603 669 649 695 per
657 662 814 696 patientiam
829 667 1028 696 exspectamus.

239 709 249 717 '
258 707 298 734 Ne
305 715 377 741 aegre
387 707 493 739 feratis,
505 707 604 742 inquit,
618 707 733 735 molesta
743 711 770 734 et
783 707 871 735 tristia
884 707 1007 736 videntes
1019 715 1027 735 :

238 760 327 787 neque
349 752 422 779 enim
443 752 526 780 falsas
544 752 623 780 vobis
649 752 848 787 promissiones
872 753 1027 781 attulimus.

238 797 364 825 Diximus
376 798 449 825 enim
474 801 504 824 ut
524 797 595 824 bona
611 798 713 832 quibus
734 798 865 825 fruamini
881 803 1026 834 exspecte-

237 844 274 871 tis
294 852 301 871 :
315 850 375 879 qua
392 847 482 870 autem
498 848 697 878 exspectantur
721 844 805 876 bona,
829 852 882 871 non
898 845 1027 872 videntur

237 891 326 918 oculis
350 889 516 924 corporeis:
539 890 562 917 si
589 890 664 917 enim
693 890 862 923 viderentur,
888 898 942 918 non
967 899 1026 918 am-
1041 911 1063 938 Β

236 936 309 971 ptius
319 939 547 970 exspectarentur
564 943 570 960 :
586 935 609 962 si
624 939 715 962 autem
738 940 944 970 exspectantur,
961 936 1025 963 dum

237 989 269 1008 ea
287 981 401 1008 veniant
420 981 575 1016 praestolari
592 985 711 1015 oportet,
728 985 754 1008 et
770 988 824 1008 non
845 982 903 1016 spei
940 989 1026 1008 anco-

237 1034 296 1053 ram
311 1027 441 1062 abjicere.
458 1026 498 1053 Ad
520 1026 577 1053 haec
593 1027 668 1053 aliud
680 1027 763 1053 etiam
780 1027 873 1054 datum
891 1029 1025 1054 auxilium

236 1072 366 1098 ostendit.

273 1116 353 1144 Vens.
371 1116 415 1143 26.
433 1115 561 1143 Similiter
581 1120 668 1143 autent
686 1121 710 1143 et
725 1116 841 1151 Spiritus
859 1118 967 1152 adjuvat
985 1120 1026 1145 in-

235 1163 388 1196 ﬁrmitatem
409 1167 538 1189 nostram.
556 1161 695 1189 Habemus
716 1163 859 1191 sufficiens
880 1165 1024 1197 auxilium,

234 1209 352 1243 gratiam
373 1209 506 1242 Spiritus.
528 1207 599 1234 Nam
620 1209 683 1243 quid
705 1217 819 1241 oremus,
834 1210 901 1237 sicut
913 1216 1023 1244 oportet,

234 1255 366 1282 nescimus
383 1262 392 1280 :
409 1254 454 1281 sed
473 1255 529 1289 ipse
545 1253 661 1287 Spiritus
681 1255 801 1286 postulat
821 1263 868 1289 pro
890 1256 964 1283 nobis
981 1265 1024 1291 ge-

234 1302 343 1329 mitibus
357 1300 589 1328 inenarrabilibus.
604 1299 643 1328 Ne
660 1300 806 1335 postulate,
824 1301 924 1336 inquit,
944 1307 974 1329 ut
990 1303 1024 1330 ab

235 1347 270 1375 iis
294 1354 355 1382 quae
382 1346 496 1373 molesta
522 1350 586 1373 sunt
609 1346 789 1373 liberemini:
815 1347 930 1375 nescitis
950 1348 1023 1375 enim

233 1393 299 1427 quid
319 1392 356 1420 sit
373 1392 450 1424 utile,
468 1392 542 1420 sicut
565 1392 702 1427 Deus.qui
723 1392 871 1427 gubernat.
889 1392 956 1421 Date
975 1402 1024 1422 vos

233 1439 310 1472 ipsos
329 1438 355 1464 ei
376 1437 423 1472 qui
439 1437 547 1464 clavum
568 1441 642 1464 tenet
665 1438 799 1466 universi.
817 1438 843 1465 Is
865 1440 951 1473 enim,
971 1440 1022 1467 etsi

233 1482 304 1510 nihil
327 1484 438 1518 petatis,
456 1482 504 1511 sed
528 1487 636 1510 tantum
665 1484 783 1519 gematis
800 1484 834 1512 ab
853 1485 1023 1514 inhabitante

233 1529 321 1565 gratia
344 1528 476 1565 impulsi,
503 1532 595 1556 vestra
619 1531 759 1564 sapienter
783 1530 976 1563 administrat,
997 1538 1023 1559 et

230 1575 305 1609 quod
326 1575 394 1603 utile
414 1575 537 1602 futurum
563 1580 605 1603 est
622 1575 762 1610 praebebit.
787 1576 844 1603 lloc
864 1578 937 1604 enim
955 1578 1020 1605 sub-
1035 1581 1057 1610 C

230 1621 323 1656 junxit
342 1629 348 1634 '

268 1710 351 1738 Vens.
366 1709 411 1737 27,
429 1710 483 1743 Qui
505 1714 595 1738 autem
621 1715 758 1738 scrutatur
779 1712 871 1743 corda,
889 1713 938 1739 scit
957 1714 1020 1748 quid

230 1756 361 1784 desideret
383 1756 518 1788 spiritus:
543 1756 607 1789 quia
632 1758 775 1783 secundant
802 1758 885 1784 Deum
903 1759 1021 1792 postulat

230 1811 278 1837 pro
288 1802 399 1829 sanctis.
416 1801 548 1836 Spiritum
561 1805 655 1828 autem
677 1802 721 1829 hic
736 1810 791 1830 non
806 1803 875 1830 dicit
888 1804 1019 1832 substan-

232 1849 298 1876 tiam
320 1848 451 1884 Spiritus,
472 1848 518 1875 sed
537 1848 656 1883 gratiam
681 1857 742 1883 qua:
764 1849 828 1876 data
853 1854 895 1878 est
915 1851 950 1877 iis
973 1853 1021 1886 qui

232 1895 359 1923 credunt.
386 1893 501 1922 Abbac
513 1894 585 1921 enim
609 1895 722 1921 excitati
749 1896 972 1931 compungimur,
986 1897 1020 1925 ab

236 1942 290 1969 hac
303 1940 464 1968 inﬂammati
482 1940 534 1975 91
557 1941 676 1968 alacrius
691 1948 846 1975 precamur,
870 1946 897 1969 et
912 1943 1021 1978 gemiti-

232 1988 284 2014 bus
301 1979 532 2014 inenarrabilibus
560 1985 731 2012 Salvatorem
760 1985 845 2012 Deum
873 1988 1020 2021 compella-

231 2040 302 2060 mus.
320 2030 377 2059 lloc
394 2034 485 2058 autent
506 2031 616 2058 divinus
641 2031 802 2065 Apostolus,
827 2032 908 2059 etiam
926 2041 957 2060 ex
985 2033 1019 2061 iis

230 2084 292 2112 quae
319 2077 378 2111 ipso
395 2083 494 2111 passus
515 2079 557 2102 est
572 2075 698 2108 edoctus,
715 2075 834 2110 scripsit.
848 2076 930 2104 Petiit
946 2078 1018 2105 enim

230 2128 258 2150 et
279 2123 337 2156 ipse
354 2120 545 2148 liberationem
562 2127 576 2146 a
598 2119 689 2151 malis,
711 2124 738 2146 et
772 2127 826 2147 non
855 2121 950 2153 semel,
971 2129 1019 2149 nec

230 2167 284 2198 bis.
302 2166 349 2194 sed
379 2171 431 2197 ter,
466 2173 515 2192 nec
546 2170 636 2192 tamen
653 2165 724 2200 quod
741 2165 817 2200 petiit
849 2166 1017 2201 impetravit.

230 2212 343 2240 Audivit
368 2211 464 2238 enim:
490 2221 498 2236 ι
514 2210 618 2237 Suﬂicit
644 2211 690 2238 tibi
713 2212 801 2246 gratia
826 2219 886 2239 mea
901 2213 1018 2245 ;rvirtus

229 2259 303 2285 enim
331 2264 390 2284 mea
417 2257 445 2283 in
471 2256 630 2284 inﬁrmitate
657 2257 856 2291 perﬁciturcu
878 2258 931 2285 Sed
954 2267 1017 2286 cum

231 2304 282 2330 huc
306 2303 459 2335 didicisset,
480 2303 525 2329 illa
554 2303 613 2338 ipsa
631 2303 748 2330 libenter
768 2304 911 2338 amplexus
932 2309 985 2336 est,
1003 2312 1017 2331 a

230 2350 330 2384 quibus
348 2354 377 2376 ut
398 2348 566 2376 liberaretur
583 2349 693 2381 orabat,
710 2353 737 2376 et
759 2349 844 2377 dicit:
863 2359 872 2375 ι
891 2350 1019 2378 Libenter

231 2395 317 2430 igitur
331 2395 424 2430 potius
453 2393 592 2429 gloriabor
619 2395 645 2422 in
666 2395 875 2422 inﬁrmitatibus
896 2397 974 2428 meis,
990 2401 1021 2424 ut

230 2441 363 2468 inhabitet
380 2441 407 2467 in
427 2448 470 2467 me
484 2439 571 2468 virtus
588 2440 689 2467 Chriin
703 2440 727 2467 δ.
749 2451 757 2466 ι

265 2486 348 2513 Vens.
360 2485 405 2513 28.
422 2485 526 2512 Scimus
547 2490 635 2512 autem
651 2485 720 2520 quod
733 2486 904 2521 diligentibus
931 2487 1015 2515 Deum

231 2534 318 2559 omnia
338 2536 511 2565 cooperantur
527 2531 552 2557 in
567 2531 672 2561 bonum,
687 2532 720 2558 iis
735 2533 779 2567 qui
794 2534 936 2560 secundum
955 2543 1019 2568 pra-

230 2578 344 2610 positum
362 2577 447 2604 uocati
467 2581 538 2603 sunt.
551 2575 611 2603 Non
626 2582 790 2612 cooperatur
805 2580 942 2610 omnibus,
971 2581 1017 2607 sed

231 2624 266 2651 iis
279 2623 326 2658 qui
355 2622 470 2657 diligunt
497 2631 503 2648 ε
535 2625 562 2649 et
588 2630 640 2649 non
666 2623 828 2659 simpliciter
843 2631 1017 2660 cooperatnr,

231 2668 279 2696 sed
293 2671 456 2702 cooperatur
471 2667 499 2693 in
513 2666 624 2694 bonum.
639 2667 669 2694 Si
685 2669 748 2703 quis
760 2670 832 2696 enim
845 2670 971 2703 petiverit
985 2679 1016 2698 ea

266 2759 279 2775 ε
301 2753 323 2782 li
338 2754 400 2782 Cor.
417 2753 506 2786 κως).
545 2753 558 2774 ιι
572 2754 640 2781 ibid.

1085 280 1121 319 Et~
1143 281 1197 316 γὰρ
1223 282 1253 308 τὸ
1283 284 1330 310 νῦν
1361 284 1500 320 δεδομένον
1529 288 1639 323 ἀπαρχὴ
1674 280 1794 318 καλεῖται
1816 280 1870 319 -καὶ

1082 327 1220 362 ἀρραϐὼν,
1238 329 1350 364 εὔδηλον
1365 330 1402 362 ὡς
1426 332 1514 359 ἐκεῖνο
1541 333 1636 360 τούτου
1667 336 1869 364 πολλαπλάσιον

1082 372 1168 400 ἔσται.

1117 419 1165 446 κθ.
1184 420 1223 454 Τῇ
1240 422 1294 456 γὰρ
1319 423 1419 449 ἐλπίδι
1435 424 1598 460 ἐσώθημεν.
1613 428 1724 456 Οὐδέπω
1745 431 1799 465 γὰρ
1820 431 1869 466 τῆς

1081 465 1254 498 ἀναστάσεως
1269 469 1470 503 τετυχήκαμεν,
1499 471 1565 497 ἀλλὰ
1586 473 1725 509 δεξάμενοι
1740 476 1789 511 τὴν
1804 477 1869 503 ὑπό-

1082 518 1183 544 σχεσιν,
1196 513 1255 544 ταῖς
1268 512 1357 539 ἐλπίσι
1370 513 1618 551 ψυχαγωγούμεθα.

1123 556 1226 600 Ἐλπὶς
1236 556 1270 583 δὲ
1279 558 1455 593 ,βλεπομένη
1467 562 1522 587 ὀὺκ
1540 562 1626 589 ἐστιν
1638 564 1726 598 ἐλπίς
1742 573 1748 579 ε
1776 565 1791 592 ὃ
1814 567 1868 600 γὰρ

1077 599 1189 631 βλέπει
1216 609 1274 634 τις,
1293 603 1321 629 τι
1357 604 1406 630 καὶ
1435 605 1569 638 ἐλπίζει;
1584 608 1656 643 (κε’.)
1676 610 1710 636 Et
1736 610 1770 636 δὲ
1789 611 1805 637 ὃ
1831 599 1867 637 οὗ

1076 645 1233 680 βλέπομεν
1240 647 1408 683 ἐλπίζομεν,
1418 651 1455 676 δι’
1463 652 1618 687 ὑπομονῆς
1632 655 1866 691 ἀπεκδεχόμεθα.

1078 691 1124 725 Μὴ
1151 691 1346 728 δυσχεράνητε,
1361 695 1453 730 φησὶν,
1464 697 1580 731 ὁρῶντες
1594 699 1627 725 τὰ
1641 701 1791 736 σκυθρωπά
1808 700 1818 717 ·”
1836 703 1866 728 οὐ

1078 736 1132 771 γὰρ
1157 737 1264 772 ψευδεῖς
1279 739 1343 774 ὑμῖν
1359 742 1586 778 προσηνέγκαμεν
1601 744 1771 781 ὑποσχέσεις.
1790 747 1868 774 Ἀνα-

1079 782 1171 817 μένειν
1190 783 1245 819 γὰρ
1260 785 1374 820 εἴπομεν
1395 787 1449 813 τῶν
1461 788 1572 822 ἀγαθῶν
1588 790 1635 826 τὴν
1650 792 1799 819 ἀπόλαυσιν
1810 794 1865 820 "1‘1

1076 830 1105 856 δὲ
1122 830 1334 866 προσδοκώμενα
1356 833 1446 866 ἀγαθὰ
1462 834 1511 868 οὺχ
1526 835 1623 870 ὁρᾶται
1638 837 1693 868 rei;
1706 837 1752 864 τοῦ
1771 837 1865 873 σώμα-

1077 883 1122 906 τος
1138 875 1298 910 ὀφθαλμοῖς·
1314 878 1338 903 ει
1353 878 1407 914 γὰρ
1425 879 1538 913 ἑωρᾶτο,
1554 881 1646 908 οὐκέτι
1661 884 1845 918 προσεδοκᾶτο
1856 893 1863 900 ·

1077 920 1102 945 ει
1124 919 1153 945 δὲ
1179 921 1370 956 προσδοκᾶται,
1390 924 1553 958 προσμένειν
1577 926 1647 953 αὐτὰ
1665 929 1727 962 χρὴ,
1753 929 1800 955 καὶ
1826 930 1864 964 μὴ

1077 964 1241 992 ἀποεάλλειν
1259 968 1308 1002 τῆς
1322 967 1429 1000 ἐλπίδος
1447 969 1496 1004 τὴν
1507 970 1640 1006 ἄγκυραν.
1654 973 1780 1000 Δείκνυσι
1795 974 1863 1009 πρὸς

1077 1010 1179 1042 τούτοις
1197 1012 1243 1038 καὶ
1259 1013 1354 1048 ἑτέραν
1367 1013 1513 1051 δεδομένην
1525 1016 1662 1052 βοήθειαν.

1112 1113 1169 1146 κς¹.
1189 1114 1337 1148 Ὡσαύτως
1350 1115 1385 1142 δὲ
1407 1116 1455 1142 καὶ
1472 1117 1504 1144 τὸ
1522 1119 1642 1153 Πνεῦμα
1656 1122 1862 1156 συναντιλαμ-

1076 1159 1194 1186 ϐάνεται
1210 1160 1273 1193 ταῖς
1288 1161 1457 1195 ἀσθενείαις
1473 1163 1566 1197 ἡμῶν.
1588 1165 1706 1200 Ἐχομεν
1724 1167 1864 1202 ἀρκοῦσαν

1076 1205 1246 1240 ἐπικουρίαν,
1272 1205 1321 1241 τὴν
1346 1206 1426 1241 χάριν
1451 1208 1498 1234 τοῦ
1518 1209 1685 1244 Πνεύματος.
1709 1210 1744 1236 Τὸ
1762 1211 1817 1245 γὰρ
1834 1211 1864 1238 τι

1075 1251 1309 1285 προσευξώμεθα
1327 1252 1399 1279 καθὸ
1414 1252 1468 1284 δεῖ,
1483 1254 1539 1280 οὐκ
1556 1253 1689 1289 οἴδαμεντ
1706 1256 1775 1282 ἀλλ’
1786 1258 1862 1283 αὐτὸ

1074 1296 1108 1321 τι)
1122 1296 1244 1331 Πνεῦμα
1261 1299 1514 1333 ὑπερεντυγχάνει
1543 1300 1618 1334 ὑπὲρ
1645 1301 1729 1335 ἡμῶν
1754 1310 1863 1329 στενα-

1074 1340 1159 1374 τμοῖς
1172 1341 1348 1374 ἀλαλήτοις.
1366 1343 1411 1378 Μὴ
1431 1344 1541 1376 αἰτεῖτε,
1567 1345 1644 1380 φησὶ,
1658 1345 1711 1372 τῶν
1731 1346 1862 1382 λυπηρῶν

1074 1385 1123 1421 τὴν
1138 1387 1299 1423 ἀπαλλαγήν
1313 1396 1318 1402 ·
1333 1388 1363 1414 οὐ
1382 1388 1436 1424 γὰρ
1451 1389 1506 1416 ἴστε
1518 1390 1548 1416 τὸ
1565 1391 1713 1426 συμφέρον,
1728 1393 1766 1424 ὡς
1783 1394 1797 1419 ὁ
1809 1402 1860 1420 κυ-

1074 1432 1178 1468 ϐερνῶν
1193 1433 1268 1465 Θεός.
1295 1435 1358 1460 Δότε
1374 1435 1446 1470 ὑμᾶς
1472 1436 1568 1468 αὐτοὺς
1584 1437 1623 1472 τῷ
1646 1439 1787 1474 κατέχοντι
1812 1439 1861 1466 τοῦ

1074 1481 1174 1512 παντὸς
1186 1481 1220 1507 τὰ
1234 1481 1361 1516 πηδάλια.
1379 1478 1463 1513 Οὗτος
1476 1482 1541 1518 γὰρ,
1554 1483 1605 1510 κᾶν
1622 1484 1704 1519 μηδὲν
1717 1485 1860 1520 αἰτήσητε,

1068 1522 1221 1561 ’στενάζητε
1249 1527 1277 1553 δὲ
1306 1527 1385 1561 μόνον
1414 1527 1466 1554 ὑπὸ
1489 1529 1538 1563 τῆς
1566 1529 1724 1564 ὲνοικούσης
1748 1530 1861 1565 χάριτος

1073 1571 1273 1606 ὲνεργούμενοι,
1295 1573 1384 1606 σοφῶς
1406 1574 1440 1599 τα
1457 1574 1517 1600 καθ’
1533 1573 1604 1608 ὑμᾶς
1621 1575 1795 1610 πρυτανεύει,
1813 1577 1859 1602 καὶ

1072 1616 1101 1641 τὸ
1128 1617 1261 1643 συνοίσειν
1288 1617 1384 1651 μέλλον
1407 1619 1431 1634 ⁸⁸
1460 1619 1581 1653 παρέξει.
1608 1619 1692 1646 Τοῦτο
1728 1620 1782 1656 γὰρ
1811 1622 1861 1648 ἑπ-

1071 1661 1174 1695 ήγαγεν
1188 1670 1194 1676 ”

1106 1708 1156 1740 κζ’.
1180 1708 1210 1734 '0
1227 1708 1261 1734 δὲ
1287 1708 1417 1742 ἐρευνῶν
1440 1710 1492 1742 τὰς
1517 1710 1652 1744 καρδίας,
1679 1710 1741 1739 οἵδε
1771 1714 1800 1739 τι
1825 1714 1859 1740 τὸ

1070 1753 1208 1787 φρόνημα
1225 1753 1278 1780 τοῦ
1302 1754 1484 1788 πνεύματος,
1497 1754 1541 1781 ὅτι
1568 1756 1643 1782 κατὰ
1662 1757 1735 1783 Θεὸν
1754 1757 1858 1793 ἐντυγ-

1070 1798 1155 1832 χάνει
1171 1799 1246 1832 ὑπὲρ
1258 1800 1359 1832 ἁγίων.
1376 1800 1489 1835 Πνεῦμα
1500 1801 1528 1827 δὲ
1545 1801 1662 1839 ενταῦθα
1681 1804 1711 1829 οὑ
1729 1803 1777 1839 τὴν
1792 1805 1859 1831 ὑπό-

1072 1852 1164 1870 στασιν
1182 1844 1253 1878 λέγει
1278 1845 1324 1871 τοῦ
1353 1845 1521 1880 Πνεύματος,
1540 1847 1608 1873 ἀλλὰ
1632 1847 1681 1883 τὴν
1711 1850 1858 1885 δεδομένην

1069 1891 1125 1922 τοῖς
1143 1891 1300 1918 πιστεύουσι
1326 1892 1416 1927 χάριν.
1434 1893 1501 1919 ’Υπὺ
1520 1893 1573 1929 γὰρ
1598 1895 1699 1929 ταύτης
1715 1895 1858 1931 [διεγειρο-

1071 1943 1147 1970 μενοι
1166 1937 1387 1978 κατανυττόμεθα
1401 1937 1450 1973 ⁸³],
1472 1934 1667 1974 πυρσευόμενοι
1691 1942 1859 1976 προθυμότε-

1072 1989 1116 2016 ρον
1131 1982 1345 2017 προσευχόμεθα,
1363 1983 1409 2009 καὶ
1423 1985 1584 2019 στεναγμοῖς
1600 1985 1746 2020 ἀλαλήτοις
1762 1987 1857 2021 ἐντυγ-

1070 2027 1186 2063 χάνομεν
1202 2027 1240 2062 τῷ
1255 2028 1361 2063 Σωτῆρι
1372 2029 1440 2064 Θεῷ.
1452 2029 1537 2056 Τοῦτο
1545 2030 1572 2056 δὲ
1582 2031 1595 2057 ό
1608 2030 1679 2062 θεῖος
1697 2032 1856 2065 Ἀπόστολος

1070 2074 1116 2100 καὶ
1127 2073 1173 2107 ἀφ’
1189 2070 1226 2100 ὧν
1249 2074 1377 2106 πέπονθε,
1397 2075 1544 2111 γέγραφεν.
1563 2077 1665 2112 ᾝτησε
1682 2078 1736 2112 γὰρ
1748 2078 1794 2104 καὶ
1809 2079 1858 2105 αὑ-

1069 2119 1114 2151 τὸς
1132 2119 1291 2154 ἀπαλλαγὴν
1307 2121 1478 2155 πειρασμῶν,
1490 2122 1537 2148 καὶ
1555 2122 1603 2157 οὐχ
1631 2122 1714 2154 ἅπαξ,
1730 2123 1789 2149 οὐδὲ
1806 2124 1856 2156 δὶς,

1069 2165 1137 2192 ἀλλὰ
1152 2166 1198 2192 καὶ
1213 2166 1282 2201 τρὶς,
1298 2166 1346 2193 καὶ
1357 2167 1472 2202 αἰτήσας
1484 2167 1628 2203 διήμαρτε.
1644 2169 1762 2195 Ἤκουσε
1779 2170 1835 2205 γάρ
1850 2178 1855 2184 ·

1073 2220 1082 2236 ι
1107 2211 1200 2246 ’Δρκεί
1213 2219 1253 2238 σοι
1274 2212 1290 2246 ὴ
1312 2211 1392 2247 χάρις
1416 2221 1479 2246 μου·
1497 2213 1513 2248 ή
1533 2213 1586 2249 γὰρ
1608 2213 1722 2250 δύναμίς
1747 2224 1797 2249 μου
1828 2217 1856 2242 ὲν

1072 2257 1199 2292 ἀσθενείᾳ
1223 2257 1384 2284 τελειοῦται.
1407 2267 1416 2283 ›
1442 2259 1521 2284 Ἀλλὰ
1539 2258 1618 2286 τοῦτο
1638 2259 1741 2294 μαθὼν,
1765 2261 1857 2295 ἠσπά-

1073 2312 1139 2330 σατο
1156 2304 1259 2334 ἐκεῖνα,
1277 2300 1314 2330 ὧν
1338 2304 1386 2339 τὴν
1405 2305 1565 2340 ἀπαλλαγὴν
1584 2305 1711 2340 γενέσθαι
1736 2302 1862 2342 προσηύ-¹

1072 2349 1146 2382 ξατο,
1164 2349 1210 2375 καί
1239 2357 1322 2384 φησι·
1343 2359 1350 2374 ι
1373 2349 1485 2375 ’Ἥδιστα
1506 2348 1552 2376 οὖν
1570 2351 1668 2385 μᾶλλον
1685 2351 1856 2386 καυχήσομαι

1070 2396 1099 2421 ἐν
1113 2396 1172 2426 ταῖς
1198 2393 1350 2424 ἀσθενείαις
1368 2403 1430 2428 μου,
1452 2394 1495 2420 ἵνα
1510 2395 1685 2431 ἐπισκηνώσῃ
1712 2396 1815 2430 ὲπ“ὲμὲ
1840 2398 1856 2430 ἡ

1069 2441 1183 2476 δύναμις
1199 2441 1244 2466 τοῦ
1263 2435 1393 2475 Χριστοῦ.
1412 2450 1420 2465 ν

1106 2490 1159 2521 κη’.
1176 2486 1305 2520 οἴδαμεν
1331 2485 1366 2512 δὲ
1394 2485 1438 2512 ὅτι
1461 2486 1523 2520 τοῖς
1545 2485 1683 2520 ἀγαπῶσι
1698 2486 1752 2512 τὸν
1771 2487 1857 2520 Θεὸν,

1071 2533 1170 2560 πάντα
1193 2531 1335 2566 συνεργεῖ
1347 2533 1390 2564 εις
1405 2531 1438 2557 τὸ
1457 2531 1579 2567 ἀγαθὸν,
1595 2531 1658 2563 τοῖς
1684 2531 1758 2558 κατὰ
1784 2534 1857 2566 ,πρά-

1071 2581 1157 2606 θεσιν
1173 2577 1296 2611 κλητοῖς
1312 2575 1412 2604 οὖσιν.
1440 2578 1495 2612 Οὐχ
1522 2577 1606 2604 ἅπασι
1633 2579 1767 2612 συνεργεῖ,
1792 2578 1860 2604 ἀλλὰ

1070 2627 1125 2657 τοῖς
1139 2623 1276 2659 ἁγαπῶσι’
1287 2623 1334 2649 καὶ
1347 2623 1396 2657 οὺχ
1409 2623 1502 2654 ἁπλῶς
1519 2624 1651 2658 συνεργεῖ,
1667 2622 1724 2649 ἀλλ’
1736 2623 1776 2653 εἰς
1791 2623 1856 2656 ἀγα-

1070 2673 1114 2699 θὸν
1134 2672 1267 2706 συνεργεῖ.
1288 2671 1318 2697 Εἰ
1336 2670 1390 2706 γάρ
1403 2678 1444 2700 τις
1457 2670 1555 2705 αἰτήσῃ
1571 2670 1605 2697 τὰ
1616 2670 1653 2705 μὴ
1672 2669 1857 2704 συμφέροντα,

867 2833 983 2860 vuum
1004 2833 1206 2861 LECTIUNES.

273 2877 296 2892 "
313 2883 335 2910 Α
349 2884 470 2910 συνοῖσον
486 2883 586 2919 μέλλει.

640 2883 660 2899 ⁸¹
678 2882 740 2911 llaec
749 2884 773 2910 δ.
787 2892 812 2910 κ.
835 2884 936 2910 omissa
953 2883 978 2910 in
995 2883 1088 2911 Gra‘co
1104 2883 1242 2911 Sirmoudi
1258 2888 1334 2912 textu
1350 2883 1521 2912 restituituus
1537 2891 1552 2910 e
1569 2884 1633 2911 (Liv.
