2013 3114
179 186 231 220 1-59

607 189 916 220 INTEBPRETATIO
935 187 1055 218 EPIST.
1077 188 1127 218 AD
1144 188 1237 220 ROM.
1257 188 1336 219 CAP.
1348 188 1397 219 IX.

1751 187 1802 221 150

213 243 245 278 β’.
263 244 326 271 ὀτι
337 245 475 279 λύπημοι
487 244 553 271 ἐστι
566 245 694 280 μεγάλη,
709 246 757 272 καί
767 246 959 278 ἀδιάλειπτος

1046 243 1128 271 Vens.
1138 244 1167 271 2.
1177 244 1305 277 Quoniam
1317 244 1426 271 tristitia
1436 245 1499 271 milii
1509 252 1603 278 magna
1617 249 1667 277 est,
1680 250 1704 272 et
1720 246 1804 273 conti-

175 289 272 323 ὀδύνη
284 289 323 323 τῇ
334 289 442 323 καρδίᾳ
459 299 528 324 μου.
549 290 658 326 Ἀτελὴς
673 291 723 325 μὲν
746 292 763 326 ὴ
782 291 901 326 συνθήκη
921 290 967 318 τοῦ

174 333 268 369 λόγου.
288 336 361 362 Ἔδει
382 336 437 370 γὰρ
461 336 650 371 προσκεῖσθαι,
666 336 710 363 διὰ
731 337 781 372 τὴν
801 337 966 372 Ἰουδαίωνῆ

178 381 329 416 ἀποϐολὴν,
344 382 360 417 ἢ
377 382 517 414 ἀπιστίαν,
534 381 582 417 τὴν
594 382 768 420 ἀδιάλειπτον
782 381 851 409 εἶναι
867 383 965 417 λύπην.

177 427 269 453 Φειδοῖ
293 427 324 453 δὲ
351 427 530 462 κεχρημένος,
553 427 639 454 ταῦτα
673 427 721 463 μὲν
746 429 776 455 οὐ
803 429 910 455 τέθεικε
933 428 969 454 τὰ

180 472 306 507 ῥήματα,
321 473 370 508 τὴν
383 473 412 499 δὲ
427 473 530 500 τούτων
555 474 598 500 διὰ
612 473 667 500 τῶν
690 474 753 509 ἑξῆς
771 474 891 501 διδάσκει
907 475 966 501 διὰ-

179 526 265 545 νοιαν.
281 519 364 552 Λέγει
376 519 403 544 δὲ
415 518 501 550 οὕτως
511 527 517 534 ·

214 567 249 596 γ’.
270 565 414 598 Ηὺχόμην
436 565 446 579 ³
468 565 523 599 γὰρ
541 565 634 598 αὐτὸς
654 565 712 600 ἐγὼ
734 565 866 600 ἀνάθεμα
892 565 967 593 εἶναι

179 610 238 635 ἀπὸ
254 610 308 636 τοῦ
330 610 458 643 Χριστοῦ
480 610 558 645 ὑπὲρ
582 611 641 637 τῶν
654 611 795 645 ἀδελφῶν
811 620 881 646 μου,
907 610 966 638 τῶν

179 655 338 688 συγγενῶν
364 664 423 690 μου
453 655 513 682 τῶν
538 656 614 683 κατὰ
638 656 747 690 σάρκα.
780 657 816 684 Τὺ
842 657 966 693 ἀνάθεμα

177 700 276 734 διπλῆν
291 700 348 735 ἔχει
361 701 411 735 τὴν
424 701 554 728 διάνοιαν.
576 702 631 728 Καὶ
648 702 702 738 γὰρ
727 703 758 729 τὸ
777 703 965 738 ἀφιερωμένον

177 744 217 779 τῷ
234 744 304 779 θεῷ,
322 746 450 780 ἀνάθημα
467 746 640 781 ὀνομάζεται,
658 748 705 775 καὶ
725 748 755 774 τὸ
776 748 871 774 τούτου
888 749 966 776 ἁλλό-

178 803 255 830 τριον
270 795 320 830 τὴν
335 795 419 831 αὐτὴν
433 795 489 830 ἔχει
507 797 703 831 προσηγορίαν,
724 796 779 824 Καὶ
792 797 821 824 τὸ
835 798 884 832 μὲν
905 798 965 824 δεύ-

179 849 258 876 τερον
274 841 304 867 ἐν
320 842 353 876 τῇ
371 841 438 876 πρὸς
452 842 611 878 Κορινθίους
625 844 699 878 ἡμᾶς
720 843 837 875 ἐδίδαξεν
853 845 867 870 6
892 844 964 876 θεῖος

186 886 346 917 Ἀπόστολος
356 895 362 901 ·
383 897 391 911 ι
406 886 440 913 Ei
458 895 498 918 τις
509 887 563 922 γὰρ
577 888 607 914 οὺ
621 888 693 922 φιλεῖ
704 888 749 915 τὸν
765 889 867 925 Κύριον
886 889 963 925 ἡμῶν

185 931 290 966 Ἰησοῦν
302 932 428 966 Χριστὸν,
444 932 501 967 ἤτω
519 933 650 968 ἀνάθεμα.
666 944 675 960 ι
693 933 729 960 Τὸ
740 935 768 961 δέ
784 943 815 968 γε
832 934 964 971 πρότερον

179 977 226 1002 καὶ
249 978 264 1011 ἡ
293 977 369 1012 κοινὴ
397 976 517 1004 διδάσκει
547 978 690 1013 συνήθεια·
721 979 885 1014 ἀναθήματα
910 981 964 1016 γὰρ

179 1022 317 1057 καλοῦμεν
333 1022 365 1049 τὰ
385 1023 424 1057 τῷ
444 1023 503 1058 Θεῷ
530 1024 740 1059 προσφερόμενα
753 1032 759 1039 ·
781 1026 828 1052 καὶ
851 1026 931 1058 αὐτὸς
949 1028 963 1053 ὁ

177 1068 232 1095 τῶν
249 1068 318 1095 ὅλων
329 1068 405 1101 Θεὸς,
419 1069 468 1104 τὴν
486 1070 589 1105 Ἱεριχὼ
609 1071 687 1097 πόλιν
701 1071 825 1107 ἀνάθεμα
837 1072 963 1106 γενέσθαι

178 1114 320 1146 κελεύσας.
341 1115 473 1142 Ἐνταῦθα
490 1116 580 1150 μέντοι
594 1117 607 1142 δ
630 1117 763 1152 μακάριος
788 1118 893 1150 Παῦλος
914 1118 963 1154 τὴν

180 1157 310 1192 δευτέραν
323 1158 442 1184 διάνοιαν
458 1158 589 1192 τέθεικεν,
604 1159 637 1194 ἢν
652 1159 709 1195 ἔχει
731 1162 796 1196 περὶ
819 1162 881 1194 τοὺς
897 1163 963 1198 ὁμο-

181 1202 277 1235 φύλους
302 1203 435 1230 διδάσκων
451 1203 581 1232 διάθεσιν.
608 1205 664 1232 Καὶ
688 1206 737 1233 οὐκ
762 1205 848 1240 εἶπεν,
869 1208 962 1235 Ἐὃου-

179 1246 273 1282 ἱέμην,
291 1247 363 1278 ἀλλ’,
383 1248 527 1282 Πὺχόμην
543 1249 554 1264 ⁸
572 1249 712 1285 ἀλλότριος
736 1250 805 1279 εῖναι
828 1253 875 1280 τοῦ
893 1253 962 1289 Χρι-

180 1292 250 1325 στοῦ,
265 1293 337 1319 ὥστε
348 1294 410 1325 τοὺς
424 1293 495 1321 κατὰ
518 1295 607 1331 σάρκα
623 1305 674 1330 μου
690 1300 839 1331 συγγενεῖς,
852 1309 962 1335 προσοι-

179 1338 340 1370 κειωθέντας
371 1339 455 1374 αὐτῷ,
497 1340 546 1375 τὴν
583 1341 718 1376 σωτηρίαν
753 1343 961 1379 καρπώσασθαι.

178 1384 282 1418 Σφόδρα
293 1384 320 1410 δὲ
330 1385 463 1420 ἁρμοδίως
474 1386 484 1400 ⁸
494 1394 530 1411 πα
536 1386 663 1421 ρενέθηκε
677 1389 723 1414 καὶ
735 1388 776 1421 τὸ,
792 1389 849 1423 ἐγὼ
859 1391 960 1424 αὐτὸς,

177 1429 231 1455 τῶν
244 1430 294 1464 ἤδη
318 1430 381 1464 περὶ
400 1430 449 1464 τῆς
464 1430 574 1466 ἀγάπης
596 1432 646 1466 τῆς
663 1433 726 1467 περὶ
750 1434 760 1449 ⁸
773 1434 820 1462 τὸν
844 1435 961 1470 Χριστὸν

177 1475 328 1509 εἰρημένων
341 1476 568 1512 ἀναμιμνήσκων,
586 1478 632 1503 καὶ
642 1480 783 1514 μονονουχὶ
799 1480 895 1515 λέγων,
920 1482 961 1508 ὅτι

181 1519 262 1553 Ἐγὼ,
274 1520 304 1546 ὃν
317 1520 378 1546 οὔτε
392 1520 459 1556 ζωὴ,
475 1522 536 1549 οὕτε
551 1523 674 1556 θάνατος,
690 1525 750 1552 οὔτε
765 1526 800 1553 τὰ
813 1527 961 1560 ἐνεστῶτα,

979 911 1000 938 Β

1019 297 1086 316 uuas
1101 290 1178 316 dolor
1191 290 1265 317 cordi
1280 298 1346 318 meo.
1361 289 1521 324 imperfecta
1533 295 1574 317 est
1585 291 1718 319 orationis
1731 299 1803 319 com-

1019 334 1130 367 positio.
1145 334 1235 369 Adjici
1247 336 1320 362 enim
1340 335 1496 369 oportebat,
1511 339 1622 370 propter
1646 335 1802 364 Judmorum

1018 380 1059 406 vel
1076 380 1264 414 rejectionem,
1277 381 1318 408 vel
1334 381 1534 413 inﬁdelitatem,
1546 381 1555 390 ‘
1569 383 1631 408 esSe
1647 381 1685 408 illi
1703 389 1802 416 perpe-

1018 430 1094 452 tuum
1110 425 1243 454 dolorem.
1261 425 1314 453 Sed
1338 431 1418 454 caute
1443 434 1476 454 ac
1501 434 1584 461 parce
1604 427 1729 461 loquens,
1745 427 1802 453 haec

1019 471 1129 504 quidem
1153 471 1236 498 verba
1261 479 1315 498 non
1339 472 1442 506 posuit,
1465 471 1513 499 sed
1530 479 1624 500 eorum
1641 479 1752 500 sensum
1773 473 1801 498 in

1018 517 1200 550 sequentibus
1221 518 1366 552 expressit.
1383 518 1429 545 Sic
1447 522 1536 545 autem
1553 518 1640 544 dicit:

1052 561 1134 590 γης.
1150 563 1175 590 5.
1195 563 1327 597 Optabam
1348 565 1417 590 enim
1430 572 1476 598 ego
1493 565 1546 597 ipse
1558 563 1698 590 anathema
1715 571 1771 590 esse
1785 571 1802 589 a

1017 607 1124 635 Christo
1144 617 1191 642 pro
1203 609 1333 643 fratribus
1353 609 1427 641 meis,
1443 611 1487 644 qui
1502 614 1562 636 sunt
1576 609 1681 644 cognati
1698 609 1747 635 mei
1762 617 1801 634 se-

1016 653 1131 680 cundant
1147 662 1263 681 carnem.
1280 654 1432 681 Anathema
1446 654 1584 688 duplicem
1601 653 1683 680 habet
1698 653 1801 692 intelli-

1017 699 1147 732 gentiam.
1167 699 1235 726 Nam
1256 705 1282 727 et
1299 700 1371 735 quod
1395 700 1450 727 Deo
1466 705 1656 726 consecratum
1672 703 1714 726 est
1733 706 1800 725 anan

1017 743 1106 770 thema
1132 743 1318 771 nominatur:
1339 748 1366 771 et
1392 743 1464 778 quod
1491 743 1525 770 ab
1552 750 1584 769 eo
1612 747 1653 769 est
1670 742 1798 773 alienum,

1015 789 1138 816 eamdem
1155 789 1235 816 habet
1248 789 1466 824 appellationem.
1481 788 1513 815 Et
1526 787 1676 816 secundum
1690 786 1799 822 quidem

1015 833 1109 860 docuit
1130 842 1179 861 nos
1205 834 1316 862 divinus
1332 834 1481 869 Apostolus
1505 834 1532 860 in
1554 833 1676 867 Epistola
1698 832 1732 858 ad
1747 831 1800 859 Co-

1014 879 1134 906 rinthios
1149 887 1156 906 :
1173 888 1183 905 ι
1200 880 1228 906 Si
1252 880 1314 914 quis
1329 879 1401 907 enim
1418 887 1472 906 non
1487 883 1561 905 amat
1576 877 1722 905 Dominum
1749 884 1800 904 no-

1015 930 1104 953 strum
1134 925 1226 953 Jesum
1254 926 1404 956 Christum,
1422 926 1458 952 sit
1474 925 1619 952 anathema
1639 924 1662 950 lt.
1687 932 1696 948 ι
1721 922 1798 950 Prius

1015 975 1105 998 autem
1123 976 1149 998 et
1172 971 1328 998 communis
1348 970 1403 1006 99
1423 970 1503 998 docet
1527 969 1697 999 consuetudo
1719 967 1798 1003 (ana-

1014 1015 1134 1042 themata
1150 1017 1222 1043 enim
1242 1016 1411 1050 appellamus
1429 1022 1490 1049 quae
1513 1014 1569 1041 Dco
1583 1012 1759 1048 offeruntur),
1770 1016 1798 1039 et

1014 1061 1073 1096 ipse
1101 1062 1291 1090 universorum
1319 1060 1402 1091 Deus.
1433 1059 1480 1095 qui
1514 1059 1609 1087 urbem
1633 1058 1798 1086 Hiericbun-

1014 1107 1098 1134 tinam
1118 1107 1264 1134 anathema
1284 1114 1345 1134 esse
1369 1106 1453 1141 jussit
1466 1104 1488 1132 ι.
1512 1104 1561 1132 Hic
1589 1111 1672 1140 porro
1686 1104 1796 1132 divinus

1013 1152 1113 1179 Paulus
1128 1152 1277 1180 secundam
1292 1152 1383 1187 posuit
1397 1151 1636 1186 signiﬁcationem,
1648 1149 1797 1176 ostendens
1836 1172 1847 1176 -

1013 1205 1067 1233 quo
1082 1202 1153 1226 esset
1173 1198 1270 1225 atl'ectu
1287 1198 1313 1224 in
1331 1205 1396 1225 suos
1415 1196 1593 1224 contribules.
1611 1195 1644 1222 Et
1662 1202 1716 1222 non
1731 1194 1798 1221 dixit

1015 1244 1144 1276 volebam,
1161 1244 1207 1271 sed
1229 1244 1352 1277 optabam
1374 1251 1436 1271 esse
1458 1242 1565 1269 alienus
1591 1249 1607 1268 ο
1629 1240 1750 1272 Christo,
1768 1244 1797 1266 ut

1013 1290 1121 1325 cognati
1134 1291 1185 1318 mei
1210 1290 1362 1317 secundum
1377 1295 1488 1316 carnem
1507 1286 1646 1315 conciliati
1667 1286 1718 1320 ipsi
1739 1285 1796 1313 tru-

1012 1337 1086 1360 ctum
1103 1334 1201 1361 salutis
1217 1336 1464 1368 consequerentur.
1476 1331 1624 1366 Aptissime
1641 1335 1731 1358 autem
1749 1338 1797 1364 ap-

1012 1379 1104 1413 posuit
1121 1382 1147 1405 et
1165 1378 1230 1406 illud
1255 1386 1301 1413 ego
1322 1378 1393 1411 ipse,
1407 1385 1439 1404 ea
1463 1384 1524 1412 qua:
1550 1376 1584 1403 de
1612 1376 1746 1402 charitate
1769 1375 1795 1401 in

1012 1423 1153 1451 Christum
1177 1423 1284 1450 dixerat
1309 1423 1338 1449 in
1363 1422 1523 1449 memoriam
1549 1428 1692 1452 revocans,
1717 1422 1796 1455 quasi

1011 1468 1114 1495 diceret
1133 1477 1140 1494 :
1154 1468 1223 1503 Ego,
1240 1475 1319 1502 quem
1336 1475 1386 1494 nec
1403 1467 1470 1499 vita,
1486 1473 1536 1493 nec
1553 1473 1637 1498 mors,
1655 1473 1705 1493 nec
1726 1472 1796 1500 prae-

1012 1513 1110 1545 sentia,
1128 1520 1180 1540 nec
1196 1512 1297 1545 futura,
1311 1520 1362 1539 nec
1381 1512 1436 1539 ulla
1455 1512 1507 1538 alia
1523 1517 1650 1539 creatura
1669 1518 1799 1545 separare

171 1564 237 1591 οὔτε
254 1564 288 1591 τὰ
303 1554 448 1600 μέλλοντα,-
473 1566 536 1593 οὔτε
560 1576 601 1600 τις
630 1554 718 1601 κτίσις
743 1571 825 1607 ἑτέρα
846 1554 962 1608 χωρίσαί

1013 1557 1114 1592 poterit
1133 1564 1148 1583 a
1167 1557 1301 1584 charitate
1324 1556 1372 1584 Dei
1399 1563 1458 1590 quae
1474 1555 1559 1590 estin
1585 1556 1695 1583 Christo
1719 1554 1798 1585 Jesu,

174 1610 320 1644 δυνήσεται
338 1611 391 1637 ἀπὸ
406 1612 455 1646 τῆς
469 1613 580 1648 ἀγάπης
594 1614 641 1640 τοῦ
655 1615 722 1642 Θεοῦ
735 1617 785 1652 τῆς
807 1618 836 1643 ἐν
852 1618 962 1655 Χριστῷ

180 1655 269 1690 ’1ησοῦ
290 1656 312 1686 ⁷,
331 1657 402 1691 ὑπὲρ
423 1659 472 1693 τῆς
494 1658 626 1686 Ἰουδαίων
650 1663 785 1697 σωτηρίας
808 1663 906 1698 ἥδιστα
928 1666 961 1692 ἂν

155 1736 164 1741 ῃ
174 1701 328 1736 ὲχωρίσθην
345 1703 438 1729 αὐτοῦ.
457 1704 541 1739 Δῆλον
556 1705 583 1731 δὲ
599 1706 640 1732 ὅτι
653 1707 682 1733 οὑ
696 1708 806 1740 τούτους
821 1711 961 1746 προτιμῶν

173 1745 221 1772 τοῦ
239 1748 401 1781 σεσωκότος,
420 1749 489 1776 ἀλλὰ
503 1750 548 1776 τὸν
568 1752 632 1786 περὶ
643 1753 756 1780 ἐκείνων
770 1755 859 1789 ἔρωτά
871 1765 900 1782 τε
913 1758 961 1784 καὶ

173 1791 254 1818 πόθον
278 1792 377 1827 δηλῶν,
400 1794 485 1820 ταῦτα
503 1795 608 1831 εἴρηκε,
630 1797 733 1829 πάντας
756 1799 960 1834 ὑποκύπτοντας

174 1837 239 1863 ιδεῖν
249 1838 351 1872 ποθῶνζ
368 1839 413 1865 καὶ
426 1841 575 1873 ἀσπαστῶς
585 1842 595 1858 ⁸
606 1843 767 1878 δεχομένους
783 1845 812 1871 τὸ
827 1847 960 1882 σωτήριον

171 1883 315 1918 κήρυγμα.
350 1884 465 1912 [lthva
492 1886 519 1913 δὲ
551 1888 595 1914 τὸν
624 1889 702 1923 λόγον
730 1891 957 1926 κατασκευάζων,

172 1928 356 1955 ἐπιδείκνυσιν
372 1931 460 1957 αὐτῶν
473 1932 520 1958 καὶ
539 1933 589 1968 τὴν
605 1935 742 1970 προτέραν
751 1937 899 1971 εὐγένειαν,
913 1939 960 1965 καὶ

171 1974 225 2000 τῶν
238 1974 347 2010 δωρεῶν
359 1975 413 2002 τῶν
427 1976 573 2004 θεοσδότων
587 1979 632 2006 τὸν
650 1980 772 2012 πλοῦτον.
797 1984 844 2009 καί
857 1993 937 2020 φησιν
951 1992 957 1999 '

206 2020 236 2046 δ’.
273 2020 387 2053 Οἵτινές
419 2022 496 2048 εἰσιν
529 2024 722 2058 Ἰσραηλῖται.
753 2023 808 2053 Ἦν
827 2027 881 2062 γὰρ
912 2029 956 2055 καὶ

171 2065 249 2092 τοῦτο
267 2066 299 2092 τὸ
313 2066 398 2101 ὄνομα
412 2067 632 2105 πολυθρύλλητον
645 2071 666 2103 ³,
683 2072 807 2098 ἑπιτεθὲν
821 2073 870 2108 μὲν
883 2075 959 2110 παρὰ

170 2112 218 2138 τοῦ
232 2112 300 2139 Θεοῦ
321 2113 360 2148 τῷ
378 2114 541 2150 προπάτορι,
560 2117 687 2152 καθάπερ
699 2117 728 2143 δέ
742 2118 902 2154 τιςκλῆρος
919 2121 958 2152 είς

171 2159 233 2189 τοὺς
245 2159 374 2192 ἐκγόνους
390 2161 602 2195 παραπεμφθέν.
635 2159 693 2189 Ὧν
707 2163 726 2196 ἠ
743 2165 886 2191 υἱοθεσία.
905 2167 958 2192 Καὶ

171 2203 247 2230 τοῦδε
276 2205 330 2240 γὰρ
362 2206 509 2241 μετέλαχον
530 2207 577 2233 τοῦ
599 2207 740 2243 ὀνόματος.
766 2218 774 2235 ι
802 2210 864 2242 Υἱὸς
892 2212 956 2246 γὰρ,

171 2249 248 2282 φησὶ,
270 2251 442 2286 πρωτότοκος
464 2261 514 2287 μου
537 2253 656 2288 Ἰσραήλ.
674 2263 682 2279 ν
699 2254 755 2281 Καὶ
769 2255 788 2289 ἠ
800 2255 884 2287 δόξα.
903 2257 957 2283 Πε-

172 2296 296 2330 ριφανεῖς
319 2297 375 2331 γὰρ
396 2297 449 2323 ἀπὸ
466 2297 520 2324 τῶν
537 2298 684 2334 Θαυμάτων
706 2300 839 2334 ἐγένοντο.
855 2303 908 2329 Καὶ
927 2305 957 2330 αἱ

171 2340 319 2374 διαθῆκαι.
333 2343 371 2369 Οὐ
391 2343 446 2378 γὰρ
462 2344 542 2378 μόνον
557 2344 605 2379 τὴν
619 2346 745 2380 παλαιὰν,
762 2347 829 2374 ἀλλὰ
845 2349 891 2375 καὶ
907 2350 956 2385 τὴν

171 2386 266 2421 καινὴν
290 2388 383 2418 αὐτοῖς
408 2387 541 2423 ὑπέσχετο
568 2388 677 2417 δώσειν.
707 2401 716 2417 ι
742 2391 865 2427 Θήσομαι
890 2393 955 2429 γὰρ,

171 2432 247 2466 φησὶ,
267 2431 306 2466 τῷ
328 2433 396 2468 οἴκῳ
427 2434 534 2469 Ἰσραήλ
557 2434 689 2471 διαθήκην
714 2437 819 2472 καινὴν,
841 2439 870 2465 οὐ
886 2440 957 2466 κατὰ

170 2475 218 2510 τὴν
238 2475 371 2510 διαθήκην
396 2477 429 2512 ἣν
452 2477 580 2513 διεθέμην
606 2481 661 2511 τοῖς
687 2481 821 2516 πατράσιν
855 2483 954 2516 αὐτῶν,

170 2521 237 2547 ἀλλὰ
255 2522 359 2556 ταύτην
387 2521 463 2548 αὐτοὶ
483 2522 574 2550 λαϐεῖν
601 2525 651 2551 οὐκ
664 2525 810 2561 ἠθέλησαν.
831 2536 840 2552 ι
856 2527 911 2554 Καὶ
936 2528 955 2562 ἡ

171 2567 341 2600 νομοθεσία.
370 2566 466 2599 Αὑτοῐς
493 2569 548 2603 γὰρ
575 2569 620 2596 τὸν
655 2571 802 2598 Μωσαῖκὸν
830 2573 955 2601 ἐδεδώκει

171 2611 261 2646 νόμον.
293 2612 347 2639 Kal
374 2613 391 2648 ἡ
419 2614 549 2648 λατρεία.
574 2615 635 2642 Τῶν
664 2617 719 2653 γὰρ
746 2617 833 2645 ἄλλων
855 2620 954 2652 αὐτοὺς

1014 1611 1063 1638 pro
1088 1602 1244 1630 Iudaeorum
1268 1602 1355 1630 salute
1380 1601 1571 1629 lubentissime
1594 1601 1628 1628 ab
1646 1601 1704 1635 ipso
1720 1607 1800 1634 sepa-

1013 1657 1097 1676 rarer.
1113 1648 1223 1676 Clarum
1236 1652 1278 1676 est
1295 1652 1387 1676 autem
1417 1647 1492 1682 quod
1511 1654 1566 1674 non
1597 1653 1643 1674 eos
1658 1645 1795 1673 Servatori

1012 1694 1161 1730 praeferens
1178 1694 1236 1722 haec
1255 1694 1333 1727 dicit,
1349 1694 1396 1721 sed
1414 1701 1494 1721 suum
1517 1693 1546 1720 in
1563 1699 1610 1720 eos
1633 1699 1752 1719 amorem
1769 1697 1798 1719 c‘t

1012 1740 1179 1768 desiderium
1205 1740 1360 1771 declarans,
1374 1747 1470 1766 omnes
1487 1737 1580 1766 videre
1601 1738 1715 1773 cupiens
1737 1745 1796 1765 sese

1011 1786 1215 1818 submittentes,
1228 1790 1255 1813 et
1272 1785 1420 1813 salutarem
1437 1783 1660 1819 praedicationem
1677 1783 1795 1810 libenter

1010 1831 1203 1865 suscipientes.
1224 1830 1261 1858 Ut
1285 1834 1376 1857 autem
1393 1829 1509 1856 orationi
1529 1835 1587 1856 suae
1601 1827 1679 1856 ﬁdem
1701 1827 1794 1859 faciat.

1010 1880 1037 1903 et
1050 1883 1146 1903 eorum
1163 1876 1282 1910 priorem
1310 1874 1495 1906 nobilitatem,
1518 1878 1546 1900 et
1568 1873 1702 1900 donorum
1723 1872 1796 1900 divi-

1010 1921 1084 1948 nitus
1118 1921 1146 1948 in
1166 1927 1220 1948 eos
1258 1919 1419 1947 collatorum
1457 1918 1570 1946 divitias
1605 1917 1743 1951 Ostendit,
1769 1923 1797 1946 ct

1009 1966 1075 1993 dicit
1092 1974 1099 1993 :

1046 2026 1128 2055 Vens.
1143 2027 1170 2055 4.
1185 2027 1238 2060 Qui
1251 2031 1312 2054 sunt
1328 2025 1468 2054 Israelita.
1481 2025 1547 2053 Erat
1558 2025 1631 2053 enim
1647 2025 1699 2052 hoc
1712 2024 1794 2052 etiam

1009 2081 1111 2101 nomen
1136 2073 1305 2107 percelehre,
1329 2071 1437 2106 generis
1454 2070 1559 2098 auctori
1574 2077 1591 2100 a
1611 2068 1667 2097 Deo
1679 2069 1794 2104 imposi-

1010 2123 1078 2151 tum,
1102 2122 1130 2146 et
1143 2124 1271 2152 tanquam
1290 2117 1491 2145 haereditarium
1511 2115 1545 2143 ad
1564 2119 1688 2150 posteros
1705 2118 1795 2142 trans-

1009 2163 1136 2191 missum.
1153 2162 1273 2196 Quorum
1297 2162 1403 2197 adoptio
1413 2166 1453 2189 est
1467 2161 1596 2196 ﬁliorum.
1619 2160 1686 2187 Nam
1701 2164 1727 2187 et
1744 2160 1794 2186 hoc

1011 2209 1239 2244 quoque'nomed
1256 2208 1347 2237 sortiti
1369 2211 1444 2236 sunt.
1466 2217 1475 2233 ι
1496 2207 1581 2234 Filius
1593 2205 1678 2238 enim,
1693 2206 1796 2240 inquit,

1011 2255 1210 2290 primogenitus
1226 2261 1303 2282 meus
1327 2253 1409 2281 Israel
1424 2259 1453 2279 ιη.
1474 2261 1484 2277 ι
1511 2251 1545 2278 Et
1562 2251 1658 2286 gloria.
1678 2251 1699 2277 Ε
1712 2251 1795 2277 mira-

1011 2301 1081 2329 culis
1100 2301 1173 2328 enim
1193 2300 1260 2327 clari
1279 2303 1306 2327 ct
1324 2299 1445 2334 insignes
1460 2305 1583 2325 evasere.
1600 2297 1634 2324 Et
1656 2296 1735 2331 100
1756 2301 1795 2323 le-

1010 2350 1152 2373 stameuta.
1179 2345 1238 2372 Non
1255 2344 1343 2373 solum
1355 2344 1428 2371 enim
1438 2347 1528 2375 vetus,
1539 2342 1587 2370 sed
1598 2342 1678 2370 etiam
1694 2349 1793 2369 novum

1009 2392 1018 2402 ‘
1034 2399 1063 2419 se
1079 2392 1134 2419 illis
1154 2391 1281 2418 daturum
1310 2390 1449 2424 pollicitus
1475 2392 1529 2416 est.
1550 2397 1560 2414 ι
1581 2387 1682 2415 Ponam
1710 2387 1793 2419 enim,

1011 2437 1121 2472 inquit,
1148 2436 1241 2464 domui
1268 2435 1351 2462 israel
1368 2433 1572 2461 Testamentum
1601 2440 1713 2464 novum,
1738 2439 1793 2459 non

1010 2483 1163 2512 secundum
1195 2485 1398 2512 testamentum,
1422 2479 1505 2515 quod
1524 2479 1647 2514 disposui
1671 2478 1795 2513 patrihus

1010 2531 1144 2566 ipsorum,
1165 2528 1212 2556 sed
1230 2527 1279 2562 ipsi
1298 2527 1365 2554 illud
1381 2525 1505 2560 accipere
1521 2526 1667 2552 noluerunt
1681 2528 1706 2550 ιι.
1724 2533 1733 2550 ›
1763 2523 1794 2550 Ει

1011 2575 1153 2611 Iegislatio.
1167 2574 1315 2601 Mosaicam
1336 2573 1409 2600 enim
1436 2571 1503 2607 ipsis
1518 2571 1605 2606 legem
1621 2571 1742 2599 dederat.
1760 2569 1793 2596 Et

1008 2620 1160 2651 obsequium
1175 2619 1224 2655 (sc.
1237 2617 1351 2653 cultus).
1363 2616 1417 2645 Eos
1427 2616 1500 2644 enim
1515 2617 1576 2645 aliis
1586 2617 1714 2654 gentibus
1726 2622 1793 2651 pra:-

210 2689 221 2708 ¹ι
240 2690 327 2718 lCor.
350 2698 413 2724 ενι,
437 2692 481 2718 ‘22.
520 2689 531 2712 Ῑ
551 2692 633 2722 Josue
650 2703 687 2727 νι,
706 2695 748 2722 l8.
787 2700 806 2710 -ι
826 2695 913 2724 Exod.
931 2705 958 2724 xv

1014 2697 1040 2724 '2.
1080 2701 1094 2715 η
1114 2695 1216 2724 Jercm.
1238 2702 1319 2727 xxxi,
1336 2693 1380 2726 51,
1396 2693 1440 2720 52.

808 2772 926 2801 VARUE
947 2773 1146 2802 LECTIONES.

219 2845 228 2860 ³
240 2845 259 2871 Β
276 2846 406 2886 ξῦχρμην.
445 2883 449 2886 Α
463 2849 471 2863 ⁵
520 2850 649 2886 soldum.
689 2851 698 2866 ⁵
713 2852 733 2877 Α
747 2851 932 2886 ἁρμοζόντως.

175 2879 302 2916 Χριστοῦ.
311 2879 386 2916 Vim-ig.
401 2891 424 2908 τ.
440 2883 523 2916 ἐιγάπ.
540 2879 726 2919 τ’ὀῦ’Χ’ριττοῦ.

970 2853 980 2866 ⁸
1011 2852 1031 2878 Α
1062 2852 1141 2887 πρός.

782 2887 790 2901 "
808 2886 829 2911 Α
846 2887 996 2917 ἀσπασίως.

1189 2852 1199 2866 ⁷
1216 2853 1254 2878 lta
1278 2848 1473 2887 Baysfl'extus
1495 2850 1576 2877 Sirm.
1601 2846 1788 2887 liahcbatﬁso‘i

1035 2886 1045 2901 ’
1062 2885 1169 2920 Α’μὲγα
1185 2886 1230 2912 καὶ
1243 2885 1404 2920 πολυορὺλλ.
