2004 3109
108 195 157 228 is!)

519 203 821 238 INTERPRETATIO
837 209 954 240 EPIST.
970 212 1020 243 AD
1035 213 1125 245 ROM.
1140 215 1218 248 CAP.
1230 217 1298 248 XII.

1681 216 1731 250 190

106 250 205 304 αρετὴν
231 254 406 304 “peracri”.
426 254 457 281 '0
481 257 659 302 μεταδιδοίφ
678 259 713 286 ἐν
739 261 891 296 ἁπλότητι.

948 267 981 293 ad
998 268 1137 296 virtutem.
1158 270 1210 303 Qui
1228 270 1319 298 tribuit
1341 271 1368 297 in
1385 271 1563 304 Simplicitate.
1586 271 1644 300 Non
1661 274 1730 300 alio-

107 298 154 333 Μὴ
178 297 226 333 τὴν
247 298 304 324 ¹ιῶν
329 299 421 328 ἄλλων
433 301 456 318 ⁹¹
470 298 643 339 Θηρώμενοξ
653 305 741 339 δόξαν,
754 307 822 334 ἀλλὰ
846 308 897 344 τὴν

108 345 203 380 χρείαν
216 344 264 371 τοῦ
281 345 413 380 δεομένου
430 348 553 384 πληρῶν·
564 351 630 386 μηδὲ
644 354 783 388 λογισμοῖς
796 362 896 389 κεχρη-

110 390 200 426 μένος,
215 391 271 418 εἴτε
294 392 404 428 ἀπόχρη
422 394 456 420 τὰ
470 395 534 422 ὄντα
547 415 555 427 ,
573 396 627 423 εἴτε
648 398 696 424 καὶ
713 399 762 434 μή·
779 399 846 426 ἀλλὰ
856 400 896 435 τῷ

107 436 168 472 Θεῷ
183 437 302 473 θαρρῶν,
325 439 373 465 καὶ
391 440 539 476 φιλοτίμως
557 442 607 478 τὴν
618 444 749 479 χορηγίαν
768 445 896 480 ποιούμε-

107 491 163 515 νος.

142 532 178 564 η’,
195 529 227 558 θ’.
248 531 280 556 '0
303 531 523 566 προϊστάμενος
554 533 590 560 ἐν
612 536 749 570 σπουδῇ·
767 538 783 564 ὁ
801 537 895 565 ἐλεῶν

107 575 141 601 ἐν
156 576 318 609 ιλιιρότητι.
351 577 382 604 Ἠ
405 578 504 613 ἀγάπη
524 579 732 615 ἀνυπόκριτος.
751 583 818 609 Μετ’
833 584 894 611 ἐπι-

107 621 210 652 στάσεως
234 622 324 649 πάντα
339 623 494 658 νομοθετεῖ,
521 626 568 652 καὶ
595 627 644 661 τὴν
667 627 716 661 μὲν
732 628 893 664 κηδεμονίαν

108 666 254 693 σπουδαίαν
274 665 344 695 εἶναι
359 669 475 702 κελεύει,
489 670 560 697 ὥστε
579 671 615 707 μὴ
637 672 723 708 ὄνομα
737 672 806 700 εἶναι
823 677 893 711 πρά-

105 721 209 746 γματος
224 712 341 749 ἔρημον·
358 716 390 750 τῇ
405 716 433 741 δὲ
447 716 554 752 εὐποιία
569 719 618 752 τὴν
639 718 808 755 εὐφροσύνην
831 729 892 747 συν‹

104 758 260 794 τάττει,τῆς
273 760 440 794 μεταδόσεως
451 762 608 796 ὑποφαίνων
622 763 652 789 τὸ
663 765 756 799 κέρδος
770 774 776 779 ·
786 766 892 802 χαίρειν

104 806 156 839 γὰρ
173 805 301 832 εἰώθασιν
317 808 341 833 οἱ
357 807 552 843 κερδαίνοντες.
564 809 649 836 Τοῦτο
666 811 712 837 καὶ
739 812 890 846 Κορινθίοις

102 850 267 877 ἐπιστέλλων
294 851 345 887 ἔφη
358 859 364 866 ·
384 861 393 878 ι
414 852 459 888 Μὴ
482 854 514 880 ἐκ
533 853 634 890 λύπης,
652 856 668 890 ἢ
695 856 723 888 ἐξ
746 857 888 892 ἀνάγκης·

102 896 192 931 Ξλαρὸν
207 896 263 931 γὰρ
276 896 356 932 δότην
372 898 467 933 ἀγαπᾷ
486 899 499 925 ὁ
514 899 590 931 Θεός.
611 909 620 925 ι
639 900 693 926 Καὶ
709 901 759 936 τὴν
779 902 889 938 ἀγάπην

100 941 127 968 δὲ
138 942 254 976 γνησίαν
269 940 339 969 εἶναι
364 945 519 980 παρεγγυᾷ,
532 945 579 971 καὶ
602 946 651 981 τῆς
672 947 844 981 ὑποκρίσεως
859 948 889 975 τὸ

101 989 271 1022 προσωπεῖον
281 988 416 1017 ἐκϐάλλει,
433 990 691 1025 Ἀποστυγοῦντες
701 993 734 1019 τὸ
745 994 887 1028 πονηρὸν,

100 1032 282 1067 κολλώμενοι
304 1032 345 1066 τῷ
367 1034 476 1069 ἀγαθῷ.
496 1035 582 1063 Πάλιν
598 1037 646 1072 οὐχ
670 1038 762 1069 ἁπλῶς
775 1036 889 1072 εἷπε,τὸ

100 1079 146 1114 μὲν
161 1079 288 1113 φεύγειν,
301 1080 332 1106 τὸ
354 1080 383 1107 δὲ
410 1081 587 1116 μεταδιώκειν
600 1091 606 1098 ·
620 1083 687 1110 ἀλλᾶ
706 1084 755 1119 τήν
772 1085 820 1120 μὲν
839 1093 888 1112 πο-

97 1126 190 1160 νηρίαν
208 1126 278 1160 ἄγαν
293 1128 383 1161 μισεῖν
396 1128 592 1164 παρηγγύησε,
606 1131 639 1165 τῇ
662 1130 690 1156 δὲ
705 1130 760 1158 τῶν
775 1131 887 1164 ἀγαθῶν

96 1171 208 1206 ἐργασία
231 1172 367 1207 συνῆφθαι
392 1173 452 1200 λίαν
470 1174 645 1210 προσέταξεν,
657 1173 714 1203 οἷόν
737 1185 789 1204 τινι
803 1177 886 1214 κόλλῃ

96 1217 125 1252 τῇ
144 1215 265 1243 διαθέσει
279 1218 447 1252 χρωμένους.

129 1261 153 1288 ι’.
173 1261 215 1296 Τῇ
235 1263 421 1298 φιλαδελφίᾳ
440 1265 484 1297 εὶς
505 1265 661 1300 ἀλλήλους
677 1269 882 1303 φιλόστοργοι,

95 1305 129 1340 τῇ
147 1306 220 1341 τιμῇ
239 1308 400 1342 ἀλλήλους
419 1311 645 1345 προηγούμενοι.
671 1312 781 1348 Θερμὴν
808 1313 883 1349 ἔχετε

95 1352 139 1378 καὶ
155 1352 281 1387 ἀδελφοῖς
296 1354 454 1389 πρέπουσαν
463 1357 513 1390 τὴν
525 1358 588 1392 περὶ
601 1357 731 1394 ἀλλήλους
746 1359 880 1386 διάθεσιν·

93 1399 291 1434 πιραχωρείτω
304 1399 332 1425 δὲ
344 1400 461 1433 ἕκαστος
469 1402 524 1428 τῶν
541 1403 682 1437 πρωτείων
696 1403 734 1439 τῷ
746 1404 768 1421 ’⁸³
784 1405 878 1436 πέλας.

92 1443 175 1470 Τοῦτο
195 1444 251 1479 γὰρ
268 1444 317 1480 τῆς
327 1445 444 1481 ἀληθοῦς
456 1447 648 1483 φιλοστοργίας
666 1451 826 1485 τεκμήριον.

125 1493 169 1517 ια’.
187 1490 227 1525 Τῇ
242 1491 365 1526 σπουδῇ
377 1492 420 1526 μὴ
436 1493 566 1526 ὀκνηροΙ.
589 1494 740 1530 Ἀκραιφνῆ
758 1495 879 1522 δεικνύνσ

91 1545 132 1568 τες
148 1537 200 1573 τὴν
215 1537 279 1571 περὶ
302 1538 335 1564 τὰ
351 1539 421 1565 καλὰ
446 1539 600 1575 προθυμίαν
612 1560 618 1572 ,
638 1541 714 1567 mi.“
731 1541 776 1567 τὸν
801 1541 879 1568 ὄκνον

949 320 1008 339 rum
1024 317 1139 348 captans
1157 315 1282 349 gloriam,
1298 315 1346 343 sed
1363 316 1422 349 ejus
1445 317 1492 352 qui
1516 316 1619 352 indiget
1633 318 1730 353 impia:

948 359 1113 388 subveniens
1127 370 1133 388 :
1149 369 1198 389 nec
1211 362 1281 397 apud
1295 370 1325 389 se
1342 363 1512 390 ratiocinatus
1527 371 1560 389 an
1574 371 1634 398 quae
1647 363 1728 391 habet

946 405 1001 432 sibi
1016 406 1163 439 sulliciant,
1178 414 1213 434 an
1228 415 1282 434 non
1300 416 1306 434 :
1325 407 1371 435 sed
1389 408 1416 434 in
1436 407 1490 435 Deo
1513 416 1588 443 spem
1610 416 1727 443 ponens.

945 452 985 478 'et
1002 452 1125 480 studiose
1142 461 1202 488 qua:
1221 459 1368 489 suppetunt
1381 462 1507 489 erogans.

981 540 1063 569 Vsus.
1082 542 1109 575 8,
1128 542 1154 569 9.
1178 542 1230 576 Qui
1256 548 1348 577 pra'est
1391 543 1417 570 in
1444 543 1624 570 sollicitudine
1646 565 1652 572 .
1681 544 1728 579 qui

945 587 1084 614 miseretur
1113 589 1140 614 in
1168 588 1314 616 hilaritate.
1338 589 1451 616 L’ilectio
1468 590 1523 616 sine
1547 590 1725 617 simulatione.

943 633 1010 660 Cum
1032 633 1205 661 vehementia
1236 635 1330 661 omnia
1361 635 1473 666 statuit,
1499 639 1526 662 et
1553 635 1726 662 curationem

943 678 1055 713 quidem
1068 686 1129 706 esse
1142 679 1221 713 jubet
1236 679 1406 714 diligentem.
1421 687 1455 706 ne
1471 679 1559 707 solum
1576 680 1612 707 sit
1628 687 1726 707 nomen

943 726 1046 759 absque
1063 732 1103 752 re.
1119 725 1309 753 Beneﬂcentia:
1334 730 1423 753 autem
1445 726 1565 753 la-titiam
1591 727 1725 761 adjungit,

942 770 1112 805 crogationis
1126 771 1232 798 lucrum
1245 770 1403 798 ostendens.
1417 770 1512 798 Solent
1524 772 1597 798 enim
1608 772 1726 805 gaudere

941 817 989 851 qui
1006 818 1158 845 lucrantur.
1175 816 1231 845 lloc
1249 817 1332 844 etiam
1348 817 1419 845 dicit
1439 818 1565 845 scribens
1582 817 1614 845 ad
1629 818 1726 846 Corin-

941 863 1014 890 thios
1031 871 1037 889 :
1055 872 1064 888 ι
1083 862 1141 890 Non
1165 871 1197 890 ex
1226 863 1337 890 tristitia
1353 884 1360 895 ,
1390 867 1438 890 aut
1463 871 1498 891 ex
1531 864 1697 891 necessitate
1717 873 1723 890 :

942 908 1055 936 hilarem
1073 909 1145 936 enim
1161 909 1282 937 datorem
1299 909 1389 944 diligit.
1403 909 1473 937 Deus
1483 915 1508 936 ιι.
1527 919 1535 935 ι
1556 908 1642 936 Porro
1658 910 1724 937 dile-

940 955 1059 982 ctionem
1079 963 1187 990 quoque
1203 955 1341 982 sinceram
1358 963 1418 982 esse
1438 955 1573 990 prmcipit,
1596 960 1622 982 et
1636 956 1723 983 simu—

939 1001 1050 1029 lationis
1063 1009 1210 1036 personam
1228 1001 1330 1036 reiicit.
1352 999 1475 1028 0diente:
1496 1000 1616 1034 malum,
1634 1001 1723 1028 adita-

939 1052 1023 1075 rentes
1045 1048 1121 1075 bona.
1140 1046 1246 1075 Rursus
1273 1054 1327 1074 non
1356 1047 1425 1074 dixit
1451 1047 1638 1082 simpliciter,
1669 1046 1722 1074 hoc

939 1094 1048 1130 quidem
1074 1094 1177 1130 fugere,
1196 1093 1263 1121 illud
1282 1101 1345 1121 vero
1367 1095 1494 1128 persequi
1520 1101 1527 1120 :
1556 1092 1604 1120 sed
1624 1092 1720 1120 vitium

937 1140 1047 1175 quidem
1066 1141 1242 1168 vehementer
1255 1140 1364 1172 odisse,
1391 1141 1526 1168 bonorum
1544 1143 1636 1167 autem
1654 1146 1720 1174 ope-

937 1187 1037 1214 rationi
1063 1186 1142 1214 valde
1159 1186 1298 1214 adhaerere
1325 1185 1471 1221 praecipit,
1495 1185 1642 1213 all'ectione
1658 1190 1721 1212 tan-

936 1241 1018 1270 quam
1033 1233 1140 1269 glutine
1153 1225 1247 1268 aliquo
1266 1236 1384 1261 utentes.

973 1280 1057 1307 Vens.
1072 1280 1114 1307 10.
1133 1279 1270 1307 Cltaritate
1290 1279 1469 1314 fraternitatis
1481 1279 1591 1307 invicem
1607 1278 1721 1313 diligen-

935 1330 984 1358 tes,
1001 1325 1097 1352 honore
1118 1325 1228 1352 invicem
1243 1325 1439 1360 prwvcnientes.
1455 1324 1558 1352 llabete
1579 1324 1719 1351 ardentem

934 1377 961 1400 et
980 1371 1112 1399 fratribus
1129 1371 1339 1399 convenientem
1364 1371 1435 1398 inter
1459 1378 1509 1398 vos
1526 1370 1695 1397 aﬂ'ectionem
1711 1379 1718 1396 τ

933 1418 1012 1446 cedat
1024 1423 1114 1445 autem
1131 1418 1321 1453 unusquisque
1338 1418 1462 1452 proximo
1480 1417 1583 1452 primas
1601 1420 1694 1452 partes
1712 1426 1717 1443 :

933 1465 986 1492 hoc
1003 1469 1045 1492 est
1059 1465 1130 1491 enim
1150 1464 1227 1499 133
1241 1471 1311 1491 verm
1326 1463 1453 1490 amicitia:
1467 1463 1610 1490 indicium.

968 1510 1051 1538 Vens.
1076 1510 1119 1536 ll.
1132 1509 1316 1537 Sollicitudine
1339 1517 1391 1536 non
1406 1504 1485 1544 pigri.
1502 1509 1603 1535 Puram
1618 1512 1645 1535 et
1661 1509 1719 1535 sin-

932 1564 1024 1584 ceram
1042 1546 1126 1582 animi
1143 1554 1385 1590 protnptitudinem
1406 1555 1438 1581 ad
1456 1562 1487 1581 ea
1510 1561 1570 1588 quae
1587 1558 1651 1581 sunt
1668 1554 1716 1580 ho-

91 1582 229 1615 παντελῶς
244 1583 451 1616 ἀπελαύνοντες.
479 1586 521 1617 Τῷ
541 1587 687 1621 πνεύματι
709 1587 832 1621 ζέοντες.
844 1602 880 1608 -—

935 1605 1010 1629 nesta
1039 1601 1225 1632 ostendentes,
1251 1605 1278 1627 et
1301 1600 1459 1628 socordiam
1486 1600 1599 1627 omnino
1627 1599 1718 1634 expri-

91 1630 210 1663 Πνεῦμα
220 1628 252 1655 τὸ
267 1629 389 1665 χάρισμα
405 1631 634 1667 προσηγόρευσεν.
652 1633 738 1668 ’Υλην
753 1634 780 1659 δὲ
794 1633 881 1669 τούτῳ

91 1675 267 1709 προσφέρειν,
298 1675 424 1711 καθάπερ
453 1676 519 1709 ξύλα
547 1678 632 1713 πυρὶ,
649 1678 699 1713 τὴν
723 1679 880 1714 προθυμίαν

90 1721 255 1748 helenae".
265 1721 350 1748 Τοῦτο
360 1721 389 1748 δὲ
405 1722 452 1748 καὶ
463 1722 578 1758 ἑτέρωθι
589 1723 673 1757 λέγειν
691 1734 700 1749 ‹
713 1725 749 1750 Τὸ
767 1724 879 1760 Πνεῦμα

91 1768 126 1804 μὴ
142 1768 280 1796 σῦἐννυτε.
294 1779 303 1795 ι
321 1769 467 1795 Σ6έννυται
482 1769 510 1795 δὲ
523 1770 553 1796 τὸ
565 1770 676 1805 Πνεῦμα
690 1773 745 1802 τοῖς
762 1771 879 1804 ἀναξίοις

89 1815 135 1848 τῆς
149 1815 271 1850 χάριτος.
289 1815 345 1841 Οὐκ
356 1814 465 1850 ἔχοντες
479 1816 534 1851 γὰρ
554 1815 674 1851 καθαρὸν
690 1818 740 1852 τῆς
760 1817 879 1850 διανοίας

89 1860 117 1886 τὸ
129 1860 216 1895 ὄμμα,
231 1860 281 1896 τὴν
297 1861 396 1895 αἴγλην
412 1861 520 1896 ἐκείνην
537 1861 567 1888 οὐ
585 1861 720 1897 δέχονται.
741 1862 820 1889 Οὕτω
831 1863 879 1890 καὶ

88 1908 141 1938 τοῖς
153 1906 184 1932 τὸ
202 1905 284 1941 σῶμα
300 1906 484 1940 τυφλώττουσι
505 1907 600 1939 σκότος
622 1908 681 1934 ἐστὶ.
696 1909 743 1935 καὶ
761 1909 791 1935 τδ
810 1909 876 1944 φῶς,

89 1952 133 1978 καὶ
148 1952 177 1978 ὲν
199 1953 359 1988 μεσημϐρίᾳ
388 1953 459 1989 μέσῃ
482 1953 521 1988 τῷ
550 1953 623 1988 ζόφῳ
646 1954 812 1983 δουλεύουσι.
829 1955 878 1982 Διά

89 1997 165 2024 τοῦτο
185 1997 257 2029 ζέειν
274 1998 348 2033 ἡμᾶς
371 1998 477 2025 κελεύει
493 1998 533 2034 τῷ
551 1999 698 2034 πνεύματι,
710 2000 760 2027 καὶ
776 2000 878 2036 θερμὸν

88 2042 155 2078 ἐχειν
167 2043 276 2079 περὶτὰ
288 2043 347 2071 θεῖα
360 2044 405 2071 τὸν
424 2044 516 2072 πόθον.
533 2045 619 2072 Τοῦτο
631 2046 686 2081 γὰρ
701 2045 839 2081 ἐπήγαγε·

122 2143 163 2176 Τῷ
178 2145 277 2178 Κιφίῳ
293 2145 501 2179 δουλεύοντες,
513 2145 581 2181 (ιβ’.)
592 2146 630 2181 τῇ
641 2146 743 2174 ἐλπίδι
757 2145 877 2181 χαίρον-

88 2197 142 2222 τες,
156 2189 195 2224 τῇ
211 2191 315 2224 θλίψει
330 2191 546 2226 ὑπομένοντες,
561 2191 599 2226 τῇ
614 2191 772 2226 προσευχῇ
787 2199 878 2227 προσ-

88 2236 308 2270 καρτεροῦντες.
329 2237 358 2264 '0
375 2238 429 2273 γὰρ
441 2237 480 2273 τῷ
500 2238 636 2273 πνεύματι
650 2238 729 2271 ζέων,
743 2239 791 2266 καὶ
808 2247 875 2274 προ-

87 2281 177 2316 θύμως
187 2282 227 2318 τῷ
237 2282 360 2319 Δεσπότῃ
375 2283 506 2316 δουλεύει,
523 2285 571 2310 καὶ
584 2284 735 2320 προσμένει
757 2284 811 2311 τῶν
829 2285 874 2311 ὲλ-
889 2274 911 2301 Ῑ)

88 2326 239 2362 πιζομένων
256 2328 368 2362 ἀγαθῶν
383 2328 431 2365 τὴν
459 2330 620 2366 ἀπόλαυσιν,
639 2331 686 2357 καὶ
709 2331 764 2357 τῶν
788 2340 875 2366 προσ-

87 2372 239 2400 πιπτόντων
268 2373 437 2409 περιγίνεται
469 2374 649 2410 πειρασμῶν,
680 2377 742 2408 ταίς
770 2375 873 2404 τούτων

88 2420 249 2455 προσϐολαῖς
263 2422 314 2457 τὴν
330 2422 468 2458 ὑπομονὴν
485 2423 662 2455 ἀντιτάττων,
673 2424 719 2451 καὶ
732 2423 782 2459 τὴν
797 2423 873 2451 θείαν

88 2466 162 2501 χάριν
191 2467 327 2502 διηνεκῶς
342 2468 380 2499 εις
406 2469 565 2504 συμμαχίαν
588 2469 698 2509 καλῶν..
710 2470 794 2497 Τοῦτο
818 2470 873 2506 γὰρ

88 2511 154 2545 εἷπε,
172 2512 211 2548 τῇ
231 2514 391 2549 προσευχῇ
413 2516 725 2550 προσκαρτεροῦντες,
737 2516 871 2549 τουτέστι,

87 2558 215 2593 διηνεκῶς
233 2559 314 2587 τοῦτο
333 2560 459 2595 δρῶντες.

121 2609 162 2638 ιγ’,
181 2605 249 2639 Ταῖς
265 2605 380 2640 χρείαις
405 2605 464 2632 τῶν
480 2606 572 2641 ἁγίων
592 2607 817 2641 κοινωνοῦντες.
833 2609 872 2644 Τῇ

90 2652 175 2687 μνήμῃ
191 2652 240 2687 τῆς
256 2652 404 2683 κοινωνίας
420 2653 460 2683 είς
485 2652 640 2688 φιλοτιμίαν
651 2654 808 2690 προτρέπει.
825 2654 873 2686 Τίς

89 2698 136 2731 γαρ
150 2698 199 2733 οὐχ
214 2698 334 2733 αἱρεῖται
353 2698 513 2733 μεταδοῦναι
534 2700 693 2736 χρημάτων,
710 2700 756 2726 καὶ
783 2709 873 2727 κοινω-

120 2791 133 2805 ι
152 2787 172 2814 ll
193 2788 259 2816 Cor.
280 2795 308 2814 ix
321 2806 328 2819 ,
342 2787 369 2813 'l.
406 2792 416 2802 '
434 2786 445 2813 1
464 2786 561 2816 Thess.
579 2797 605 2822 ν,
622 2789 664 2816 19.

932 1648 1029 1676 lentes.
1045 1646 1149 1682 Spiritu
1167 1647 1306 1681 ferrentes.
1332 1661 1367 1666 —
1388 1645 1517 1681 Spiritum
1536 1644 1650 1680 gratiam
1668 1652 1717 1678 ap-

932 1693 1043 1728 pellavit
1059 1702 1065 1720 :
1084 1693 1107 1719 ei
1128 1696 1219 1719 autem
1241 1692 1396 1725 materiam,
1411 1696 1542 1726 tanquam
1561 1690 1616 1725 igni
1633 1690 1717 1725 ligna,

931 1739 1054 1774 przubere
1069 1738 1152 1765 animi
1172 1738 1416 1773 promplitudiuem
1441 1736 1536 1771 jussit.
1558 1735 1614 1762 lloc
1626 1739 1717 1764 autem

929 1786 1010 1812 etiam
1033 1785 1097 1812 alibi
1121 1785 1210 1811 dicit:
1234 1793 1243 1810 ι
1268 1784 1401 1819 Spiritum
1426 1791 1460 1811 ne
1484 1782 1649 1818 exstinguite
1667 1785 1690 1810 ο,
1706 1791 1714 1806 ι

930 1831 1121 1867 Exstinguitur
1141 1836 1231 1858 autem
1248 1830 1369 1865 Spiritus
1397 1829 1432 1857 iis
1459 1829 1506 1865 qui
1528 1833 1592 1856 sunt
1614 1829 1717 1863 indigni

930 1877 1028 1913 gratia.
1048 1877 1114 1905 Cum
1132 1878 1204 1905 enim
1224 1885 1320 1912 purum
1340 1877 1441 1904 mentis
1465 1876 1574 1903 Oculum
1602 1883 1658 1902 non
1671 1875 1718 1901 ha-

929 1924 1024 1956 beant,
1043 1923 1219 1959 splendorem
1245 1923 1323 1950 illum
1345 1930 1399 1950 nou
1420 1921 1584 1956 suscipiunt.
1613 1921 1651 1948 ita
1684 1921 1716 1947 iis

928 1971 1010 1998 etiam
1026 1971 1072 2005 qui
1087 1977 1204 2005 corpore
1230 1969 1389 2000 cmcutiunt,
1414 1968 1458 1995 lux
1470 1975 1579 2003 quoque
1596 1970 1660 1994 sunt
1679 1972 1716 1993 te-

920 2018 1031 2049 -nebrze,
1051 2021 1077 2044 et
1094 2016 1122 2044 in
1139 2017 1201 2051 ipso
1214 2015 1329 2043 meridie
1344 2014 1455 2050 caligini
1471 2012 1667 2042 suntobnoxii.
1682 2011 1716 2039 Et

928 2062 989 2089 ideo
1011 2060 1089 2096 jubet
1111 2068 1162 2088 nos
1187 2061 1286 2096 spiritu
1311 2060 1427 2091 fervere,
1444 2063 1471 2087 et
1498 2059 1598 2086 habere
1614 2057 1715 2086 ardens

928 2115 1019 2135 rerum
1033 2107 1186 2134 divinarum
1200 2105 1377 2133 desiderium.
1392 2104 1449 2132 Hoc
1463 2104 1536 2131 enim
1551 2103 1695 2138 subjuuxit
1707 2111 1714 2130 :

964 2152 1076 2180 Domino
1095 2152 1244 2184 servientes,
1261 2151 1358 2185 (Vsus.
1375 2151 1432 2186 12.)
1447 2158 1492 2185 spe
1512 2149 1667 2185 gaudentes,
1687 2149 1715 2176 in

928 2198 1100 2226 tribulatione
1119 2199 1260 2233 patientes,
1280 2198 1397 2225 orationi
1414 2197 1553 2224 instantes.
1572 2195 1624 2228 Qui
1640 2195 1713 2223 enim

928 2246 1014 2274 fervet
1030 2245 1139 2281 spiritu,
1159 2249 1187 2273 et
1198 2244 1314 2273 Domino
1328 2244 1456 2272 alacriter
1473 2243 1569 2276 servit,
1584 2247 1612 2270 et
1629 2242 1714 2270 bono-

925 2299 987 2319 rum
1007 2299 1068 2326 qua:
1096 2295 1245 2326 sperantur
1261 2290 1382 2318 fructum
1403 2293 1557 2325 exspectat,
1578 2292 1605 2316 οι
1623 2288 1715 2316 insur-

923 2342 1026 2374 gentes‘
1041 2338 1207 2365 teulationes
1226 2341 1347 2372 superat,
1361 2344 1455 2364 earum
1473 2335 1628 2363 insultibus
1647 2334 1714 2361 tole-

923 2384 1040 2411 rantiam
1071 2383 1216 2418 objiciens,
1236 2385 1246 2396 '
1271 2387 1299 2411 et
1331 2383 1430 2410 divina:
1450 2382 1544 2417 gratia:
1579 2381 1712 2408 auxilium

924 2429 1037 2458 assidue
1059 2430 1222 2464 implorans.
1249 2429 1307 2457 Hoc
1329 2429 1401 2456 enim
1427 2429 1513 2461 dixit,
1536 2427 1651 2454 orationi
1669 2427 1712 2453 in-

925 2479 1037 2507 stantes,
1056 2475 1082 2502 id
1098 2479 1148 2509 est,
1165 2475 1274 2502 assidue
1289 2475 1340 2502 hoc
1357 2475 1498 2502 iacientes.

961 2607 1103 2635 VERS.15.
1132 2605 1342 2634 Necessitatibus
1378 2609 1532 2631 sanctorum
1566 2602 1710 2630 communi-

925 2659 1024 2682 cantes.
1043 2653 1182 2681 Mentione
1197 2652 1269 2680 facta
1286 2649 1558 2683 comnmnicationis,
1583 2649 1710 2677 hortatur

928 2699 961 2727 ad
977 2700 1182 2728 liberalitatem.
1197 2698 1266 2732 Quis
1279 2697 1351 2725 enim
1366 2705 1418 2725 non
1434 2697 1551 2726 libenter
1562 2695 1707 2731 pecuniam

717 2846 836 2874 VARUS
855 2846 1058 2874 LECTIONES.

122 2924 144 2943 ι’
159 2926 176 2950 Α
195 2924 249 2950 τῶν
268 2923 427 2958 ἀνθρώπων.
465 2924 486 2940 ’⁸
499 2924 539 2952 Ita
554 2927 579 2952 et
596 2924 628 2952 Α.
646 2924 700 2953 Sed
714 2923 734 2952 Β
750 2923 806 2952 τοῦ.
844 2924 865 2941 ’³
880 2924 932 2952 Pro
952 2924 998 2950 καὶ
1024 2924 1104 2952 habet
1120 2924 1141 2951 A
1158 2923 1258 2955 ἁπλῶς.

1298 2923 1319 2938 ’³
1334 2921 1377 2949 Sic
1396 2925 1422 2950 el
1442 2921 1473 2949 A.
1492 2920 1542 2948 Sed
1563 2920 1582 2947 Ι]
1599 2921 1720 2948 txitur.
