2004 3109
150 170 201 202 I08

570 167 874 199 INTERPIIETATIO
885 166 1002 197 EPIST.
1017 166 1068 197 AD
1084 166 1175 196 ROM.
1191 167 1268 196 CAP.
1283 166 1368 197 XIII.

1715 167 1763 201 195.

143 227 191 253 τὸν
204 225 302 262 Θυμδν,
322 226 352 252 οὐ
366 225 406 261 τῷ
429 224 523 260 ἀγαθῷ
539 225 570 252 τὸ
596 226 679 253 κακὸν
699 225 815 260 αὐξῆσαι
831 223 929 259 πειρὼ-

983 229 1050 256 gere
1065 221 1190 249 students.
1207 222 1284 254 Quod
1302 222 1375 248 enim
1400 227 1450 247 nos
1464 221 1604 256 sapientiae
1623 224 1764 251 studiosos

145 281 238 307 μενος.
257 270 317 300 Ὅτι
347 273 400 307 γὰρ
423 272 575 307 φιλοσοφεῖν
604 272 708 299 κελεύει
722 292 728 304 ,
745 272 792 298 καὶ
811 271 845 298 τὰ
867 270 931 305 ἑξῆς

144 319 277 346 διδάσκει.

180 364 234 391 κίί.
249 365 300 397 Μὴ
316 364 388 390 νικῶ
403 363 461 391 ὑπὸ
479 364 531 390 τοῦ
543 364 647 396 κακοῦ,
664 364 744 390 ἀλλὰ
759 363 830 390 νίκα
843 363 878 389 ἐν
892 361 932 394 τῷ

143 411 246 444 ἀγαίΙῴ
261 411 295 437 τὸ
308 410 463 443 κακόν-..Τὸ
480 410 528 444 μὲν
541 410 596 445 γὰρ
608 409 768 444 ἀμύνεσθαι,
783 410 833 444 τὴν
848 407 931 445 ἧτταν

146 457 276 491 σημαίνει
289 465 295 471 ·
315 456 374 492 νίκη
389 456 418 482 δὲ
434 456 574 491 προφανὴς
584 477 590 488 ,
609 456 639 482 τὸ
653 457 709 487 τοῖς
724 455 836 489 ἀγαθοῖς
854 454 932 490 ἀμεί-

145 501 240 528 ϐεσθαι
261 501 296 528 τὰ
313 501 397 535 κακά.
414 501 492 528 Οὕτω
507 502 551 528 διὰ
575 501 677 528 τούτων
691 501 721 527 τὺ
734 499 800 536 ἦθος
821 500 930 527 παιδεύ-

146 555 213 579 σας,
237 547 456 582 παρακελεύεται
482 547 527 573 καὶ
555 549 610 578 τοῖς
643 547 756 582 ἄρχουςι
771 546 819 581 τὴν
849 554 933 581 προσ-

145 595 267 627 ήκουσαν
286 593 433 628 ἀπονέμειν
449 594 539 628 τιμήν.
561 593 675 628 Προῄδει
691 594 754 628 γὰρ,
772 592 818 619 ἅτε
833 592 864 627 δὴ
885 591 931 618 τοῦ

145 639 281 673 παναιτίου
299 639 455 674 Πνεύματος
468 639 601 670 πλουσίως
615 638 662 674 τὴν
680 639 759 674 χάριν
774 637 930 672 δεξάμενος,

144 683 182 714 ὡς
198 693 289 715 τινες.
315 684 393 719 τύφῳ
415 683 545 719 μᾶλλονῆ
568 683 640 719 ζήλῳ
667 683 848 719 κεχρημένοι,
878 682 932 709 τῶν

145 731 282 765 βιωτικῶν
306 731 442 766 ἀρχόντων
462 730 697 764 καταφρονήσουσι
710 750 717 762 ,
737 728 847 764 μείζους
867 729 931 754 ἑαυ-

143 777 207 807 τοὺς
231 777 277 803 διὰ
297 777 346 812 τὴν
379 776 479 810 γνῶςιν
512 775 765 810 ὑπολαμϐάνοντες·
791 775 886 808 ἄλλως,
902 783 932 800 τε

144 823 191 849 καὶ
199 824 222 839 ⁹⁹
235 822 286 858 τὴν
301 823 499 858 καταχυοεῖσαν
512 822 600 849 αὐτῶν
615 822 693 854 δόξαν
706 822 929 857 ἀποτριϐόμενος,

142 869 222 895 τοῦτο
236 870 317 895 ποιεῖ.
333 869 507 895 Διεϐάλλοντο
524 868 595 904 γὰρ,
613 869 648 900 ὡς
665 870 726 900 τοὺς
743 869 848 899 κοινοὺς
864 868 931 893 ἀναν

142 914 292 949 τρέποντες
309 915 418 950 νόμους.
439 915 493 941 Καὶ
508 915 531 940 οἱ
548 915 597 950 μὲν
611 914 714 949 ἔλεγον·
735 915 767 940 Οί
779 914 827 949 τὴν
843 915 932 940 οἰκου-

144 961 230 997 μένην
248 961 503 993 ἀναστατώσαντες.
518 959 589 988 οὗτοι
612 961 660 988 καὶ
675 960 792 987 ἐνταῦθα
803 960 811 975 ¹
837 959 931 994 πάρει-

142 1015 186 1034 σιν
196 1015 203 1022 ·
219 1007 243 1033 ot
256 1007 294 1039 δὲ,
311 1007 351 1034 ὅτι
363 1006 444 1042 ἕτερα
457 1007 504 1041 ἔθη
520 1006 669 1040 εἰσάγουσι.
682 1004 824 1041 Προΰργον
842 1005 932 1031 τοίνυν

142 1054 254 1088 ἐνόμισε
270 1053 318 1080 καὶ
333 1053 398 1088 περὶ
413 1052 509 1079 τούτου
524 1052 718 1088 νομοθετῆσαι.

410 1139 606 1166 ΚΕΦᾹΛΑΙΟΝ
623 1140 670 1166 II".

178 1188 212 1213 α’.
232 1185 320 1212 Πᾶσα
337 1187 422 1220 ψυχὴ
440 1186 595 1218 ἐξουσίαις
619 1186 837 1220 ὑπερεχούσαις
859 1187 932 1213 ὐπο-

143 1231 335 1258 τασσέσθω¹.
357 1232 417 1258 Εἴτε
433 1231 522 1267 ἱερεύς
540 1231 580 1263 τίς
600 1232 684 1263 ἐστιν,
700 1232 754 1258 εἴτε
775 1232 930 1267 ἀρχιερεὺς,

143 1277 199 1303 εἴτε
217 1277 263 1303 τὸν
282 1278 386 1312 μονήρη
404 1277 460 1312 βίον
477 1277 711 1311 ἐπαγγελλόμενος
723 1299 729 1310 ,
750 1279 805 1309 τοῖς
819 1278 867 1309 τὰς
883 1279 932 1313 ἁρ-

145 1323 196 1358 χὰς
211 1323 441 1357 πεπιστευμένοις
458 1324 564 1350 εἰκέτω.
584 1324 721 1358 Πρόδηλον
735 1325 758 1350 εἰ
781 1325 839 1359 μετ’
853 1325 931 1351 εὐσε-

145 1369 236 1400 ϐείας·
254 1369 283 1395 οὐ
302 1368 356 1403 γὰρ
377 1369 394 1403 ὴ
409 1369 565 1400 ἐναντίωσις
581 1369 635 1395 τῶν
658 1369 772 1396 ἐντολῶν
795 1370 842 1396 τοῦ
865 1370 931 1396 Θεοῦ

145 1415 269 1441 ὑπείκειν
296 1416 434 1450 συγχωρεῖ
462 1416 517 1447 τοῖς
542 1415 683 1450 ἄρχουσιν.
703 1417 744 1442 Οὐ
769 1417 824 1452 γὰρ
846 1416 933 1444 ἐστιν

142 1461 280 1493 ἐξουσία,
294 1460 373 1494 εἰμὴ
388 1460 447 1487 ἀπὸ
460 1462 470 1477 ³
488 1461 572 1488 Θεοῦ.
593 1463 625 1488 Al
640 1462 674 1488 δὲ
692 1461 782 1489 οὖσαι
796 1463 932 1495 ἐξουσίαι

143 1506 204 1535 ὑπὸ
223 1506 277 1533 τοῦ
299 1506 372 1533 Θεοῦ
396 1508 571 1541 τεταγμέναι
593 1508 662 1534 εἰσί.
692 1509 746 1535 Καὶ
770 1508 857 1535 ταῦτα
883 1510 933 1544 τῆς

143 1553 192 1580 τοῦ
218 1552 286 1579 Θεοῦ
309 1553 480 1588 προμηθείας
507 1553 665 1589 ἐξήρτηται.
696 1554 782 1585 Αὐτὸς
805 1554 859 1590 γὰρ
884 1556 970 1592 τῆςο

143 1599 237 1634 κοινῆς
262 1598 491 1634 προμηθούμενος
511 1599 637 1631 εὐταξίας
649 1620 656 1632 ,
680 1601 743 1632 τοὺς
759 1601 807 1636 μὲν
825 1602 931 1636 ἄρχειν,

143 1646 191 1671 καὶ
209 1644 342 1680 ἄρχεσθαι
367 1645 558 1680 ψκονὸμησεν,
584 1643 638 1671 οἷόν
660 1654 721 1672 τινα
746 1646 855 1681 χαλινὸν
877 1649 933 1678 τοῖς

143 1690 268 1716 ἀδικοῦσι
291 1690 346 1716 τῶν
367 1690 506 1725 ἀρχόντων
529 1691 558 1717 τὸ
573 1691 631 1722 δέος
655 1692 813 1726 περιτιθείς.
836 1693 933 1719 ’ἰστέον

145 1736 256 1770 μέντοι,
280 1736 319 1767 ὡς
347 1736 376 1762 τδ
400 1737 493 1771 ἄρχειν
516 1737 562 1763 καὶ
583 1737 715 1772 ἄρχεσοαι
733 1738 784 1772 τῆς
798 1738 844 1764 τοῦ
864 1738 931 1764 Θεοῦ

144 1781 318 1817 προμηθείας
340 1781 490 1816 ἐξήρτησεν
509 1783 523 1808 ὁ
547 1782 619 1814 Οεῖος
643 1783 819 1815 ’Λπόστολος,
847 1784 877 1810 οὺ
902 1783 932 1810 τὸ

144 1827 189 1853 τὸν
203 1828 290 1859 δεῖνα,
306 1827 322 1862 ἢ
341 1828 386 1853 τὸν
401 1827 474 1854 δεῖνα
491 1828 595 1863 ἄρχειν.
612 1829 648 1855 Οὐ
664 1830 718 1865 γὰρ
736 1829 782 1856 τοῦ
795 1829 862 1856 Θεοῦ
877 1839 933 1865 χει-

146 1873 252 1908 ροτονίᾳ
281 1873 335 1899 τῶν
360 1873 460 1900 ἀδίκων
484 1875 500 1908 ἡ
525 1873 646 1906 ἐξουσία,
666 1875 723 1901 ἀλλ’
747 1876 815 1911 αὑτὴ
845 1877 861 1911 ἡ
884 1876 933 1910 τῆς

145 1921 294 1955 ἡγεμονίας
311 1921 462 1955 οἰκονομία.
482 1921 603 1957 Εὐμενὴς
629 1922 719 1957 μέντοι
746 1921 800 1955 ὢν,
827 1922 933 1949 δίδωσιν

145 1966 277 2002 ἄρχοντας
296 1967 435 2002 τιμῶντας
454 1967 484 1994 τὸ
501 1967 616 1995 δίκαιον.
635 1978 643 1993 ι
657 1968 742 1995 Δώσω
759 1968 813 2003 γὰρ
828 1969 931 1999 αὐτοῖς,

145 2013 222 2047 φησι,
234 2012 366 2047 ποιμένας
375 2012 444 2039 κατὰ
453 2012 501 2048 τὴν
511 2013 622 2048 καρδίαν
633 2022 694 2049 μου,
706 2015 753 2040 καὶ
771 2014 932 2049 ποιμανοῦσι

145 2055 242 2086 αὐτοὺς
258 2055 449 2090 ποιμαίνοντες
475 2058 532 2092 μετ’
548 2058 713 2093 ἐπιστήμης.
741 2069 749 2084 ι
768 2060 821 2085 Καὶ
835 2060 931 2085 πάλιν·

146 2110 155 2126 ι
174 2100 258 2127 Δώσω
284 2102 347 2132 τοὺς
370 2103 466 2137 κριτάς
489 2112 536 2130 σου
550 2123 557 2134 ,
578 2104 615 2135 ὡς
641 2104 671 2130 τὸ
701 2106 853 2140 πρότερον,
886 2106 933 2133 καὶ

143 2147 206 2178 τοὺς
230 2146 398 2182 συμϐούλους
414 2157 470 2179 σου,
492 2149 530 2180 ὡς
543 2149 573 2175 τὸ
595 2151 733 2186 ἀπαρχῆς.
758 2161 765 2176 ι
785 2151 932 2179 Παιδεῦςαι

143 2192 172 2219 δὲ
188 2192 415 2228 πλημμελοῦντας
433 2194 614 2231 βουλόμενος,
640 2197 687 2222 καὶ
709 2196 784 2232 παρὰ
806 2198 932 2233 πονηρῶν

143 2238 281 2273 ἀρχόντων
312 2239 444 2274 ἄρχεσθαι
474 2243 621 2277 συγχωρεῖ.
646 2251 655 2267 ι
681 2231 836 2278 Ἐπιο-τήσω
865 2231 928 2279 κὰρ,
949 2231 970 2258 D

145 2284 211 2318 φησι
222 2305 229 2317 ,
256 2285 414 2317 νεανίσκους
430 2286 561 2321 ἄρχοντας
575 2287 665 2314 αὐτῶν
680 2308 686 2320 ,
715 2289 763 2314 καὶ
779 2289 929 2323 ἐμπαῖκται

146 2329 335 2363 κυριεύσουσιν
351 2331 467 2358 αὐτῶν.)
478 2333 547 2359 Ἀλλ’
563 2334 608 2359 ἐπὶ
622 2333 655 2360 τὰ
668 2334 765 2369 δυνεχῆ
779 2343 828 2370 της
843 2336 929 2370 ἑρμη-

148 2374 220 2406 νείας
240 2376 398 2405 ἐπανελθεῖν
415 2379 519 2410 καιοός.

182 2465 215 2500 β’.
231 2464 322 2492 Ὥστε
345 2468 360 2493 ὀ
385 2467 639 2509 ἀντιτασσόμενος
660 2469 697 2503 τῇ
723 2470 865 2504 ἐξουσίᾳ,
894 2471 932 2506 τῇ

143 2511 197 2539 τοῦ
219 2513 295 2540 Θεοῦ
316 2512 443 2548 διαταγῇ
475 2514 673 2548 ἀνθέστηκεν.
703 2516 814 2548 Ὶκανῶς
847 2517 930 2544 ἐδεδί-

145 2558 217 2590 ξατο.
248 2560 280 2585 Οἱ
307 2558 341 2584 δὲ
367 2560 606 2594 ἀνθεστηκότες,
630 2561 748 2595 ἑαυτοῖς
768 2562 856 2597 κρῖμα
876 2564 932 2596 λή-

144 2605 262 2638 ψονται.
277 2604 433 2638 Τουτέστιν,
448 2606 592 2632 ὑπεύθυνοι
604 2608 744 2642 τιμωριῶν
760 2609 931 2644 γενήσονται.

144 2649 209 2676 Εἶτα
222 2649 344 2682 διβάσκει
362 2650 408 2677 καὶ
421 2652 469 2686 τῆς
492 2651 640 2687 ἡγεμονίας
653 2653 702 2688 τὴν
717 2654 824 2689 χρείαν.

174 2742 187 2757 υ
204 2738 265 2765 Act.
280 2745 355 2771 χιιι,
370 2737 395 2764 6.
435 2738 444 2756 ί
467 2739 527 2766 Act.
545 2747 606 2773 xu,
621 2739 665 2767 Eii.

703 2747 715 2760 υ
735 2741 835 2770 Jerem.
855 2751 901 2777 nt,
917 2743 961 2772 15.
997 2748 1013 2764 ν
1030 2744 1082 2771 Isa.
1102 2750 1125 2775 t.
1140 2741 1185 2769 26.

982 267 1157 302 essejubeat,
1171 267 1272 294 docent
1290 269 1374 294 etiam
1397 274 1458 300 qum
1472 272 1636 301 ει·‹ιιιιιιιιιιι·.

1019 356 1103 384 Vnus.
1122 357 1167 383 21.
1195 356 1259 383 Noti
1285 357 1354 383 vinci
1378 365 1394 382 a
1411 356 1546 388 malo,scd
1569 358 1640 384 vince
1653 358 1678 384 in
1698 359 1764 385 bona

983 403 1093 430 malum.
1113 403 1216 431 Ulcisci
1232 403 1317 436 enim,
1335 402 1493 430 inferiorem
1510 402 1594 430 fuisse
1606 403 1742 437 signiﬁcat
1757 414 1763 431 :

983 449 1095 477 evidens
1109 453 1200 476 autem
1215 449 1329 476 victoria
1342 452 1395 480 est,
1409 456 1458 481 pro
1469 448 1547 475 malis
1559 448 1629 475 bona
1641 449 1762 476 reddere.

983 494 1050 522 Cum
1071 503 1161 523 mores
1178 496 1228 522 hac
1241 495 1348 522 ratione
1371 494 1562 526 informassct,
1584 493 1662 528 jubet
1683 497 1764 520 etiam

983 541 1116 569 honorem
1144 541 1178 569 iis
1208 541 1255 576 qui
1283 545 1405 575 praesunt
1433 541 1643 567 convenientem
1670 540 1765 567 tribui.

983 586 1155 614 Praevidebat
1169 587 1255 620 enim,
1273 590 1366 620 utpote
1389 586 1435 621 qui
1449 586 1535 613 divini
1558 586 1679 620 Spiritus
1703 595 1767 621 ιιι-οη

984 633 1049 659 tiam
1069 633 1170 660 aifatim
1187 637 1342 668 acceperat,
1353 633 1411 660 fore
1427 635 1456 659 ιιι
1471 632 1612 665 nonnulli,
1630 632 1699 659 l‘astu
1716 640 1766 667 po-

983 678 1039 706 tius
1077 685 1158 713 quam
1189 678 1248 706 zelo
1266 681 1393 710 utentes,
1419 677 1596 712 magistratus
1620 677 1766 704 saeculares

984 728 1202 754 contemnerent.
1220 724 1338 759 majores
1351 731 1380 751 se
1393 724 1448 750 illis
1461 729 1572 758 propter
1590 723 1711 750 scientiae
1721 731 1768 750 co-

983 771 1134 805 gnitionem
1148 771 1339 798 existimantes
1357 779 1364 797 :
1380 775 1407 796 et
1421 770 1523 804 alioqui
1539 777 1663 804 sparsam
1678 770 1711 796 de
1724 770 1767 804 ip-

984 817 1022 843 sis
1036 817 1192 850 opinionem
1207 817 1314 843 amoliri
1328 817 1422 844 volens
1441 816 1491 843 hoc
1506 815 1581 842 facit.
1600 815 1670 843 Male
1692 816 1766 842 enim

984 861 1143 894 audiebant,
1164 866 1294 895 tanquam
1310 862 1356 896 qui
1378 862 1453 896 leges
1474 868 1636 888 communes
1659 865 1767 888 everte-

984 911 1044 934 rent
1063 915 1070 933 :
1090 912 1117 934 et
1137 908 1183 934 alii
1207 908 1317 942 quidem
1342 907 1492 934 dicebant:
1519 916 1528 932 ι
1544 907 1594 939 Qui
1609 907 1767 934 universum

983 957 1120 981 terrarum
1137 954 1232 981 orbem
1257 957 1432 986 everterunt,
1448 953 1502 987 ipsi
1527 953 1572 979 hic
1589 960 1699 988 quoque
1718 953 1767 979 ad-

983 1004 1048 1028 sunt
1063 1004 1092 1032 ';
1108 1009 1117 1026 ι
1135 1000 1181 1027 alii
1193 1006 1268 1033 vero,
1285 999 1358 1034 quod
1374 999 1442 1027 alias
1457 999 1671 1027 consuetudines
1683 998 1768 1024 intro-

982 1046 1085 1073 ducunt
1095 1047 1114 1072 ι.
1130 1045 1201 1074 Utile
1215 1045 1307 1080 itaque
1318 1044 1485 1072 existimavit
1499 1044 1533 1071 de
1549 1044 1601 1072 hoc
1616 1045 1698 1072 etiam
1714 1044 1766 1071 ali-

982 1093 1048 1128 quid
1065 1093 1226 1120 decernere.

1203 1138 1282 1173 ηε
1301 1137 1414 1164 CAPUT
1430 1135 1500 1164 xm.

1023 1185 1101 1212 flans.
1129 1185 1155 1211 1.
1185 1184 1278 1212 Omnis
1313 1184 1403 1210 anima
1427 1183 1600 1216 potestatibus
1631 1183 1768 1210 sublimio-

983 1231 1057 1258 ribus
1079 1231 1187 1258 subdita
1204 1231 1248 1258 sit.
1274 1230 1339 1257 Sive
1361 1233 1403 1257 est
1425 1229 1554 1257 sacerdos
1577 1229 1687 1264 aliquis,
1711 1229 1768 1256 sive

984 1277 1115 1309 antistes,
1133 1276 1191 1304 sive
1207 1275 1388 1302 monasticam
1404 1274 1486 1302 vitam
1503 1274 1655 1310 professus,
1671 1274 1704 1301 iis
1723 1281 1769 1300 ce-

984 1324 1030 1350 dat
1050 1323 1150 1358 quibus
1169 1321 1293 1349 mandati
1314 1324 1379 1349 sunt
1395 1321 1577 1356 principatus.
1595 1321 1707 1348 Clarum
1727 1323 1770 1347 est
1791 1349 1795 1353 Δ

983 1373 1085 1400 autem.
1099 1369 1121 1397 si
1137 1376 1198 1396 cum
1215 1369 1316 1404 pietate
1333 1377 1339 1395 :
1358 1375 1412 1396 non
1424 1368 1508 1400 enim,
1523 1368 1545 1394 si
1567 1367 1613 1394 Dei
1627 1367 1769 1401 praeceptis

984 1418 1146 1449 repugnent,
1165 1415 1373 1450 magistratibus
1384 1414 1498 1448 obsequi
1514 1413 1691 1448 pennittitur.
1708 1411 1769 1440 Non

983 1464 1021 1486 est
1031 1460 1100 1486 enim
1118 1464 1245 1494 potestas,
1264 1460 1316 1486 nisi
1336 1468 1351 1486 ο
1373 1459 1438 1486 Deo.
1456 1460 1521 1492 Qua:
1547 1463 1633 1485 autem
1647 1463 1707 1485 sunt
1724 1465 1770 1492 pa-

985 1510 1103 1538 testates,
1120 1513 1136 1531 α
1153 1505 1206 1532 Deo
1224 1506 1232 1516 '
1249 1505 1380 1532 ordinum:
1399 1506 1470 1531 sunt.
1486 1504 1520 1531 Et
1535 1504 1592 1531 haec
1607 1512 1622 1531 ιι
1636 1504 1683 1531 Dei
1704 1511 1769 1538 pro-

985 1551 1106 1578 videntia
1126 1551 1294 1585 dependent.
1318 1550 1377 1585 Ipse
1391 1550 1464 1577 cnim
1486 1550 1642 1577 communis
1663 1549 1769 1577 ordinis

984 1605 1079 1624 curam
1099 1604 1210 1631 gerens,
1239 1597 1289 1624 hos
1310 1596 1421 1631 quidem
1446 1596 1594 1630 imperare,
1615 1595 1677 1623 illos
1704 1602 1770 1622 vero

984 1651 1082 1679 parere
1095 1643 1224 1676 instituit,
1241 1642 1328 1670 veluti
1344 1642 1482 1677 quoddam
1497 1641 1604 1668 frenum
1620 1641 1655 1668 iis
1669 1641 1714 1676 qui
1728 1641 1769 1668 in-

982 1689 1056 1723 juste
1065 1693 1159 1724 agunt,
1171 1689 1364 1722 imperantium
1375 1688 1502 1714 timorem
1516 1687 1663 1714 incutiens.
1682 1685 1768 1713 Porro

984 1740 1073 1762 autem
1092 1735 1233 1763 sciendum
1251 1739 1303 1766 est,
1322 1735 1396 1770 quod
1411 1738 1439 1761 et
1455 1734 1603 1768 imperare,
1621 1733 1769 1767 etimperio

983 1781 1109 1813 subesse,
1132 1788 1147 1806 a
1168 1780 1261 1807 divina
1277 1779 1447 1815 providentia
1461 1779 1579 1814 pendere
1593 1778 1688 1805 doceat
1700 1777 1768 1804 divi-

984 1835 1036 1854 nus
1053 1826 1214 1862 Apostol’us.
1233 1834 1287 1853 non
1307 1830 1399 1853 autem
1427 1829 1457 1852 ut
1479 1824 1524 1852 hic
1542 1824 1584 1851 vel
1604 1824 1650 1851 ille
1665 1823 1767 1858 princi-

983 1877 1076 1909 patum
1098 1877 1201 1900 teneat.
1216 1872 1311 1907 Neque
1331 1871 1406 1899 enim
1436 1871 1594 1905 iniquorum
1627 1869 1768 1896 hominum

984 1924 1106 1955 potestas
1123 1927 1138 1946 a
1160 1920 1205 1947 Dei
1222 1919 1357 1946 electione
1371 1916 1506 1952 procedit,
1523 1916 1571 1943 sed
1588 1915 1647 1949 ipsa
1665 1914 1770 1949 princi»

984 1969 1064 2000 palus
1081 1965 1254 1992 constitutio.
1271 1963 1410 1997 Propitius
1421 1962 1533 1996 quidem
1549 1966 1624 1988 certe
1639 1960 1663 1986 si
1675 1959 1768 1990 fuerit,

983 2010 1028 2037 dat
1039 2010 1179 2045 principes
1188 2009 1346 2044 qnijustum
1357 2008 1486 2035 coluntet
1497 2006 1656 2033 observant.
1668 2013 1676 2030 ι
1696 2004 1770 2031 Dabo

983 2057 1056 2084 enim
1073 2057 1123 2089 eis,
1146 2056 1245 2090 inquit,
1262 2058 1390 2089 pastores
1405 2053 1557 2081 secundum
1569 2059 1617 2079 cor
1630 2059 1730 2083 meum,
1743 2055 1769 2078 et

985 2107 1097 2138 pascent
1110 2110 1157 2129 eos
1172 2105 1316 2136 pascentes
1330 2108 1393 2127 cum
1405 2099 1520 2127 scientia
1535 2103 1561 2126 ιι.
1577 2108 1587 2124 ι
1600 2097 1631 2124 Et
1650 2104 1746 2124 rursus
1761 2106 1766 2123 :

987 2159 995 2175 ‹
1021 2148 1095 2175 Dabo
1116 2147 1223 2182 judices
1251 2151 1313 2173 tuos
1332 2146 1405 2173 sicut
1435 2146 1522 2180 prius,
1547 2148 1573 2172 et
1593 2143 1769 2171 consiliarios

984 2199 1046 2222 tuos
1065 2193 1185 2221 sicutab
1203 2192 1283 2219 initio
1299 2197 1325 2220 ν.
1343 2202 1352 2218 ι
1368 2191 1437 2218 Cum
1455 2195 1546 2217 autem
1571 2189 1630 2216 vult
1649 2197 1696 2217 eos
1722 2189 1769 2224 qui

984 2246 1095 2276 peccant
1110 2240 1256 2274 castigare,
1269 2246 1316 2265 eos
1326 2239 1408 2265 etiam
1422 2244 1436 2264 a
1451 2237 1530 2263 malis
1543 2236 1712 2271 principibus
1728 2243 1769 2263 rc-

984 2288 1010 2322 gi
1035 2286 1177 2321 permittit.
1199 2295 1208 2310 ι
1235 2284 1408 2311 Constituam
1425 2283 1510 2313 enim,
1541 2282 1649 2316 inquit,
1676 2281 1770 2308 adole-

985 2332 1124 2360 scentulos
1134 2331 1273 2366 principes
1291 2337 1398 2360 eorum,
1408 2332 1435 2356 et
1449 2328 1576 2355 illusores
1589 2327 1770 2354 dominabun-

986 2382 1030 2404 tur
1047 2378 1086 2405 eis
1102 2381 1125 2404 ι.
1147 2387 1155 2402 ι
1174 2376 1226 2404 Sed
1241 2375 1296 2410 jam
1309 2380 1417 2410 tempus
1433 2377 1477 2401 est
1495 2376 1524 2399 ut
1541 2372 1574 2399 ad
1588 2372 1710 2407 proxima
1726 2372 1767 2398 in-

986 2423 1162 2457 terpretanda
1174 2427 1355 2449 revertamur.

1020 2469 1105 2496 Vens.
1133 2469 1162 2496 2.
1187 2468 1281 2504 Itaque
1296 2467 1341 2502 qui
1358 2466 1457 2493 resistit
1477 2465 1611 2500 potestati,
1639 2464 1686 2492 Dei
1701 2464 1770 2491 ordi-

984 2516 1087 2542 natiom’
1102 2515 1211 2542 resistit.
1237 2513 1353 2540 Abunde
1367 2512 1510 2540 exterruit.
1527 2512 1579 2544 Qui
1596 2515 1682 2538 autem
1706 2511 1770 2537 resi-

984 2566 1067 2593 stunt,
1078 2560 1185 2596 ipsisibi
1202 2559 1397 2586 damnationem
1409 2557 1558 2592 acquirunt.
1572 2555 1629 2583 Hoc
1641 2561 1693 2587 est,
1703 2564 1769 2590 sup-

981 2608 1073 2644 pliciis
1088 2611 1172 2634 erunt
1186 2605 1311 2633 obnoxii.
1328 2604 1406 2639 137
1425 2603 1528 2632 Deinde
1545 2604 1626 2632 docet
1639 2611 1766 2639 quaenam

982 2657 1015 2684 sit
1039 2655 1213 2692 principatus
1227 2653 1347 2681 utilitas.

1235 2749 1249 2763 ι
1269 2739 1322 2768 Isa.
1340 2747 1386 2773 ιιι,
1407 2740 1433 2766 ι.

795 2819 913 2848 νΑιιιΑς
935 2821 1136 2849 LECTIONES.

177 2873 200 2890 9’
212 2876 234 2900 A
251 2874 311 2909 ἃμα
325 2874 353 2900 δὲ
365 2874 419 2902 καί.

461 2875 502 2901 'A
514 2875 616 2903 ἐνθάδε.
653 2878 670 2913 ¹¹
681 2876 784 2905 Theod.
799 2878 833 2905 ad
848 2877 916 2906 Dan.
933 2879 1024 2913 1v,‘ll,
1047 2879 1245 2906 ὑποταττέσθω.

1285 2879 1294 2894 ³
1307 2878 1327 2905 Β
1341 2878 1402 2905 ὑπό.
