2004 3109
299 149 351 181 2‘27

798 145 1040 177 THEODORETI
1061 146 1229 176 EPISCOPI
1248 144 1431 175 CYRENSIS

1879 137 1933 168 228

301 208 426 233 versatus
439 207 492 236 est.
507 211 569 232 cum
594 203 728 231 Dominus
753 203 805 231 hoc
828 203 852 230 ei
869 208 964 240 aperte
989 211 1090 239 praece-

1144 205 1199 235 τοῖς
1212 203 1331 238 διέτριψε
1349 203 1454 238 χρόνον,
1471 201 1548 228 τοῦτο
1564 199 1611 227 τοῦ
1630 199 1765 227 Δεσπότου
1782 196 1934 233 διαρρήδην

300 251 404 287 pisset:
423 260 432 276 ε
451 249 586 284 Loquere.
612 249 703 285 inquit
720 249 834 282 adeum,
849 252 876 277 et
896 257 930 276 ne
942 249 1064 276 tacueris
1080 257 1086 274 :

299 301 343 324 cst
357 297 429 324 enim
449 296 514 323 mihi
536 297 638 324 mullus
655 295 773 330 populus
791 295 819 322 in
841 295 892 322 hac
907 295 1019 323 civitate
1034 302 1058 322 ι.
1077 305 1086 321 ι

299 341 368 369 Cum
384 349 450 377 ergo
464 349 554 368 annus
565 345 593 369 et
608 348 655 368 sex
671 348 780 368 menses
794 340 1005 375 prteteriissent,
1030 340 1089 375 ipse

298 388 411 423 quidem
424 387 628 422 praedicationis
639 388 727 422 gratia
749 388 777 415 in
793 387 862 415 alias
882 387 1011 416 civitates
1025 395 1089 422 pro-

300 434 388 461 lectus
400 437 453 460 est.
474 431 513 460 llli
532 426 599 460 vero
612 433 619 443 ”
632 433 814 468 sophisucam
836 433 1044 460 contentionem
1061 436 1090 460 et

298 479 393 514 gloria:
406 478 526 506 studium
539 479 656 506 amulati
670 483 743 507 sunt.
753 477 782 506 In
795 479 897 506 multas
907 478 980 506 enim
994 478 1090 507 factio-

299 534 348 555 nes
364 525 457 559 divisi,
475 532 537 553 cum
565 526 638 553 viros
666 525 828 560 eloquentes
859 525 914 553 sibi
944 525 1089 561 magistros

299 571 477 603 ascivisscnt,
493 571 594 606 singuli
620 579 702 598 suum
731 574 866 606 perpetuo
885 571 1045 603 laudabunt,
1063 575 1090 599 et

299 616 334 644 de
349 617 392 644 his
408 616 481 644 inter
497 623 527 643 se
542 616 660 643 invicem
674 615 889 643 contendebant.
910 614 987 643 Unus
998 620 1088 643 autem

299 671 332 690 ea
350 663 384 690 iis
402 662 449 698 qui
462 669 492 690 se
504 667 616 697 propter
628 661 736 689 dicendi
751 660 909 689 facultatem
926 669 1089 698 magnopere

296 709 449 744 iactabant,
464 708 614 735 maximum
642 707 734 735 scelus
757 708 905 736 admittere
925 715 1013 736 ausus
1035 712 1087 736 est.

298 755 367 782 Cum
382 761 501 781 noverca
528 753 601 781 enim
627 757 818 780 consueverat.
835 753 886 787 Qui
911 758 1001 781 autem
1030 754 1089 788 ejus

300 801 417 836 partium
432 805 520 832 erant,
538 799 590 827 hoc
605 807 654 835 pro
675 799 761 826 nihilo
779 799 926 832 ducebant,
947 799 1089 834 solamque

298 847 483 882 eloquentiam
499 846 628 874 laudibus
645 845 900 881 prosequebantur.
915 844 1089 881 Quapropter

1142 249 1384 284 παρεγγυήσαντος
1396 254 1404 262 ·
1425 256 1435 272 ί
1448 245 1531 273 Λάλει
1551 246 1615 280 γὰρ,
1631 244 1682 280 ἔφη
1695 244 1762 280 πρὸς
1776 243 1872 275 αὐτὸν,
1888 245 1935 270 καὶ

1144 294 1181 330 μὴ
1196 294 1340 330 σιωπήσῃς
1351 301 1358 308 ·
1376 293 1434 319 ἐστι
1452 292 1506 327 γάρ
1533 299 1578 326 μοι
1592 291 1655 323 λαὸς
1666 290 1749 322 πολὺς
1761 290 1792 316 ὲν
1807 291 1842 324 τῇ
1856 288 1933 316 πόλει

1142 339 1239 375 ταύτῃ.
1262 349 1271 365 ι
1293 337 1432 365 Ἐνιαυτοῦ
1456 337 1546 364 τοίνυν
1577 336 1622 363 καὶ
1645 335 1737 371 μηνῶν
1753 335 1785 368 ἓξ
1809 335 1934 370 διεληλυ-

1143 385 1238 417 θότων,
1254 384 1335 416 αὐτὸς
1351 384 1400 419 μὲν
1419 385 1460 415 είς
1485 383 1582 418 ἑτέρας
1606 383 1757 417 ὲξεδήμησε
1778 381 1874 413 πόλιις
1885 382 1932 408 τοῦ

1143 431 1319 467 κηρύγματος
1329 429 1418 466 χάριν.
1442 430 1556 456 Ἐκεῖνοι
1573 428 1602 456 δὲ
1627 428 1675 464 τὴν
1694 428 1856 462 σοφιστικὴν
1875 427 1932 462 εριν

1142 478 1190 504 καὶ
1202 477 1357 512 φιλοτιμίαν
1376 475 1525 511 ἐζήλωσαν.
1540 476 1587 507 Εἰς
1598 475 1698 507 πολλὰς
1710 475 1765 510 γὰρ
1776 474 1934 510 συμμορίας

1142 523 1316 560 διῃρέθησαν,
1342 522 1502 557 ἐλλογίμους
1527 521 1626 557 ἄνδρας
1655 521 1880 556 προστησάμενοι
1896 521 1935 546 δι-

1141 569 1303 600 δασκάλους.
1317 568 1363 594 καὶ
1378 569 1487 594 ἕκαστοι
1503 568 1548 594 τὸν
1561 568 1660 594 οἰκεῖον
1674 567 1813 594 διετέλουν
1826 566 1936 601 θαυμά-

1142 613 1244 646 ζοντες,
1264 614 1389 648 καὶπρὸς
1405 613 1535 649 ἀλλήλους
1551 613 1615 649 περὶ
1630 613 1732 640 τούτων
1747 613 1935 648 φιλονεικοῦν-

1142 667 1196 690 τες.
1216 657 1262 690 Εἷς
1285 659 1313 685 δὲ
1329 659 1431 686 τούτων
1459 659 1514 685 τῶν
1538 659 1580 685 ἐπ’
1598 659 1749 694 εὐγλωττίᾳ
1765 660 1935 694 σεμνυνομέ-

1142 713 1205 736 νων,
1235 705 1282 731 καὶ
1306 705 1479 741 ⁴ηιιρανομλαν
1505 705 1637 740 μιγίστην
1656 705 1807 741 ἐτόλμησε·
1828 706 1861 740 τῇ
1881 706 1935 741 γάρ

1144 751 1265 786 μητρυιᾷ
1279 751 1466 783 συνευνάζετο.
1499 751 1530 778 Οἱ
1549 751 1578 778 δὲ
1600 752 1648 786 τῆς
1667 752 1762 778 τούτου
1777 752 1934 787 συμμορίας

1142 796 1220 823 τοῦτο
1237 797 1286 832 μὲν
1306 796 1468 832 παρεώρων,
1498 797 1582 832 μόνην
1603 797 1630 823 δὲ
1645 796 1695 832 τὴν
1708 796 1877 831 εὐγλωττίαν
1889 797 1934 822 εὐ-

1143 843 1260 878 φήμουν.
1279 839 1317 869 Οὗ
1344 843 1376 877 δὴ
1390 843 1496 878 χάρινὸ
1513 843 1583 874 Οεῖος
1603 843 1762 874 Ἀπᾶστολος
1779 842 1933 877 ἀρξάμενος

299 893 408 920 divinus
432 892 532 920 Paulus
553 892 579 918 in
611 891 748 926 principio
776 891 919 925 Epistolm,
949 899 1008 918 eam
1030 900 1091 927 qure

1144 889 1189 924 τῆς
1207 889 1378 924 Ἐπιστολῆς,
1399 891 1446 924 τῆς
1463 888 1643 924 νομιζομένης
1659 888 1754 923 σοφίας
1771 890 1932 923 κατηγορεῖ,

299 940 475 967 existimatur
486 938 646 974 sapientiam
662 939 848 973 reprehendit,
866 938 945 975 165
959 944 985 966 et
998 943 1090 967 osten-

299 986 338 1012 dit
348 985 571 1021 prmdicationcm
585 985 630 1012 illa
643 985 753 1020 quidem
764 992 869 1018 carere,
882 986 928 1013 sed
942 987 1089 1012 maximam

300 1033 401 1061 habere
415 1033 480 1060 vim.
492 1032 552 1059 .lam
572 1040 638 1059 vero
661 1041 711 1060 eos
727 1033 812 1060 etiam
835 1033 1024 1068 reprehendit.
1042 1033 1089 1068 qui

299 1079 334 1106 de
347 1079 409 1107 aliis
423 1079 505 1106 rebus
517 1079 590 1105 inter
601 1086 630 1105 se
643 1079 853 1110 contendentes.
869 1079 1019 1107 saeculares
1033 1087 1090 1106 ma-

299 1125 433 1159 gistratus
452 1124 560 1158 judices
586 1123 765 1151 adhibebant.
796 1124 927 1152 Prohibet
957 1125 1040 1152 etiam
1056 1132 1090 1152 ne

299 1177 396 1197 eorum
416 1177 477 1204 qum
499 1169 581 1196 idolis
603 1172 668 1196 sunt
684 1168 824 1196 immolata
848 1169 996 1204 participes
1013 1170 1087 1202 liam,

300 1215 419 1241 innuens
436 1209 487 1240 hoc
501 1220 610 1247 quoque
626 1220 709 1240 ausos
726 1220 787 1240 esse
799 1213 959 1240 nonnullos.
978 1212 1088 1240 Interim

301 1263 391 1287 autem
402 1259 474 1286 etde
488 1259 643 1293 virginitate
655 1262 682 1285 et
696 1259 729 1286 de
746 1258 881 1286 viduitate
899 1258 976 1285 utilia
993 1265 1090 1286 consu-

300 1307 342 1333 .it.
361 1305 432 1337 Quin
447 1305 529 1333 etiam
544 1305 577 1331 de
598 1304 790 1339 spiritualibus
805 1305 884 1332 donis
909 1304 1018 1339 prolixe
1032 1304 1090 1332 dil-

301 1351 380 1384 serit,
395 1350 500 1378 docens
516 1358 611 1378 eorum
638 1349 836 1383 dill'erentiam,
860 1354 887 1378 et
914 1350 1088 1385 prmcipiens,

301 1400 332 1423 ut
345 1396 418 1423 dono
440 1396 595 1430 linguarum
609 1403 662 1422 non
677 1395 711 1422 ad
727 1395 835 1423 laudem
855 1395 1030 1430 captandam,
1042 1395 1090 1422 sed

301 1441 334 1468 ad
353 1441 499 1468 utilitatem
521 1445 644 1468 utantur.
662 1440 749 1468 Porro
765 1444 857 1468 autem
874 1440 915 1468 eis
927 1440 1009 1467 etiam
1024 1448 1090 1475 pro-

301 1487 354 1515 fert
365 1487 518 1515 doctrinam
533 1487 567 1514 de
583 1487 798 1519 resurrectione,
817 1494 879 1514 cum
894 1486 990 1521 aliqui,
1009 1491 1037 1514 ut
1049 1490 1090 1514 est

301 1533 462 1564 verisimile,
478 1533 519 1559 eis
534 1532 700 1566 persuadere
715 1537 894 1563 conarentur,
921 1539 955 1559 ne
967 1531 1039 1566 quod
1057 1531 1091 1558 de

301 1578 505 1606 resurrectione
540 1585 688 1612 cerporum
722 1577 865 1606 dicebatur
899 1577 1088 1605 admitterent.
1105 1577 1127 1587 “

300 1625 399 1660 Aliqua
416 1625 498 1652 etiam
512 1624 577 1657 alia,
594 1631 627 1651 ne
644 1624 677 1651 de
690 1623 808 1658 singulis
828 1623 946 1651 dicendo
959 1623 1010 1650 sim
1026 1631 1090 1658 pro-

301 1671 394 1703 lixior,
410 1671 523 1705 scriptis
536 1671 596 1698 suis
607 1670 734 1700 inseruit,
748 1677 809 1704 quae
818 1673 845 1697 et
861 1669 918 1696 illis
931 1675 1010 1696 erant
1021 1677 1089 1696 cnn—

301 1717 446 1746 tlucihllia.
461 1721 489 1743 et
497 1717 627 1743 omnibus
639 1715 799 1742 hominibus
811 1715 959 1742 utilitatem
970 1716 1091 1750 pariunt.

303 1763 340 1790 De
350 1763 510 1790 Christiano
521 1766 612 1789 autent
630 1762 758 1797 dogmate
775 1761 837 1788 ideo
853 1761 964 1796 parcius
983 1762 1092 1788 locutus

301 1813 355 1841 est,
372 1808 445 1843 quod
462 1815 515 1835 non
529 1815 614 1842 parvo
635 1811 757 1841 tempore
779 1806 851 1842 apud
879 1813 928 1834 eos
955 1812 1090 1839 versatus,

302 1855 367 1889 quid
380 1854 483 1881 sentire
494 1857 633 1889 oporteret
645 1860 691 1880 eos
704 1856 833 1879 accurate
846 1852 989 1885 docuerat,
1004 1858 1030 1880 et
1044 1853 1093 1879 ad-

303 1901 439 1928 mirabilis
469 1903 530 1934 post
558 1906 622 1926 cum
649 1898 762 1925 veniens
795 1898 891 1932 Apollo
911 1898 1091 1932 apostolicam

303 1946 458 1974 doctrinam
477 1945 698 1972 continuaverat.
714 1943 851 1978 Optimum
868 1951 934 1978 ergo
957 1943 1092 1970 medicum

304 1993 493 2023 imitatus'cst,
511 1995 538 2018 et
552 1990 744 2017 allectionibus
757 1989 916 2024 morbisque
927 1990 1093 2016 convenien-

305 2039 342 2066 tia
356 2038 556 2065 medicamenta
573 2036 700 2071 praebuit.
718 2034 850 2062 Ferendis
879 2039 969 2062 autem
992 2035 1093 2062 litteris

306 2091 417 2119 cperant
443 2086 577 2109 navarant
610 2080 775 2115 Stephanas.
803 2085 831 2107 et
866 2080 1043 2112 Fortunatus,
1067 2085 1095 2108 et

305 2128 487 2160 Achaicus,ad
504 2128 592 2162 ipsum
619 2127 695 2154 missi
710 2134 724 2153 a
737 2126 890 2153 Corinthiis
903 2146 910 2157 ,
929 2130 958 2153 ιιι
973 2126 1031 2161 ipse
1044 2126 1094 2154 do-

307 2177 350 2199 cet
369 2175 395 2198 ln
413 2172 474 2198 tinc.
489 2172 600 2198 Beatum
615 2171 687 2198 enim
700 2170 874 2197 Timotheum
891 2171 923 2196 ml
941 2171 1016 2204 ipsos
1032 2170 1094 2204 qni-

1141 937 1188 960 καὶ
1202 935 1321 962 δείκνυσι
1338 935 1368 961 τὸ
1382 935 1513 970 κήρυγμα
1527 935 1629 970 ταύτης
1643 935 1692 969 μὲν
1705 936 1929 970 γεγυμνασμένον.

1142 980 1272 1015 μεγίστην
1304 980 1332 1007 δὲ
1365 980 1481 1016 δύναμιν
1508 981 1580 1016 ἕχον.
1611 980 1814 1016 Ἐπιμέμφεται
1839 980 1867 1006 δὲ
1886 981 1932 1007 καὶ

1140 1028 1196 1058 τοῖς
1210 1026 1412 1062 ἀμφισὸητοῦσι
1424 1027 1473 1062 μὲν
1485 1027 1553 1062 πρὸς
1571 1026 1704 1062 ἀλλήλους
1719 1027 1783 1061 περὶ
1801 1027 1933 1061 πραγμά-

1140 1082 1193 1099 των
1208 1073 1320 1108 ἐτέρων,
1336 1073 1472 1108 βιωτικοῖς
1499 1073 1527 1100 δὲ
1543 1073 1656 1109 ἄρχουσι
1672 1073 1816 1104 δικασταῖς
1834 1081 1933 1109 κεχρη-

1142 1119 1242 1154 μένοις.
1273 1120 1453 1155 Ἀπαγορεύει
1484 1120 1512 1147 δὲ
1534 1119 1582 1147 καὶ
1604 1120 1652 1156 τὴν
1677 1119 1730 1146 τῶν
1749 1119 1932 1145 εἰδωλοθύτων

1143 1166 1303 1201 μετάληψιν,
1333 1167 1518 1201 αἰνιττόμενος
1545 1166 1582 1198 ὡς
1603 1166 1743 1193 καὶτοῦτο
1756 1166 1831 1202 παρά
1853 1174 1932 1192 τινων

1140 1212 1282 1248 ἐτολμᾶτο.
1316 1213 1361 1239 Ἐν
1391 1213 1419 1240 δὲ
1439 1213 1476 1248 τῷ
1507 1212 1619 1247 μεταξὺ,
1636 1213 1683 1240 καὶ
1703 1213 1767 1248 περὶ
1783 1212 1932 1248 παρθενίας

1141 1259 1187 1285 καὶ
1200 1259 1314 1294 χηρείας
1344 1259 1523 1294 συμϐουλεύει
1544 1259 1577 1285 τὰ
1596 1258 1740 1294 πρόσφορα
1752 1267 1759 1274 ·
1778 1258 1826 1285 καὶ
1841 1258 1929 1292 itera

1142 1305 1188 1332 καὶ
1218 1305 1282 1340 περὶ
1312 1305 1366 1332 τῶν
1391 1305 1585 1340 πνευματικῶν
1608 1304 1786 1340 χαρισμάτων
1810 1304 1932 1338 μακροὺς

1140 1351 1279 1378 ἀποτείνει
1299 1351 1406 1384 λόγους,
1429 1352 1480 1386 τὴν
1504 1351 1607 1377 τούτων
1627 1350 1759 1377 διδάσκων
1782 1349 1930 1384 διαφορὰν,

1141 1396 1190 1423 καὶ
1206 1397 1371 1432 παρεγγυῶν
1382 1397 1424 1432 τῷ
1436 1397 1588 1432 χαρίσματι
1599 1395 1653 1422 τῶν
1668 1395 1796 1429 γλωττῶν
1813 1395 1852 1430 μὴ
1864 1395 1932 1421 κατὰ

1141 1442 1313 1477 φιλοτιμίαν,
1342 1442 1409 1469 ἀλλὰ
1430 1442 1501 1469 κατὰ
1527 1441 1631 1477 χρείαν,
1660 1441 1822 1476 κεχρῆσθαι.
1847 1442 1933 1476 Προσ-

1141 1488 1220 1522 φέρει
1232 1488 1261 1514 δὲ
1278 1488 1369 1518 αὐτοῖς
1383 1488 1430 1514 καὶ
1452 1488 1501 1522 τὴν
1515 1488 1580 1522 περὶ
1593 1487 1642 1522 τῆς
1669 1488 1845 1519 ἀναστάσεως
1859 1488 1933 1514 διδα-

1143 1532 1265 1564 σκαλίαν,
1281 1533 1371 1564 τινῶν,
1395 1532 1433 1564 ὡς
1455 1533 1538 1564 εἰκὸς,
1557 1533 1661 1560 πείθειν
1680 1533 1778 1565 αὐτοὺς
1794 1535 1933 1570 πειρωμέ-

1142 1587 1196 1605 νων
1208 1578 1254 1605 τδν
1262 1579 1326 1613 περὶ
1339 1579 1387 1613 τῆς
1398 1579 1574 1610 ἀναστάσεως
1587 1578 1641 1605 τῶν
1652 1576 1786 1614 σωμάτων
1798 1580 1836 1615 μὴ
1849 1588 1934 1613 προπ-

1142 1624 1266 1658 δέχεσθαι
1277 1624 1366 1658 λόγον.
1387 1625 1442 1651 Καὶ
1457 1624 1524 1651 ἄλλα
1539 1624 1567 1651 δέ
1583 1633 1653 1655 τινα,
1673 1625 1716 1651 ἳνα
1733 1624 1771 1659 μὴ
1788 1625 1851 1651 καθ’
1871 1625 1932 1651 ἕκα-

1144 1677 1206 1695 στον
1235 1668 1322 1702 λέγων
1359 1669 1483 1704 μηκύνω,
1515 1670 1572 1700 τοῖς
1599 1669 1667 1704 πρὸς
1692 1669 1792 1700 αὐτοὺς
1820 1668 1934 1704 ὲνέθηνε

1142 1714 1301 1750 γράμμασι,
1323 1715 1461 1746 κάκείνοις
1489 1714 1650 1750 ὀνησιφόρα,
1666 1715 1713 1742 καὶ
1733 1716 1817 1742 πᾶσιν
1829 1715 1934 1750 ἀνθρώ-

1143 1769 1203 1792 ποις
1230 1761 1362 1795 ὠφέλειαν
1385 1761 1646 1796 πραγματευόμενα.
1674 1761 1741 1797 Περὶ
1769 1762 1863 1797 μέντοι
1888 1761 1933 1788 τοῦ

1143 1807 1276 1841 δόγματος
1287 1807 1317 1833 οὐ
1333 1807 1439 1837 πολλοῖς
1454 1808 1587 1842 ἐχρήσατο
1605 1807 1704 1841 λόγοις,
1725 1808 1877 1842 ἐπειδήπερ
1886 1808 1934 1834 οὐκ

1143 1852 1231 1886 ὀλίγον
1241 1853 1304 1887 παρ’
1319 1853 1410 1884 αὐτοῖς
1426 1852 1567 1886 διατρίψας
1583 1853 1821 1888 χρόνον,ἀκρι6ὦς
1836 1853 1934 1884 αὐτοὺς

1144 1899 1215 1933 ειπερ
1240 1898 1280 1924 δεῖ
1299 1900 1407 1933 φρονεῖν
1437 1899 1621 1932 ὲξεπαῐδευσε,
1642 1899 1688 1925 καὶ
1704 1900 1718 1925 ὁ
1736 1899 1888 1934 θαυμάσιος
1905 1900 1932 1925 δὲ

1151 1943 1286 1976 Ἀπολλὼς
1311 1946 1368 1979 μετ’
1393 1944 1474 1971 αὐτὸν
1498 1944 1664 1978 ἀφικόμενος
1682 1944 1732 1979 τὴν
1751 1945 1934 1980 ἀποστολικὴν

1144 1990 1318 2017 διδασκαλίαν
1343 1991 1500 2025 ὲκράτυνεν.
1516 1991 1646 2026 Ἀριστον
1660 1991 1748 2017 τοίνυν
1771 1991 1864 2026 ἰατρὸν
1876 1991 1934 2025 ἐμι-

1146 2037 1261 2072 μήσατο,
1282 2037 1328 2063 καὶ
1354 2039 1410 2067 τοῖς
1439 2037 1537 2063 πάθεσι
1566 2037 1721 2072 κατάλληλα
1748 2040 1931 2072 προσενήνογε

1145 2083 1287 2117 φάρμακα.
1315 2083 1480 2117 Διηκὸνησαν
1500 2083 1526 2109 δὲ
1540 2084 1595 2114 τοῖς
1614 2084 1759 2118 γράμμασι
1778 2085 1928 2118 Στεφανᾶς.

1145 2128 1192 2154 κει)⁵
1204 2128 1415 2163 Φουρτουνᾶτος.
1431 2129 1477 2155 καὶ
1506 2129 1639 2164 Ἀχαϊκὸς,
1660 2129 1735 2164 παρὰ
1751 2130 1805 2156 τῶν
1832 2131 1931 2165 Κοριν-

1145 2174 1210 2201 iith
1222 2174 1290 2209 πρὸς
1301 2174 1382 2200 αὐτὸν
1403 2175 1611 2207 ἀποσταλέντες,
1631 2176 1668 2207 ὡς
1686 2177 1714 2202 ὲν
1725 2175 1763 2211 τῷ
1777 2176 1935 2202 catastas-

308 2217 369 2244 dem
383 2217 467 2248 misit,
484 2217 530 2244 scd
546 2224 601 2243 non
619 2223 680 2242 cum
693 2215 820 2250 epistola,
838 2215 910 2249 quod
924 2215 982 2249 ipse
999 2219 1091 2242 osten-

1148 2228 1216 2246 σκει.
1228 2220 1279 2245 Τὸν
1293 2219 1345 2254 γὰρ
1359 2221 1492 2255 μακάριον
1503 2220 1633 2255 Τιμόθεον
1647 2221 1792 2248 ἀπέστειλε
1805 2221 1855 2256 μὲν
1869 2222 1935 2254 πρὸς

309 2263 359 2290 dit.
374 2263 417 2289 Ait
439 2262 512 2289 enim
529 2271 535 2288 :
554 2271 563 2287 ‹
582 2262 609 2288 si
631 2262 737 2288 venerit
754 2261 927 2293 Timotheus,
957 2261 1044 2288 videte
1067 2267 1096 2288 ut

309 2309 370 2337 sine
384 2313 455 2336 metu
474 2309 509 2336 sit
526 2308 596 2343 apud
612 2316 660 2335 vos
672 2308 698 2334 ὶι.
720 2317 729 2333 ι

507 2406 584 2442 165
607 2408 615 2418 ⁸
631 2405 747 2433 CAPUT
767 2404 910 2432 PRIMUM.

346 2451 428 2480 Vens.
441 2452 465 2478 l.
479 2461 488 2477 ι
504 2451 605 2478 Paulus
612 2455 725 2478 vocatus
736 2451 877 2486 apostolus
886 2449 950 2478 Jesu
958 2451 1071 2478 Christi.
1084 2460 1093 2477 ι

314 2497 359 2525 Vel
381 2499 470 2532 ipsum
488 2497 652 2531 prommium
680 2497 792 2531 quinam
821 2496 857 2523 sit
872 2497 1098 2531 reprehensionis

310 2553 412 2580 scopus
427 2544 540 2572 indicat.
565 2543 649 2571 Docet
662 2543 734 2570 cnim
759 2551 806 2570 eos
831 2551 865 2570 ne
880 2543 931 2570 sibi
950 2543 1018 2578 ipsis
1032 2551 1099 2570 con-

312 2590 407 2623 ﬂdant,
419 2589 467 2617 scd
487 2589 513 2616 in
530 2589 596 2621 Deo,
608 2588 655 2623 qui
672 2589 747 2624 ipsos
776 2588 906 2621 servavit,
936 2589 1098 2623 glorientur.

313 2635 459 2672 Propterea
476 2639 502 2663 et
532 2635 702 2670 apostolatus
721 2638 748 2662 ct
776 2634 931 2660 vocationis
955 2634 1099 2665 meminit;

312 2682 391 2717 quasi
405 2682 478 2708 dicat
495 2691 501 2708 :
519 2680 574 2708 Vos
605 2681 715 2716 quidem
732 2688 779 2708 vos
796 2681 871 2715 ipsos
894 2680 1044 2706 nominatis
1066 2688 1098 2707 ex

314 2728 482 2759 hominibus,
495 2735 545 2762 ego
559 2735 623 2755 vero
637 2728 770 2762 meipsum
786 2734 818 2753 ex
835 2733 868 2752 eo
891 2727 937 2760 qui
959 2733 1002 2752 me
1018 2733 1099 2752 voca-

311 2773 351 2800 vit
364 2777 390 2800 et
408 2773 490 2805 misit.
503 2773 566 2801 Josu
588 2773 710 2800 Christo.
735 2781 744 2797 ι
761 2772 814 2799 Per
830 2771 997 2799 voluntatem
1012 2771 1069 2800 Dei.
1085 2781 1095 2798 ›

348 2866 361 2880 ³
384 2859 443 2888 Act.
461 2868 526 2888 xvttt
540 2879 548 2892 ,
564 2861 591 2893 9,
612 2859 654 2886 l0.
693 2859 706 2879 δ
729 2858 738 2885 l
757 2859 818 2886 Cor.
840 2867 896 2891 xw,
916 2858 955 2885 l0.

1151 2266 1258 2298 αὐτοὺς,
1284 2265 1313 2291 οὗ
1336 2265 1389 2300 μὴν
1416 2271 1485 2300 μετα
1513 2267 1667 2301 ἐπιστολῆς,
1689 2267 1736 2293 καὶ
1756 2267 1837 2293 τοῦτο
1858 2267 1936 2302 δῆλον

1151 2311 1231 2342 αὐτὸς
1265 2312 1428 2346 πεποίηκεν·
1443 2311 1493 2346 ἔφη
1509 2313 1561 2348 γάρ
1574 2321 1580 2329 ’
1596 2323 1605 2338 ι
1626 2313 1689 2339 Ἐὰν
1711 2313 1774 2348 ἕλοῃ
1792 2313 1934 2348 Τιμόθεος,

1152 2357 1265 2392 βλέπετε
1279 2358 1321 2385 ἵνα
1338 2359 1446 2393 ἀφόϐως
1460 2361 1571 2394 γένηται
1590 2360 1656 2395 πρὸς
1673 2360 1754 2394 ὑμᾶς.
1775 2370 1784 2386 ›

1397 2405 1522 2430 ΚΕΦΛΛ.
1540 2404 1688 2432 ΠΡΩΤΟΝ.

1187 2452 1221 2475 α’.
1239 2459 1247 2473 ι
1265 2448 1368 2480 Παῦλος
1382 2449 1478 2483 κλητὸς
1498 2450 1646 2482 ἀπόστολος
1673 2449 1760 2484 Ἰησοῦ
1777 2449 1908 2484 Χριστοῦ.
1927 2459 1934 2474 ι

1151 2495 1206 2520 Καὶ
1233 2493 1299 2520 αὐτὸ
1317 2494 1348 2520 τὸ
1377 2494 1516 2529 προοίμιον
1532 2495 1576 2521 τὸν
1593 2497 1641 2529 τῆς
1657 2495 1826 2529 κατηγορίας
1843 2495 1935 2530 μηνύει

1152 2539 1262 2565 σκοπόν.
1290 2539 1413 2566 Διδάσκει
1441 2541 1496 2575 γὰρ
1520 2541 1618 2572 αὐτοὺς
1636 2541 1672 2576 μὴ
1695 2541 1799 2572 ἑαυτοῖς
1817 2541 1936 2576 Οαρῤεῖίι,

1151 2585 1207 2611 ἀλλ’
1224 2585 1270 2611 ἐπὶ
1288 2585 1327 2620 τῷ
1347 2586 1477 2611 σεσωκότι
1496 2586 1556 2620 Θεῷ
1577 2586 1649 2620 μέγα
1666 2587 1784 2620 φρονεῖν.
1798 2586 1850 2612 Διὰ
1862 2586 1938 2612 τοῦτο

1153 2632 1199 2657 καὶ
1216 2631 1266 2665 τῆς
1281 2631 1431 2665 ἀποστολῆς
1454 2631 1501 2656 καὶ
1521 2631 1572 2666 τῆς
1596 2632 1717 2666 κλήσεως
1739 2632 1936 2666 ἐμνημνίνευσε,

1155 2678 1294 2713 μονονουχὶ
1310 2678 1406 2711 λέγων’
1429 2677 1522 2711 Ὑμεῖς
1541 2677 1589 2711 μὲν
1608 2678 1719 2708 ἑαυτοὺς
1742 2677 1772 2708 ἐξ
1789 2677 1938 2712 ἀνθρώπων

1153 2723 1310 2758 ὀνομάζετε,
1326 2723 1380 2756 ἐγὼ
1394 2723 1423 2749 δὲ
1436 2723 1554 2756 ἐμαυτὸν
1583 2723 1636 2749 ἀπὸ
1653 2723 1699 2749 τοῦ
1716 2722 1884 2753 καλέσαντός
1907 2730 1938 2756 με

1155 2770 1201 2797 καὶ
1220 2769 1430 2800 ἀποστείλαντος
1449 2767 1536 2801 Ἰησοῦ
1553 2768 1682 2805 Χριττοῦ.
1702 2778 1709 2793 ι
1728 2770 1776 2794 Διὰ
1789 2769 1938 2802 Θελήματος
