2004 3109
119 175 175 206 233

536 175 840 208 INTERPRETATIO
859 173 977 205 EPIST.
995 175 1006 204 Ι
1029 175 1078 204 ΑΙ)
1098 175 1180 204 COR.
1202 174 1279 204 CAP.
1301 175 1326 205 Ι.

1693 172 1744 204 23$

156 231 202 267 ιβ’.
217 240 226 257 1
245 231 327 265 Λέγω
335 231 459 265 δὲτοῦτο,
471 233 511 259 ὅτι
524 233 638 264 ἕκαστος
647 233 724 268 ὑμῶν
732 233 805 266 λέγει
817 240 824 246 '
840 231 910 265 Ἐγὼ
924 256 927 260 ι

996 229 1078 257 Vens.
1100 229 1144 256 12.
1165 239 1174 255 ι
1198 229 1255 257 Hoc
1271 232 1360 256 autem
1379 228 1450 260 dico,
1469 228 1540 262 quod
1556 228 1744 262 unusquisque

121 276 174 312 μέν
184 277 241 311 είμι
254 276 370 308 Παύλου,
381 277 439 311 ἐγὼ
453 277 481 304 δὲ
491 277 620 310 Ἀπολλὼ,
633 277 688 312 ἐγὼ
703 277 732 304 δὲ
747 277 840 312 Κηφᾶ,
855 277 911 310 ἐγὼ

119 321 302 357 δὲΧριστοῦ.»
313 322 426 349 Ἐκεῖνοι
439 323 488 358 μὲν
504 322 660 358 ἁφ¹ὲτέρων
675 323 788 353 ἑαυτοὺς
804 321 911 356 ὠνόμα-

120 367 169 400 ζον
181 367 358 398 διδασκάλων,
371 369 450 400 αὐτὸς
461 369 526 394 δὲτὸ
534 368 632 394 ἑαυτοῦ
644 369 690 394 καὶ
698 368 727 394 τὸ
735 367 855 394 Ἀπολλὼ
868 367 911 393 τέ-

120 413 196 440 θεικε
206 421 213 428 ·
225 413 403 448 προστέθειχε
413 414 441 440 δὲ
453 414 499 440 καὶ
515 414 544 440 τὸ
557 414 604 440 τοῦ
620 414 768 449 κορυψαίου
776 414 829 440 τῶν
846 414 912 440 ἀπο-

120 460 233 491 στόλων,
245 459 380 485 διδάσκων
392 461 430 491 ὡς
445 460 505 486 οὐδὲ
516 461 571 491 τοῖς
580 461 669 487 αὐτῶν
679 460 781 486 δίκαιόν
789 462 863 486 ἐστιν
873 461 913 491 είς

119 505 201 530 τοῦτο
214 505 365 539 κεχρῆσθαι
375 505 498 540 ὀνόμασι.
513 507 568 532 Καὶ
583 505 662 532 τοῦτο
677 507 705 532 ὲν
721 507 776 537 τοῖς
785 505 847 540 ἑξῆς
865 513 912 532 σα-

123 550 258 585 φέστερον
275 550 465 585 μαθησόμεθα.
493 552 586 585 Σοφῶς
614 551 642 577 δὲ
659 552 728 585 ἄγαν
747 552 794 577 καὶ
812 551 843 577 τὸ
867 550 913 577 τοῦ

121 595 240 630 Χριστοῦ
254 596 339 630 ὄνομα
351 596 535 631 συνηρίϐμησε
555 597 611 628 τοῖς
627 596 725 628 ἄλλοις,
739 596 844 626 δεικνὺς
866 595 913 622 τοῦ

121 641 265 676 γινομένου
281 641 310 666 τὸ
323 641 432 671 ἄτοπον,
445 641 486 667 ὅτι
502 642 531 667 ὲν
547 642 593 677 ῐσῃ
605 641 682 674 τάξει
699 642 744 667 καὶ
759 641 804 666 τὸν
812 640 914 666 Δεσπό-

121 695 172 721 την
187 687 234 713 καὶ
247 687 309 718 τοὺς
322 687 432 718 δούλους
444 687 577 714 ἐτίθεσαν.

160 737 205 767 ιγ’.
225 743 234 759 ι
258 734 456 769 Μεμὲρισταιδ
482 736 496 761 ὀ
522 735 657 770 Χριστόςς
685 745 694 761 ι
725 734 810 761 Τοῦτό
843 742 915 766 τινες

121 777 314 812 ἀποφαντικῶς
322 778 490 812 ἀνέγνωσαν,
497 779 613 814 Χριστὸν
622 779 738 805 ἐνταῦθα
746 779 794 814 τὴν
803 778 916 813 Ἐκκλη-

124 824 186 850 σίαν
207 823 366 858 ὠνομάςθαι
390 825 536 859 φήσαντες,
565 825 611 851 καὶ
635 825 852 860 ἑρμηνεύσαντες
871 823 915 850 οὒ-

122 877 188 900 τως,
209 869 249 894 ὄτι
269 868 361 900 κακῶς
386 870 532 904 ὲμερίσατε
547 870 595 896 τοῦ
619 870 739 904 Χριστοῦ
769 870 799 896 τὸ
823 870 911 904 σῶμα.

129 914 201 948 Ἐγὼ
215 915 242 941 δὲ
258 915 325 940 αὐτὸ
340 915 399 940 κατ’
420 915 553 950 ἐρώτησιν
577 916 682 942 κεῖσθαι
700 916 801 950 νομίζω
811 924 817 930 ·
832 915 911 942 τοῦτο

124 959 179 994 γὰρ
195 960 315 986 διδάσκει
341 960 375 986 τὰ
401 961 579 995 ἐπαγόμενα’
599 962 664 996 (Μὴ
688 962 792 992 Παῦλος
816 963 911 988 ἐσταυ-

124 1005 200 1040 ρώθη
236 1006 306 1040 ὑπὲρ
333 1006 432 1040 ὴμῶν;
447 1006 463 1041 ἢ
478 1007 517 1038 εἰς
530 1007 560 1032 τὸ
573 1007 658 1041 ὄνομα
679 1007 785 1034 Παύλου
802 1007 912 1034 ἐϐαπτί-

126 1051 222 1085 σθητε;
241 1061 251 1077 ι
271 1053 303 1077 ὐ
317 1051 344 1077 δὲ
360 1051 434 1085 λέγει
467 1052 585 1079 τοιοῦτόν
602 1054 660 1079 ἐστι
671 1060 678 1067 °
709 1054 754 1088 Μὴ
770 1055 912 1085 κοινωνοὺς

123 1095 180 1130 ἔχει
191 1096 241 1130 τῆς
256 1096 414 1128 δεσποτείας
427 1097 474 1123 καὶ
492 1097 542 1131 τῆς
560 1098 682 1130 ἐξουσίας
697 1099 712 1124 ὁ
725 1098 850 1133 Χριστος,
867 1098 914 1124 καὶ

124 1142 169 1168 διὰ
182 1142 261 1168 τοῦτο
277 1142 415 1177 διῄρηται,
433 1143 478 1168 καὶ
491 1144 515 1169 οἱ
529 1143 578 1177 μὲν
590 1143 619 1175 ἐξ
637 1143 720 1169 αὐτοῦ
742 1143 878 1174 καλεῖσθε,
891 1144 914 1169 οἰ

125 1187 155 1213 δὲ
169 1188 201 1213 ὲκ
217 1186 264 1213 τοῦ
279 1188 363 1218 δεῖνος
383 1187 430 1213 καὶ
447 1186 494 1213 τοῦ
510 1187 593 1217 δεινος
607 1195 615 1219 ;
636 1187 673 1212 Οὐ
695 1186 774 1220 μόνος
787 1187 831 1212 τὸν
846 1186 916 1221 ὑπὲρ

129 1233 236 1259 πάντων
246 1233 324 1267 ὑμῶν
336 1232 495 1264 κατεδέξατο
507 1232 633 1263 Θάνατονς
645 1233 702 1258 Οὐκ
713 1233 741 1258 ὲν
752 1231 791 1266 τῷ
805 1232 917 1266 ὀνόματι

129 1278 211 1305 αὐτοῦ
235 1278 286 1312 τῆς
311 1278 357 1304 τοῦ
387 1278 572 1314 βαπτίσματος
592 1278 768 1313 ἀπηλαύσατε
788 1278 916 1313 χάριτος;

129 1324 175 1358 Μὴ
185 1323 336 1359 ἀνθρώπων
349 1324 506 1359 ἐπικλήσεις
521 1324 568 1358 τὴν
579 1323 632 1349 τῶν
640 1323 844 1359 ἁμαρτημάτων
855 1324 918 1358 ὑμῖν

130 1370 225 1404 ἄφεσιν
239 1369 412 1405 ἐδωρήσαντο
425 1379 432 1402 ;

166 1415 263 1448 ιδ’-ις’.
280 1426 290 1442 ι
306 1416 467 1452 Εὑχαριστῶ
496 1417 534 1452 τῷ
561 1417 620 1452 Θεῷ
648 1426 697 1452 μου
714 1417 735 1447 ⁸,
758 1418 799 1444 ὅτι
826 1417 921 1444 οὐδένα

132 1462 209 1497 ὑμῶν
222 1462 371 1494 ἐϐάπτισα,
387 1464 411 1489 εί
428 1464 465 1498 μὴ
496 1463 618 1498 Κρῖσπον
642 1464 689 1490 καὶ
705 1464 784 1490 Γάϊον
795 1472 801 1478 ·
819 1464 863 1490 ἵνα
883 1464 920 1498 μή

132 1515 172 1538 τις
187 1508 256 1543 εἴπῃ
270 1508 313 1533 ὅτι
326 1509 366 1538 εἰς
381 1508 412 1533 τὸ
427 1509 493 1541 ἐμὸν
507 1509 593 1543 ὄνομα
606 1508 750 1535 ἐϐάπτισα.
773 1509 922 1534 Ἐϐἀπτιπα

133 1551 158 1578 δὲ
173 1552 221 1578 καὶ
236 1553 282 1578 τὸν
299 1553 425 1585 Στεφανᾶ
453 1550 526 1579 οἶκον
537 1560 544 1568 ·
563 1553 656 1579 λοιπὸν
683 1554 732 1578 οὐκ
747 1552 806 1580 οἶδα
821 1553 847 1579 εἴ
863 1563 923 1580 τινα

131 1598 219 1626 ἄλλων
243 1598 390 1624 ἐϐάπτισα.
409 1608 418 1624 ι
436 1597 517 1630 Αὔξει
543 1599 591 1633 μὲν
613 1598 662 1633 τὴν
693 1599 860 1633 κατηγορίαν
891 1600 922 1625 δι’

133 1645 248 1670 ἑκάστου
258 1644 314 1670 τῶν
327 1643 482 1678 λεγομένων
491 1652 497 1659 ·
523 1645 553 1670 οὺ
579 1645 691 1680 πλήττει
707 1645 735 1670 δὲ
751 1645 852 1680 σφόδρα
861 1645 924 1676 τοὺς

134 1690 401 1725 κατηγορουμένους,
416 1690 447 1716 τὸ
468 1690 567 1716 οἰκεῖον
584 1691 640 1717 ἀντ’
663 1690 774 1716 ἐκείνων
788 1690 924 1721 ὑποτιθεὶς

134 1737 292 1770 πρόσωπον.
308 1736 461 1762 Λίνίττεται
477 1737 516 1769 δὲ,
539 1737 576 1768 ὡς
601 1737 631 1763 οὑ
656 1737 734 1771 μόνον
750 1737 803 1763 ἀπὸ
819 1736 871 1762 τῶν
886 1737 925 1762 δι-

134 1781 288 1812 δασκάλων,
305 1781 374 1808 ἀλλὰ
384 1782 430 1808 καὶ
442 1782 495 1808 ἀπὸ
507 1782 561 1808 τῶν
575 1782 764 1817 βαπτισάντων
775 1783 846 1814 τινὲς
860 1783 924 1808 ἑαυ-

135 1827 196 1858 τοὺς
212 1827 380 1855 ἀπεκάλουν.
397 1828 477 1862 Λέγει
493 1828 521 1854 δὲ
537 1828 584 1855 καὶ
596 1829 646 1863 τὴν
658 1829 757 1861 αἰτίαν,
769 1829 802 1855 δι’
813 1829 848 1864 ἢν
862 1828 926 1854 πολ-

135 1871 197 1904 λοὺς
210 1873 261 1899 οὐκ
271 1873 430 1900 ἐϐάπτισεν.

172 1917 213 1950 ιζ’.
235 1927 244 1944 ι
264 1919 303 1945 Οὐ
318 1919 372 1954 γὰρ
399 1920 543 1946 ἀπέστειλέ
558 1929 590 1956 με
610 1922 624 1947 ὁ
643 1921 760 1956 Χριστὸς
772 1921 924 1956 βαπτίζειν,

136 1963 192 1990 ἀλλ’
223 1963 460 1998 εὐαγγελίζεσθαι.
495 1975 504 1990 ι
536 1966 632 1993 Καίτοι
663 1967 804 2001 ἀμφότερα
841 1976 926 2002 προσ-

138 2010 215 2043 έταξε
227 2018 234 2024 ·
254 2018 263 2036 ι
283 2011 464 2045 Πορευθέντες
473 2011 536 2047 γὰρ,
547 2013 623 2047 φησὶ,
638 2012 826 2048 μαθητεύσατε
839 2013 926 2039 πάντα.

137 2055 170 2081 τὰ
183 2055 260 2090 ἔθνη,
280 2055 457 2089 βαπτίζοντες
492 2057 590 2088 αὐτοὺς
610 2058 650 2089 είς
671 2058 700 2084 τὸ
714 2058 798 2092 ὄνομα
808 2058 854 2085 τοῦ
873 2059 926 2084 Πα-

138 2101 210 2134 τρὺς,
223 2102 271 2128 καὶ
278 2101 325 2128 τοῦ
338 2101 414 2133 Υἰοῦ,
426 2103 472 2130 καὶ
483 2103 529 2129 τοῦ
545 2104 623 2138 ἁγίου
635 2104 803 2138 Πνεύματος.
817 2114 826 2130 ι
847 2105 927 2131 Ἀλλὰ

137 2146 167 2172 τὺ
189 2147 338 2182 κηρύττειν
365 2147 412 2174 τοῦ
430 2148 570 2183 βαπτίζειν
586 2147 620 2184 ἦν
641 2149 812 2185 τιμιώτερον.
825 2151 861 2176 Τὸ
877 2151 926 2186 μὲν

138 2193 191 2228 γὰρ
208 2191 351 2226 βαπτίζειν
362 2194 444 2220 πᾶσίν
459 2195 533 2221 ἐστιν
552 2195 664 2227 εὐπετὲς
676 2197 732 2227 τοῖς
746 2196 794 2230 τῆς
812 2196 926 2232 ἱερωσύ-

139 2247 184 2272 νης
198 2239 361 2274 ἠξιωμένοις
373 2247 379 2253 ·
393 2239 423 2266 τὸ
436 2240 465 2266 δέ
488 2248 519 2274 γε
542 2241 687 2276 κηρύττειν
703 2241 801 2275 ὀλίγων
812 2240 856 2278 ἦν,
872 2242 926 2268 τῶν

139 2284 216 2310 τοῦτο
228 2283 320 2311 θεόθεν
331 2284 485 2319 δεξαμένων
505 2286 535 2313 τὸ
558 2287 691 2322 χάρισμα.
713 2287 854 2314 Ἐντεῦθεν
872 2289 927 2315 λοι-

140 2329 188 2355 πον
199 2329 253 2355 τῶν
279 2329 324 2355 ἐπ’
349 2331 500 2367 εὑγλωττίᾳ
529 2331 733 2367 βρενῦυομένων
752 2334 927 2362 καταστέλλει

140 2375 187 2409 τὴν
199 2375 298 2410 ὀφρὺν,
309 2376 357 2401 καί
369 2384 461 2411 φησιν,
477 2387 486 2402 ι
505 2378 562 2404 Οὐκ
578 2379 606 2403 ὲν
626 2378 707 2414 σοφίᾳ
725 2379 816 2413 λόγου,
832 2380 874 2406 ἵνα
890 2381 926 2415 μὴ

141 2421 267 2455 κενωοῇό
281 2422 398 2456 σταυρὸς
425 2422 471 2448 τοῦ
492 2423 621 2458 Χριστοῦ.
641 2433 650 2449 ι
667 2424 698 2450 Et
717 2425 771 2461 γὰρ
790 2425 928 2461 στωμυλίᾳ

141 2467 186 2494 καὶ
215 2466 351 2500 δεινότητι
380 2467 465 2501 λόγων
484 2468 623 2505 ἐχρώμην,
644 2470 693 2496 οὐκ
710 2469 742 2496 ἂν
757 2470 861 2506 ἐδείχθη
875 2470 923 2498 τοῦ

141 2512 343 2547 σταυρωθέντος
359 2513 376 2547 ἡ
392 2513 522 2548 δύναμις·
551 2515 650 2547 πάντες
671 2516 725 2550 γὰρ
740 2515 773 2542 ἂν
792 2517 926 2543 ὑπέλαὸον

139 2558 170 2592 τῇ
195 2558 259 2592 περὶ
283 2559 315 2584 τδ
346 2558 436 2592 λέγειν
465 2560 603 2596 ἐπιστήμῃ
628 2561 691 2592 τοὺς
710 2563 927 2594 πεπιστευκότας

140 2601 290 2637 ὴγρεῦσθαι
301 2608 309 2616 ·
326 2603 344 2638 ή
358 2603 387 2629 δὲ
405 2603 458 2630 τῶν
474 2606 662 2639 κηρυττόντων
682 2607 844 2634 ἀπαιδευσία
865 2608 928 2639 τοὺς

141 2648 182 2674 ἐπ’
196 2648 350 2684 εὖγλωττὶᾳ
367 2651 581 2685 σεμνυνομένους
604 2653 717 2681 νικῶσα.
738 2653 784 2680 τοῦ
809 2654 926 2689 σταυροῦ

141 2693 188 2728 τὴν
204 2695 282 2729 ἰσχὺν
291 2694 416 2729 ἐναργῶς
431 2695 627 2724 ἀποδείκνυσιν.

178 2753 190 2772 ⁸
208 2752 307 2780 Matth.
323 2759 428 2785 xxvtu,
444 2752 487 2779 t9.

937 1566 958 1594 ο

940 2233 964 2263 D

963 280 1083 303 vestrum
1100 276 1188 303 dicit:
1209 276 1263 310 Ego
1288 282 1347 301 Sum
1362 273 1450 305 Pauli,
1477 281 1527 308 ego
1551 281 1615 300 vero
1638 273 1744 308 Apollo,

961 329 1012 356 ego
1030 329 1094 348 vero
1115 321 1223 356 Cephre.
1245 328 1294 355 ego
1308 324 1398 347 autem
1418 319 1530 346 Christi.
1552 328 1561 343 ›
1581 318 1618 345 11ὶί
1635 319 1743 353 quidem

963 367 997 394 ab
1010 367 1070 394 aliis
1083 375 1112 394 se
1127 367 1264 402 magistris
1275 366 1497 393 deuomiuabant.
1511 362 1571 399 ipse
1589 372 1653 391 vero
1665 371 1745 390 suum

963 417 990 440 et
1010 413 1106 447 Apollo
1123 420 1221 440 nomen
1245 413 1354 447 posuit,
1378 411 1531 446 adjecitque
1551 410 1632 437 etiam
1648 417 1746 436 nomen

963 459 1096 494 principis
1135 459 1333 494 apostolorum,
1380 459 1483 486 docens
1513 466 1601 492 neque
1640 457 1747 484 illorutn

964 505 1121 532 nominibus
1138 505 1170 531 ad
1187 505 1238 532 hoc
1249 506 1287 532 uti
1301 512 1407 539 {equum
1425 512 1497 537 esse,
1513 504 1584 538 quod
1603 507 1629 530 et
1646 511 1679 530 ex
1706 510 1749 530 se-

965 550 1112 584 quentibus
1131 551 1251 585 apertius
1273 550 1465 584 intelligemus.
1484 548 1569 576 Valde
1584 553 1672 575 autem
1685 556 1749 582 pru-

966 595 1061 623 denter
1087 596 1190 623 Christi
1221 604 1319 623 nomcu
1353 604 1413 622 cum
1439 595 1500 622 aliis
1530 593 1750 624 eonnumcrarit,

965 643 1112 670 ostendens
1125 650 1206 677 quam
1225 643 1342 670 absurda
1357 650 1402 670 res
1417 646 1501 673 esset,
1516 641 1588 676 quod
1606 640 1749 667 Dominum

965 694 990 715 et
1004 695 1099 715 servos
1115 688 1141 714 in
1159 688 1252 714 eodem
1269 688 1365 714 ordine
1381 691 1557 721 reponerent.

1002 733 1084 760 Vens.
1106 734 1148 760 l5.
1172 743 1180 759 ‹
1202 733 1309 761 Divisus
1326 738 1367 760 est
1385 733 1529 760 Christus?
1548 741 1557 758 ι
1577 733 1585 742 ·
1598 732 1656 758 Hoc
1680 739 1749 758 non-

967 780 1034 806 nulli
1052 780 1175 814 legerunt
1195 779 1372 810 enuntiatire,
1391 778 1524 809 dicentes,
1541 777 1681 804 Christum
1699 777 1751 802 hoc

968 825 1027 852 loco
1037 825 1137 851 dictum
1154 833 1215 852 esse
1225 824 1385 855 licclesiam,
1399 828 1426 850 et
1440 823 1479 850 sic
1492 828 1556 850 sunt
1571 822 1750 857 interpretati,

968 871 1070 897 Christi
1092 878 1192 904 corpus
1210 870 1279 896 male
1296 870 1440 896 divisistis.
1458 869 1514 904 Ego
1531 876 1596 895 vero
1615 873 1680 902 puto
1695 867 1752 894 lucc

966 916 1051 950 posita
1070 923 1131 942 esse
1147 923 1194 950 per
1215 915 1475 949 interrogationem;
1501 914 1552 940 hoc
1568 914 1639 940 enim
1654 913 1753 940 docent

965 961 1044 997 169
1070 970 1130 996 quae
1144 961 1349 995 subjuuguutur
1369 971 1374 987 :
1392 960 1519 995 Nunquid
1537 959 1638 986 Paulus
1659 959 1750 986 cruci-

962 1009 1034 1034 lixus
1047 1013 1089 1033 est
1110 1015 1158 1041 pro
1173 1007 1271 1034 vobis?
1289 1007 1327 1034 \el
1344 1007 1370 1033 in
1391 1007 1501 1033 nomine.
1524 1005 1600 1032 Pauli
1622 1005 1752 1039 baptizati

965 1053 1051 1080 estis?
1067 1063 1075 1078 ι
1092 1052 1169 1085 Quod
1183 1058 1273 1080 autem
1286 1053 1353 1079 dicit
1364 1053 1417 1079 tale
1428 1056 1480 1083 est,
1497 1051 1624 1085 Nunquid
1640 1050 1752 1077 dominii

965 1102 990 1124 et
1003 1098 1144 1132 potestatis
1159 1098 1250 1123 soeius
1266 1097 1346 1123 habet
1360 1097 1498 1128 Christus,
1512 1101 1536 1123 et
1553 1101 1695 1130 propterea
1711 1095 1754 1122 di-

966 1143 1043 1171 visus
1057 1148 1108 1174 est,
1126 1146 1206 1177 atque
1225 1143 1270 1169 alii
1289 1141 1398 1176 quidem
1420 1142 1454 1168 ab
1473 1142 1542 1176 ipso,
1562 1142 1607 1168 alii
1629 1149 1693 1168 vero
1719 1142 1754 1167 ab

968 1191 1019 1217 hoc
1033 1194 1059 1216 et
1075 1190 1120 1216 illo
1133 1188 1370 1216 denominamini?
1390 1189 1430 1214 An
1444 1195 1498 1214 non
1515 1189 1591 1215 solus
1612 1196 1660 1222 pro
1677 1188 1754 1215 vobis

968 1236 1094 1263 omnibus
1108 1239 1220 1261 limitem
1234 1234 1335 1262 subiit?
1355 1242 1408 1261 non
1423 1235 1448 1260 in
1465 1235 1574 1261 nomine
1591 1234 1650 1268 ejus
1667 1234 1753 1269 bapti-

970 1282 1021 1309 smi
1036 1282 1150 1316 gratiam
1173 1281 1339 1315 accepistis?
1359 1288 1392 1306 an
1408 1280 1550 1306 hominum
1568 1280 1755 1308 invocationes

970 1331 1144 1363 peecatorunt
1163 1326 1241 1354 vobis
1255 1326 1444 1352 remissionem
1462 1325 1565 1360 largin
1582 1325 1666 1352 sunt?

1007 1417 1089 1446 Vens.
1110 1418 1201 1445 14-16.
1221 1427 1230 1442 ι
1252 1417 1361 1444 Gratias
1387 1424 1438 1451 ago
1456 1415 1511 1443 Deo
1531 1423 1601 1448 meo,
1618 1413 1691 1449 quod
1710 1421 1758 1440 ne-

974 1465 1074 1491 minem
1091 1470 1212 1491 vestrum
1229 1463 1373 1497 baptizari,
1387 1463 1440 1490 nisi
1456 1462 1583 1496 Crispum
1600 1465 1626 1488 et
1643 1460 1756 1492 Caium;

975 1518 1009 1537 ne
1037 1510 1099 1544 quis
1132 1509 1205 1535 dicat
1232 1508 1303 1544 quod
1337 1509 1363 1535 in
1396 1507 1505 1534 nomine
1530 1513 1591 1533 meo
1611 1507 1756 1540 baptizari.

975 1556 1113 1591 Baptizavi
1139 1561 1227 1582 autem
1253 1561 1279 1582 et
1304 1554 1450 1588 Stephante
1474 1554 1597 1580 domum.
1624 1552 1758 1579 Caeterum

977 1602 1070 1628 nescio
1088 1602 1110 1628 si
1131 1609 1211 1636 quem
1232 1601 1314 1627 alium
1334 1599 1539 1634 baptizarerim.
1565 1608 1573 1623 ι
1594 1599 1680 1632 Auget
1701 1598 1762 1632 qui-

976 1647 1036 1674 dem
1055 1646 1256 1673 accusationem
1277 1653 1324 1680 per
1340 1645 1445 1679 singula
1464 1653 1524 1679 qua:
1544 1644 1628 1675 dicit;
1652 1643 1699 1670 sed
1715 1651 1762 1670 eos

976 1700 1046 1727 quos
1061 1695 1173 1719 accusat
1194 1691 1294 1718 acriter
1311 1698 1363 1717 non
1378 1690 1451 1722 ferit,
1465 1691 1528 1717 dum
1542 1691 1678 1725 propriam
1701 1697 1762 1723 per-

977 1746 1072 1766 sonam
1087 1746 1134 1773 pro
1152 1738 1206 1764 illis
1220 1737 1374 1765 substituit.
1391 1737 1482 1764 qunit
1497 1741 1599 1768 autem.
1614 1736 1686 1771 quod
1707 1744 1763 1763 non

977 1785 1064 1812 solum
1085 1792 1100 1811 a
1116 1783 1268 1818 magistris,
1284 1783 1331 1810 sed
1348 1783 1382 1810 ab
1398 1783 1432 1810 iis
1448 1783 1530 1809 etiam
1547 1783 1592 1816 qui
1612 1790 1660 1809 eos
1677 1782 1763 1817 bapti-

977 1835 1083 1862 zarant,
1096 1830 1206 1864 quidam
1229 1830 1335 1864 seipsos
1353 1828 1532 1863 appellarent.
1547 1828 1662 1855 Causam
1679 1828 1761 1854 etiam

978 1876 1090 1911 profert,
1107 1884 1156 1903 cur
1169 1875 1269 1902 multos
1284 1883 1339 1902 non
1350 1874 1541 1909 baptizaverit.

1013 1922 1095 1949 Vens.
1118 1921 1159 1947 l7.
1184 1931 1192 1946 ι
1212 1921 1271 1947 Non
1287 1921 1360 1948 enim
1378 1921 1454 1947 misit
1472 1927 1513 1946 me
1533 1919 1659 1946 Christus
1674 1919 1761 1953 bapti-

978 1976 1050 2000 zare,
1071 1968 1117 1995 sed
1146 1967 1344 2001 evangelizare.
1378 1975 1387 1992 ι
1414 1966 1495 2000 Atqui
1521 1970 1667 1999 utrumque
1694 1972 1764 1999 pra:-

978 2015 1048 2048 cepit
1067 2023 1073 2041 :
1091 2024 1100 2039 ι
1116 2013 1164 2044 Ite,
1178 2013 1277 2048 inquit.
1292 2017 1320 2040 et
1334 2013 1430 2040 docete
1444 2020 1539 2040 omnes
1554 2015 1659 2047 gentes,
1674 2011 1765 2045 bapti-

978 2065 1070 2086 zantes
1093 2066 1140 2086 eos
1167 2059 1193 2085 in
1211 2058 1323 2085 nomine
1347 2057 1447 2090 Patris,
1466 2061 1493 2084 et
1509 2057 1582 2089 Filii,
1601 2061 1628 2084 et
1645 2057 1765 2091 Spiritus

978 2105 1101 2132 sanctiﬁ.
1130 2114 1139 2129 ›
1159 2105 1210 2131 Sed
1237 2103 1386 2138 prredicare
1408 2103 1582 2138 praestantius
1606 2107 1649 2130 est
1681 2110 1763 2137 quam

978 2152 1126 2186 baptizare.
1155 2150 1297 2185 Baptizare
1320 2150 1392 2176 enim
1412 2149 1492 2176 facile
1510 2153 1549 2176 est
1568 2149 1699 2176 omnibus
1716 2148 1764 2183 qui

979 2197 1123 2225 sacerdotii
1143 2197 1248 2223 honore
1273 2195 1361 2222 ornati
1385 2199 1467 2227 sunt;
1499 2193 1649 2229 przedicare
1674 2198 1764 2220 autem

979 2250 1128 2279 paucorum
1148 2246 1217 2275 erat,
1239 2241 1285 2276 qui
1309 2241 1360 2268 hoc
1375 2241 1476 2268 donum
1502 2240 1635 2267 divinitus
1649 2247 1764 2273 accepe-

977 2295 1050 2317 rant.
1070 2289 1110 2316 Ab
1129 2289 1181 2316 hoc
1202 2288 1332 2322 deinceps
1353 2287 1415 2314 loco
1431 2294 1527 2314 eorum
1546 2286 1592 2320 qui
1612 2293 1641 2313 se
1655 2286 1689 2312 de
1706 2286 1754 2312 elo~

978 2336 1090 2371 quentia
1105 2335 1255 2368 jactabant,
1273 2333 1402 2368 deprimit
1420 2333 1610 2366 supercilium.
1628 2335 1654 2359 et
1672 2331 1737 2358 dicit
1755 2338 1762 2355 ι

981 2391 990 2407 ί
1021 2380 1080 2407 Non
1111 2381 1137 2406 in
1170 2378 1304 2413 sapientia
1336 2377 1431 2407 verbi.
1466 2380 1496 2403 ut
1531 2384 1584 2403 non
1615 2379 1764 2403 evacuatur

982 2427 1060 2462 170
1074 2433 1139 2452 crux
1155 2425 1268 2451 Christi.
1287 2433 1296 2449 ι
1315 2423 1342 2450 Si
1357 2424 1428 2450 enim
1444 2422 1602 2456 eloquentia
1615 2425 1641 2448 et
1655 2421 1763 2448 dicendi

980 2473 1108 2499 facultate
1123 2478 1189 2497 usus
1205 2477 1304 2499 essem.
1327 2476 1380 2495 non
1396 2472 1506 2496 ostensa
1524 2468 1621 2494 fuisset
1646 2467 1765 2502 potentia

980 2517 1103 2546 crucifixi
1120 2526 1127 2544 :
1146 2523 1241 2542 omnes
1255 2515 1327 2542 enim
1351 2514 1556 2541 existimassem
1573 2521 1622 2540 eos
1637 2514 1682 2548 qui
1702 2520 1763 2539 ere-

981 2563 1106 2591 diderant
1130 2560 1256 2588 facundia
1270 2564 1297 2587 et
1324 2559 1431 2586 dicendi
1451 2564 1509 2586 arte
1526 2560 1631 2594 'captos
1656 2559 1740 2586 fuisse
1758 2571 1765 2587 :

982 2607 1189 2644 prmdicanlium
1210 2609 1300 2632 autem
1318 2604 1465 2638 imperitia,
1480 2612 1529 2632 eos
1548 2605 1662 2632 vincens
1677 2605 1724 2639 qui
1737 2613 1768 2633 se

983 2654 1016 2681 de
1031 2652 1183 2687 eloquentia
1203 2650 1320 2685 jactant,
1343 2649 1471 2676 virtutem
1495 2649 1586 2676 erucis
1606 2655 1698 2684 aperte
1723 2650 1776 2677 in-r

982 2699 1066 2727 dicat.

782 2787 900 2814 VARle
922 2786 1122 2815 LECTIONES.

177 2835 187 2850 ⁸
203 2833 264 2861 llaec
279 2844 345 2870 μεμ.
362 2850 396 2855 --
410 2835 534 2870 Χριστός.
552 2835 741 2870 desiderantur
756 2836 783 2862 in
800 2835 869 2862 (list.
890 2836 961 2862 lCrcl.
976 2835 1150 2868 Theodoreti,
1179 2835 1224 2864 lib.
1243 2844 1278 2867 tv,
1302 2844 1327 2863 e.
1346 2837 1371 2863 8.

147 2869 289 2902 nouunt,
303 2871 348 2900 2'5.
367 2876 392 2896 et
410 2871 436 2896 in
457 2869 560 2904 prmt‘nt.
572 2869 605 2896 ad
618 2869 695 2896 Pauli
711 2870 789 2905 Epp.,
808 2879 868 2906 pag.
887 2871 913 2904 5,
929 2871 1002 2898 Sirm

287 2917 424 2946 PATROL.
442 2918 463 2946 G
470 2927 497 2946 n.
514 2916 654 2947 LXXXII.

1426 2837 1436 2852 '
1465 2845 1514 2870 μου
1546 2834 1710 2862 additetiam
1731 2832 1774 2859 ad;

1571 2916 1588 2944 ὅ
