1992 3114
267 253 317 286 851

780 248 1022 280 THEODORETI
1037 247 1206 277 EPISCOPI
1222 247 1404 277 CYRENSIS

1840 243 1882 276 852

264 307 411 344 judicium,
427 310 454 334 et
468 314 517 334 eos
533 306 581 342 qui
607 307 634 333 in
657 310 779 342 tempore
804 305 1040 334 consummationi:

1103 305 1143 334 είς
1155 304 1186 331 τὸ
1196 305 1338 340 κριτήριον
1350 304 1422 338 ἄγει,
1442 304 1488 330 καὶ
1499 303 1562 334 τοὺς
1575 302 1646 328 κατὰ
1662 302 1708 329 τὸν
1727 301 1777 337 τῆς
1797 309 1880 328 συντε-

215 354 218 355 ⁷
266 353 441 381 invenientur
449 351 566 380 induens
575 351 793 386 incorruptione,
803 352 937 379 rationem
948 351 1048 386 exiget.

269 409 279 425 ι
299 398 400 426 Omnes
413 398 494 434 692
517 397 600 429 enim,
615 398 713 432 inquit,
731 405 784 424 non
805 397 986 430 dormiemus,
1000 397 1048 425 sed

266 451 363 471 omnes
377 442 586 470 immntabimur
596 443 619 468 ε.
634 451 644 468 1
655 456 689 461 —
702 450 711 466 ι
732 441 806 469 lnsta
821 446 985 476 opportuno,
997 443 1049 469 im-

267 493 394 524 portune.
415 498 425 514 1
447 487 519 514 Nihil
537 487 609 522 quod
621 488 776 522 importune
787 487 826 518 fit,
838 487 975 514 laudatur.
989 487 1047 514 Non

266 541 330 568 ergo
345 537 447 560 temere
463 536 490 559 et
501 533 566 560 'sine
583 533 700 560 consilio
722 533 871 568 przedicare
892 533 980 567 jubet,
1001 533 1048 561 sed

264 579 420 606 existimare
431 586 511 606 omne
524 583 632 613 tempus
643 579 675 605 ad
689 579 714 606 id
728 587 789 606 esse
803 583 896 614 aptum
911 583 938 606 et
951 587 1049 614 oppor-

265 629 372 651 tunum.
394 623 449 651 Hoc
464 624 537 651 enim
552 628 578 650 et
601 624 662 659 ipse
680 632 791 659 quoque
805 632 914 659 semper
929 625 1004 658 fecit,
1022 630 1049 652 et

265 670 290 695 in
307 677 429 702 carcere,
440 674 466 696 et
482 670 508 696 in
523 669 596 701 navi,
609 673 635 697 et
646 678 739 697 mensa
756 670 890 705 apposita.
902 669 1050 698 Testautur

265 719 354 741 autem
370 722 431 749 quas
445 714 589 749 Philippis,
609 723 669 750 quae
688 716 715 742 in
734 716 851 749 Troade,
863 725 923 751 qua:
939 717 964 743 in
981 717 1048 743 muri

264 759 333 785 facta
358 764 431 786 sunt.
456 769 465 785 ι
489 760 590 794 Argue,
613 761 737 795 increpa,
755 761 912 792 exhortare,
933 761 958 787 in
973 761 1048 787 omni

233 810 237 838 ξ
265 805 390 840 patientia
415 811 442 833 et
468 806 605 833 doctrina.
628 816 637 832 1
661 806 717 834 Hoc
733 808 822 834 solent
847 807 929 834 etiam
959 807 1050 834 facere

262 850 334 877 docti
348 851 607 879 medici.0ccultum
623 853 694 880 enim
708 853 801 879 vitium
814 854 932 887 primum
943 858 1047 886 secant,

262 898 288 922 et
303 888 492 923 acerbioribns
508 901 625 923 utuntur
638 897 853 928 medicamentis,
864 897 963 924 deinde
978 898 1048 925 lenia

262 941 410 975 applicant.
429 941 478 969 Est
503 942 595 977 itaque
622 943 773 977 redargulio
801 943 898 971 similis
918 945 1046 976 sectioni,

262 986 405 1019 increpatio
440 992 531 1015 autem
568 987 775 1016 medicamentis
796 991 804 999 '
830 990 1045 1023 austerior-ibus,

261 1031 369 1059 lenibus
401 1037 491 1059 autem
523 1033 682 1061 exhortatio.
704 1034 756 1061 Sed
778 1036 907 1069 quoniam
926 1043 978 1063 usu
1001 1045 1046 1064 ve-

261 1076 362 1110 niebat,
376 1082 406 1104 ut
421 1079 543 1105 nonnulli
553 1080 724 1106 curationem
742 1080 860 1107 oblatam
877 1089 930 1108 non
949 1082 1047 1109 admit-

260 1124 359 1154 terent,
369 1122 403 1149 de
415 1123 458 1149 his
472 1131 579 1158 quoque
592 1125 749 1152 necessario
763 1132 794 1152 ea
807 1126 888 1153 docet
905 1134 966 1160 quae
982 1135 1046 1154 con-

260 1167 344 1194 venit.

294 1255 375 1285 Vens.
386 1259 412 1290 5,
429 1259 454 1287 4.
467 1268 476 1285 ι
495 1259 553 1287 Erit
569 1262 641 1288 enim
657 1265 775 1298 tempus,
789 1270 851 1290 cum
867 1271 962 1291 sanam
978 1265 1044 1291 dm:-

258 1302 357 1328 trinam
376 1311 430 1330 non
446 1305 621 1333 sustinebunt
639 1315 646 1339 ;
680 1308 728 1334 sed
747 1309 898 1336 secundum
917 1310 1043 1337 libidines

256 1353 321 1374 tuas
346 1350 548 1377 cuaccrvabunt
568 1351 620 1378 sibi
639 1353 796 1387 magistros,
818 1355 974 1388 prurientes
992 1363 1041 1382 au-

256 1392 343 1424 ribus,
360 1397 387 1420 et
412 1402 426 1420 a
448 1395 560 1423 veritate
575 1397 684 1431 quidem
707 1399 830 1426 auditum
854 1405 989 1432 avertent,
1009 1402 1043 1428 ad

256 1436 363 1465 fabulas
387 1442 479 1466 autem
500 1446 707 1470 convertentur.
724 1452 733 1468 1
753 1442 907 1471 Prurientes
922 1445 1041 1477 auribus,

255 1481 346 1513 posuit
367 1488 415 1516 pro
433 1490 466 1509 eo
480 1484 550 1517 quod
567 1488 618 1516 est,
631 1485 774 1517 Delectati.
786 1489 851 1522 quia
872 1490 1041 1524 voluptatem

254 1526 373 1561 aliquant
390 1529 459 1562 parit
470 1531 577 1558 aurium
592 1531 760 1565 perfricatio.
773 1532 934 1566 llujusmodi
950 1540 1041 1562 autem

254 1576 316 1598 sunt
333 1573 415 1600 etiam
439 1573 571 1602 fabulosae
592 1576 736 1609 doctrinm,
753 1586 814 1613 quae
830 1578 1040 1608 delectationem

253 1614 365 1649 habent,
379 1625 433 1644 non
447 1619 603 1649 utilitatem.

288 1659 372 1689 Vens.
391 1662 416 1689 5.
436 1673 444 1688 ι
466 1663 506 1690 Tu
525 1673 589 1692 vero
603 1667 681 1701 vigila
695 1667 722 1694 in
739 1669 876 1698 omnibus.
893 1680 903 1696 1
917 1670 1037 1706 Vigilan-

253 1711 306 1733 tem
323 1707 424 1735 habeas
444 1711 648 1744 cogitationem.
668 1722 677 1738 ι
699 1713 769 1741 Mala
788 1720 889 1749 patere.
915 1727 924 1742 1
945 1718 1038 1745 Virtu-

253 1751 288 1778 tis
318 1752 426 1781 labores
446 1757 620 1790 amplectere.
643 1767 652 1784 ι
676 1759 751 1793 Opus
779 1760 821 1787 iac
846 1761 927 1796 693
953 1770 1038 1790 evan-

253 1797 367 1832 gelista.
396 1809 406 1825 1
432 1800 482 1828 Fer
510 1802 625 1830 libenter
653 1805 772 1838 pericula
804 1814 865 1840 qtne
887 1808 963 1835 subis
990 1817 1039 1843 pro

253 1843 363 1878 pietate.
383 1854 392 1869 ι
414 1845 593 1874 Ministcrium
610 1854 686 1875 tuum
702 1850 794 1884 imple.
810 1860 820 1876 1
838 1851 901 1879 Sive
913 1855 1037 1887 credant,

252 1887 310 1915 sive
326 1897 392 1921 non,
410 1891 450 1917 eis
465 1893 542 1919 trade
556 1893 719 1921 doctrinam.
734 1889 772 1921 ita
787 1897 860 1923 enim
879 1906 933 1925 rem
954 1899 1039 1927 facies

252 1934 460 1962 convenientem
484 1941 530 1964 tuo
546 1939 711 1966 ministerio.
729 1940 831 1969 Deinde
853 1943 933 1971 docet
955 1947 1037 1973 etiam

251 1985 301 2004 cur
316 1979 410 2007 multis
427 1982 499 2016 apud
514 1991 576 2011 cum
594 1985 745 2020 multisque
759 1986 792 2014 de
809 1988 891 2016 rebus
906 1991 1036 2018 exhorta-

252 2023 373 2051 tionibus
387 2029 489 2053 utatur.

286 2069 369 2099 Vsns.
388 2072 414 2099 6.
435 2081 444 2098 ι
460 2073 516 2109 Ego
530 2075 601 2102 enim
615 2076 672 2109 jam
687 2077 802 2111 delibor,
812 2085 839 2106 et
851 2085 958 2116 tempus
970 2091 1036 2111 mea:

249 2115 429 2146 discessionis
452 2119 545 2147 instat.
567 2130 576 2146 1
596 2120 662 2148 Sutn
676 2122 731 2157 jam
749 2123 776 2150 in
791 2124 843 2153 line
863 2115 1034 2157 ecrrtaininis.

248 2161 413 2191 Libationem
436 2172 526 2193 autem
549 2173 628 2195 vocat
648 2176 742 2197 necem
765 2178 855 2204 suam,
872 2178 966 2208 utpote
984 2183 1034 2210 pro

248 2210 347 2243 pietate
359 2211 422 2240 fuso
438 2213 582 2247 sanguine.

282 2299 366 2328 Vens.
381 2301 409 2328 7.
428 2312 438 2327 ι
458 2301 564 2330 Bonum
581 2309 718 2333 certamen
734 2309 847 2336 certavi.
865 2319 875 2336 1
892 2311 1031 2341 Adversus

245 2346 318 2373 enim
342 2348 498 2376 universam
519 2350 620 2378 diaboli
643 2358 780 2381 catervam
797 2356 944 2389 dimicans.
962 2360 1031 2388 fusis

245 2399 277 2420 ac
302 2393 452 2428 proﬂigatis
481 2395 616 2429 hostibus,
643 2402 744 2434 tropma
767 2403 852 2429 erexi.
883 2413 892 2428 ι
911 2404 1029 2433 Cursum

244 2439 444 2466 consummavi.
464 2450 472 2466 1
490 2440 607 2469 Maxima
621 2444 692 2470 enim
709 2447 788 2472 terra:
810 2451 836 2473 et
856 2449 939 2476 maris
953 2454 1030 2484 parte

243 2483 328 2514 obita,
348 2492 398 2512 eos
413 2485 565 2514 illuminavi
589 2489 634 2523 qui
657 2489 684 2515 in
709 2490 890 2524 ignorationis
908 2483 1028 2524 tenebris

242 2529 446 2560 detinebantur.
467 2541 478 2558 ι
496 2533 588 2561 Fidem
605 2535 722 2563 servavi.
745 2545 753 2562 1
772 2537 868 2566 Nullus
882 2540 954 2566 enim
966 2549 1026 2569 eam

243 2575 309 2603 mibi
336 2577 479 2612 subripuit,
498 2587 553 2606 non
584 2582 714 2616 populus,
736 2590 791 2610 non
818 2586 909 2620 populi
926 2592 1025 2620 rector,

244 2628 297 2648 non
327 2629 384 2654 rex,
408 2631 462 2651 non
481 2629 625 2660 tyrannus,
639 2635 693 2654 non
722 2628 780 2663 ipse
808 2629 945 2660 diabolus.
967 2632 1024 2660 1am

244 2674 309 2694 vero
327 2669 447 2695 ostendit
463 2671 544 2697 etiam
564 2673 674 2706 praemia
691 2675 884 2702 certaminum.

279 2712 361 2741 Vens.
380 2714 406 2741 8.
435 2725 444 2741 ι
464 2716 598 2745 Caeterum
614 2721 732 2754 reposita
758 2726 800 2749 est
826 2723 892 2750 mibi
920 2733 1022 2754 comna

279 2787 291 2806 Ι
304 2786 387 2814 ICOr.
406 2794 449 2819 xv,
466 2788 511 2816 5t.

1101 350 1174 381 λείας
1195 351 1290 384 καιρὸν
1307 349 1515 385 εὑρισκομένους
1536 348 1636 375 ένδὺων
1655 347 1705 382 τὴν
1724 345 1881 381 ἀφθαρσίαν,

1099 396 1209 423 ἀπαιτεῖ
1222 395 1272 427 τὰς
1291 395 1414 427 εὐθύνας.
1437 404 1446 420 ι
1462 395 1566 425 Πάντες
1582 394 1648 429 γὰρ,
1673 393 1766 428 φησὶν,
1780 392 1815 418 οὐ
1834 401 1881 418 κοι-

1101 441 1289 477 μηθησόμεθα,
1315 442 1416 473 πάντες
1438 441 1466 468 δὲ
1486 440 1707 475 ἀλλαγησόμεθα.
1719 448 1729 464 1
1744 455 1777 459 —
1791 447 1802 464 ε
1815 437 1882 464 Ἐπί-

1100 487 1177 522 στηθι
1195 487 1342 521 εὐκαίρως,
1361 487 1492 521 ἀκαίρως.
1507 496 1515 511 1
1541 485 1626 512 Οὐδὲν
1646 484 1767 519 ἀκαίρως
1794 483 1881 517 γιγνθ

1101 540 1182 566 μενον
1192 532 1399 567 ἐπαινούμενον.
1413 532 1450 558 Οὺ
1464 531 1555 557 τοίνυν
1570 530 1664 561 ἁπλῶς
1679 530 1726 556 καὶ
1741 529 1779 561 ὡς
1793 529 1882 562 ἔτυχεν

1099 577 1180 604 αὑτὸν
1195 578 1339 614 κηρύττειν
1352 578 1508 613 παρεγγυᾷ,
1527 576 1595 603 ἀλλὰ
1609 576 1698 603 πάντα
1717 575 1817 611 καιρὸν
1831 575 1881 601 ἑπι-

1098 624 1203 658 τήδειον
1218 625 1258 655 είς
1270 624 1349 651 τοῦτο
1360 624 1489 658 νομίζειν.
1506 623 1591 650 Τοῦτο
1606 623 1660 658 γὰρ
1677 623 1723 648 καὶ
1739 621 1825 652 αὐτὸς
1849 620 1882 647 δι-

1099 670 1185 696 ετέλει
1199 671 1293 702 ποιῶν,
1312 671 1360 696 καὶ
1371 671 1399 696 ὲν
1414 669 1600 704 δεσμωτηρίῳ,
1617 670 1663 695 καὶ
1677 670 1705 694 ὲν
1718 667 1814 702 πλοίῳ,
1843 669 1882 694 καὶ

1100 717 1307 752 παρακειμένης
1321 715 1471 750 τραπέζης.
1486 715 1541 742 Καὶ
1559 716 1693 750 μαρτυρεῖ
1708 714 1742 740 τὰ
1752 715 1783 741 ὲν
1794 713 1882 739 Φιλίπ-

1100 771 1171 794 ποις,
1187 762 1222 788 τὰ
1241 763 1270 788 ἐν
1282 762 1400 797 Τρωάδι,
1418 761 1453 788 τὰ
1469 763 1497 788 ἐν
1513 763 1547 796 τῇ
1563 760 1692 796 θαλάττῃ.
1722 770 1731 784 ι
1745 760 1879 793 Ἕλεγξον,

1100 808 1272 843 ἐπιτίμησον,
1291 807 1481 842 παρακάλεσον
1503 807 1532 832 ὲν
1553 806 1627 841 πάσῃ
1644 804 1824 840 μακροθυμίᾳ
1841 805 1880 830 καὶ

1099 852 1204 888 διδαχῇ.
1221 862 1229 878 1
1247 852 1332 879 Τοῦτο
1345 852 1392 879 καὶ
1407 853 1430 878 οἱ
1444 852 1521 886 σοφοὶ
1534 851 1640 877 ποιοῦσι
1658 849 1710 876 τῶν
1726 850 1839 884 ite-:96”.
1850 850 1881 876 Τδ

1099 898 1153 933 γὰρ
1169 898 1359 933 κεκρυμμένον
1381 897 1466 929 πάθος
1482 897 1610 932 τέμνουσι
1630 896 1748 932 πρῶτον,
1769 896 1818 922 καὶ
1831 897 1881 927 τοῖς

1099 943 1309 978 αὑστηροτέᾳοις
1337 943 1456 978 χρῶνται
1484 942 1649 977 φαρμάκοις,
1679 940 1730 968 εἷθ¹
1756 941 1830 967 οὕτω
1851 942 1880 968 τὰ

1098 989 1167 1024 ἦπια
1187 989 1392 1016 ἐπιπάττουσιν.
1409 988 1501 1014 Ἐοικε
1517 987 1605 1014 τοίνυν
1622 988 1636 1013 ό
1648 987 1697 1022 μὲν
1711 986 1839 1020 ἐλεγχος

1097 1035 1187 1069 τομῇ·
1208 1035 1224 1068 ἡ
1241 1033 1270 1060 δὲ
1293 1034 1474 1067 ἐπιτίμησις,
1499 1034 1556 1064 τοῖς
1581 1032 1706 1066 στίφουσι
1737 1031 1792 1058 τῶν
1815 1040 1881 1066 φαρ-

1098 1080 1195 1115 μάκων
1208 1087 1214 1094 ·
1228 1080 1284 1110 τοῖς
1300 1079 1392 1113 ὴπίοις
1415 1078 1444 1104 δὲ
1468 1079 1484 1112 ὴ
1504 1077 1708 1111 παράκλησις.
1731 1076 1841 1111 Ἐπειδὴ
1854 1076 1879 1103 δὲ

1098 1125 1239 1152 συνέϐαινέ
1263 1132 1339 1156 τινας
1362 1123 1411 1159 τὴν
1439 1122 1665 1158 προσφερομένην
1680 1122 1830 1157 θεραπείαν
1846 1122 1879 1157 μὴ

1095 1171 1231 1206 δέχεσθαι,
1259 1169 1416 1204 ἀναγκαίως
1443 1170 1488 1196 καὶ
1515 1168 1581 1204 περὶ
1602 1168 1704 1194 τούτων
1724 1167 1774 1203 τὴν
1799 1176 1878 1203 προσ-

1095 1219 1216 1254 ήκουσαν
1230 1218 1346 1244 ποιεῖται
1361 1215 1546 1242 διδασκαλίαν.
1837 1213 1840 1216 ’

1130 1266 1165 1296 γ’,
1181 1263 1212 1289 δ’.
1235 1272 1244 1288 ι
1259 1262 1355 1289 Ἔσται
1375 1261 1430 1296 γὰρ
1445 1261 1551 1296 καιρὸς,
1572 1261 1615 1287 ὅτε
1635 1260 1686 1295 τῆς
1709 1259 1877 1295 ὑγιαινούσης

1093 1308 1268 1340 διδασκαλίας
1295 1309 1345 1334 οὐκ
1371 1307 1520 1340 ἀνέξονται,
1551 1307 1620 1333 ἀλλὰ
1643 1306 1716 1332 κατὰ
1736 1306 1787 1337 τὰς
1816 1305 1878 1336 ἰδίας

1093 1354 1254 1389 ἐπιθυμίας.
1285 1353 1534 1389 Ἐπισωρεύσουσιν
1560 1353 1667 1383 ἑαυτοῖς
1694 1351 1876 1396 διδασκάλους,

1095 1399 1259 1434 κνηθόμενοι
1275 1398 1325 1434 τὴν
1340 1398 1436 1433 ἀκοὴν,
1450 1399 1497 1424 καὶ
1509 1397 1563 1424 ἀπὸ
1575 1397 1624 1432 μὲν
1636 1397 1686 1430 τῆς
1695 1396 1824 1431 ἀληθείας
1833 1396 1877 1430 τὴν

1093 1445 1178 1479 ἀκοὴν
1193 1444 1420 1479 ἀποστρέψουσιν,
1431 1444 1478 1470 ἐπὶ
1499 1443 1528 1469 δὲ
1543 1443 1604 1474 τοὺς
1627 1442 1732 1477 μύθους
1746 1441 1877 1476 ἐντραπή-

1093 1500 1185 1518 σονται
1202 1492 1235 1518 ’⁸.
1251 1501 1259 1516 1
1283 1491 1329 1523 Τὸ,
1351 1489 1597 1524 κνηθόμενοιτὴν
1608 1488 1719 1521 ἀκοὴν,
1740 1488 1802 1514 ἀντὶ
1824 1487 1876 1519 τοῦ,

1092 1537 1272 1572 Τερπόμενοι,
1295 1537 1434 1563 τέθεικεν·
1459 1535 1609 1569 ἐπειδήπερ
1630 1534 1730 1568 ἡδονήν
1755 1542 1816 1559 τινα
1832 1535 1878 1567 τῆς

1091 1583 1177 1618 ἀκοῆς
1189 1584 1205 1617 ἠ
1216 1583 1311 1618 κνῆσις
1325 1582 1481 1617 ἐργάζεται.
1496 1579 1613 1607 Τοιαῦτα
1623 1579 1652 1606 δὲ
1666 1580 1715 1605 καὶ
1725 1579 1760 1605 τὰ
1773 1578 1877 1612 μυθώδη

1053 1632 1076 1662 C
1092 1628 1274 1663 παιδεύματα,
1288 1627 1394 1663 τέρψιν,
1407 1628 1456 1654 οὐκ
1470 1626 1563 1661 ὅνησιν
1577 1625 1684 1660 ἔχοντα.

1128 1678 1158 1702 ε’.
1183 1683 1192 1700 ο
1207 1675 1244 1701 Σὺ
1256 1674 1294 1706 δὲ,
1311 1674 1379 1708 νῆφε
1395 1674 1424 1699 ἐν
1441 1674 1518 1700 πᾶσι.
1533 1682 1541 1698 1
1568 1672 1757 1707 Ἐγρηγορότα
1775 1672 1818 1706 ἔχε
1833 1671 1877 1697 τὸν

1091 1720 1227 1753 λογισμόν.
1260 1728 1269 1744 ι
1283 1718 1513 1754 Κακοπέιθησον.)
1540 1717 1676 1749 Ἀσπάζου
1702 1718 1769 1748 τοὺς
1786 1716 1877 1746 πόνους

1089 1767 1139 1801 τῆς
1153 1766 1262 1801 ἀρετῆς.
1288 1774 1297 1791 ι
1314 1765 1415 1800 Ἔργον
1433 1765 1546 1799 ποίησον
1563 1762 1772 1806 ειὶαγγελιστοῦ.
1785 1772 1794 1788 1
1811 1762 1875 1795 Φέρε

1091 1813 1151 1847 μεθ’
1179 1811 1275 1847 ἡδονῆς
1293 1811 1356 1843 τοὺς
1384 1811 1454 1845 ὑπὲρ
1479 1811 1531 1844 τῆς
1560 1809 1702 1840 εὐσεϐείας
1729 1808 1874 1838 κινδύνους.

1093 1867 1101 1882 ι
1115 1857 1170 1892 Τὴν
1181 1856 1318 1883 διακονίαν
1334 1865 1380 1882 σου
1394 1855 1612 1891 πληροφόρησον.
1625 1863 1634 1879 1
1650 1853 1713 1879 Εἴτε
1728 1853 1872 1884 πείθονται,

1089 1902 1144 1928 εἴτε
1163 1905 1210 1929 καὶ
1227 1902 1275 1937 μὴ,
1292 1902 1430 1937 πρόσφερε
1449 1901 1498 1936 τὴν
1523 1900 1710 1927 διδασκαλίαν.
1735 1899 1811 1925 Οὕτω
1823 1897 1873 1932 γὰρ

1088 1948 1119 1974 τὸ
1131 1949 1163 1982 τῇ
1177 1947 1301 1982 διακονίᾳ
1316 1947 1419 1981 πρέπον
1436 1945 1515 1980 ἔργον
1528 1944 1706 1974 έπιτελέσεις.
1722 1941 1788 1969 Εἶτα
1807 1942 1873 1967 διδά-

1089 2001 1149 2019 σκει
1175 1993 1245 2023 τίνος
1272 1992 1365 2018 ἕνεκεν
1391 1991 1490 2022 πολλὰς
1511 1990 1584 2024 αὐτῷ
1607 1990 1654 2015 καὶ
1682 1988 1748 2023 περὶ
1774 1987 1872 2014 πολλῶν

1089 2038 1262 2073 παραινέσεις
1276 2037 1474 2072 προσήνεγκεν.

1124 2086 1161 2116 ς’.
1182 2092 1191 2108 ι
1204 2082 1273 2116 Ἐγὼ
1287 2082 1340 2117 γὰρ
1363 2082 1413 2116 ἤδη
1439 2081 1600 2115 σπένδομαι,
1622 2080 1669 2106 καὶ
1687 2080 1701 2106 ὁ
1717 2078 1809 2113 καιρὸς
1823 2076 1871 2110 τῆς

1086 2129 1157 2164 ἑμῆς
1172 2128 1328 2159 ἀναλύσεως
1342 2129 1487 2162 ἐφέστηκε.
1502 2135 1512 2152 1
1534 2125 1602 2161 Παρ”
1618 2125 1687 2151 αὐτὸ
1701 2124 1804 2158 ἕστηκα
1817 2122 1872 2148 τῶν

1086 2175 1199 2209 ἀγώνων
1220 2175 1250 2201 τὸ
1272 2174 1358 2205 τέλος.
1381 2172 1523 2206 Σπονδὴν
1541 2171 1569 2198 δὲ
1591 2170 1673 2197 αὑτοῦ
1695 2170 1746 2205 τὴν
1767 2168 1871 2204 σφαγὴν

1086 2221 1317 2256 προσηγόρευσεν,
1333 2219 1371 2250 ὡς
1391 2219 1461 2254 ὑπὲρ
1482 2217 1623 2248 εὐσεϐείας
1637 2216 1801 2250 ἐκχεομένου
1820 2213 1868 2240 τοῦ

1084 2267 1208 2302 αἵματος.

1049 2301 1071 2328 D
1117 2301 1151 2344 ζ’.
1173 2312 1245 2338 «Τὸν
1264 2310 1357 2345 ἀγῶνα
1377 2309 1423 2336 τὸν
1443 2309 1524 2336 καλὸν
1546 2309 1568 2324 ’⁷
1588 2307 1756 2343 ἠγώνισμαι.
1769 2316 1778 2332 1
1799 2305 1866 2340 Πῴις

1081 2358 1134 2393 γὰρ
1147 2358 1218 2385 ἂπαν
1233 2356 1278 2383 τοῦ
1293 2355 1416 2382 διαῦόλου
1434 2355 1464 2381 τὸ
1479 2354 1572 2388 στῖφος
1588 2352 1822 2388 παραταξάμενος,
1834 2350 1866 2376 τὸ

1080 2402 1208 2437 τρόπαιον
1225 2401 1337 2436 ἐστησα.
1357 2410 1366 2426 ι
1381 2400 1434 2427 Τὺν
1444 2399 1544 2434 δρόμον
1560 2398 1700 2424 τετέλεκα.
1715 2406 1724 2422 ι
1745 2397 1798 2430 Τῆς
1811 2394 1865 2429 γὰρ

1078 2447 1130 2483 γῆς
1145 2447 1192 2474 καὶ
1210 2447 1259 2482 τῆς
1272 2446 1406 2481 θαλάττης
1420 2445 1450 2471 τὺ
1463 2445 1587 2471 πλεῖστον
1603 2441 1789 2479 περιδραμὼν,
1802 2441 1864 2471 τοὺς

1079 2493 1118 2528 τῷ
1145 2492 1236 2519 σκότει
1266 2492 1316 2526 τῆς
1345 2491 1480 2526 ἀγνωσίας
1503 2488 1705 2524 κατεχομένους
1734 2487 1862 2522 ὲφώτισα.

1081 2540 1157 2576 «Τὴν
1178 2539 1270 2566 πίστιν
1287 2540 1437 2574 τετήρηκα.
1453 2547 1463 2564 1
1490 2537 1583 2568 Οὐδεὶς
1606 2536 1661 2571 γὰρ
1680 2535 1782 2570 ταύτην
1800 2533 1862 2560 ἐσύ-

1076 2587 1169 2623 λησεν,
1192 2587 1223 2614 οὐ
1247 2586 1342 2622 δῆμος,
1368 2586 1398 2614 οὺ
1422 2583 1652 2631 δημαγωγὸςρού
1678 2581 1811 2631 βασιλευς,
1824 2580 1860 2631 ob

1076 2633 1218 2668 τύραννος,
1235 2633 1284 2660 οὐκ
1297 2632 1376 2664 αὐτὸς
1389 2632 1404 2659 ὁ
1417 2630 1549 2662 διάϐολος.
1565 2629 1690 2656 Δείκνυσι
1704 2628 1733 2655 δὲ
1750 2627 1795 2654 καὶ
1804 2627 1860 2652 τῶν

1077 2679 1189 2713 ἀγώνων
1203 2679 1236 2706 τὰ
1254 2677 1333 2705 ἆθλα.

1112 2729 1146 2760 η’.
1172 2735 1182 2751 ι
1194 2725 1294 2752 Λοιπὸν
1313 2724 1336 2740 ’⁸
1353 2723 1496 2751 ἀπόκειταί
1517 2731 1562 2758 μοι
1585 2722 1600 2747 ὸ
1620 2721 1670 2757 τῆς
1690 2718 1858 2752 δικαιοσύνης

888 2840 1004 2869 VARUS
1025 2842 1225 2870 LECTIONES.

237 2902 258 2918 ι,
310 2877 526 2918 ἐκτραπήσονται
553 2881 654 2908 rectius
680 2882 707 2909 Β.

767 2884 787 2899 ³⁷
800 2885 850 2910 Τὲιν
860 2886 940 2912 καλὸν
958 2888 1051 2920 ἀγῶνα
1079 2905 1113 2910 .-

277 2910 381 2940 Ῡιτδ.’8
398 2910 439 2941 est
454 2915 524 2948 apud
537 2921 658 2942 nostrum
674 2918 737 2946 dial.
753 2918 766 2944 4
784 2910 938 2948 curacum
1071 2910 1241 2953 diversitai;

1139 2898 1163 2916 τι
1191 2887 1268 2916 πιστ.
1291 2891 1426 2925 τετήρηκα
1443 2890 1522 2918 habet
1542 2890 1639 2917 Noster
1658 2889 1690 2916 ad
1705 2888 1779 2915 Cant.
1791 2895 1811 2922 1,
1824 2889 1852 2916 δ.
