1992 3114
103 244 152 276 861

540 247 847 277 INTERPRETATIO
858 246 975 275 EPIST.
996 247 1046 276 AD
1062 247 1135 276 TIT.
1151 247 1228 276 CAP.
1250 247 1274 276 Ι.

1673 245 1726 277 862

104 301 172 336 τίων
190 301 330 336 εἰδήμονα.
355 303 383 329 '0
401 302 455 338 γὰρ
471 303 557 330 ταῦτα
577 304 670 338 σαφῶς
699 303 888 338 ἐπιστάμενος,
905 318 911 330 λ

951 303 1094 330 livinorum
1111 303 1283 337 eloquiorum
1301 302 1413 335 peritus.
1427 301 1477 333 Qui
1494 301 1551 328 haec
1565 301 1637 328 enim
1652 307 1726 328 reetc

104 346 153 374 καὶ
166 348 224 378 τοῖς
244 347 402 374 πιστεύουσι
422 348 470 382 τὴν
485 349 644 385 ὀνησιφόρον
659 349 807 383 προσφέρει
820 348 890 374 διδα-

104 391 230 423 σκαλίαν,
244 392 358 419 καὶτῶν
375 393 501 420 ἐναντίων
513 394 618 428 ἐλέγχει
632 395 641 409 ⁷
654 395 684 420 τὸ
697 393 804 428 ψεῦδος.
814 393 890 419 οὕτω

102 436 195 468 δείξας
210 437 258 464 τοῦ
273 438 368 472 ἱερέως
386 439 451 470 τοὺς
468 440 653 474 χαρακτῆρας,
676 439 823 473 μεταφέρει
843 439 890 464 τὸν

103 481 183 515 λέγον
195 483 234 512 εἰς
251 483 417 519 κατηγορίαν
427 484 482 509 τῶν
493 485 558 510 νόθα
572 484 633 511 τινὰ
649 484 695 511 καὶ
707 483 889 519 διεφθαρμένα

102 527 229 561 δόγματα
245 528 390 563 κηρύττειν
425 529 644 564 ἐπιχειρούντων.

141 576 167 602 ι’.
187 577 231 600 ια’.
253 583 262 599 ι
284 574 344 600 Elui.
360 575 415 608 γὰρ
432 574 524 601 πολλοὶ
539 575 730 603 ἀνυπότακτοι,
749 573 891 609 ματαιολό-

103 626 149 650 γοι
157 617 179 650 ³,
196 618 244 644 καὶ
257 620 438 654 φρεναπάται,
456 620 572 653 μάλιστα
584 621 607 646 οἱ
620 621 651 646 ὲκ
665 621 715 654 τῆς
727 619 889 653 περιτομῆς⁶

103 663 153 694 οὓς
168 663 208 689 δεῖ
224 664 419 698 ἐπιστομίζειν.
432 674 441 690 ι
454 664 535 697 Λέγει
552 665 578 690 δὲ
595 665 641 690 καὶ
654 665 698 691 τὸν
715 666 763 699 τῆς
781 672 892 698 ματαιο-

104 709 200 741 λογίας
216 709 325 742 τρόπον.
344 719 353 735 ι
366 710 471 740 Οῖτινες
488 710 564 740 ὅλους
587 710 678 741 οἴκους
698 710 890 745 ἀνατρέπουσι,

104 753 275 785 διδάσκοντες
303 754 320 781 ἃ
347 754 383 789 μὴ
408 755 458 786 δεῖ,
485 756 597 789 αἰσχροῦ
629 756 741 790 κέρδους
769 756 858 790 χάριν.
879 765 888 781 ι

105 798 199 825 Ταῦτα
214 800 277 834 περὶ
300 800 353 826 τῶν
368 801 497 826 τάναντία
524 801 704 828 διδασκόντων
727 801 822 833 εἰπὼν,
837 802 892 832 τοῖς

105 844 315 880 ἐξαπατηθεῖσιν
331 846 456 881 ἐπιφέρει
476 847 524 880 τὴν
546 847 714 882 ἐπιτίμησιν.
736 848 851 874 Ἐθνικοὶ
864 847 892 873 δὲ

104 886 178 924 ἦσαν
190 887 274 921 οὗτοι,
294 892 344 917 οὐκ
370 890 503 918 Ἰουδαῖοι·
529 891 575 918 καὶ
600 892 680 918 τοῦτο
705 892 800 926 σαφῶς
820 892 892 918 διδά-

106 942 169 962 σκει
185 934 221 961 τὰ
235 935 403 970 ἐπαγόμενα.

144 990 189 1025 ιβ’,
205 991 250 1024 ιγ’.
271 1001 280 1017 ι
296 989 363 1018 Εἷπέ
382 1001 424 1024 τις
436 993 465 1025 ἐξ
484 993 584 1024 αὐτῶν,
601 993 666 1024 ἴδιος
680 993 768 1020 αὐτῶν
784 994 890 1028 προφή-

105 1044 177 1071 της·
204 1037 311 1072 Κρῆτες
338 1038 381 1064 ἀεὶ
406 1038 531 1073 ψεῦσται,
551 1039 624 1066 κακὰ
648 1040 739 1075 θηρία,
762 1039 893 1074 γαστέρες

103 1082 255 1117 ἀργαί.·Ἦ
279 1084 416 1119 μαρτυρία
441 1083 510 1119 αὕτη
535 1085 609 1111 ἐστὶν
624 1085 736 1120 ἀληθής.
752 1094 761 1111 ι
789 1085 893 1119 οὐγὰρ

112 1127 251 1155 Ἰουδαίων
271 1130 413 1164 προφήτης
435 1130 609 1165 Καλλίμαχος
636 1128 670 1164 ἦν
687 1130 780 1165 (αὑτοῦ
801 1130 856 1165 γὰρ
877 1131 893 1164 ἡ

105 1171 156 1197 τοῦ
172 1171 254 1203 ἔπους
275 1172 368 1207 ἁρχὴ),
383 1173 441 1200 ἀλλ’
461 1173 594 1209 Ἑλλήνων
615 1171 649 1208 ἦν
662 1174 786 1208 ποιητής.
796 1173 866 1200 Ἀλλ’
880 1175 894 1199 ό

107 1216 162 1251 μὲν
175 1218 291 1251 ποιητὴς
302 1218 312 1233 ’
327 1217 370 1244 διὰ
394 1219 440 1245 τὸν
454 1219 501 1245 τοῦ
522 1219 582 1250 Διὸς
596 1219 682 1253 τάφον
703 1219 766 1250 τοὺς
783 1219 895 1254 Κρῆτας

105 1262 236 1297 ὠνόμασε
249 1263 377 1298 ψεύστας.
396 1263 427 1291 ’0
441 1264 469 1290 δὲ
485 1264 556 1295 οεἴο;
569 1265 728 1295 ’Δπόστολος
745 1263 833 1298 ἁληθῆ
846 1263 894 1298 τὴν

108 1308 268 1343 μαρτυρίαν
283 1309 422 1340 ἐκάλεσεν,
437 1310 467 1336 οὺ
485 1310 534 1344 τὴν
553 1311 696 1344 ποιητικὴν
711 1309 827 1344 βεόαιῶν
845 1318 896 1344 μυ-

107 1352 247 1387 θολογίαν,
262 1354 329 1381 ἀλλὰ
344 1354 398 1381 τῶν
412 1355 528 1390 Κρητῶν
543 1354 686 1390 διελέγχων
708 1355 738 1381 τὸ
764 1355 814 1389 τῆς
827 1354 896 1388 γνώ-

108 1407 168 1433 μης
185 1399 327 1426 ἀϐέϐαιον·
345 1400 405 1426 ἀντὶ
417 1400 476 1431 τοῦ,
493 1400 589 1432 Καλῶς
604 1401 676 1435 ὑμᾶς
694 1400 896 1435 προσηγόρευσε

105 1443 247 1479 ψεύστας·
274 1445 388 1472 τοιοῦτοι
405 1445 460 1481 γὰρ
476 1445 673 1481 καθεστήκατε.
698 1445 778 1476 Εἰκὸς
798 1445 826 1471 δὲ
850 1445 897 1471 καὶ

107 1491 226 1526 ἑτέρωθι
247 1491 293 1517 τὸν
315 1491 479 1526 καλούμενον
499 1491 548 1518 Δία
566 1492 701 1522 τεθνᾶναε,
725 1491 771 1517 καὶ
786 1490 897 1521 τούτους

110 1536 205 1571 μάτην
220 1537 394 1571 οἰκοδομῆσαι
409 1537 454 1563 τὸν
471 1537 564 1571 τάφον.

149 1591 161 1608 α
183 1583 222 1608 Δι’
244 1582 278 1618 ἣν
305 1582 393 1609 αἰτίαν
416 1582 509 1617 ἔλεγχε
539 1583 637 1613 αὐτοῦς
663 1583 827 1617 ἀποτόμως,
853 1582 896 1608 ίνα

942 354 1025 381 tenet,
1039 353 1066 376 et
1083 349 1116 376 iis
1137 348 1183 383 qui
1210 347 1326 374 credunt
1350 346 1443 373 utiletn
1462 346 1544 372 tradit
1562 346 1726 377 doctrinam,

942 400 969 422 et
995 394 1167 421 adversarios
1187 393 1328 419 convincit
1343 391 1490 419 mendacii.
1521 390 1670 424 Postquam
1686 390 1726 417 sic

944 439 1059 466 formam
1092 437 1242 466 sacerdotis
1267 435 1398 468 ostendil,
1417 436 1553 462 convertit
1574 435 1725 462 oralionem

944 485 977 512 ad
993 493 1042 511 eos
1058 484 1227 511 accusandos
1250 482 1297 516 qui
1315 482 1467 510 adulterina
1485 481 1607 516 qumdam
1620 485 1646 508 et
1666 487 1728 507 cor-

945 534 1024 563 rupta
1040 529 1167 564 dogmata
1184 529 1334 562 praedicare
1347 527 1586 561 aggrediebantur.

979 575 1061 602 Vsus.
1081 576 1121 606 10,
1143 575 1183 601 Η.
1212 583 1221 599 ι
1245 573 1316 600 Sunt
1340 574 1412 599 enim
1432 573 1509 598 multi
1529 572 1610 599 etiam
1634 569 1728 596 inobe-

944 620 1063 650 dientes.
1082 619 1233 653 vaniloqui,
1250 624 1276 645 et
1294 617 1476 648 l'raudatores,
1489 616 1607 642 maxime
1624 615 1669 649 qui
1694 614 1728 640 de

943 665 1157 692 circumcisione
1168 669 1242 696 stitit,
1258 672 1326 698 quos
1341 668 1448 698 oportet
1467 662 1603 696 redargui.
1627 671 1635 686 ι
1658 660 1729 686 Dicit

943 711 1027 738 etiam
1049 710 1189 744 quomodo
1210 710 1264 736 sint
1289 709 1439 743 vaniloqui.
1470 718 1479 733 ι
1509 708 1559 740 Qui
1587 706 1730 733 universas

945 757 1041 783 domos
1070 756 1245 787 subvertant,
1273 755 1404 782 docentes
1433 762 1493 788 quae
1525 761 1579 779 non
1609 756 1728 786 oportet.

945 803 1034 836 turpis
1047 801 1116 828 lucri
1129 801 1228 835 gratia.
1249 811 1257 826 ι
1273 800 1420 834 Postquam
1434 800 1468 826 de
1486 799 1519 826 iis
1530 798 1598 825 dixit
1614 798 1659 832 qui
1679 797 1730 822 do—

945 852 1008 875 cent
1036 847 1186 876 contraria.
1222 854 1270 874 eos
1299 847 1345 880 qui
1371 845 1476 879 decepti
1503 848 1566 871 sttnt
1593 844 1726 876 increpat.

945 894 1029 920 Erant
1046 897 1136 919 autem
1152 893 1178 919 hi
1193 892 1319 927 gentiles.
1337 893 1344 900 '
1363 899 1417 918 non
1432 890 1528 921 Judaei,
1546 889 1617 924 quod
1636 893 1728 922 aperte

946 940 1045 967 docent
1060 947 1121 974 qua:
1133 939 1345 973 subiunguntur.

983 994 1063 1022 Vsus.
1081 995 1124 1026 ιε,
1138 995 1182 1021 l5.
1200 1004 1209 1020 ι
1229 993 1303 1020 Dixit
1324 993 1434 1027 quidam
1456 1000 1488 1019 ex
1510 992 1577 1022 illis,
1601 991 1728 1025 proprius

947 1042 1069 1076 ipsorum
1082 1040 1214 1075 propheta
1242 1049 1248 1065 :
1268 1039 1412 1066 Cretenses
1440 1045 1547 1071 semper
1571 1035 1728 1065 mendaces.

947 1088 1025 1114 mala:
1045 1086 1148 1118 bestiae,
1162 1090 1273 1113 ventres
1296 1084 1377 1119 pigri.
1391 1083 1590 1111 Testimonium
1617 1082 1668 1108 hoc
1684 1089 1729 1108 ve-

947 1141 1008 1160 rum
1023 1137 1074 1160 est.
1096 1141 1105 1157 »
1120 1131 1179 1158 Non
1195 1130 1245 1158 luit
1255 1130 1328 1157 enim
1343 1129 1500 1156 Judazorum
1519 1128 1648 1163 propheta
1665 1126 1728 1153 Cal-

947 1177 1083 1205 limachus
1099 1177 1171 1213 (ejus
1193 1176 1296 1211 quippe
1316 1179 1358 1202 est
1378 1174 1511 1201 carminis
1538 1172 1728 1207 principium),

948 1226 996 1254 sed
1012 1230 1091 1260 poeta
1103 1225 1272 1252 Grecorum.
1288 1225 1373 1250 Porro
1391 1226 1468 1258 poeta
1492 1221 1639 1248 Cretenses
1667 1226 1731 1253 pro-

951 1277 1010 1308 pter
1021 1272 1097 1299 Jovis
1117 1270 1272 1305 sepulcrum
1288 1269 1435 1304 appellavit
1448 1267 1601 1294 mendaces.
1619 1266 1731 1292 Divinas

949 1323 1037 1346 autem
1048 1317 1195 1352 Apostolus
1205 1323 1298 1343 verum
1311 1315 1416 1341 vocavit
1425 1321 1519 1341 eorum
1533 1311 1730 1341 testimonium,

949 1372 1004 1391 non
1020 1362 1126 1389 fabulas
1148 1361 1270 1396 poeticas
1291 1361 1468 1390 conﬁrmans,
1487 1358 1532 1385 sed
1559 1356 1731 1384 Cretensium

950 1410 1049 1436 mentis
1071 1407 1282 1434 inconstantiam
1317 1413 1445 1440 arguens,
1461 1404 1537 1438 quasi
1565 1404 1638 1430 dicat
1657 1401 1733 1428 :Vos

951 1459 1024 1482 recte
1039 1453 1185 1488 appellavit
1201 1451 1346 1479 mendaces
1364 1459 1370 1477 :
1386 1451 1454 1476 tales
1472 1449 1543 1476 enim
1559 1448 1637 1475 estis.
1654 1446 1732 1473 Veri-

951 1499 1041 1527 simile
1060 1504 1101 1526 cst
1119 1502 1220 1528 autem.
1236 1496 1331 1524 Jovem
1352 1503 1430 1530 quem
1453 1498 1561 1524 vocant,
1581 1493 1644 1519 alibi
1674 1498 1735 1518 esse

951 1548 1102 1575 mortuum,
1122 1548 1148 1570 et
1173 1543 1222 1569 hos
1243 1546 1344 1569 temere
1367 1541 1524 1574 sepulcrum
1553 1538 1732 1565 exstruxisse.

989 1601 998 1616 ι
1019 1591 1105 1624 Quam
1129 1590 1164 1616 ob
1180 1596 1290 1615 causam
1311 1588 1418 1622 increpa
1444 1586 1505 1612 illos
1522 1585 1601 1620 702
1628 1590 1732 1613 severe.

110 1628 273 1661 ὑγιαίνωσιν
287 1629 316 1654 ὲν
336 1630 368 1663 τῇ
387 1629 474 1655 πίστει
490 1629 564 1663 (ιδ’.),
583 1629 619 1664 μὴ
634 1629 812 1664 προσέχοντες
831 1629 898 1654 ἰου-

951 1641 982 1664 ut
1011 1636 1071 1664 sani
1088 1636 1142 1662 sint
1163 1635 1190 1661 in
1213 1634 1274 1665 tide,
1296 1633 1389 1668 (Vens.
1411 1633 1455 1666 M)
1476 1639 1529 1658 nou
1563 1630 1734 1658 attendentes

108 1674 218 1704 δαῖκοῖς
233 1674 337 1708 μύθοις,
355 1674 402 1700 καὶ
416 1673 580 1708 ἐντάλμασιν
595 1673 747 1708 ἀνθρώπων
765 1674 899 1708 ἀποστρε-

111 1720 243 1754 φομένων
257 1719 306 1753 τὴν
329 1718 468 1753 ἀλήθειαν.
485 1728 494 1743 ι
515 1719 636 1751 Μύθους
662 1718 852 1750 Ἰουδαϊκοὺς,
870 1717 900 1743 οὗ

109 1765 160 1792 τὸν
178 1765 261 1799 νόμον
276 1764 420 1797 κέκληκεν,
434 1764 501 1790 ἀλλὰ
513 1764 560 1799 τὴν
575 1764 650 1798 παρὰ
670 1764 801 1790 Ἰουδαίων
818 1772 901 1798 προσ-

110 1809 272 1845 φερομένην
292 1810 439 1844 ἑρμηνείαν
458 1808 504 1835 τοῦ
524 1809 617 1843 νόμου,
638 1808 744 1843 Ταύτην
765 1808 792 1835 δὲ
813 1807 902 1834 αὐτῶν

111 1856 165 1882 καὶ
180 1856 195 1882 ὸ
214 1855 315 1890 Κύριος
339 1854 485 1890 ἐποιήσατο
508 1855 557 1889 τὴν
580 1854 702 1888 γραφήν·
729 1863 737 1878 ι
752 1853 902 1880 Ἵνατίκαὶ

111 1902 197 1936 ὑμεῖς
219 1900 402 1936 παραϐαίνετε
425 1900 473 1934 τὴν
496 1899 604 1934 ἐντολὴν
618 1900 666 1925 τοῦ
691 1898 760 1924 Θεοῦ
786 1898 830 1924 διὰ
852 1897 902 1929 τὰς

111 1946 282 1981 παραδόσεις
297 1946 390 1980 ὑμῶν;
404 1955 413 1971 ι
427 1945 463 1971 Τὸ
478 1945 577 1979 μέντοι,
592 1945 697 1978 ἔλεγχε
709 1944 820 1976 αὐτοὺς
833 1944 905 1970 ἁπο-

112 1993 224 2026 τόμως,
246 1992 296 2018 οὐκ
312 1990 432 2019 ἐναντίον
450 1990 508 2017 ἔστί
520 1990 578 2023 τοῦ,
595 2000 603 2016 ι
618 1990 663 2016 Ἐν
688 1989 820 2024 πραότητι
838 1998 904 2016 παι-

112 2037 241 2067 δεύοντος
256 2037 318 2067 τοὺς
335 2035 598 2070 ἀντιδιατιθεμένους
611 2035 643 2061 ’⁸.
659 2044 667 2060 ι
690 2035 751 2065 Τοῖς
772 2034 828 2070 γὰρ
854 2043 906 2069 μη·

112 2083 192 2109 δέπω
211 2082 423 2108 πεπιστευκόσιν
439 2081 529 2115 ὴπίως
548 2080 596 2106 καὶ
617 2075 711 2115 πράως
726 2080 766 2106 δεῖ
782 2080 904 2115 προσφέ-

117 2138 178 2165 ρειν
200 2129 251 2163 τὴν
274 2127 349 2154 θείαν
366 2127 537 2154 διδασκαλίαν
550 2134 557 2141 ·
572 2126 635 2157 τοὺς
655 2126 683 2152 δέ
710 2134 741 2159 γε
766 2125 905 2151 πιστεύειν

116 2174 363 2209 ὑπισχνουμένους.
380 2175 428 2200 καὶ
442 2173 571 2200 τάναντία
585 2174 672 2199 ποιεῖν
686 2174 719 2208 τῇ
735 2172 825 2199 πίστει
843 2181 905 2198 πει-

119 2220 273 2255 ρωμὲνους,
289 2221 346 2251 τοῖς
362 2219 571 2254 αὑστηροτέροις
594 2219 727 2254 προσήκει
742 2217 906 2253 (θεραπεύειν

118 2266 289 2302 φαρμάκοις.
308 2264 374 2292 Εἶτα
393 2265 447 2291 τῶν
466 2264 585 2300 νομικῶν
605 2264 822 2300 παρατηρήσεων
843 2264 906 2290 ἐπι-

116 2311 243 2340 δείκνυσι
255 2311 300 2337 τον
312 2311 422 2337 σκοπόν.

157 2360 200 2384 ιε’.
222 2366 231 2381 ι
252 2356 344 2383 Πάντα
360 2356 409 2391 μὲν
417 2355 525 2390 καθαρὰ
532 2355 587 2384 τοῖς
599 2353 729 2389 καθαροῖς
738 2361 745 2367 ·
761 2354 816 2385 τοῖς
824 2353 852 2380 δὲ
862 2363 906 2389 μι-

122 2404 286 2439 μιασμένοις
301 2403 348 2429 καὶ
372 2403 497 2432 ἀπίστοις
522 2401 598 2428 οὐδὲν
622 2401 752 2436 καθαρὸν,
776 2400 843 2427 ἀλλὰ
860 2409 910 2436 με·

122 2449 237 2485 μίανται
253 2448 342 2475 αὐτῶν
364 2449 411 2475 καὶ
426 2449 440 2475 ὁ
457 2447 518 2479 νοῦς
540 2447 587 2473 καὶ
605 2447 621 2482 ἡ
644 2446 804 2480 συνείδησις.
826 2456 835 2472 ι
856 2447 909 2472 οὺ-

120 2494 187 2520 δένα
201 2494 258 2528 γὰρ
286 2493 349 2528 περὶ
375 2493 527 2528 βρωμάτων
549 2491 674 2526 Ἀϐραὰμ
699 2491 714 2517 ὁ
737 2491 910 2526 πατριάρχης

122 2538 234 2570 ἐδέξατο
250 2537 343 2572 νόμον,
362 2538 422 2564 οὐδὲ
441 2537 466 2563 οι
486 2536 538 2571 πρὸ
564 2536 668 2563 ἐκείνου
685 2535 846 2571 λαμπτῆρες
861 2536 910 2570 τῆς

122 2583 266 2615 εὐσεσείας
286 2583 436 2618 γενόμενοι.
459 2582 594 2614 Ἰουδαίοις
615 2582 644 2609 δὲ
659 2582 705 2609 τὸν
720 2582 784 2618 περὶ
808 2583 910 2609 τούτων

123 2630 233 2657 τέθεικε
263 2629 355 2661 νόμον,
372 2629 465 2663 ἕτερον
487 2637 513 2654 τι
538 2628 768 2660 κατασκευάζων,
793 2629 856 2663 περὶ
879 2625 909 2655 οὗ

124 2675 219 2708 λέγειν
239 2674 287 2700 νῦν
309 2675 338 2700 οὐ
366 2673 470 2707 καιρᾶς.
487 2674 538 2699 Τὸν
556 2673 610 2708 γὰρ
631 2673 680 2706 τῆς
702 2673 859 2706 ἑρμηνείας,
877 2673 907 2699 οὐ

160 2770 173 2785 ι
187 2763 284 2791 Matth.
303 2771 346 2793 xv,
363 2762 389 2787 5.
412 2761 424 2780 lt
442 2760 461 2787 ll
479 2759 598 2786 Timoth.
615 2768 644 2791 ιι,
657 2758 702 2786 25.

949 1682 1071 1710 Jtldaicis
1084 1680 1195 1710 fabulis.
1208 1684 1234 1707 el.
1251 1679 1388 1706 mandatis
1399 1677 1539 1705 hominum
1552 1675 1734 1702 aversantiutn

953 1726 1103 1753 veritatem.
1124 1734 1133 1750 ι
1151 1723 1278 1751 Iudaica:
1305 1723 1410 1757 fabulas
1439 1722 1594 1757 appellavit,
1620 1729 1674 1748 non
1697 1720 1736 1747 le-

952 1779 1023 1806 gem,
1043 1770 1091 1797 sed
1115 1770 1183 1803 legis
1204 1769 1468 1803 interpretationem,
1492 1775 1550 1802 qua-
1574 1766 1737 1792 all'ereliatur

952 1823 967 1842 tt
980 1814 1093 1842 Jurlazis.
1112 1813 1200 1848 Hujus
1217 1814 1298 1839 etiam
1313 1814 1349 1839 rei
1362 1808 1493 1839 Dominus
1507 1812 1581 1846 ipsos
1595 1810 1737 1836 insimula-

953 1862 991 1888 vit
1011 1870 1017 1887 :
1039 1871 1048 1885 ι
1071 1860 1126 1887 Cur
1139 1868 1186 1886 vos
1213 1858 1437 1892 trausgredimini
1459 1857 1584 1884 mandata
1603 1856 1646 1883 llei
1673 1863 1736 1890 pro-

952 1911 1013 1941 pter
1028 1905 1192 1932 traditiones
1212 1909 1318 1931 vestras
1347 1904 1377 1930 n‘3
1401 1914 1409 1929 ι
1432 1902 1486 1930 lloc
1507 1907 1607 1933 autem,
1627 1900 1737 1934 Increpa

953 1952 1014 1978 illo:
1030 1952 1136 1981 acriter.
1154 1958 1207 1977 non
1225 1955 1266 1977 est
1279 1949 1447 1976 contrarium
1463 1949 1499 1975 illi
1518 1957 1524 1975 :
1544 1957 1552 1973 ι
1575 1947 1602 1974 ln
1625 1946 1737 1974 lenitate

955 1998 1147 2031 corripientem
1168 2004 1216 2023 eos
1244 1997 1288 2030 qui
1308 1996 1441 2022 resistunt
1457 1994 1481 2020 δ.
1501 2003 1510 2020 ι
1542 1993 1577 2021 lis
1598 1993 1670 2020 enim
1690 1991 1737 2026 qui

956 2043 1076 2070 noudutn
1106 2042 1293 2071 crediderunt.
1312 2040 1418 2076 placide
1433 2048 1464 2066 ac
1481 2039 1579 2066 leniter
1606 2037 1737 2064 tradenda

956 2094 997 2116 est
1017 2088 1140 2115 doctrina
1162 2097 1168 2114 :
1186 2095 1233 2114 eos
1248 2092 1337 2113 autem
1361 2086 1408 2121 qui
1427 2085 1539 2112 credere
1566 2084 1737 2119 proliteutur.

955 2138 982 2160 et
997 2133 1057 2159 lldei
1074 2131 1253 2166 repugnantia
1274 2131 1364 2157 facere
1389 2133 1536 2161 conantur,
1554 2127 1738 2162 asperioribus

956 2178 1110 2213 pltarmaeis
1142 2175 1273 2203 medicari
1306 2175 1445 2201 convenit.
1481 2174 1583 2201 Deinde
1612 2172 1736 2208 legalium

956 2224 1181 2252 Observationum
1198 2229 1310 2256 scopum
1326 2221 1455 2248 ostendit.

993 2353 1077 2382 Vens.
1099 2352 1140 2380 l5.
1159 2362 1166 2377 ι
1189 2351 1286 2378 Omnia
1302 2349 1403 2377 munda
1423 2347 1554 2376 mundis:
1580 2344 1735 2378 Coinquina-

959 2401 995 2428 tis
1007 2405 1094 2425 autem
1114 2402 1140 2424 et
1159 2396 1313 2424 inlidclibus
1331 2395 1398 2422 nihil
1418 2398 1460 2421 est
1481 2391 1623 2423 mundtun,
1640 2389 1685 2416 sed
1699 2389 1738 2414 in-

960 2446 1077 2480 quiuata).
1092 2447 1155 2470 sunt
1173 2450 1267 2470 eorum
1289 2448 1366 2467 mens
1382 2444 1408 2467 cl.
1428 2438 1605 2466 conscientia.
1626 2446 1635 2462 ι
1653 2434 1739 2461 Abra-

959 2492 1021 2518 ham
1039 2490 1111 2517 enim
1128 2488 1281 2523 patriarcha
1298 2487 1398 2513 nullam
1413 2486 1497 2519 legem
1513 2484 1546 2510 de
1560 2483 1630 2509 cibis
1642 2487 1731 2508 susce~

960 2537 1008 2572 pit,
1044 2543 1093 2562 nec
1123 2534 1169 2569 qui
1186 2537 1248 2559 ante
1274 2540 1335 2559 eum
1358 2531 1467 2558 fuerunt
1492 2528 1600 2564 pietatis
1625 2526 1738 2553 lumina.

961 2581 1064 2609 Jud:eis
1077 2585 1166 2606 autem
1181 2579 1269 2606 dehis
1291 2578 1376 2611 legem
1389 2577 1461 2606 tulit.
1475 2574 1578 2609 aliquid
1596 2571 1669 2600 aliud
1682 2578 1738 2597 mo-

962 2627 1042 2657 liens,
1058 2625 1092 2652 de
1109 2631 1164 2659 quo
1181 2631 1233 2650 non
1253 2627 1294 2650 est
1311 2629 1382 2649 nunc
1397 2621 1503 2648 dicendi
1523 2625 1639 2652 tempus.
1652 2616 1740 2644 Inter-

964 2671 1089 2707 pretandi
1105 2671 1188 2701 enim.
1205 2677 1258 2697 non
1272 2668 1382 2696 Judteos
1402 2666 1558 2698 accusandi,
1577 2664 1696 2692 laborem
1713 2662 1742 2688 in

795 2834 911 2864 VARle
926 2836 1128 2864 LELTIUNIL'S.

177 2921 328 2956 ’διελέγχει
352 2920 381 2946 Β.
436 2919 445 2934 ⁸
464 2919 507 2944 7.1".
521 2918 642 2953 ματαιολ.
661 2918 689 2944 Β.

746 2918 755 2932 ¹
770 2917 826 2943 ἀλλ’
847 2918 861 2943 6
873 2925 901 2950 μ.
920 2925 948 2942 π.
967 2917 1094 2944 omiserat
1111 2918 1192 2944 Strut.
1231 2919 1250 2933 "‘
1265 2914 1462 2950 διατιθεμένους
1477 2912 1507 2940 Β.
