1992 3114
90 133 138 165 865

531 128 839 160 INTERPRETATIO
854 127 971 158 EPIST.
992 128 1041 159 AD
1059 129 1131 158 TIT.
1153 130 1231 160 CAP.
1248 129 1289 159 II.

1664 129 1716 159 866

89 196 144 218 λον.
164 200 174 216 ι
190 189 276 216 ’Ὅταν
294 188 347 224 γὰρ
365 188 412 214 καὶ
429 186 463 212 τὰ
486 186 621 220 λεγόμενα
638 187 671 221 τῇ
695 184 809 220 ἀληθείᾳ
831 192 876 210 κο-

936 184 995 211 ιῑὴὶι
1015 185 1119 211 habens
1136 186 1198 212 mali
1216 185 1307 213 dicere
1322 186 1356 213 de
1369 186 1457 213 vobis.
1479 196 1487 211 ι
1507 186 1620 219 Quando
1643 187 1715 213 enim

91 236 210 271 σμεῖται,
223 234 270 260 καὶ
284 233 318 259 τὰ
333 231 465 267 γινόμενα
485 231 624 266 συμφωνεῖ
639 231 694 261 τοῖς
708 228 874 263 λεγομένοις,

90 281 277 316 ῐμφράττεται
293 279 340 305 καὶ
362 277 452 304 αὐτῶν
471 276 525 303 τῶν
552 275 742 311 φιλολοιδόρων
757 274 791 301 τὰ
814 274 875 301 στό-

91 334 162 362 ματα
167 345 174 351 .

123 372 157 400 0'.
179 382 189 398 σ
204 371 321 402 Δούλους
342 370 419 401 ἰδίοις
443 368 588 398 δεσπόταις
613 366 827 397 ὑποτάσσεσθαι,
848 366 878 392 ἐν

90 420 173 445 πᾶσιν
188 418 354 452 εὐαρέστους
371 414 450 442 εἶναι.
470 424 479 440 ›
502 414 549 446 Τὸ,
563 414 598 440 ἐν
612 412 717 444 πᾶσιν,
735 412 800 438 ἀντὶ
818 410 877 443 τοῦ,

89 466 144 496 τοῖς
159 465 193 499 τῇ
211 463 357 497 σωματικῇ
374 462 428 488 τῶν
450 459 588 487 δεσποτῶν
606 458 774 493 ἁρμόττουσι
798 457 879 492 θερα-

90 510 164 545 πείᾳ.
185 508 255 535 Οὔτε
287 507 356 542 γὰρ,
380 508 404 533 εἱ
432 505 537 533 κελεύει
564 505 696 538 δεσπότης
727 502 877 534 δυσσεϐεῖν,

91 554 242 582 ὑπακούειν
253 553 293 587 τῷ
305 552 391 587 δούλῳ
408 551 579 586 προστάττει.
597 549 652 576 Καὶ
665 548 744 575 τοῦτο
757 548 832 583 δηλοί
845 547 879 573 τὰ.

90 601 251 634 ἑπαγόμενα
262 607 268 612 '

128 657 137 671 ι
156 645 203 681 Μὴ
218 645 416 678 ἀντιλέγοντας,
438 640 488 676 (ι’.)
515 641 551 676 μὴ
573 638 794 674 νοσφιζομένους,
813 637 879 664 ἀλλὰ

90 692 184 718 πίστιν
207 691 297 717 πᾶσαν
319 687 540 723 ἐνδεικνυμένους
554 686 668 720 ἀγαθήν.
690 695 698 711 ›
717 684 816 720 Εὑνοίᾳ.
832 684 879 711 καὶ

90 736 234 770 ἐλευθερίᾳ
253 733 472 769 κοσμείσθωσαν,
490 731 541 766 τῆς
558 731 612 758 τῶν
628 730 766 757 δεσποτῶν
784 730 880 764 ὲπιμε-

90 782 242 808 λείσθωσαν
257 779 415 815 θεραπείας.
432 777 524 804 Ταῦτα
539 778 567 804 δὲ
583 777 662 812 δῆλον
676 777 717 803 ὅτι
739 775 803 812 περὶ
826 774 879 801 τῶν

90 827 140 864 ήδη
157 827 379 854 πεπιστευκότων
391 825 492 851 δούλων
507 824 655 859 νομοθετεῖ.
669 822 753 849 Τοῦτο
767 822 821 857 γὰρ
833 821 879 847 καὶ

91 874 232 909 ἐπήγαγεν
244 881 250 888 ’
271 882 281 898 t
301 873 360 898 Ἵνα
374 871 423 906 τὴν
433 870 607 897 διδασκαλίαν
623 869 672 904 τὴν
688 868 735 894 τοῦ
753 867 879 902 Σωτῆρος
895 890 915 917 Β

90 919 169 954 ἡμῶν
182 918 250 945 Θεοῦ
275 918 414 953 κοσμῶσιν
436 917 464 942 ἐν
481 916 573 942 πᾶσιν.
590 924 600 940 ι
619 914 749 944 Ἐπαινος
767 913 820 948 γὰρ
833 912 879 938 τοῦ

90 966 163 993 θείου
187 965 375 1001 κηρύγματος,
397 964 427 990 τὸ
449 963 511 994 τοὺς
529 962 637 992 οἰκέτας
653 960 787 994 τοσαύτην
803 958 880 991 δέξα-

90 1010 152 1037 σθαι
178 1010 229 1045 τῆς
252 1009 364 1044 γνώμης
381 1008 542 1044 μεταδολήν.
559 1005 624 1033 Εἶτα
637 1005 758 1032 διδάσκει
770 1004 815 1030 τὸν
830 1004 880 1038 τῆς

90 1056 165 1088 θείας
182 1044 338 1090 οἰκονομίας
352 1054 463 1080 σκοπόν.
831 1044 835 1051 ”

124 1106 171 1135 ια’,
196 1102 240 1137 ιβ’.
264 1111 272 1126 ι
298 1100 469 1134 Ἐπεφάνη¹⁸
491 1099 574 1134 γὰρὴ
599 1098 679 1133 χάρις
704 1097 749 1123 τοῦ
772 1096 838 1123 Θεοῦ
862 1097 878 1131 ὴ

89 1150 225 1184 σωτήριος
239 1148 321 1174 πᾶσιν
338 1143 502 1181 ἀνθρώποις,
524 1145 688 1182 παιδεύουσα
701 1144 721 1159 ¹⁸
737 1144 820 1179 ἡμᾶς,
836 1143 878 1169 ἵνα

88 1195 279 1230 ἀρνησάμενοι
297 1193 346 1228 τὴν
362 1192 499 1223 ἀσέϐειαν,
520 1192 568 1218 καὶ
582 1190 630 1222 τὰς
642 1190 776 1224 κοσμικὰς
788 1189 879 1215 ἐπιθυ-

89 1240 167 1276 μίας,
187 1239 344 1273 σωφρόνως,
362 1237 410 1264 καὶ
425 1236 536 1268 δικαίως
549 1237 581 1269 ¹⁶,
599 1237 645 1262 καὶ
661 1234 780 1267 εὐσεϐῶς
795 1234 880 1269 ζήσω-

88 1294 140 1322 μεν
151 1287 182 1312 ἑν
197 1285 237 1320 τῷ
248 1285 295 1312 νῦν
308 1283 395 1311 αἰῶνι.
412 1294 421 1310 ι
440 1284 542 1310 Τούτου
553 1282 632 1318 χάριν
647 1281 856 1317 ὲνηνθρώπησεν
866 1280 880 1307 ὁ

88 1333 241 1367 μονογενὴς
252 1331 299 1357 τοῦ
313 1330 378 1357 Θεοῦ
389 1330 464 1362 Υἱὸς,
481 1329 524 1355 ἵνα
535 1329 638 1360 πάντας
648 1327 817 1363 ἀνθρώπους,
834 1326 881 1352 καὶ

85 1379 224 1407 δεσπότας
239 1377 287 1403 καὶ
304 1376 423 1408 οίκέτας,
439 1374 542 1410 ἀξιώσῃ
559 1376 607 1409 τῆς
622 1373 773 1408 σωτηρίας·
793 1380 881 1406 παρα-

87 1423 231 1454 σκευάσας
245 1422 315 1456 πρὸς
328 1422 362 1457 τῇ
372 1420 517 1455 δυσσεϐείᾳ
533 1420 581 1446 καὶ
593 1419 638 1445 τὸν
655 1419 809 1453 παράνομον
824 1417 880 1451 βίον

86 1469 263 1497 καταλιπεῖν.
284 1467 422 1499 ’Υπέδειξε
439 1466 467 1492 δὲ
482 1466 548 1501 ἡμῖν
568 1465 615 1491 καὶ
630 1465 679 1499 τὴν
693 1464 800 1490 εὐθεῖαν
810 1462 880 1494 ὁδὸν,

86 1517 118 1541 ἐν
143 1514 272 1549 εὐσεὸείᾳ
295 1513 341 1539 καὶ
365 1511 525 1547 σωφροσύνῃ
549 1510 622 1545 βιοῦν
640 1509 780 1540 κελεύσας.
806 1508 881 1534 Ἑπι-

86 1560 211 1586 δείκνυσι
224 1559 252 1585 δὲ
267 1558 372 1584 καὶτὸν
387 1557 441 1583 τῶν
459 1556 678 1591 κατορθωμάτων
694 1555 808 1590 καρπόν.

127 1609 172 1639 ιγ’.
192 1615 202 1631 ι
222 1604 435 1640 Προσδεχόμενοι
446 1603 467 1618 ¹⁷
479 1597 528 1638 τὴν
544 1602 680 1637 μακαρίαν
697 1601 808 1632 ἐλπίδα,
835 1601 882 1627 καὶ

84 1651 253 1686 ἐπιφάνειαν
268 1650 316 1685 τῆς
332 1650 410 1685 δόξης
423 1649 470 1676 τοῦ
495 1648 611 1683 μεγάλου
635 1647 713 1678 Θεοῦ,
731 1647 778 1673 καὶ
791 1647 882 1680 Σωτῆ-

85 1706 138 1733 ρος
151 1697 231 1732 ἡμῶν
254 1695 341 1731 Ἰησοῦ
353 1695 483 1730 Χριστοῦ.
500 1705 509 1720 ›
527 1694 630 1720 Ἔδωκε
644 1693 672 1719 δὲ
690 1694 754 1728 ἡμῖν
771 1693 817 1719 καὶ
832 1693 882 1726 τῆς

84 1743 198 1774 ἐνδόξου
212 1742 362 1778 παρουσίας
375 1741 457 1767 αὐτοῦ
471 1740 519 1775 τὴν
541 1739 644 1771 ἐλπίδα,
661 1739 690 1765 ὲν
741 1739 788 1770 τὰς
802 1739 881 1773 μεγί-

85 1797 159 1820 στας
177 1788 326 1819 ἀντιδόσεις
340 1787 469 1822 παρέξειν
485 1785 628 1820 ὑπέσχετο.
644 1784 747 1818 Μέγαν
762 1784 790 1810 δὲ
808 1783 882 1810 Osir-

85 1835 218 1870 ὠνόμασε
239 1833 286 1860 τὸν
314 1832 441 1867 Χριστὸν,
467 1831 516 1866 τὴν
539 1830 680 1865 αίρετικὴν
708 1829 881 1864 βλασφημίαν

86 1880 249 1914 ἁνελέγχων
260 1878 293 1906 ³⁸.
317 1877 533 1913 ’Δναμιμνήσκει
547 1877 576 1903 δὲ
590 1877 637 1902 καὶ
651 1875 698 1901 τοῦ
716 1874 880 1901 Δεσποτικοΰ

86 1926 207 1957 πάθους,
233 1924 287 1951 ἀπὸ
301 1924 355 1951 τῶν
369 1925 419 1959 ἤδη
443 1923 508 1959 παρ’
523 1922 606 1950 αὑτοῦ
627 1921 816 1956 γεγενημένων
835 1928 881 1947 πι-

86 1971 155 1999 στού
159 1979 242 2006 μενος
251 1970 286 1996 τὰ
300 1970 426 2005 ἐσόμενα.

125 2017 169 2044 ιδ’.
189 2026 199 2042 ι
228 2017 278 2047 ’⁸ος
300 2016 397 2043 ἔδωκεν
411 2015 508 2042 ἑαυτὸν
522 2014 592 2049 ὑπὲρ
609 2013 699 2049 ἡμῶν,
714 2013 758 2039 ἶνα
777 2011 882 2047 λυτρώ-

85 2071 173 2098 σηται
186 2063 261 2097 ἡμᾶς
274 2062 328 2088 ἀπὸ
343 2062 433 2096 πάσης
447 2061 571 2096 ἀνομίας,
586 2060 633 2086 καὶ
647 2058 782 2094 καθαρίσῃ
793 2056 882 2092 ἑαυτῷ

84 2109 154 2135 λαὸν
178 2107 344 2143 περιούσιον,
369 2106 493 2142 ζηλωτὴν
515 2105 605 2132 καλῶν
632 2105 730 2140 ἔργων.
748 2113 757 2128 ι
779 2102 881 2129 Τούτου

85 2155 172 2189 χάριν
188 2154 235 2180 τὸν
252 2153 323 2188 ὑπὲρ
337 2153 465 2179 ἁπάντων
479 2151 557 2186 ἡμῶν
575 2150 735 2182 κατεδέξατο
755 2149 880 2181 Θάνατον,

85 2200 134 2226 τνα
154 2200 206 2235 τῆς
222 2199 359 2234 ἁμαρτίας
372 2198 457 2229 λύσας
475 2198 523 2232 τὴν
536 2197 691 2232 τυραννίδα,
712 2196 761 2230 τῆς
779 2195 880 2230 πικρᾶς

84 2246 166 2281 ἡμᾶς
177 2245 288 2279 ἐκείνης
302 2244 470 2279 ἐλευθερώσῃ
487 2243 619 2275 δουλείας,
641 2245 689 2269 καὶ
706 2242 769 2268 λαὸν
782 2242 882 2268 οἰκεῖον

82 2292 223 2326 ἀποφήνῃ
243 2290 296 2317 τῶν
316 2289 520 2324 ἐπαινουμένων
536 2289 624 2323 ἔργων
643 2288 761 2323 ἐραστήν
779 2295 807 2314 τε
835 2286 882 2313 καὶ

80 2337 228 2373 ζηλωτήν.

124 2386 168 2409 ιε’.
195 2392 204 2408 ι
225 2381 318 2409 Ταῦτα
340 2381 424 2412 λάλει,
448 2381 495 2407 καὶ
527 2379 690 2415 παρακάλει,
715 2379 762 2405 καὶ
789 2378 881 2412 ἔλεγχε

84 2429 163 2464 μετὰ.
177 2429 271 2462 πάσης
295 2428 428 2462 ἐπιταγῆς
440 2435 446 2441 ·
469 2426 562 2462 μηδείς
580 2434 626 2452 σου
644 2425 850 2460 περιφρονείτω.
869 2433 878 2449 ι

89 2474 172 2500 Ἀντὶ
187 2473 247 2505 τοῦ,
265 2472 486 2508 Καταφρονείτω.
503 2472 564 2507 Χρὴ
583 2472 637 2506 γὰρ
649 2471 695 2497 τὸν
711 2471 743 2496 τὰ
759 2471 817 2496 θεῖα
832 2479 881 2496 πε-

81 2516 276 2554 παιδευμένον
289 2518 454 2553 μαθήματα,
482 2517 518 2552 μὴ
543 2516 712 2551 ὑφειμένως,
733 2515 799 2550 μηδὲ
815 2516 884 2550 μετά

79 2571 163 2595 τινος
176 2563 280 2595 δειλίας
291 2562 371 2589 τοῦτο
390 2563 486 2593 ποιεῖν,
501 2561 569 2588 ἀλλὰ
592 2561 639 2588 σὺν
656 2561 796 2596 παρρησίᾳ
811 2560 884 2587 διδὰο

82 2614 169 2634 anew
195 2608 245 2636 zu!
259 2600 390 2644 ἐπιτιμᾷν
405 2606 468 2633 ἔνθα
478 2606 528 2632 δεῖ.

929 234 956 257 et
970 238 1031 265 qua:
1045 230 1177 257 dicuntur
1191 231 1306 258 veritate
1320 236 1466 262 ornantur,
1484 236 1510 257 ct
1522 240 1581 266 qua:
1602 231 1669 258 tiunt
1685 233 1718 259 iis

928 282 989 309 qua:
1006 274 1137 302 dicuntur
1154 276 1343 308 consentiunt,
1365 276 1486 311 ipsorum
1507 276 1590 302 etiam
1607 276 1718 304 maledi-

928 328 1022 348 COI‘III“
1035 329 1082 348 ora
1098 321 1192 348 obstru
1198 325 1290 348 ιιυιιπ.

965 365 1048 393 Vens.
1067 367 1093 393 9.
1118 376 1126 392 ‹
1147 367 1248 394 Servos
1275 367 1396 395 dominis
1416 367 1475 394 suis
1503 368 1630 394 subditos
1647 374 1717 396 csse.

931 411 957 438 in
973 412 1102 439 omnibus
1118 412 1267 446 placentes.
1293 421 1302 437 ι
1327 411 1361 438 In
1381 412 1514 444 omnibus,
1535 413 1560 439 id
1576 418 1627 443 est,
1641 412 1667 438 in
1686 412 1720 439 iis

931 465 990 492 qua
1007 457 1145 492 pertinent
1173 457 1206 484 ad
1226 458 1371 492 corporale
1395 457 1568 484 dominorum
1596 457 1720 484 ministe-

930 503 1012 529 rium.
1032 502 1124 536 Neque
1145 503 1228 535 enim,
1257 503 1279 530 si
1309 503 1438 530 dominus
1453 501 1548 537 jubcat
1569 501 1648 536 705
1671 502 1720 528 im-

929 547 1004 582 pium
1022 556 1094 579 csse,
1107 556 1186 575 servo
1202 548 1475 583 praecipitobedirea
1496 553 1521 575 et
1541 548 1592 574 hoc
1616 547 1721 582 signiti-

930 598 992 621 cant
1007 602 1067 628 qum
1080 594 1284 629 subjunguutur
1297 604 1303 621 :

969 650 977 665 ι
997 639 1056 667 Non
1086 636 1319 672 contradicentes,
1335 639 1430 674 (Vens.
1448 639 1492 675 t0)
1513 647 1566 666 non
1590 639 1720 666 fraudan-

930 689 982 717 tes,
1002 685 1049 712 sed
1077 686 1104 711 in
1132 685 1261 712 clunibus
1277 685 1356 712 [idem
1376 686 1474 712 bonam
1495 685 1686 713 ostendentes.
1707 694 1716 710 ι

930 729 1127 756 Benevolentia
1156 735 1184 757 et
1220 730 1348 757 libertate
1377 735 1523 762 ornentur,
1551 730 1718 757 iuserviendi

930 775 1050 802 dominis
1081 782 1176 802 curam
1202 781 1308 811 gerant.
1338 775 1449 803 Clarum
1469 780 1511 803 est
1528 780 1631 808 autem,
1646 777 1718 810 quod

931 821 989 847 haec
1013 825 1118 848 statuat
1141 820 1175 848 de
1198 822 1287 849 servis
1309 822 1356 856 qui
1382 821 1438 856 jam
1462 822 1647 849 crediderunt.
1664 822 1719 849 Hoc

931 866 1003 893 enim
1033 867 1114 894 etiam
1141 867 1287 901 subjunxit
1311 876 1318 893 :
1346 876 1356 892 ι
1387 866 1543 895 Doctrinam
1568 867 1719 895 Salvatoris

932 913 1018 940 nostri
1045 912 1092 940 Dei
1122 917 1222 940 ornent
1243 913 1270 939 iu
1295 913 1438 941 omnibus.
1457 924 1467 939 ι
1492 913 1540 941 Est
1566 915 1638 941 enim
1659 914 1719 941 laus

931 960 1030 987 divinae
1059 961 1276 994 praedicationis,
1301 960 1376 995 quod
1398 960 1494 988 famuli
1517 965 1621 988 tantam
1640 969 1719 996 cepe-

932 1007 987 1032 rint
1004 1006 1086 1033 animi
1105 1007 1296 1034 mutationem.
1313 1006 1418 1035 Deinde
1444 1007 1528 1034 docet
1548 1014 1661 1042 scopum
1676 1009 1721 1036 di-

931 1053 1000 1079 vinae
1018 1052 1229 1080 incarnationis.

968 1098 1049 1125 Vens.
1069 1099 1110 1130 ll,
1123 1098 1164 1125 12.
1185 1107 1193 1123 ι
1209 1099 1344 1133 Apparuit
1364 1099 1437 1126 enim
1451 1101 1539 1134 gratia
1557 1099 1603 1127 Dei
1623 1100 1718 1128 Salva~

931 1143 1000 1169 toris
1015 1142 1103 1169 nostri
1123 1143 1253 1170 onmibus
1279 1143 1452 1174 hominibus,
1469 1144 1598 1171 erudiens
1617 1151 1678 1177 nos,
1690 1149 1720 1171 ut

931 1189 1102 1223 abnegantes
1117 1189 1286 1224 impietatem
1304 1193 1331 1216 et
1348 1190 1493 1217 saecularia
1509 1190 1657 1222 desideria,
1675 1198 1720 1218 so—

931 1234 1001 1266 brie,
1018 1239 1044 1261 et
1055 1234 1140 1268 juste,
1156 1238 1183 1261 et
1201 1235 1244 1269 pie
1256 1235 1381 1263 vivamus
1397 1236 1425 1263 in
1442 1236 1494 1263 hoc
1509 1236 1618 1263 saeculo.
1641 1246 1651 1262 ι
1664 1236 1720 1263 Hae

931 1280 964 1307 de
976 1286 1059 1307 causa
1078 1280 1158 1307 homo
1171 1279 1260 1307 factus
1278 1285 1321 1307 est
1338 1281 1498 1316 unigenitus
1514 1281 1560 1308 Dei
1577 1281 1676 1313 Filius,
1690 1286 1720 1308 ut

931 1332 1029 1353 omnes
1046 1325 1183 1357 homines,
1202 1329 1228 1352 et
1244 1325 1372 1353 dominos
1392 1331 1418 1353 et
1433 1333 1542 1357 servos,
1559 1327 1721 1361 dignaretur

931 1372 1043 1400 salute:
1065 1379 1098 1399 eo
1120 1371 1247 1404 tendens,
1272 1377 1302 1399 ut
1324 1376 1424 1407 praeter
1450 1373 1616 1408 impietatem
1636 1373 1720 1400 vitam

931 1425 1042 1453 quoque
1070 1417 1234 1445 sceleratam
1259 1417 1429 1445 desererent.
1459 1417 1519 1444 Jam
1546 1426 1611 1446 vero
1639 1418 1720 1445 nobis

931 1464 1014 1491 etiam
1034 1468 1137 1491 rectam
1151 1463 1223 1490 viam
1239 1463 1451 1496 demonstravit,
1464 1464 1566 1498 jubens
1586 1469 1615 1491 ut
1630 1465 1673 1499 pie
1687 1472 1719 1491 ac

931 1509 1073 1536 moderate
1084 1510 1167 1536 vitam
1194 1516 1348 1544 ageremus.
1366 1509 1452 1537 Porro
1472 1514 1565 1536 autem
1583 1509 1718 1536 bonarum

895 1555 917 1585 C
932 1562 1041 1589 quoque
1057 1556 1196 1583 actionum
1214 1555 1333 1582 fructum
1347 1555 1480 1583 ostendit.

969 1600 1050 1628 Vens.
1076 1601 1118 1628 l5.
1141 1610 1150 1626 ε
1170 1601 1370 1636 Exspectantes
1388 1602 1494 1629 beatam
1514 1610 1601 1637 spem,
1621 1607 1649 1631 et
1670 1604 1718 1631 ad-

933 1653 1044 1675 ventum
1074 1649 1168 1683 gloriae
1198 1650 1289 1684 magni
1319 1648 1379 1681 Dei,
1402 1654 1428 1676 et
1449 1649 1605 1678 Servatoris
1630 1653 1718 1679 nastri

932 1693 1089 1729 7061esu
1105 1694 1221 1722 Christi.
1238 1704 1247 1720 ι
1261 1694 1343 1722 Nobis
1355 1699 1446 1722 autem
1461 1703 1534 1730 spem
1550 1697 1631 1723 etiam
1644 1697 1720 1724 dedit

933 1740 1046 1776 gloriosi
1066 1741 1109 1767 sui
1131 1741 1277 1774 adventus,
1295 1741 1322 1767 in
1343 1749 1397 1776 quo
1411 1749 1442 1769 se
1463 1749 1576 1777 magnas
1595 1751 1720 1770 remune-

933 1786 1055 1813 rationes
1079 1786 1211 1812 daturum
1238 1790 1281 1814 est
1305 1787 1457 1821 pollicitus.
1482 1786 1609 1822 Magnum
1629 1793 1719 1816 autem

932 1831 1017 1858 Deum
1039 1832 1216 1858 nominavit‘
1238 1832 1393 1865 Christum,
1419 1833 1576 1861 lucreticam
1594 1835 1719 1870 blasphe-

933 1878 1014 1904 miam
1030 1878 1209 1912 redarguens.
1222 1877 1331 1906 Domini
1349 1886 1459 1914 quoque
1471 1881 1627 1915 passionem
1643 1889 1719 1908 com-

932 1928 1078 1956 memorat,
1094 1932 1127 1951 οι
1141 1924 1175 1951 iis
1192 1932 1253 1959 quae
1277 1925 1312 1952 ab
1326 1932 1360 1952 eo
1378 1925 1449 1952 facta
1467 1931 1531 1953 sunt
1547 1926 1638 1953 futura
1652 1935 1719 1955 con-

932 1969 1055 1997 ﬁrmans.

970 2018 1050 2046 Vens.
1066 2019 1110 2046 M.
1128 2029 1137 2044 ι
1158 2019 1211 2052 Qui
1231 2019 1305 2047 dedit
1319 2019 1497 2054 semetipsum
1514 2026 1564 2054 pro
1581 2019 1671 2052 nobis.
1688 2023 1718 2047 ut

932 2071 983 2091 nos
999 2064 1148 2092 redimeret
1162 2066 1196 2092 ab
1212 2065 1287 2092 omni
1300 2065 1456 2100 iniquitate.
1468 2071 1495 2093 et
1511 2065 1655 2094 mundaret
1665 2066 1716 2092 sibi

932 2110 1063 2145 populum
1090 2111 1268 2146 peculiarem,
1300 2115 1467 2138 sectatorem
1492 2110 1627 2139 bonorum
1654 2119 1720 2146 ope-

933 2164 1004 2183 rum.
1021 2153 1033 2182 ἰ
1050 2154 1088 2182 Ea
1105 2157 1138 2184 de
1165 2163 1248 2184 causa
1276 2161 1392 2183 mortem
1423 2163 1472 2190 pro
1491 2156 1573 2183 nobis
1589 2157 1717 2184 omnibus

935 2202 1066 2235 suscepit,
1092 2206 1121 2229 ut
1143 2201 1250 2236 peccati
1269 2209 1364 2228 eversa
1384 2201 1541 2236 tyrannide,
1564 2201 1598 2228 ab
1619 2203 1715 2228 acerba

935 2247 981 2274 illa
1010 2247 1141 2273 servitute
1169 2254 1220 2274 nos
1247 2245 1388 2278 liberaret,
1419 2251 1445 2273 et
1478 2254 1557 2273 suum
1587 2247 1716 2280 populum

933 2292 1058 2319 redderet
1103 2292 1237 2318 factorum
1280 2291 1458 2318 laudabilium
1503 2296 1653 2319 amatorem
1690 2295 1716 2318 et

931 2337 1127 2365 mmulatorem.

967 2381 1051 2409 Vens.
1066 2382 1110 2408 15.
1126 2391 1135 2407 ι
1150 2381 1213 2408 Haec
1234 2382 1356 2416 loquere,
1374 2385 1401 2407 et
1418 2380 1575 2412 exhortare,
1590 2384 1617 2408 et
1632 2386 1716 2416 argue

932 2436 993 2455 cum
1025 2428 1099 2454 omni
1123 2428 1249 2462 imperio.
1281 2427 1364 2454 Nemo
1391 2431 1416 2454 te
1443 2431 1609 2454 contemnat.
1634 2437 1642 2452 ι
1661 2426 1712 2453 Pro

931 2474 1074 2507 Despiciat.
1103 2474 1218 2508 Oportet
1245 2473 1316 2501 enim
1342 2481 1403 2500 eum
1428 2473 1474 2508 qui
1498 2477 1541 2500 est
1563 2472 1590 2499 in
1614 2473 1715 2500 divinis

932 2518 1087 2552 disciplinis
1103 2518 1241 2552 eruditus,
1263 2526 1316 2545 non
1331 2518 1458 2547 remisse,
1473 2525 1523 2544 nec
1539 2525 1601 2544 cum
1618 2517 1716 2544 timidi-

934 2569 989 2592 tate
1002 2564 1054 2591 hoc
1066 2564 1168 2596 facere,
1181 2563 1228 2591 sed
1244 2572 1305 2592 cum
1322 2563 1446 2591 libertate
1461 2562 1569 2596 docere,
1587 2567 1613 2591 et
1630 2563 1717 2591 incre-

935 2618 999 2646 pare
1011 2610 1056 2637 ubi
1072 2617 1142 2645 opus
1156 2614 1208 2637 est.

758 2700 872 2728 VARI/Ii
889 2700 1088 2729 LECTZONES.

128 2772 151 2788 ⁸⁵
167 2773 248 2799 Vers.
271 2772 350 2799 H-l5
363 2771 429 2805 ipsis
453 2771 495 2798 his
511 2771 600 2798 verbis
614 2775 656 2798 est
671 2770 743 2797 Ha-r.
758 2770 823 2805 fab.,
850 2771 895 2798 lil).
914 2771 945 2802 V.
963 2780 987 2799 c.
1002 2772 1046 2799 ΞΕ.

1121 2773 1143 2789 *⁵
1171 2773 1345 2800 διδάσκουσα.
1379 2772 1477 2800 Noster
1501 2771 1534 2798 ad
1551 2771 1620 2799 Psal.
1641 2770 1717 2801 11,7.

79 2806 526 2847 3:.2L551aftalg'Olllillll{td-138D].
543 2807 588 2833 cit.
629 2805 859 2847 ‘iﬁadeiu‘iprba
877 2806 958 2847 habet
981 2807 1065 2842 Epist.
1080 2808 1140 2841 146,
1159 2815 1185 2843 p.
1200 2808 1267 2835 1034
1281 2813 1307 2836 ct
1324 2808 1392 2835 10⁵58
1407 2807 1488 2834 Sirm.
1509 2806 1596 2847 Sede.
1614 2814 1718 2842 μακαρ.

77 2843 187 2869 ἐλπίδα
203 2843 307 2869 omittit
325 2850 406 2876 supra
424 2842 455 2868 ad
470 2843 476 2868 l
495 2843 555 2867 (Lor.
570 2848 627 2871 \‘lll,
641 2840 666 2866 6.

715 2841 735 2855 “‘
752 2841 868 2874 ἐλέγχων
886 2841 915 2866 Β.
