1992 3114
101 127 155 161 869

507 132 812 165 INTERPRETATIO
829 132 948 163 EPIST.
961 132 1012 162 AD
1026 132 1100 163 ΤΙΤ.
1122 132 1200 162 CAP.
1220 131 1277 160 III.

1665 124 1719 159 870

132 187 170 220 η’.
186 195 196 211 ‹
217 185 315 218 Πιστὸς
330 187 344 214 ὀ
356 187 443 219 λόγος.
461 197 470 214 ι
491 188 563 215 Ἀντὶ
574 189 631 221 τοῦ,
651 187 775 223 ’Δληθὴς,
787 187 881 222 μηδεὶς

971 186 1052 215 Vsus.
1083 187 1111 214 8.
1132 195 1142 212 4
1165 185 1232 213 Fide
1256 185 1356 220 dignus
1384 190 1474 212 sermo
1495 186 1547 211 est.
1577 192 1587 210 ι
1609 184 1639 212 Id
1664 186 1718 216 est,

97 229 302 265 ἀμφιϐαλλέτω.
315 240 325 256 4
346 231 400 258 Καὶ
415 233 477 265 περὶ
491 232 592 262 τούτων
608 232 735 268 βούλομαί
747 240 777 258 σε
792 230 882 258 διαδε-

96 275 252 308 δαιοῦσθαι,
269 277 312 303 ἵνα
325 278 490 311 φροντίσωσι
502 278 525 294 ¹⁶
542 278 630 305 καλῶν
649 278 738 314 ἔργων
751 278 883 313 προΐστα-

98 319 161 345 σθαι
173 321 198 346 oi
210 322 420 354 πεπιστευκότες
432 323 502 357 Θεῷ.
514 332 524 348 ›
539 323 595 349 Οὐκ
609 323 688 358 ἀρκεῖ
699 323 778 357 γὰρὴ
793 322 884 353 πίστις

99 366 168 398 πρὸς
206 367 363 402 σωτηρίαν,
393 367 503 400 ἀγαθῶν
529 367 618 404 ἔργων
651 367 882 402 γεγυμνωμένοις.

103 419 112 434 4
130 410 224 437 Ταῦτά
238 412 297 438 ἐστι
315 413 349 438 τὰ
371 412 451 443 καλὰ,
476 413 523 439 καὶ
548 413 674 448 ὠφέλιμα
700 414 756 444 τοῖς
779 412 884 448 ἀνθρώ-

102 463 172 486 ποις.
196 465 205 481 ι
224 455 260 482 Τὸ
274 456 411 483 πιστεύειν
433 457 470 492 τῷ
484 456 557 491 Θεῷ,
573 457 619 483 καὶ
634 456 706 483 κατὰ
724 457 785 487 τοὺς
802 455 883 482 αὑτοῦ

102 499 292 526 πολιτεύεσθαι
307 501 414 536 νόμους.

137 546 170 573 θ’.
189 555 199 572 4
223 547 326 582 Μωρὰς
342 547 370 573 δὲ
393 547 533 582 ζητήσεις,
561 547 608 574 καὶ
631 547 816 581 γενεαλογίας,
839 547 886 573 καὶ

103 591 186 626 ῑρεις,
203 594 249 618 καὶ
264 593 352 627 μάχας
362 593 476 627 νομικὰς
489 593 658 629 περιίστασο,
673 591 804 624 σπούδαζε
819 592 886 627 φεύ-

103 646 161 672 γειν
176 638 226 668 τὰς
240 638 362 672 ἁκερδεῖς
374 638 665 674 διαλέξεις.›οὑδεμίαν
677 639 732 674 γὰρ
747 639 884 675 φέρουσιν,

103 683 165 711 οὔτε
179 686 235 716 τοῖς
250 684 459 720 διαλεγομένοις,
475 684 536 711 οὒτε
548 687 604 716 τοῖς
617 685 761 712 ἀκούουσιν
780 686 884 721 ὄνησιν.

104 729 189 756 Τοῦτο
205 730 259 765 γὰρ
277 731 430 766 ἐπήγαγεν·
459 739 469 757 ι
499 731 558 757 Εἰσὶ
586 731 640 766 γὰρ
667 731 815 766 ἀνωφελεῖς
841 732 887 759 καὶ

106 775 229 809 μάταιαι.
247 785 256 801 ι
283 776 375 803 Ταῦτα
388 776 417 803 δὲ
432 776 512 803 πάλιν
534 777 598 812 περὶ
619 777 673 803 τῶν
695 777 725 809 ἐξ
753 777 887 804 Ἰουδαίων

104 820 164 855 ἔφη.
185 821 252 856 Περὶ
269 821 371 848 τούτων
387 822 415 848 δὲ
435 822 532 858 καὶτῷ
558 822 685 858 μακαρίῳ
701 823 822 859 γέγραφε
839 824 886 850 Τι-

106 865 206 901 μοθέῳ.

141 914 167 942 ι’,
187 911 234 938 ια’.
253 920 263 937 4
278 912 417 946 Δίρετικδν
434 912 575 949 ἄνθρωπον
588 914 656 949 μετὰ
672 914 735 948 μίαν
750 914 888 941 νουθεσίαν

105 956 150 982 καί
176 956 304 993 δευτέραν
327 959 477 993 παραιτοῦ,
505 959 581 990 εἰδὼς
608 960 648 986 ὃτι
673 959 853 995 ἐξέστραπται
874 960 889 985 ό

103 1001 234 1034 τοιοῦτος,
246 1003 293 1040 καὶ
302 1003 465 1039 ἁμαρτάνει,
477 1003 514 1030 ὢν
528 1004 784 1039 αὐτοκατάκριτος.)
804 1006 888 1032 Ὅταν

103 1046 143 1078 δὶς
168 1049 215 1074 καὶ
232 1049 290 1084 τρὶς
308 1051 363 1080 τοῖς
379 1049 412 1075 τὰ
433 1049 543 1076 ἐναντία
558 1050 694 1076 διδάσκειν
710 1051 887 1086 ἐπιχειροῦσι,

103 1093 153 1128 τὴν
170 1095 358 1130 προσήκουσαν
370 1095 556 1131 προσενέγκῃς
566 1096 749 1128 διδασκαλίαν,
760 1095 819 1123 εἶτα
833 1098 889 1128 τοῖς

105 1141 235 1174 πονηροῖς
263 1140 395 1175 δόγμασιν
426 1141 604 1175 ἐπιμένοντας
631 1140 698 1176 ἴδῃς,
726 1142 823 1175 μηκέτι
840 1141 889 1173 τὰς

104 1184 174 1219 πρὸς
188 1185 285 1217 αὐτοὺς
304 1185 433 1217 διαλέξεις
448 1186 524 1212 ποιοῦ
536 1194 543 1201 ·
569 1186 697 1221 ἀνόνητος
717 1186 771 1222 γὰρ
797 1188 811 1213 ὁ
838 1187 889 1213 πό-

104 1238 160 1261 νος.

142 1275 186 1310 ιβ’.
204 1286 213 1302 ι
229 1277 313 1303 ὀταν
328 1276 429 1312 πέμψω
444 1277 579 1312 Ἀρτεμᾶν
591 1277 658 1313 πρὸς
674 1278 714 1310 σὲ,
731 1278 748 1313 ἢ
761 1278 887 1312 Τυχικδν,

105 1321 256 1348 σπούδασον
273 1322 360 1349 ἐλθεῖν
377 1323 445 1358 πρὸς
462 1332 496 1358 με
514 1324 553 1355 είς
574 1323 736 1350 Νικόπολιν·
761 1324 820 1350 ἐκεῖ
835 1324 888 1359 γὰρ

106 1368 222 1402 κέκρικα
234 1369 448 1402 παραχειμᾶσαι.
471 1378 480 1394 ι
495 1369 550 1403 Τῆς
563 1369 674 1405 Θρᾴκης
691 1369 764 1396 ἐστὶν
777 1370 793 1403 ἠ
806 1370 889 1396 Νικό-

104 1413 193 1444 πολις,
217 1414 249 1448 τῇ
269 1413 297 1439 δὲ
316 1413 468 1449 Μακεδονίᾳ.
491 1415 613 1446 πελάζει.
631 1415 715 1450 Δῆλον
738 1415 827 1441 τοίνυν
851 1414 889 1447 ὡς

104 1459 165 1485 κατ’
180 1459 283 1485 ἐκεῖνον
307 1459 351 1485 τὸν
375 1459 481 1494 καιρὸν,
503 1459 566 1486 καθ’
580 1460 609 1486 ὃν
627 1460 656 1487 ἐν
682 1462 714 1496 τῇ
734 1460 889 1496 Μακεδονίᾳ

103 1503 151 1529 καὶ
165 1503 260 1538 Ἀχαΐᾳ
275 1503 416 1538 διέτριϐεν,
429 1503 530 1539 ἔγραψε
547 1505 595 1540 τὴν
612 1505 780 1541 Ἐπιστολὴν.

141 1552 185 1582 ιγ’.
205 1558 214 1574 ι
233 1550 320 1584 Ζηνᾶν
332 1549 354 1565 ¹⁷
373 1549 418 1576 τδν
442 1550 562 1584 νομικὸν,
585 1551 632 1577 καὶ
653 1551 785 1583 Ἀπολλὼ,
806 1561 889 1579 σπου-

104 1594 188 1633 δαίως
205 1595 377 1630 πρόπεμψον,
395 1595 438 1621 ἵνα
458 1596 540 1630 μηδὲν
553 1596 643 1628 αὐτοῖς
657 1596 738 1632 λείπῃ
750 1598 783 1624 ’⁸.
806 1607 814 1623 ι
834 1598 889 1624 Καὶ

105 1640 202 1675 ἐπειδὴ
217 1640 262 1666 τὸν
286 1641 427 1675 ἀκτήμονα
443 1641 499 1675 βίον
512 1642 525 1668 ὁ
543 1642 675 1677 μακάριος
691 1642 778 1676 μετίει
798 1642 887 1676 Τίτος,

105 1684 262 1717 ἀναγκαίως
279 1685 418 1720 ἐπήγαγεν
431 1693 437 1699 ·

142 1729 183 1756 ιδ’.
205 1739 214 1754 4
234 1729 452 1757 Μανθανέτωσαν
463 1731 486 1747 ³⁸
505 1731 532 1757 δὲ
548 1732 595 1758 καὶ
613 1732 638 1758 oi.
653 1732 779 1767 ἡμέτεροι
800 1732 889 1760 καλῶν

106 1774 195 1810 ἔργων
212 1776 392 1811 προΐστασθαι
408 1777 447 1808 είς
461 1777 510 1808 τὰς
525 1778 675 1811 ἀναγκαίας
687 1779 837 1812 χρείας,ἵνα
852 1778 889 1814 μὴ

105 1817 171 1846 ὦσιν
197 1821 326 1856 ἄκαρποι.
350 1831 360 1847 ι
387 1821 496 1854 Δίδαξον
519 1823 582 1854 τοὺς
601 1824 816 1855 πεπιστευκότας
839 1824 890 1859 τῆς

107 1866 266 1899 σωματικῆς
286 1865 432 1901 θεραπείας
447 1867 633 1901 ἐπιμελεῖσθαι
649 1868 703 1895 τῶν
720 1868 755 1894 τὰ
769 1868 828 1896 θεῖα
849 1869 889 1895 δι-

105 1910 214 1937 δάσκειν
235 1912 468 1946 πεπιστευμένων.
490 1913 627 1948 Προσήκει
645 1913 699 1948 γὰρ
721 1914 819 1945 αὐτοὺς
843 1915 889 1941 καὶ

106 1957 168 1988 τοὺς
186 1957 323 1989 τοιούτους
337 1958 430 1993 φέρειν
441 1959 575 1992 καρπούς.

141 2006 181 2029 η’.
204 2012 213 2028 4
239 2003 417 2035 Ἀσπάζονται
433 2013 462 2030 σε
477 2005 501 2031 oi
517 2005 574 2040 μετ’
589 2005 656 2041 ἐμοῦ
672 2006 785 2037 πάντες’
802 2008 890 2035 ἄσπα-

106 2054 150 2073 σαι
164 2047 228 2078 τοὺς
245 2047 387 2081 φιλοῦντας
399 2049 472 2083 ἡμᾶς
487 2050 515 2075 ὲν
527 2049 628 2077 πίστει.
646 2059 655 2076 ›
675 2052 712 2078 Οὐ
729 2051 782 2088 γὰρ
794 2053 889 2088 ἢθελεν

106 2092 208 2128 ὶτέρως
234 2093 369 2127 φιλεῖσθαι
386 2095 400 2120 ὁ
421 2094 469 2129 -ιῆς
483 2094 613 2130 ἀληθείας
633 2095 803 2128 διδάσκαλος,
821 2098 889 2125 ἀλλὰ

106 2137 187 2171 μόνον
206 2137 276 2163 κατὰ
292 2138 336 2164 τὸν
360 2138 409 2172 τῆς
428 2138 568 2169 εὐσεϐείας
590 2140 699 2167 σκοπόν.
724 2149 733 2165 4
760 2141 792 2167 Ἦ
809 2141 889 2175 χάρις

933 239 1026 263 verus,
1043 239 1124 259 nemo
1151 231 1268 258 dubitet.
1289 239 1298 255 4
1321 230 1354 256 Et
1370 229 1404 256 de
1426 229 1469 256 his
1491 229 1552 256 volo
1574 233 1601 256 te
1621 229 1721 256 contir-

934 285 1020 310 tnare,
1051 281 1081 305 ut
1099 282 1198 304 curent
1226 276 1306 303 bonis
1319 275 1448 310 operibus
1468 274 1579 302 studere
1597 276 1642 309 qui
1658 283 1719 301 cre-

934 323 1002 350 dunt
1014 323 1078 350 Deo.
1100 333 1109 349 ι
1131 322 1192 350 Non
1205 321 1304 349 suilicit
1322 321 1397 348 euitu
1416 320 1485 347 ﬁdes
1499 320 1533 347 ad
1546 321 1661 348 salutem
1686 320 1720 347 iis

934 369 981 404 qui
999 373 1065 396 sunt
1079 369 1158 396 bonis
1174 367 1304 403 operibus
1324 366 1429 393 nudati.
1448 375 1457 391 4
1477 365 1541 393 Haec
1555 370 1620 393 sunt
1637 365 1719 394 bona.

934 418 962 442 et
978 414 1057 440 tttilia
1072 413 1239 440 hominibus.
1255 421 1264 437 ι
1281 410 1336 437 Deo
1348 410 1471 444 credere,
1488 414 1515 437 et
1531 417 1563 437 ex
1585 409 1645 444 ejus
1657 410 1722 444 legi-

936 460 987 487 btts
999 459 1080 486 vitam
1099 459 1257 486 instituere.

971 546 1054 575 Vens.
1068 547 1094 574 9.
1120 556 1129 572 4
1150 546 1256 574 Stultas
1274 551 1363 572 autem
1378 545 1555 580 quaestiones,
1575 548 1602 571 et
1622 551 1722 578 genea-

936 594 1035 628 logias.
1054 597 1081 620 et
1103 592 1306 622 contentiones.
1324 595 1351 618 et
1366 598 1472 625 pugnas
1496 590 1562 624 legis
1586 589 1688 616 devita.
1711 599 1719 614 ι

938 638 1025 665 Stude
1038 637 1134 672 fugere
1152 637 1264 663 inutiles
1291 635 1494 670 disputationes
1510 642 1516 661 :
1535 634 1636 660 nullam
1649 633 1721 661 enint

938 683 1054 711 aderunt
1080 682 1162 717 709
1184 682 1340 712 utilitatem,
1363 689 1414 708 nec
1441 680 1476 707 iis
1501 680 1547 715 qui
1571 679 1721 710 disserunt.

938 738 988 757 nec
1009 730 1043 756 iis
1062 730 1108 764 qui
1129 729 1255 755 audiunt.
1279 727 1335 754 lloc
1348 727 1419 754 enim
1437 726 1580 761 subjunxit
1596 734 1603 752 :

976 785 985 801 4
1013 776 1085 802 Sunt
1109 774 1181 801 enitn
1207 772 1320 800 inutiles
1343 777 1370 800 et
1390 779 1477 799 vaute.
1505 781 1514 798 ›
1539 770 1601 799 llaec
1627 778 1723 798 rursus

939 821 1007 848 dixit
1024 820 1058 847 de
1073 820 1107 847 iis
1126 819 1172 854 qui
1190 826 1222 846 ex
1243 818 1347 845 Iudaeis
1361 817 1547 845 crediderant.
1562 817 1599 844 De
1614 817 1658 844 his
1673 824 1724 843 au-

903 853 925 881 B
940 872 992 894 tem
1004 866 1115 900 scripsit
1127 853 1209 892 etiam
1226 865 1258 891 ad
1275 865 1388 892 beatttm
1405 863 1588 891 Timotheum.

975 913 1057 940 Vens.
1079 912 1176 944 10,“.
1196 921 1205 936 4
1226 908 1387 938 Hasreticum
1410 909 1547 937 hominem
1565 914 1626 944 post
1641 917 1723 936 unam

938 964 966 986 et
994 958 1144 986 secundam
1173 956 1374 991 corruptionem
1404 955 1505 987 devita,
1535 956 1626 982 sciens
1650 954 1722 989 quod

940 1011 1086 1039 perversos
1105 1002 1140 1030 sit
1154 1002 1201 1036 qui
1227 1005 1269 1028 est
1283 1000 1429 1034 ejusmodi,
1450 1004 1477 1026 et
1491 999 1642 1034 delinquat.
1659 1007 1723 1026 cttm

940 1049 976 1076 sit
1000 1047 1111 1083 proprio
1138 1046 1245 1081 judicio
1270 1044 1480 1071 condemnatus.
1512 1053 1521 1069 ι
1545 1044 1555 1054 ‘
1575 1043 1723 1077 Postquam

940 1095 982 1122 bis
1007 1098 1054 1121 aut
1080 1097 1123 1120 tcr
1150 1093 1194 1124 iis,
1219 1091 1267 1127 qui
1289 1095 1426 1118 conantur
1452 1090 1551 1116 docere
1573 1089 1723 1118 contraria.

940 1147 1021 1174 quam
1037 1146 1085 1174 par
1114 1141 1157 1165 est
1176 1137 1329 1165 doctrinam
1361 1135 1520 1165 tradideris.
1537 1138 1564 1161 et
1584 1134 1611 1160 in
1633 1133 1725 1169 pravis

939 1184 1114 1220 dogmatibus
1132 1190 1179 1210 eos
1196 1189 1374 1217 perseverare
1394 1181 1509 1213 videris,
1527 1179 1644 1215 amplius
1661 1187 1724 1206 cum

939 1231 979 1259 eis
994 1238 1027 1258 ne
1038 1230 1184 1265 disputes:
1199 1231 1242 1256 est
1253 1227 1324 1255 enim
1345 1227 1421 1254 labor
1433 1226 1549 1254 inutilis.

981 1275 1063 1303 Vens.
1080 1275 1123 1302 η.
1143 1285 1152 1300 ι
1169 1275 1236 1302 Cum
1266 1274 1366 1301 misero
1393 1273 1530 1300 Artemam
1548 1271 1581 1298 ad
1617 1276 1653 1304 te,
1678 1275 1725 1298 aut

939 1321 1100 1357 Tychicum,
1119 1320 1217 1347 festina
1240 1318 1273 1345 ad
1302 1326 1345 1345 me
1368 1317 1464 1345 venire
1487 1317 1637 1351 Nicopolim
1657 1325 1664 1343 :
1685 1317 1723 1344 ibi

940 1367 1011 1394 enim
1039 1365 1121 1393 statui
1158 1365 1289 1392 hiemare.
1322 1373 1331 1389 ›
1364 1363 1499 1397 Oppidum
1528 1366 1570 1389 est
1602 1362 1726 1390 Thracia

939 1410 1090 1445 Nicopolis,
1106 1410 1252 1436 ﬁnitimum
1264 1408 1438 1435 Macedoniae.
1456 1406 1568 1434 Clarum
1591 1413 1633 1434 est
1645 1401 1723 1442 ergo.

940 1459 1068 1492 scriptam
1102 1456 1188 1483 fuisse
1218 1455 1364 1490 epistolam
1396 1460 1430 1479 eo
1460 1457 1592 1487 tempore,
1619 1460 1672 1486 quo
1697 1452 1725 1479 in

902 1515 923 1543 ο
941 1503 1097 1530 Macedonia
1113 1507 1138 1529 et
1153 1501 1254 1528 Achaia
1272 1500 1444 1527 versabatur.

977 1547 1059 1575 Vsus.
1078 1548 1122 1574 13.
1142 1556 1151 1572 4
1170 1546 1250 1574 Zenae
1269 1545 1337 1579 legis
1352 1545 1452 1579 perito,
1465 1547 1492 1571 et
1509 1543 1654 1579 Apollonio
1668 1543 1725 1571 sol-

941 1594 1015 1621 licite
1034 1592 1173 1628 prospice,
1195 1596 1225 1618 ut
1251 1591 1319 1618 nihil
1342 1590 1383 1618 eis
1405 1589 1488 1616 desit.
1514 1598 1524 1615 ι
1548 1589 1580 1616 Ει
1596 1589 1725 1624 quoniam

940 1640 1038 1667 beatus
1063 1637 1142 1665 Titus
1167 1645 1226 1664 eam
1258 1636 1341 1662 vitam
1371 1635 1537 1669 sequebatur
1561 1641 1623 1669 qua:
1651 1638 1727 1661 caret

940 1683 1178 1720 possessionibus,
1194 1681 1352 1709 necessario
1363 1680 1506 1714 subjunxit
1523 1689 1530 1707 :

977 1730 1058 1757 Vsus.
1079 1729 1122 1756 14.
1147 1737 1156 1753 4
1177 1728 1290 1755 Discant
1308 1730 1398 1754 autem
1416 1730 1444 1753 et
1460 1726 1548 1754 nostri
1564 1725 1645 1753 bonis
1657 1733 1726 1759 ope—

939 1778 1016 1805 ribus
1030 1775 1140 1803 studere
1164 1774 1197 1801 ad
1227 1781 1294 1800 usus
1322 1771 1504 1804 necessarios,
1531 1774 1561 1798 ut
1591 1778 1646 1798 non
1671 1771 1727 1798 sint

939 1820 1117 1850 infructuosi.
1137 1830 1145 1846 I
1161 1818 1233 1846 Doce
1249 1826 1297 1845 eos
1312 1818 1357 1854 qui
1374 1817 1561 1850 crediderunt,
1582 1821 1612 1843 ut
1626 1823 1727 1852 corpo-

939 1868 1024 1894 ralem
1038 1872 1135 1894 eorum
1147 1870 1241 1892 curam
1258 1867 1366 1898 gerant,
1384 1862 1487 1898 quibus
1505 1862 1599 1890 divina
1610 1862 1727 1890 docendi

940 1920 1040 1940 munus
1064 1911 1200 1938 creditum
1230 1912 1295 1937 est:
1320 1909 1383 1935 illos
1412 1909 1485 1936 enim
1515 1909 1585 1936 tales
1616 1916 1726 1944 quoque

940 1958 1048 1984 fructus
1063 1957 1135 1984 ferre
1149 1954 1291 1983 convenit.

978 2002 1065 2030 Vens.
1080 2001 1124 2029 i5.
1143 2011 1152 2026 4
1172 2000 1301 2027 Salutant
1312 2003 1338 2027 te
1355 2000 1400 2035 qui
1413 2007 1520 2027 mecum
1534 2004 1598 2027 sunt
1610 2007 1725 2028 omnes:

941 2049 1032 2076 saluta
1051 2054 1100 2074 eos
1125 2045 1233 2080 quinos
1245 2048 1337 2071 amant
1354 2045 1381 2072 in
1402 2044 1463 2072 lide.
1481 2054 1491 2071 ι
1515 2044 1597 2080 710
1613 2044 1727 2073 Nolebat

940 2094 1013 2121 enim
1040 2092 1121 2118 aliter
1148 2091 1234 2117 amari
1261 2090 1386 2117 veritatis
1413 2090 1554 2125 magister,
1587 2097 1668 2125 quam
1693 2098 1726 2118 ex

941 2140 1000 2166 solo
1011 2145 1095 2172 scopo
1119 2135 1240 2171 pietatis.
1255 2144 1264 2160 4
1280 2134 1374 2162 Gratia
1395 2144 1456 2163 cum
1482 2135 1612 2164 omnibus
1637 2136 1725 2164 vobis.

106 2183 176 2216 μετὰ
192 2184 301 2210 πάντων
316 2184 400 2218 ὑμῶν.
423 2185 516 2220 Ἀμήν.
540 2195 549 2210 ι
567 2185 660 2212 Ταῦτα
675 2186 713 2221 τῷ
735 2187 784 2221 μὲν
800 2195 889 2221 μακα-

943 2186 1038 2211 Amen.
1061 2193 1070 2208 ι
1091 2182 1154 2209 Haec
1171 2182 1252 2208 beato
1277 2182 1385 2214 quidem
1406 2181 1468 2208 Tito
1487 2181 1598 2216 scripsit
1615 2182 1726 2210 divinus

104 2228 156 2264 ρίῳ
178 2229 251 2264 Τίτῳ
268 2229 407 2264 γέγραφεν
431 2231 445 2256 ὁ
467 2230 539 2262 θεῖος
569 2231 745 2263 Ἀπόστολος·
776 2233 843 2259 πᾶσι
861 2232 890 2259 δὲ

102 2275 171 2309 ἡμῖν
189 2274 240 2309 τὴν
257 2275 380 2302 ἐντεῦθεν
396 2277 595 2313 προσενήνοχεν
611 2277 752 2311 ὠφέλειαν.
777 2278 819 2309 Ὠς
835 2278 889 2314 γὰρ

102 2321 159 2348 ἀπὸ
174 2322 229 2347 τῶν
244 2322 340 2354 κοινῶν
356 2323 501 2358 θησαυρῶν
513 2323 559 2349 τὸν
572 2323 685 2350 πλοῦτον
698 2323 887 2359 καρπούμεθα.

101 2365 211 2392 Γένοιτο
222 2367 250 2393 δὲ
264 2368 337 2402 ἡμᾶς
349 2368 395 2394 καὶ
410 2368 525 2401 φυλάξαι
536 2369 571 2395 τὰ
586 2368 762 2403 συλλεγέντα·
777 2370 806 2396 ὲν
822 2370 889 2405 Χρι-

101 2412 158 2447 στῷ
179 2412 267 2447 Ἰησοῦ
292 2412 330 2447 τῷ
355 2414 448 2448 Κυρίῳ
473 2414 567 2449 ἡμῶν,
597 2414 656 2448 μεθ’
673 2411 704 2441 οὗ
726 2414 766 2449 τῷ
789 2415 887 2451 Πατρὶ,

100 2457 152 2483 σὺν
163 2456 204 2491 τῷ
220 2457 345 2492 παναγίῳ
367 2458 515 2492 Πιλεὺματι,
529 2458 601 2491 δόξα,
623 2459 700 2494 τιμὴ,
713 2459 760 2486 καὶ
777 2460 886 2494 κράτος,

99 2503 149 2530 νῦν
171 2502 220 2529 καὶ
242 2503 303 2536 ἀεὶ,
332 2505 378 2530 καὶ
407 2505 447 2535 είς
477 2505 539 2536 τοὺς
565 2505 665 2537 αἰῶνας
688 2506 743 2531 τῶν
771 2505 886 2533 αἰώνων.

105 2548 136 2573 Ἀ
141 2548 195 2581 μὴν
199 2567 205 2573 .

105 2593 140 2618 Ἢ
155 2592 226 2626 πρὸς
251 2593 329 2619 Τίτον
342 2593 391 2626 τῆς
416 2593 534 2629 Κρητῶν
556 2593 718 2629 Ἐκκλησίας
743 2593 888 2631 Ἐπιστολὴ

187 2639 294 2674 ἐγράφη
312 2639 365 2666 ἀπὸ
381 2639 553 2671 Νικοπόλεως
565 2640 613 2675 τῆς
628 2640 806 2672 Μακεδονίας.

941 2230 1089 2264 Apostolus
1109 2238 1115 2256 :
1137 2227 1217 2256 nobis
1233 2233 1323 2256 autem
1342 2227 1469 2254 erunibus
1478 2235 1538 2262 quae
1557 2227 1620 2254 hinc
1637 2228 1727 2255 oritur

939 2277 1084 2303 utilitatem
1110 2276 1237 2309 praebuit.
1263 2274 1312 2302 His
1336 2275 1410 2302 enim
1430 2278 1561 2308 tanquam
1588 2273 1726 2301 thesauris

938 2321 1131 2349 communibus
1162 2320 1293 2348 fruimur.
1319 2319 1429 2347 Utinatn
1453 2318 1592 2354 possimus
1619 2323 1646 2346 et
1674 2326 1726 2346 nos

938 2374 1104 2394 conservare
1118 2373 1148 2393 ea
1167 2373 1228 2400 quae
1249 2365 1361 2392 collecta
1376 2368 1442 2392 sunt
1459 2373 1465 2390 :
1482 2364 1510 2390 in
1526 2363 1638 2390 Christo
1658 2363 1725 2390 Jesu

937 2411 1055 2439 Domino
1080 2414 1186 2443 nostro,
1210 2417 1272 2437 cum
1289 2417 1343 2445 quo
1359 2409 1446 2441 Patri,
1460 2415 1514 2435 una
1526 2415 1589 2436 cum
1605 2408 1726 2435 sanctis-

938 2456 1008 2483 simo
1026 2454 1142 2490 Spit-itu,
1169 2454 1269 2489 gloria,
1297 2454 1384 2481 honor
1408 2456 1436 2481 et
1461 2452 1593 2488 potentia,
1610 2460 1684 2480 nunc
1696 2455 1725 2480 et

937 2509 1056 2536 semper,
1067 2505 1095 2529 et
1112 2502 1139 2528 in
1153 2500 1253 2528 saecula
1269 2500 1445 2528 saeculorum.
1459 2499 1557 2526 Amen.

939 2597 1063 2632 Epistola
1077 2598 1110 2625 ad
1127 2597 1220 2624 Titum
1237 2596 1380 2625 Cretensis
1402 2595 1542 2629 Ecclesiae,
1561 2591 1662 2631 scripta
1681 2598 1724 2623 est

976 2643 1112 2678 Nicopoli,
1124 2643 1226 2678 oppido
1244 2643 1420 2672 Macedoniae.

757 2729 874 2758 VARIE.
894 2730 1095 2759 LECTIONES.

130 2774 154 2790 "
171 2773 336 2810 φροντίζωσι
356 2773 384 2800 Β.
442 2775 463 2790 ¹⁷
477 2775 571 2810 Ζημᾶν
586 2775 615 2801 Β.
669 2776 691 2791 "
703 2775 768 2811 λίπῃ
782 2775 811 2802 Β.

868 2776 892 2792 ’⁸
905 2777 994 2804 Μανθ.
1008 2789 1042 2798 -ο-
1055 2776 1158 2811 χρείας.
1174 2776 1261 2811 Epist.
1279 2776 1322 2803 53.
