1992 3114
114 172 117 175 -
122 154 172 184 8ἷ3

536 152 841 183 lNTEEPKETATIO
862 153 982 184 EPIST.
1002 154 1052 184 AD
1071 141 1334 187 PHILEMONEM.

1691 134 1745 191 in

125 219 191 248 μασε
205 209 252 237 τοῦ
267 210 416 246 Φιλήμονος
432 210 480 245 τὴν
493 210 627 245 ὁμόζυγα,
642 209 679 241 ὡς
699 211 731 244 τῇ
754 209 843 236 πίστει
860 218 906 236 κο-

963 217 1022 245 argo
1046 200 1149 238 Paulus
1169 211 1297 238 dilectam
1313 192 1646 247 appellavitPhilemonis
1678 196 1746 240 con:

122 256 288 292 σμουμένην.
305 255 474 290 Θαυμαζέτω
489 254 518 281 δὲ
542 254 647 290 μηδεὶς,
672 255 697 280 ει
719 254 765 280 καὶ
789 254 908 289 προσπέσ

123 302 235 329 πτουσι³
250 302 297 328 νῦν
305 310 376 332 τινες
389 301 428 336 τῷ
444 301 617 336 προσρήματι
627 299 725 335 τούτῳ.
743 300 774 326 Οἱ
788 301 842 335 γὰρ
859 309 908 326 κα-

123 348 174 378 κῶς
200 346 365 383 κεχρημένοι
388 345 426 379 τῷ
445 345 602 380 πράγματι,
624 346 657 380 τῇ
675 345 846 380 προσηγορίᾳ
858 344 908 380 τὴν

121 391 252 426 λοιδορίαν
273 389 429 425 προσῆψαν.
443 389 535 416 Πάλαι
549 390 578 416 δὲ
592 389 691 424 σεμνὸν
704 389 734 416 τὸ
758 389 844 425 ὄνομα
860 391 908 417 καὶ

122 432 278 471 ἁξιὲπαινον
289 435 333 472 ἦν.

151 484 227 516 δ’-ς’.
243 492 252 508 ι
268 482 428 518 Εὐχαριστῶ
447 481 558 517 τῷνΘεῷ
579 490 650 517 μου,
677 482 790 509 πάντοτε
813 482 906 517 μνείαν

123 538 167 556 σου
193 529 354 563 ποιούμενος
382 528 429 554 ἐπὶ
449 527 504 554 τῶν
527 527 687 562 προσευχῶν
712 536 773 562 μου,
801 528 908 554 ἁκούων

123 584 165 601 σου
185 574 234 610 τὴν
258 574 368 608 ἀγάπην
390 574 437 599 καὶ
450 572 507 608 ,τὴν
527 573 618 599 πίστιν
636 573 670 608 ἣν
687 573 758 608 ἔχεις
778 573 846 608 πρὸς
863 572 908 599 τὸν

120 620 222 656 Κύριον
244 620 357 655 Ἰησοῦν,
379 619 426 646 καὶ
447 620 487 649 εἰς
505 618 608 650 πάντας
627 620 690 650 τοὺς
711 619 814 653 ἁγίους,
834 619 908 650 ὅπως

122 668 137 701 ἡ
149 666 276 693 κοινωνία
290 666 340 701 τῆς
353 664 471 696 πίστεώς
485 673 531 690 σου
548 666 663 699 ἐνεργὴς
676 665 788 700 γένηται
805 666 832 691 ὲν
846 666 907 690 ἑπι-

122 713 219 746 γνώσει
232 712 333 743 παντὸς
357 711 460 745 ἀγαθοῦ
476 710 523 737 τοῦ
539 711 566 736 ὲν
583 712 649 745 ἡμῖν
664 711 704 741 εἰς
718 710 836 746 Χριστὸν
857 711 908 745 Ἰη-

122 759 193 786 σοῦν.
211 768 221 785 ι
240 757 392 793 Μέμνημαί
410 765 468 789 σου,
486 757 564 791 φησι,
578 756 621 783 διὰ
637 756 736 787 παντὸς
757 756 907 790 προσευχό-

122 814 211 841 μενος,
233 804 340 831 καὶτὸν
359 803 414 830 τῶν
430 803 503 830 ,ὅλων
520 803 585 829 Θεὸν
604 802 651 828 ἐπὶ
664 803 720 833 τοῖς
736 804 791 833 σοῖς
807 810 907 837 κατορ-

122 851 242 886 θώμασιν
260 849 381 884 ἀνυμνῶ.
401 849 536 876 Μανθάνω
555 848 609 883 γὰρ
627 849 693 883 ὅσην
706 848 755 883 μὲν
767 847 850 881 ἐδέξω
865 847 908 873 πί·-

958 255 1067 290 jugem,
1098 261 1127 283 ut
1152 265 1211 290 quze
1242 257 1293 284 ﬁde
1318 262 1392 285 esset
1419 264 1525 286 ornata.
1553 259 1632 294 713
1661 259 1746 286 Nemo

960 305 1050 328 autem
1077 302 1202 335 miretur,
1231 303 1253 330 si
1278 311 1351 330 nunc
1374 303 1458 338 aliqui
1483 304 1536 330 hoc
1563 306 1645 331 verbo
1663 294 1746 332 olli-n.-

960 347 1072 375 duntur.
1093 348 1144 381 Qui
1170 349 1245 375 enim
1265 356 1295 376 re
1312 349 1384 376 male
1399 349 1440 376 usi
1458 353 1533 382 sunt,
1551 350 1701 377 eil‘ecerunt
1717 354 1747 378 ut

959 393 1031 420 male
1045 394 1153 421 audiret
1179 394 1344 421 vocabulum
1358 402 1365 421 :
1385 398 1445 422 erat
1458 391 1548 422 autem
1565 396 1629 422 olim
1646 404 1747 424 nomen

960 439 1106 467 honestum
1120 445 1146 467 et
1162 439 1242 467 laude
1253 441 1377 475 dignum.

996 484 1080 511 Vens.
1095 484 1153 511 4-6.
1172 494 1181 510 ι
1199 485 1309 512 Gratias
1323 492 1373 520 ago
1389 485 1443 512 Deo
1464 493 1535 518 meo,
1552 493 1663 521 semper
1689 494 1747 515 me-

959 530 1075 557 moriam
1098 530 1137 557 tui
1159 529 1264 557 faciens
1289 531 1315 557 in
1344 530 1516 558 orationibus
1537 531 1614 561 meis.
1632 531 1748 559 audiens

959 575 1120 602 charitatem
1137 579 1223 608 tuam,
1238 580 1266 602 et
1284 576 1373 608 ﬁdem,
1386 583 1468 610 quam
1493 575 1576 603 habes
1603 577 1629 603 in
1657 576 1750 603 Domi-

959 629 1024 648 num
1040 620 1144 652 .Iesum,
1156 625 1182 648 et
1199 621 1226 648 in
1243 629 1337 648 omnes
1354 626 1475 654 sanctos,
1491 626 1519 647 ut
1534 624 1748 650 communicatio

959 666 1022 694 ﬁdei
1036 670 1093 693 tute
1108 666 1201 693 eﬁicax
1217 666 1264 693 ﬁat
1281 666 1308 693 in
1325 667 1465 701 agnitione
1476 668 1566 694 omnis
1577 668 1641 695 honi
1657 669 1684 695 in
1702 676 1750 695 no-

959 711 1001 738 bis
1019 711 1046 738 in
1060 711 1200 738 Christum
1215 711 1320 738 desum.
1335 721 1344 737 ι
1356 711 1512 742 ‘Precando,
1529 713 1628 747 inquit,
1642 717 1749 748 semper

958 757 998 784 tui
1023 757 1144 788 memini,
1164 761 1191 784 et
1209 762 1319 792 propter
1337 765 1368 784 ea
1387 766 1447 792 quae
1470 764 1544 785 recte
1562 754 1640 791 facis,
1662 759 1748 786 Deum

959 802 1149 830 universorum
1167 803 1257 829 laudo.
1268 803 1330 830 Scio
1345 803 1417 830 enim
1434 808 1563 838 quautam
1586 804 1666 832 ﬁdem
1686 813 1748 832 sus-

958 848 1064 884 ceperis
1080 849 1108 875 in
1127 848 1270 875 Dominum
1288 849 1333 883 qui
1355 857 1406 877 nos
1428 850 1556 881 servavit,
1573 854 1599 877 et
1617 855 1748 885 quantam

122 905 178 933 στιν
195 896 260 930 περὶ
275 895 320 922 τὸν
338 895 478 921 σεσωκότα
501 895 655 929 Δεσπότην·
676 893 773 929 ἡλίκην
789 894 817 919 δὲ
835 893 907 928 ἔχεις

963 894 1062 922 habeas
1078 895 1251 925 charitatem,
1266 899 1293 922 et
1311 899 1441 930 quantam
1462 903 1540 930 opem
1562 895 1633 923 feras
1650 896 1684 923 iis
1700 896 1747 931 qui

121 943 241 977 ἀγάπην,
255 941 303 968 καὶ
314 941 380 975 ὅσης
392 940 477 972 ἀξιοῖς
490 940 638 975 θεραπείας
650 940 714 971 τοὺς
726 939 760 966 τὰ
772 939 831 965 Θεία
843 938 908 974 περὶ

122 987 218 1016 πολλοῦ
241 987 433 1022 ποιουμένους·
450 986 497 1012 καὶ
522 986 617 1020 δέομαι
642 985 689 1012 καὶ
706 985 840 1012 ἀντιϐολῶ
861 984 907 1011 τὸν

121 1032 207 1059 κοινὸν
222 1031 381 1066 εὐεργέτην,
396 1030 503 1056 τελείαν
515 1037 556 1055 σοι
570 1028 661 1055 δοῦναι
674 1028 723 1064 τὴν
739 1028 836 1064 κτῆσιν
852 1027 906 1054 τῶν

121 1077 240 1112 ἀγαθῶν.

153 1123 186 1156 ζ’.
207 1133 216 1149 ι
237 1122 324 1158 Χάριν
339 1122 393 1158 γὰρ
406 1119 506 1156 πολλὴν
520 1121 597 1156 ἔσχον
611 1122 658 1147 καὶ
670 1119 842 1156 παράκλησιν
859 1119 907 1146 ἐπὶ

119 1171 152 1206 τῇ
168 1169 263 1204 ἀγάπῃ
281 1177 339 1200 σου,
353 1169 394 1194 ὄτι
410 1167 445 1193 τὰ,
463 1167 605 1202 σπλάγχνα
619 1166 673 1192 τῶν
692 1166 777 1200 ἁγίων
793 1165 837 1192 διὰ
859 1164 905 1191 σοῦ

120 1214 320 1244 ἀναπέπαυται,
344 1212 452 1246 ἀδελφέ,
471 1221 480 1238 ι
516 1212 618 1247 Πολλῆς
642 1211 697 1246 γὰρ
731 1210 906 1245 ὲμπῐπλαμαι

120 1260 264 1295 θυμηδίας,
294 1259 336 1285 ὅτι
362 1257 535 1293 παντοδαπὴν
560 1258 614 1288 τοῖς
641 1256 728 1290 ἁγίοις
756 1255 906 1292 θεραπείαν

120 1304 294 1340 προσφέρεις,

154 1353 188 1385 η’,
203 1350 235 1376 θ’.
256 1358 266 1375 ι
286 1348 332 1375 Διὸ
350 1348 449 1383 πολλὴν
474 1349 503 1375 ἐν
528 1345 639 1382 Χριστῷ
666 1346 823 1382 παρρησίαν
837 1345 907 1381 ἔχων

119 1396 278 1424 ἐπιτάσσειν
293 1404 334 1422 σοι
351 1395 382 1421 τὸ
397 1394 510 1429 ἀνῆκον,
532 1394 577 1420 διὰ
598 1393 647 1429 τὴν
671 1393 784 1428 ἀγάπην
807 1392 907 1427 μᾶλλον

119 1441 282 1478 παρακαλῶ.
301 1451 310 1467 ›
329 1441 493 1476 Δυνάμενος,
518 1440 595 1474 φησὶ,
612 1439 723 1474 θαρρεῖν
738 1438 775 1470 ὡς
798 1438 906 1474 Θερμῶς

119 1487 326 1518 πεπιστευκότι,
345 1487 391 1513 καὶ
401 1485 597 1516 διδασκαλικῶς
614 1484 744 1515 κελεύειν,
762 1484 841 1511 τοῦτο
859 1484 907 1519 μὲν

118 1536 148 1562 οὐ
172 1535 260 1562 ποιῶ·
288 1533 461 1569 παράκλησιν
480 1532 516 1558 δὲ
543 1531 702 1566 προσφέρω.
719 1529 786 1557 Εἶτα
800 1531 834 1565 τῇ
859 1529 917 1557 ’τοῦΔ

119 1581 263 1617 εἰρημένου
286 1579 460 1613 ταπεινότητι
489 1577 646 1613 περιτίθησι
672 1577 787 1611 κόμπον.
818 1586 827 1602 ι
844 1577 906 1603 Τοι-

118 1626 195 1658 οῦτος
217 1625 256 1652 ὢν
281 1625 319 1655 ὡς
341 1623 446 1654 Παῦλος
467 1621 634 1657 πρεσϐύτης.
656 1631 665 1647 ο
688 1621 798 1648 Βλέπεδ
823 1621 865 1652 τις
893 1623 907 1648 ό

118 1672 219 1698 αἰτῶν·
238 1671 318 1705 ἀρκεῖ
331 1670 359 1696 δὲ
384 1670 400 1704 ἡ
415 1669 463 1695 τοῦ
489 1668 620 1703 ὀνόματος
636 1668 730 1702 μνήμη
748 1667 906 1694 καταιδέσαι

119 1717 164 1743 καὶ
186 1717 234 1742 τὸν
250 1715 311 1742 λίαν
334 1715 490 1752 ἀντίτυπον.
523 1714 551 1740 '0
569 1713 626 1748 γὰρ
646 1712 752 1739 Παῦλον
776 1712 905 1744 ἀκούσας,

117 1761 165 1796 τῆς
177 1760 341 1795 οἰκουμένης
355 1758 449 1786 ἀκούει
462 1759 508 1785 τὸν
519 1758 639 1794 κήρυκα,
650 1758 701 1792 γῆς
712 1757 759 1783 καὶ
772 1757 908 1791 θαλάττης

117 1807 161 1833 τδν
175 1807 311 1841 γεωργὸν,
326 1805 376 1840 τῆς
390 1803 507 1838 ἐκλογῆς
519 1803 551 1833 τὺ
565 1803 673 1834 σκεῦος,
691 1802 738 1828 καὶ
754 1802 837 1829 τᾶλλα
855 1810 907 1836 μυ-

119 1854 184 1888 ρίων
209 1853 295 1879 δεῖται
317 1850 446 1885 γλωττῶν
470 1851 509 1881 εἰς
522 1849 659 1884 διήγησιν.
685 1847 863 1883 ιιροστέϐεικε
879 1847 907 1874 δὲ

117 1899 165 1927 καὶ
188 1899 235 1925 τὸν
263 1897 445 1932 πρεσϐύτην,
464 1895 618 1925 ἐπιδεικνὺς
639 1893 735 1920 πολιὰν
760 1894 788 1919 ἐν
815 1893 907 1924 πόνοις

117 1945 323 1980 βλαστήσασαν,
341 1942 388 1969 καὶ
411 1940 498 1976 ταύτῃ
517 1940 562 1967 τὸν
583 1939 662 1973 λόγον
689 1938 907 1974 ἀξιοπιστότερον

116 1991 314 2027 ἐργαζόμενος.
329 1988 525 2015 Ἐπισυνάπτει
538 1986 586 2012 καὶ
595 1985 700 2020 ἕτερον.
712 1994 721 2010 ι
736 1984 804 2010 Νυνὶ
816 1983 845 2010 δὲ
861 1984 908 2010 καὶ

114 2037 227 2073 δέσμιος
247 2035 334 2071 ’1ησοῦ
353 2033 482 2070 Χριστοῦ.
504 2042 514 2058 ι
531 2031 673 2066 Διδέσθητι
697 2030 819 2061 Παῦλον,
837 2029 908 2056 αἰδέ-

115 2083 196 2118 σθητί
217 2091 268 2117 μου
284 2081 315 2108 τὸ
325 2081 430 2116 γῆρας,
457 2078 594 2113 αἰδέσθητι
609 2077 645 2104 τὰ
665 2076 768 2112 δεσμὰ,
783 2075 855 2111 ἅπερ
870 2076 908 2108 ὡς

115 2127 207 2164 κήρυξ
226 2127 275 2163 τῆς
291 2125 422 2161 ἀληθείας
435 2124 607 2160 περίκειμαι.

151 2260 179 2287 ι’.
208 2269 217 2285 ι
233 2258 388 2295 Παρακαλῶ
414 2267 444 2285 σε
464 2257 529 2291 περὶ
543 2256 590 2284 τοῦ
616 2255 683 2292 ἐμοῦ
703 2256 808 2283 τέκνου.
831 2265 840 2281 ι
860 2254 909 2286 Τίς

113 2306 231 2341 λαλήσει
260 2305 310 2336 τὰς
341 2304 502 2336 δυναστείας
529 2303 577 2330 τοῦ
606 2303 728 2338 Κνρίου;
757 2302 799 2334 τῖς
825 2301 908 2334 ἀξίως

113 2351 327 2388 ὕμνήσει⁵¹τὴν
351 2350 426 2376 Θείαν
456 2348 677 2384 φιλανθρωπίαν;
709 2348 737 2374 Ὀ
764 2348 909 2382 μαστιγίας

111 2398 163 2424 καὶ
186 2399 368 2432 τοιχωρυχὺς,
390 2394 498 2422 Παύλου
520 2395 614 2421 τέκνον
634 2393 766 2427 ἐξαπίνης
790 2393 908 2427 ἐγένετο.

111 2444 201 2478 Λέγει
221 2443 249 2469 δὲ
266 2443 314 2469 καὶ
329 2441 377 2468 τοῦ
389 2441 467 2467 τόκου
485 2440 530 2466 τὸν
553 2439 662 2475 τρόπον.
685 2448 694 2464 ι
712 2439 760 2466 "Ov
775 2439 907 2473 ἐγέννησα

111 2491 143 2516 ἓν
157 2490 216 2520 τοῖς
230 2489 340 2523 δεσμοῖς
356 2495 418 2523 μου.
438 2496 447 2512 ι
463 2486 499 2513 Οὐ
511 2485 564 2520 γὰρ
578 2484 698 2511 ἐκώλυσε
709 2485 744 2512 τὰ
757 2485 844 2520 δεσμὰ
859 2485 909 2516 τὰς

111 2536 213 2567 ὠδῖνας
239 2534 286 2561 τοῦ
314 2532 479 2568 πνεύματος.
502 2530 568 2559 Εἶτα
596 2531 665 2567 μετὰ
679 2531 713 2557 τὰ
734 2531 860 2566 ἐγκώμια
879 2531 909 2557 τὸ

112 2581 203 2616 ὄνομα
216 2580 350 2607 τέθεικεν.

151 2635 161 2652 ι
190 2626 346 2662 Ὀνήσιμον,
365 2624 434 2660 (ια’.)
449 2624 493 2651 τόν
508 2624 573 2650 ποτέ
587 2632 628 2650 σοι
642 2623 787 2658 ἄχρηστον.
812 2633 821 2648 ι
846 2623 906 2648 ’Λν-

961 940 1055 967 divina
1066 941 1156 975 magni
1171 939 1289 967 faciunt:
1304 947 1530 976 communemque
1543 941 1747 970 benefactorem
1770 974 1774 977 ἰ

960 992 1009 1012 oro
1033 988 1060 1011 et
1081 985 1208 1017 obsecro,
1228 990 1258 1013 ut
1282 985 1328 1013 det
1353 985 1410 1012 tibi.
1434 986 1585 1022 perfectam
1611 987 1746 1016 bonorum

961 1037 1176 1063 possessronem.

996 1118 1080 1146 Vens.
1100 1119 1125 1146 7.
1156 1129 1165 1146 ‹
1184 1118 1318 1147 Gaudium
1347 1121 1420 1148 enim
1451 1129 1580 1157 magnum
1609 1123 1692 1151 habui
1722 1129 1749 1151 et

961 1164 1177 1192 consolationem
1206 1173 1290 1200 super
1313 1166 1448 1194 charitate
1468 1171 1524 1199 tua,
1542 1167 1615 1202 quod
1643 1169 1750 1196 viscera

961 1215 1119 1238 sanctorum
1147 1212 1343 1246 requieverunt
1360 1219 1407 1247 per
1434 1216 1470 1245 te,
1497 1213 1590 1241 frater.
1619 1223 1628 1240 ι
1652 1214 1749 1249 Magna

960 1256 1033 1282 enim
1059 1256 1188 1290 impletus
1213 1264 1273 1283 sum
1292 1256 1396 1288 laetitia,
1420 1257 1492 1291 quod
1521 1258 1626 1286 nullum
1655 1259 1750 1286 auxilii

961 1308 1047 1336 genus
1061 1301 1087 1327 in
1104 1306 1214 1328 sanctos
1231 1302 1433 1335 prmtermittas.

997 1345 1080 1374 Vens.
1108 1347 1136 1378 8,
1157 1347 1183 1373 9.
1214 1356 1222 1372 ι
1245 1346 1359 1381 Propter
1383 1348 1457 1382 quod
1483 1349 1595 1376 multam
1623 1349 1749 1377 ﬁduciam

962 1391 1066 1419 habens
1082 1391 1109 1418 in
1125 1391 1237 1419 Christo
1252 1393 1403 1426 imperandi
1417 1393 1465 1420 libi
1484 1395 1557 1429 quod
1572 1394 1604 1421 ad
1621 1402 1678 1423 rem
1694 1404 1751 1430 per-

962 1437 1039 1469 tinet,
1066 1441 1178 1472 propter
1204 1438 1365 1464 cltarita‘tem
1390 1438 1478 1473 magis
1506 1439 1632 1467 obsecro.
1651 1450 1660 1466 ι
1681 1441 1750 1468 Cum

963 1483 1077 1517 possim,
1097 1483 1196 1517 inquit,
1214 1483 1330 1510 ﬁdenter
1348 1488 1437 1510 tecum
1466 1492 1557 1518 agere,
1583 1489 1611 1512 ut
1631 1486 1677 1520 qui
1705 1494 1750 1513 ar-

963 1527 1279 1560 denter‘credideris,'et
1304 1528 1428 1563 magistri
1456 1536 1534 1556 more
1560 1530 1669 1564 jubere,
1697 1531 1751 1559 hoe

959 1572 1070 1608 quidem
1105 1580 1161 1599 non
1191 1573 1283 1604 facio.
1310 1573 1365 1601 sed
1398 1573 1617 1602 adhortationem
1654 1576 1749 1604 aﬁ‘ero.

960 1618 1061 1646 Deinde
1086 1618 1168 1654 714
1197 1619 1264 1646 dicti
1283 1620 1325 1646 sui
1353 1619 1523 1647 bumilitati'
1559 1621 1749 1656 gloriationem

960 1664 1064 1698 adjicit.
1092 1674 1101 1690 ι
1119 1665 1187 1691 Cum
1214 1665 1265 1692 sim
1292 1665 1365 1698 talis,
1381 1673 1480 1699 nempe
1494 1665 1595 1694 Paulus
1622 1675 1716 1695 senex.
1735 1677 1747 1694 ι

960 1710 1028 1737 Vide
1053 1710 1114 1745 quis
1141 1711 1177 1738 sit
1204 1710 1252 1745 qui
1280 1711 1358 1745 petit.
1376 1710 1479 1738 Sufﬁcit
1508 1715 1599 1739 autem
1631 1713 1751 1740 nominis

960 1757 1062 1783 mentio
1088 1757 1120 1783 ad
1147 1756 1319 1783 efﬁciendum
1339 1761 1367 1783 ut
1384 1761 1542 1785 revereatur
1563 1758 1604 1785 vel
1630 1759 1750 1787 maxime

960 1802 1093 1829 renitens.
1117 1801 1169 1834 Qui
1199 1802 1271 1829 enim
1303 1801 1418 1829 Paulum
1448 1803 1538 1834 audit,
1563 1803 1640 1830 audit
1665 1804 1751 1831 totius

960 1848 1036 1874 orbis
1053 1846 1274 1882 praedicatorem,
1288 1851 1365 1874 terrre
1383 1848 1522 1882 marisque
1540 1848 1685 1879 cultorem.
1702 1856 1750 1877 vas

960 1893 1115 1925 electionis,
1139 1897 1167 1920 et
1190 1893 1253 1924 alia,
1275 1893 1309 1920 ad
1336 1901 1397 1928 quae
1424 1893 1562 1920 narranda
1590 1894 1631 1921 vel
1659 1894 1750 1924 decies

960 1939 1035 1966 mille
1058 1939 1160 1974 linguis
1187 1946 1258 1973 opus
1285 1943 1367 1966 esset.
1399 1939 1508 1974 Adiecit
1534 1940 1617 1967 etiam
1643 1949 1747 1971 senem.

960 1984 1111 2012 ostendens
1142 1992 1226 2012 canos
1250 1985 1422 2020 germinasse
1449 1985 1477 2012 in
1506 1985 1670 2019 laboribus,
1699 1986 1752 2015 hac

959 2032 1041 2059 etiam
1070 2031 1178 2058 ratione
1203 2031 1256 2058 ﬁde
1281 2031 1436 2066 digniorem
1463 2031 1566 2058 faciens
1583 2033 1748 2061 oralionem.

959 2077 1041 2104 Aliud
1070 2077 1153 2104 etiam
1183 2076 1317 2111 adiungit.
1335 2085 1344 2102 ι
1367 2075 1446 2103 Nunc
1474 2080 1564 2103 autem
1589 2081 1616 2104 et
1640 2078 1749 2106 vinctus

960 2121 1024 2149 Jesu
1042 2121 1157 2149 Christi.
1181 2130 1191 2147 ι
1211 2121 1346 2148 Reverere
1371 2121 1498 2152 Paulum.
1521 2129 1646 2149 reverere
1672 2130 1750 2150 sene-

961 2172 1063 2195 ctutem
1080 2175 1179 2199 meam,
1193 2175 1318 2194 reverere
1334 2167 1453 2200 vincula,
1466 2167 1566 2202 quibus
1583 2172 1612 2195 ut
1625 2169 1749 2197 veritatis

924 2229 947 2258 ι)
962 2213 1126 2249 praedicator
1145 2213 1275 2240 astrictus
1293 2221 1365 2240 sum.

999 2257 1082 2286 Vens.
1102 2258 1143 2285 10.
1166 2267 1175 2284 ι
1191 2257 1313 2285 Obsecro
1327 2263 1353 2285 te
1366 2265 1416 2292 pro
1432 2266 1492 2285 meo
1511 2260 1576 2287 ﬁlio.
1598 2269 1607 2285 ι
1626 2259 1693 2292 Quis
1709 2259 1750 2286 lo-

959 2308 1059 2338 quetur
1085 2303 1222 2337 potentias
1247 2302 1375 2329 Domini?
1389 2303 1450 2338 quis
1471 2312 1519 2337 pro
1541 2304 1673 2339 dignitate
1691 2305 1749 2331 lau-

960 2348 1035 2376 dabit
1047 2348 1167 2375 divinam
1182 2348 1397 2383 benignitatem?
1408 2348 1558 2383 Mastigias,
1571 2353 1596 2377 et
1609 2357 1749 2376 murorum

959 2394 1206 2429 effossor,repente
1223 2393 1302 2420 Pauli
1319 2394 1391 2421 ﬁlius
1408 2393 1499 2422 factus
1516 2399 1567 2422 est.
1585 2394 1655 2421 Dicit
1669 2395 1749 2422 etiam

960 2440 1099 2476 quomodo
1113 2447 1175 2467 eum
1196 2440 1332 2475 genuerit.
1351 2449 1360 2466 ‹
1380 2440 1464 2473 Quem
1489 2440 1570 2476 genui
1589 2441 1617 2467 in
1631 2440 1749 2467 vinculis

960 2487 1040 2515 meis.
1060 2495 1070 2512 ι
1087 2486 1182 2521 Neque
1203 2485 1275 2512 enim
1302 2485 1413 2512 vincula
1438 2486 1637 2520 prohibuerunt
1660 2491 1748 2512 ortum

960 2531 1141 2567 spiritualem.
1163 2530 1266 2558 Deinde
1294 2534 1355 2566 post
1379 2531 1474 2558 laudes
1499 2531 1560 2566 ejus
1583 2538 1682 2559 nomen
1703 2530 1750 2558 ad-

956 2577 1034 2612 jecit.

998 2631 1007 2648 ι
1025 2620 1166 2655 Onesimo,
1182 2620 1278 2657 (Vens.
1289 2620 1344 2657 il.)
1355 2622 1401 2658 qui
1417 2621 1464 2650 tibi
1483 2621 1631 2657 aliquando
1642 2622 1749 2650 inutilis

768 2749 884 2779 ΥΑΠΙΛΕ
898 2749 1103 2778 LECTIONES.

168 2852 178 2869 ³
190 2851 378 2888 προσπτύουσι
394 2851 420 2877 Β.
461 2850 470 2866 ⁵
487 2851 602 2878 Βλέπετε
621 2850 650 2877 Β.
693 2849 758 2882 ’Τίς
770 2850 803 2877 ἂν
819 2848 899 2883 aeto;
919 2851 1025 2888 Gy.qu
1041 2850 1070 2882 Β.

215 2900 359 2930 ΡΑτιιοι.
376 2899 434 2928 Gn.
452 2898 611 2929 LXXXII.
