1987 3118
129 137 177 174 ὃῖἿ

531 136 837 169 INTERPRETATIO
857 137 977 167 EPIST.
998 139 1048 167 AD
1064 132 1328 170 PHILEMONEM.

1707 140 1759 174 878

132 198 190 224 σθαι
206 195 236 223 τὸ
253 188 452 231 πλημμέλημα.
477 190 544 221 Εἶτα
570 194 639 229 μετὰ
659 193 788 228 πλείστης
808 193 919 228 χάριτος

975 193 1112 221 Philemon
1152 195 1267 230 imputet
1309 196 1361 230 ipsi
1392 196 1533 225 delictum.
1562 197 1665 226 Deinde
1696 206 1759 226 cum

133 243 249 270 ποιεῖται
259 242 310 276 τὴν
322 242 370 267 τοῦ
385 239 482 275 χρέους
495 240 653 275 ὁμολογίαν.

166 288 207 314 ιϐ’.
231 296 241 312 ι
271 285 342 320 Ἐγὼ
364 284 470 316 Παῦλος
494 285 601 320 ἔγραψα
629 285 662 319 τῇ
680 282 733 319 ἐμῇ
760 282 843 319 χειρῖ,
864 282 919 318 ἑγὼ

131 334 260 362 ἀποτίσω.
288 341 299 359 ι
332 333 406 358 Ἀντὶ
430 331 605 367 γραμματίου
634 331 713 366 τήνδε
741 330 840 365 κὰτεχε
869 330 919 366 τὴν

130 379 282 414 ἐπιστολήν.
306 378 401 404 Πᾶσαν
428 376 514 410 αὐτὴν
534 374 590 410 ἐγὼ
619 375 759 411 γέγραφα·
789 374 846 408 ἐγὼ
872 374 918 402 καὶ

129 426 255 460 ὀφείλειν,
272 424 319 450 καὶ
337 422 488 449 ἀποδώσειν
503 421 686 456 ὑπισχνοῦμαι
700 421 730 447 τὸ
745 420 835 456 χρέος.
851 418 919 447 Εἶτα

129 472 263 498 δείκνυσιν
284 468 365 495 αὑτὸν
395 463 516 509 μείζοσιν
539 466 708 501 ἐγκλήμασιν
727 466 915 502 ὑποκείμενον.

131 527 139 542 ι
160 517 220 543 ’Ἵνα
235 515 272 550 μὴ
293 514 376 548 λέγω,
392 513 448 546 Σοὶ,
464 513 504 539 ὅτι
520 511 567 538 καὶ
582 512 695 538 σεαυτόν
712 521 757 546 μοι
771 512 919 547 προσοφεί-

126 561 192 593 λεις.
210 570 220 587 ι
233 561 272 587 Δι’
285 559 351 595 ἐμοῦ
366 558 432 594 γὰρ,
445 557 524 592 φησὶ,
536 557 587 592 τῆς
598 557 735 592 σωτηρίας
745 557 916 592 ἀπήλαυσας.

127 608 182 635 Καὶ
196 606 321 633 ἐντεῦθεν
337 605 416 641 δῆλον
432 605 470 635 ὡς
491 604 540 638 τῆς
559 604 739 639 ἀποπολικῆς
759 603 861 639 ἠξιώθη
877 604 918 630 δι-

121 653 275 684 ’δσισκαλίας
288 653 302 678 ὁ
317 651 455 686 Φιλήμων.

160 703 196 726 κ’.
216 708 225 724 ‹
245 698 308 730 Ναὶ,
327 696 436 730 ἁδελφὲ,
458 695 515 730 ἐγγὼ
540 705 586 722 σου
610 695 725 730 ὀναίμην
751 696 780 722 ὲν
807 695 916 730 Κυρίῳ,

124 744 283 770 ἀνάπαυσόν
307 750 359 777 μου
377 742 411 769 τὰ
434 741 561 776 σπλάγχα
587 742 616 767 ὲν
640 741 736 777 Κυρίῳ
747 741 781 768 ιθ.
803 750 812 766 ι
834 741 870 767 Τὸ
884 741 915 773 ¹¹,

120 786 200 825 ’Ἐγώ
216 798 274 817 σου
300 789 429 823 ὀναίμην
444 788 479 814 ἐν
495 787 593 820 Κυρίῳ
603 808 610 818 ,
628 787 688 813 ἀντὶ
702 786 760 819 τοῦ,
785 785 916 812 ’Δπολαύ-

122 836 205 870 ’σαιμί
223 844 269 862 σου
283 834 337 860 τῶν
352 835 380 860 ὲν
399 832 510 867 Χριστῷ
525 832 757 867 κατορθωμάτων,
769 831 867 866 εἴδοιμί
886 840 916 858 σε

124 881 294 908 πλουτοῦντα
313 881 342 906 ὲν
359 879 444 906 ἅπασι
457 880 513 910 τοῖς
527 879 723 913 πνευματικοῖς
739 878 862 915 ἀγαθοῖς.

159 927 216 957 κατ’.
234 936 244 956 ς
261 925 402 957 Ila-iratam;
414 926 447 960 τῇ
465 925 572 960 ὑπακοῇ
586 933 633 950 σου
650 923 758 959 ἔγραψά
773 913 919 956 σοιίείδὼς

121 970 164 999 ὅτι
180 973 228 999 καὶ
242 972 312 1007 ὑπὲρ
324 971 565 1005 ἃλέγωαποιήσεις.
583 979 592 995 ι
608 967 675 996 Οἶδά
689 977 736 995 σου
750 969 781 996 τὸ
795 969 920 1000 εὐπειθὲς

124 1021 174 1054 τῆς
202 1019 300 1054 ψυχῆς.
330 1013 368 1045 υῦ
389 1016 421 1052 δὴ
445 1017 526 1052 χάριν
547 1016 595 1043 καὶ
621 1016 732 1051 γράφω,
752 1015 861 1053 θαρρῶν
881 1016 920 1047 ὡς

125 1065 239 1092 τιλείονσ.
258 1063 386 1101 παρέξεις
401 1059 437 1090 ὧν
457 1063 558 1098 ᾔτησα.

157 1152 212 1187 κβ.
233 1161 242 1177 ι
262 1152 338 1187 ’Ἅμα
360 1151 388 1178 δὲ
402 1150 449 1177 καὶ
465 1146 593 1185 ἑτοίμαζέ
611 1157 655 1184 μοι
681 1144 779 1181 ξενίαν,
803 1147 919 1180 Ἐλπίζω

123 1198 180 1234 γὰρ
202 1198 244 1224 ὅτι
272 1197 315 1223 διὰ
337 1196 392 1223 τῶν
424 1195 585 1231 προσευχῶν
612 1195 689 1230 ὑμῶν
716 1195 920 1230 χαρισθήσομαι

124 1243 202 1278 ὑμῖν.
233 1253 244 1269 ι
263 1242 319 1269 Καὶ
339 1242 419 1269 τοῦτο
437 1241 464 1268 δὲ
482 1242 531 1276 οὐχ
545 1241 637 1273 ἁπλῶς
658 1240 790 1272 τέθεικεν,
804 1240 862 1266 ἀλλ’
876 1240 919 1266 ἵνα

123 1288 286 1324 προσδοκῶν
309 1287 390 1314 αὐτοῦ
418 1288 467 1323 τὴν
496 1287 647 1322 παρουσίαν
673 1286 782 1322 αίδεσθῇ
808 1285 858 1312 καὶ
887 1285 920 1312 τὰ

124 1334 291 1369 γράμματα.

167 1382 211 1413 κγ’
224 1399 232 1408 .
248 1379 298 1405 κδ’.
318 1388 327 1404 ι
354 1377 519 1410 Ἀσπάζεταί
543 1382 572 1404 σε
600 1377 741 1413 Ἐπαφρᾶς
757 1377 771 1403 6
788 1385 919 1412 συναιχμ-

123 1425 229 1456 άλωτός
243 1433 293 1460 μου
310 1425 338 1451 ἐν
350 1424 459 1460 Χριστῷ
477 1423 576 1459 Ἰησοῦ,
590 1423 712 1459 Μάρκος,
732 1423 919 1458 Ἀρίσταρχος,

123 1473 234 1508 Δημᾶς,
254 1471 372 1503 Λουκᾶς,
400 1470 425 1497 οἱ
447 1470 572 1505 συνεργοί
592 1478 652 1504 μου.
673 1478 683 1494 ι
704 1468 755 1495 Τὸν
776 1467 919 1504 Ἐπαφρᾶν

122 1517 244 1545 ἐνταῦθα
256 1516 459 1553 προστέθεικεν,
483 1515 575 1550 ἐπειδὴ
588 1515 635 1542 καὶ
646 1514 726 1546 αὐτὸς
745 1513 920 1544 Κολασσαεὺς

122 1549 336 1598 ἐτύγχανενῶν.
352 1561 430 1588 Οὕτω
442 1561 496 1596 γὰρ
511 1560 556 1587 καὶ
571 1549 776 1586 Κολασσαεῦσιν
789 1558 916 1593 ἔγραφεν·
932 1549 953 1578 C

126 1619 135 1636 ι
161 1607 329 1639 ’Δσπὰζεται
359 1606 430 1641 ὑμᾶς
460 1605 604 1639 Ἐπαφρᾶς
629 1605 643 1631 ὁ
669 1603 698 1636 ὲξ
722 1603 799 1638 ὑμῶν
826 1602 918 1634 δοῦλος

122 1653 259 1691 Χριστοῦ.
280 1662 291 1679 ›
310 1652 361 1678 Τὸν
384 1651 413 1678 δὲ
432 1651 526 1686 Δημᾶν
543 1650 596 1685 πρὸ
611 1649 657 1676 τοῦ
680 1649 773 1676 Δουκᾶ
785 1647 918 1681 τέθεικεν,

122 1700 162 1732 ὡς
185 1699 321 1734 ἐπίσημον
343 1697 417 1729 ὅντα,
442 1696 489 1723 καὶ
507 1695 647 1730 συνεργόν.
669 1693 748 1720 Μετὰ
763 1691 849 1719 ταῦτα
864 1692 918 1726 γὰρ

123 1745 308 1773 καταλέλοιπε
335 1743 382 1770 τὸν
418 1741 590 1773 Ἀπόστο).ον,
619 1739 766 1774 ἀγαπήσας
795 1739 841 1765 τὸν
870 1737 918 1764 νῦν

124 1793 225 1820 αἰῶνα.

160 1842 211 1866 κε’.
235 1848 245 1865 ι
269 1837 300 1870 Ἡ
319 1837 399 1873 χάρις
415 1834 461 1862 τοῦ
478 1834 582 1871 Κυρίου
597 1830 676 1868 ἡμῶν
695 1830 784 1867 Ἰησοῦ
799 1828 918 1866 Χριστοῦ

126 1882 198 1919 μετά
212 1880 259 1908 τοῦ
275 1881 429 1916 πνεύματος
445 1879 532 1915 ὑμῶν.
553 1878 651 1913 Ἀμήν.
667 1886 677 1903 ι
697 1876 808 1907 Τούτοις
833 1884 918 1911 προσ-

124 1931 189 1964 ήκει
205 1929 263 1960 τοῖς
277 1927 370 1963 νόμοις
385 1925 544 1953 ἀκολουθεῖν
559 1923 622 1955 τοὺς
637 1922 687 1958 τῆς
703 1922 777 1953 θείας
790 1921 919 1948 διδασκα-

124 1976 187 2006 λίας
210 1973 396 2009 ἠξιωμένους·
412 1971 483 1998 οὕτω
498 1971 634 1997 διδάσκειν
657 1969 720 1999 τοὺς
736 1968 846 1999 οἰκέτας
868 1967 919 2003 τῆς

124 2020 180 2047 τῶν
195 2018 334 2046 δεσποτῶν
351 2017 460 2053 ἔχεσθαι
486 2016 646 2052 θεραπείας,
667 2015 710 2041 ἵνα
722 2013 766 2040 διὰ
782 2015 891 2041 πάντων
905 2013 919 2040 ὁ

125 2066 267 2100 Δεσπότης
280 2065 435 2100 ἁνυμνῆται
446 2062 574 2098 Χριστὸς,
590 2061 649 2096 μεθ’
663 2057 693 2087 οὗ
706 2060 745 2096 τῷ
759 2060 855 2095 Πατρὶ,
871 2060 919 2086 σὺν

124 2112 164 2147 τῷ
187 2111 314 2146 παναγίῳ
339 2109 489 2144 Πνεύματι,
518 2108 582 2139 δόξα
607 2106 706 2142 πρέπει
732 2105 778 2132 καὶ
805 2105 918 2141 μεγαλο-

125 2157 258 2192 πρέπεια,
288 2155 335 2182 νῦν
364 2155 410 2181 κού⁴
439 2154 494 2186 ἀεὶ,
519 2154 566 2180 καὶ
582 2154 622 2184 εἰς
650 2153 714 2184 τοὺς
738 2151 839 2183 αἰῶνας
864 2151 919 2177 τῶν

125 2202 244 2230 αἰώνων.
269 2201 365 2236 Ἀμήν.

971 239 1088 266 maxima
1103 240 1190 275 gratia
1209 241 1355 268 confitetur
1369 241 1502 269 debitum.

1006 284 1090 313 Vens.
1108 285 1150 312 l9.
1173 295 1182 312 (
1203 287 1259 321 Ego
1279 285 1381 314 Paulus
1399 288 1499 322 scripsi
1522 296 1606 316 manu
1623 297 1693 321 mea,
1709 297 1760 324 ego

969 331 1095 359 reddam.
1116 340 1125 358 ι
1145 331 1200 361 Pro
1229 331 1362 363 scheduia
1394 333 1465 360 hanc
1496 334 1566 361 habe
1595 334 1759 369 epistolam,

969 385 1029 406 eam
1044 386 1095 414 ego
1107 383 1192 408 totam
1206 380 1383 417 scripsi.Ego
1394 380 1531 408 etdehere
1546 385 1572 408 et
1585 381 1758 408 redditurum

968 432 1031 453 esse
1062 426 1186 453 debitum
1213 427 1356 461 promitto.
1381 427 1484 454 Deinde
1517 427 1636 454 ostendit
1668 427 1759 461 ipsum

969 479 1032 499 esse
1045 471 1197 506 majoribus
1211 471 1314 499 debitis
1328 473 1490 500 obnoxium.
1511 481 1520 498 ‹
1539 471 1576 499 Ut
1592 480 1646 499 non
1658 472 1758 504 dicam,

969 517 1042 549 Tibi.
1052 519 1126 553 quod
1140 523 1167 546 et
1182 520 1298 554 teipsum
1315 520 1381 546 mihi
1398 519 1508 547 debeas.
1526 529 1535 545 ι
1555 519 1606 546 Per
1618 527 1660 546 me
1674 519 1759 551 enim,

969 562 1068 597 inquit,
1087 564 1167 599 717
1188 564 1304 592 salutem
1321 569 1488 592 consecutus
1502 573 1542 592 es.
1555 564 1588 591 Et
1615 565 1680 591 hinc
1695 572 1760 591 con—

969 611 1042 636 stat'
1069 609 1255 644 Philemonem
1280 611 1422 651 accepisse
1448 610 1602 641 doctrinam
1629 609 1760 644 apostoli.

968 663 1038 685 eam.

1003 700 1086 728 Vens.
1102 701 1147 728 20.
1167 710 1176 726 ι
1197 701 1247 733 ita,
1267 700 1364 733 frater,
1380 709 1430 736 ego
1445 705 1471 728 te
1491 701 1567 728 fruar
1582 701 1610 728 in
1630 699 1758 731 Domino.

967 747 1049 775 reﬁce
1065 747 1170 774 viscera
1193 754 1251 773 mea
1279 747 1306 772 in
1331 746 1453 773 Christo.
1474 756 1484 772 ι
1506 745 1596 773 Fruar
1615 751 1639 773 te
1657 747 1684 773 in
1701 746 1758 773 Da-

967 793 1049 823 mino.
1068 800 1117 827 pro
1141 800 1173 819 eo
1190 791 1264 826 quod
1280 796 1332 825 est,
1350 791 1438 819 Fruar
1460 793 1588 820 omnibus
1607 794 1662 821 tuis
1679 793 1759 821 bonis

968 838 996 865 in
1023 837 1135 864 Christo
1160 837 1327 866 actionibus.
1352 837 1459 865 videam
1485 841 1512 865 te
1539 838 1701 873 locupletem
1730 838 1758 866 in

970 883 1098 910 omnibus
1119 882 1199 909 bonis
1222 882 1423 916 spiritualibus.

1005 929 1089 958 Vens.
1106 928 1151 956 2L
1169 938 1179 954 ε
1198 928 1346 956 Conﬁdens
1365 929 1393 956 in
1409 929 1564 956 obedientia
1589 934 1634 957 tua
1659 930 1759 964 scripsi

970 974 1033 1007 tibi,
1048 975 1139 1002 sciens
1156 973 1229 1008 quod
1255 978 1282 1001 et
1305 982 1387 1008 super
1413 974 1438 1001 id
1460 975 1532 1008 quod
1554 974 1616 1001 dico
1633 975 1758 1003 facturus

971 1020 1020 1047 sis.
1044 1029 1053 1046 ι
1070 1019 1138 1046 Novi
1153 1024 1228 1046 tuam
1248 1020 1331 1047 animi
1347 1019 1542 1047 obedientiam.
1555 1019 1613 1053 Qua
1628 1020 1661 1047 de
1673 1027 1758 1049 causa

969 1066 1051 1092 etiam
1065 1064 1098 1092 ad
1115 1069 1141 1093 te
1158 1065 1263 1096 scribo.
1278 1065 1419 1094 conlidens
1435 1070 1460 1093 te
1476 1065 1554 1100 plura
1569 1065 1757 1100 praestitutum

969 1116 1051 1147 quam
1066 1111 1202 1145 petierim.

1004 1154 1089 1182 Vens.
1106 1154 1152 1182 22.
1173 1164 1183 1180 ι
1203 1154 1291 1181 Simul
1307 1157 1334 1182 et
1348 1161 1414 1189 para
1431 1154 1495 1181 mihi
1512 1154 1674 1190 hospitium.
1689 1153 1758 1182 Nam

971 1208 1052 1235 spero
1077 1207 1126 1234 per
1148 1199 1288 1226 orationes
1314 1204 1419 1226 vestras
1440 1199 1538 1226 donari
1564 1207 1608 1226 me
1631 1199 1722 1227 vobis.
1746 1208 1757 1225 ι

970 1243 1027 1272 Hoc
1049 1251 1159 1278 quoque
1173 1250 1227 1270 non
1250 1243 1299 1270 abs
1313 1250 1342 1270 re
1363 1243 1467 1278 posuit,
1483 1243 1530 1270 sed
1547 1246 1578 1269 ut
1595 1247 1759 1278 exspectans

970 1288 1030 1323 ejus
1049 1287 1208 1321 adventum,
1226 1287 1334 1315 litteras
1352 1294 1461 1323 quoque
1480 1291 1651 1315 revereatur.

1006 1371 1089 1402 Vm.
1106 1375 1152 1408 25,
1167 1375 1212 1402 24.
1226 1382 1238 1401 ι
1250 1374 1357 1402 Salutat
1369 1378 1398 1402 te
1418 1374 1560 1409 Epaphras
1580 1375 1759 1410 concaptivus

970 1429 1049 1448 meus
1064 1421 1091 1448 in
1109 1421 1219 1448 Christo
1232 1418 1309 1453 Jesu,
1321 1420 1440 1453 Marcus,
1456 1421 1647 1451 Aristarchus.
1663 1421 1759 1448 Demus

970 1470 997 1494 et
1012 1465 1112 1499 Lucas,
1131 1466 1272 1500 adjutores
1288 1466 1350 1493 mei.
1368 1474 1378 1491 ι
1406 1465 1560 1500 Epaphram
1581 1466 1626 1497 hic
1645 1467 1758 1501 adjecit,

971 1513 1101 1548 quaniam
1124 1513 1183 1547 ipse
1207 1519 1316 1546 quoque
1341 1511 1392 1538 fuit
1416 1511 1602 1542 Colossensis.
1624 1512 1759 1542 lta‘enim

971 1559 1083 1594 scripsit
1104 1559 1137 1586 ad
1157 1559 1336 1586 Cniossenses
1351 1567 1357 1585 :
1375 1566 1384 1584 ‹
1405 1557 1513 1586 Salutat
1538 1566 1588 1586 vos
1605 1558 1758 1594 Epaphras,

970 1605 1016 1640 qui
1037 1609 1126 1632 estex
1146 1605 1223 1632 vobis
1238 1612 1335 1632 servus
1352 1604 1489 1637 Christi}.
1508 1613 1517 1630 ι
1537 1604 1648 1632 Demam
1668 1611 1759 1633 autem

970 1652 1064 1687 posuit
1078 1655 1141 1678 ante
1151 1650 1265 1682 Lucam,
1279 1650 1364 1685 utqui
1377 1650 1539 1685 spectabilis
1549 1655 1632 1683 esset,
1644 1651 1760 1687 ejusque

970 1698 1090 1732 adjutor.
1116 1697 1215 1725 Postea
1245 1696 1318 1724 enim
1347 1696 1458 1731 reliquit
1485 1696 1658 1732 Apostolum,
1683 1697 1758 1734 quod

970 1747 1076 1771 amaret
1094 1743 1147 1770 hoc
1162 1742 1303 1770 saeculum.

1005 1826 1088 1857 Vens.
1105 1829 1152 1857 ‘25.
1176 1838 1185 1855 ι
1204 1828 1298 1856 Gratia
1321 1828 1428 1856 Domini
1455 1829 1542 1856 nostri
1566 1829 1632 1860 Jesu
1658 1831 1761 1860 Christi

969 1884 1032 1905 cum
1056 1876 1154 1911 spiritu
1176 1881 1278 1903 vestro.
1294 1875 1390 1902 Amen.
1410 1884 1420 1901 )
1438 1875 1492 1904 lius
1506 1876 1578 1912 leges
1597 1878 1673 1912 sequi
1691 1886 1759 1906 eon-

969 1922 1044 1949 venit
1066 1929 1132 1954 eos,
1151 1921 1234 1956 718
1258 1920 1359 1956 quibus
1383 1920 1481 1955 obtigit
1498 1929 1598 1949 munus
1620 1923 1760 1951 tradenda.
1810 1923 1813 1935 “

970 1967 1103 1996 doctrinae
1120 1967 1220 1994 divinae
1234 1976 1242 1995 :
1258 1967 1295 1993 ita
1319 1966 1419 1993 docere
1444 1974 1539 1994 servos
1561 1968 1682 1996 dominis
1700 1969 1759 1996 suis

969 2015 1113 2046 inservire.
1128 2017 1158 2041 ut
1173 2020 1222 2049 per
1235 2013 1326 2042 omnia
1341 2013 1470 2041 laudetur
1478 2014 1604 2043 Christus
1614 2015 1757 2050 Dominus,

969 2067 1032 2087 eum
1060 2067 1115 2095 quo
1141 2059 1237 2091 Patri,
1264 2067 1320 2086 una
1349 2066 1412 2086 cum
1443 2061 1619 2088 sanctissimo
1645 2062 1757 2097 Spiritu,

969 2106 1057 2141 gloria
1072 2106 1202 2133 convenit
1225 2110 1253 2133 et
1275 2106 1488 2140 magnificentia,
1506 2115 1580 2134 nunc
1597 2111 1623 2136 et
1639 2116 1685 2135 seu
1699 2117 1757 2143 per.

969 2155 996 2178 et
1013 2151 1039 2178 in
1056 2152 1156 2179 saacula
1173 2151 1346 2179 saeculorum.
1362 2151 1458 2179 Amen.

166 2222 436 2281 Ῐέιψπζρδξῖἇξμονα
447 2242 592 2278 Ἐπιστολὴ
605 2242 712 2278 ἐγράφη
733 2241 787 2268 ἀπὸ
804 2240 916 2277 Ῥώμης

1006 2238 1128 2273 Epistola
1153 2238 1186 2266 ad
1211 2237 1399 2266 Philemonem
1417 2239 1501 2267 Roma
1528 2241 1631 2276 scripta
1651 2247 1692 2270 est
1710 2250 1759 2278 per

124 2294 169 2321 διὰ
193 2291 341 2328 Ὀνησιμου
357 2291 476 2332 οἰκέτου.

162 2386 173 2400 ε
194 2380 304 2408 Coloss.
319 2387 339 2412 ι,
358 2379 385 2406 7.

973 2284 1134 2313 Onesimum
1150 2292 1270 2312 servum.

774 2453 891 2482 VARhE
910 2453 1114 2483 LECTIONES.

162 2504 184 2521 ¹⁵
197 2505 219 2532 Χ
224 2502 309 2540 ριστῷ
323 2503 354 2530 Β.

125 2549 140 2568 e
155 2541 175 2567 Β
192 2538 276 2576 igitur
290 2538 472 2567 restituimus.

412 2503 433 2519 “
449 2502 530 2531 Haec:
545 2502 583 2529 Τὸ
597 2516 631 2523 -
644 2501 749 2536 Κυρίῳ,
761 2508 821 2536 quae
835 2503 926 2528 tamen
943 2498 1085 2528 Sirmondi
1102 2499 1194 2528 versio
1214 2499 1342 2534 habebat,
1353 2499 1484 2528 omiserat
1502 2499 1529 2528 in
1546 2503 1621 2529 textu
1650 2501 1756 2536 Graeco,
