1987 3118
119 149 169 180 8‘37

638 142 934 173 ECCLESIASTICZE
950 143 1142 173 HISTORI/E
1157 144 1230 174 LI-B.
1245 145 1268 173 l.

1692 149 1744 180 898

117 205 176 235 οίας
189 202 340 233 ἀνάπλεων,
374 200 418 227 τὸν
446 200 529 226 αἴτιον
554 198 697 233 γενόμενόν
716 207 797 230 τινος,
822 198 902 224 αὑτὸν

956 207 1007 226 non
1033 204 1090 226 erat
1114 200 1261 227 confusum
1287 205 1344 231 est.
1365 202 1546 236 produxerit,
1564 211 1652 238 Ipsum
1672 204 1743 232 aﬁir-

119 249 345 285 μεταγενὲστερον
378 247 398 262 ¹¹
426 246 514 279 λέγειν
551 245 600 279 τῆς
627 245 732 271 ἐκείνου
759 244 900 278 γενέσεως.

118 295 281 330 Προηγεῖται
306 293 360 327 γὰρ
392 291 451 318 κατ’
478 291 576 321 αὐτοὺς
595 290 643 325 τῆς
659 290 692 316 τὰ
711 290 758 317 ὅλα
774 290 903 324 δημιουρ-

118 348 217 374 fauo-qq
230 338 276 365 τοῦ
292 338 359 364 Θεοῦ
387 337 481 371 σοφίας
511 337 599 362 ἐκεῖνο
624 336 653 362 τὸ
678 336 824 370 διάστημα,
841 337 869 362 εν
883 331 903 369 ᾧ

117 394 184 420 φασι
212 385 249 420 μὴ
281 383 445 418 γεγενῆσθαι
472 382 516 409 τὸν
543 382 606 409 Υἱδν
637 382 689 408 ὑπὸ
714 382 760 408 τοῦ
779 382 902 416 Πατρός·

117 431 282 466 ψευδομένης
311 431 369 456 κατ’
397 430 495 461 αὐτοὺς
508 430 555 456 καὶ
574 429 623 463 τῆς
639 429 809 464 πρωτότοκον
824 429 903 455 αὑτὸν

116 475 185 503 εἶναι
204 477 292 510 πάσης
319 475 432 506 κτίσεως
453 475 673 510 ἁναγορευούσης
698 475 820 509 Γραφῆς.
837 474 904 509 Σύμ-

116 531 193 557 ιρωνα
210 522 275 556 γοῦν
286 520 390 552 τούτοις
406 521 454 556 βοᾷ
475 521 522 547 καὶ
536 522 550 547 ὁ
565 521 820 555 μεγαλοφωνότατος
833 520 904 547 Παῦ-

114 568 160 599 λος
189 567 300 600 φάσκων
314 567 392 601 ’περὶ
421 566 521 592 αὐτοῦ’
542 576 550 592 t
567 567 614 592 Ὃν
641 566 723 600 ἔθηκε
736 567 904 602 κληρονόμον

114 614 235 644 πάντων,
246 611 278 639 δι’
288 608 318 638 οῦ
333 612 379 638 καὶ
386 612 449 642 τοὺς
457 611 557 642 αἰῶνας
571 611 707 647 ἐποίησεν,
722 622 730 637 ι
748 611 827 638 Ἀλλὰ
843 613 902 644 καὶ,

118 669 127 684 ι
141 659 185 685 Ἐν
199 658 273 693 αὐτῷ
288 658 399 692 ἐκτίσθη
417 658 451 684 τὰ
467 657 565 687 πάντα,
578 658 612 684 τὰ
625 658 653 683 ἐν
667 659 724 688 τοῖς
738 658 758 673 ¹¹
769 657 903 692 οὐρανοῖς,

115 706 161 732 καὶ
175 705 210 731 τὰ
224 704 271 730 ἐπὶ
293 704 342 738 τῆς
365 704 426 738 γῆς,
452 703 487 729 τὰ
502 703 588 738 ὁρατὰ
605 703 652 729 καὶ
665 703 698 729 τὰ
718 703 832 738 ἀόρατα,
850 704 904 730 εἴτε

118 750 228 785 Ἀρχαὶ,
243 750 298 776 εἴτε
316 748 463 781 Ἐξουσίαι,
476 749 530 775 εἴτε
540 749 716 784 κυριότητες,
732 749 786 775 εἴτε
798 748 903 784 Θρὸνοι,

113 796 204 822 πάντα
216 796 249 822 δι’
263 793 346 821 αὐτοῦ
366 795 413 822 καὶ
437 795 475 827 εἰς
496 793 577 822 αὑτὸν
602 794 735 829 ἔκτισται,
757 795 803 821 καὶ
824 793 904 826 αὐτός

113 842 172 868 ἔστι
189 841 242 876 πρὸ
257 839 375 867 πάντων.
390 849 399 866 ›

140 978 205 1003 Ἀσε
211 976 344 1010 ϐεστάτης
355 972 400 1002 οὖν
409 975 539 1010 φανείσης
548 974 649 1010 τῆς,ὲξ
658 975 712 1002 οὐκ
724 974 829 1006 ὄντων,
838 974 905 1000 ὐπο-

113 1023 228 1055 Θέσεως,
239 1023 346 1056 ἀνάγκη
354 1022 400 1048 τὸν
410 1022 520 1056 Πατέρα
533 1021 576 1047 ἀεὶ
587 1021 608 1037 ³³
620 1018 688 1047 εἶναι
703 1021 904 1055 Πατέρα.¹¹Εστι

112 1068 141 1095 δὲ
160 1068 255 1103 Πατὴρ
268 1068 311 1094 ἀεὶ
330 1060 462 1102 παρόντος
477 1066 524 1093 τοῦ
536 1066 610 1098 Υἱοῦ,
622 1066 654 1092 δι’
665 1066 694 1092 ὃν
705 1066 725 1081 ’⁸
740 1066 904 1102 χρηματίζει

113 1114 286 1149 Πατήρ,¹Δε“ι
297 1113 324 1139 δὲ
339 1112 471 1147 παρόντος
486 1111 560 1146 αὐτῷ
579 1112 626 1138 τοῦ
651 1111 727 1142 Υἱοῦ,
747 1112 789 1138 ἀεί
804 1113 877 1138 ἐστιν
891 1112 905 1138 ὁ

112 1160 211 1195 Πατὴρ
222 1159 333 1190 τέλειος,
347 1158 492 1193 ἀνελλιπὴς
506 1157 647 1192 τυγχάνων
661 1159 689 1183 ὲν
706 1157 744 1192 τῷ
764 1157 838 1192 καλῷ
849 1165 855 1172 ·
874 1157 904 1184 οὺ

112 1205 259 1240 χρονικᾶκ,
272 1204 332 1230 οὐδὲ
344 1205 375 1230 ὲκ
383 1205 575 1239 διαστήματος,
588 1204 648 1230 οὐδὲ
662 1204 691 1235 ἐξ
699 1204 747 1229 οὐκ
755 1204 838 1230 ὄντων
849 1212 905 1238 γεν-

112 1252 200 1285 νήσας
211 1250 256 1277 τὸν
269 1250 400 1285 μονογενῆ
411 1250 484 1277 Υίὸν.
497 1250 530 1276 Τί
539 1250 583 1282 δέ;
594 1250 643 1276 οὐκ
653 1250 757 1276 ἀνόσιον
768 1249 798 1276 τὸ
805 1249 904 1282 λέγειν,

112 1295 180 1321 ποτὲ
189 1295 226 1330 μὴ
234 1293 359 1331 εἶναιτὴν
367 1294 461 1327 σοφίαν
469 1294 516 1320 τοῦ
522 1294 600 1328 Θεοῦ,
607 1294 654 1329 τὴν
661 1294 739 1328 λέγον.)
744 1302 801 1321 σαψ
814 1303 822 1319 ι
835 1293 905 1327 Ἐγὼ

111 1340 189 1375 ήμην
205 1341 270 1375 παρ’
285 1339 358 1374 αὐτῷ
373 1339 540 1375 ἁρμόζουσα·
560 1339 615 1372 ἐγὼ
631 1340 704 1374 ήμην
758 1339 905 1374 προσέχαι-

113 1394 179 1420 ρεν;
198 1395 208 1410 ι
231 1385 247 1421 ἢ
266 1385 315 1420 τὴν
329 1385 442 1420 δύναμιν
455 1384 501 1411 τοῦ
517 1384 583 1411 Θεοῦ
603 1384 639 1419 μὴ
654 1385 873 1420 ὑπάρχεινποτὲ,
888 1385 904 1420 ἢ

111 1431 159 1457 τὸν
172 1430 259 1464 Λόγον
270 1430 352 1457 αὑτοῦ
363 1429 587 1465 ὴκρωτηριάσοαι
599 1430 674 1462 ποτὲ,
685 1429 701 1465 ἢ
713 1431 746 1456 τὰ
756 1430 823 1457 ἄλλα
830 1430 859 1462 ἐξ
869 1429 906 1457 ὧν

111 1478 125 1503 ὁ
138 1476 206 1508 Υἱὸς
221 1476 394 1512 γνωρίζεται,
414 1476 462 1502 καὶ
478 1477 492 1502 ὁ
504 1476 599 1512 Πατὴρ
613 1476 859 1511 χαρακτηρίζεταις
876 1477 905 1503 τὺ

110 1522 169 1558 γὰρ
186 1521 356 1557 ἀπαύγασμα
371 1521 420 1556 τῆς
434 1521 513 1556 δόξης
531 1521 567 1557 μὴ
582 1519 651 1570 εἶναι
664 1521 764 1556 λέγειν,
780 1531 905 1553 συναναι-
919 1542 940 1570 C

112 1569 157 1603 ρεῖ
174 1567 221 1594 καὶ
246 1567 276 1593 τὸ
301 1566 478 1602 πρωτότυπον
498 1566 566 1601 φῶς,
584 1564 614 1594 οῦ
634 1568 707 1593 ἐστιν
724 1567 904 1603 ἀπαύγασμα.

113 1613 146 1640 Εἰ
162 1613 191 1640 δὲ
214 1613 263 1639 καὶ
277 1615 294 1648 ἡ
309 1612 390 1639 εἰκὼν
412 1613 458 1639 τοῦ
484 1612 550 1639 Θεοῦ
569 1612 619 1638 οὐκ
634 1610 667 1647 ἦν
693 1613 745 1645 ἀεὶ,
765 1613 843 1648 δῆλον
865 1615 905 1640 ὅτι

111 1661 176 1688 οὐδὲ
199 1658 229 1687 οὗ
251 1659 325 1687 ἐστὶν
349 1658 430 1685 εἰκὼν
442 1659 464 1674 ¹⁵
484 1658 557 1685 ἐστιν
578 1659 639 1685 ἀεί·
655 1659 723 1699 ἀλλὰ
749 1659 796 1685 καὶ
812 1659 850 1694 τῷ
868 1660 905 1694 μὴ

112 1705 188 1734 εἶναι
200 1707 245 1732 τὸν
261 1706 310 1741 τῆς
328 1704 504 1736 ὑποστάσεως
518 1704 563 1731 τοῦ
577 1705 645 1731 Θεοῦ
661 1706 832 1741 χαρακτῆρα,
849 1715 907 1733 συν-

113 1753 271 1789 αναιρεῖται
295 1752 420 1782 κάκεῖνος
442 1751 457 1776 ὁ
474 1750 582 1782 πάντως
599 1750 662 1786 παρ’
680 1751 761 1778 αὐτοῦ
780 1752 800 1767 ’⁸
820 1761 906 1787 χαρα-

113 1797 324 1833 κτηριζόμενος.
342 1796 386 1829 Ἐξ
398 1793 430 1831 ἧς
445 1796 518 1822 ἐστιν
535 1795 651 1831 ίδεῖντὴν
665 1797 775 1832 υἱότητα
789 1797 835 1823 τοῦ
852 1798 907 1824 Σω-

115 1845 204 1878 τῆρος
217 1842 297 1878 ἡμῶν
315 1842 377 1868 οὐδὲ
393 1841 457 1876 μίαν
477 1841 590 1876 ἔχουσαν
611 1843 753 1868 κοινωνίαν
773 1843 840 1878 πρὸς
859 1843 907 1879 τὴν

114 1888 171 1914 τῶν
186 1886 287 1913 λοιπῶν
306 1886 428 1921 νεότητα.
445 1885 503 1921 114]
519 1886 566 1911 Ὂν
578 1886 675 1920 τρόπον
687 1886 741 1921 γὰρ
758 1887 774 1921 ἡ
788 1887 907 1922 ἄῤῥητος

113 1928 202 1956 αὑτοῦ
211 1930 358 1960 ὑπόστασις
369 1928 526 1964 ἀσυγκρίτῳ
538 1929 657 1965 ὑπεροχῇ
667 1930 773 1965 ἐδείχθη
781 1931 907 1966 ὑπερκει-

116 1975 188 2010 μένη
197 1975 306 2001 πάντων
317 1971 357 2006 οἷς
367 1974 447 2006 αὐτὸς
457 1974 488 2000 τὸ
498 1972 566 2000 εἶναι
575 1974 731 2009 ἐχαρίσατο,
740 1973 824 2007 οὕτως
836 1976 906 2011 καὶὴ

115 2020 215 2054 υῑότης
229 2019 323 2052 αὑτοῦ,
338 2018 408 2045 κατὰ
424 2017 505 2052 φύσιν
519 2018 691 2053 τυγχάνουσα
704 2020 753 2053 τῆς
770 2021 907 2055 πατρικῆς

115 2063 259 2098 θεότητος,
282 2063 388 2098 ἁλέκτῳ
406 2063 526 2098 ὑπεροχῇ
550 2062 673 2098 διαφέρει
697 2064 751 2090 τῶν
769 2064 802 2090 δι’
824 2065 907 2091 αὐτοῦ

116 2108 195 2135 θέσει
212 2108 432 2142 υίοθετηθέντων.
455 2108 485 2134 '0
510 2108 559 2142 μὲν
573 2109 629 2143 γὰρ
642 2108 777 2144 ἀτρέπτου
801 2110 908 2144 φύσεως

117 2153 260 2188 τυγχάνει,
276 2152 376 2184 τέλειος
391 2151 428 2178 ὣν
444 2152 491 2178 καὶ
504 2152 548 2178 διὰ
564 2153 673 2179 πάντων
688 2153 830 2189 ἀνενδεὴς⁸
846 2155 908 2182 αἰδὲ

955 251 1030 272 mare
1045 245 1191 279 aliquando
1207 253 1262 272 non
1277 246 1385 291 fuisse?
1399 248 1515 282 lntelligi
1531 249 1604 275 enim
1620 257 1674 277 non
1692 259 1742 285 po-

955 292 1025 321 test,
1051 293 1148 324 estque
1173 291 1247 317 omn'i
1274 292 1381 318 inscitia
1406 293 1532 327 plenum,
1552 302 1614 321 eum
1639 297 1685 330 qui
1703 298 1742 323 rei

955 336 1110 370 cujuspiam
1129 343 1212 363 causa
1226 343 1252 362 ct
1269 342 1365 364 auctor
1382 337 1482 371 fuerit,
1501 340 1591 373 ipsum
1610 341 1648 367 rei
1667 341 1742 369 illitis

956 380 1137 415 productione
1153 380 1244 408 dicere
1271 382 1460 415 posteriorem.
1482 384 1626 411 Anteee'dit
1648 386 1741 419 cnim,

957 427 1072 453 istorum
1089 427 1224 454 sententia
1237 447 1244 458 ,
1262 428 1309 454 Dei
1331 428 1511 463 sapientiam,
1533 438 1594 463 qutt‘:
1614 431 1741 459 universa

956 472 1075 503 ereavit.
1093 472 1268 499 intervallum
1286 473 1352 499 illud
1364 493 1370 505 ,
1389 474 1415 500 iu
1433 482 1488 508 quo
1502 474 1600 502 Filium
1616 477 1693 502 aiunt
1710 485 1741 504 ex

956 517 1036 545 Patre
1050 518 1171 553 genitum
1192 526 1245 545 non
1267 518 1368 551 fuisse,
1388 525 1415 546 et
1436 521 1566 547 mentitur
1587 522 1741 548 secundum

955 563 1030 598 ipsos
1051 563 1195 598 Scriptura
1210 584 1218 596 ,
1239 572 1299 599 qua:
1320 565 1396 591 illum
1419 565 1631 601 primogenitum
1650 568 1741 595 omnis

957 613 1092 636 creatura:
1111 614 1262 644 nuncupat.
1280 609 1327 637 llis
1338 618 1454 645 namque
1471 617 1655 639 consentanea
1674 612 1745 640 Pau-

955 655 998 682 lus
1012 656 1165 683 clarissima
1179 663 1245 683 voce
1261 656 1391 691 loquitur,
1406 657 1439 684 de
1454 658 1501 684 illo
1516 657 1610 685 dicens
1622 659 1738 692 :IQIICYYI

956 701 1100 728 constituit
1119 701 1254 728 litercdem
1273 703 1484 734 universorum,
1505 711 1552 736 per
1572 711 1653 738 quem
1676 704 1740 731 fecit

956 753 982 774 et
999 747 1101 774 saecula
1121 747 1145 775 ιι.
1163 747 1239 776 »ιδοά
1255 751 1302 774 et:
1321 756 1330 772 ι
1348 747 1374 774 In
1392 748 1450 782 ipso
1471 748 1581 775 condita
1601 753 1665 776 sunt
1681 750 1744 776 uni-

956 798 1036 818 versa
1061 792 1087 818 in
1103 792 1181 818 cmlis
1196 796 1223 818 et
1239 792 1264 818 in
1282 796 1355 819 terra
1367 813 1373 822 .
1396 793 1515 820 visibilia
1530 798 1556 820 et
1578 793 1743 827 invisibilia,

956 838 1014 865 sive
1025 837 1217 871 Pu’ncipatus,
1235 837 1293 864 sive
1309 837 1478 868 Potestates,
1497 839 1554 866 sive
1573 838 1745 867 Dominatio-

921 877 941 903 Β
956 891 1023 915 nes,
1039 884 1096 911 sive
1113 883 1234 917 Throni,
1252 884 1343 910 omnia
1360 892 1408 918 per
1425 885 1513 918 ipsum
1531 885 1645 920 ejusque
1660 894 1745 914 causa

927 940 930 943 -
956 933 1048 956 creata
1063 935 1127 956 sunt
1139 936 1152 962 ,”
1161 933 1187 956 et
1201 930 1260 964 ipse
1275 933 1316 957 est
1334 933 1396 957 ante
1413 931 1505 956 omnia
1526 930 1546 957 ι.
1565 940 1574 956 ›

991 975 1081 1008 Quare
1096 983 1157 1003 eum
1174 984 1188 1002 a
1206 977 1305 1010 pietate
1321 977 1490 1004 alienissima
1514 976 1686 1012 deprehensa
1709 978 1746 1005 sit

955 1022 1016 1054 illa,
1032 1022 1074 1048 Ea:
1088 1031 1138 1048 non
1154 1022 1338 1054 exstantibus,
1362 1024 1499 1057 sumptio.
1519 1024 1675 1050 necessario
1701 1031 1746 1050 se-

956 1068 1062 1102 quitur,
1087 1068 1195 1095 Patrem
1215 1076 1322 1103 semper
1345 1068 1453 1095 Patrem
1470 1068 1567 1096 fuisse.
1588 1069 1668 1095 Pater
1692 1076 1744 1096 au-

931 1129 941 1133 ο
955 1118 1010 1141 tem
1026 1121 1134 1148 semper
1146 1118 1188 1142 est
1203 1119 1336 1148 prresente
1348 1111 1429 1145 Filio,
1443 1115 1524 1150 737
1537 1119 1648 1149 propter
1661 1123 1743 1149 quem

955 1159 1037 1186 Pater
1053 1164 1177 1186 vocatur.
1200 1159 1312 1193 Semper
1331 1164 1421 1186 autem
1441 1164 1578 1194 praesente
1596 1160 1635 1186 illi
1654 1159 1741 1191 Filio,

956 1212 1065 1240 semper
1089 1210 1131 1232 est
1154 1205 1234 1231 Pater
1248 1205 1404 1239 perfectus,
1430 1210 1458 1232 et
1482 1213 1563 1240 quem
1590 1206 1653 1232 boni
1679 1213 1744 1240 pars

956 1251 1030 1278 nulla
1046 1251 1174 1278 deﬁciat:
1192 1251 1238 1285 qui
1254 1259 1306 1277 non
1322 1251 1348 1278 in
1363 1256 1494 1284 tempore,
1509 1259 1596 1285 neque
1607 1259 1639 1278 ex
1653 1252 1739 1277 inter—

955 1296 1036 1329 vallo,
1052 1304 1140 1330 neque
1154 1304 1186 1322 ex
1203 1301 1256 1322 non
1272 1297 1445 1323 exstantibus
1460 1297 1628 1331 unigenitum
1643 1295 1741 1322 Filium

956 1342 1060 1377 genuit.
1070 1341 1121 1374 Qui
1137 1341 1221 1376 igitur
1235 1341 1312 1368 nefas
1327 1349 1380 1368 non
1398 1342 1434 1368 sit
1447 1341 1540 1368 dicere
1552 1361 1558 1373 ,
1573 1341 1737 1376 sapientiam

958 1387 1004 1414 Dei
1023 1391 1145 1422 tempore
1161 1387 1254 1422 aliquo
1280 1395 1334 1414 non
1362 1387 1463 1418 fuisse,
1482 1395 1545 1414 cum
1571 1387 1630 1422 ipsa
1654 1387 1688 1414 de
1713 1395 1743 1415 se

957 1434 1115 1468 pronuntiet
1129 1442 1136 1460 :
1153 1443 1162 1458 t
1180 1433 1235 1468 Ego
1250 1441 1324 1460 eram
1340 1435 1347 1443 ‘
1363 1433 1434 1468 apud
1449 1433 1537 1467 ipsum
1552 1438 1651 1459 cuncta
1665 1440 1740 1459 com-

957 1486 1061 1513 ponens
1078 1488 1084 1506 :
1101 1487 1150 1513 ego
1168 1487 1242 1505 eram
1258 1479 1302 1505 cui
1319 1478 1491 1512 adgaudebat
1508 1483 1526 1493 ἰι
1541 1478 1552 1504 ?
1567 1488 1575 1503 ι
1591 1481 1638 1504 aut
1655 1478 1743 1504 virtu-

957 1527 1011 1550 tem
1041 1523 1088 1555 Dei
1110 1523 1260 1558 aliquando
1285 1532 1340 1550 non
1359 1523 1464 1555 fui55e,
1484 1529 1531 1550 aut
1549 1523 1667 1550 Verbum
1683 1524 1744 1557 ejus

957 1576 1085 1595 moueunt
1103 1568 1189 1596 fuisse
1205 1569 1370 1604 aliquando.
1388 1573 1435 1596 aut
1461 1569 1512 1595 alia
1541 1577 1575 1596 ex
1600 1569 1701 1602 quibus
1717 1572 1745 1595 et

957 1614 1043 1641 Filius
1059 1615 1247 1649 cognoscitur,
1262 1619 1289 1641 et
1304 1614 1386 1641 Pater
1402 1615 1461 1642 suis
1475 1615 1547 1642 notis
1565 1615 1746 1649 designatur?

958 1660 1134 1694 Splendorem
1153 1661 1224 1688 enim
1244 1662 1336 1695 gloria:
1356 1661 1403 1696 qui
1426 1669 1488 1688 esse
1511 1666 1608 1696 neget.
1640 1662 1745 1695 prima-

957 1705 1027 1732 riam
1054 1706 1143 1732 lucem
1162 1714 1215 1733 una
1233 1707 1304 1733 tollit
1317 1727 1325 1738 ,
1345 1707 1426 1740 cujus
1442 1711 1483 1734 est
1502 1707 1642 1742 splendor.
1667 1706 1745 1739 Quod

958 1751 980 1777 si
999 1750 1088 1786 imago
1106 1751 1153 1779 Dei
1173 1759 1281 1786 semper
1300 1761 1354 1780 non
1371 1750 1449 1784 erat,
1466 1760 1517 1780 nec
1535 1753 1558 1780 is
1574 1753 1647 1779 haud
1664 1753 1745 1781 dubie

959 1795 1021 1830 ejus
1037 1801 1078 1823 est
1095 1797 1183 1832 imago
1198 1805 1305 1832 semper
1318 1804 1377 1826 est:
1394 1798 1442 1826 sed
1462 1806 1495 1825 eo
1515 1806 1569 1825 non
1590 1799 1742 1826 exsistente

958 1841 1004 1875 qui
1018 1845 1060 1868 est
1075 1841 1160 1876 ﬁgura
1188 1843 1351 1869 substantia:
1376 1843 1441 1875 Dei,
1459 1843 1568 1870 tollitur
1591 1843 1678 1870 etiam
1701 1843 1746 1871 ille

958 1887 1004 1921 qui
1021 1887 1055 1914 ab
1068 1894 1100 1914 eo
1116 1895 1232 1921 prorsus
1246 1889 1419 1922 exprimitur.
1439 1887 1517 1916 Unde
1536 1890 1694 1923 perspicere
1711 1890 1746 1916 li-

958 1936 1003 1959 cet
1018 1951 1025 1964 ,
1045 1931 1200 1960 Servatoris
1216 1934 1303 1960 nostri
1322 1934 1482 1961 ﬁliationem
1506 1942 1652 1962 commune
1676 1935 1746 1973 nihil

946 1975 1059 2004 ~habere
1072 1985 1135 2004 cum
1151 1978 1266 2005 aliorum
1282 1978 1423 2005 ﬁlialione.
1433 1978 1499 2005 Nam
1512 1979 1745 2013 quemadmodum

959 2017 1180 2058 inexplicabilem
1207 2024 1268 2058 ejus
1298 2024 1507 2052 subsistentiam
1537 2025 1747 2059 incomparabili

959 2066 1124 2093 excellentia
1143 2067 1227 2094 rebus
1243 2069 1370 2096 omnibus
1384 2073 1515 2104 praestare
1528 2073 1668 2097 ostensum
1685 2073 1745 2102 est,

960 2111 1062 2146 quibus
1078 2113 1228 2139 essentiam
1245 2113 1290 2140 ille
1303 2114 1436 2149 impertiit
1451 2126 1457 2142 :
1473 2115 1513 2143 sic
1526 2119 1552 2142 et
1568 2115 1662 2143 ﬁliatio
1675 2115 1745 2150 ejus,

950 2159 1023 2191 'qute
1037 2161 1080 2184 est
1104 2158 1256 2185 secundum
1282 2164 1407 2186 naturam
1429 2165 1550 2195 paternae
1575 2162 1745 2193 divinitatis,

116 2199 153 2234 τῇ
167 2199 207 2230 είς
222 2198 339 2233 ἑκάτερα
353 2198 441 2233 τροπῇ
457 2197 642 2232 ὑποκείμενοι,
657 2198 706 2233 τῆς
721 2199 796 2234 παρὰ
811 2199 904 2226 τούτου

958 2202 1089 2230 ineﬁ'abili
1103 2203 1220 2238 quadam
1237 2206 1396 2239 prmstantia
1412 2207 1552 2233 antecellit
1575 2208 1608 2234 iis
1625 2208 1673 2242 qui
1698 2216 1746 2242 per

118 2243 248 2279 βοηθείας
263 2243 377 2270 δέονται.
392 2242 425 2269 Τί
439 2242 494 2278 γὰρ
506 2242 540 2270 ἃν
552 2243 599 2270 καὶ
611 2243 745 2279 προκόψαι
759 2244 815 2280 ἔχοι
828 2246 844 2281 ἡ
858 2245 906 2272 τοῦ

116 2289 188 2316 Θεοῦ
203 2289 293 2323 σοφία,
304 2288 321 2324 ἦ
334 2288 361 2316 τι
377 2288 539 2324 προσλαϐεῖν
553 2289 769 2325 ἡαύτοαλήθεια,
784 2289 801 2326 ἢ
814 2291 828 2317 ὁ
841 2291 907 2323 Θεὸς

117 2336 221 2369 Myos;
242 2334 300 2366 πῶς
319 2334 352 2361 ἂν
369 2333 425 2370 ἔχοι
454 2334 631 2371 eameam
654 2336 670 2371 ἦ
694 2336 715 2352 ’⁷
728 2338 744 2371 ὴ
760 2337 827 2372 ζωὴν
845 2337 861 2372 ἢ
877 2337 906 2363 τὸ

83 2376 86 2385 ¹
116 2379 248 2415 ἀληθινὸν
269 2379 345 2414 φῶς;
362 2379 394 2405 ΕΙ
416 2379 444 2405 δὲ
465 2379 554 2412 τοῦτο,
577 2380 653 2415 πόσῳ
673 2381 763 2408 πλεῖον
778 2383 906 2417 τυγχάνει

121 2426 257 2461 ἀφύσιχον
270 2424 292 2441 ’⁸
310 2425 414 2460 μωρίας
429 2425 495 2451 ποτὲ
515 2425 639 2461 δεκτικὴν
658 2426 784 2461 γενέσθαι
801 2427 848 2462 τὴν
863 2436 907 2454 σοι

120 2473 197 2507 φίαν,
213 2471 229 2506 ἢ
246 2470 295 2505 τὴν
308 2469 354 2496 τοῦ
373 2469 440 2496 Θεοῦ
458 2470 572 2505 δύναμιν
588 2471 715 2508 ἀσθενείᾳ
733 2473 907 2509 προσπλακῆ-

156 2562 170 2581 ιι
187 2561 270 2591 Hebr.
283 2570 302 2594 ι,
319 2562 345 2589 2.
389 2561 513 2592 lColoss.
529 2571 548 2596 ι,
565 2563 605 2591 16.
643 2568 662 2582 ιη
673 2564 752 2592 Prov.
766 2572 826 2599 vni,
841 2566 885 2594 50.

959 2248 1050 2282 ipsum
1067 2247 1234 2283 adoptantur
1261 2250 1290 2277 in
1307 2250 1388 2278 ﬁlios.
1404 2249 1471 2278 Nam
1493 2251 1552 2286 ipse
1568 2253 1675 2286 quidem
1693 2254 1746 2280 im-

958 2294 1100 2322 mutabilis
1113 2299 1155 2321 est
1170 2299 1275 2322 natura:
1289 2296 1442 2330 perfectus,
1457 2301 1484 2324 et
1498 2298 1602 2326 nullius
1618 2300 1657 2326 rei
1675 2300 1746 2326 indi-

956 2345 1040 2372 gens:
1057 2338 1084 2365 hi
1101 2346 1182 2371 vero,
1197 2346 1259 2366 cum
1289 2341 1316 2368 in
1341 2344 1487 2376 utramque
1508 2347 1614 2377 partem
1640 2345 1743 2370 mutari

956 2384 1081 2418 possint,
1104 2384 1179 2411 illius
1200 2384 1324 2420 indigent
1351 2387 1465 2414 auxilio.
1489 2388 1559 2420 Quid
1576 2389 1648 2416 enim
1666 2389 1748 2425 738

958 2433 1000 2457 est
1018 2429 1046 2457 in
1063 2437 1117 2465 quo
1133 2432 1268 2465 proiicere
1284 2436 1366 2466 queat
1381 2433 1519 2468 sapientia
1536 2433 1601 2467 Dei,
1617 2439 1664 2461 ant
1681 2435 1747 2469 quid

963 2479 1051 2511 potest
1069 2476 1128 2511 ipsa
1145 2476 1245 2504 veritas
1276 2478 1393 2513 amplius
1413 2486 1572 2513 assumere,
1601 2485 1649 2508 aut
1675 2480 1747 2509 Deus

766 2643 884 2671 VARI/ﬁ
900 2643 1104 2673 LECTIONES.

156 2714 177 2756 tt
192 2713 455 2756 pij_npoyevéavapov
468 2712 549 2756 habet
561 2713 684 2756 Steph!
694 2717 720 2742 et
730 2714 849 2756 Casaub.
859 2715 937 2756 liber.
948 2751 956 2756 _
976 2717 997 2732 "
1005 2718 1067 2756 τοῖς
1074 2721 1108 2756 _ct
1123 2718 1196 2756 quod
1213 2718 1336 2756 sequitur
1345 2719 1451 2756 τὰ-ιιηιο
1464 2720 1548 2756 ὁρατὰ
1565 2721 1641 2748 abest
1655 2728 1668 2747 a
1686 2721 1747 2750 Bas.

120 2750 182 2784 Lat.
222 2749 245 2764 "
269 2749 314 2775 ἀεὶ
341 2749 413 2784 male
434 2749 567 2776 omittitur
586 2749 613 2776 in
641 2755 757 2784 utroque
779 2751 861 2779 Basil.

120 2790 148 2811 et
167 2783 230 2811 Lat.
257 2784 377 2818 itemque
405 2783 498 2818 Steph.
524 2784 624 2811 habent
645 2794 650 2811 :
669 2783 789 2811 διόῬίιιί
811 2786 895 2813 uidex
915 2795 920 2811 :

122 2820 144 2859 ξξσ
164 2819 210 2859 ὑπ’
224 2819 308 2846 αὑτοῦ
327 2824 440 2854 uterque
461 2819 632 2847 Basileensis.
672 2820 691 2836 ’⁷
708 2820 757 2854 ἢ...
801 2821 875 2847 aliast
896 2828 909 2847 a
927 2821 1007 2848 Dasil.
1024 2822 1070 2850 Gr.
1085 2827 1109 2850 et
1125 2823 1183 2850 Lat.
1200 2828 1225 2851 et
1241 2825 1334 2859 Steph.

123 2855 218 2888 Steph.

902 2751 923 2766 ”
948 2751 985 2778 ita
1004 2751 1102 2785 Savi|.,
1132 2751 1288 2788 Christoph.
1317 2759 1343 2781 et
1374 2751 1503 2791 Scaliger.
1525 2755 1576 2782 Sed
1603 2756 1684 2783 Basil.
1700 2756 1748 2784 Gr.

915 2795 920 2811 :
941 2786 974 2812 δι’
991 2785 1031 2812 οὗ.
1072 2789 1092 2803 ¹¹⁵
1109 2788 1189 2812 εἰκὼν
1213 2789 1262 2812 τοῦ
1279 2789 1345 2812 Θεοῦ
1366 2790 1435 2812 Rasil
1464 2791 1547 2812 llr,“
1565 2791 1609 2812 [ιιι
1652 2792 1734 2812 Stenh

959 2796 965 2812 ι
991 2796 1031 2814 Ου-

1072 2789 1092 2803 ¹⁵
1109 2788 1189 2814 εἰκὼν
1213 2789 1262 2814 τοῦ
1279 2789 1345 2816 Θεοῦ
1366 2788 1511 2817 Βσςίιῖϐικ
1523 2796 1549 2817 et
1564 2791 1633 2819 l.at..
1652 2792 1746 2819 Steph.

1382 2826 1402 2840 ”
1416 2825 1498 2860 ἀφύσ,
1517 2834 1594 2860 τυγχ.
1612 2827 1669 2854 llas.
1687 2825 1746 2860 (δικ,
