1987 3118
151 163 203 198 illi.

632 164 927 195 ECCLESIASTlCrE
946 165 1136 196 HISTORMS
1160 167 1231 197 LIB.
1249 167 1272 197 Ι.

1733 169 1783 200 9-12

150 220 230 253 Θεοῦ,
248 220 306 255 φῶς
319 221 350 247 ὲκ
368 221 463 255 φωτὸς,
482 220 552 255 ζωὴν
566 221 597 246 ὲκ
617 220 698 255 ζωῆς,
715 220 778 247 Υἱὸν
795 220 937 255 μονογενῆ,

993 221 1147 253 delumine,
1164 222 1245 249 vitam
1257 222 1289 250 de
1301 223 1365 254 vita,
1379 222 1475 248 Filium
1488 222 1668 257 unigenitum,
1683 225 1784 259 primo-

151 266 326 302 πρωτότοκον
350 266 441 299 πάσης
453 265 475 280 ³⁵
505 265 630 297 κτίσεως,
663 265 717 300 πρὸ
746 265 854 292 πάντων
887 265 942 293 τῶν

151 311 258 338 αἰώνων
277 311 310 338 ἐκ
335 311 382 338 τοῦ
399 311 505 347 Πατρὸς
531 311 714 346 γεγενημένον
728 312 750 328 ³⁸
764 320 771 327 ·
786 312 820 338 δι’
843 310 873 339 οὗ
895 313 942 339 καὶ

150 357 260 391 ἐγένετο
275 357 379 384 πάντα·
396 357 442 383 τὸν
456 357 500 383 διὰ
512 357 562 392 τὴν
579 356 716 392 ἡμετέραν
728 358 864 393 σωτηρίαν
875 366 941 392 σαρ-

151 404 285 437 κωθέντα,
300 405 347 431 καὶ
364 405 393 431 ὲν
408 403 563 438 ἀνθρώποις
575 403 813 438 πολιτευσάμενον,
827 405 874 431 καὶ
889 412 942 431 πα-

151 449 243 481 θόντα,
266 449 315 476 καὶ
339 449 492 476 ἀναστάντα
511 450 544 484 τῇ
564 449 644 485 τρίτῃ
663 449 755 485 ἡμέρᾳ
767 457 774 465 ·
799 450 846 476 καὶ¹
864 450 942 476 ἀνελ-

150 496 232 523 θόντα
255 496 323 532 πρὸς
338 496 384 522 τὸν
403 496 527 531 Πατέρα·
553 495 601 522 καὶ
623 495 721 530 ἥξοντα
745 495 826 522 πάλιν
837 496 866 521 ὲν
879 495 943 532 δόξῃ

150 543 244 578 κρῖναι
267 542 372 574 ζῶντας
396 542 442 568 καὶ
459 542 586 577 νεκρούς.
609 541 777 576 Πιστεύομεν
793 541 841 568 καὶ
857 542 897 572 είς
911 541 942 567 ἓν

151 587 263 622 Πνεῦμα
288 588 374 622 ἆγιον.
395 587 503 614 Τούτων
520 588 634 615 ἕκαστον
657 585 787 614 εἶναικαὶ
809 587 942 622 ὑπάρχειν

150 633 334 665 πιστεύοντες,
348 633 457 668 Πατέρα
466 633 600 669 ἀληθινῶς
612 633 730 668 Πατέρα.
740 633 788 660 καὶ
802 632 863 658 Υίδν
876 632 941 667 ἅλη-

148 680 232 711 θινῶς
245 680 320 712 Υίὸν,
333 679 444 715 Πνεῦμα
456 688 486 706 τε
498 680 575 714 ἅγιον
586 679 719 714 ἀληθινῶς
731 679 841 713 Πνεῦμα
853 678 939 712 ἅγιον,

149 726 222 753 καθὰ
236 726 282 753 καὶ
294 727 308 753 ὁ
323 725 424 762 Κύριος
436 725 516 761 ἡμῶν
528 726 700 752 ἀποστέλλων
717 726 756 756 είς
770 724 800 751 τδ
812 725 941 760 κήρυγμα

147 773 213 803 τοὺς
231 771 329 798 ἑαυτοῦ
356 771 490 807 μαθητὰς,
514 769 592 798 εἷπε·
617 780 626 796 ι
654 770 836 807 Πορευθέντες
852 770 940 805 μαθη-

147 817 264 844 τεύσατε
285 816 374 844 πάντα
395 817 429 843 τὰ
442 816 516 851 ἔθνη,
534 816 709 852 βαπτίζοντες
731 815 829 847 αὐτοὺς
844 816 884 846 εἰς
910 814 941 841 τὸ

147 864 235 899 ὄνομα
245 863 292 890 τοῦ
305 862 422 898 Πατρὸς,
437 862 483 889 καὶ
495 862 542 889 τοῦ
554 862 629 895 Υιοῦ,
643 862 690 889 καὶ
703 861 749 888 τοῦ
762 862 840 895 ἁγίου
857 860 940 887 Ilvati-

993 268 1114 303 genitum
1139 268 1230 296 omnis
1260 272 1405 300 creatura-,
1432 272 1495 295 ante
1519 270 1610 295 omnia
1634 271 1733 298 saecula
1749 279 1783 298 ex

993 313 1074 342 Patre
1090 318 1195 344 natum.
1211 322 1259 348 per
1274 321 1354 348 quem
1369 317 1396 341 et
1422 314 1513 340 omnia
1540 314 1611 341 iacta
1628 320 1692 342 sunt
1709 325 1715 343 ς
1735 317 1782 351 qui

994 364 1104 395 propter
1129 365 1251 388 nostram
1272 360 1387 388 salutem
1411 359 1571 388 incarnatus
1590 366 1643 393 est,
1659 367 1686 389 et
1712 363 1783 390 inter

994 405 1118 433 homines
1143 409 1331 437 conversatus,
1348 406 1393 441 qui
1409 414 1507 439 passus
1521 411 1574 437 est.
1586 411 1613 434 et
1634 409 1784 435 resurrexit

993 451 1074 477 tertia
1087 450 1141 482 die,
1153 457 1181 478 et
1199 451 1323 478 asuendit
1338 451 1371 478 ad
1389 451 1509 484 Patrem,
1525 456 1552 480 et
1573 452 1671 480 iterum
1685 458 1782 481 ventu-

993 501 1040 521 rus
1053 498 1095 521 est
1112 495 1139 521 in
1164 495 1262 530 gloria,
1277 495 1403 529 judicare
1415 495 1493 523 vivos
1507 499 1534 524 et
1552 501 1687 524 mortuos.
1717 496 1783 524 Cre-

992 539 1082 567 dimus
1098 541 1179 567 etiam
1208 540 1237 569 in
1259 547 1343 567 unum
1361 539 1494 574 Spiritum
1511 546 1647 568 sanctum.
1679 540 1782 569 llorum

991 592 1216 620 unumquemque
1229 593 1290 613 esse
1309 589 1336 613 ct
1348 586 1480 614 exsistere
1505 586 1660 620 credentes,
1676 587 1782 615 Patrem

992 639 1056 659 vere
1076 631 1197 664 Patrem,
1222 637 1249 659 et
1269 631 1368 659 Filium
1390 640 1452 660 vere
1470 632 1579 664 Filium,
1605 638 1631 660 et
1649 633 1781 669 Spiritum

992 681 1117 704 sanctum
1131 684 1193 704 vere
1208 676 1340 711 Spiritum
1358 683 1494 711 sanctum,
1511 679 1583 704 sicut
1597 682 1624 704 et
1649 677 1780 706 Dominus

992 726 1085 750 noster
1104 722 1256 757 discipulos
1284 731 1350 750 suos
1375 723 1408 750 ad
1425 723 1628 758 [medicandum
1646 723 1757 751 mittens
1774 727 1782 735 '

991 768 1030 795 ait
1044 778 1050 796 :
1070 778 1079 794 ι
1091 768 1139 800 Ite.
1151 770 1248 797 docete
1263 777 1358 797 omnes
1371 774 1477 805 gentes.
1499 770 1672 804 baptizautes
1688 777 1735 798 eos
1755 771 1781 797 in

992 814 1101 842 nomine
1112 814 1211 847 Patris,
1224 819 1249 842 et
1259 815 1332 848 Filii,
1346 819 1374 843 et
1389 815 1509 850 Spiritus
1518 816 1606 843 sancti
1617 815 1703 844 LiDe
1717 817 1780 851 qui—

992 859 1043 887 bus
1057 859 1252 888 conﬁrmamus
1275 869 1326 889 nos
1349 861 1401 888 hoc
1431 861 1522 888 animo
1542 868 1613 891 esse,
1640 866 1722 895 atque
1743 861 1780 888 ita

151 897 247 943 ματος.
269 919 278 935 ι
301 897 371 944 Περῖ
382 905 420 936 ὧν
441 909 489 936 καὶ
511 907 742 943 διαϐεϐαιούμεθα
759 907 845 939 οὕτως
867 907 939 942 ἔχειν

992 905 1104 937 sentire,
1125 906 1244 941 olimque
1262 907 1314 934 hoc
1343 907 1437 934 animo
1452 906 1549 940 fuisse,
1565 911 1590 934 et
1608 907 1634 933 in
1663 907 1713 934 hac
1730 906 1781 933 ιὶιιυ

149 956 197 981 καὶ
218 955 305 987 οὕτως
329 956 450 990 φρονεῖν,
473 955 521 981 καὶ
542 954 626 981 πάλαι
638 954 659 969 ³⁸
679 953 764 985 οὓτως
780 953 938 988 ἐσχηκέναι,

149 1001 196 1027 καὶ
218 1001 300 1035 μέχρι
328 1000 444 1026 Θανάτου
475 1000 544 1035 ὑπὲρ
563 999 666 1034 ταύτης
694 999 869 1026 συνίστασθαι
891 999 940 1034 τῆς

148 1047 278 1078 πίστεως,
287 1047 530 1082 ἀναθεματίζοντες
538 1047 629 1073 πᾶσαν
637 1046 716 1073 ἄθεον
724 1045 839 1080 αἰρεσιν.
848 1045 941 1072 Ταῦτα

147 1093 204 1120 ἀπὸ
214 1093 328 1128 καρδίας
339 1093 385 1120 καὶ
395 1092 485 1128 ψυχῆς
495 1092 708 1128 πεφρονηκέναι,
724 1091 753 1125 ὲξ
762 1089 848 1127 οὗπερ
862 1091 941 1127 ἴσμεν

148 1139 273 1170 ἑαυτοὺς,
297 1139 344 1165 καὶ
358 1138 405 1165 νῦν
425 1140 533 1174 φρονεῖν
547 1147 576 1165 τε
592 1139 639 1165 καὶ
655 1138 743 1172 λέγειν
757 1137 784 1170 ἐξ
799 1137 940 1172 ἀληθείας,

148 1185 197 1212 ὲπὶ
223 1184 270 1211 τοῦ
291 1184 358 1211 Θεοῦ
382 1185 428 1211 τοῦ
453 1185 672 1220 παντοκράτορος
699 1183 746 1210 καὶ
770 1183 816 1209 τοῦ
837 1183 940 1218 Κυρίου

148 1230 228 1266 ἡμῶν
245 1230 332 1265 Ἰησοῦ
347 1230 465 1266 Χριστοῦ
477 1229 703 1266 μαρτυρούμεθα,
717 1228 852 1255 δεικνύναι
867 1228 940 1263 έχον-

147 1286 194 1309 τες
207 1278 255 1304 καὶ
276 1277 309 1303 δι’
333 1277 506 1310 ἀποδείξεως,
523 1276 571 1303 καὶ
586 1276 689 1302 πείθειν
706 1275 777 1310 ὑμᾶς
789 1275 821 1304 ³⁷,
838 1274 879 1300 ὅτι
895 1274 942 1300 καὶ

147 1323 212 1354 τοὺς
227 1323 448 1358 παρεληλυθότας
469 1323 581 1359 χρόνους
599 1322 685 1353 οὕτως
709 1320 888 1355 ἐπιστεύομέν
911 1328 941 1346 τε

148 1370 198 1396 καὶ
212 1369 413 1405 ὲκηρὺσσομεν.

185 1424 295 1461 Ταύτης
312 1424 357 1459 ὑφ’
371 1424 450 1460 ἡμῶν
473 1424 630 1459 ὲκτεθείσης
651 1424 700 1459 τῆς
713 1424 841 1456 πίστεως,
853 1423 942 1455 οὐδεὶς

149 1470 242 1505 παρῆν
265 1470 419 1504 ἀντιλογίας
441 1470 533 1502 τόπος.
565 1469 633 1495 Ἀλλ’
655 1469 736 1501 αὐτός
750 1478 780 1495 τε
796 1469 903 1505 πρῶτος
927 1470 941 1496 ὁ

148 1515 355 1550 θεοφιλέστατος
375 1515 454 1550 ἡμῶν
477 1515 612 1550 βασιλεὺς,
632 1514 688 1551 [58]
709 1514 840 1550 ὀρθότατα
864 1523 941 1549 περι-

148 1560 222 1594 έχειν
241 1559 324 1595 αὐτὴν
344 1559 543 1595 ἐμαρτύρησεν.
564 1558 643 1585 Οὕτω
657 1568 686 1586 τε
701 1559 748 1585 καὶ
767 1559 862 1585 ἑαυτὸν
875 1567 941 1594 φρο-
953 1572 975 1601 c

148 1607 206 1632 νεῖν
223 1605 449 1640 στινωιιολόγησε⁵
475 1605 523 1632 καὶ
537 1605 620 1641 ταύτῃ
635 1606 698 1637 τοὺς
714 1605 816 1636 πάντας
836 1613 938 1640 συγκα-

148 1651 317 1683 τατίθεσθαι,
340 1651 509 1687 ὑπογράφειν
532 1661 562 1678 τε
577 1653 632 1684 τοῖς
655 1652 781 1686 δόγμασι,
798 1651 845 1678 καὶ
869 1660 938 1686 συμ-

148 1700 250 1732 φωνεῖν
262 1698 284 1714 ⁸⁸
309 1697 413 1729 τούτοις
439 1699 530 1729 αὐτοῖς
556 1698 764 1733 παρεκελεύετο,
784 1699 842 1730 ἑνὸς
857 1699 939 1734 μόνου

148 1744 408 1780 προσεγγραφέντος
419 1745 539 1780 ῥήματος
551 1744 602 1770 τοῦ
615 1744 740 1776 ὀμοουσί
743 1753 789 1774 ου,
797 1744 811 1770 ὃ
821 1743 866 1770 καὶ
875 1743 940 1771 αὐτὸ

148 1792 307 1827 ἡρμήνευσε
323 1790 409 1824 λέγων
420 1811 427 1823 ,
447 1790 487 1817 ὅτι
507 1790 544 1825 μὴ
559 1790 629 1816 κατὰ
653 1790 787 1825 σωμάτων
803 1789 877 1825 πάθη
895 1789 939 1816 λέ-

148 1843 226 1869 γοιτο
239 1836 391 1871 ὁμοούσιος,
407 1835 468 1862 οὗτε
483 1835 554 1862 κατὰ
566 1835 709 1870 διαίρεσιν,
724 1835 786 1874 οὕτε
799 1836 868 1863 κατά
879 1845 939 1867 ¹τινα

149 1881 292 1916 ἀποτομὴν
312 1881 344 1907 ἐκ
365 1880 412 1907 τοῦ
435 1881 572 1916 Πατρδς¹⁹
599 1881 763 1916 ὑποστῆναι’
795 1881 862 1917 μηδὲ
886 1881 939 1916 γὰρ

148 1926 280 1953 δύνασθαι
292 1927 340 1961 τὴν
354 1927 444 1957 ἄῡλον,
458 1927 505 1953 καὶ
518 1927 623 1961 νοερὰν,
636 1927 683 1953 καὶ
694 1927 837 1962 ἀσώματον
847 1927 939 1962 φύσιν,

150 1973 308 2008 σωματικόν
320 1982 346 1999 τι
360 1973 444 2004 πάθος
459 1972 632 2006 ὑφίστασθαι·
648 1972 729 2003 θείοις
744 1973 772 1999 δὲ
794 1973 841 1999 καὶ
855 1974 940 2008 ἁπορο

149 2018 246 2053 ρήτοις
262 2018 352 2052 λόγοις
366 2018 501 2053 προσήκει
515 2017 549 2044 τὰ
565 2017 676 2044 τοιαῦτα
693 2018 772 2044 νοεῖν.
788 2018 843 2044 Καὶ
860 2019 875 2044 ὁ
889 2017 938 2053 μὲν

149 2062 306 2097 σοφώτατος
322 2063 399 2098 ἡμῶν
418 2063 465 2089 καὶ
482 2062 672 2093 εὐσεϐέστατος
689 2062 814 2097 βασιλεὺς
830 2062 864 2089 τὰ
881 2070 938 2089 τοι·

148 2109 221 2136 αὖτα
233 2110 422 2144 διεφιλοσόφει.
440 2110 471 2136 Οί
486 2110 514 2136 δὲ
527 2109 662 2144 προφάσει
673 2109 721 2144 τῆς
734 2108 780 2135 τοῦ
796 2108 938 2144 ὀμοουσίου

148 2156 309 2191 προσθήκης
319 2155 397 2190 τήνδε
418 2155 466 2191 τὴν
479 2155 587 2190 γραφὴν
601 2155 791 2190 πεποιήκασιν.

225 2212 257 2238 Ἠ
271 2212 306 2238 ἐν
317 2211 353 2245 τῇ
366 2212 485 2244 συνόδῳ
499 2211 737 2246 ὐπαγορευθεῖσα
755 2212 866 2244 πίστις.

992 949 1025 977 ad
1039 956 1154 979 mortem
1173 959 1262 986 usque
1273 952 1449 987 perstituros,
1468 952 1578 986 impiam
1603 959 1711 979 omnem
1730 951 1781 978 hae-

992 997 1065 1024 resin
1081 997 1255 1026 anathemate
1277 998 1450 1026 damnantes.
1467 997 1505 1025 De
1531 998 1573 1025 his
1596 1005 1645 1025 nos
1674 997 1782 1025 sincere

991 1046 1075 1078 atque
1091 1051 1124 1071 ex
1139 1044 1232 1072 animo
1247 1044 1283 1071 ita
1302 1045 1433 1077 sensisse,
1451 1052 1483 1072 ex
1497 1050 1551 1079 quo
1566 1044 1618 1079 ipsi
1635 1051 1687 1072 nos
1702 1045 1780 1071 novi-

984 1099 1065 1123 mus,
1089 1096 1117 1120 et
1137 1100 1211 1120 nunc
1233 1093 1317 1128 778
1332 1100 1396 1120 vere
1419 1092 1520 1120 sentire
1544 1099 1575 1119 ac
1592 1092 1676 1127 loqui,
1695 1091 1780 1119 Deum

991 1138 1205 1174 omnipotentem
1231 1143 1258 1166 et
1283 1138 1427 1166 Dominum
1445 1142 1568 1166 nostrum
1581 1137 1677 1166 Jesum
1700 1138 1781 1165 Clu-i-

992 1190 1064 1212 stum
1085 1189 1229 1218 testamur,
1263 1189 1395 1220 certaque
1423 1184 1662 1212 demonstratione
1686 1188 1781 1210 osten-

992 1230 1059 1258 dere
1071 1238 1231 1265 possumus,
1247 1235 1274 1258 et
1286 1231 1364 1259 vobis
1377 1231 1555 1266 persuadere,
1569 1238 1620 1258 nos
1634 1230 1780 1266 praeteritis

991 1276 1078 1304 etiam
1103 1277 1273 1311 temporibus
1288 1277 1324 1304 ita
1338 1277 1491 1305 credidisse
1508 1281 1535 1304 et
1549 1276 1724 1312 praedicasse.

1028 1422 1084 1450 llac
1096 1431 1111 1450 a
1128 1423 1207 1451 nobis
1221 1423 1347 1458 exposita
1364 1422 1426 1455 ﬁde,
1451 1423 1543 1452 nullus
1559 1429 1618 1452 erat
1640 1427 1782 1454 contradi-

992 1467 1071 1495 cendi
1100 1469 1188 1494 locus.
1219 1466 1271 1494 Sed
1299 1468 1404 1502 primus
1432 1468 1491 1502 ipse
1516 1467 1570 1496 Deo
1599 1469 1781 1499 charissimns

993 1514 1142 1548 imperator
1172 1513 1328 1541 rectissima
1358 1513 1431 1540 illam
1458 1515 1602 1543 continere
1628 1515 1780 1547 afﬁrmavit.

993 1567 1078 1594 seque
1094 1559 1182 1594 ipsum
1200 1559 1236 1586 ita
1270 1560 1372 1587 sentire
1400 1560 1545 1588 confesws
1561 1566 1613 1594 est,
1630 1566 1657 1589 et
1673 1567 1702 1589 ut
1718 1563 1782 1590 huic

993 1612 1088 1632 omnes
1120 1606 1333 1637 assentirentur,
1363 1605 1535 1641 decretisque
1564 1607 1780 1639 subscriberent.

992 1655 1019 1678 et
1034 1651 1061 1677 in
1076 1650 1119 1678 his
1131 1651 1198 1685 ipsis
1213 1651 1404 1685 conspirarent
1429 1651 1600 1686 hortabatur,
1617 1660 1669 1680 una
1681 1653 1780 1680 duntu-

993 1701 1038 1723 xat
1051 1697 1169 1731 ascripta
1181 1704 1247 1724 voce
1257 1697 1503 1731 consubstantialis,
1514 1706 1596 1734 quam
1611 1699 1698 1734 ipsam
1711 1708 1779 1735 quu-

992 1750 1045 1778 qne
1055 1742 1251 1777 interpretatus
1261 1747 1313 1775 est,
1323 1743 1425 1770 docens
1441 1743 1539 1770 Filium
1555 1746 1779 1772 consubstantia-

993 1788 1044 1814 lem
1060 1795 1114 1814 non
1138 1788 1217 1822 juxta
1243 1796 1391 1824 corporum
1420 1789 1581 1817 aﬂectiones
1596 1790 1661 1824 dici,
1692 1799 1781 1826 neque

992 1841 1040 1867 per
1065 1833 1228 1860 divisionem
1254 1839 1301 1860 aut
1324 1835 1473 1861 sectionem
1497 1834 1616 1869 aliquam
1642 1844 1673 1863 ex
1700 1836 1780 1864 Patre

992 1880 1154 1907 subsistere.
1170 1879 1241 1907 Fieri
1253 1880 1324 1906 enim
1336 1888 1389 1906 non
1405 1887 1494 1914 posse,
1508 1885 1537 1907 ut
1552 1882 1673 1909 materiae
1681 1890 1780 1917 expers

992 1924 1226 1960 intelligibilisqne
1252 1928 1279 1952 et
1305 1924 1467 1959 incorporea
1494 1929 1591 1953 natura
1616 1934 1779 1963 corpoream

992 1970 1163 1997 aﬂ‘ectionem
1187 1970 1269 1997 ullam
1297 1970 1434 2005 recipiat:
1460 1971 1507 1998 sed
1533 1972 1597 1999 talia
1617 1972 1717 2001 divinis
1753 1980 1779 2001 et

991 2017 1098 2043 arcanis
1120 2017 1210 2044 verbis
1238 2017 1344 2051 concipi
1372 2017 1481 2044 debere.
1511 2017 1638 2045 Adhunc
1667 2019 1778 2046 modum

991 2063 1212 2097 sapientissimus
1226 2067 1252 2089 et
1271 2063 1499 2097 religiosissimus
1516 2064 1644 2099 princeps
1658 2065 1778 2099 philoso-

964 2142 977 2154 ⁴
991 2108 1136 2142 phabatur.
1153 2108 1278 2143 Episcopi
1289 2116 1354 2136 vero
1367 2109 1515 2143 adjiciendi
1528 2110 1777 2138 consubstantialis

991 2154 1077 2188 gratia
1093 2154 1150 2182 ha‘c
1168 2155 1272 2189 scripto
1288 2156 1463 2182 mandarunt.

1219 2210 1299 2238 Fides
1313 2212 1339 2238 in
1354 2212 1467 2239 concilio
1479 2212 1561 2239 edita.

185 2268 353 2303 Πιστεύομεν
367 2269 407 2299 είς
424 2268 473 2296 ἕνα
494 2268 570 2299 Θεὸν,
587 2268 696 2304 Πατέρα
716 2269 936 2303 παντοκράτορα,

1026 2266 1169 2294 Credimus
1182 2267 1208 2293 in
1225 2274 1308 2294 nnmn
1325 2267 1420 2297 Deum.
1431 2267 1540 2296 Patrem
1550 2269 1776 2304 omnipotentem,

149 2315 259 2341 πάντων
279 2313 385 2349 ὁρατῶν
405 2323 434 2340 τε
455 2313 503 2341 καὶ
529 2314 652 2350 ἀοράτων
678 2315 791 2350 ποιητήν
803 2322 810 2328 ·
828 2314 875 2340 καὶ
898 2315 937 2345 εἰς

147 2359 196 2386 ἕνα
213 2359 314 2395 Κύριον
334 2359 437 2395 Ἰησοῦν
453 2360 580 2395 Χριστὸν,
593 2359 638 2386 τδν
651 2359 714 2386 Υίὸν
725 2359 771 2385 τοῦ
783 2359 862 2392 Θεοῦ,
874 2368 937 2393 γενυ

147 2405 265 2440 νηθέντα
287 2405 319 2431 ἐκ
344 2405 450 2440 Πατρὸς
461 2405 483 2420 ⁸⁸
513 2405 656 2440 μονογενῆ,
682 2405 822 2432 τουτέστιν
837 2406 868 2432 ὲκ
888 2405 938 2440 τῆς

147 2451 242 2482 οὐσίας
256 2451 303 2477 τοῦ
323 2451 438 2486 Πατρὴς,
456 2451 521 2477 Θεὸν
538 2453 570 2478 ὲκ
583 2450 662 2482 Θεοῦ,
674 2451 694 2466 ⁵¹
710 2451 768 2486 φῶς
788 2451 820 2478 ὲκ
838 2451 937 2486 φωτὸς,

146 2497 215 2524 Θεὸν
244 2488 368 2532 ἀληθινὸν
390 2498 422 2523 ἐκ
450 2496 518 2522 Θεοῦ
539 2496 675 2531 ἀληθινοῦ,
706 2496 880 2531 γεννηθέντα,
906 2497 937 2523 οὐ

147 2542 307 2577 ποιηθέντα,
337 2543 478 2577 ὀμοούσιον
504 2542 543 2578 τῷ
575 2543 670 2578 "arpi,
693 2543 726 2569 δι’
749 2539 779 2569 οὗ
799 2543 833 2569 τὰ
852 2543 940 2570 πάντα

194 2638 208 2658 1
223 2633 320 2660 Matth.
340 2641 435 2666 xxviii,
455 2633 498 2660 l9.

989 2313 1112 2340 omnium
1133 2313 1282 2340 visibilium
1299 2317 1325 2340 et
1339 2313 1521 2348 invisibilium
1540 2314 1688 2349 factorem;
1707 2321 1733 2344 et
1752 2318 1778 2344 in

991 2367 1075 2386 unum
1093 2358 1239 2386 Dominum
1253 2359 1348 2386 Jesum
1365 2360 1516 2393 Christum,
1535 2360 1633 2389 Filium
1651 2362 1696 2390 Dei
1717 2364 1775 2390 uui-

989 2406 1122 2441 genitum,
1139 2410 1231 2432 natum
1248 2405 1281 2432 de
1307 2405 1396 2437 Patre,
1411 2406 1462 2433 hoc
1477 2412 1539 2439 est,
1564 2407 1597 2435 de
1626 2408 1778 2436 substantia

992 2451 1090 2484 Patris,
1103 2450 1185 2478 Deum
1203 2451 1237 2478 de
1253 2451 1317 2484 Deo,
1329 2451 1410 2486 779
1420 2451 1509 2479 lumen
1520 2453 1553 2481 de
1567 2453 1680 2485 lumine,
1694 2454 1776 2481 Deum

992 2505 1084 2523 verum
1109 2496 1142 2523 de
1159 2495 1212 2523 Deo
1228 2504 1302 2529 vero,
1320 2497 1453 2531 genitum.
1482 2505 1535 2524 non
1558 2497 1673 2532 factum,
1695 2499 1776 2526 unius

996 2543 1156 2570 substantia:
1169 2551 1231 2570 cum
1245 2541 1337 2574 Patre,
1354 2550 1402 2576 per
1412 2550 1491 2576 quem
1506 2544 1597 2571 omnia
1615 2543 1685 2572 facta
1697 2549 1772 2576 sunt,

803 2713 920 2740 VARle
942 2712 1142 2740 LECTIONES.

187 2776 271 2808 ⁸*τῆς
287 2776 390 2803 addunt
414 2774 496 2802 Basil.
517 2779 544 2802 et
565 2773 658 2808 Steph.
696 2773 719 2789 ³⁸
734 2772 943 2808 γεγεννημένον.

249 2795 271 2811 Η
285 2795 544 2844 ’
565 2795 812 2844 ἶῗνέιὶμφροῦἔῖὲζ
1156 2795 1522 2844 ἓὲᾆξὲυμφωέιέῒν
1650 2795 1775 2844 βλέπω.

145 2813 228 2839 tiose.
250 2810 254 2811 ν
270 2811 306 2846 ,³⁷
324 2811 420 2846 ἡμᾶςἷΔ
439 2810 522 2846 idem.

147 2847 243 2878 habet,
263 2842 386 2873 Socrl'et
400 2844 511 2879 Niceph.
551 2844 572 2860 "
587 2845 619 2869 ἐκ
635 2842 751 2879 Πατρός.
762 2842 893 2879 ,Πιοηλυε
908 2842 970 2879 Bas.
987 2847 1013 2870 et
1030 2843 1126 2879 Steph.

628 2879 649 2894 δι
665 2877 711 2905 καί
728 2877 829 2905 addunt
844 2877 926 2905 Basil.
941 2878 988 2905 Gr.
1005 2882 1031 2906 et
1045 2877 1102 2905 Lat.
1119 2885 1181 2905 cum
1199 2877 1329 2913 Stephan.

145 2881 262 2916 Niceph.
279 2880 350 2908 Hist.
367 2881 453 2911 Eccl..
469 2879 535 2912 Vill,
548 2880 589 2907 l7.

962 2771 1044 2800 Iidem
1071 2779 1132 2799 cum
1156 2772 1234 2799 Socr.
1260 2772 1372 2800 rectius.
1418 2771 1441 2787 "
1460 2770 1549 2798 πάλιν.
1571 2770 1635 2798 Bas.
1659 2772 1717 2796 Lat.
1737 2771 1777 2795 vi-

1183 2840 1251 2869 ⁵⁰’ὲκ
1266 2842 1313 2869 τοῦ
1331 2840 1446 2877 Πατρός.
1472 2841 1554 2868 Iidem
1571 2848 1634 2868 cum
1650 2840 1726 2867 Socr.
1749 2844 1775 2866 et
