  <div class='ocr_page' id='page_1' title='image "/cluster/home/n/w/nwhite01/storage/ocr_20150623/82/njp.32101077772802/526.png"; bbox 0 0 1987 3118; ppageno 0'>
   <div class='ocr_carea' id='block_1_1' title="bbox 111 179 161 212">
    <p class='ocr_par' dir='ltr' id='par_1_1' title="bbox 111 179 161 212">
     <span class='ocr_line' id='line_1_1' title="bbox 111 179 161 212; baseline -0.04 0"><span class='ocrx_word' id='word_1_1' title='bbox 111 179 161 212; x_wconf 70' lang='grc'>949</span> 
     </span>
    </p>
   </div>
   <div class='ocr_carea' id='block_1_2' title="bbox 406 239 597 267">
    <p class='ocr_par' dir='ltr' id='par_1_2' title="bbox 406 239 597 267">
     <span class='ocr_line' id='line_1_2' title="bbox 406 239 597 267; baseline 0.005 -1"><span class='ocrx_word' id='word_1_2' title='bbox 406 239 531 266; x_wconf 80' lang='grc' dir='ltr'><strong>ΚΕΦΑΛ.</strong></span> <span class='ocrx_word' id='word_1_3' title='bbox 548 239 597 267; x_wconf 83' lang='lat' dir='ltr'><strong>II&quot;.</strong></span> 
     </span>
    </p>
   </div>
   <div class='ocr_carea' id='block_1_3' title="bbox 118 283 885 320">
    <p class='ocr_par' dir='ltr' id='par_1_3' title="bbox 118 283 885 320">
     <span class='ocr_line' id='line_1_3' title="bbox 118 283 885 320; baseline -0.004 -8"><span class='ocrx_word' id='word_1_4' title='bbox 118 284 180 320; x_wconf 82' lang='grc' dir='ltr'>Περι</span> <span class='ocrx_word' id='word_1_5' title='bbox 192 283 243 318; x_wconf 80' lang='grc' dir='ltr'><strong>τῆς</strong></span> <span class='ocrx_word' id='word_1_6' title='bbox 262 284 373 317; x_wconf 81' lang='grc' dir='ltr'><strong>Ἀρείου</strong></span> <span class='ocrx_word' id='word_1_7' title='bbox 392 284 554 318; x_wconf 73' lang='grc' dir='ltr'>τελευτῆς.</span> <span class='ocrx_word' id='word_1_8' title='bbox 574 284 608 312; x_wconf 79' lang='grc' dir='ltr'>ἐκ</span> <span class='ocrx_word' id='word_1_9' title='bbox 630 284 685 320; x_wconf 81' lang='grc' dir='ltr'>τῆς</span> <span class='ocrx_word' id='word_1_10' title='bbox 710 284 885 312; x_wconf 82' lang='grc' dir='ltr'>Ἀθανασίου</span> 
     </span>
    </p>
   </div>
   <div class='ocr_carea' id='block_1_4' title="bbox 413 319 588 354">
    <p class='ocr_par' dir='ltr' id='par_1_4' title="bbox 413 319 588 354">
     <span class='ocr_line' id='line_1_4' title="bbox 413 319 588 354; baseline 0.006 -8"><span class='ocrx_word' id='word_1_11' title='bbox 413 319 588 354; x_wconf 72' lang='grc' dir='ltr'><strong>ἐπιστολῆς.</strong></span> 
     </span>
    </p>
   </div>
   <div class='ocr_carea' id='block_1_5' title="bbox 147 362 884 403">
    <p class='ocr_par' dir='ltr' id='par_1_5' title="bbox 147 362 884 403">
     <span class='ocr_line' id='line_1_5' title="bbox 147 362 884 403; baseline -0.003 -9"><span class='ocrx_word' id='word_1_12' title='bbox 147 367 266 394; x_wconf 73' lang='grc' dir='ltr'>Πλεῖστον</span> <span class='ocrx_word' id='word_1_13' title='bbox 278 362 353 397; x_wconf 71' lang='grc' dir='ltr'>οὗτος</span> <span class='ocrx_word' id='word_1_14' title='bbox 362 368 390 392; x_wconf 80' lang='grc' dir='ltr'><strong>εν</strong></span> <span class='ocrx_word' id='word_1_15' title='bbox 404 366 591 403; x_wconf 80' lang='grc' dir='ltr'><strong>Ἀλεξανδρείᾳ</strong></span> <span class='ocrx_word' id='word_1_16' title='bbox 601 366 742 402; x_wconf 80' lang='grc' dir='ltr'>διατρίψας</span> <span class='ocrx_word' id='word_1_17' title='bbox 752 367 845 402; x_wconf 81' lang='grc' dir='ltr'>χρόνον</span> <span class='ocrx_word' id='word_1_18' title='bbox 852 367 884 399; x_wconf 77' lang='grc'><strong>⁸⁵,</strong></span> 
     </span>
    </p>
   </div>
   <div class='ocr_carea' id='block_1_6' title="bbox 117 412 887 449">
    <p class='ocr_par' dir='ltr' id='par_1_6' title="bbox 117 412 887 449">
     <span class='ocr_line' id='line_1_6' title="bbox 117 412 887 449; baseline 0 -9"><span class='ocrx_word' id='word_1_19' title='bbox 117 412 280 447; x_wconf 72' lang='grc' dir='ltr'><strong>ἐπικωμάσαι</strong></span> <span class='ocrx_word' id='word_1_20' title='bbox 304 412 385 439; x_wconf 81' lang='grc' dir='ltr'>πάλιν</span> <span class='ocrx_word' id='word_1_21' title='bbox 410 414 467 444; x_wconf 85' lang='grc' dir='ltr'>τοῖς</span> <span class='ocrx_word' id='word_1_22' title='bbox 490 413 725 449; x_wconf 75' lang='grc' dir='ltr'>ἐκκλησιαστικαῖς</span> <span class='ocrx_word' id='word_1_23' title='bbox 747 414 887 447; x_wconf 80' lang='grc' dir='ltr'>συλλόγοις</span> 
     </span>
    </p>
   </div>
   <div class='ocr_carea' id='block_1_7' title="bbox 117 457 886 495">
    <p class='ocr_par' dir='ltr' id='par_1_7' title="bbox 117 457 886 495">
     <span class='ocr_line' id='line_1_7' title="bbox 117 457 886 495; baseline 0.001 -10"><span class='ocrx_word' id='word_1_24' title='bbox 117 458 240 489; x_wconf 78' lang='grc' dir='ltr'>ἑὸούλετο,</span> <span class='ocrx_word' id='word_1_25' title='bbox 256 457 420 493; x_wconf 81' lang='grc' dir='ltr'><strong>ἀρνούμενος</strong></span> <span class='ocrx_word' id='word_1_26' title='bbox 441 458 491 493; x_wconf 84' lang='grc' dir='ltr'><strong>τὴν</strong></span> <span class='ocrx_word' id='word_1_27' title='bbox 509 459 648 492; x_wconf 77' lang='grc' dir='ltr'>ἀσέϐειαν,</span> <span class='ocrx_word' id='word_1_28' title='bbox 671 459 718 486; x_wconf 72' lang='grc' dir='ltr'><strong>καὶ</strong></span> <span class='ocrx_word' id='word_1_29' title='bbox 737 459 786 495; x_wconf 82' lang='grc' dir='ltr'>τὴν</span> <span class='ocrx_word' id='word_1_30' title='bbox 810 461 886 486; x_wconf 74' lang='grc' dir='ltr'>ἐκτε-</span> 
     </span>
    </p>
   </div>
   <div class='ocr_carea' id='block_1_8' title="bbox 118 503 888 541">
    <p class='ocr_par' dir='ltr' id='par_1_8' title="bbox 118 503 888 541">
     <span class='ocr_line' id='line_1_8' title="bbox 118 503 888 541; baseline 0.003 -11"><span class='ocrx_word' id='word_1_31' title='bbox 118 506 199 531; x_wconf 71' lang='grc' dir='ltr'>υείςαν</span> <span class='ocrx_word' id='word_1_32' title='bbox 212 503 263 529; x_wconf 83' lang='grc' dir='ltr'><strong>ὑπὸ</strong></span> <span class='ocrx_word' id='word_1_33' title='bbox 287 504 341 530; x_wconf 88' lang='grc' dir='ltr'>τῶν</span> <span class='ocrx_word' id='word_1_34' title='bbox 357 504 486 540; x_wconf 83' lang='grc' dir='ltr'>Πατὲρων</span> <span class='ocrx_word' id='word_1_35' title='bbox 506 505 651 540; x_wconf 85' lang='grc' dir='ltr'><strong>ὁμολογίαν</strong></span> <span class='ocrx_word' id='word_1_36' title='bbox 674 505 888 541; x_wconf 81' lang='grc' dir='ltr'>ὑπισχνούμενος</span> 
     </span>
    </p>
   </div>
   <div class='ocr_carea' id='block_1_9' title="bbox 115 548 889 586">
    <p class='ocr_par' dir='ltr' id='par_1_9' title="bbox 115 548 889 586">
     <span class='ocr_line' id='line_1_9' title="bbox 115 548 889 586; baseline 0.004 -11"><span class='ocrx_word' id='word_1_37' title='bbox 115 549 239 584; x_wconf 70' lang='grc' dir='ltr'>ὖὲχεσθαι.</span> <span class='ocrx_word' id='word_1_38' title='bbox 258 548 303 581; x_wconf 77' lang='grc' dir='ltr'>Ὧς</span> <span class='ocrx_word' id='word_1_39' title='bbox 317 549 344 576; x_wconf 82' lang='grc' dir='ltr'>δὲ</span> <span class='ocrx_word' id='word_1_40' title='bbox 358 549 420 576; x_wconf 71' lang='grc' dir='ltr'>οὔτε</span> <span class='ocrx_word' id='word_1_41' title='bbox 439 550 484 577; x_wconf 83' lang='grc' dir='ltr'>τὸν</span> <span class='ocrx_word' id='word_1_42' title='bbox 498 550 569 577; x_wconf 83' lang='grc' dir='ltr'>θεῖον</span> <span class='ocrx_word' id='word_1_43' title='bbox 582 551 606 567; x_wconf 81' lang='grc'><strong>⁸⁸</strong></span> <span class='ocrx_word' id='word_1_44' title='bbox 630 550 802 586; x_wconf 72' lang='grc' dir='ltr'>Ἀλέξανδρον</span> <span class='ocrx_word' id='word_1_45' title='bbox 816 551 889 578; x_wconf 76' lang='grc' dir='ltr'>ἕπει-</span> 
     </span>
    </p>
   </div>
   <div class='ocr_carea' id='block_1_10' title="bbox 117 596 889 633">
    <p class='ocr_par' dir='ltr' id='par_1_10' title="bbox 117 596 889 633">
     <span class='ocr_line' id='line_1_10' title="bbox 117 596 889 633; baseline 0.001 -10"><span class='ocrx_word' id='word_1_46' title='bbox 117 606 165 627; x_wconf 83' lang='grc' dir='ltr'>σεν,</span> <span class='ocrx_word' id='word_1_47' title='bbox 176 596 235 623; x_wconf 76' lang='grc' dir='ltr'>οὔτε</span> <span class='ocrx_word' id='word_1_48' title='bbox 247 596 299 632; x_wconf 81' lang='grc' dir='ltr'>μὴν</span> <span class='ocrx_word' id='word_1_49' title='bbox 315 596 482 630; x_wconf 80' lang='grc' dir='ltr'>Ἀθανάσιον,</span> <span class='ocrx_word' id='word_1_50' title='bbox 498 597 543 625; x_wconf 81' lang='grc' dir='ltr'>τὸν</span> <span class='ocrx_word' id='word_1_51' title='bbox 552 597 601 633; x_wconf 86' lang='grc' dir='ltr'><strong>τῆς</strong></span> <span class='ocrx_word' id='word_1_52' title='bbox 614 597 718 624; x_wconf 74' lang='grc' dir='ltr'>ἐκείνου</span> <span class='ocrx_word' id='word_1_53' title='bbox 730 598 889 633; x_wconf 83' lang='grc' dir='ltr'>προεδρείας</span> 
     </span>
    </p>
   </div>
   <div class='ocr_carea' id='block_1_11' title="bbox 116 642 889 679">
    <p class='ocr_par' dir='ltr' id='par_1_11' title="bbox 116 642 889 679">
     <span class='ocr_line' id='line_1_11' title="bbox 116 642 889 679; baseline 0.004 -11"><span class='ocrx_word' id='word_1_54' title='bbox 116 643 156 668; x_wconf 65' lang='grc' dir='ltr'>καὶ</span> <span class='ocrx_word' id='word_1_55' title='bbox 167 642 304 674; x_wconf 72' lang='grc' dir='ltr'>εὐσεϐείας</span> <span class='ocrx_word' id='word_1_56' title='bbox 319 642 450 677; x_wconf 85' lang='grc' dir='ltr'><strong>διάδοχον,</strong></span> <span class='ocrx_word' id='word_1_57' title='bbox 467 643 547 670; x_wconf 83' lang='grc' dir='ltr'>πάλιν</span> <span class='ocrx_word' id='word_1_58' title='bbox 567 643 612 670; x_wconf 79' lang='grc' dir='ltr'><strong>διὰ</strong></span> <span class='ocrx_word' id='word_1_59' title='bbox 633 645 682 679; x_wconf 81' lang='grc' dir='ltr'><strong>τῆς</strong></span> <span class='ocrx_word' id='word_1_60' title='bbox 695 644 825 671; x_wconf 75' lang='grc' dir='ltr'>Εὑσεῦίου</span> <span class='ocrx_word' id='word_1_61' title='bbox 842 644 889 671; x_wconf 83' lang='grc' dir='ltr'>τοῦ</span> 
     </span>
    </p>
   </div>
   <div class='ocr_carea' id='block_1_12' title="bbox 116 687 890 725">
    <p class='ocr_par' dir='ltr' id='par_1_12' title="bbox 116 687 890 725">
     <span class='ocr_line' id='line_1_12' title="bbox 116 687 890 725; baseline 0.004 -11"><span class='ocrx_word' id='word_1_62' title='bbox 116 687 282 723; x_wconf 65' lang='grc' dir='ltr'>Ρὲικομηδέως</span> <span class='ocrx_word' id='word_1_63' title='bbox 303 688 420 723; x_wconf 83' lang='grc' dir='ltr'><strong>σπουδῆς</strong></span> <span class='ocrx_word' id='word_1_64' title='bbox 434 709 441 721; x_wconf 85' lang='lat'><strong>,</strong></span> <span class='ocrx_word' id='word_1_65' title='bbox 466 690 507 721; x_wconf 79' lang='grc' dir='ltr'>εἰς</span> <span class='ocrx_word' id='word_1_66' title='bbox 528 689 578 725; x_wconf 84' lang='grc' dir='ltr'><strong>τὴν</strong></span> <span class='ocrx_word' id='word_1_67' title='bbox 603 690 890 717; x_wconf 82' lang='grc' dir='ltr'>Κωνσταντινούπολιν</span> 
     </span>
    </p>
   </div>
   <div class='ocr_carea' id='block_1_13' title="bbox 116 733 889 771">
    <p class='ocr_par' dir='ltr' id='par_1_13' title="bbox 116 733 889 771">
     <span class='ocr_line' id='line_1_13' title="bbox 116 733 889 771; baseline 0.005 -12"><span class='ocrx_word' id='word_1_68' title='bbox 116 734 216 768; x_wconf 73' lang='grc' dir='ltr'>ἔδραμε.</span> <span class='ocrx_word' id='word_1_69' title='bbox 232 733 271 760; x_wconf 83' lang='grc' dir='ltr'><strong>Τὰ</strong></span> <span class='ocrx_word' id='word_1_70' title='bbox 288 734 310 760; x_wconf 83' lang='grc' dir='ltr'>δ’</span> <span class='ocrx_word' id='word_1_71' title='bbox 326 735 371 761; x_wconf 88' lang='grc' dir='ltr'><strong>ὑπ’</strong></span> <span class='ocrx_word' id='word_1_72' title='bbox 386 735 492 762; x_wconf 76' lang='grc' dir='ltr'>ἐκείνου</span> <span class='ocrx_word' id='word_1_73' title='bbox 513 736 678 771; x_wconf 84' lang='grc' dir='ltr'>τυρευθέντα</span> <span class='ocrx_word' id='word_1_74' title='bbox 689 756 696 768; x_wconf 93' lang='grc'><strong>,</strong></span> <span class='ocrx_word' id='word_1_75' title='bbox 712 737 758 763; x_wconf 77' lang='grc' dir='ltr'>καὶ</span> <span class='ocrx_word' id='word_1_76' title='bbox 773 736 825 763; x_wconf 79' lang='grc' dir='ltr'><strong>ὑπὸ</strong></span> <span class='ocrx_word' id='word_1_77' title='bbox 842 737 889 763; x_wconf 87' lang='grc' dir='ltr'>τοῦ</span> 
     </span>
    </p>
   </div>
   <div class='ocr_carea' id='block_1_14' title="bbox 116 778 891 817">
    <p class='ocr_par' dir='ltr' id='par_1_14' title="bbox 116 778 891 817">
     <span class='ocr_line' id='line_1_14' title="bbox 116 778 891 817; baseline 0.005 -12"><span class='ocrx_word' id='word_1_78' title='bbox 116 779 210 806; x_wconf 77' lang='grc' dir='ltr'>δικαίου</span> <span class='ocrx_word' id='word_1_79' title='bbox 227 778 397 814; x_wconf 69' lang='grc' dir='ltr'><strong>ψηφισθέντα</strong></span> <span class='ocrx_word' id='word_1_80' title='bbox 426 780 537 816; x_wconf 81' lang='grc' dir='ltr'><strong>κριτοῦ,</strong></span> <span class='ocrx_word' id='word_1_81' title='bbox 561 781 673 817; x_wconf 80' lang='grc' dir='ltr'>ἄμεινον</span> <span class='ocrx_word' id='word_1_82' title='bbox 693 783 708 808; x_wconf 86' lang='grc' dir='ltr'><strong>ό</strong></span> <span class='ocrx_word' id='word_1_83' title='bbox 724 781 813 809; x_wconf 87' lang='grc' dir='ltr'>πάντα</span> <span class='ocrx_word' id='word_1_84' title='bbox 831 783 891 817; x_wconf 80' lang='grc' dir='ltr'>ἄρι-</span> 
     </span>
    </p>
   </div>
   <div class='ocr_carea' id='block_1_15' title="bbox 117 825 891 864">
    <p class='ocr_par' dir='ltr' id='par_1_15' title="bbox 117 825 891 864">
     <span class='ocr_line' id='line_1_15' title="bbox 117 825 891 864; baseline 0.005 -13"><span class='ocrx_word' id='word_1_85' title='bbox 117 834 171 856; x_wconf 72' lang='grc' dir='ltr'>στος</span> <span class='ocrx_word' id='word_1_86' title='bbox 189 825 347 858; x_wconf 54' lang='lat' dir='ltr'><strong>uenam;</strong></span> <span class='ocrx_word' id='word_1_87' title='bbox 361 827 389 853; x_wconf 83' lang='grc' dir='ltr'>ὲν</span> <span class='ocrx_word' id='word_1_88' title='bbox 407 828 463 858; x_wconf 80' lang='grc' dir='ltr'>τοῖς</span> <span class='ocrx_word' id='word_1_89' title='bbox 482 827 550 862; x_wconf 81' lang='grc' dir='ltr'>πρὸς</span> <span class='ocrx_word' id='word_1_90' title='bbox 572 827 692 855; x_wconf 78' lang='grc' dir='ltr'>Ἀπίωνα</span> <span class='ocrx_word' id='word_1_91' title='bbox 705 828 728 844; x_wconf 80' lang='grc'><strong>⁵⁷</strong></span> <span class='ocrx_word' id='word_1_92' title='bbox 743 827 891 864; x_wconf 83' lang='grc' dir='ltr'>διηγήσατο</span> 
     </span>
    </p>
   </div>
   <div class='ocr_carea' id='block_1_16' title="bbox 117 871 891 908">
    <p class='ocr_par' dir='ltr' id='par_1_16' title="bbox 117 871 891 908">
     <span class='ocr_line' id='line_1_16' title="bbox 117 871 891 908; baseline 0.004 -11"><span class='ocrx_word' id='word_1_93' title='bbox 117 872 285 906; x_wconf 72' lang='grc' dir='ltr'>γράμμασιν·</span> <span class='ocrx_word' id='word_1_94' title='bbox 306 871 361 906; x_wconf 80' lang='grc' dir='ltr'><strong>ἐγὼ</strong></span> <span class='ocrx_word' id='word_1_95' title='bbox 382 872 410 899; x_wconf 81' lang='grc' dir='ltr'>δὲ</span> <span class='ocrx_word' id='word_1_96' title='bbox 433 872 478 899; x_wconf 77' lang='grc' dir='ltr'>καὶ</span> <span class='ocrx_word' id='word_1_97' title='bbox 494 872 572 899; x_wconf 86' lang='grc' dir='ltr'>τοῦτο</span> <span class='ocrx_word' id='word_1_98' title='bbox 587 872 617 899; x_wconf 79' lang='grc' dir='ltr'>τὸ</span> <span class='ocrx_word' id='word_1_99' title='bbox 639 873 722 908; x_wconf 83' lang='grc' dir='ltr'>μέρος</span> <span class='ocrx_word' id='word_1_100' title='bbox 741 873 844 906; x_wconf 79' lang='grc' dir='ltr'>ὲντάξω</span> <span class='ocrx_word' id='word_1_101' title='bbox 857 874 891 908; x_wconf 86' lang='grc' dir='ltr'>τῇ</span> 
     </span>
    </p>
   </div>
   <div class='ocr_carea' id='block_1_17' title="bbox 594 180 1230 213">
    <p class='ocr_par' dir='ltr' id='par_1_17' title="bbox 594 180 1230 213">
     <span class='ocr_line' id='line_1_17' title="bbox 594 180 1230 213; baseline -0.003 0"><span class='ocrx_word' id='word_1_102' title='bbox 594 180 886 213; x_wconf 69' lang='lat' dir='ltr'><strong>ECCLESIASTIC/E</strong></span> <span class='ocrx_word' id='word_1_103' title='bbox 905 181 1094 212; x_wconf 58' lang='lat' dir='ltr'><strong>HISTORIA?</strong></span> <span class='ocrx_word' id='word_1_104' title='bbox 1114 182 1186 211; x_wconf 80' lang='lat' dir='ltr'><strong>LIB.</strong></span> <span class='ocrx_word' id='word_1_105' title='bbox 1206 180 1230 212; x_wconf 90' lang='grc' dir='ltr'><strong>Ι.</strong></span> 
     </span>
    </p>
   </div>
   <div class='ocr_carea' id='block_1_18' title="bbox 1673 182 1726 214">
    <p class='ocr_par' dir='ltr' id='par_1_18' title="bbox 1673 182 1726 214">
     <span class='ocr_line' id='line_1_18' title="bbox 1673 182 1726 214; baseline 0 0"><span class='ocrx_word' id='word_1_106' title='bbox 1673 182 1726 214; x_wconf 82' lang='lat'><strong>950</strong></span> 
     </span>
    </p>
   </div>
   <div class='ocr_carea' id='block_1_19' title="bbox 1092 236 1571 273">
    <p class='ocr_par' dir='ltr' id='par_1_19' title="bbox 1092 236 1571 273">
     <span class='ocr_line' id='line_1_19' title="bbox 1092 236 1571 273; baseline -0.002 -9"><span class='ocrx_word' id='word_1_107' title='bbox 1092 237 1167 265; x_wconf 77' lang='lat' dir='ltr'><strong>CAP.</strong></span> <span class='ocrx_word' id='word_1_108' title='bbox 1186 237 1256 263; x_wconf 81' lang='lat' dir='ltr'><strong>xm.</strong></span> <span class='ocrx_word' id='word_1_109' title='bbox 1273 236 1321 272; x_wconf 73' lang='grc' dir='ltr'><strong>[Β.</strong></span> <span class='ocrx_word' id='word_1_110' title='bbox 1335 236 1376 264; x_wconf 88' lang='lat' dir='ltr'><strong>St.</strong></span> <span class='ocrx_word' id='word_1_111' title='bbox 1392 236 1442 264; x_wconf 75' lang='lat' dir='ltr'><strong>cn.</strong></span> <span class='ocrx_word' id='word_1_112' title='bbox 1456 236 1488 265; x_wconf 94' lang='lat' dir='ltr'><strong>v.</strong></span> <span class='ocrx_word' id='word_1_113' title='bbox 1506 237 1571 273; x_wconf 69' lang='lat' dir='ltr'><strong>tt]</strong></span> 
     </span>
    </p>
   </div>
   <div class='ocr_carea' id='block_1_20' title="bbox 1047 282 1615 316">
    <p class='ocr_par' dir='ltr' id='par_1_20' title="bbox 1047 282 1615 316">
     <span class='ocr_line' id='line_1_20' title="bbox 1047 282 1615 316; baseline -0.009 -6"><span class='ocrx_word' id='word_1_114' title='bbox 1047 283 1086 310; x_wconf 74' lang='lat' dir='ltr'><strong>Da</strong></span> <span class='ocrx_word' id='word_1_115' title='bbox 1101 284 1157 310; x_wconf 85' lang='lat' dir='ltr'><strong>Arii</strong></span> <span class='ocrx_word' id='word_1_116' title='bbox 1172 287 1265 315; x_wconf 85' lang='lat' dir='ltr'><strong>morte,</strong></span> <span class='ocrx_word' id='word_1_117' title='bbox 1282 290 1315 309; x_wconf 75' lang='lat' dir='ltr'><strong>ea;</strong></span> <span class='ocrx_word' id='word_1_118' title='bbox 1329 282 1440 316; x_wconf 73' lang='lat' dir='ltr'><strong>epistola</strong></span> <span class='ocrx_word' id='word_1_119' title='bbox 1460 282 1615 310; x_wconf 64' lang='lat' dir='ltr'><strong>Athanasii.</strong></span> 
     </span>
    </p>
   </div>
   <div class='ocr_carea' id='block_1_21' title="bbox 975 360 1726 394">
    <p class='ocr_par' dir='ltr' id='par_1_21' title="bbox 975 360 1726 394">
     <span class='ocr_line' id='line_1_21' title="bbox 975 360 1726 394; baseline 0.003 -7"><span class='ocrx_word' id='word_1_120' title='bbox 975 360 1148 388; x_wconf 60' lang='lat' dir='ltr'><strong>Alexandria</strong></span> <span class='ocrx_word' id='word_1_121' title='bbox 1165 360 1296 388; x_wconf 89' lang='lat' dir='ltr'><strong>diuturno</strong></span> <span class='ocrx_word' id='word_1_122' title='bbox 1311 360 1355 387; x_wconf 91' lang='lat' dir='ltr'><strong>hic</strong></span> <span class='ocrx_word' id='word_1_123' title='bbox 1382 364 1504 394; x_wconf 85' lang='lat' dir='ltr'><strong>tempore</strong></span> <span class='ocrx_word' id='word_1_124' title='bbox 1528 366 1726 394; x_wconf 86' lang='lat' dir='ltr'><strong>commoratus,</strong></span> 
     </span>
    </p>
   </div>
   <div class='ocr_carea' id='block_1_22' title="bbox 942 407 1727 441">
    <p class='ocr_par' dir='ltr' id='par_1_22' title="bbox 942 407 1727 441">
     <span class='ocr_line' id='line_1_22' title="bbox 942 407 1727 441; baseline 0.003 -7"><span class='ocrx_word' id='word_1_125' title='bbox 942 407 1075 435; x_wconf 89' lang='lat' dir='ltr'><strong>insultare</strong></span> <span class='ocrx_word' id='word_1_126' title='bbox 1088 407 1189 435; x_wconf 91' lang='lat' dir='ltr'><strong>iterum</strong></span> <span class='ocrx_word' id='word_1_127' title='bbox 1203 407 1385 435; x_wconf 86' lang='lat' dir='ltr'><strong>conventibus</strong></span> <span class='ocrx_word' id='word_1_128' title='bbox 1415 407 1611 435; x_wconf 69' lang='lat' dir='ltr'><strong>ecclesiasticis</strong></span> <span class='ocrx_word' id='word_1_129' title='bbox 1632 409 1727 441; x_wconf 84' lang='lat' dir='ltr'><strong>voluit,</strong></span> 
     </span>
    </p>
   </div>
   <div class='ocr_carea' id='block_1_23' title="bbox 942 453 1727 489">
    <p class='ocr_par' dir='ltr' id='par_1_23' title="bbox 942 453 1727 489">
     <span class='ocr_line' id='line_1_23' title="bbox 942 453 1727 489; baseline 0.003 -9"><span class='ocrx_word' id='word_1_130' title='bbox 942 453 1026 489; x_wconf 88' lang='lat' dir='ltr'><strong>impia</strong></span> <span class='ocrx_word' id='word_1_131' title='bbox 1054 454 1180 489; x_wconf 73' lang='lat' dir='ltr'><strong>dogmata</strong></span> <span class='ocrx_word' id='word_1_132' title='bbox 1209 455 1333 489; x_wconf 88' lang='lat' dir='ltr'><strong>ejurans,</strong></span> <span class='ocrx_word' id='word_1_133' title='bbox 1356 454 1539 489; x_wconf 82' lang='lat' dir='ltr'><strong>traditamque</strong></span> <span class='ocrx_word' id='word_1_134' title='bbox 1558 462 1573 482; x_wconf 91' lang='lat' dir='ltr'><strong>a</strong></span> <span class='ocrx_word' id='word_1_135' title='bbox 1601 455 1727 483; x_wconf 80' lang='lat' dir='ltr'><strong>Patribus</strong></span> 
     </span>
    </p>
   </div>
   <div class='ocr_carea' id='block_1_24' title="bbox 944 499 1728 536">
    <p class='ocr_par' dir='ltr' id='par_1_24' title="bbox 944 499 1728 536">
     <span class='ocr_line' id='line_1_24' title="bbox 944 499 1728 536; baseline -0.001 -9"><span class='ocrx_word' id='word_1_136' title='bbox 944 499 1146 528; x_wconf 76' lang='lat' dir='ltr'><strong>confessionem</strong></span> <span class='ocrx_word' id='word_1_137' title='bbox 1167 500 1229 528; x_wconf 89' lang='lat' dir='ltr'><strong>ﬁdei</strong></span> <span class='ocrx_word' id='word_1_138' title='bbox 1246 503 1438 536; x_wconf 86' lang='lat' dir='ltr'><strong>suscepturum</strong></span> <span class='ocrx_word' id='word_1_139' title='bbox 1461 508 1490 527; x_wconf 90' lang='lat' dir='ltr'><strong>se</strong></span> <span class='ocrx_word' id='word_1_140' title='bbox 1504 500 1676 534; x_wconf 76' lang='lat' dir='ltr'><strong>promittens.</strong></span> <span class='ocrx_word' id='word_1_141' title='bbox 1695 501 1728 526; x_wconf 88' lang='lat' dir='ltr'><strong>At</strong></span> 
     </span>
    </p>
   </div>
   <div class='ocr_carea' id='block_1_25' title="bbox 943 544 1728 580">
    <p class='ocr_par' dir='ltr' id='par_1_25' title="bbox 943 544 1728 580">
     <span class='ocr_line' id='line_1_25' title="bbox 943 544 1728 580; baseline -0.001 -9"><span class='ocrx_word' id='word_1_142' title='bbox 943 545 990 572; x_wconf 87' lang='lat' dir='ltr'><strong>ubi</strong></span> <span class='ocrx_word' id='word_1_143' title='bbox 1004 552 1093 579; x_wconf 84' lang='lat' dir='ltr'><strong>neque</strong></span> <span class='ocrx_word' id='word_1_144' title='bbox 1122 545 1203 580; x_wconf 80' lang='lat'><strong>785</strong></span> <span class='ocrx_word' id='word_1_145' title='bbox 1230 545 1324 572; x_wconf 71' lang='lat' dir='ltr'><strong>divino</strong></span> <span class='ocrx_word' id='word_1_146' title='bbox 1355 544 1513 571; x_wconf 80' lang='lat' dir='ltr'><strong>Alexandro</strong></span> <span class='ocrx_word' id='word_1_147' title='bbox 1534 544 1558 571; x_wconf 85' lang='lat' dir='ltr'><strong>id</strong></span> <span class='ocrx_word' id='word_1_148' title='bbox 1581 545 1728 579; x_wconf 68' lang='lat' dir='ltr'><strong>perSuasit,</strong></span> 
     </span>
    </p>
   </div>
   <div class='ocr_carea' id='block_1_26' title="bbox 943 589 1731 625">
    <p class='ocr_par' dir='ltr' id='par_1_26' title="bbox 943 589 1731 625">
     <span class='ocr_line' id='line_1_26' title="bbox 943 589 1731 625; baseline -0.001 -8"><span class='ocrx_word' id='word_1_149' title='bbox 943 598 1032 624; x_wconf 89' lang='lat' dir='ltr'><strong>neque</strong></span> <span class='ocrx_word' id='word_1_150' title='bbox 1049 590 1131 625; x_wconf 85' lang='lat' dir='ltr'><strong>hujus</strong></span> <span class='ocrx_word' id='word_1_151' title='bbox 1145 590 1282 617; x_wconf 69' lang='lat' dir='ltr'><strong>cathedrae</strong></span> <span class='ocrx_word' id='word_1_152' title='bbox 1297 590 1462 625; x_wconf 78' lang='lat' dir='ltr'><strong>pietatisque</strong></span> <span class='ocrx_word' id='word_1_153' title='bbox 1478 589 1631 618; x_wconf 85' lang='lat' dir='ltr'><strong>successori</strong></span> <span class='ocrx_word' id='word_1_154' title='bbox 1648 590 1731 616; x_wconf 85' lang='lat' dir='ltr'><strong>Atha-</strong></span> 
     </span>
    </p>
   </div>
   <div class='ocr_carea' id='block_1_27' title="bbox 944 635 1729 670">
    <p class='ocr_par' dir='ltr' id='par_1_27' title="bbox 944 635 1729 670">
     <span class='ocr_line' id='line_1_27' title="bbox 944 635 1729 670; baseline -0.001 -8"><span class='ocrx_word' id='word_1_155' title='bbox 944 636 1033 668; x_wconf 80' lang='lat' dir='ltr'><strong>nasio,</strong></span> <span class='ocrx_word' id='word_1_156' title='bbox 1057 635 1167 663; x_wconf 87' lang='lat' dir='ltr'><strong>Eusebii</strong></span> <span class='ocrx_word' id='word_1_157' title='bbox 1197 643 1295 663; x_wconf 81' lang='lat' dir='ltr'><strong>rursus</strong></span> <span class='ocrx_word' id='word_1_158' title='bbox 1322 635 1540 663; x_wconf 85' lang='lat' dir='ltr'><strong>Nicomediensis</strong></span> <span class='ocrx_word' id='word_1_159' title='bbox 1558 643 1639 670; x_wconf 82' lang='lat' dir='ltr'><strong>opera</strong></span> <span class='ocrx_word' id='word_1_160' title='bbox 1657 635 1729 662; x_wconf 82' lang='lat' dir='ltr'><strong>Con-</strong></span> 
     </span>
    </p>
   </div>
   <div class='ocr_carea' id='block_1_28' title="bbox 944 681 1730 716">
    <p class='ocr_par' dir='ltr' id='par_1_28' title="bbox 944 681 1730 716">
     <span class='ocr_line' id='line_1_28' title="bbox 944 681 1730 716; baseline -0.003 -7"><span class='ocrx_word' id='word_1_161' title='bbox 944 682 1150 716; x_wconf 87' lang='lat' dir='ltr'><strong>stautinopolim</strong></span> <span class='ocrx_word' id='word_1_162' title='bbox 1159 681 1310 709; x_wconf 85' lang='lat' dir='ltr'><strong>contendit.</strong></span> <span class='ocrx_word' id='word_1_163' title='bbox 1322 682 1388 714; x_wconf 68' lang='lat' dir='ltr'><strong>Quae</strong></span> <span class='ocrx_word' id='word_1_164' title='bbox 1401 686 1492 708; x_wconf 88' lang='lat' dir='ltr'><strong>autem</strong></span> <span class='ocrx_word' id='word_1_165' title='bbox 1505 681 1541 709; x_wconf 88' lang='lat' dir='ltr'><strong>ibi</strong></span> <span class='ocrx_word' id='word_1_166' title='bbox 1556 681 1668 708; x_wconf 91' lang='lat' dir='ltr'><strong>molitus</strong></span> <span class='ocrx_word' id='word_1_167' title='bbox 1684 681 1730 714; x_wconf 85' lang='lat' dir='ltr'><strong>sit,</strong></span> 
     </span>
    </p>
   </div>
   <div class='ocr_carea' id='block_1_29' title="bbox 944 727 1731 764">
    <p class='ocr_par' dir='ltr' id='par_1_29' title="bbox 944 727 1731 764">
     <span class='ocr_line' id='line_1_29' title="bbox 944 727 1731 764; baseline -0.004 -8"><span class='ocrx_word' id='word_1_168' title='bbox 944 733 971 756; x_wconf 88' lang='lat' dir='ltr'><strong>et</strong></span> <span class='ocrx_word' id='word_1_169' title='bbox 991 735 1072 764; x_wconf 89' lang='lat' dir='ltr'><strong>quam</strong></span> <span class='ocrx_word' id='word_1_170' title='bbox 1091 727 1319 762; x_wconf 83' lang='lat' dir='ltr'><strong>abjustojudice</strong></span> <span class='ocrx_word' id='word_1_171' title='bbox 1340 728 1504 755; x_wconf 86' lang='lat' dir='ltr'><strong>sententiam</strong></span> <span class='ocrx_word' id='word_1_172' title='bbox 1524 727 1673 762; x_wconf 75' lang='lat' dir='ltr'><strong>exceperit,</strong></span> <span class='ocrx_word' id='word_1_173' title='bbox 1689 727 1731 754; x_wconf 89' lang='lat' dir='ltr'><strong>di-</strong></span> 
     </span>
    </p>
   </div>
   <div class='ocr_carea' id='block_1_30' title="bbox 945 772 1733 809">
    <p class='ocr_par' dir='ltr' id='par_1_30' title="bbox 945 772 1733 809">
     <span class='ocr_line' id='line_1_30' title="bbox 945 772 1733 809; baseline -0.004 -7"><span class='ocrx_word' id='word_1_174' title='bbox 945 774 1044 802; x_wconf 88' lang='lat' dir='ltr'><strong>sertius</strong></span> <span class='ocrx_word' id='word_1_175' title='bbox 1058 773 1302 809; x_wconf 68' lang='lat' dir='ltr'><strong>praestantissimus</strong></span> <span class='ocrx_word' id='word_1_176' title='bbox 1314 773 1482 801; x_wconf 82' lang='lat' dir='ltr'><strong>Athanasius</strong></span> <span class='ocrx_word' id='word_1_177' title='bbox 1493 774 1519 800; x_wconf 92' lang='lat' dir='ltr'><strong>iu</strong></span> <span class='ocrx_word' id='word_1_178' title='bbox 1532 773 1589 800; x_wconf 83' lang='lat' dir='ltr'><strong>suis</strong></span> <span class='ocrx_word' id='word_1_179' title='bbox 1606 773 1640 800; x_wconf 87' lang='lat' dir='ltr'><strong>ad</strong></span> <span class='ocrx_word' id='word_1_180' title='bbox 1652 772 1733 807; x_wconf 81' lang='lat' dir='ltr'><strong>Apio-</strong></span> 
     </span>
    </p>
   </div>
   <div class='ocr_carea' id='block_1_31' title="bbox 946 818 1731 855">
    <p class='ocr_par' dir='ltr' id='par_1_31' title="bbox 946 818 1731 855">
     <span class='ocr_line' id='line_1_31' title="bbox 946 818 1731 855; baseline -0.005 -7"><span class='ocrx_word' id='word_1_181' title='bbox 946 828 1007 848; x_wconf 91' lang='lat' dir='ltr'><strong>nem</strong></span> <span class='ocrx_word' id='word_1_182' title='bbox 1018 821 1115 848; x_wconf 79' lang='lat' dir='ltr'><strong>litteris</strong></span> <span class='ocrx_word' id='word_1_183' title='bbox 1125 821 1248 855; x_wconf 85' lang='lat' dir='ltr'><strong>exposuit</strong></span> <span class='ocrx_word' id='word_1_184' title='bbox 1262 829 1268 847; x_wconf 93' lang='lat'>:</span> <span class='ocrx_word' id='word_1_185' title='bbox 1281 827 1396 855; x_wconf 88' lang='lat' dir='ltr'><strong>quarum</strong></span> <span class='ocrx_word' id='word_1_186' title='bbox 1408 823 1513 855; x_wconf 83' lang='lat' dir='ltr'><strong>partem</strong></span> <span class='ocrx_word' id='word_1_187' title='bbox 1526 819 1597 846; x_wconf 84' lang='lat' dir='ltr'><strong>illam</strong></span> <span class='ocrx_word' id='word_1_188' title='bbox 1608 818 1659 845; x_wconf 92' lang='lat' dir='ltr'><strong>hoc</strong></span> <span class='ocrx_word' id='word_1_189' title='bbox 1671 818 1731 845; x_wconf 83' lang='lat' dir='ltr'><strong>loco</strong></span> 
     </span>
    </p>
   </div>
   <div class='ocr_carea' id='block_1_32' title="bbox 946 865 1734 902">
    <p class='ocr_par' dir='ltr' id='par_1_32' title="bbox 946 865 1734 902">
     <span class='ocr_line' id='line_1_32' title="bbox 946 865 1734 902; baseline -0.005 -8"><span class='ocrx_word' id='word_1_190' title='bbox 946 867 1076 894; x_wconf 88' lang='lat' dir='ltr'><strong>intexam.</strong></span> <span class='ocrx_word' id='word_1_191' title='bbox 1093 866 1149 902; x_wconf 75' lang='lat' dir='ltr'><strong>Ego</strong></span> <span class='ocrx_word' id='word_1_192' title='bbox 1164 866 1286 902; x_wconf 81' lang='lat' dir='ltr'><strong>quidem,</strong></span> <span class='ocrx_word' id='word_1_193' title='bbox 1302 866 1401 901; x_wconf 83' lang='lat' dir='ltr'><strong>inquit,</strong></span> <span class='ocrx_word' id='word_1_194' title='bbox 1418 865 1656 900; x_wconf 87' lang='lat' dir='ltr'><strong>Constantinopoli</strong></span> <span class='ocrx_word' id='word_1_195' title='bbox 1677 871 1734 891; x_wconf 76' lang='lat' dir='ltr'><strong>non</strong></span> 
     </span>
    </p>
   </div>
   <div class='ocr_carea' id='block_1_33' title="bbox 117 909 894 954">
    <p class='ocr_par' dir='ltr' id='par_1_33' title="bbox 117 917 892 954">
     <span class='ocr_line' id='line_1_33' title="bbox 117 917 892 954; baseline 0.004 -11"><span class='ocrx_word' id='word_1_196' title='bbox 117 918 260 952; x_wconf 76' lang='grc' dir='ltr'>συγγραφῇ.</span> <span class='ocrx_word' id='word_1_197' title='bbox 288 917 359 952; x_wconf 84' lang='grc' dir='ltr'><strong>Ἐγὼ</strong></span> <span class='ocrx_word' id='word_1_198' title='bbox 374 918 423 952; x_wconf 76' lang='grc' dir='ltr'>μὲν</span> <span class='ocrx_word' id='word_1_199' title='bbox 444 919 474 945; x_wconf 83' lang='grc' dir='ltr'>οὐ</span> <span class='ocrx_word' id='word_1_200' title='bbox 491 919 625 954; x_wconf 85' lang='grc' dir='ltr'>παρήμην</span> <span class='ocrx_word' id='word_1_201' title='bbox 650 919 677 945; x_wconf 81' lang='grc' dir='ltr'>ὲν</span> <span class='ocrx_word' id='word_1_202' title='bbox 693 920 726 954; x_wconf 86' lang='grc' dir='ltr'><strong>τῇ</strong></span> <span class='ocrx_word' id='word_1_203' title='bbox 745 920 892 946; x_wconf 71' lang='grc' dir='ltr'>Κωνστανο</span> 
     </span>
    </p>
   </div>
   <div class='ocr_carea' id='block_1_34' title="bbox 948 909 1734 954">
    <p class='ocr_par' dir='ltr' id='par_1_34' title="bbox 948 909 1734 948">
     <span class='ocr_line' id='line_1_34' title="bbox 948 909 1734 948; baseline -0.005 -8"><span class='ocrx_word' id='word_1_204' title='bbox 948 921 1029 946; x_wconf 74' lang='lat' dir='ltr'><strong>erant,</strong></span> <span class='ocrx_word' id='word_1_205' title='bbox 1039 913 1150 948; x_wconf 88' lang='lat' dir='ltr'><strong>quando</strong></span> <span class='ocrx_word' id='word_1_206' title='bbox 1160 913 1205 939; x_wconf 90' lang='lat' dir='ltr'><strong>ille</strong></span> <span class='ocrx_word' id='word_1_207' title='bbox 1216 916 1340 939; x_wconf 87' lang='lat' dir='ltr'><strong>mortuus</strong></span> <span class='ocrx_word' id='word_1_208' title='bbox 1349 915 1391 939; x_wconf 88' lang='lat' dir='ltr'><strong>est</strong></span> <span class='ocrx_word' id='word_1_209' title='bbox 1400 919 1406 936; x_wconf 91' lang='lat'>:</span> <span class='ocrx_word' id='word_1_210' title='bbox 1417 911 1463 939; x_wconf 88' lang='lat' dir='ltr'><strong>sed</strong></span> <span class='ocrx_word' id='word_1_211' title='bbox 1472 910 1607 938; x_wconf 79' lang='lat' dir='ltr'><strong>Macarius</strong></span> <span class='ocrx_word' id='word_1_212' title='bbox 1622 909 1734 944; x_wconf 81' lang='lat' dir='ltr'><strong>presby-</strong></span> 
     </span>
    </p>
   </div>
   <div class='ocr_carea' id='block_1_35' title="bbox 117 962 892 1000">
    <p class='ocr_par' dir='ltr' id='par_1_35' title="bbox 117 962 892 1000">
     <span class='ocr_line' id='line_1_35' title="bbox 117 962 892 1000; baseline 0.004 -12"><span class='ocrx_word' id='word_1_213' title='bbox 117 962 268 994; x_wconf 70' lang='grc' dir='ltr'>τινουπόλει,</span> <span class='ocrx_word' id='word_1_214' title='bbox 287 962 331 989; x_wconf 82' lang='grc' dir='ltr'><strong>ὅτε</strong></span> <span class='ocrx_word' id='word_1_215' title='bbox 353 962 545 998; x_wconf 79' lang='grc' dir='ltr'><strong>τετελεύτηκεν</strong></span> <span class='ocrx_word' id='word_1_216' title='bbox 561 964 664 995; x_wconf 75' lang='grc' dir='ltr'>ἐκεῖνος</span> <span class='ocrx_word' id='word_1_217' title='bbox 683 971 689 978; x_wconf 94' lang='grc'><strong>·</strong></span> <span class='ocrx_word' id='word_1_218' title='bbox 705 963 849 1000; x_wconf 81' lang='grc' dir='ltr'>Μακάριος</span> <span class='ocrx_word' id='word_1_219' title='bbox 863 963 892 991; x_wconf 78' lang='grc' dir='ltr'>δὲ</span> 
     </span>
    </p>
   </div>
   <div class='ocr_carea' id='block_1_36' title="bbox 116 1006 891 1045">
    <p class='ocr_par' dir='ltr' id='par_1_36' title="bbox 116 1006 891 1045">
     <span class='ocr_line' id='line_1_36' title="bbox 116 1006 891 1045; baseline 0.005 -13"><span class='ocrx_word' id='word_1_220' title='bbox 116 1006 322 1041; x_wconf 72' lang='grc' dir='ltr'>όπρεσϐὑτερος</span> <span class='ocrx_word' id='word_1_221' title='bbox 344 1008 452 1043; x_wconf 80' lang='grc' dir='ltr'>παρῆν,</span> <span class='ocrx_word' id='word_1_222' title='bbox 478 1008 604 1035; x_wconf 85' lang='grc' dir='ltr'>κάκείνου</span> <span class='ocrx_word' id='word_1_223' title='bbox 629 1009 756 1043; x_wconf 85' lang='grc' dir='ltr'>λέγοντος</span> <span class='ocrx_word' id='word_1_224' title='bbox 775 1009 891 1045; x_wconf 76' lang='grc' dir='ltr'>ηκουσα.</span> 
     </span>
    </p>
   </div>
   <div class='ocr_carea' id='block_1_37' title="bbox 121 1051 893 1090">
    <p class='ocr_par' dir='ltr' id='par_1_37' title="bbox 121 1051 893 1090">
     <span class='ocr_line' id='line_1_37' title="bbox 121 1051 893 1090; baseline 0.005 -12"><span class='ocrx_word' id='word_1_225' title='bbox 121 1051 258 1087; x_wconf 83' lang='grc' dir='ltr'>Ἐκέκλητο</span> <span class='ocrx_word' id='word_1_226' title='bbox 276 1053 326 1087; x_wconf 81' lang='grc' dir='ltr'>μὲν</span> <span class='ocrx_word' id='word_1_227' title='bbox 348 1053 423 1088; x_wconf 76' lang='grc' dir='ltr'>παρὰ</span> <span class='ocrx_word' id='word_1_228' title='bbox 439 1053 646 1080; x_wconf 84' lang='grc' dir='ltr'>Κωνσταντίνου</span> <span class='ocrx_word' id='word_1_229' title='bbox 667 1054 743 1081; x_wconf 68' lang='grc' dir='ltr'>τοῦδε</span> <span class='ocrx_word' id='word_1_230' title='bbox 760 1054 893 1090; x_wconf 77' lang='grc' dir='ltr'>βασιλέως</span> 
     </span>
    </p>
   </div>
   <div class='ocr_carea' id='block_1_38' title="bbox 118 1099 894 1135">
    <p class='ocr_par' dir='ltr' id='par_1_38' title="bbox 118 1099 894 1135">
     <span class='ocr_line' id='line_1_38' title="bbox 118 1099 894 1135; baseline 0.005 -11"><span class='ocrx_word' id='word_1_231' title='bbox 118 1099 215 1134; x_wconf 79' lang='grc' dir='ltr'>Ἄρειος</span> <span class='ocrx_word' id='word_1_232' title='bbox 228 1099 260 1125; x_wconf 82' lang='grc' dir='ltr'>ὲκ</span> <span class='ocrx_word' id='word_1_233' title='bbox 283 1099 401 1135; x_wconf 83' lang='grc' dir='ltr'><strong>σπουδῆς</strong></span> <span class='ocrx_word' id='word_1_234' title='bbox 421 1099 476 1126; x_wconf 83' lang='grc' dir='ltr'>τῶν</span> <span class='ocrx_word' id='word_1_235' title='bbox 495 1100 559 1135; x_wconf 78' lang='grc' dir='ltr'>περὶ</span> <span class='ocrx_word' id='word_1_236' title='bbox 574 1099 714 1127; x_wconf 78' lang='grc' dir='ltr'>Εὑσέόιον.</span> <span class='ocrx_word' id='word_1_237' title='bbox 730 1100 894 1128; x_wconf 74' lang='grc' dir='ltr'>Εἰσελθόντα</span> 
     </span>
    </p>
   </div>
   <div class='ocr_carea' id='block_1_39' title="bbox 115 1145 894 1182">
    <p class='ocr_par' dir='ltr' id='par_1_39' title="bbox 115 1145 894 1182">
     <span class='ocr_line' id='line_1_39' title="bbox 115 1145 894 1182; baseline 0.003 -11"><span class='ocrx_word' id='word_1_238' title='bbox 115 1145 139 1171; x_wconf 75' lang='grc' dir='ltr'>δὲ</span> <span class='ocrx_word' id='word_1_239' title='bbox 150 1145 170 1161; x_wconf 77' lang='grc'><strong>⁸³</strong></span> <span class='ocrx_word' id='word_1_240' title='bbox 183 1145 226 1171; x_wconf 74' lang='grc' dir='ltr'><strong>τὸν</strong></span> <span class='ocrx_word' id='word_1_241' title='bbox 243 1145 354 1181; x_wconf 80' lang='grc' dir='ltr'>Ἀρειον</span> <span class='ocrx_word' id='word_1_242' title='bbox 369 1145 511 1181; x_wconf 83' lang='grc' dir='ltr'>ἀνέκρινεν</span> <span class='ocrx_word' id='word_1_243' title='bbox 525 1146 539 1172; x_wconf 85' lang='grc' dir='ltr'><strong>ό</strong></span> <span class='ocrx_word' id='word_1_244' title='bbox 554 1145 690 1181; x_wconf 83' lang='grc' dir='ltr'>βασιλεὺς,</span> <span class='ocrx_word' id='word_1_245' title='bbox 704 1147 729 1173; x_wconf 90' lang='grc' dir='ltr'><strong>εί</strong></span> <span class='ocrx_word' id='word_1_246' title='bbox 742 1147 791 1182; x_wconf 86' lang='grc' dir='ltr'>τὴν</span> <span class='ocrx_word' id='word_1_247' title='bbox 803 1147 894 1173; x_wconf 85' lang='grc' dir='ltr'>πίστιν</span> 
     </span>
    </p>
   </div>
   <div class='ocr_carea' id='block_1_40' title="bbox 115 1190 894 1228">
    <p class='ocr_par' dir='ltr' id='par_1_40' title="bbox 115 1190 894 1228">
     <span class='ocr_line' id='line_1_40' title="bbox 115 1190 894 1228; baseline 0.005 -12"><span class='ocrx_word' id='word_1_248' title='bbox 115 1191 158 1226; x_wconf 73' lang='grc' dir='ltr'><strong>τῆς</strong></span> <span class='ocrx_word' id='word_1_249' title='bbox 173 1190 321 1226; x_wconf 83' lang='grc' dir='ltr'>καθολικῆς</span> <span class='ocrx_word' id='word_1_250' title='bbox 343 1191 506 1226; x_wconf 82' lang='grc' dir='ltr'>Ἐκκλησίας</span> <span class='ocrx_word' id='word_1_251' title='bbox 520 1191 586 1227; x_wconf 74' lang='grc' dir='ltr'>ἔχοι.</span> <span class='ocrx_word' id='word_1_252' title='bbox 600 1192 686 1224; x_wconf 79' lang='grc' dir='ltr'>Αὐτός</span> <span class='ocrx_word' id='word_1_253' title='bbox 700 1201 730 1220; x_wconf 87' lang='grc' dir='ltr'><strong>τε</strong></span> <span class='ocrx_word' id='word_1_254' title='bbox 743 1191 789 1220; x_wconf 80' lang='grc' dir='ltr'>οὖν</span> <span class='ocrx_word' id='word_1_255' title='bbox 802 1193 894 1228; x_wconf 81' lang='grc' dir='ltr'>ὤμοσε</span> 
     </span>
    </p>
   </div>
   <div class='ocr_carea' id='block_1_41' title="bbox 116 1235 892 1272">
    <p class='ocr_par' dir='ltr' id='par_1_41' title="bbox 116 1235 892 1272">
     <span class='ocr_line' id='line_1_41' title="bbox 116 1235 892 1272; baseline 0.005 -10"><span class='ocrx_word' id='word_1_256' title='bbox 116 1235 244 1263; x_wconf 78' lang='grc' dir='ltr'>πιστεύειν</span> <span class='ocrx_word' id='word_1_257' title='bbox 259 1236 361 1272; x_wconf 75' lang='grc' dir='ltr'>ὀρθῶς,</span> <span class='ocrx_word' id='word_1_258' title='bbox 377 1237 424 1263; x_wconf 81' lang='grc' dir='ltr'>καὶ</span> <span class='ocrx_word' id='word_1_259' title='bbox 439 1237 576 1272; x_wconf 74' lang='grc' dir='ltr'>ἔγγραφον</span> <span class='ocrx_word' id='word_1_260' title='bbox 590 1238 736 1270; x_wconf 76' lang='grc' dir='ltr'>ἐπιδέδωκε</span> <span class='ocrx_word' id='word_1_261' title='bbox 756 1239 873 1271; x_wconf 84' lang='grc' dir='ltr'>πίστεως</span> <span class='ocrx_word' id='word_1_262' title='bbox 885 1247 892 1255; x_wconf 74' lang='grc' dir='ltr'><strong>ο</strong></span> 
     </span>
    </p>
   </div>
   <div class='ocr_carea' id='block_1_42' title="bbox 116 1281 895 1319">
    <p class='ocr_par' dir='ltr' id='par_1_42' title="bbox 116 1281 895 1319">
     <span class='ocr_line' id='line_1_42' title="bbox 116 1281 895 1319; baseline 0.005 -11"><span class='ocrx_word' id='word_1_263' title='bbox 116 1282 213 1317; x_wconf 78' lang='grc' dir='ltr'>κρύψας</span> <span class='ocrx_word' id='word_1_264' title='bbox 228 1282 281 1317; x_wconf 76' lang='grc' dir='ltr'><strong>μὲῡ</strong></span> <span class='ocrx_word' id='word_1_265' title='bbox 302 1284 344 1318; x_wconf 76' lang='grc' dir='ltr'><strong>ἐφ’</strong></span> <span class='ocrx_word' id='word_1_266' title='bbox 363 1281 403 1315; x_wconf 78' lang='grc' dir='ltr'><strong>οἷς</strong></span> <span class='ocrx_word' id='word_1_267' title='bbox 419 1283 549 1319; x_wconf 72' lang='grc' dir='ltr'>ἐξεϐλήθη</span> <span class='ocrx_word' id='word_1_268' title='bbox 579 1284 629 1319; x_wconf 84' lang='grc' dir='ltr'><strong>τῆς</strong></span> <span class='ocrx_word' id='word_1_269' title='bbox 654 1284 817 1319; x_wconf 82' lang='grc' dir='ltr'>Ἐκκλησίας</span> <span class='ocrx_word' id='word_1_270' title='bbox 843 1285 895 1312; x_wconf 82' lang='grc' dir='ltr'><strong>ὑπὸ</strong></span> 
     </span>
    </p>
   </div>
   <div class='ocr_carea' id='block_1_43' title="bbox 120 1327 895 1364">
    <p class='ocr_par' dir='ltr' id='par_1_43' title="bbox 120 1327 895 1364">
     <span class='ocr_line' id='line_1_43' title="bbox 120 1327 895 1364; baseline 0.005 -11"><span class='ocrx_word' id='word_1_271' title='bbox 120 1327 289 1363; x_wconf 78' lang='grc' dir='ltr'>Ἀλεξάνδρου</span> <span class='ocrx_word' id='word_1_272' title='bbox 301 1328 349 1354; x_wconf 81' lang='grc' dir='ltr'>τοῦ</span> <span class='ocrx_word' id='word_1_273' title='bbox 364 1329 525 1361; x_wconf 73' lang='grc' dir='ltr'>ἐπισκόπου,</span> <span class='ocrx_word' id='word_1_274' title='bbox 542 1329 757 1364; x_wconf 83' lang='grc' dir='ltr'>ὑποκρινάμενος</span> <span class='ocrx_word' id='word_1_275' title='bbox 767 1330 790 1346; x_wconf 82' lang='grc'>⁹⁰</span> <span class='ocrx_word' id='word_1_276' title='bbox 804 1329 832 1356; x_wconf 78' lang='grc' dir='ltr'>δὲ</span> <span class='ocrx_word' id='word_1_277' title='bbox 845 1331 895 1362; x_wconf 74' lang='grc' dir='ltr'><strong>τὰς</strong></span> 
     </span>
    </p>
   </div>
   <div class='ocr_carea' id='block_1_44' title="bbox 114 1373 894 1409">
    <p class='ocr_par' dir='ltr' id='par_1_44' title="bbox 114 1373 894 1409">
     <span class='ocr_line' id='line_1_44' title="bbox 114 1373 894 1409; baseline 0.004 -10"><span class='ocrx_word' id='word_1_278' title='bbox 114 1373 162 1399; x_wconf 77' lang='grc' dir='ltr'><strong>ἀπὸ</strong></span> <span class='ocrx_word' id='word_1_279' title='bbox 183 1373 234 1399; x_wconf 81' lang='grc' dir='ltr'>τῶν</span> <span class='ocrx_word' id='word_1_280' title='bbox 256 1373 379 1409; x_wconf 80' lang='grc' dir='ltr'>Γραφῶν</span> <span class='ocrx_word' id='word_1_281' title='bbox 404 1374 501 1406; x_wconf 75' lang='grc' dir='ltr'>λέξεις.</span> <span class='ocrx_word' id='word_1_282' title='bbox 524 1375 676 1409; x_wconf 82' lang='grc' dir='ltr'>Ὀμόσαντα</span> <span class='ocrx_word' id='word_1_283' title='bbox 699 1375 790 1401; x_wconf 77' lang='grc' dir='ltr'>τοίνυν</span> <span class='ocrx_word' id='word_1_284' title='bbox 814 1376 894 1402; x_wconf 84' lang='grc' dir='ltr'>αὑτὸν</span> 
     </span>
    </p>
   </div>
   <div class='ocr_carea' id='block_1_45' title="bbox 116 1418 894 1455">
    <p class='ocr_par' dir='ltr' id='par_1_45' title="bbox 116 1418 894 1455">
     <span class='ocr_line' id='line_1_45' title="bbox 116 1418 894 1455; baseline 0.004 -10"><span class='ocrx_word' id='word_1_285' title='bbox 116 1420 148 1454; x_wconf 81' lang='grc' dir='ltr'>μὴ</span> <span class='ocrx_word' id='word_1_286' title='bbox 165 1420 366 1455; x_wconf 83' lang='grc' dir='ltr'>πεφρονηκέναι</span> <span class='ocrx_word' id='word_1_287' title='bbox 388 1420 430 1455; x_wconf 70' lang='grc' dir='ltr'><strong>ἐφ’</strong></span> <span class='ocrx_word' id='word_1_288' title='bbox 447 1418 489 1452; x_wconf 75' lang='grc' dir='ltr'>οἷς</span> <span class='ocrx_word' id='word_1_289' title='bbox 509 1420 635 1453; x_wconf 72' lang='grc' dir='ltr'>ἐξέϐαλεν</span> <span class='ocrx_word' id='word_1_290' title='bbox 659 1421 740 1448; x_wconf 69' lang='grc' dir='ltr'>αὐτὸν</span> <span class='ocrx_word' id='word_1_291' title='bbox 770 1422 894 1454; x_wconf 76' lang='grc' dir='ltr'>Ἀλέξαν-</span> 
     </span>
    </p>
   </div>
   <div class='ocr_carea' id='block_1_46' title="bbox 113 1462 893 1502">
    <p class='ocr_par' dir='ltr' id='par_1_46' title="bbox 113 1462 893 1502">
     <span class='ocr_line' id='line_1_46' title="bbox 113 1462 893 1502; baseline 0.008 -14"><span class='ocrx_word' id='word_1_292' title='bbox 113 1462 180 1497; x_wconf 80' lang='grc' dir='ltr'>δρος,</span> <span class='ocrx_word' id='word_1_293' title='bbox 194 1463 334 1490; x_wconf 82' lang='grc' dir='ltr'>ἀπέλυσεν</span> <span class='ocrx_word' id='word_1_294' title='bbox 347 1464 467 1500; x_wconf 84' lang='grc' dir='ltr'>είρηκώς</span> <span class='ocrx_word' id='word_1_295' title='bbox 477 1474 483 1480; x_wconf 90' lang='grc'><strong>·</strong></span> <span class='ocrx_word' id='word_1_296' title='bbox 501 1466 532 1492; x_wconf 81' lang='lat' dir='ltr'><strong>Et</strong></span> <span class='ocrx_word' id='word_1_297' title='bbox 548 1465 613 1502; x_wconf 82' lang='grc' dir='ltr'>ὀρθή</span> <span class='ocrx_word' id='word_1_298' title='bbox 628 1475 674 1493; x_wconf 85' lang='grc' dir='ltr'><strong>σου</strong></span> <span class='ocrx_word' id='word_1_299' title='bbox 691 1468 707 1502; x_wconf 86' lang='grc' dir='ltr'>ὴ</span> <span class='ocrx_word' id='word_1_300' title='bbox 720 1467 810 1499; x_wconf 76' lang='grc' dir='ltr'>πίστις</span> <span class='ocrx_word' id='word_1_301' title='bbox 825 1468 893 1500; x_wconf 75' lang='grc' dir='ltr'>ἐστὶ,</span> 
     </span>
    </p>
   </div>
   <div class='ocr_carea' id='block_1_47' title="bbox 114 1508 893 1547">
    <p class='ocr_par' dir='ltr' id='par_1_47' title="bbox 114 1508 893 1547">
     <span class='ocr_line' id='line_1_47' title="bbox 114 1508 893 1547; baseline 0.006 -13"><span class='ocrx_word' id='word_1_302' title='bbox 114 1508 194 1540; x_wconf 83' lang='grc' dir='ltr'>καλῶς</span> <span class='ocrx_word' id='word_1_303' title='bbox 214 1508 346 1544; x_wconf 79' lang='grc' dir='ltr'>ὤμοσας·</span> <span class='ocrx_word' id='word_1_304' title='bbox 364 1510 389 1536; x_wconf 84' lang='grc' dir='ltr'><strong>εί</strong></span> <span class='ocrx_word' id='word_1_305' title='bbox 411 1510 440 1537; x_wconf 82' lang='grc' dir='ltr'><strong>δὲ,</strong></span> <span class='ocrx_word' id='word_1_306' title='bbox 468 1510 571 1544; x_wconf 76' lang='grc' dir='ltr'>ἀσεϐής</span> <span class='ocrx_word' id='word_1_307' title='bbox 598 1513 676 1539; x_wconf 75' lang='grc' dir='ltr'>ἐστιν</span> <span class='ocrx_word' id='word_1_308' title='bbox 697 1514 712 1547; x_wconf 85' lang='grc' dir='ltr'>ἡ</span> <span class='ocrx_word' id='word_1_309' title='bbox 730 1513 820 1544; x_wconf 81' lang='grc' dir='ltr'>πίστις</span> <span class='ocrx_word' id='word_1_310' title='bbox 837 1522 893 1545; x_wconf 83' lang='grc' dir='ltr'>σου,</span> 
     </span>
    </p>
   </div>
   <div class='ocr_carea' id='block_1_48' title="bbox 114 1554 895 1594">
    <p class='ocr_par' dir='ltr' id='par_1_48' title="bbox 114 1554 895 1594">
     <span class='ocr_line' id='line_1_48' title="bbox 114 1554 895 1594; baseline 0.006 -13"><span class='ocrx_word' id='word_1_311' title='bbox 114 1555 155 1582; x_wconf 74' lang='grc' dir='ltr'>καὶ</span> <span class='ocrx_word' id='word_1_312' title='bbox 166 1554 289 1589; x_wconf 79' lang='grc' dir='ltr'>ὤμοσας,</span> <span class='ocrx_word' id='word_1_313' title='bbox 303 1557 317 1583; x_wconf 86' lang='grc' dir='ltr'>ὁ</span> <span class='ocrx_word' id='word_1_314' title='bbox 333 1556 397 1588; x_wconf 76' lang='grc' dir='ltr'><strong>Θεὸς</strong></span> <span class='ocrx_word' id='word_1_315' title='bbox 415 1558 446 1583; x_wconf 74' lang='grc' dir='ltr'>ἐκ</span> <span class='ocrx_word' id='word_1_316' title='bbox 468 1557 514 1584; x_wconf 77' lang='grc' dir='ltr'>τοῦ</span> <span class='ocrx_word' id='word_1_317' title='bbox 534 1558 650 1593; x_wconf 82' lang='grc' dir='ltr'>οὐρανοῦ</span> <span class='ocrx_word' id='word_1_318' title='bbox 667 1558 758 1594; x_wconf 84' lang='grc' dir='ltr'>κρίναι</span> <span class='ocrx_word' id='word_1_319' title='bbox 774 1559 806 1586; x_wconf 76' lang='grc' dir='ltr'>τὰ</span> <span class='ocrx_word' id='word_1_320' title='bbox 826 1560 895 1586; x_wconf 72' lang='grc' dir='ltr'>κατὰ</span> 
     </span>
    </p>
   </div>
   <div class='ocr_carea' id='block_1_49' title="bbox 943 955 1732 992">
    <p class='ocr_par' dir='ltr' id='par_1_49' title="bbox 943 955 1732 992">
     <span class='ocr_line' id='line_1_49' title="bbox 943 955 1732 992; baseline -0.008 -6"><span class='ocrx_word' id='word_1_321' title='bbox 943 963 986 988; x_wconf 91' lang='lat' dir='ltr'><strong>ter</strong></span> <span class='ocrx_word' id='word_1_322' title='bbox 1000 959 1178 992; x_wconf 87' lang='lat' dir='ltr'><strong>aderat,eteo</strong></span> <span class='ocrx_word' id='word_1_323' title='bbox 1186 962 1315 986; x_wconf 81' lang='lat' dir='ltr'><strong>narrante</strong></span> <span class='ocrx_word' id='word_1_324' title='bbox 1325 957 1426 985; x_wconf 86' lang='lat' dir='ltr'><strong>audivi.</strong></span> <span class='ocrx_word' id='word_1_325' title='bbox 1441 956 1601 984; x_wconf 83' lang='lat' dir='ltr'><strong>Accersitus</strong></span> <span class='ocrx_word' id='word_1_326' title='bbox 1614 955 1732 982; x_wconf 84' lang='lat' dir='ltr'><strong>Eusebio</strong></span> 
     </span>
    </p>
   </div>
   <div class='ocr_carea' id='block_1_50' title="bbox 945 1001 1732 1039">
    <p class='ocr_par' dir='ltr' id='par_1_50' title="bbox 945 1001 1732 1039">
     <span class='ocr_line' id='line_1_50' title="bbox 945 1001 1732 1039; baseline -0.008 -6"><span class='ocrx_word' id='word_1_327' title='bbox 945 1005 1084 1033; x_wconf 86' lang='lat' dir='ltr'><strong>adnitente</strong></span> <span class='ocrx_word' id='word_1_328' title='bbox 1097 1003 1362 1039; x_wconf 84' lang='lat' dir='ltr'><strong>Constantinopolim</strong></span> <span class='ocrx_word' id='word_1_329' title='bbox 1379 1003 1467 1031; x_wconf 83' lang='lat' dir='ltr'><strong>fuerat</strong></span> <span class='ocrx_word' id='word_1_330' title='bbox 1481 1002 1660 1030; x_wconf 89' lang='lat' dir='ltr'><strong>Constantino</strong></span> <span class='ocrx_word' id='word_1_331' title='bbox 1681 1001 1732 1028; x_wconf 90' lang='lat' dir='ltr'><strong>im-</strong></span> 
     </span>
    </p>
   </div>
   <div class='ocr_carea' id='block_1_51' title="bbox 944 1047 1731 1087">
    <p class='ocr_par' dir='ltr' id='par_1_51' title="bbox 944 1047 1731 1087">
     <span class='ocr_line' id='line_1_51' title="bbox 944 1047 1731 1087; baseline -0.008 -8"><span class='ocrx_word' id='word_1_332' title='bbox 944 1056 1072 1087; x_wconf 85' lang='lat' dir='ltr'><strong>peratore</strong></span> <span class='ocrx_word' id='word_1_333' title='bbox 1084 1051 1177 1079; x_wconf 85' lang='lat' dir='ltr'><strong>Arius.</strong></span> <span class='ocrx_word' id='word_1_334' title='bbox 1185 1051 1246 1083; x_wconf 82' lang='lat' dir='ltr'><strong>Quo</strong></span> <span class='ocrx_word' id='word_1_335' title='bbox 1259 1054 1288 1077; x_wconf 92' lang='lat' dir='ltr'><strong>ut</strong></span> <span class='ocrx_word' id='word_1_336' title='bbox 1302 1050 1434 1085; x_wconf 86' lang='lat' dir='ltr'><strong>pervenit,</strong></span> <span class='ocrx_word' id='word_1_337' title='bbox 1449 1053 1561 1084; x_wconf 80' lang='lat' dir='ltr'><strong>rogatus</strong></span> <span class='ocrx_word' id='word_1_338' title='bbox 1572 1056 1587 1074; x_wconf 89' lang='lat' dir='ltr'><strong>a</strong></span> <span class='ocrx_word' id='word_1_339' title='bbox 1598 1047 1731 1083; x_wconf 82' lang='lat' dir='ltr'><strong>principe,</strong></span> 
     </span>
    </p>
   </div>
   <div class='ocr_carea' id='block_1_52' title="bbox 945 1096 1734 1126">
    <p class='ocr_par' dir='ltr' id='par_1_52' title="bbox 945 1096 1734 1126">
     <span class='ocr_line' id='line_1_52' title="bbox 945 1096 1734 1126; baseline -0.008 0"><span class='ocrx_word' id='word_1_340' title='bbox 945 1106 980 1126; x_wconf 84' lang='lat' dir='ltr'><strong>an</strong></span> <span class='ocrx_word' id='word_1_341' title='bbox 996 1098 1074 1126; x_wconf 87' lang='lat' dir='ltr'><strong>ﬁdem</strong></span> <span class='ocrx_word' id='word_1_342' title='bbox 1094 1098 1235 1125; x_wconf 83' lang='lat' dir='ltr'><strong>catholicae</strong></span> <span class='ocrx_word' id='word_1_343' title='bbox 1252 1096 1379 1124; x_wconf 52' lang='lat' dir='ltr'><strong>Ecclesial.</strong></span> <span class='ocrx_word' id='word_1_344' title='bbox 1394 1099 1508 1126; x_wconf 88' lang='lat' dir='ltr'><strong>teneret.</strong></span> <span class='ocrx_word' id='word_1_345' title='bbox 1519 1099 1545 1122; x_wconf 84' lang='lat' dir='ltr'><strong>et</strong></span> <span class='ocrx_word' id='word_1_346' title='bbox 1555 1101 1628 1122; x_wconf 85' lang='lat' dir='ltr'><strong>recte</strong></span> <span class='ocrx_word' id='word_1_347' title='bbox 1637 1101 1667 1122; x_wconf 88' lang='lat' dir='ltr'><strong>se</strong></span> <span class='ocrx_word' id='word_1_348' title='bbox 1675 1101 1734 1120; x_wconf 88' lang='lat' dir='ltr'><strong>cre-</strong></span> 
     </span>
    </p>
   </div>
   <div class='ocr_carea' id='block_1_53' title="bbox 945 1140 1731 1179">
    <p class='ocr_par' dir='ltr' id='par_1_53' title="bbox 945 1140 1731 1179">
     <span class='ocr_line' id='line_1_53' title="bbox 945 1140 1731 1179; baseline -0.008 -7"><span class='ocrx_word' id='word_1_349' title='bbox 945 1145 1011 1172; x_wconf 90' lang='lat' dir='ltr'><strong>dere</strong></span> <span class='ocrx_word' id='word_1_350' title='bbox 1024 1144 1138 1179; x_wconf 89' lang='lat' dir='ltr'><strong>juravit,</strong></span> <span class='ocrx_word' id='word_1_351' title='bbox 1155 1147 1182 1171; x_wconf 88' lang='lat' dir='ltr'><strong>et</strong></span> <span class='ocrx_word' id='word_1_352' title='bbox 1198 1143 1260 1170; x_wconf 76' lang='lat' dir='ltr'><strong>ﬁdei</strong></span> <span class='ocrx_word' id='word_1_353' title='bbox 1278 1142 1397 1170; x_wconf 86' lang='lat' dir='ltr'><strong>libellum</strong></span> <span class='ocrx_word' id='word_1_354' title='bbox 1417 1141 1552 1172; x_wconf 82' lang='lat' dir='ltr'><strong>exhibuit,</strong></span> <span class='ocrx_word' id='word_1_355' title='bbox 1569 1148 1600 1168; x_wconf 89' lang='lat' dir='ltr'><strong>ea</strong></span> <span class='ocrx_word' id='word_1_356' title='bbox 1629 1140 1731 1169; x_wconf 87' lang='lat' dir='ltr'><strong>celans,</strong></span> 
     </span>
    </p>
   </div>
   <div class='ocr_carea' id='block_1_54' title="bbox 945 1186 1733 1227">
    <p class='ocr_par' dir='ltr' id='par_1_54' title="bbox 945 1186 1733 1227">
     <span class='ocr_line' id='line_1_54' title="bbox 945 1186 1733 1227; baseline -0.01 -8"><span class='ocrx_word' id='word_1_357' title='bbox 945 1199 1062 1227; x_wconf 84' lang='lat' dir='ltr'><strong>quorum</strong></span> <span class='ocrx_word' id='word_1_358' title='bbox 1083 1197 1165 1218; x_wconf 82' lang='lat' dir='ltr'><strong>causa</strong></span> <span class='ocrx_word' id='word_1_359' title='bbox 1180 1190 1284 1224; x_wconf 81' lang='lat' dir='ltr'><strong>eiectus</strong></span> <span class='ocrx_word' id='word_1_360' title='bbox 1299 1189 1421 1217; x_wconf 87' lang='lat' dir='ltr'><strong>Ecclesia</strong></span> <span class='ocrx_word' id='word_1_361' title='bbox 1450 1188 1539 1216; x_wconf 75' lang='lat' dir='ltr'><strong>fuerat</strong></span> <span class='ocrx_word' id='word_1_362' title='bbox 1556 1187 1591 1213; x_wconf 88' lang='lat' dir='ltr'><strong>ab</strong></span> <span class='ocrx_word' id='word_1_363' title='bbox 1617 1186 1733 1213; x_wconf 79' lang='lat' dir='ltr'><strong>Alexan-</strong></span> 
     </span>
    </p>
   </div>
   <div class='ocr_carea' id='block_1_55' title="bbox 946 1231 1733 1272">
    <p class='ocr_par' dir='ltr' id='par_1_55' title="bbox 946 1231 1733 1272">
     <span class='ocr_line' id='line_1_55' title="bbox 946 1231 1733 1272; baseline -0.009 -7"><span class='ocrx_word' id='word_1_364' title='bbox 946 1238 996 1265; x_wconf 89' lang='lat' dir='ltr'><strong>dro</strong></span> <span class='ocrx_word' id='word_1_365' title='bbox 1023 1237 1163 1272; x_wconf 88' lang='lat' dir='ltr'><strong>episcopo,</strong></span> <span class='ocrx_word' id='word_1_366' title='bbox 1180 1240 1206 1264; x_wconf 90' lang='lat' dir='ltr'><strong>et</strong></span> <span class='ocrx_word' id='word_1_367' title='bbox 1220 1244 1267 1271; x_wconf 87' lang='lat' dir='ltr'><strong>per</strong></span> <span class='ocrx_word' id='word_1_368' title='bbox 1283 1235 1485 1263; x_wconf 85' lang='lat' dir='ltr'><strong>simulationem</strong></span> <span class='ocrx_word' id='word_1_369' title='bbox 1504 1233 1627 1260; x_wconf 80' lang='lat' dir='ltr'><strong>referens</strong></span> <span class='ocrx_word' id='word_1_370' title='bbox 1635 1231 1733 1259; x_wconf 86' lang='lat' dir='ltr'><strong>dictio-</strong></span> 
     </span>
    </p>
   </div>
   <div class='ocr_carea' id='block_1_56' title="bbox 945 1278 1734 1317">
    <p class='ocr_par' dir='ltr' id='par_1_56' title="bbox 945 1278 1734 1317">
     <span class='ocr_line' id='line_1_56' title="bbox 945 1278 1734 1317; baseline -0.009 -7"><span class='ocrx_word' id='word_1_371' title='bbox 945 1290 996 1311; x_wconf 87' lang='lat' dir='ltr'><strong>nes</strong></span> <span class='ocrx_word' id='word_1_372' title='bbox 1023 1282 1182 1317; x_wconf 67' lang='lat' dir='ltr'><strong>Scriptnraa.</strong></span> <span class='ocrx_word' id='word_1_373' title='bbox 1199 1281 1266 1308; x_wconf 87' lang='lat' dir='ltr'><strong>Eum</strong></span> <span class='ocrx_word' id='word_1_374' title='bbox 1283 1288 1358 1315; x_wconf 76' lang='lat' dir='ltr'><strong>ergo,</strong></span> <span class='ocrx_word' id='word_1_375' title='bbox 1371 1288 1432 1307; x_wconf 89' lang='lat' dir='ltr'><strong>cum</strong></span> <span class='ocrx_word' id='word_1_376' title='bbox 1443 1280 1565 1314; x_wconf 85' lang='lat' dir='ltr'><strong>jurasset</strong></span> <span class='ocrx_word' id='word_1_377' title='bbox 1578 1287 1607 1306; x_wconf 89' lang='lat' dir='ltr'><strong>se</strong></span> <span class='ocrx_word' id='word_1_378' title='bbox 1620 1278 1664 1304; x_wconf 89' lang='lat' dir='ltr'><strong>illa</strong></span> <span class='ocrx_word' id='word_1_379' title='bbox 1679 1285 1734 1304; x_wconf 87' lang='lat' dir='ltr'><strong>nou</strong></span> 
     </span>
    </p>
   </div>
   <div class='ocr_carea' id='block_1_57' title="bbox 947 1323 1736 1363">
    <p class='ocr_par' dir='ltr' id='par_1_57' title="bbox 947 1323 1736 1363">
     <span class='ocr_line' id='line_1_57' title="bbox 947 1323 1736 1363; baseline -0.009 -7"><span class='ocrx_word' id='word_1_380' title='bbox 947 1329 1078 1360; x_wconf 86' lang='lat' dir='ltr'><strong>sensisse,</strong></span> <span class='ocrx_word' id='word_1_381' title='bbox 1107 1332 1216 1363; x_wconf 87' lang='lat' dir='ltr'><strong>propter</strong></span> <span class='ocrx_word' id='word_1_382' title='bbox 1234 1335 1295 1362; x_wconf 61' lang='lat' dir='ltr'><strong>quae</strong></span> <span class='ocrx_word' id='word_1_383' title='bbox 1321 1328 1409 1360; x_wconf 88' lang='lat' dir='ltr'><strong>ipsum</strong></span> <span class='ocrx_word' id='word_1_384' title='bbox 1437 1325 1555 1360; x_wconf 79' lang='lat' dir='ltr'><strong>cjccerat</strong></span> <span class='ocrx_word' id='word_1_385' title='bbox 1572 1323 1736 1355; x_wconf 77' lang='lat' dir='ltr'><strong>Alexander,</strong></span> 
     </span>
    </p>
   </div>
   <div class='ocr_carea' id='block_1_58' title="bbox 947 1369 1739 1402">
    <p class='ocr_par' dir='ltr' id='par_1_58' title="bbox 947 1369 1739 1402">
     <span class='ocr_line' id='line_1_58' title="bbox 947 1369 1739 1402; baseline -0.008 0"><span class='ocrx_word' id='word_1_386' title='bbox 947 1375 1065 1402; x_wconf 84' lang='lat' dir='ltr'><strong>liberum</strong></span> <span class='ocrx_word' id='word_1_387' title='bbox 1081 1374 1188 1401; x_wconf 87' lang='lat' dir='ltr'><strong>dimisit</strong></span> <span class='ocrx_word' id='word_1_388' title='bbox 1204 1381 1265 1401; x_wconf 85' lang='lat' dir='ltr'><strong>cum</strong></span> <span class='ocrx_word' id='word_1_389' title='bbox 1283 1374 1326 1400; x_wconf 89' lang='lat' dir='ltr'><strong>his</strong></span> <span class='ocrx_word' id='word_1_390' title='bbox 1341 1372 1433 1400; x_wconf 87' lang='lat' dir='ltr'><strong>verbis</strong></span> <span class='ocrx_word' id='word_1_391' title='bbox 1453 1380 1459 1398; x_wconf 91' lang='lat'>:</span> <span class='ocrx_word' id='word_1_392' title='bbox 1476 1371 1503 1398; x_wconf 88' lang='lat' dir='ltr'><strong>Si</strong></span> <span class='ocrx_word' id='word_1_393' title='bbox 1521 1374 1596 1398; x_wconf 84' lang='lat' dir='ltr'><strong>recta</strong></span> <span class='ocrx_word' id='word_1_394' title='bbox 1612 1375 1654 1397; x_wconf 88' lang='lat' dir='ltr'><strong>est</strong></span> <span class='ocrx_word' id='word_1_395' title='bbox 1670 1369 1739 1396; x_wconf 80' lang='lat' dir='ltr'><strong>ﬁdes</strong></span> 
     </span>
    </p>
   </div>
   <div class='ocr_carea' id='block_1_59' title="bbox 947 1417 1733 1455">
    <p class='ocr_par' dir='ltr' id='par_1_59' title="bbox 947 1417 1733 1455">
     <span class='ocr_line' id='line_1_59' title="bbox 947 1417 1733 1455; baseline -0.005 -8"><span class='ocrx_word' id='word_1_396' title='bbox 947 1426 1004 1451; x_wconf 83' lang='lat' dir='ltr'><strong>tua.</strong></span> <span class='ocrx_word' id='word_1_397' title='bbox 1024 1421 1092 1448; x_wconf 86' lang='lat' dir='ltr'><strong>bene</strong></span> <span class='ocrx_word' id='word_1_398' title='bbox 1103 1421 1203 1455; x_wconf 90' lang='lat' dir='ltr'><strong>jurasti</strong></span> <span class='ocrx_word' id='word_1_399' title='bbox 1219 1430 1226 1448; x_wconf 90' lang='lat'>:</span> <span class='ocrx_word' id='word_1_400' title='bbox 1243 1420 1285 1447; x_wconf 89' lang='lat' dir='ltr'><strong>sin</strong></span> <span class='ocrx_word' id='word_1_401' title='bbox 1302 1423 1394 1447; x_wconf 89' lang='lat' dir='ltr'><strong>autem</strong></span> <span class='ocrx_word' id='word_1_402' title='bbox 1417 1419 1499 1453; x_wconf 89' lang='lat' dir='ltr'><strong>impia</strong></span> <span class='ocrx_word' id='word_1_403' title='bbox 1516 1422 1557 1445; x_wconf 85' lang='lat' dir='ltr'><strong>est</strong></span> <span class='ocrx_word' id='word_1_404' title='bbox 1588 1417 1654 1444; x_wconf 83' lang='lat' dir='ltr'><strong>ﬁdes</strong></span> <span class='ocrx_word' id='word_1_405' title='bbox 1676 1421 1733 1446; x_wconf 62' lang='lat' dir='ltr'><strong>tua,</strong></span> 
     </span>
    </p>
   </div>
   <div class='ocr_carea' id='block_1_60' title="bbox 947 1463 1735 1502">
    <p class='ocr_par' dir='ltr' id='par_1_60' title="bbox 947 1463 1735 1502">
     <span class='ocr_line' id='line_1_60' title="bbox 947 1463 1735 1502; baseline -0.008 -9"><span class='ocrx_word' id='word_1_406' title='bbox 947 1472 973 1494; x_wconf 85' lang='lat' dir='ltr'><strong>et</strong></span> <span class='ocrx_word' id='word_1_407' title='bbox 985 1466 1191 1502; x_wconf 77' lang='lat' dir='ltr'><strong>tamenjurasti,</strong></span> <span class='ocrx_word' id='word_1_408' title='bbox 1204 1466 1274 1493; x_wconf 86' lang='lat' dir='ltr'><strong>Deus</strong></span> <span class='ocrx_word' id='word_1_409' title='bbox 1287 1466 1320 1493; x_wconf 92' lang='lat' dir='ltr'><strong>de</strong></span> <span class='ocrx_word' id='word_1_410' title='bbox 1327 1465 1397 1493; x_wconf 76' lang='lat' dir='ltr'><strong>caelo</strong></span> <span class='ocrx_word' id='word_1_411' title='bbox 1411 1465 1444 1492; x_wconf 90' lang='lat' dir='ltr'><strong>de</strong></span> <span class='ocrx_word' id='word_1_412' title='bbox 1460 1467 1486 1492; x_wconf 93' lang='lat' dir='ltr'><strong>te</strong></span> <span class='ocrx_word' id='word_1_413' title='bbox 1500 1464 1569 1492; x_wconf 81' lang='lat' dir='ltr'><strong>ferat</strong></span> <span class='ocrx_word' id='word_1_414' title='bbox 1588 1463 1735 1498; x_wconf 88' lang='lat' dir='ltr'><strong>judicium.</strong></span> 
     </span>
    </p>
   </div>
   <div class='ocr_carea' id='block_1_61' title="bbox 947 1509 1736 1547">
    <p class='ocr_par' dir='ltr' id='par_1_61' title="bbox 947 1509 1736 1547">
     <span class='ocr_line' id='line_1_61' title="bbox 947 1509 1736 1547; baseline -0.008 -7"><span class='ocrx_word' id='word_1_415' title='bbox 947 1513 1042 1547; x_wconf 81' lang='lat' dir='ltr'><strong>Itaque</strong></span> <span class='ocrx_word' id='word_1_416' title='bbox 1057 1513 1263 1547; x_wconf 84' lang='lat' dir='ltr'><strong>abimperatore</strong></span> <span class='ocrx_word' id='word_1_417' title='bbox 1278 1511 1318 1539; x_wconf 87' lang='lat' dir='ltr'><strong>sic</strong></span> <span class='ocrx_word' id='word_1_418' title='bbox 1335 1510 1497 1546; x_wconf 73' lang='lat' dir='ltr'><strong>digressum,</strong></span> <span class='ocrx_word' id='word_1_419' title='bbox 1519 1509 1665 1536; x_wconf 86' lang='lat' dir='ltr'><strong>Eusebiani</strong></span> <span class='ocrx_word' id='word_1_420' title='bbox 1689 1516 1736 1543; x_wconf 67' lang='lat' dir='ltr'><strong>per</strong></span> 
     </span>
    </p>
   </div>
   <div class='ocr_carea' id='block_1_62' title="bbox 947 1555 1736 1593">
    <p class='ocr_par' dir='ltr' id='par_1_62' title="bbox 947 1555 1736 1593">
     <span class='ocr_line' id='line_1_62' title="bbox 947 1555 1736 1593; baseline -0.006 -8"><span class='ocrx_word' id='word_1_421' title='bbox 947 1558 1013 1591; x_wconf 92' lang='lat' dir='ltr'><strong>vim,</strong></span> <span class='ocrx_word' id='word_1_422' title='bbox 1027 1566 1080 1593; x_wconf 87' lang='lat' dir='ltr'><strong>qua</strong></span> <span class='ocrx_word' id='word_1_423' title='bbox 1096 1558 1134 1585; x_wconf 90' lang='lat' dir='ltr'><strong>uti</strong></span> <span class='ocrx_word' id='word_1_424' title='bbox 1149 1560 1359 1589; x_wconf 84' lang='lat' dir='ltr'><strong>consueverant,</strong></span> <span class='ocrx_word' id='word_1_425' title='bbox 1374 1564 1437 1584; x_wconf 87' lang='lat' dir='ltr'><strong>eum</strong></span> <span class='ocrx_word' id='word_1_426' title='bbox 1451 1557 1477 1583; x_wconf 89' lang='lat' dir='ltr'><strong>in</strong></span> <span class='ocrx_word' id='word_1_427' title='bbox 1495 1555 1637 1583; x_wconf 78' lang='lat' dir='ltr'><strong>ecclesiam</strong></span> <span class='ocrx_word' id='word_1_428' title='bbox 1651 1555 1736 1581; x_wconf 87' lang='lat' dir='ltr'><strong>intro-</strong></span> 
     </span>
    </p>
   </div>
   <div class='ocr_carea' id='block_1_63' title="bbox 115 1591 894 1639">
    <p class='ocr_par' dir='ltr' id='par_1_63' title="bbox 115 1591 893 1639">
     <span class='ocr_line' id='line_1_63' title="bbox 115 1591 893 1639; baseline 0.004 -12"><span class='ocrx_word' id='word_1_429' title='bbox 115 1601 150 1628; x_wconf 77' lang='grc' dir='ltr'>σέ.</span> <span class='ocrx_word' id='word_1_430' title='bbox 174 1600 250 1627; x_wconf 80' lang='grc' dir='ltr'>Οὕτω</span> <span class='ocrx_word' id='word_1_431' title='bbox 275 1600 306 1636; x_wconf 87' lang='grc' dir='ltr'>δὴ</span> <span class='ocrx_word' id='word_1_432' title='bbox 329 1599 376 1628; x_wconf 87' lang='grc' dir='ltr'>οὖν</span> <span class='ocrx_word' id='word_1_433' title='bbox 391 1602 472 1629; x_wconf 84' lang='grc' dir='ltr'>αὑτὸν</span> <span class='ocrx_word' id='word_1_434' title='bbox 487 1591 626 1635; x_wconf 76' lang='grc' dir='ltr'>ἐξελθόντα</span> <span class='ocrx_word' id='word_1_435' title='bbox 648 1591 722 1638; x_wconf 78' lang='grc' dir='ltr'>παρὰ</span> <span class='ocrx_word' id='word_1_436' title='bbox 742 1603 789 1630; x_wconf 83' lang='grc' dir='ltr'>τοῦ</span> <span class='ocrx_word' id='word_1_437' title='bbox 816 1603 893 1639; x_wconf 84' lang='grc' dir='ltr'>βασι-</span> 
     </span>
    </p>
   </div>
   <div class='ocr_carea' id='block_1_64' title="bbox 948 1591 1735 1639">
    <p class='ocr_par' dir='ltr' id='par_1_64' title="bbox 948 1591 1735 1632">
     <span class='ocr_line' id='line_1_64' title="bbox 948 1591 1735 1632; baseline -0.009 0"><span class='ocrx_word' id='word_1_438' title='bbox 948 1591 1048 1632; x_wconf 65' lang='lat' dir='ltr'><strong>ducere</strong></span> <span class='ocrx_word' id='word_1_439' title='bbox 1064 1604 1216 1631; x_wconf 64' lang='lat' dir='ltr'><strong>Voluerunt.</strong></span> <span class='ocrx_word' id='word_1_440' title='bbox 1233 1603 1268 1630; x_wconf 83' lang='lat' dir='ltr'><strong>At</strong></span> <span class='ocrx_word' id='word_1_441' title='bbox 1283 1603 1382 1630; x_wconf 84' lang='lat' dir='ltr'><strong>restitit</strong></span> <span class='ocrx_word' id='word_1_442' title='bbox 1397 1603 1482 1630; x_wconf 64' lang='lat' dir='ltr'><strong>beatae</strong></span> <span class='ocrx_word' id='word_1_443' title='bbox 1497 1600 1634 1628; x_wconf 65' lang='lat' dir='ltr'><strong>memoriae</strong></span> <span class='ocrx_word' id='word_1_444' title='bbox 1655 1600 1735 1626; x_wconf 82' lang='lat' dir='ltr'><strong>Alex-</strong></span> 
     </span>
    </p>
   </div>
   <div class='ocr_carea' id='block_1_65' title="bbox 113 1644 895 1683">
    <p class='ocr_par' dir='ltr' id='par_1_65' title="bbox 113 1644 895 1683">
     <span class='ocr_line' id='line_1_65' title="bbox 113 1644 895 1683; baseline 0.004 -12"><span class='ocrx_word' id='word_1_445' title='bbox 113 1644 182 1677; x_wconf 85' lang='grc' dir='ltr'>λέως,</span> <span class='ocrx_word' id='word_1_446' title='bbox 199 1646 341 1681; x_wconf 73' lang='grc' dir='ltr'>ἠθέλησαν</span> <span class='ocrx_word' id='word_1_447' title='bbox 366 1647 551 1681; x_wconf 81' lang='grc' dir='ltr'>είσαγαγεῖν⁹¹</span> <span class='ocrx_word' id='word_1_448' title='bbox 573 1648 613 1679; x_wconf 79' lang='grc' dir='ltr'>εἰς</span> <span class='ocrx_word' id='word_1_449' title='bbox 633 1648 682 1682; x_wconf 86' lang='grc' dir='ltr'>τὴν</span> <span class='ocrx_word' id='word_1_450' title='bbox 704 1648 852 1683; x_wconf 82' lang='grc' dir='ltr'>ἐκκλησίαν</span> <span class='ocrx_word' id='word_1_451' title='bbox 872 1649 895 1674; x_wconf 86' lang='grc' dir='ltr'>οὶ</span> 
     </span>
    </p>
   </div>
   <div class='ocr_carea' id='block_1_66' title="bbox 113 1691 897 1729">
    <p class='ocr_par' dir='ltr' id='par_1_66' title="bbox 113 1691 897 1729">
     <span class='ocr_line' id='line_1_66' title="bbox 113 1691 897 1729; baseline 0.004 -12"><span class='ocrx_word' id='word_1_452' title='bbox 113 1692 172 1727; x_wconf 78' lang='grc' dir='ltr'>περὶ</span> <span class='ocrx_word' id='word_1_453' title='bbox 183 1691 318 1718; x_wconf 71' lang='grc' dir='ltr'>Εὐσέειον</span> <span class='ocrx_word' id='word_1_454' title='bbox 334 1693 367 1727; x_wconf 81' lang='grc' dir='ltr'>τῇ</span> <span class='ocrx_word' id='word_1_455' title='bbox 391 1693 502 1728; x_wconf 81' lang='grc' dir='ltr'>συνήθει</span> <span class='ocrx_word' id='word_1_456' title='bbox 527 1693 616 1719; x_wconf 81' lang='grc' dir='ltr'>αὐτῶν</span> <span class='ocrx_word' id='word_1_457' title='bbox 639 1693 695 1728; x_wconf 75' lang='grc' dir='ltr'>βίᾳ.</span> <span class='ocrx_word' id='word_1_458' title='bbox 718 1693 788 1720; x_wconf 86' lang='grc' dir='ltr'>Ἀλλ’</span> <span class='ocrx_word' id='word_1_459' title='bbox 810 1694 825 1720; x_wconf 82' lang='grc' dir='ltr'><strong>ὁ</strong></span> <span class='ocrx_word' id='word_1_460' title='bbox 847 1694 897 1729; x_wconf 82' lang='grc' dir='ltr'><strong>τῆς</strong></span> 
     </span>
    </p>
   </div>
   <div class='ocr_carea' id='block_1_67' title="bbox 119 1739 899 1776">
    <p class='ocr_par' dir='ltr' id='par_1_67' title="bbox 119 1739 899 1776">
     <span class='ocr_line' id='line_1_67' title="bbox 119 1739 899 1776; baseline 0.004 -12"><span class='ocrx_word' id='word_1_461' title='bbox 119 1739 427 1771; x_wconf 78' lang='grc' dir='ltr'>Κωνσταντινουπόλεως</span> <span class='ocrx_word' id='word_1_462' title='bbox 443 1739 591 1771; x_wconf 76' lang='grc' dir='ltr'>ἐπίσκοπος</span> <span class='ocrx_word' id='word_1_463' title='bbox 604 1741 618 1766; x_wconf 90' lang='grc' dir='ltr'><strong>ό</strong></span> <span class='ocrx_word' id='word_1_464' title='bbox 634 1739 787 1776; x_wconf 82' lang='grc' dir='ltr'>μακαρίτης</span> <span class='ocrx_word' id='word_1_465' title='bbox 809 1740 899 1772; x_wconf 76' lang='grc' dir='ltr'>Ἀλέξ-</span> 
     </span>
    </p>
   </div>
   <div class='ocr_carea' id='block_1_68' title="bbox 119 1784 898 1820">
    <p class='ocr_par' dir='ltr' id='par_1_68' title="bbox 119 1784 898 1820">
     <span class='ocr_line' id='line_1_68' title="bbox 119 1784 898 1820; baseline 0.003 -10"><span class='ocrx_word' id='word_1_466' title='bbox 119 1784 207 1820; x_wconf 80' lang='grc' dir='ltr'>ανδρος</span> <span class='ocrx_word' id='word_1_467' title='bbox 232 1785 381 1819; x_wconf 82' lang='grc' dir='ltr'>ἀντέλεγε,</span> <span class='ocrx_word' id='word_1_468' title='bbox 406 1785 518 1819; x_wconf 82' lang='grc' dir='ltr'>φάσκων</span> <span class='ocrx_word' id='word_1_469' title='bbox 545 1785 581 1820; x_wconf 82' lang='grc' dir='ltr'>μὴ</span> <span class='ocrx_word' id='word_1_470' title='bbox 605 1784 661 1811; x_wconf 83' lang='grc' dir='ltr'>δεῖν</span> <span class='ocrx_word' id='word_1_471' title='bbox 686 1786 726 1817; x_wconf 85' lang='grc' dir='ltr'><strong>είς</strong></span> <span class='ocrx_word' id='word_1_472' title='bbox 756 1785 898 1812; x_wconf 79' lang='grc' dir='ltr'>κοινωνίαν</span> 
     </span>
    </p>
   </div>
   <div class='ocr_carea' id='block_1_69' title="bbox 115 1829 898 1865">
    <p class='ocr_par' dir='ltr' id='par_1_69' title="bbox 115 1829 898 1865">
     <span class='ocr_line' id='line_1_69' title="bbox 115 1829 898 1865; baseline 0.003 -9"><span class='ocrx_word' id='word_1_473' title='bbox 115 1829 234 1865; x_wconf 80' lang='grc' dir='ltr'>δεχθῆναι</span> <span class='ocrx_word' id='word_1_474' title='bbox 256 1830 306 1856; x_wconf 81' lang='grc' dir='ltr'>τὸν</span> <span class='ocrx_word' id='word_1_475' title='bbox 319 1831 369 1865; x_wconf 87' lang='grc' dir='ltr'><strong>τῆς</strong></span> <span class='ocrx_word' id='word_1_476' title='bbox 387 1830 519 1865; x_wconf 86' lang='grc' dir='ltr'>αίρέσεως</span> <span class='ocrx_word' id='word_1_477' title='bbox 538 1830 662 1865; x_wconf 87' lang='grc' dir='ltr'>εὑρετήν.</span> <span class='ocrx_word' id='word_1_478' title='bbox 687 1831 741 1857; x_wconf 78' lang='lat' dir='ltr'><strong>Kal.</strong></span> <span class='ocrx_word' id='word_1_479' title='bbox 766 1830 857 1858; x_wconf 74' lang='grc' dir='ltr'>λοιπὸν</span> <span class='ocrx_word' id='word_1_480' title='bbox 873 1832 898 1858; x_wconf 86' lang='grc' dir='ltr'>οἱ</span> 
     </span>
    </p>
   </div>
   <div class='ocr_carea' id='block_1_70' title="bbox 116 1875 894 1911">
    <p class='ocr_par' dir='ltr' id='par_1_70' title="bbox 116 1875 894 1911">
     <span class='ocr_line' id='line_1_70' title="bbox 116 1875 894 1911; baseline 0.005 -11"><span class='ocrx_word' id='word_1_481' title='bbox 116 1875 175 1910; x_wconf 82' lang='grc' dir='ltr'>περὶ</span> <span class='ocrx_word' id='word_1_482' title='bbox 193 1875 324 1902; x_wconf 78' lang='grc' dir='ltr'>Εὐσέϐιον</span> <span class='ocrx_word' id='word_1_483' title='bbox 343 1875 511 1910; x_wconf 79' lang='grc' dir='ltr'>ἠπείλησαν,</span> <span class='ocrx_word' id='word_1_484' title='bbox 528 1876 569 1902; x_wconf 83' lang='grc' dir='ltr'>ὅτι</span> <span class='ocrx_word' id='word_1_485' title='bbox 586 1875 692 1911; x_wconf 84' lang='grc' dir='ltr'>’Ὠσπερ</span> <span class='ocrx_word' id='word_1_486' title='bbox 710 1876 747 1911; x_wconf 83' lang='grc' dir='ltr'>μὴ</span> <span class='ocrx_word' id='word_1_487' title='bbox 763 1876 894 1904; x_wconf 86' lang='grc' dir='ltr'>θελόντων</span> 
     </span>
    </p>
   </div>
   <div class='ocr_carea' id='block_1_71' title="bbox 116 1921 897 1957">
    <p class='ocr_par' dir='ltr' id='par_1_71' title="bbox 116 1921 897 1957">
     <span class='ocr_line' id='line_1_71' title="bbox 116 1921 897 1957; baseline 0.003 -10"><span class='ocrx_word' id='word_1_488' title='bbox 116 1921 188 1955; x_wconf 80' lang='grc' dir='ltr'>ὑμῶν</span> <span class='ocrx_word' id='word_1_489' title='bbox 207 1922 380 1956; x_wconf 74' lang='grc' dir='ltr'>ἐποιήσαμεν</span> <span class='ocrx_word' id='word_1_490' title='bbox 404 1921 484 1948; x_wconf 79' lang='grc' dir='ltr'>αὐτὸν</span> <span class='ocrx_word' id='word_1_491' title='bbox 500 1921 632 1956; x_wconf 88' lang='grc' dir='ltr'>κληθῆναι</span> <span class='ocrx_word' id='word_1_492' title='bbox 660 1921 734 1957; x_wconf 79' lang='grc' dir='ltr'>παρὰ</span> <span class='ocrx_word' id='word_1_493' title='bbox 754 1921 897 1956; x_wconf 82' lang='grc' dir='ltr'>βασιλέως,</span> 
     </span>
    </p>
   </div>
   <div class='ocr_carea' id='block_1_72' title="bbox 115 1965 896 2003">
    <p class='ocr_par' dir='ltr' id='par_1_72' title="bbox 115 1965 896 2003">
     <span class='ocr_line' id='line_1_72' title="bbox 115 1965 896 2003; baseline 0.003 -11"><span class='ocrx_word' id='word_1_494' title='bbox 115 1966 195 1999; x_wconf 74' lang='grc' dir='ltr'>οὕτως</span> <span class='ocrx_word' id='word_1_495' title='bbox 212 1966 321 2002; x_wconf 77' lang='grc' dir='ltr'>αὓριον,</span> <span class='ocrx_word' id='word_1_496' title='bbox 343 1966 394 1993; x_wconf 75' lang='grc' dir='ltr'>κᾶν</span> <span class='ocrx_word' id='word_1_497' title='bbox 416 1965 454 2001; x_wconf 85' lang='grc' dir='ltr'>μὴ</span> <span class='ocrx_word' id='word_1_498' title='bbox 476 1966 547 1993; x_wconf 77' lang='grc' dir='ltr'>κατὰ</span> <span class='ocrx_word' id='word_1_499' title='bbox 560 1966 674 2001; x_wconf 86' lang='grc' dir='ltr'>γνώμην</span> <span class='ocrx_word' id='word_1_500' title='bbox 696 1975 742 1993; x_wconf 86' lang='grc' dir='ltr'><strong>σου</strong></span> <span class='ocrx_word' id='word_1_501' title='bbox 765 1968 896 2003; x_wconf 86' lang='grc' dir='ltr'>τυγχάνῃ,</span> 
     </span>
    </p>
   </div>
   <div class='ocr_carea' id='block_1_73' title="bbox 116 2012 898 2049">
    <p class='ocr_par' dir='ltr' id='par_1_73' title="bbox 116 2012 898 2049">
     <span class='ocr_line' id='line_1_73' title="bbox 116 2012 898 2049; baseline 0.001 -10"><span class='ocrx_word' id='word_1_502' title='bbox 116 2013 312 2049; x_wconf 75' lang='grc' dir='ltr'>συναχθήσεται</span> <span class='ocrx_word' id='word_1_503' title='bbox 341 2013 448 2048; x_wconf 73' lang='grc' dir='ltr'>’Ἄρειος</span> <span class='ocrx_word' id='word_1_504' title='bbox 478 2012 537 2048; x_wconf 72' lang='grc' dir='ltr'>μεθ’</span> <span class='ocrx_word' id='word_1_505' title='bbox 558 2012 635 2048; x_wconf 82' lang='grc' dir='ltr'>ἡμῶν</span> <span class='ocrx_word' id='word_1_506' title='bbox 659 2013 687 2039; x_wconf 81' lang='grc' dir='ltr'>ὲν</span> <span class='ocrx_word' id='word_1_507' title='bbox 709 2014 742 2048; x_wconf 85' lang='grc' dir='ltr'>τῇ</span> <span class='ocrx_word' id='word_1_508' title='bbox 765 2013 898 2049; x_wconf 73' lang='grc' dir='ltr'>ἐκκλησίᾳ</span> 
     </span>
    </p>
   </div>
   <div class='ocr_carea' id='block_1_74' title="bbox 116 2056 897 2096">
    <p class='ocr_par' dir='ltr' id='par_1_74' title="bbox 116 2056 897 2096">
     <span class='ocr_line' id='line_1_74' title="bbox 116 2056 897 2096; baseline 0 -10"><span class='ocrx_word' id='word_1_509' title='bbox 116 2059 207 2096; x_wconf 81' lang='grc' dir='ltr'>ταύτῃ.</span> <span class='ocrx_word' id='word_1_510' title='bbox 223 2058 366 2085; x_wconf 71' lang='grc' dir='ltr'>Σαϐϐατον</span> <span class='ocrx_word' id='word_1_511' title='bbox 377 2059 406 2085; x_wconf 78' lang='grc' dir='ltr'>δὲ</span> <span class='ocrx_word' id='word_1_512' title='bbox 419 2056 471 2095; x_wconf 80' lang='grc' dir='ltr'>ἦν,</span> <span class='ocrx_word' id='word_1_513' title='bbox 487 2057 544 2095; x_wconf 70' lang='grc'><strong>[45]</strong></span> <span class='ocrx_word' id='word_1_514' title='bbox 568 2059 612 2085; x_wconf 75' lang='grc' dir='ltr'>ὅτε</span> <span class='ocrx_word' id='word_1_515' title='bbox 636 2058 721 2085; x_wconf 88' lang='grc' dir='ltr'>ταῦτα</span> <span class='ocrx_word' id='word_1_516' title='bbox 746 2058 848 2092; x_wconf 74' lang='grc' dir='ltr'>ἔλεγεν.</span> <span class='ocrx_word' id='word_1_517' title='bbox 868 2059 897 2086; x_wconf 90' lang='grc'><strong>’0</strong></span> 
     </span>
    </p>
   </div>
   <div class='ocr_carea' id='block_1_75' title="bbox 113 2104 897 2140">
    <p class='ocr_par' dir='ltr' id='par_1_75' title="bbox 113 2104 897 2140">
     <span class='ocr_line' id='line_1_75' title="bbox 113 2104 897 2140; baseline -0.003 -8"><span class='ocrx_word' id='word_1_518' title='bbox 113 2106 198 2132; x_wconf 76' lang='grc' dir='ltr'>τοίνυν</span> <span class='ocrx_word' id='word_1_519' title='bbox 219 2105 372 2136; x_wconf 77' lang='grc' dir='ltr'>ἐπίσκοπος</span> <span class='ocrx_word' id='word_1_520' title='bbox 401 2104 574 2140; x_wconf 79' lang='grc' dir='ltr'>Ἀλέξανδρος</span> <span class='ocrx_word' id='word_1_521' title='bbox 587 2126 594 2137; x_wconf 90' lang='grc'><strong>,</strong></span> <span class='ocrx_word' id='word_1_522' title='bbox 611 2104 730 2136; x_wconf 80' lang='grc' dir='ltr'>ἀκούσας</span> <span class='ocrx_word' id='word_1_523' title='bbox 749 2104 836 2131; x_wconf 85' lang='grc' dir='ltr'>ταῦτα</span> <span class='ocrx_word' id='word_1_524' title='bbox 850 2104 897 2131; x_wconf 75' lang='grc' dir='ltr'>καὶ</span> 
     </span>
    </p>
   </div>
   <div class='ocr_carea' id='block_1_76' title="bbox 115 2149 897 2186">
    <p class='ocr_par' dir='ltr' id='par_1_76' title="bbox 115 2149 897 2186">
     <span class='ocr_line' id='line_1_76' title="bbox 115 2149 897 2186; baseline -0.001 -9"><span class='ocrx_word' id='word_1_525' title='bbox 115 2151 180 2177; x_wconf 76' lang='grc' dir='ltr'>πάνυ</span> <span class='ocrx_word' id='word_1_526' title='bbox 198 2149 353 2186; x_wconf 82' lang='grc' dir='ltr'>λυπηθεὶς,</span> <span class='ocrx_word' id='word_1_527' title='bbox 375 2149 502 2177; x_wconf 73' lang='grc' dir='ltr'>εἰσελθὼν</span> <span class='ocrx_word' id='word_1_528' title='bbox 519 2149 559 2181; x_wconf 83' lang='grc' dir='ltr'>εἰς</span> <span class='ocrx_word' id='word_1_529' title='bbox 581 2149 630 2185; x_wconf 82' lang='grc' dir='ltr'>τὴν</span> <span class='ocrx_word' id='word_1_530' title='bbox 645 2149 803 2185; x_wconf 76' lang='grc' dir='ltr'>ἐκκλησίαν,</span> <span class='ocrx_word' id='word_1_531' title='bbox 821 2150 897 2176; x_wconf 64' lang='lat' dir='ltr'><strong>xui.&quot;</strong></span> 
     </span>
    </p>
   </div>
   <div class='ocr_carea' id='block_1_77' title="bbox 114 2195 898 2233">
    <p class='ocr_par' dir='ltr' id='par_1_77' title="bbox 114 2195 898 2233">
     <span class='ocr_line' id='line_1_77' title="bbox 114 2195 898 2233; baseline -0.001 -10"><span class='ocrx_word' id='word_1_532' title='bbox 114 2197 159 2229; x_wconf 72' lang='grc' dir='ltr'><strong>τὰς</strong></span> <span class='ocrx_word' id='word_1_533' title='bbox 175 2198 273 2233; x_wconf 88' lang='grc' dir='ltr'>χεῖρας</span> <span class='ocrx_word' id='word_1_534' title='bbox 295 2197 366 2232; x_wconf 79' lang='grc' dir='ltr'>ἄρας</span> <span class='ocrx_word' id='word_1_535' title='bbox 381 2195 451 2231; x_wconf 82' lang='grc' dir='ltr'>πρὸς</span> <span class='ocrx_word' id='word_1_536' title='bbox 472 2195 518 2222; x_wconf 80' lang='grc' dir='ltr'><strong>τὸν</strong></span> <span class='ocrx_word' id='word_1_537' title='bbox 535 2195 617 2227; x_wconf 86' lang='grc' dir='ltr'>Θεὸν,</span> <span class='ocrx_word' id='word_1_538' title='bbox 634 2196 830 2232; x_wconf 83' lang='grc' dir='ltr'>ἁπωδύρετο⁹³,</span> <span class='ocrx_word' id='word_1_539' title='bbox 852 2196 898 2222; x_wconf 75' lang='grc' dir='ltr'>καὶ</span> 
     </span>
    </p>
   </div>
   <div class='ocr_carea' id='block_1_78' title="bbox 115 2241 897 2278">
    <p class='ocr_par' dir='ltr' id='par_1_78' title="bbox 115 2241 897 2278">
     <span class='ocr_line' id='line_1_78' title="bbox 115 2241 897 2278; baseline -0.003 -9"><span class='ocrx_word' id='word_1_540' title='bbox 115 2244 192 2278; x_wconf 70' lang='grc' dir='ltr'>ῥίψας</span> <span class='ocrx_word' id='word_1_541' title='bbox 216 2243 315 2271; x_wconf 78' lang='grc' dir='ltr'>ἑαυτὸν</span> <span class='ocrx_word' id='word_1_542' title='bbox 339 2243 385 2269; x_wconf 66' lang='grc' dir='ltr'>επὶ</span> <span class='ocrx_word' id='word_1_543' title='bbox 405 2242 551 2278; x_wconf 83' lang='grc' dir='ltr'>πρόσωπον</span> <span class='ocrx_word' id='word_1_544' title='bbox 579 2242 608 2268; x_wconf 78' lang='grc' dir='ltr'>ἐν</span> <span class='ocrx_word' id='word_1_545' title='bbox 629 2241 669 2277; x_wconf 80' lang='grc' dir='ltr'>τῷ</span> <span class='ocrx_word' id='word_1_546' title='bbox 683 2241 819 2277; x_wconf 82' lang='grc' dir='ltr'>ίερατείῳ,</span> <span class='ocrx_word' id='word_1_547' title='bbox 841 2241 897 2268; x_wconf 89' lang='grc' dir='ltr'>κεί-</span> 
     </span>
    </p>
   </div>
   <div class='ocr_carea' id='block_1_79' title="bbox 115 2287 898 2324">
    <p class='ocr_par' dir='ltr' id='par_1_79' title="bbox 115 2287 898 2324">
     <span class='ocr_line' id='line_1_79' title="bbox 115 2287 898 2324; baseline -0.005 -7"><span class='ocrx_word' id='word_1_548' title='bbox 115 2299 190 2324; x_wconf 80' lang='grc' dir='ltr'>μενος</span> <span class='ocrx_word' id='word_1_549' title='bbox 218 2290 267 2317; x_wconf 64' lang='lat' dir='ltr'><strong>siti.</strong></span> <span class='ocrx_word' id='word_1_550' title='bbox 287 2289 334 2316; x_wconf 85' lang='grc' dir='ltr'>τοῦ</span> <span class='ocrx_word' id='word_1_551' title='bbox 362 2289 476 2323; x_wconf 69' lang='grc' dir='ltr'>ἐδάφους</span> <span class='ocrx_word' id='word_1_552' title='bbox 499 2287 608 2324; x_wconf 66' lang='grc' dir='ltr'>ηὔχετο.</span> <span class='ocrx_word' id='word_1_553' title='bbox 630 2288 723 2322; x_wconf 81' lang='grc' dir='ltr'>Παρῆν</span> <span class='ocrx_word' id='word_1_554' title='bbox 750 2287 778 2314; x_wconf 70' lang='grc' dir='ltr'>δὲ</span> <span class='ocrx_word' id='word_1_555' title='bbox 794 2287 840 2314; x_wconf 85' lang='grc' dir='ltr'><strong>καὶ</strong></span> <span class='ocrx_word' id='word_1_556' title='bbox 853 2288 898 2314; x_wconf 77' lang='lat'><strong>6”</strong></span> 
     </span>
    </p>
   </div>
   <div class='ocr_carea' id='block_1_80' title="bbox 113 2333 899 2372">
    <p class='ocr_par' dir='ltr' id='par_1_80' title="bbox 113 2333 899 2372">
     <span class='ocr_line' id='line_1_80' title="bbox 113 2333 899 2372; baseline -0.004 -9"><span class='ocrx_word' id='word_1_557' title='bbox 113 2336 257 2372; x_wconf 79' lang='grc' dir='ltr'>Μακάριος</span> <span class='ocrx_word' id='word_1_558' title='bbox 283 2336 429 2372; x_wconf 85' lang='grc' dir='ltr'>εὐχόμενος</span> <span class='ocrx_word' id='word_1_559' title='bbox 456 2335 505 2361; x_wconf 79' lang='grc' dir='ltr'>σὺν</span> <span class='ocrx_word' id='word_1_560' title='bbox 531 2333 625 2370; x_wconf 77' lang='grc' dir='ltr'>αὐτῷ,</span> <span class='ocrx_word' id='word_1_561' title='bbox 649 2334 695 2361; x_wconf 76' lang='grc' dir='ltr'>καὶ</span> <span class='ocrx_word' id='word_1_562' title='bbox 718 2333 825 2361; x_wconf 85' lang='grc' dir='ltr'>ἀκούων</span> <span class='ocrx_word' id='word_1_563' title='bbox 849 2334 899 2369; x_wconf 87' lang='grc' dir='ltr'><strong>τῆς</strong></span> 
     </span>
    </p>
   </div>
   <div class='ocr_carea' id='block_1_81' title="bbox 112 2380 899 2418">
    <p class='ocr_par' dir='ltr' id='par_1_81' title="bbox 112 2380 899 2418">
     <span class='ocr_line' id='line_1_81' title="bbox 112 2380 899 2418; baseline -0.004 -8"><span class='ocrx_word' id='word_1_564' title='bbox 112 2384 202 2418; x_wconf 75' lang='grc' dir='ltr'>φωνῆς</span> <span class='ocrx_word' id='word_1_565' title='bbox 222 2383 318 2410; x_wconf 82' lang='grc' dir='ltr'>αὐτοῦ.</span> <span class='ocrx_word' id='word_1_566' title='bbox 338 2382 493 2418; x_wconf 83' lang='grc' dir='ltr'>Παρεκάλει</span> <span class='ocrx_word' id='word_1_567' title='bbox 513 2381 542 2408; x_wconf 81' lang='grc' dir='ltr'>δὲ</span> <span class='ocrx_word' id='word_1_568' title='bbox 566 2381 612 2408; x_wconf 85' lang='grc' dir='ltr'>δύο</span> <span class='ocrx_word' id='word_1_569' title='bbox 633 2380 719 2408; x_wconf 84' lang='grc' dir='ltr'>ταῦτα</span> <span class='ocrx_word' id='word_1_570' title='bbox 741 2380 828 2415; x_wconf 78' lang='grc' dir='ltr'>λέγων</span> <span class='ocrx_word' id='word_1_571' title='bbox 840 2388 848 2395; x_wconf 87' lang='grc'><strong>·</strong></span> <span class='ocrx_word' id='word_1_572' title='bbox 867 2380 899 2407; x_wconf 83' lang='lat' dir='ltr'><strong>Ei</strong></span> 
     </span>
    </p>
   </div>
   <div class='ocr_carea' id='block_1_82' title="bbox 114 2427 899 2465">
    <p class='ocr_par' dir='ltr' id='par_1_82' title="bbox 114 2427 899 2465">
     <span class='ocr_line' id='line_1_82' title="bbox 114 2427 899 2465; baseline -0.003 -10"><span class='ocrx_word' id='word_1_573' title='bbox 114 2429 222 2465; x_wconf 85' lang='grc' dir='ltr'>Ἀρειος</span> <span class='ocrx_word' id='word_1_574' title='bbox 237 2429 333 2465; x_wconf 82' lang='grc' dir='ltr'>αὕριον</span> <span class='ocrx_word' id='word_1_575' title='bbox 355 2429 510 2463; x_wconf 83' lang='grc' dir='ltr'>συνάγεται,</span> <span class='ocrx_word' id='word_1_576' title='bbox 526 2427 659 2455; x_wconf 82' lang='grc' dir='ltr'>ἀπόλυσον</span> <span class='ocrx_word' id='word_1_577' title='bbox 673 2427 723 2462; x_wconf 78' lang='grc' dir='ltr'>εμὲ</span> <span class='ocrx_word' id='word_1_578' title='bbox 743 2427 789 2454; x_wconf 84' lang='grc' dir='ltr'>τὸν</span> <span class='ocrx_word' id='word_1_579' title='bbox 808 2427 899 2454; x_wconf 83' lang='grc' dir='ltr'>δοῦλόν</span> 
     </span>
    </p>
   </div>
   <div class='ocr_carea' id='block_1_83' title="bbox 113 2473 898 2511">
    <p class='ocr_par' dir='ltr' id='par_1_83' title="bbox 113 2473 898 2511">
     <span class='ocr_line' id='line_1_83' title="bbox 113 2473 898 2511; baseline -0.003 -10"><span class='ocrx_word' id='word_1_580' title='bbox 113 2484 170 2508; x_wconf 88' lang='grc' dir='ltr'>σου,</span> <span class='ocrx_word' id='word_1_581' title='bbox 190 2476 240 2503; x_wconf 71' lang='grc' dir='ltr'>καὶ</span> <span class='ocrx_word' id='word_1_582' title='bbox 259 2476 297 2511; x_wconf 84' lang='grc' dir='ltr'>μὴ</span> <span class='ocrx_word' id='word_1_583' title='bbox 311 2475 498 2511; x_wconf 80' lang='grc' dir='ltr'>συναπολέσῃς</span> <span class='ocrx_word' id='word_1_584' title='bbox 522 2473 621 2508; x_wconf 78' lang='grc' dir='ltr'>εὐσεϐῆ</span> <span class='ocrx_word' id='word_1_585' title='bbox 636 2473 705 2509; x_wconf 85' lang='grc' dir='ltr'>μετὰ</span> <span class='ocrx_word' id='word_1_586' title='bbox 724 2473 850 2504; x_wconf 77' lang='grc' dir='ltr'>ἀσεϐοῦς.</span> <span class='ocrx_word' id='word_1_587' title='bbox 867 2474 898 2500; x_wconf 76' lang='lat' dir='ltr'><strong>Et</strong></span> 
     </span>
    </p>
   </div>
   <div class='ocr_carea' id='block_1_84' title="bbox 112 2517 893 2558">
    <p class='ocr_par' dir='ltr' id='par_1_84' title="bbox 112 2517 893 2558">
     <span class='ocr_line' id='line_1_84' title="bbox 112 2517 893 2558; baseline -0.004 -10"><span class='ocrx_word' id='word_1_588' title='bbox 112 2521 138 2548; x_wconf 68' lang='grc' dir='ltr'>δὲ</span> <span class='ocrx_word' id='word_1_589' title='bbox 160 2522 241 2558; x_wconf 80' lang='grc' dir='ltr'>φείδῃ</span> <span class='ocrx_word' id='word_1_590' title='bbox 268 2522 318 2558; x_wconf 86' lang='grc' dir='ltr'><strong>τῆς</strong></span> <span class='ocrx_word' id='word_1_591' title='bbox 341 2521 505 2556; x_wconf 77' lang='grc' dir='ltr'>Ἐκκλησίας</span> <span class='ocrx_word' id='word_1_592' title='bbox 529 2528 587 2551; x_wconf 83' lang='grc' dir='ltr'>σου,</span> <span class='ocrx_word' id='word_1_593' title='bbox 606 2517 663 2546; x_wconf 84' lang='grc' dir='ltr'>οἶδα</span> <span class='ocrx_word' id='word_1_594' title='bbox 685 2519 713 2545; x_wconf 78' lang='grc' dir='ltr'>δὲ</span> <span class='ocrx_word' id='word_1_595' title='bbox 733 2519 774 2546; x_wconf 85' lang='grc' dir='ltr'>ὅτι</span> <span class='ocrx_word' id='word_1_596' title='bbox 801 2519 893 2555; x_wconf 80' lang='grc' dir='ltr'>φείδῃ,</span> 
     </span>
    </p>
   </div>
   <div class='ocr_carea' id='block_1_85' title="bbox 112 2563 898 2602">
    <p class='ocr_par' dir='ltr' id='par_1_85' title="bbox 112 2563 898 2602">
     <span class='ocr_line' id='line_1_85' title="bbox 112 2563 898 2602; baseline -0.006 -8"><span class='ocrx_word' id='word_1_597' title='bbox 112 2567 184 2594; x_wconf 79' lang='grc' dir='ltr'>ἔπιδε</span> <span class='ocrx_word' id='word_1_598' title='bbox 207 2567 258 2594; x_wconf 71' lang='grc' dir='ltr'><strong>ἐπὶ</strong></span> <span class='ocrx_word' id='word_1_599' title='bbox 279 2566 314 2594; x_wconf 83' lang='grc' dir='ltr'><strong>τὰ</strong></span> <span class='ocrx_word' id='word_1_600' title='bbox 339 2567 448 2602; x_wconf 80' lang='grc' dir='ltr'>ῥήματα</span> <span class='ocrx_word' id='word_1_601' title='bbox 470 2565 525 2592; x_wconf 81' lang='grc' dir='ltr'><strong>τῶν</strong></span> <span class='ocrx_word' id='word_1_602' title='bbox 542 2565 606 2600; x_wconf 79' lang='grc' dir='ltr'>περὶ</span> <span class='ocrx_word' id='word_1_603' title='bbox 627 2563 773 2594; x_wconf 74' lang='grc' dir='ltr'>Εὐσέϐιον,</span> <span class='ocrx_word' id='word_1_604' title='bbox 793 2565 840 2590; x_wconf 68' lang='grc' dir='ltr'>καὶ</span> <span class='ocrx_word' id='word_1_605' title='bbox 860 2564 898 2600; x_wconf 78' lang='grc' dir='ltr'>μὴ</span> 
     </span>
    </p>
   </div>
   <div class='ocr_carea' id='block_1_86' title="bbox 111 2611 898 2650">
    <p class='ocr_par' dir='ltr' id='par_1_86' title="bbox 111 2611 898 2650">
     <span class='ocr_line' id='line_1_86' title="bbox 111 2611 898 2650; baseline -0.001 -10"><span class='ocrx_word' id='word_1_606' title='bbox 111 2615 161 2650; x_wconf 75' lang='grc' dir='ltr'>δῷς</span> <span class='ocrx_word' id='word_1_607' title='bbox 173 2616 214 2647; x_wconf 83' lang='grc' dir='ltr'><strong>εἰς</strong></span> <span class='ocrx_word' id='word_1_608' title='bbox 229 2615 384 2650; x_wconf 81' lang='grc' dir='ltr'>ἀφανισμὸν</span> <span class='ocrx_word' id='word_1_609' title='bbox 401 2615 448 2641; x_wconf 72' lang='grc' dir='ltr'>καὶ</span> <span class='ocrx_word' id='word_1_610' title='bbox 461 2613 561 2644; x_wconf 75' lang='grc' dir='ltr'>ὄνειδος</span> <span class='ocrx_word' id='word_1_611' title='bbox 573 2612 621 2647; x_wconf 82' lang='grc' dir='ltr'>τὴν</span> <span class='ocrx_word' id='word_1_612' title='bbox 634 2611 815 2647; x_wconf 79' lang='grc' dir='ltr'>κληρονομίαν</span> <span class='ocrx_word' id='word_1_613' title='bbox 832 2620 878 2639; x_wconf 86' lang='grc' dir='ltr'><strong>σου</strong></span> <span class='ocrx_word' id='word_1_614' title='bbox 890 2621 898 2629; x_wconf 63' lang='grc' dir='ltr'>ν</span> 
     </span>
    </p>
   </div>
   <div class='ocr_carea' id='block_1_87' title="bbox 949 1646 1734 1684">
    <p class='ocr_par' dir='ltr' id='par_1_87' title="bbox 949 1646 1734 1684">
     <span class='ocr_line' id='line_1_87' title="bbox 949 1646 1734 1684; baseline -0.006 -7"><span class='ocrx_word' id='word_1_615' title='bbox 949 1650 1034 1677; x_wconf 86' lang='lat' dir='ltr'><strong>ander</strong></span> <span class='ocrx_word' id='word_1_616' title='bbox 1062 1648 1384 1684; x_wconf 83' lang='lat' dir='ltr'><strong>Constantinopolitanus</strong></span> <span class='ocrx_word' id='word_1_617' title='bbox 1419 1647 1577 1682; x_wconf 84' lang='lat' dir='ltr'><strong>episcopus,</strong></span> <span class='ocrx_word' id='word_1_618' title='bbox 1622 1646 1734 1674; x_wconf 57' lang='lat' dir='ltr'><strong>haeresis</strong></span> 
     </span>
    </p>
   </div>
   <div class='ocr_carea' id='block_1_88' title="bbox 950 1692 1735 1730">
    <p class='ocr_par' dir='ltr' id='par_1_88' title="bbox 950 1692 1735 1730">
     <span class='ocr_line' id='line_1_88' title="bbox 950 1692 1735 1730; baseline -0.008 -7"><span class='ocrx_word' id='word_1_619' title='bbox 950 1697 1118 1723; x_wconf 88' lang='lat' dir='ltr'><strong>inventorem</strong></span> <span class='ocrx_word' id='word_1_620' title='bbox 1137 1703 1241 1730; x_wconf 77' lang='lat' dir='ltr'><strong>negans</strong></span> <span class='ocrx_word' id='word_1_621' title='bbox 1260 1695 1288 1722; x_wconf 91' lang='lat' dir='ltr'><strong>in</strong></span> <span class='ocrx_word' id='word_1_622' title='bbox 1313 1693 1534 1722; x_wconf 88' lang='lat' dir='ltr'><strong>communionem</strong></span> <span class='ocrx_word' id='word_1_623' title='bbox 1560 1692 1642 1728; x_wconf 74' lang='lat'><strong>786</strong></span> <span class='ocrx_word' id='word_1_624' title='bbox 1654 1692 1735 1726; x_wconf 79' lang='lat' dir='ltr'><strong>recipi</strong></span> 
     </span>
    </p>
   </div>
   <div class='ocr_carea' id='block_1_89' title="bbox 949 1737 1738 1777">
    <p class='ocr_par' dir='ltr' id='par_1_89' title="bbox 949 1737 1738 1777">
     <span class='ocr_line' id='line_1_89' title="bbox 949 1737 1738 1777; baseline -0.008 -8"><span class='ocrx_word' id='word_1_625' title='bbox 949 1747 1086 1777; x_wconf 86' lang='lat' dir='ltr'><strong>oportere.</strong></span> <span class='ocrx_word' id='word_1_626' title='bbox 1099 1740 1221 1768; x_wconf 85' lang='lat' dir='ltr'><strong>Tandem</strong></span> <span class='ocrx_word' id='word_1_627' title='bbox 1235 1740 1436 1775; x_wconf 87' lang='lat' dir='ltr'><strong>minasjactans</strong></span> <span class='ocrx_word' id='word_1_628' title='bbox 1451 1738 1604 1766; x_wconf 85' lang='lat' dir='ltr'><strong>Eusebius:</strong></span> <span class='ocrx_word' id='word_1_629' title='bbox 1618 1738 1626 1748; x_wconf 83' lang='lat'><strong>‘</strong></span> <span class='ocrx_word' id='word_1_630' title='bbox 1638 1737 1738 1770; x_wconf 82' lang='lat' dir='ltr'><strong>Quem-</strong></span> 
     </span>
    </p>
   </div>
   <div class='ocr_carea' id='block_1_90' title="bbox 950 1785 1736 1822">
    <p class='ocr_par' dir='ltr' id='par_1_90' title="bbox 950 1785 1736 1822">
     <span class='ocr_line' id='line_1_90' title="bbox 950 1785 1736 1822; baseline -0.009 -7"><span class='ocrx_word' id='word_1_631' title='bbox 950 1788 1113 1820; x_wconf 81' lang='lat' dir='ltr'><strong>admodum,</strong></span> <span class='ocrx_word' id='word_1_632' title='bbox 1149 1787 1254 1822; x_wconf 91' lang='lat' dir='ltr'><strong>inquit,</strong></span> <span class='ocrx_word' id='word_1_633' title='bbox 1284 1790 1380 1814; x_wconf 91' lang='lat' dir='ltr'><strong>conlra</strong></span> <span class='ocrx_word' id='word_1_634' title='bbox 1414 1785 1582 1812; x_wconf 82' lang='lat' dir='ltr'><strong>voluntatem</strong></span> <span class='ocrx_word' id='word_1_635' title='bbox 1618 1788 1736 1811; x_wconf 82' lang='lat' dir='ltr'><strong>vestram</strong></span> 
     </span>
    </p>
   </div>
   <div class='ocr_carea' id='block_1_91' title="bbox 949 1827 1735 1869">
    <p class='ocr_par' dir='ltr' id='par_1_91' title="bbox 949 1827 1735 1869">
     <span class='ocr_line' id='line_1_91' title="bbox 949 1827 1735 1869; baseline -0.008 -9"><span class='ocrx_word' id='word_1_636' title='bbox 949 1834 1064 1869; x_wconf 80' lang='lat' dir='ltr'><strong>egimus.</strong></span> <span class='ocrx_word' id='word_1_637' title='bbox 1081 1837 1111 1860; x_wconf 93' lang='lat' dir='ltr'><strong>ut</strong></span> <span class='ocrx_word' id='word_1_638' title='bbox 1126 1833 1150 1860; x_wconf 90' lang='lat' dir='ltr'><strong>is</strong></span> <span class='ocrx_word' id='word_1_639' title='bbox 1174 1832 1208 1859; x_wconf 90' lang='lat' dir='ltr'><strong>ab</strong></span> <span class='ocrx_word' id='word_1_640' title='bbox 1228 1832 1392 1866; x_wconf 84' lang='lat' dir='ltr'><strong>imperatore</strong></span> <span class='ocrx_word' id='word_1_641' title='bbox 1409 1833 1599 1857; x_wconf 85' lang='lat' dir='ltr'><strong>accerseretur</strong></span> <span class='ocrx_word' id='word_1_642' title='bbox 1615 1837 1622 1855; x_wconf 87' lang='lat'>:</span> <span class='ocrx_word' id='word_1_643' title='bbox 1637 1827 1678 1856; x_wconf 88' lang='lat' dir='ltr'><strong>sic</strong></span> <span class='ocrx_word' id='word_1_644' title='bbox 1694 1827 1735 1854; x_wconf 87' lang='lat' dir='ltr'><strong>vel</strong></span> 
     </span>
    </p>
   </div>
   <div class='ocr_carea' id='block_1_92' title="bbox 950 1871 1736 1907">
    <p class='ocr_par' dir='ltr' id='par_1_92' title="bbox 950 1871 1736 1907">
     <span class='ocr_line' id='line_1_92' title="bbox 950 1871 1736 1907; baseline -0.01 -1"><span class='ocrx_word' id='word_1_645' title='bbox 950 1883 976 1907; x_wconf 87' lang='lat' dir='ltr'><strong>te</strong></span> <span class='ocrx_word' id='word_1_646' title='bbox 992 1879 1076 1906; x_wconf 90' lang='lat' dir='ltr'><strong>invito</strong></span> <span class='ocrx_word' id='word_1_647' title='bbox 1092 1885 1154 1905; x_wconf 89' lang='lat' dir='ltr'><strong>cras</strong></span> <span class='ocrx_word' id='word_1_648' title='bbox 1172 1877 1256 1904; x_wconf 90' lang='lat' dir='ltr'><strong>Arius</strong></span> <span class='ocrx_word' id='word_1_649' title='bbox 1272 1881 1436 1904; x_wconf 91' lang='lat' dir='ltr'><strong>conventum</strong></span> <span class='ocrx_word' id='word_1_650' title='bbox 1467 1874 1609 1901; x_wconf 89' lang='lat' dir='ltr'><strong>nobiscum</strong></span> <span class='ocrx_word' id='word_1_651' title='bbox 1632 1876 1693 1906; x_wconf 81' lang='lat' dir='ltr'><strong>aget</strong></span> <span class='ocrx_word' id='word_1_652' title='bbox 1708 1871 1736 1898; x_wconf 90' lang='lat' dir='ltr'><strong>in</strong></span> 
     </span>
    </p>
   </div>
   <div class='ocr_carea' id='block_1_93' title="bbox 950 1917 1736 1952">
    <p class='ocr_par' dir='ltr' id='par_1_93' title="bbox 950 1917 1736 1952">
     <span class='ocr_line' id='line_1_93' title="bbox 950 1917 1736 1952; baseline -0.011 0"><span class='ocrx_word' id='word_1_653' title='bbox 950 1925 1001 1952; x_wconf 85' lang='lat' dir='ltr'><strong>hac</strong></span> <span class='ocrx_word' id='word_1_654' title='bbox 1015 1925 1141 1952; x_wconf 85' lang='lat' dir='ltr'><strong>ecclesia.</strong></span> <span class='ocrx_word' id='word_1_655' title='bbox 1159 1923 1309 1950; x_wconf 80' lang='lat' dir='ltr'><strong>Sabbatum</strong></span> <span class='ocrx_word' id='word_1_656' title='bbox 1326 1925 1416 1950; x_wconf 84' lang='lat' dir='ltr'><strong>autem</strong></span> <span class='ocrx_word' id='word_1_657' title='bbox 1427 1924 1497 1952; x_wconf 88' lang='lat' dir='ltr'><strong>erat,</strong></span> <span class='ocrx_word' id='word_1_658' title='bbox 1514 1927 1576 1947; x_wconf 90' lang='lat' dir='ltr'><strong>cum</strong></span> <span class='ocrx_word' id='word_1_659' title='bbox 1591 1919 1649 1945; x_wconf 72' lang='lat' dir='ltr'><strong>haec</strong></span> <span class='ocrx_word' id='word_1_660' title='bbox 1662 1917 1736 1944; x_wconf 75' lang='lat' dir='ltr'><strong>(lice-</strong></span> 
     </span>
    </p>
   </div>
   <div class='ocr_carea' id='block_1_94' title="bbox 949 1962 1736 2002">
    <p class='ocr_par' dir='ltr' id='par_1_94' title="bbox 949 1962 1736 2002">
     <span class='ocr_line' id='line_1_94' title="bbox 949 1962 1736 2002; baseline -0.01 -5"><span class='ocrx_word' id='word_1_661' title='bbox 949 1974 1001 1997; x_wconf 89' lang='lat' dir='ltr'><strong>ret.</strong></span> <span class='ocrx_word' id='word_1_662' title='bbox 1025 1969 1130 2002; x_wconf 87' lang='lat' dir='ltr'><strong>Quibus</strong></span> <span class='ocrx_word' id='word_1_663' title='bbox 1148 1968 1259 2001; x_wconf 87' lang='lat' dir='ltr'><strong>auditis,</strong></span> <span class='ocrx_word' id='word_1_664' title='bbox 1276 1962 1450 1995; x_wconf 77' lang='lat' dir='ltr'><strong>veheineuter</strong></span> <span class='ocrx_word' id='word_1_665' title='bbox 1477 1965 1574 1993; x_wconf 88' lang='lat' dir='ltr'><strong>dolens</strong></span> <span class='ocrx_word' id='word_1_666' title='bbox 1591 1963 1736 1999; x_wconf 85' lang='lat' dir='ltr'><strong>episcopus</strong></span> 
     </span>
    </p>
   </div>
   <div class='ocr_carea' id='block_1_95' title="bbox 950 2008 1735 2048">
    <p class='ocr_par' dir='ltr' id='par_1_95' title="bbox 950 2008 1735 2048">
     <span class='ocr_line' id='line_1_95' title="bbox 950 2008 1735 2048; baseline -0.009 -7"><span class='ocrx_word' id='word_1_667' title='bbox 950 2015 1101 2042; x_wconf 84' lang='lat' dir='ltr'><strong>Alexander</strong></span> <span class='ocrx_word' id='word_1_668' title='bbox 1133 2015 1278 2042; x_wconf 86' lang='lat' dir='ltr'><strong>ecclesiam</strong></span> <span class='ocrx_word' id='word_1_669' title='bbox 1306 2012 1470 2048; x_wconf 80' lang='lat' dir='ltr'><strong>ingreditur,</strong></span> <span class='ocrx_word' id='word_1_670' title='bbox 1505 2010 1678 2044; x_wconf 83' lang='lat' dir='ltr'><strong>sublatisque</strong></span> <span class='ocrx_word' id='word_1_671' title='bbox 1701 2008 1735 2035; x_wconf 87' lang='lat' dir='ltr'><strong>ad</strong></span> 
     </span>
    </p>
   </div>
   <div class='ocr_carea' id='block_1_96' title="bbox 951 2055 1736 2091">
    <p class='ocr_par' dir='ltr' id='par_1_96' title="bbox 951 2055 1736 2091">
     <span class='ocr_line' id='line_1_96' title="bbox 951 2055 1736 2091; baseline -0.006 -4"><span class='ocrx_word' id='word_1_672' title='bbox 951 2061 1034 2087; x_wconf 73' lang='lat' dir='ltr'><strong>Deum</strong></span> <span class='ocrx_word' id='word_1_673' title='bbox 1053 2060 1181 2087; x_wconf 89' lang='lat' dir='ltr'><strong>manibus</strong></span> <span class='ocrx_word' id='word_1_674' title='bbox 1192 2060 1368 2090; x_wconf 85' lang='lat' dir='ltr'><strong>lamentatur,</strong></span> <span class='ocrx_word' id='word_1_675' title='bbox 1384 2061 1411 2086; x_wconf 92' lang='lat' dir='ltr'><strong>et</strong></span> <span class='ocrx_word' id='word_1_676' title='bbox 1426 2058 1453 2084; x_wconf 93' lang='lat' dir='ltr'><strong>in</strong></span> <span class='ocrx_word' id='word_1_677' title='bbox 1471 2057 1568 2084; x_wconf 79' lang='lat' dir='ltr'><strong>faciem</strong></span> <span class='ocrx_word' id='word_1_678' title='bbox 1591 2055 1736 2091; x_wconf 85' lang='lat' dir='ltr'><strong>procidens</strong></span> 
     </span>
    </p>
   </div>
   <div class='ocr_carea' id='block_1_97' title="bbox 949 2098 1735 2138">
    <p class='ocr_par' dir='ltr' id='par_1_97' title="bbox 949 2098 1735 2138">
     <span class='ocr_line' id='line_1_97' title="bbox 949 2098 1735 2138; baseline -0.009 -6"><span class='ocrx_word' id='word_1_679' title='bbox 949 2106 977 2132; x_wconf 89' lang='lat' dir='ltr'><strong>in</strong></span> <span class='ocrx_word' id='word_1_680' title='bbox 991 2105 1159 2135; x_wconf 87' lang='lat' dir='ltr'><strong>sanctuario,</strong></span> <span class='ocrx_word' id='word_1_681' title='bbox 1173 2103 1250 2131; x_wconf 90' lang='lat' dir='ltr'><strong>humi</strong></span> <span class='ocrx_word' id='word_1_682' title='bbox 1273 2107 1428 2138; x_wconf 88' lang='lat' dir='ltr'><strong>prostratus</strong></span> <span class='ocrx_word' id='word_1_683' title='bbox 1444 2109 1538 2138; x_wconf 89' lang='lat' dir='ltr'><strong>preces</strong></span> <span class='ocrx_word' id='word_1_684' title='bbox 1565 2099 1664 2128; x_wconf 78' lang='lat' dir='ltr'><strong>fundit.</strong></span> <span class='ocrx_word' id='word_1_685' title='bbox 1681 2098 1735 2126; x_wconf 84' lang='lat' dir='ltr'><strong>Ad-</strong></span> 
     </span>
    </p>
   </div>
   <div class='ocr_carea' id='block_1_98' title="bbox 949 2146 1736 2181">
    <p class='ocr_par' dir='ltr' id='par_1_98' title="bbox 949 2146 1736 2181">
     <span class='ocr_line' id='line_1_98' title="bbox 949 2146 1736 2181; baseline -0.01 -2"><span class='ocrx_word' id='word_1_686' title='bbox 949 2156 1007 2179; x_wconf 85' lang='lat' dir='ltr'><strong>erat</strong></span> <span class='ocrx_word' id='word_1_687' title='bbox 1024 2157 1078 2177; x_wconf 89' lang='lat' dir='ltr'><strong>una</strong></span> <span class='ocrx_word' id='word_1_688' title='bbox 1095 2149 1238 2181; x_wconf 77' lang='lat' dir='ltr'><strong>Macarius,</strong></span> <span class='ocrx_word' id='word_1_689' title='bbox 1254 2149 1335 2176; x_wconf 86' lang='lat' dir='ltr'><strong>simul</strong></span> <span class='ocrx_word' id='word_1_690' title='bbox 1348 2155 1431 2175; x_wconf 83' lang='lat' dir='ltr'><strong>orans</strong></span> <span class='ocrx_word' id='word_1_691' title='bbox 1444 2154 1507 2174; x_wconf 88' lang='lat' dir='ltr'><strong>cum</strong></span> <span class='ocrx_word' id='word_1_692' title='bbox 1522 2154 1564 2178; x_wconf 86' lang='lat' dir='ltr'><strong>eo,</strong></span> <span class='ocrx_word' id='word_1_693' title='bbox 1582 2151 1608 2173; x_wconf 90' lang='lat' dir='ltr'><strong>et</strong></span> <span class='ocrx_word' id='word_1_694' title='bbox 1616 2146 1675 2180; x_wconf 83' lang='lat' dir='ltr'><strong>ejus</strong></span> <span class='ocrx_word' id='word_1_695' title='bbox 1688 2153 1736 2172; x_wconf 58' lang='grc' dir='ltr'>νος</span> 
     </span>
    </p>
   </div>
   <div class='ocr_carea' id='block_1_99' title="bbox 949 2190 1734 2228">
    <p class='ocr_par' dir='ltr' id='par_1_99' title="bbox 949 2190 1734 2228">
     <span class='ocr_line' id='line_1_99' title="bbox 949 2190 1734 2228; baseline -0.008 -5"><span class='ocrx_word' id='word_1_696' title='bbox 949 2204 1008 2224; x_wconf 87' lang='lat' dir='ltr'><strong>cem</strong></span> <span class='ocrx_word' id='word_1_697' title='bbox 1029 2195 1152 2222; x_wconf 82' lang='lat' dir='ltr'><strong>audiens.</strong></span> <span class='ocrx_word' id='word_1_698' title='bbox 1168 2194 1226 2220; x_wconf 92' lang='lat' dir='ltr'><strong>Duo</strong></span> <span class='ocrx_word' id='word_1_699' title='bbox 1240 2197 1330 2220; x_wconf 89' lang='lat' dir='ltr'><strong>autem</strong></span> <span class='ocrx_word' id='word_1_700' title='bbox 1344 2192 1500 2228; x_wconf 85' lang='lat' dir='ltr'><strong>postulabat</strong></span> <span class='ocrx_word' id='word_1_701' title='bbox 1514 2191 1557 2218; x_wconf 89' lang='lat' dir='ltr'><strong>his</strong></span> <span class='ocrx_word' id='word_1_702' title='bbox 1574 2191 1664 2218; x_wconf 86' lang='lat' dir='ltr'><strong>verbis</strong></span> <span class='ocrx_word' id='word_1_703' title='bbox 1679 2201 1684 2218; x_wconf 95' lang='lat'>:</span> <span class='ocrx_word' id='word_1_704' title='bbox 1706 2190 1734 2217; x_wconf 81' lang='lat' dir='ltr'><strong>Si</strong></span> 
     </span>
    </p>
   </div>
   <div class='ocr_carea' id='block_1_100' title="bbox 952 2238 1735 2275">
    <p class='ocr_par' dir='ltr' id='par_1_100' title="bbox 952 2238 1735 2275">
     <span class='ocr_line' id='line_1_100' title="bbox 952 2238 1735 2275; baseline -0.006 -6"><span class='ocrx_word' id='word_1_705' title='bbox 952 2240 1045 2269; x_wconf 63' lang='lat' dir='ltr'><strong>Arius&quot;</strong></span> <span class='ocrx_word' id='word_1_706' title='bbox 1060 2248 1122 2268; x_wconf 87' lang='lat' dir='ltr'><strong>cras</strong></span> <span class='ocrx_word' id='word_1_707' title='bbox 1135 2240 1167 2267; x_wconf 88' lang='lat' dir='ltr'><strong>ad</strong></span> <span class='ocrx_word' id='word_1_708' title='bbox 1191 2239 1317 2275; x_wconf 86' lang='lat' dir='ltr'><strong>synaxim</strong></span> <span class='ocrx_word' id='word_1_709' title='bbox 1334 2239 1419 2271; x_wconf 85' lang='lat' dir='ltr'><strong>venit,</strong></span> <span class='ocrx_word' id='word_1_710' title='bbox 1437 2238 1544 2265; x_wconf 91' lang='lat' dir='ltr'><strong>dimitte</strong></span> <span class='ocrx_word' id='word_1_711' title='bbox 1559 2244 1602 2265; x_wconf 88' lang='lat' dir='ltr'><strong>me</strong></span> <span class='ocrx_word' id='word_1_712' title='bbox 1626 2245 1735 2265; x_wconf 78' lang='lat' dir='ltr'><strong>servum</strong></span> 
     </span>
    </p>
   </div>
   <div class='ocr_carea' id='block_1_101' title="bbox 951 2281 1735 2319">
    <p class='ocr_par' dir='ltr' id='par_1_101' title="bbox 951 2281 1735 2319">
     <span class='ocr_line' id='line_1_101' title="bbox 951 2281 1735 2319; baseline -0.005 -6"><span class='ocrx_word' id='word_1_713' title='bbox 951 2291 1038 2319; x_wconf 87' lang='lat' dir='ltr'><strong>tuum,</strong></span> <span class='ocrx_word' id='word_1_714' title='bbox 1055 2289 1082 2312; x_wconf 90' lang='lat' dir='ltr'><strong>et</strong></span> <span class='ocrx_word' id='word_1_715' title='bbox 1099 2292 1133 2312; x_wconf 86' lang='lat' dir='ltr'><strong>ne</strong></span> <span class='ocrx_word' id='word_1_716' title='bbox 1148 2284 1229 2312; x_wconf 87' lang='lat' dir='ltr'><strong>simul</strong></span> <span class='ocrx_word' id='word_1_717' title='bbox 1244 2283 1343 2318; x_wconf 87' lang='lat' dir='ltr'><strong>perdas</strong></span> <span class='ocrx_word' id='word_1_718' title='bbox 1374 2283 1447 2318; x_wconf 81' lang='lat' dir='ltr'><strong>piunt</strong></span> <span class='ocrx_word' id='word_1_719' title='bbox 1461 2290 1522 2309; x_wconf 85' lang='lat' dir='ltr'><strong>cum</strong></span> <span class='ocrx_word' id='word_1_720' title='bbox 1552 2281 1634 2316; x_wconf 80' lang='lat' dir='ltr'><strong>impio</strong></span> <span class='ocrx_word' id='word_1_721' title='bbox 1649 2290 1657 2315; x_wconf 91' lang='lat'><strong>;</strong></span> <span class='ocrx_word' id='word_1_722' title='bbox 1670 2285 1697 2307; x_wconf 92' lang='lat' dir='ltr'><strong>at</strong></span> <span class='ocrx_word' id='word_1_723' title='bbox 1712 2282 1735 2309; x_wconf 88' lang='lat' dir='ltr'><strong>si</strong></span> 
     </span>
    </p>
   </div>
   <div class='ocr_carea' id='block_1_102' title="bbox 953 2328 1737 2366">
    <p class='ocr_par' dir='ltr' id='par_1_102' title="bbox 953 2328 1737 2366">
     <span class='ocr_line' id='line_1_102' title="bbox 953 2328 1737 2366; baseline -0.008 -5"><span class='ocrx_word' id='word_1_724' title='bbox 953 2331 1080 2361; x_wconf 72' lang='lat' dir='ltr'><strong>Ecclesiae</strong></span> <span class='ocrx_word' id='word_1_725' title='bbox 1095 2335 1148 2358; x_wconf 75' lang='lat' dir='ltr'><strong>tuae</strong></span> <span class='ocrx_word' id='word_1_726' title='bbox 1161 2330 1260 2366; x_wconf 82' lang='lat' dir='ltr'><strong>parcis,</strong></span> <span class='ocrx_word' id='word_1_727' title='bbox 1272 2329 1363 2366; x_wconf 82' lang='lat' dir='ltr'><strong>parcis</strong></span> <span class='ocrx_word' id='word_1_728' title='bbox 1378 2332 1480 2361; x_wconf 88' lang='lat' dir='ltr'><strong>autem,</strong></span> <span class='ocrx_word' id='word_1_729' title='bbox 1497 2332 1539 2355; x_wconf 86' lang='lat' dir='ltr'><strong>sat</strong></span> <span class='ocrx_word' id='word_1_730' title='bbox 1558 2328 1625 2360; x_wconf 86' lang='lat' dir='ltr'><strong>scio,</strong></span> <span class='ocrx_word' id='word_1_731' title='bbox 1637 2328 1737 2363; x_wconf 53' lang='lat' dir='ltr'><strong>tonsi-</strong></span> 
     </span>
    </p>
   </div>
   <div class='ocr_carea' id='block_1_103' title="bbox 951 2366 1737 2409">
    <p class='ocr_par' dir='ltr' id='par_1_103' title="bbox 951 2366 1737 2409">
     <span class='ocr_line' id='line_1_103' title="bbox 951 2366 1737 2409; baseline -0.006 -5"><span class='ocrx_word' id='word_1_732' title='bbox 951 2382 1015 2409; x_wconf 69' lang='lat' dir='ltr'><strong>dera</strong></span> <span class='ocrx_word' id='word_1_733' title='bbox 1038 2379 1122 2408; x_wconf 74' lang='lat' dir='ltr'><strong>Verba</strong></span> <span class='ocrx_word' id='word_1_734' title='bbox 1139 2375 1260 2407; x_wconf 88' lang='lat' dir='ltr'><strong>Eusebii,</strong></span> <span class='ocrx_word' id='word_1_735' title='bbox 1276 2379 1303 2402; x_wconf 85' lang='lat' dir='ltr'><strong>et</strong></span> <span class='ocrx_word' id='word_1_736' title='bbox 1322 2382 1357 2401; x_wconf 89' lang='lat' dir='ltr'><strong>ne</strong></span> <span class='ocrx_word' id='word_1_737' title='bbox 1372 2374 1420 2401; x_wconf 87' lang='lat' dir='ltr'><strong>des</strong></span> <span class='ocrx_word' id='word_1_738' title='bbox 1435 2374 1461 2400; x_wconf 91' lang='lat' dir='ltr'><strong>in</strong></span> <span class='ocrx_word' id='word_1_739' title='bbox 1477 2375 1584 2400; x_wconf 85' lang='lat' dir='ltr'><strong>ruinam</strong></span> <span class='ocrx_word' id='word_1_740' title='bbox 1600 2377 1626 2400; x_wconf 87' lang='lat' dir='ltr'><strong>et</strong></span> <span class='ocrx_word' id='word_1_741' title='bbox 1640 2366 1737 2408; x_wconf 63' lang='lat' dir='ltr'><strong>oppro-</strong></span> 
     </span>
    </p>
   </div>
   <div class='ocr_carea' id='block_1_104' title="bbox 951 2412 1736 2462">
    <p class='ocr_par' dir='ltr' id='par_1_104' title="bbox 951 2412 1736 2462">
     <span class='ocr_line' id='line_1_104' title="bbox 951 2412 1736 2462; baseline -0.013 -4"><span class='ocrx_word' id='word_1_742' title='bbox 951 2429 1040 2458; x_wconf 79' lang='lat' dir='ltr'><strong>brium</strong></span> <span class='ocrx_word' id='word_1_743' title='bbox 1056 2425 1242 2456; x_wconf 73' lang='lat' dir='ltr'><strong>hzereditatem</strong></span> <span class='ocrx_word' id='word_1_744' title='bbox 1264 2429 1337 2451; x_wconf 87' lang='lat' dir='ltr'><strong>tuam</strong></span> <span class='ocrx_word' id='word_1_745' title='bbox 1352 2431 1358 2448; x_wconf 89' lang='lat'>:</span> <span class='ocrx_word' id='word_1_746' title='bbox 1374 2422 1421 2449; x_wconf 88' lang='lat' dir='ltr'><strong>sed</strong></span> <span class='ocrx_word' id='word_1_747' title='bbox 1439 2421 1502 2449; x_wconf 87' lang='lat' dir='ltr'><strong>tolle</strong></span> <span class='ocrx_word' id='word_1_748' title='bbox 1516 2421 1612 2447; x_wconf 81' lang='lat' dir='ltr'><strong>Arium</strong></span> <span class='ocrx_word' id='word_1_749' title='bbox 1629 2412 1662 2462; x_wconf 43' lang='lat' dir='ltr'><strong>d/‘e</strong></span> <span class='ocrx_word' id='word_1_750' title='bbox 1678 2428 1736 2448; x_wconf 85' lang='lat' dir='ltr'><strong>me-</strong></span> 
     </span>
    </p>
   </div>
   <div class='ocr_carea' id='block_1_105' title="bbox 953 2467 1736 2509">
    <p class='ocr_par' dir='ltr' id='par_1_105' title="bbox 953 2467 1736 2509">
     <span class='ocr_line' id='line_1_105' title="bbox 953 2467 1736 2509; baseline -0.015 -4"><span class='ocrx_word' id='word_1_751' title='bbox 953 2478 1007 2509; x_wconf 85' lang='lat' dir='ltr'><strong>dio,</strong></span> <span class='ocrx_word' id='word_1_752' title='bbox 1025 2483 1058 2503; x_wconf 90' lang='lat' dir='ltr'><strong>ne</strong></span> <span class='ocrx_word' id='word_1_753' title='bbox 1070 2474 1117 2501; x_wconf 90' lang='lat' dir='ltr'><strong>illo</strong></span> <span class='ocrx_word' id='word_1_754' title='bbox 1141 2473 1168 2499; x_wconf 90' lang='lat' dir='ltr'><strong>in</strong></span> <span class='ocrx_word' id='word_1_755' title='bbox 1195 2470 1338 2498; x_wconf 86' lang='lat' dir='ltr'><strong>ecclesiam</strong></span> <span class='ocrx_word' id='word_1_756' title='bbox 1366 2468 1490 2503; x_wconf 80' lang='lat' dir='ltr'><strong>ingresso</strong></span> <span class='ocrx_word' id='word_1_757' title='bbox 1514 2467 1594 2495; x_wconf 88' lang='lat' dir='ltr'><strong>simul</strong></span> <span class='ocrx_word' id='word_1_758' title='bbox 1611 2467 1736 2502; x_wconf 73' lang='lat' dir='ltr'><strong>ingressa</strong></span> 
     </span>
    </p>
   </div>
   <div class='ocr_carea' id='block_1_106' title="bbox 953 2512 1735 2550">
    <p class='ocr_par' dir='ltr' id='par_1_106' title="bbox 953 2512 1735 2550">
     <span class='ocr_line' id='line_1_106' title="bbox 953 2512 1735 2550; baseline -0.017 0"><span class='ocrx_word' id='word_1_759' title='bbox 953 2521 1064 2550; x_wconf 64' lang='lat' dir='ltr'><strong>haeresis</strong></span> <span class='ocrx_word' id='word_1_760' title='bbox 1079 2519 1212 2549; x_wconf 78' lang='lat' dir='ltr'><strong>videatur,</strong></span> <span class='ocrx_word' id='word_1_761' title='bbox 1234 2519 1262 2543; x_wconf 92' lang='lat' dir='ltr'><strong>et</strong></span> <span class='ocrx_word' id='word_1_762' title='bbox 1275 2514 1385 2550; x_wconf 89' lang='lat' dir='ltr'><strong>pietatis</strong></span> <span class='ocrx_word' id='word_1_763' title='bbox 1402 2513 1487 2540; x_wconf 88' lang='lat' dir='ltr'><strong>instar</strong></span> <span class='ocrx_word' id='word_1_764' title='bbox 1498 2513 1588 2540; x_wconf 88' lang='lat' dir='ltr'><strong>locum</strong></span> <span class='ocrx_word' id='word_1_765' title='bbox 1606 2512 1735 2546; x_wconf 80' lang='lat' dir='ltr'><strong>deinceps</strong></span> 
     </span>
    </p>
   </div>
   <div class='ocr_carea' id='block_1_107' title="bbox 953 2557 1736 2603">
    <p class='ocr_par' dir='ltr' id='par_1_107' title="bbox 953 2557 1736 2603">
     <span class='ocr_line' id='line_1_107' title="bbox 953 2557 1736 2603; baseline -0.015 -7"><span class='ocrx_word' id='word_1_766' title='bbox 953 2569 1079 2603; x_wconf 87' lang='lat' dir='ltr'><strong>impietas</strong></span> <span class='ocrx_word' id='word_1_767' title='bbox 1092 2565 1226 2592; x_wconf 83' lang='lat' dir='ltr'><strong>obtineat.</strong></span> <span class='ocrx_word' id='word_1_768' title='bbox 1240 2561 1302 2588; x_wconf 68' lang='lat' dir='ltr'><strong>Haec</strong></span> <span class='ocrx_word' id='word_1_769' title='bbox 1314 2562 1440 2595; x_wconf 86' lang='lat' dir='ltr'><strong>precatus</strong></span> <span class='ocrx_word' id='word_1_770' title='bbox 1458 2558 1604 2594; x_wconf 81' lang='lat' dir='ltr'><strong>episcopus</strong></span> <span class='ocrx_word' id='word_1_771' title='bbox 1622 2557 1736 2584; x_wconf 86' lang='lat' dir='ltr'><strong>recessit</strong></span> 
     </span>
    </p>
   </div>
   <div class='ocr_carea' id='block_1_108' title="bbox 953 2603 1735 2640">
    <p class='ocr_par' dir='ltr' id='par_1_108' title="bbox 953 2603 1735 2640">
     <span class='ocr_line' id='line_1_108' title="bbox 953 2603 1735 2640; baseline -0.014 0"><span class='ocrx_word' id='word_1_772' title='bbox 953 2614 1030 2640; x_wconf 84' lang='lat' dir='ltr'><strong>valde</strong></span> <span class='ocrx_word' id='word_1_773' title='bbox 1056 2610 1154 2638; x_wconf 84' lang='lat' dir='ltr'><strong>anxius</strong></span> <span class='ocrx_word' id='word_1_774' title='bbox 1173 2612 1218 2635; x_wconf 85' lang='lat' dir='ltr'><strong>:et</strong></span> <span class='ocrx_word' id='word_1_775' title='bbox 1251 2607 1319 2634; x_wconf 88' lang='lat' dir='ltr'><strong>mira</strong></span> <span class='ocrx_word' id='word_1_776' title='bbox 1343 2605 1467 2640; x_wconf 75' lang='lat' dir='ltr'><strong>quaedam</strong></span> <span class='ocrx_word' id='word_1_777' title='bbox 1495 2607 1576 2639; x_wconf 84' lang='lat' dir='ltr'><strong>atque</strong></span> <span class='ocrx_word' id='word_1_778' title='bbox 1601 2603 1735 2630; x_wconf 86' lang='lat' dir='ltr'><strong>horrenda</strong></span> 
     </span>
    </p>
   </div>
   <div class='ocr_carea' id='block_1_109' title="bbox 712 2686 1104 2716">
    <p class='ocr_par' dir='ltr' id='par_1_109' title="bbox 712 2686 1104 2716">
     <span class='ocr_line' id='line_1_109' title="bbox 712 2686 1104 2716; baseline -0.003 -1"><span class='ocrx_word' id='word_1_779' title='bbox 712 2706 718 2708; x_wconf 83' lang='grc'><strong><em>-</em></strong></span> <span class='ocrx_word' id='word_1_780' title='bbox 771 2687 886 2715; x_wconf 65' lang='grc' dir='ltr'>νΑιιιιΕ</span> <span class='ocrx_word' id='word_1_781' title='bbox 904 2686 1104 2716; x_wconf 83' lang='lat' dir='ltr'><strong>LECTIONES.</strong></span> 
     </span>
    </p>
   </div>
   <div class='ocr_carea' id='block_1_110' title="bbox 158 2744 648 2782">
    <p class='ocr_par' dir='ltr' id='par_1_110' title="bbox 158 2744 648 2782">
     <span class='ocr_line' id='line_1_110' title="bbox 158 2744 648 2782; baseline -0.004 -8"><span class='ocrx_word' id='word_1_782' title='bbox 158 2748 181 2764; x_wconf 76' lang='grc'><strong>³⁸</strong></span> <span class='ocrx_word' id='word_1_783' title='bbox 195 2747 243 2774; x_wconf 79' lang='grc' dir='ltr'><strong>τὸν</strong></span> <span class='ocrx_word' id='word_1_784' title='bbox 257 2748 361 2782; x_wconf 83' lang='grc' dir='ltr'>χρόνον.</span> <span class='ocrx_word' id='word_1_785' title='bbox 380 2746 464 2774; x_wconf 82' lang='lat' dir='ltr'><strong>Basil.</strong></span> <span class='ocrx_word' id='word_1_786' title='bbox 479 2744 648 2782; x_wconf 17' lang='lat' dir='ltr'><strong>Gr.,r_Steph.</strong></span> 
     </span>
    </p>
   </div>
   <div class='ocr_carea' id='block_1_111' title="bbox 695 2744 1062 2772">
    <p class='ocr_par' dir='ltr' id='par_1_111' title="bbox 695 2744 1062 2772">
     <span class='ocr_line' id='line_1_111' title="bbox 695 2744 1062 2772; baseline -0.003 -2"><span class='ocrx_word' id='word_1_787' title='bbox 695 2744 718 2761; x_wconf 78' lang='grc'><strong>⁸⁸</strong></span> <span class='ocrx_word' id='word_1_788' title='bbox 732 2745 835 2771; x_wconf 75' lang='grc' dir='ltr'>ἐκεῖνον</span> <span class='ocrx_word' id='word_1_789' title='bbox 852 2745 955 2772; x_wconf 85' lang='lat' dir='ltr'><strong>addunt</strong></span> <span class='ocrx_word' id='word_1_790' title='bbox 970 2744 1062 2771; x_wconf 85' lang='lat' dir='ltr'><strong>iidem.</strong></span> 
     </span>
    </p>
   </div>
   <div class='ocr_carea' id='block_1_112' title="bbox 1109 2738 1736 2774">
    <p class='ocr_par' dir='ltr' id='par_1_112' title="bbox 1109 2738 1736 2774">
     <span class='ocr_line' id='line_1_112' title="bbox 1109 2738 1736 2774; baseline -0.003 -6"><span class='ocrx_word' id='word_1_791' title='bbox 1109 2743 1131 2758; x_wconf 81' lang='grc'><strong>⁵⁷</strong></span> <span class='ocrx_word' id='word_1_792' title='bbox 1147 2741 1228 2768; x_wconf 85' lang='lat' dir='ltr'><strong>Forte</strong></span> <span class='ocrx_word' id='word_1_793' title='bbox 1242 2739 1447 2768; x_wconf 87' lang='lat' dir='ltr'><strong>rescribendum</strong></span> <span class='ocrx_word' id='word_1_794' title='bbox 1461 2738 1631 2774; x_wconf 74' lang='grc' dir='ltr'>Σεραπίωνα,</span> <span class='ocrx_word' id='word_1_795' title='bbox 1651 2744 1679 2774; x_wconf 87' lang='lat' dir='ltr'><strong>ut</strong></span> <span class='ocrx_word' id='word_1_796' title='bbox 1689 2744 1736 2774; x_wconf 80' lang='lat' dir='ltr'><strong>est</strong></span> 
     </span>
    </p>
   </div>
   <div class='ocr_carea' id='block_1_113' title="bbox 115 2773 1732 2814">
    <p class='ocr_par' dir='ltr' id='par_1_113' title="bbox 115 2773 1732 2814">
     <span class='ocr_line' id='line_1_113' title="bbox 115 2773 1732 2814; baseline -0.007 -4"><span class='ocrx_word' id='word_1_797' title='bbox 115 2784 140 2810; x_wconf 91' lang='lat' dir='ltr'><strong>in</strong></span> <span class='ocrx_word' id='word_1_798' title='bbox 155 2773 288 2810; x_wconf 53' lang='lat' dir='ltr'><strong>omnibus</strong></span> <span class='ocrx_word' id='word_1_799' title='bbox 299 2773 441 2809; x_wconf 77' lang='lat' dir='ltr'><strong>Athanasii</strong></span> <span class='ocrx_word' id='word_1_800' title='bbox 458 2773 611 2811; x_wconf 60' lang='lat' dir='ltr'><strong>codicibus;</strong></span> <span class='ocrx_word' id='word_1_801' title='bbox 626 2781 696 2807; x_wconf 79' lang='lat' dir='ltr'><strong>inter</strong></span> <span class='ocrx_word' id='word_1_802' title='bbox 711 2780 790 2814; x_wconf 84' lang='lat' dir='ltr'><strong>cujus</strong></span> <span class='ocrx_word' id='word_1_803' title='bbox 805 2787 887 2813; x_wconf 82' lang='lat' dir='ltr'><strong>opera</strong></span> <span class='ocrx_word' id='word_1_804' title='bbox 904 2780 960 2807; x_wconf 67' lang='lat' dir='ltr'><strong>haec</strong></span> <span class='ocrx_word' id='word_1_805' title='bbox 976 2778 1089 2813; x_wconf 84' lang='lat' dir='ltr'><strong>epistola</strong></span> <span class='ocrx_word' id='word_1_806' title='bbox 1106 2781 1194 2814; x_wconf 83' lang='lat' dir='ltr'><strong>exstat</strong></span> <span class='ocrx_word' id='word_1_807' title='bbox 1209 2780 1275 2814; x_wconf 70' lang='lat' dir='ltr'><strong>tum.</strong></span> <span class='ocrx_word' id='word_1_808' title='bbox 1292 2775 1312 2814; x_wconf 57' lang='grc' dir='ltr'><strong>ί,</strong></span> <span class='ocrx_word' id='word_1_809' title='bbox 1333 2779 1403 2814; x_wconf 75' lang='lat' dir='ltr'><strong>part.</strong></span> <span class='ocrx_word' id='word_1_810' title='bbox 1420 2783 1442 2814; x_wconf 48' lang='grc' dir='ltr'><strong>ιΑ</strong></span> <span class='ocrx_word' id='word_1_811' title='bbox 1458 2782 1485 2810; x_wconf 90' lang='lat' dir='ltr'><strong>p.</strong></span> <span class='ocrx_word' id='word_1_812' title='bbox 1501 2773 1554 2814; x_wconf 64' lang='grc' dir='ltr'><strong>ἔξω</strong></span> <span class='ocrx_word' id='word_1_813' title='bbox 1568 2781 1608 2814; x_wconf 74' lang='lat' dir='ltr'><strong>sq.</strong></span> <span class='ocrx_word' id='word_1_814' title='bbox 1687 2773 1732 2814; x_wconf 50' lang='lat' dir='ltr'><strong>ite-</strong></span> 
     </span>
    </p>
   </div>
   <div class='ocr_carea' id='block_1_114' title="bbox 115 2808 1735 2848">
    <p class='ocr_par' dir='ltr' id='par_1_114' title="bbox 115 2808 1735 2848">
     <span class='ocr_line' id='line_1_114' title="bbox 115 2808 1735 2848; baseline -0.006 -4"><span class='ocrx_word' id='word_1_815' title='bbox 115 2808 248 2845; x_wconf 51' lang='grc' dir='ltr'><strong>ἱίὲ-ίῑίξιῗ</strong></span> <span class='ocrx_word' id='word_1_816' title='bbox 258 2808 285 2834; x_wconf 54' lang='grc' dir='ltr'>έέ</span> <span class='ocrx_word' id='word_1_817' title='bbox 294 2808 339 2844; x_wconf 56' lang='lat' dir='ltr'><strong>toi}</strong></span> <span class='ocrx_word' id='word_1_818' title='bbox 364 2808 439 2844; x_wconf 76' lang='lat' dir='ltr'><strong>abest</strong></span> <span class='ocrx_word' id='word_1_819' title='bbox 454 2824 468 2842; x_wconf 83' lang='lat' dir='ltr'><strong>a</strong></span> <span class='ocrx_word' id='word_1_820' title='bbox 485 2816 566 2843; x_wconf 84' lang='lat' dir='ltr'><strong>Basil.</strong></span> <span class='ocrx_word' id='word_1_821' title='bbox 589 2808 635 2842; x_wconf 64' lang='lat' dir='ltr'><strong>Cr.</strong></span> <span class='ocrx_word' id='word_1_822' title='bbox 672 2815 694 2831; x_wconf 81' lang='grc'><strong>⁶⁹</strong></span> <span class='ocrx_word' id='word_1_823' title='bbox 714 2808 804 2841; x_wconf 53' lang='grc' dir='ltr'>αὐτόν.</span> <span class='ocrx_word' id='word_1_824' title='bbox 825 2808 913 2842; x_wconf 48' lang='lat' dir='ltr'><strong>Iidem.</strong></span> <span class='ocrx_word' id='word_1_825' title='bbox 952 2815 975 2830; x_wconf 86' lang='lat'><strong>’°</strong></span> <span class='ocrx_word' id='word_1_826' title='bbox 992 2808 1213 2848; x_wconf 74' lang='grc' dir='ltr'>ὖποκρινόμενος.</span> <span class='ocrx_word' id='word_1_827' title='bbox 1228 2811 1321 2848; x_wconf 27' lang='grc' dir='ltr'><strong>ΔΒιιεὶΙ.</strong></span> <span class='ocrx_word' id='word_1_828' title='bbox 1334 2808 1402 2848; x_wconf 44' lang='lat' dir='ltr'><strong>litt,</strong></span> <span class='ocrx_word' id='word_1_829' title='bbox 1423 2808 1551 2848; x_wconf 40' lang='lat' dir='ltr'><strong>(lasani)?</strong></span> <span class='ocrx_word' id='word_1_830' title='bbox 1568 2808 1735 2848; x_wconf 71' lang='lat' dir='ltr'><strong>Christoth</strong></span> 
     </span>
    </p>
   </div>
   <div class='ocr_carea' id='block_1_115' title="bbox 115 2848 1062 2887">
    <p class='ocr_par' dir='ltr' id='par_1_115' title="bbox 115 2848 1062 2887">
     <span class='ocr_line' id='line_1_115' title="bbox 115 2848 1062 2887; baseline -0.004 -9"><span class='ocrx_word' id='word_1_831' title='bbox 115 2854 214 2887; x_wconf 67' lang='lat' dir='ltr'><strong>St-alig.</strong></span> <span class='ocrx_word' id='word_1_832' title='bbox 227 2872 234 2883; x_wconf 87' lang='lat'><strong>,</strong></span> <span class='ocrx_word' id='word_1_833' title='bbox 251 2852 424 2879; x_wconf 84' lang='lat' dir='ltr'><strong>Athanasius.</strong></span> <span class='ocrx_word' id='word_1_834' title='bbox 463 2853 484 2868; x_wconf 70' lang='grc' dir='ltr'><strong>ἰ</strong></span> <span class='ocrx_word' id='word_1_835' title='bbox 505 2850 585 2887; x_wconf 65' lang='grc' dir='ltr'>αυτόν</span> <span class='ocrx_word' id='word_1_836' title='bbox 601 2849 806 2887; x_wconf 29' lang='grc' dir='ltr'>ιιιΙάψιιῌΒςιςίΙ.</span> <span class='ocrx_word' id='word_1_837' title='bbox 822 2848 870 2887; x_wconf 63' lang='lat' dir='ltr'><strong>9r.</strong></span> <span class='ocrx_word' id='word_1_838' title='bbox 888 2853 917 2887; x_wconf 85' lang='lat' dir='ltr'><strong>_et</strong></span> <span class='ocrx_word' id='word_1_839' title='bbox 933 2849 1062 2887; x_wconf 71' lang='lat' dir='ltr'><strong>Stephan.</strong></span> 
     </span>
    </p>
   </div>
   <div class='ocr_carea' id='block_1_116' title="bbox 1110 2844 1735 2879">
    <p class='ocr_par' dir='ltr' id='par_1_116' title="bbox 1110 2844 1735 2879">
     <span class='ocr_line' id='line_1_116' title="bbox 1110 2844 1735 2879; baseline -0.003 -6"><span class='ocrx_word' id='word_1_840' title='bbox 1110 2844 1132 2863; x_wconf 70' lang='grc' dir='ltr'>’ί</span> <span class='ocrx_word' id='word_1_841' title='bbox 1151 2846 1197 2873; x_wconf 85' lang='grc' dir='ltr'><strong>καί</strong></span> <span class='ocrx_word' id='word_1_842' title='bbox 1211 2846 1286 2873; x_wconf 82' lang='lat' dir='ltr'><strong>abest</strong></span> <span class='ocrx_word' id='word_1_843' title='bbox 1302 2854 1316 2872; x_wconf 90' lang='lat' dir='ltr'><strong>a</strong></span> <span class='ocrx_word' id='word_1_844' title='bbox 1334 2845 1415 2872; x_wconf 85' lang='lat' dir='ltr'><strong>Basil.</strong></span> <span class='ocrx_word' id='word_1_845' title='bbox 1441 2845 1488 2873; x_wconf 89' lang='lat' dir='ltr'><strong>Gr.</strong></span> <span class='ocrx_word' id='word_1_846' title='bbox 1504 2844 1558 2875; x_wconf 76' lang='grc' dir='ltr'><strong>Τάς</strong></span> <span class='ocrx_word' id='word_1_847' title='bbox 1588 2848 1616 2869; x_wconf 77' lang='grc' dir='ltr'><strong>τε</strong></span> <span class='ocrx_word' id='word_1_848' title='bbox 1640 2845 1735 2879; x_wconf 78' lang='grc' dir='ltr'>χεῖρας</span> 
     </span>
    </p>
   </div>
   <div class='ocr_carea' id='block_1_117' title="bbox 112 2881 1435 2919">
    <p class='ocr_par' dir='ltr' id='par_1_117' title="bbox 112 2881 1435 2919">
     <span class='ocr_line' id='line_1_117' title="bbox 112 2881 1435 2919; baseline -0.005 -5"><span class='ocrx_word' id='word_1_849' title='bbox 112 2881 392 2915; x_wconf 62' lang='grc' dir='ltr'>ΙιίιίιυΓᾸΗ)ιιιιιιςίιιε.</span> <span class='ocrx_word' id='word_1_850' title='bbox 430 2887 452 2903; x_wconf 62' lang='grc'><strong><em>’³</em></strong></span> <span class='ocrx_word' id='word_1_851' title='bbox 466 2885 733 2919; x_wconf 51' lang='grc' dir='ltr'>απιυδύρατομηηκίι.</span> <span class='ocrx_word' id='word_1_852' title='bbox 748 2884 806 2916; x_wconf 82' lang='lat' dir='ltr'><strong>Gr.,</strong></span> <span class='ocrx_word' id='word_1_853' title='bbox 821 2883 914 2919; x_wconf 72' lang='lat' dir='ltr'><strong>Steph.</strong></span> <span class='ocrx_word' id='word_1_854' title='bbox 952 2881 1003 2909; x_wconf 51' lang='grc' dir='ltr'><strong>’δ’ὁ</strong></span> <span class='ocrx_word' id='word_1_855' title='bbox 1021 2884 1097 2909; x_wconf 73' lang='lat' dir='ltr'><strong>abest</strong></span> <span class='ocrx_word' id='word_1_856' title='bbox 1114 2884 1147 2909; x_wconf 83' lang='lat' dir='ltr'><strong>ah</strong></span> <span class='ocrx_word' id='word_1_857' title='bbox 1159 2882 1254 2909; x_wconf 79' lang='lat' dir='ltr'><strong>iisdem</strong></span> <span class='ocrx_word' id='word_1_858' title='bbox 1268 2884 1293 2908; x_wconf 85' lang='lat' dir='ltr'><strong>et</strong></span> <span class='ocrx_word' id='word_1_859' title='bbox 1306 2881 1435 2908; x_wconf 87' lang='lat' dir='ltr'><strong>Athanas.</strong></span> 
     </span>
    </p>
   </div>
  </div>
