  <div class='ocr_page' id='page_1' title='image "/cluster/home/n/w/nwhite01/storage/ocr_20150623/82/njp.32101077772802/536.png"; bbox 0 0 1987 3118; ppageno 0'>
   <div class='ocr_carea' id='block_1_1' title="bbox 109 211 159 243">
    <p class='ocr_par' dir='ltr' id='par_1_1' title="bbox 109 211 159 243">
     <span class='ocr_line' id='line_1_1' title="bbox 109 211 159 243; baseline 0.02 -1"><span class='ocrx_word' id='word_1_1' title='bbox 109 211 159 243; x_wconf 68' lang='grc'><strong>969</strong></span> 
     </span>
    </p>
   </div>
   <div class='ocr_carea' id='block_1_2' title="bbox 584 206 1213 238">
    <p class='ocr_par' dir='ltr' id='par_1_2' title="bbox 584 206 1213 238">
     <span class='ocr_line' id='line_1_2' title="bbox 584 206 1213 238; baseline 0 -1"><span class='ocrx_word' id='word_1_2' title='bbox 584 207 878 238; x_wconf 60' lang='lat' dir='ltr'><strong>ECCLESIASTICrE</strong></span> <span class='ocrx_word' id='word_1_3' title='bbox 894 206 1085 238; x_wconf 70' lang='lat' dir='ltr'><strong>HISTORI/E</strong></span> <span class='ocrx_word' id='word_1_4' title='bbox 1102 207 1175 238; x_wconf 86' lang='lat' dir='ltr'><strong>LIB.</strong></span> <span class='ocrx_word' id='word_1_5' title='bbox 1189 208 1213 237; x_wconf 81' lang='grc' dir='ltr'><strong>Ι.</strong></span> 
     </span>
    </p>
   </div>
   <div class='ocr_carea' id='block_1_3' title="bbox 1692 212 1744 244">
    <p class='ocr_par' dir='ltr' id='par_1_3' title="bbox 1692 212 1744 244">
     <span class='ocr_line' id='line_1_3' title="bbox 1692 212 1744 244; baseline -0.019 0"><span class='ocrx_word' id='word_1_6' title='bbox 1692 212 1744 244; x_wconf 73' lang='lat'><strong>970</strong></span> 
     </span>
    </p>
   </div>
   <div class='ocr_carea' id='block_1_4' title="bbox 110 262 903 305">
    <p class='ocr_par' dir='ltr' id='par_1_4' title="bbox 110 262 902 301">
     <span class='ocr_line' id='line_1_4' title="bbox 110 262 902 301; baseline -0.005 -8"><span class='ocrx_word' id='word_1_7' title='bbox 110 267 219 300; x_wconf 68' lang='grc' dir='ltr'>ὀλίγους</span> <span class='ocrx_word' id='word_1_8' title='bbox 244 264 312 301; x_wconf 79' lang='grc' dir='ltr'>μετᾶ</span> <span class='ocrx_word' id='word_1_9' title='bbox 329 263 378 299; x_wconf 82' lang='grc' dir='ltr'><strong>τὴν</strong></span> <span class='ocrx_word' id='word_1_10' title='bbox 394 262 560 299; x_wconf 68' lang='grc' dir='ltr'><strong>χειροτονίαν</strong></span> <span class='ocrx_word' id='word_1_11' title='bbox 578 262 654 296; x_wconf 73' lang='grc' dir='ltr'>ἐϐίω,</span> <span class='ocrx_word' id='word_1_12' title='bbox 681 262 838 298; x_wconf 78' lang='grc' dir='ltr'>Φλακίτῳίτ</span> <span class='ocrx_word' id='word_1_13' title='bbox 855 263 902 298; x_wconf 77' lang='grc' dir='ltr'><strong>τῆς</strong></span> 
     </span>
    </p>
   </div>
   <div class='ocr_carea' id='block_1_5' title="bbox 956 262 1744 305">
    <p class='ocr_par' dir='ltr' id='par_1_5' title="bbox 956 263 1744 305">
     <span class='ocr_line' id='line_1_5' title="bbox 956 263 1744 305; baseline 0.013 -16"><span class='ocrx_word' id='word_1_14' title='bbox 956 263 1157 291; x_wconf 87' lang='lat' dir='ltr'><strong>ordinationem</strong></span> <span class='ocrx_word' id='word_1_15' title='bbox 1174 264 1264 298; x_wconf 83' lang='lat' dir='ltr'><strong>vixit),</strong></span> <span class='ocrx_word' id='word_1_16' title='bbox 1283 264 1388 293; x_wconf 77' lang='lat' dir='ltr'><strong>Plaeito</strong></span> <span class='ocrx_word' id='word_1_17' title='bbox 1401 265 1533 295; x_wconf 74' lang='lat' dir='ltr'><strong>Ecclesiae</strong></span> <span class='ocrx_word' id='word_1_18' title='bbox 1546 268 1620 297; x_wconf 87' lang='lat' dir='ltr'><strong>illius</strong></span> <span class='ocrx_word' id='word_1_19' title='bbox 1637 270 1744 305; x_wconf 79' lang='lat' dir='ltr'><strong>episco-</strong></span> 
     </span>
    </p>
   </div>
   <div class='ocr_carea' id='block_1_6' title="bbox 117 307 902 346">
    <p class='ocr_par' dir='ltr' id='par_1_6' title="bbox 117 307 902 346">
     <span class='ocr_line' id='line_1_6' title="bbox 117 307 902 346; baseline -0.005 -8"><span class='ocrx_word' id='word_1_20' title='bbox 117 311 283 346; x_wconf 84' lang='grc' dir='ltr'>Ἐκκλησίας</span> <span class='ocrx_word' id='word_1_21' title='bbox 297 309 406 344; x_wconf 76' lang='grc' dir='ltr'><strong>ἐκείνης</strong></span> <span class='ocrx_word' id='word_1_22' title='bbox 419 308 468 343; x_wconf 85' lang='grc' dir='ltr'><strong>τὴν</strong></span> <span class='ocrx_word' id='word_1_23' title='bbox 484 307 633 344; x_wconf 76' lang='grc' dir='ltr'><strong>προεδρίαν</strong></span> <span class='ocrx_word' id='word_1_24' title='bbox 651 308 815 342; x_wconf 75' lang='grc' dir='ltr'><strong>παρέδοσαν.</strong></span> <span class='ocrx_word' id='word_1_25' title='bbox 830 309 902 335; x_wconf 79' lang='grc' dir='ltr'>Πάν-</span> 
     </span>
    </p>
   </div>
   <div class='ocr_carea' id='block_1_7' title="bbox 112 351 903 391">
    <p class='ocr_par' dir='ltr' id='par_1_7' title="bbox 112 351 903 391">
     <span class='ocr_line' id='line_1_7' title="bbox 112 351 903 391; baseline -0.006 -6"><span class='ocrx_word' id='word_1_26' title='bbox 112 366 154 389; x_wconf 79' lang='grc' dir='ltr'><strong>τες</strong></span> <span class='ocrx_word' id='word_1_27' title='bbox 167 358 195 384; x_wconf 83' lang='grc' dir='ltr'>δὲ</span> <span class='ocrx_word' id='word_1_28' title='bbox 212 356 313 391; x_wconf 79' lang='grc' dir='ltr'>ὁμοίως</span> <span class='ocrx_word' id='word_1_29' title='bbox 336 355 385 390; x_wconf 79' lang='grc' dir='ltr'>τὴν</span> <span class='ocrx_word' id='word_1_30' title='bbox 406 354 510 390; x_wconf 81' lang='grc' dir='ltr'>Ἀρείου</span> <span class='ocrx_word' id='word_1_31' title='bbox 539 352 630 388; x_wconf 88' lang='grc' dir='ltr'>λώϐην</span> <span class='ocrx_word' id='word_1_32' title='bbox 646 351 719 389; x_wconf 82' lang='grc' dir='ltr'>εἶχον</span> <span class='ocrx_word' id='word_1_33' title='bbox 748 355 903 390; x_wconf 71' lang='grc' dir='ltr'><strong>ἔιγκεκρυμ.⁴</strong></span> 
     </span>
    </p>
   </div>
   <div class='ocr_carea' id='block_1_8' title="bbox 110 398 904 439">
    <p class='ocr_par' dir='ltr' id='par_1_8' title="bbox 110 398 904 439">
     <span class='ocr_line' id='line_1_8' title="bbox 110 398 904 439; baseline -0.005 -9"><span class='ocrx_word' id='word_1_34' title='bbox 110 403 207 439; x_wconf 75' lang='grc' dir='ltr'>μένην.</span> <span class='ocrx_word' id='word_1_35' title='bbox 222 402 272 428; x_wconf 71' lang='grc' dir='ltr'><strong>Διά</strong></span> <span class='ocrx_word' id='word_1_36' title='bbox 289 409 330 427; x_wconf 84' lang='grc' dir='ltr'><strong>τοι</strong></span> <span class='ocrx_word' id='word_1_37' title='bbox 351 400 429 426; x_wconf 82' lang='grc' dir='ltr'>τοῦτο</span> <span class='ocrx_word' id='word_1_38' title='bbox 452 399 572 425; x_wconf 79' lang='grc' dir='ltr'>πλεῖστοι</span> <span class='ocrx_word' id='word_1_39' title='bbox 590 398 644 424; x_wconf 85' lang='grc' dir='ltr'><strong>τῶν</strong></span> <span class='ocrx_word' id='word_1_40' title='bbox 665 399 788 426; x_wconf 83' lang='grc' dir='ltr'>εὐσεϐεῖν</span> <span class='ocrx_word' id='word_1_41' title='bbox 804 399 825 415; x_wconf 80' lang='grc'>¹⁸</span> <span class='ocrx_word' id='word_1_42' title='bbox 838 408 904 435; x_wconf 84' lang='grc' dir='ltr'>προ-</span> 
     </span>
    </p>
   </div>
   <div class='ocr_carea' id='block_1_9' title="bbox 110 444 902 485">
    <p class='ocr_par' dir='ltr' id='par_1_9' title="bbox 110 444 902 485">
     <span class='ocr_line' id='line_1_9' title="bbox 110 444 902 485; baseline -0.003 -10"><span class='ocrx_word' id='word_1_43' title='bbox 110 448 281 485; x_wconf 80' lang='grc' dir='ltr'>αιρουμένων</span> <span class='ocrx_word' id='word_1_44' title='bbox 297 448 329 479; x_wconf 62' lang='lat'><strong>‘9,</strong></span> <span class='ocrx_word' id='word_1_45' title='bbox 347 445 458 473; x_wconf 76' lang='grc' dir='ltr'>καὶτῶν</span> <span class='ocrx_word' id='word_1_46' title='bbox 476 444 644 481; x_wconf 79' lang='grc' dir='ltr'><strong>ἱερωμένων,</strong></span> <span class='ocrx_word' id='word_1_47' title='bbox 657 446 704 472; x_wconf 83' lang='grc' dir='ltr'><strong>καὶ</strong></span> <span class='ocrx_word' id='word_1_48' title='bbox 717 446 771 472; x_wconf 82' lang='grc' dir='ltr'><strong>τῶν</strong></span> <span class='ocrx_word' id='word_1_49' title='bbox 786 446 902 480; x_wconf 78' lang='grc' dir='ltr'><strong>πολλῶν⁷</strong></span> 
     </span>
    </p>
   </div>
   <div class='ocr_carea' id='block_1_10' title="bbox 109 491 902 527">
    <p class='ocr_par' dir='ltr' id='par_1_10' title="bbox 109 491 902 527">
     <span class='ocr_line' id='line_1_10' title="bbox 109 491 902 527; baseline -0.004 -6"><span class='ocrx_word' id='word_1_50' title='bbox 109 495 172 526; x_wconf 76' lang='grc' dir='ltr'>τοὺς</span> <span class='ocrx_word' id='word_1_51' title='bbox 203 492 452 527; x_wconf 71' lang='grc' dir='ltr'>ἐκκλησιαστικοὺς</span> <span class='ocrx_word' id='word_1_52' title='bbox 483 491 705 523; x_wconf 79' lang='grc' dir='ltr'>καταλελοιπότες</span> <span class='ocrx_word' id='word_1_53' title='bbox 740 492 902 527; x_wconf 75' lang='grc' dir='ltr'><strong>συλλόγους,</strong></span> 
     </span>
    </p>
   </div>
   <div class='ocr_carea' id='block_1_11' title="bbox 109 537 903 575">
    <p class='ocr_par' dir='ltr' id='par_1_11' title="bbox 109 537 903 575">
     <span class='ocr_line' id='line_1_11' title="bbox 109 537 903 575; baseline -0.003 -9"><span class='ocrx_word' id='word_1_54' title='bbox 109 540 178 575; x_wconf 65' lang='grc' dir='ltr'>πρδς</span> <span class='ocrx_word' id='word_1_55' title='bbox 199 539 313 570; x_wconf 76' lang='grc' dir='ltr'>ἑαυτοὺς</span> <span class='ocrx_word' id='word_1_56' title='bbox 330 537 550 573; x_wconf 83' lang='grc' dir='ltr'>συνηθροίζοντο.</span> <span class='ocrx_word' id='word_1_57' title='bbox 567 537 770 569; x_wconf 75' lang='grc' dir='ltr'>Εὐσταθιανοὺς</span> <span class='ocrx_word' id='word_1_58' title='bbox 790 538 817 564; x_wconf 76' lang='grc' dir='ltr'><strong>δὲ</strong></span> <span class='ocrx_word' id='word_1_59' title='bbox 840 538 903 564; x_wconf 80' lang='grc' dir='ltr'><strong>τού-</strong></span> 
     </span>
    </p>
   </div>
   <div class='ocr_carea' id='block_1_12' title="bbox 109 582 904 620">
    <p class='ocr_par' dir='ltr' id='par_1_12' title="bbox 109 582 904 620">
     <span class='ocr_line' id='line_1_12' title="bbox 109 582 904 620; baseline -0.003 -8"><span class='ocrx_word' id='word_1_60' title='bbox 109 595 172 617; x_wconf 70' lang='grc' dir='ltr'>τους</span> <span class='ocrx_word' id='word_1_61' title='bbox 186 584 328 620; x_wconf 78' lang='grc' dir='ltr'><strong>ὠνόμαζον</strong></span> <span class='ocrx_word' id='word_1_62' title='bbox 348 585 480 616; x_wconf 74' lang='grc' dir='ltr'>ἅπαντες,</span> <span class='ocrx_word' id='word_1_63' title='bbox 494 582 588 618; x_wconf 81' lang='grc' dir='ltr'>ἐπειδὴ</span> <span class='ocrx_word' id='word_1_64' title='bbox 605 583 674 618; x_wconf 80' lang='grc' dir='ltr'>μετὰ</span> <span class='ocrx_word' id='word_1_65' title='bbox 691 584 741 620; x_wconf 85' lang='grc' dir='ltr'>τὴν</span> <span class='ocrx_word' id='word_1_66' title='bbox 752 584 841 617; x_wconf 74' lang='grc' dir='ltr'>ἔξοδον</span> <span class='ocrx_word' id='word_1_67' title='bbox 856 584 904 619; x_wconf 83' lang='grc' dir='ltr'><strong>τὴν</strong></span> 
     </span>
    </p>
   </div>
   <div class='ocr_carea' id='block_1_13' title="bbox 108 632 904 668">
    <p class='ocr_par' dir='ltr' id='par_1_13' title="bbox 108 632 904 668">
     <span class='ocr_line' id='line_1_13' title="bbox 108 632 904 668; baseline -0.004 -6"><span class='ocrx_word' id='word_1_68' title='bbox 108 635 216 662; x_wconf 75' lang='grc' dir='ltr'>ἐκείνου</span> <span class='ocrx_word' id='word_1_69' title='bbox 247 634 424 668; x_wconf 82' lang='grc' dir='ltr'>συνέστησαν.</span> <span class='ocrx_word' id='word_1_70' title='bbox 451 632 488 659; x_wconf 77' lang='grc' dir='ltr'>Τὸ</span> <span class='ocrx_word' id='word_1_71' title='bbox 519 632 611 668; x_wconf 83' lang='grc' dir='ltr'>μέντοι</span> <span class='ocrx_word' id='word_1_72' title='bbox 635 632 791 668; x_wconf 76' lang='grc' dir='ltr'>τρισάθλιον</span> <span class='ocrx_word' id='word_1_73' title='bbox 817 632 904 659; x_wconf 78' lang='grc' dir='ltr'>ἐκεῖνο</span> 
     </span>
    </p>
   </div>
   <div class='ocr_carea' id='block_1_14' title="bbox 107 679 900 715">
    <p class='ocr_par' dir='ltr' id='par_1_14' title="bbox 107 679 900 715">
     <span class='ocr_line' id='line_1_14' title="bbox 107 679 900 715; baseline -0.003 -7"><span class='ocrx_word' id='word_1_74' title='bbox 107 681 220 715; x_wconf 75' lang='grc' dir='ltr'>γύναιον</span> <span class='ocrx_word' id='word_1_75' title='bbox 239 680 311 715; x_wconf 74' lang='grc' dir='ltr'>νόσῳ</span> <span class='ocrx_word' id='word_1_76' title='bbox 334 679 514 715; x_wconf 70' lang='grc' dir='ltr'><strong>χαλεπωτάτῃ</strong></span> <span class='ocrx_word' id='word_1_77' title='bbox 534 679 582 705; x_wconf 72' lang='grc' dir='ltr'>καὶ</span> <span class='ocrx_word' id='word_1_78' title='bbox 600 679 761 715; x_wconf 80' lang='grc' dir='ltr'><strong>μακροτάτη</strong></span> <span class='ocrx_word' id='word_1_79' title='bbox 790 688 900 715; x_wconf 69' lang='grc' dir='ltr'>περιπεο</span> 
     </span>
    </p>
   </div>
   <div class='ocr_carea' id='block_1_15' title="bbox 109 723 904 761">
    <p class='ocr_par' dir='ltr' id='par_1_15' title="bbox 109 723 904 761">
     <span class='ocr_line' id='line_1_15' title="bbox 109 723 904 761; baseline -0.004 -8"><span class='ocrx_word' id='word_1_80' title='bbox 109 726 166 758; x_wconf 67' lang='grc' dir='ltr'>σὺν,</span> <span class='ocrx_word' id='word_1_81' title='bbox 191 725 305 761; x_wconf 79' lang='grc' dir='ltr'>ἐξέφηνε</span> <span class='ocrx_word' id='word_1_82' title='bbox 334 725 383 759; x_wconf 85' lang='grc' dir='ltr'>τὴν</span> <span class='ocrx_word' id='word_1_83' title='bbox 415 723 573 759; x_wconf 82' lang='grc' dir='ltr'>ἐπιϐουλὴν,</span> <span class='ocrx_word' id='word_1_84' title='bbox 599 724 646 750; x_wconf 80' lang='grc' dir='ltr'><strong>καὶ</strong></span> <span class='ocrx_word' id='word_1_85' title='bbox 672 723 723 758; x_wconf 83' lang='grc' dir='ltr'><strong>τὴν</strong></span> <span class='ocrx_word' id='word_1_86' title='bbox 750 723 904 759; x_wconf 80' lang='grc' dir='ltr'><strong>τραγῳδίαν</strong></span> 
     </span>
    </p>
   </div>
   <div class='ocr_carea' id='block_1_16' title="bbox 108 769 904 807">
    <p class='ocr_par' dir='ltr' id='par_1_16' title="bbox 108 769 904 807">
     <span class='ocr_line' id='line_1_16' title="bbox 108 769 904 807; baseline -0.003 -9"><span class='ocrx_word' id='word_1_87' title='bbox 108 772 280 807; x_wconf 78' lang='grc' dir='ltr'><strong>ἐγύμνωσεν,</strong></span> <span class='ocrx_word' id='word_1_88' title='bbox 300 771 331 797; x_wconf 87' lang='grc' dir='ltr'>οὺ</span> <span class='ocrx_word' id='word_1_89' title='bbox 346 769 393 796; x_wconf 81' lang='grc' dir='ltr'>δύο</span> <span class='ocrx_word' id='word_1_90' title='bbox 404 769 451 796; x_wconf 75' lang='grc' dir='ltr'><strong>καὶ</strong></span> <span class='ocrx_word' id='word_1_91' title='bbox 468 770 552 806; x_wconf 83' lang='grc' dir='ltr'>τρεῖς,</span> <span class='ocrx_word' id='word_1_92' title='bbox 575 769 642 796; x_wconf 76' lang='grc' dir='ltr'>ἀλλὰ</span> <span class='ocrx_word' id='word_1_93' title='bbox 659 769 838 805; x_wconf 80' lang='grc' dir='ltr'>παμπόλλους</span> <span class='ocrx_word' id='word_1_94' title='bbox 850 770 904 796; x_wconf 80' lang='grc' dir='ltr'><strong>τῶν</strong></span> 
     </span>
    </p>
   </div>
   <div class='ocr_carea' id='block_1_17' title="bbox 110 815 903 853">
    <p class='ocr_par' dir='ltr' id='par_1_17' title="bbox 110 815 903 853">
     <span class='ocr_line' id='line_1_17' title="bbox 110 815 903 853; baseline -0.004 -8"><span class='ocrx_word' id='word_1_95' title='bbox 110 819 208 853; x_wconf 76' lang='grc' dir='ltr'>ἱερέων</span> <span class='ocrx_word' id='word_1_96' title='bbox 226 817 261 844; x_wconf 71' lang='grc' dir='ltr'>τὰ</span> <span class='ocrx_word' id='word_1_97' title='bbox 271 816 437 853; x_wconf 77' lang='grc' dir='ltr'>τυρευθέντα</span> <span class='ocrx_word' id='word_1_98' title='bbox 458 815 598 848; x_wconf 75' lang='grc' dir='ltr'>διδάξασα.</span> <span class='ocrx_word' id='word_1_99' title='bbox 614 816 686 851; x_wconf 79' lang='grc' dir='ltr'><strong>Ἔφη</strong></span> <span class='ocrx_word' id='word_1_100' title='bbox 702 816 755 852; x_wconf 80' lang='grc' dir='ltr'><strong>γὰρ</strong></span> <span class='ocrx_word' id='word_1_101' title='bbox 775 816 821 842; x_wconf 78' lang='grc' dir='ltr'>ἐπὶ</span> <span class='ocrx_word' id='word_1_102' title='bbox 834 817 903 852; x_wconf 79' lang='grc' dir='ltr'>χρή‹</span> 
     </span>
    </p>
   </div>
   <div class='ocr_carea' id='block_1_18' title="bbox 110 862 904 900">
    <p class='ocr_par' dir='ltr' id='par_1_18' title="bbox 110 862 904 900">
     <span class='ocr_line' id='line_1_18' title="bbox 110 862 904 900; baseline -0.003 -9"><span class='ocrx_word' id='word_1_103' title='bbox 110 873 179 900; x_wconf 80' lang='grc' dir='ltr'>μασι</span> <span class='ocrx_word' id='word_1_104' title='bbox 197 864 247 900; x_wconf 80' lang='grc' dir='ltr'>τὴν</span> <span class='ocrx_word' id='word_1_105' title='bbox 277 863 462 898; x_wconf 76' lang='grc' dir='ltr'>συκοφαντίαν</span> <span class='ocrx_word' id='word_1_106' title='bbox 485 862 594 898; x_wconf 74' lang='grc' dir='ltr'>ἐκείνην</span> <span class='ocrx_word' id='word_1_107' title='bbox 621 862 817 898; x_wconf 83' lang='grc' dir='ltr'>τετολμηκὲναι</span> <span class='ocrx_word' id='word_1_108' title='bbox 834 871 840 877; x_wconf 90' lang='grc'>·</span> <span class='ocrx_word' id='word_1_109' title='bbox 858 863 904 890; x_wconf 60' lang='grc' dir='ltr'><strong>καὶ¹</strong></span> 
     </span>
    </p>
   </div>
   <div class='ocr_carea' id='block_1_19' title="bbox 107 905 904 947">
    <p class='ocr_par' dir='ltr' id='par_1_19' title="bbox 107 905 904 947">
     <span class='ocr_line' id='line_1_19' title="bbox 107 905 904 947; baseline -0.003 -9"><span class='ocrx_word' id='word_1_110' title='bbox 107 912 155 938; x_wconf 73' lang='grc' dir='ltr'>τὸν</span> <span class='ocrx_word' id='word_1_111' title='bbox 172 911 264 947; x_wconf 82' lang='grc' dir='ltr'>μέντοι</span> <span class='ocrx_word' id='word_1_112' title='bbox 283 911 363 946; x_wconf 82' lang='grc' dir='ltr'>ὄρχον</span> <span class='ocrx_word' id='word_1_113' title='bbox 379 909 416 946; x_wconf 84' lang='grc' dir='ltr'>μὴ</span> <span class='ocrx_word' id='word_1_114' title='bbox 446 910 562 944; x_wconf 82' lang='grc' dir='ltr'>πάμπαν</span> <span class='ocrx_word' id='word_1_115' title='bbox 584 905 654 935; x_wconf 79' lang='grc' dir='ltr'>εἶναι</span> <span class='ocrx_word' id='word_1_116' title='bbox 669 908 756 943; x_wconf 75' lang='grc' dir='ltr'>ψευδῆ</span> <span class='ocrx_word' id='word_1_117' title='bbox 773 917 780 923; x_wconf 92' lang='grc'><strong>·</strong></span> <span class='ocrx_word' id='word_1_118' title='bbox 797 909 904 936; x_wconf 82' lang='grc' dir='ltr'>Εὑστα-</span> 
     </span>
    </p>
   </div>
   <div class='ocr_carea' id='block_1_20' title="bbox 107 955 902 993">
    <p class='ocr_par' dir='ltr' id='par_1_20' title="bbox 107 955 902 993">
     <span class='ocr_line' id='line_1_20' title="bbox 107 955 902 993; baseline -0.001 -9"><span class='ocrx_word' id='word_1_119' title='bbox 107 958 168 984; x_wconf 77' lang='grc' dir='ltr'>θίου</span> <span class='ocrx_word' id='word_1_120' title='bbox 200 957 255 993; x_wconf 84' lang='grc' dir='ltr'>γάρ</span> <span class='ocrx_word' id='word_1_121' title='bbox 291 965 363 988; x_wconf 83' lang='grc' dir='ltr'>τινος</span> <span class='ocrx_word' id='word_1_122' title='bbox 391 955 512 991; x_wconf 83' lang='grc' dir='ltr'>χαλκέως</span> <span class='ocrx_word' id='word_1_123' title='bbox 543 955 707 990; x_wconf 82' lang='grc' dir='ltr'>γεγενῆσθαι</span> <span class='ocrx_word' id='word_1_124' title='bbox 737 957 768 982; x_wconf 77' lang='grc' dir='ltr'>τὸ</span> <span class='ocrx_word' id='word_1_125' title='bbox 793 955 902 991; x_wconf 79' lang='grc' dir='ltr'>βρέφος.</span> 
     </span>
    </p>
   </div>
   <div class='ocr_carea' id='block_1_21' title="bbox 107 1000 903 1039">
    <p class='ocr_par' dir='ltr' id='par_1_21' title="bbox 107 1000 903 1039">
     <span class='ocr_line' id='line_1_21' title="bbox 107 1000 903 1039; baseline 0 -10"><span class='ocrx_word' id='word_1_126' title='bbox 107 1003 204 1030; x_wconf 73' lang='grc' dir='ltr'>Ταῦτα</span> <span class='ocrx_word' id='word_1_127' title='bbox 237 1003 285 1039; x_wconf 81' lang='grc' dir='ltr'><strong>μὲν</strong></span> <span class='ocrx_word' id='word_1_128' title='bbox 295 1000 342 1029; x_wconf 79' lang='grc' dir='ltr'><strong>οὖν</strong></span> <span class='ocrx_word' id='word_1_129' title='bbox 361 1003 391 1028; x_wconf 83' lang='grc' dir='ltr'>ὲν</span> <span class='ocrx_word' id='word_1_130' title='bbox 411 1001 563 1037; x_wconf 76' lang='grc' dir='ltr'>Ἀντιοχείᾳ</span> <span class='ocrx_word' id='word_1_131' title='bbox 584 1001 660 1037; x_wconf 78' lang='grc' dir='ltr'>παρὰ</span> <span class='ocrx_word' id='word_1_132' title='bbox 684 1002 734 1037; x_wconf 83' lang='grc' dir='ltr'>τῆς</span> <span class='ocrx_word' id='word_1_133' title='bbox 761 1001 903 1039; x_wconf 79' lang='grc' dir='ltr'>βελτίστης</span> 
     </span>
    </p>
   </div>
   <div class='ocr_carea' id='block_1_22' title="bbox 108 1048 438 1086">
    <p class='ocr_par' dir='ltr' id='par_1_22' title="bbox 108 1048 438 1086">
     <span class='ocr_line' id='line_1_22' title="bbox 108 1048 438 1086; baseline 0 -10"><span class='ocrx_word' id='word_1_134' title='bbox 108 1050 248 1086; x_wconf 75' lang='grc' dir='ltr'>ἐτολμήθη</span> <span class='ocrx_word' id='word_1_135' title='bbox 269 1048 438 1084; x_wconf 81' lang='grc' dir='ltr'>συμμορίας.</span> 
     </span>
    </p>
   </div>
   <div class='ocr_carea' id='block_1_23' title="bbox 412 1106 617 1134">
    <p class='ocr_par' dir='ltr' id='par_1_23' title="bbox 412 1106 617 1134">
     <span class='ocr_line' id='line_1_23' title="bbox 412 1106 617 1134; baseline 0 0"><span class='ocrx_word' id='word_1_136' title='bbox 412 1106 539 1134; x_wconf 78' lang='grc' dir='ltr'><strong>ΚΕΦΑΛ.</strong></span> <span class='ocrx_word' id='word_1_137' title='bbox 551 1107 617 1134; x_wconf 79' lang='lat' dir='ltr'><strong>KB&#39;.</strong></span> 
     </span>
    </p>
   </div>
   <div class='ocr_carea' id='block_1_24' title="bbox 294 1152 726 1188">
    <p class='ocr_par' dir='ltr' id='par_1_24' title="bbox 294 1152 726 1188">
     <span class='ocr_line' id='line_1_24' title="bbox 294 1152 726 1188; baseline 0 -8"><span class='ocrx_word' id='word_1_138' title='bbox 294 1152 363 1187; x_wconf 78' lang='grc' dir='ltr'>Περὶ</span> <span class='ocrx_word' id='word_1_139' title='bbox 385 1153 441 1188; x_wconf 80' lang='grc' dir='ltr'>τῆς</span> <span class='ocrx_word' id='word_1_140' title='bbox 463 1152 568 1181; x_wconf 77' lang='grc' dir='ltr'><em>Ἰνδῶν</em></span> <span class='ocrx_word' id='word_1_141' title='bbox 586 1153 726 1186; x_wconf 81' lang='grc' dir='ltr'>πίστεως.</span> 
     </span>
    </p>
   </div>
   <div class='ocr_carea' id='block_1_25' title="bbox 147 1197 904 1234">
    <p class='ocr_par' dir='ltr' id='par_1_25' title="bbox 147 1197 904 1234">
     <span class='ocr_line' id='line_1_25' title="bbox 147 1197 904 1234; baseline 0 -10"><span class='ocrx_word' id='word_1_142' title='bbox 147 1199 227 1234; x_wconf 78' lang='grc' dir='ltr'>Παρὰ</span> <span class='ocrx_word' id='word_1_143' title='bbox 245 1198 273 1224; x_wconf 75' lang='grc' dir='ltr'><strong>δὲ</strong></span> <span class='ocrx_word' id='word_1_144' title='bbox 295 1198 386 1229; x_wconf 81' lang='grc' dir='ltr'><strong>Ἰνδοῖς</strong></span> <span class='ocrx_word' id='word_1_145' title='bbox 409 1198 481 1225; x_wconf 83' lang='grc' dir='ltr'><strong>κατὰ</strong></span> <span class='ocrx_word' id='word_1_146' title='bbox 503 1197 597 1224; x_wconf 78' lang='grc' dir='ltr'>τοῦτον</span> <span class='ocrx_word' id='word_1_147' title='bbox 613 1198 733 1225; x_wconf 84' lang='grc' dir='ltr'>ἀνέτειλε</span> <span class='ocrx_word' id='word_1_148' title='bbox 749 1198 794 1225; x_wconf 67' lang='grc' dir='ltr'>τὸν</span> <span class='ocrx_word' id='word_1_149' title='bbox 809 1198 904 1234; x_wconf 74' lang='grc' dir='ltr'>χρόνον</span> 
     </span>
    </p>
   </div>
   <div class='ocr_carea' id='block_1_26' title="bbox 105 1243 902 1279">
    <p class='ocr_par' dir='ltr' id='par_1_26' title="bbox 105 1243 902 1279">
     <span class='ocr_line' id='line_1_26' title="bbox 105 1243 902 1279; baseline 0.001 -9"><span class='ocrx_word' id='word_1_150' title='bbox 105 1244 157 1279; x_wconf 76' lang='grc' dir='ltr'>τῆς</span> <span class='ocrx_word' id='word_1_151' title='bbox 174 1243 341 1278; x_wconf 79' lang='grc' dir='ltr'>θεογνωσίας</span> <span class='ocrx_word' id='word_1_152' title='bbox 356 1243 386 1270; x_wconf 79' lang='grc' dir='ltr'><strong>τδ</strong></span> <span class='ocrx_word' id='word_1_153' title='bbox 406 1243 473 1279; x_wconf 81' lang='grc' dir='ltr'>φῶς.</span> <span class='ocrx_word' id='word_1_154' title='bbox 490 1243 547 1279; x_wconf 88' lang='grc' dir='ltr'><strong>Τῆς</strong></span> <span class='ocrx_word' id='word_1_155' title='bbox 560 1243 615 1279; x_wconf 79' lang='grc' dir='ltr'><strong>γὰρ</strong></span> <span class='ocrx_word' id='word_1_156' title='bbox 629 1244 676 1270; x_wconf 84' lang='grc' dir='ltr'>τοῦ</span> <span class='ocrx_word' id='word_1_157' title='bbox 706 1244 840 1278; x_wconf 76' lang='grc' dir='ltr'>βασιλέως</span> <span class='ocrx_word' id='word_1_158' title='bbox 855 1245 902 1271; x_wconf 87' lang='grc' dir='ltr'>ἁν-</span> 
     </span>
    </p>
   </div>
   <div class='ocr_carea' id='block_1_27' title="bbox 104 1289 903 1326">
    <p class='ocr_par' dir='ltr' id='par_1_27' title="bbox 104 1289 903 1326">
     <span class='ocr_line' id='line_1_27' title="bbox 104 1289 903 1326; baseline 0.001 -10"><span class='ocrx_word' id='word_1_159' title='bbox 104 1290 185 1325; x_wconf 75' lang='grc' dir='ltr'>δρίας</span> <span class='ocrx_word' id='word_1_160' title='bbox 199 1289 246 1316; x_wconf 75' lang='grc' dir='ltr'><strong>καὶ</strong></span> <span class='ocrx_word' id='word_1_161' title='bbox 259 1290 399 1321; x_wconf 82' lang='grc' dir='ltr'>εὐσεϐείας</span> <span class='ocrx_word' id='word_1_162' title='bbox 416 1289 553 1325; x_wconf 80' lang='grc' dir='ltr'>πανταχοῦ</span> <span class='ocrx_word' id='word_1_163' title='bbox 571 1289 786 1326; x_wconf 76' lang='grc' dir='ltr'>θρυλλουμένης,</span> <span class='ocrx_word' id='word_1_164' title='bbox 795 1289 903 1317; x_wconf 75' lang='grc' dir='ltr'>καὶτῶν</span> 
     </span>
    </p>
   </div>
   <div class='ocr_carea' id='block_1_28' title="bbox 105 1335 903 1372">
    <p class='ocr_par' dir='ltr' id='par_1_28' title="bbox 105 1335 903 1372">
     <span class='ocr_line' id='line_1_28' title="bbox 105 1335 903 1372; baseline 0 -9"><span class='ocrx_word' id='word_1_165' title='bbox 105 1337 138 1363; x_wconf 81' lang='grc' dir='ltr'>ὲν</span> <span class='ocrx_word' id='word_1_166' title='bbox 152 1336 276 1372; x_wconf 73' lang='grc' dir='ltr'><strong>κύκλῳὀ</strong></span> <span class='ocrx_word' id='word_1_167' title='bbox 289 1335 434 1372; x_wconf 72' lang='grc' dir='ltr'>βαρϐάρων</span> <span class='ocrx_word' id='word_1_168' title='bbox 445 1335 494 1371; x_wconf 83' lang='grc' dir='ltr'>τὴν</span> <span class='ocrx_word' id='word_1_169' title='bbox 508 1336 618 1371; x_wconf 78' lang='grc' dir='ltr'>εἰρήνην</span> <span class='ocrx_word' id='word_1_170' title='bbox 631 1336 768 1371; x_wconf 76' lang='grc' dir='ltr'>αἱρεῖσθαι</span> <span class='ocrx_word' id='word_1_171' title='bbox 789 1337 842 1372; x_wconf 84' lang='grc' dir='ltr'><strong>πρὸ</strong></span> <span class='ocrx_word' id='word_1_172' title='bbox 856 1336 903 1363; x_wconf 79' lang='grc' dir='ltr'><strong>τοῦ</strong></span> 
     </span>
    </p>
   </div>
   <div class='ocr_carea' id='block_1_29' title="bbox 106 1381 904 1418">
    <p class='ocr_par' dir='ltr' id='par_1_29' title="bbox 106 1381 904 1418">
     <span class='ocr_line' id='line_1_29' title="bbox 106 1381 904 1418; baseline 0 -10"><span class='ocrx_word' id='word_1_173' title='bbox 106 1383 231 1418; x_wconf 82' lang='grc' dir='ltr'>πολέμου</span> <span class='ocrx_word' id='word_1_174' title='bbox 241 1384 274 1417; x_wconf 87' lang='grc' dir='ltr'>τῇ</span> <span class='ocrx_word' id='word_1_175' title='bbox 290 1383 373 1417; x_wconf 79' lang='grc' dir='ltr'>πείρᾳ</span> <span class='ocrx_word' id='word_1_176' title='bbox 388 1381 596 1417; x_wconf 82' lang='grc' dir='ltr'>μεμαθηκότων,</span> <span class='ocrx_word' id='word_1_177' title='bbox 614 1381 672 1418; x_wconf 70' lang='grc'><strong>[54]</strong></span> <span class='ocrx_word' id='word_1_178' title='bbox 681 1381 766 1414; x_wconf 83' lang='grc' dir='ltr'>ἀδεῶς</span> <span class='ocrx_word' id='word_1_179' title='bbox 778 1382 904 1417; x_wconf 78' lang='grc' dir='ltr'>ἀλλήλοις</span> 
     </span>
    </p>
   </div>
   <div class='ocr_carea' id='block_1_30' title="bbox 106 1428 902 1466">
    <p class='ocr_par' dir='ltr' id='par_1_30' title="bbox 106 1428 902 1466">
     <span class='ocr_line' id='line_1_30' title="bbox 106 1428 902 1466; baseline 0.001 -11"><span class='ocrx_word' id='word_1_180' title='bbox 106 1430 231 1459; x_wconf 77' lang='grc' dir='ltr'>ἅπαντες</span> <span class='ocrx_word' id='word_1_181' title='bbox 245 1429 438 1463; x_wconf 76' lang='grc' dir='ltr'>ἐπεμίγνυντο,</span> <span class='ocrx_word' id='word_1_182' title='bbox 450 1429 497 1455; x_wconf 78' lang='grc' dir='ltr'>καὶ</span> <span class='ocrx_word' id='word_1_183' title='bbox 511 1428 602 1456; x_wconf 75' lang='grc' dir='ltr'>πολλοὶ</span> <span class='ocrx_word' id='word_1_184' title='bbox 615 1429 664 1464; x_wconf 86' lang='grc' dir='ltr'>μὲν</span> <span class='ocrx_word' id='word_1_185' title='bbox 677 1430 798 1465; x_wconf 75' lang='grc' dir='ltr'>ἱστορίας</span> <span class='ocrx_word' id='word_1_186' title='bbox 811 1430 902 1466; x_wconf 82' lang='grc' dir='ltr'>χάριν,</span> 
     </span>
    </p>
   </div>
   <div class='ocr_carea' id='block_1_31' title="bbox 107 1474 904 1511">
    <p class='ocr_par' dir='ltr' id='par_1_31' title="bbox 107 1474 904 1511">
     <span class='ocr_line' id='line_1_31' title="bbox 107 1474 904 1511; baseline 0 -9"><span class='ocrx_word' id='word_1_187' title='bbox 107 1475 204 1502; x_wconf 83' lang='grc' dir='ltr'>πολλοὶ</span> <span class='ocrx_word' id='word_1_188' title='bbox 220 1475 249 1501; x_wconf 83' lang='grc' dir='ltr'>δὲ</span> <span class='ocrx_word' id='word_1_189' title='bbox 269 1474 416 1510; x_wconf 73' lang='grc' dir='ltr'>ἐμπορίας,</span> <span class='ocrx_word' id='word_1_190' title='bbox 431 1475 480 1507; x_wconf 83' lang='grc' dir='ltr'>τὰς</span> <span class='ocrx_word' id='word_1_191' title='bbox 500 1475 611 1511; x_wconf 78' lang='grc' dir='ltr'>μακρὰς</span> <span class='ocrx_word' id='word_1_192' title='bbox 630 1476 786 1511; x_wconf 86' lang='grc' dir='ltr'>ἀποδημίας</span> <span class='ocrx_word' id='word_1_193' title='bbox 809 1475 904 1502; x_wconf 75' lang='grc' dir='ltr'>ἐστέλ-</span> 
     </span>
    </p>
   </div>
   <div class='ocr_carea' id='block_1_32' title="bbox 105 1520 904 1558">
    <p class='ocr_par' dir='ltr' id='par_1_32' title="bbox 105 1520 904 1558">
     <span class='ocr_line' id='line_1_32' title="bbox 105 1520 904 1558; baseline 0.001 -10"><span class='ocrx_word' id='word_1_194' title='bbox 105 1521 197 1548; x_wconf 86' lang='grc' dir='ltr'>λοντο.</span> <span class='ocrx_word' id='word_1_195' title='bbox 215 1521 284 1548; x_wconf 84' lang='grc' dir='ltr'>Τότε</span> <span class='ocrx_word' id='word_1_196' title='bbox 296 1529 338 1553; x_wconf 76' lang='grc' dir='ltr'><strong>τις</strong></span> <span class='ocrx_word' id='word_1_197' title='bbox 351 1520 460 1556; x_wconf 87' lang='grc' dir='ltr'>Τύριος,</span> <span class='ocrx_word' id='word_1_198' title='bbox 472 1521 520 1557; x_wconf 82' lang='grc' dir='ltr'>τῆς</span> <span class='ocrx_word' id='word_1_199' title='bbox 534 1521 650 1558; x_wconf 78' lang='grc' dir='ltr'>θύραθεν</span> <span class='ocrx_word' id='word_1_200' title='bbox 665 1522 824 1558; x_wconf 78' lang='grc' dir='ltr'>φιλοσοφίας</span> <span class='ocrx_word' id='word_1_201' title='bbox 841 1531 904 1558; x_wconf 87' lang='grc' dir='ltr'>μετ-</span> 
     </span>
    </p>
   </div>
   <div class='ocr_carea' id='block_1_33' title="bbox 105 1567 905 1605">
    <p class='ocr_par' dir='ltr' id='par_1_33' title="bbox 105 1567 905 1605">
     <span class='ocr_line' id='line_1_33' title="bbox 105 1567 905 1605; baseline 0.001 -11"><span class='ocrx_word' id='word_1_202' title='bbox 105 1570 193 1604; x_wconf 85' lang='grc' dir='ltr'>έχων,</span> <span class='ocrx_word' id='word_1_203' title='bbox 207 1567 257 1604; x_wconf 88' lang='grc' dir='ltr'>τὴν</span> <span class='ocrx_word' id='word_1_204' title='bbox 287 1567 406 1603; x_wconf 69' lang='grc' dir='ltr'>ἐσχάτην</span> <span class='ocrx_word' id='word_1_205' title='bbox 430 1568 525 1594; x_wconf 83' lang='grc' dir='ltr'>Ἰνδίαν</span> <span class='ocrx_word' id='word_1_206' title='bbox 549 1569 691 1605; x_wconf 84' lang='grc' dir='ltr'>ἱστορῆσαι</span> <span class='ocrx_word' id='word_1_207' title='bbox 706 1569 839 1604; x_wconf 84' lang='grc' dir='ltr'>ποθήσας.</span> <span class='ocrx_word' id='word_1_208' title='bbox 857 1569 905 1595; x_wconf 78' lang='grc' dir='ltr'><strong>σὺν</strong></span> 
     </span>
    </p>
   </div>
   <div class='ocr_carea' id='block_1_34' title="bbox 103 1612 902 1650">
    <p class='ocr_par' dir='ltr' id='par_1_34' title="bbox 103 1612 902 1650">
     <span class='ocr_line' id='line_1_34' title="bbox 103 1612 902 1650; baseline 0 -8"><span class='ocrx_word' id='word_1_209' title='bbox 103 1615 156 1642; x_wconf 78' lang='grc' dir='ltr'>δύο</span> <span class='ocrx_word' id='word_1_210' title='bbox 179 1614 334 1649; x_wconf 79' lang='grc' dir='ltr'>μειρακίοις</span> <span class='ocrx_word' id='word_1_211' title='bbox 348 1614 500 1648; x_wconf 78' lang='grc' dir='ltr'>ἀδελφιδοῖς</span> <span class='ocrx_word' id='word_1_212' title='bbox 520 1614 699 1650; x_wconf 84' lang='grc' dir='ltr'>ὲξεδήμησεν.</span> <span class='ocrx_word' id='word_1_213' title='bbox 712 1612 763 1641; x_wconf 81' lang='grc' dir='ltr'>Ὧν</span> <span class='ocrx_word' id='word_1_214' title='bbox 782 1615 902 1650; x_wconf 72' lang='grc' dir='ltr'>ἐπόθησε</span> 
     </span>
    </p>
   </div>
   <div class='ocr_carea' id='block_1_35' title="bbox 102 1660 902 1696">
    <p class='ocr_par' dir='ltr' id='par_1_35' title="bbox 102 1660 902 1696">
     <span class='ocr_line' id='line_1_35' title="bbox 102 1660 902 1696; baseline -0.001 -8"><span class='ocrx_word' id='word_1_215' title='bbox 102 1661 136 1688; x_wconf 79' lang='grc' dir='ltr'>δὲ</span> <span class='ocrx_word' id='word_1_216' title='bbox 154 1660 255 1696; x_wconf 85' lang='grc' dir='ltr'>τυχὼν,</span> <span class='ocrx_word' id='word_1_217' title='bbox 275 1660 398 1696; x_wconf 77' lang='grc' dir='ltr'>ναυτιλίᾳ</span> <span class='ocrx_word' id='word_1_218' title='bbox 419 1660 562 1696; x_wconf 83' lang='grc' dir='ltr'>χρώμενος</span> <span class='ocrx_word' id='word_1_219' title='bbox 589 1661 721 1696; x_wconf 77' lang='grc' dir='ltr'>ἐπανῄει·</span> <span class='ocrx_word' id='word_1_220' title='bbox 750 1661 859 1696; x_wconf 82' lang='grc' dir='ltr'>ὑδρείας</span> <span class='ocrx_word' id='word_1_221' title='bbox 873 1661 902 1688; x_wconf 84' lang='grc' dir='ltr'>δὲ</span> 
     </span>
    </p>
   </div>
   <div class='ocr_carea' id='block_1_36' title="bbox 104 1706 902 1743">
    <p class='ocr_par' dir='ltr' id='par_1_36' title="bbox 104 1706 902 1743">
     <span class='ocr_line' id='line_1_36' title="bbox 104 1706 902 1743; baseline 0 -9"><span class='ocrx_word' id='word_1_222' title='bbox 104 1707 191 1742; x_wconf 80' lang='grc' dir='ltr'>χάριν</span> <span class='ocrx_word' id='word_1_223' title='bbox 207 1707 246 1738; x_wconf 76' lang='grc' dir='ltr'>εἷς</span> <span class='ocrx_word' id='word_1_224' title='bbox 260 1715 321 1733; x_wconf 84' lang='grc' dir='ltr'>τινα</span> <span class='ocrx_word' id='word_1_225' title='bbox 336 1706 433 1742; x_wconf 81' lang='grc' dir='ltr'>λιμένα</span> <span class='ocrx_word' id='word_1_226' title='bbox 448 1706 496 1733; x_wconf 80' lang='grc' dir='ltr'>τοῦ</span> <span class='ocrx_word' id='word_1_227' title='bbox 505 1707 626 1741; x_wconf 79' lang='grc' dir='ltr'>σκάφους</span> <span class='ocrx_word' id='word_1_228' title='bbox 640 1707 902 1743; x_wconf 82' lang='grc' dir='ltr'>προσορμισθέντος,</span> 
     </span>
    </p>
   </div>
   <div class='ocr_carea' id='block_1_37' title="bbox 105 1753 902 1789">
    <p class='ocr_par' dir='ltr' id='par_1_37' title="bbox 105 1753 902 1789">
     <span class='ocr_line' id='line_1_37' title="bbox 105 1753 902 1789; baseline 0 -9"><span class='ocrx_word' id='word_1_229' title='bbox 105 1753 248 1789; x_wconf 80' lang='grc' dir='ltr'>βάρϐαροι</span> <span class='ocrx_word' id='word_1_230' title='bbox 277 1753 480 1788; x_wconf 65' lang='grc' dir='ltr'>προσπεσόντες</span> <span class='ocrx_word' id='word_1_231' title='bbox 494 1753 559 1785; x_wconf 73' lang='grc' dir='ltr'>τοὺς</span> <span class='ocrx_word' id='word_1_232' title='bbox 582 1754 631 1789; x_wconf 81' lang='grc' dir='ltr'><strong>μὲν</strong></span> <span class='ocrx_word' id='word_1_233' title='bbox 658 1754 856 1781; x_wconf 78' lang='grc' dir='ltr'>κατεπόντισαν</span> <span class='ocrx_word' id='word_1_234' title='bbox 869 1755 902 1786; x_wconf 87' lang='grc'><strong>¹¹,</strong></span> 
     </span>
    </p>
   </div>
   <div class='ocr_carea' id='block_1_38' title="bbox 104 1798 904 1836">
    <p class='ocr_par' dir='ltr' id='par_1_38' title="bbox 104 1798 904 1836">
     <span class='ocr_line' id='line_1_38' title="bbox 104 1798 904 1836; baseline 0.001 -10"><span class='ocrx_word' id='word_1_235' title='bbox 104 1801 176 1832; x_wconf 74' lang='grc' dir='ltr'>τοὺς</span> <span class='ocrx_word' id='word_1_236' title='bbox 193 1800 221 1826; x_wconf 87' lang='grc' dir='ltr'>δὲ</span> <span class='ocrx_word' id='word_1_237' title='bbox 247 1798 490 1835; x_wconf 76' lang='grc' dir='ltr'>ὲξηνδραπόδισαν.</span> <span class='ocrx_word' id='word_1_238' title='bbox 518 1800 573 1827; x_wconf 80' lang='grc' dir='ltr'><strong>Καὶ</strong></span> <span class='ocrx_word' id='word_1_239' title='bbox 590 1800 694 1832; x_wconf 82' lang='grc' dir='ltr'>ἐκεῖνος</span> <span class='ocrx_word' id='word_1_240' title='bbox 710 1800 758 1836; x_wconf 73' lang='grc' dir='ltr'><strong>μὲν</strong></span> <span class='ocrx_word' id='word_1_241' title='bbox 775 1802 832 1832; x_wconf 82' lang='grc' dir='ltr'>τοῖς</span> <span class='ocrx_word' id='word_1_242' title='bbox 860 1809 904 1827; x_wconf 89' lang='grc' dir='ltr'>τε-</span> 
     </span>
    </p>
   </div>
   <div class='ocr_carea' id='block_1_39' title="bbox 104 1845 903 1882">
    <p class='ocr_par' dir='ltr' id='par_1_39' title="bbox 104 1845 903 1882">
     <span class='ocr_line' id='line_1_39' title="bbox 104 1845 903 1882; baseline 0 -10"><span class='ocrx_word' id='word_1_243' title='bbox 104 1846 212 1873; x_wconf 83' lang='grc' dir='ltr'>θνεῶσι</span> <span class='ocrx_word' id='word_1_244' title='bbox 223 1845 415 1882; x_wconf 68' lang='grc' dir='ltr'>σμνηριθμήθη</span> <span class='ocrx_word' id='word_1_245' title='bbox 425 1853 432 1860; x_wconf 87' lang='grc'><em>’</em></span> <span class='ocrx_word' id='word_1_246' title='bbox 444 1845 479 1872; x_wconf 80' lang='grc' dir='ltr'>τὰ</span> <span class='ocrx_word' id='word_1_247' title='bbox 497 1846 525 1872; x_wconf 81' lang='grc' dir='ltr'>δὲ</span> <span class='ocrx_word' id='word_1_248' title='bbox 550 1846 680 1882; x_wconf 82' lang='grc' dir='ltr'>μειράκια</span> <span class='ocrx_word' id='word_1_249' title='bbox 695 1846 868 1882; x_wconf 76' lang='grc' dir='ltr'>προσηνέχθη</span> <span class='ocrx_word' id='word_1_250' title='bbox 880 1847 903 1862; x_wconf 84' lang='grc'><strong>¹¹</strong></span> 
     </span>
    </p>
   </div>
   <div class='ocr_carea' id='block_1_40' title="bbox 102 1890 904 1927">
    <p class='ocr_par' dir='ltr' id='par_1_40' title="bbox 102 1890 904 1927">
     <span class='ocr_line' id='line_1_40' title="bbox 102 1890 904 1927; baseline -0.001 -9"><span class='ocrx_word' id='word_1_251' title='bbox 102 1892 150 1927; x_wconf 79' lang='grc' dir='ltr'>τῷ</span> <span class='ocrx_word' id='word_1_252' title='bbox 175 1890 291 1926; x_wconf 85' lang='grc' dir='ltr'>βασιλεῖ,</span> <span class='ocrx_word' id='word_1_253' title='bbox 317 1890 425 1917; x_wconf 82' lang='grc' dir='ltr'>Τούτων</span> <span class='ocrx_word' id='word_1_254' title='bbox 444 1891 457 1917; x_wconf 88' lang='grc' dir='ltr'><strong>ό</strong></span> <span class='ocrx_word' id='word_1_255' title='bbox 481 1890 530 1926; x_wconf 78' lang='grc' dir='ltr'><strong>μὲν</strong></span> <span class='ocrx_word' id='word_1_256' title='bbox 547 1891 679 1924; x_wconf 79' lang='grc' dir='ltr'>Αίδὲσιος,</span> <span class='ocrx_word' id='word_1_257' title='bbox 693 1891 708 1917; x_wconf 82' lang='grc' dir='ltr'>ὁ</span> <span class='ocrx_word' id='word_1_258' title='bbox 722 1891 749 1918; x_wconf 77' lang='grc' dir='ltr'>δὲ</span> <span class='ocrx_word' id='word_1_259' title='bbox 766 1892 904 1927; x_wconf 82' lang='grc' dir='ltr'>Φρουμέν-</span> 
     </span>
    </p>
   </div>
   <div class='ocr_carea' id='block_1_41' title="bbox 102 1936 904 1974">
    <p class='ocr_par' dir='ltr' id='par_1_41' title="bbox 102 1936 904 1974">
     <span class='ocr_line' id='line_1_41' title="bbox 102 1936 904 1974; baseline -0.001 -9"><span class='ocrx_word' id='word_1_260' title='bbox 102 1947 167 1970; x_wconf 82' lang='grc' dir='ltr'>τιος</span> <span class='ocrx_word' id='word_1_261' title='bbox 182 1937 350 1974; x_wconf 72' lang='grc' dir='ltr'>ὠνομάζετο.</span> <span class='ocrx_word' id='word_1_262' title='bbox 370 1938 472 1973; x_wconf 75' lang='grc' dir='ltr'>Πεῖραν</span> <span class='ocrx_word' id='word_1_263' title='bbox 485 1937 513 1964; x_wconf 77' lang='grc' dir='ltr'>δὲ</span> <span class='ocrx_word' id='word_1_264' title='bbox 527 1937 631 1964; x_wconf 79' lang='grc' dir='ltr'>τούτων</span> <span class='ocrx_word' id='word_1_265' title='bbox 645 1936 685 1973; x_wconf 82' lang='grc' dir='ltr'>τῷ</span> <span class='ocrx_word' id='word_1_266' title='bbox 701 1937 790 1972; x_wconf 72' lang='grc' dir='ltr'>χρόνῳ</span> <span class='ocrx_word' id='word_1_267' title='bbox 812 1937 904 1964; x_wconf 80' lang='grc' dir='ltr'>λαϐὼν</span> 
     </span>
    </p>
   </div>
   <div class='ocr_carea' id='block_1_42' title="bbox 103 1982 905 2018">
    <p class='ocr_par' dir='ltr' id='par_1_42' title="bbox 103 1982 905 2018">
     <span class='ocr_line' id='line_1_42' title="bbox 103 1982 905 2018; baseline -0.002 -8"><span class='ocrx_word' id='word_1_268' title='bbox 103 1985 120 2010; x_wconf 83' lang='grc' dir='ltr'><strong>ὁ</strong></span> <span class='ocrx_word' id='word_1_269' title='bbox 138 1984 190 2017; x_wconf 73' lang='grc' dir='ltr'>τῆς</span> <span class='ocrx_word' id='word_1_270' title='bbox 203 1983 256 2018; x_wconf 81' lang='grc' dir='ltr'><strong>γῆς</strong></span> <span class='ocrx_word' id='word_1_271' title='bbox 271 1982 378 2018; x_wconf 78' lang='grc' dir='ltr'>ἐκείνης</span> <span class='ocrx_word' id='word_1_272' title='bbox 408 1982 528 2018; x_wconf 83' lang='grc' dir='ltr'>κρατῶν,</span> <span class='ocrx_word' id='word_1_273' title='bbox 550 1982 597 2008; x_wconf 81' lang='grc' dir='ltr'>καὶ</span> <span class='ocrx_word' id='word_1_274' title='bbox 624 1982 751 2017; x_wconf 83' lang='grc' dir='ltr'>ἀγχίνους</span> <span class='ocrx_word' id='word_1_275' title='bbox 771 1982 843 2014; x_wconf 85' lang='grc' dir='ltr'>ἰδὼν,</span> <span class='ocrx_word' id='word_1_276' title='bbox 855 1982 905 2017; x_wconf 80' lang='grc' dir='ltr'>τῆς</span> 
     </span>
    </p>
   </div>
   <div class='ocr_carea' id='block_1_43' title="bbox 103 2027 907 2064">
    <p class='ocr_par' dir='ltr' id='par_1_43' title="bbox 103 2027 907 2064">
     <span class='ocr_line' id='line_1_43' title="bbox 103 2027 907 2064; baseline -0.001 -8"><span class='ocrx_word' id='word_1_277' title='bbox 103 2030 202 2061; x_wconf 74' lang='grc' dir='ltr'>οἰκίας</span> <span class='ocrx_word' id='word_1_278' title='bbox 216 2028 406 2064; x_wconf 78' lang='grc' dir='ltr'>ἐπιμελεῖσθαι</span> <span class='ocrx_word' id='word_1_279' title='bbox 435 2028 614 2064; x_wconf 75' lang='grc' dir='ltr'>προσέταξεν.</span> <span class='ocrx_word' id='word_1_280' title='bbox 630 2028 662 2055; x_wconf 80' lang='lat' dir='ltr'><strong>El</strong></span> <span class='ocrx_word' id='word_1_281' title='bbox 695 2027 724 2054; x_wconf 83' lang='grc' dir='ltr'>δέ</span> <span class='ocrx_word' id='word_1_282' title='bbox 743 2036 785 2059; x_wconf 79' lang='grc' dir='ltr'><strong>τις</strong></span> <span class='ocrx_word' id='word_1_283' title='bbox 797 2028 907 2055; x_wconf 83' lang='grc' dir='ltr'>ἀπιστεί</span> 
     </span>
    </p>
   </div>
   <div class='ocr_carea' id='block_1_44' title="bbox 102 2074 904 2110">
    <p class='ocr_par' dir='ltr' id='par_1_44' title="bbox 102 2074 904 2110">
     <span class='ocr_line' id='line_1_44' title="bbox 102 2074 904 2110; baseline -0.001 -8"><span class='ocrx_word' id='word_1_284' title='bbox 102 2077 168 2107; x_wconf 75' lang='grc' dir='ltr'>τοῖς</span> <span class='ocrx_word' id='word_1_285' title='bbox 183 2075 350 2110; x_wconf 83' lang='grc' dir='ltr'>λεγομένοις,</span> <span class='ocrx_word' id='word_1_286' title='bbox 364 2074 398 2101; x_wconf 86' lang='grc' dir='ltr'>τὰ</span> <span class='ocrx_word' id='word_1_287' title='bbox 412 2075 483 2101; x_wconf 85' lang='grc' dir='ltr'>κατὰ</span> <span class='ocrx_word' id='word_1_288' title='bbox 498 2074 543 2100; x_wconf 73' lang='grc' dir='ltr'><strong>τὸν</strong></span> <span class='ocrx_word' id='word_1_289' title='bbox 562 2074 661 2109; x_wconf 80' lang='grc' dir='ltr'>Ἰωσὴφ</span> <span class='ocrx_word' id='word_1_290' title='bbox 675 2075 722 2101; x_wconf 82' lang='grc' dir='ltr'><strong>καὶ</strong></span> <span class='ocrx_word' id='word_1_291' title='bbox 747 2074 798 2109; x_wconf 86' lang='grc' dir='ltr'>τῆς</span> <span class='ocrx_word' id='word_1_292' title='bbox 818 2075 904 2108; x_wconf 81' lang='grc' dir='ltr'>Αίγύ-</span> 
     </span>
    </p>
   </div>
   <div class='ocr_carea' id='block_1_45' title="bbox 104 2119 904 2159">
    <p class='ocr_par' dir='ltr' id='par_1_45' title="bbox 104 2119 904 2159">
     <span class='ocr_line' id='line_1_45' title="bbox 104 2119 904 2159; baseline -0.005 -9"><span class='ocrx_word' id='word_1_293' title='bbox 104 2133 181 2150; x_wconf 79' lang='grc' dir='ltr'>πτου</span> <span class='ocrx_word' id='word_1_294' title='bbox 194 2123 243 2159; x_wconf 82' lang='grc' dir='ltr'><strong>τὴν</strong></span> <span class='ocrx_word' id='word_1_295' title='bbox 259 2122 397 2158; x_wconf 85' lang='grc' dir='ltr'>βασιλείαν</span> <span class='ocrx_word' id='word_1_296' title='bbox 409 2120 572 2157; x_wconf 78' lang='grc' dir='ltr'>σκοπησάτω</span> <span class='ocrx_word' id='word_1_297' title='bbox 586 2128 592 2136; x_wconf 77' lang='grc'><em>’</em></span> <span class='ocrx_word' id='word_1_298' title='bbox 613 2120 681 2155; x_wconf 83' lang='grc' dir='ltr'>πρὸς</span> <span class='ocrx_word' id='word_1_299' title='bbox 692 2119 720 2146; x_wconf 84' lang='grc' dir='ltr'><strong>δὲ</strong></span> <span class='ocrx_word' id='word_1_300' title='bbox 735 2119 848 2152; x_wconf 78' lang='grc' dir='ltr'>τούτοις,</span> <span class='ocrx_word' id='word_1_301' title='bbox 857 2120 904 2146; x_wconf 73' lang='grc' dir='ltr'><strong>καὶ</strong></span> 
     </span>
    </p>
   </div>
   <div class='ocr_carea' id='block_1_46' title="bbox 103 2165 904 2205">
    <p class='ocr_par' dir='ltr' id='par_1_46' title="bbox 103 2165 904 2205">
     <span class='ocr_line' id='line_1_46' title="bbox 103 2165 904 2205; baseline -0.006 -9"><span class='ocrx_word' id='word_1_302' title='bbox 103 2169 158 2196; x_wconf 81' lang='grc' dir='ltr'>τοῦ</span> <span class='ocrx_word' id='word_1_303' title='bbox 189 2169 333 2205; x_wconf 73' lang='grc' dir='ltr'>προφήτου</span> <span class='ocrx_word' id='word_1_304' title='bbox 357 2166 609 2203; x_wconf 85' lang='grc' dir='ltr'>ἀναμιμνησκέσθω</span> <span class='ocrx_word' id='word_1_305' title='bbox 639 2165 749 2201; x_wconf 80' lang='grc' dir='ltr'>Δανιὴλ,</span> <span class='ocrx_word' id='word_1_306' title='bbox 777 2166 824 2192; x_wconf 74' lang='grc' dir='ltr'>καὶ</span> <span class='ocrx_word' id='word_1_307' title='bbox 849 2165 904 2192; x_wconf 80' lang='grc' dir='ltr'><strong>τῶν</strong></span> 
     </span>
    </p>
   </div>
   <div class='ocr_carea' id='block_1_47' title="bbox 101 2211 904 2250">
    <p class='ocr_par' dir='ltr' id='par_1_47' title="bbox 101 2211 904 2250">
     <span class='ocr_line' id='line_1_47' title="bbox 101 2211 904 2250; baseline -0.006 -8"><span class='ocrx_word' id='word_1_308' title='bbox 101 2214 197 2250; x_wconf 85' lang='grc' dir='ltr'>τριῶν</span> <span class='ocrx_word' id='word_1_309' title='bbox 222 2215 335 2242; x_wconf 77' lang='grc' dir='ltr'>ἐκείνων</span> <span class='ocrx_word' id='word_1_310' title='bbox 357 2215 407 2249; x_wconf 85' lang='grc' dir='ltr'>τῆς</span> <span class='ocrx_word' id='word_1_311' title='bbox 426 2213 568 2244; x_wconf 78' lang='grc' dir='ltr'>εὐσεϐείας</span> <span class='ocrx_word' id='word_1_312' title='bbox 591 2211 760 2247; x_wconf 81' lang='grc' dir='ltr'>ἀγωνιστῶν.</span> <span class='ocrx_word' id='word_1_313' title='bbox 776 2211 832 2238; x_wconf 74' lang='grc' dir='ltr'>Καὶ</span> <span class='ocrx_word' id='word_1_314' title='bbox 849 2211 904 2246; x_wconf 78' lang='grc' dir='ltr'><strong>γὰρ</strong></span> 
     </span>
    </p>
   </div>
   <div class='ocr_carea' id='block_1_48' title="bbox 102 2257 904 2296">
    <p class='ocr_par' dir='ltr' id='par_1_48' title="bbox 102 2257 904 2296">
     <span class='ocr_line' id='line_1_48' title="bbox 102 2257 904 2296; baseline -0.004 -9"><span class='ocrx_word' id='word_1_315' title='bbox 102 2261 213 2288; x_wconf 79' lang='grc' dir='ltr'>ἐκεῖνοι</span> <span class='ocrx_word' id='word_1_316' title='bbox 241 2259 437 2296; x_wconf 84' lang='grc' dir='ltr'>δορυάλωτοι²³</span> <span class='ocrx_word' id='word_1_317' title='bbox 455 2259 596 2294; x_wconf 81' lang='grc' dir='ltr'>γενόμενοι</span> <span class='ocrx_word' id='word_1_318' title='bbox 622 2257 701 2293; x_wconf 60' lang='grc' dir='ltr'>τῆν’*</span> <span class='ocrx_word' id='word_1_319' title='bbox 724 2257 904 2284; x_wconf 72' lang='grc' dir='ltr'>Βαϐυλωνίων</span> 
     </span>
    </p>
   </div>
   <div class='ocr_carea' id='block_1_49' title="bbox 955 310 1745 352">
    <p class='ocr_par' dir='ltr' id='par_1_49' title="bbox 955 310 1745 352">
     <span class='ocr_line' id='line_1_49' title="bbox 955 310 1745 352; baseline 0.011 -17"><span class='ocrx_word' id='word_1_320' title='bbox 955 313 1050 344; x_wconf 86' lang='lat' dir='ltr'><strong>palum</strong></span> <span class='ocrx_word' id='word_1_321' title='bbox 1076 310 1263 337; x_wconf 87' lang='lat' dir='ltr'><strong>tradiderunt.</strong></span> <span class='ocrx_word' id='word_1_322' title='bbox 1290 311 1394 339; x_wconf 80' lang='lat' dir='ltr'><strong>Ariana</strong></span> <span class='ocrx_word' id='word_1_323' title='bbox 1416 319 1498 348; x_wconf 89' lang='lat' dir='ltr'><strong>porro</strong></span> <span class='ocrx_word' id='word_1_324' title='bbox 1518 313 1579 352; x_wconf 76' lang='lat' dir='ltr'><strong>labe</strong></span> <span class='ocrx_word' id='word_1_325' title='bbox 1605 315 1632 342; x_wconf 92' lang='lat' dir='ltr'><strong>hi</strong></span> <span class='ocrx_word' id='word_1_326' title='bbox 1648 324 1745 345; x_wconf 87' lang='lat' dir='ltr'><strong>omnes</strong></span> 
     </span>
    </p>
   </div>
   <div class='ocr_carea' id='block_1_50' title="bbox 955 355 1744 393">
    <p class='ocr_par' dir='ltr' id='par_1_50' title="bbox 955 355 1744 393">
     <span class='ocr_line' id='line_1_50' title="bbox 955 355 1744 393; baseline 0.013 -12"><span class='ocrx_word' id='word_1_327' title='bbox 955 356 1069 390; x_wconf 85' lang='lat' dir='ltr'><strong>pariter,</strong></span> <span class='ocrx_word' id='word_1_328' title='bbox 1093 355 1141 384; x_wconf 89' lang='lat' dir='ltr'><strong>sed</strong></span> <span class='ocrx_word' id='word_1_329' title='bbox 1158 356 1266 384; x_wconf 77' lang='lat' dir='ltr'><strong>occulte</strong></span> <span class='ocrx_word' id='word_1_330' title='bbox 1281 356 1458 386; x_wconf 77' lang='lat' dir='ltr'><strong>laborabant.</strong></span> <span class='ocrx_word' id='word_1_331' title='bbox 1476 359 1563 393; x_wconf 82' lang='lat' dir='ltr'><strong>Quam</strong></span> <span class='ocrx_word' id='word_1_332' title='bbox 1584 361 1618 389; x_wconf 93' lang='lat' dir='ltr'><strong>ob</strong></span> <span class='ocrx_word' id='word_1_333' title='bbox 1632 370 1744 391; x_wconf 86' lang='lat' dir='ltr'><strong>causam</strong></span> 
     </span>
    </p>
   </div>
   <div class='ocr_carea' id='block_1_51' title="bbox 955 401 1746 442">
    <p class='ocr_par' dir='ltr' id='par_1_51' title="bbox 955 401 1746 442">
     <span class='ocr_line' id='line_1_51' title="bbox 955 401 1746 442; baseline 0.011 -14"><span class='ocrx_word' id='word_1_334' title='bbox 955 401 1077 437; x_wconf 77' lang='lat' dir='ltr'><strong>plurimi,</strong></span> <span class='ocrx_word' id='word_1_335' title='bbox 1094 406 1152 429; x_wconf 91' lang='lat' dir='ltr'><strong>tum</strong></span> <span class='ocrx_word' id='word_1_336' title='bbox 1163 409 1196 430; x_wconf 75' lang='lat' dir='ltr'><strong>ex</strong></span> <span class='ocrx_word' id='word_1_337' title='bbox 1211 403 1295 436; x_wconf 80' lang='lat' dir='ltr'><strong>cleroI</strong></span> <span class='ocrx_word' id='word_1_338' title='bbox 1313 407 1370 431; x_wconf 89' lang='lat' dir='ltr'><strong>tum</strong></span> <span class='ocrx_word' id='word_1_339' title='bbox 1385 412 1417 432; x_wconf 81' lang='lat' dir='ltr'><strong>ex</strong></span> <span class='ocrx_word' id='word_1_340' title='bbox 1431 406 1542 441; x_wconf 86' lang='lat' dir='ltr'><strong>pop‘ulo,</strong></span> <span class='ocrx_word' id='word_1_341' title='bbox 1555 407 1655 442; x_wconf 80' lang='lat' dir='ltr'><strong>quibus</strong></span> <span class='ocrx_word' id='word_1_342' title='bbox 1668 409 1746 436; x_wconf 88' lang='lat' dir='ltr'><strong>cordi</strong></span> 
     </span>
    </p>
   </div>
   <div class='ocr_carea' id='block_1_52' title="bbox 955 447 1744 486">
    <p class='ocr_par' dir='ltr' id='par_1_52' title="bbox 955 447 1744 486">
     <span class='ocr_line' id='line_1_52' title="bbox 955 447 1744 486; baseline 0.01 -12"><span class='ocrx_word' id='word_1_343' title='bbox 955 452 1016 475; x_wconf 86' lang='lat' dir='ltr'><strong>erat</strong></span> <span class='ocrx_word' id='word_1_344' title='bbox 1028 447 1137 484; x_wconf 76' lang='lat' dir='ltr'><strong>religio,</strong></span> <span class='ocrx_word' id='word_1_345' title='bbox 1158 454 1313 477; x_wconf 88' lang='lat' dir='ltr'><strong>conventus</strong></span> <span class='ocrx_word' id='word_1_346' title='bbox 1330 451 1537 480; x_wconf 83' lang='lat' dir='ltr'><strong>ecclesiasticos</strong></span> <span class='ocrx_word' id='word_1_347' title='bbox 1561 453 1744 486; x_wconf 82' lang='lat' dir='ltr'><strong>declinantes.</strong></span> 
     </span>
    </p>
   </div>
   <div class='ocr_carea' id='block_1_53' title="bbox 956 495 1746 536">
    <p class='ocr_par' dir='ltr' id='par_1_53' title="bbox 956 495 1746 536">
     <span class='ocr_line' id='line_1_53' title="bbox 956 495 1746 536; baseline 0.01 -16"><span class='ocrx_word' id='word_1_348' title='bbox 956 501 1022 522; x_wconf 84' lang='lat' dir='ltr'><strong>suos</strong></span> <span class='ocrx_word' id='word_1_349' title='bbox 1044 495 1173 528; x_wconf 79' lang='lat' dir='ltr'><strong>privatim</strong></span> <span class='ocrx_word' id='word_1_350' title='bbox 1192 495 1320 530; x_wconf 79' lang='lat' dir='ltr'><strong>agebant.</strong></span> <span class='ocrx_word' id='word_1_351' title='bbox 1346 496 1421 529; x_wconf 80' lang='lat' dir='ltr'><strong>Quos</strong></span> <span class='ocrx_word' id='word_1_352' title='bbox 1447 497 1646 527; x_wconf 78' lang='lat' dir='ltr'><strong>Eustathianos</strong></span> <span class='ocrx_word' id='word_1_353' title='bbox 1665 501 1746 536; x_wconf 74' lang='lat' dir='ltr'><strong>vulgo</strong></span> 
     </span>
    </p>
   </div>
   <div class='ocr_carea' id='block_1_54' title="bbox 955 542 1745 579">
    <p class='ocr_par' dir='ltr' id='par_1_54' title="bbox 955 542 1745 579">
     <span class='ocr_line' id='line_1_54' title="bbox 955 542 1745 579; baseline 0.01 -12"><span class='ocrx_word' id='word_1_354' title='bbox 955 544 1100 575; x_wconf 78' lang='lat' dir='ltr'><strong>propterea</strong></span> <span class='ocrx_word' id='word_1_355' title='bbox 1130 542 1278 575; x_wconf 82' lang='lat' dir='ltr'><strong>vocabant,</strong></span> <span class='ocrx_word' id='word_1_356' title='bbox 1307 543 1379 578; x_wconf 85' lang='lat' dir='ltr'><strong>quod</strong></span> <span class='ocrx_word' id='word_1_357' title='bbox 1405 549 1467 579; x_wconf 75' lang='lat' dir='ltr'><strong>past</strong></span> <span class='ocrx_word' id='word_1_358' title='bbox 1492 545 1565 573; x_wconf 91' lang='lat' dir='ltr'><strong>illius</strong></span> <span class='ocrx_word' id='word_1_359' title='bbox 1589 546 1745 575; x_wconf 83' lang='lat' dir='ltr'><strong>discessum</strong></span> 
     </span>
    </p>
   </div>
   <div class='ocr_carea' id='block_1_55' title="bbox 956 589 1744 628">
    <p class='ocr_par' dir='ltr' id='par_1_55' title="bbox 956 589 1744 628">
     <span class='ocr_line' id='line_1_55' title="bbox 956 589 1744 628; baseline 0.011 -14"><span class='ocrx_word' id='word_1_360' title='bbox 956 589 1094 623; x_wconf 78' lang='lat' dir='ltr'><strong>segregari</strong></span> <span class='ocrx_word' id='word_1_361' title='bbox 1123 595 1275 624; x_wconf 79' lang='lat' dir='ltr'><strong>coeperant.</strong></span> <span class='ocrx_word' id='word_1_362' title='bbox 1302 591 1336 618; x_wconf 84' lang='lat' dir='ltr'><strong>At</strong></span> <span class='ocrx_word' id='word_1_363' title='bbox 1367 592 1467 620; x_wconf 87' lang='lat' dir='ltr'><strong>misera</strong></span> <span class='ocrx_word' id='word_1_364' title='bbox 1494 594 1539 621; x_wconf 84' lang='lat' dir='ltr'><strong>illa</strong></span> <span class='ocrx_word' id='word_1_365' title='bbox 1570 595 1744 628; x_wconf 83' lang='lat' dir='ltr'><strong>muliercula,</strong></span> 
     </span>
    </p>
   </div>
   <div class='ocr_carea' id='block_1_56' title="bbox 956 634 1746 676">
    <p class='ocr_par' dir='ltr' id='par_1_56' title="bbox 956 634 1746 676">
     <span class='ocr_line' id='line_1_56' title="bbox 956 634 1746 676; baseline 0.013 -17"><span class='ocrx_word' id='word_1_366' title='bbox 956 634 1120 668; x_wconf 80' lang='lat' dir='ltr'><strong>gravissimo</strong></span> <span class='ocrx_word' id='word_1_367' title='bbox 1138 643 1169 662; x_wconf 90' lang='lat' dir='ltr'><strong>ac</strong></span> <span class='ocrx_word' id='word_1_368' title='bbox 1195 636 1326 663; x_wconf 89' lang='lat' dir='ltr'><strong>diuturno</strong></span> <span class='ocrx_word' id='word_1_369' title='bbox 1350 638 1447 666; x_wconf 87' lang='lat' dir='ltr'><strong>morbo</strong></span> <span class='ocrx_word' id='word_1_370' title='bbox 1469 646 1609 675; x_wconf 83' lang='lat' dir='ltr'><strong>correpta,</strong></span> <span class='ocrx_word' id='word_1_371' title='bbox 1625 641 1746 676; x_wconf 88' lang='lat' dir='ltr'><strong>prodidit</strong></span> 
     </span>
    </p>
   </div>
   <div class='ocr_carea' id='block_1_57' title="bbox 956 679 1746 723">
    <p class='ocr_par' dir='ltr' id='par_1_57' title="bbox 956 679 1746 723">
     <span class='ocr_line' id='line_1_57' title="bbox 956 679 1746 723; baseline 0.013 -17"><span class='ocrx_word' id='word_1_372' title='bbox 956 679 1085 712; x_wconf 86' lang='lat' dir='ltr'><strong>insidias,</strong></span> <span class='ocrx_word' id='word_1_373' title='bbox 1099 681 1183 718; x_wconf 61' lang='lat'><strong>304.</strong></span> <span class='ocrx_word' id='word_1_374' title='bbox 1200 684 1418 719; x_wconf 73' lang='lat' dir='ltr'><strong>tragcediamque</strong></span> <span class='ocrx_word' id='word_1_375' title='bbox 1435 685 1551 718; x_wconf 76' lang='lat' dir='ltr'><strong>detexit.</strong></span> <span class='ocrx_word' id='word_1_376' title='bbox 1575 686 1672 715; x_wconf 78' lang='lat' dir='ltr'><strong>fraude</strong></span> <span class='ocrx_word' id='word_1_377' title='bbox 1691 696 1746 723; x_wconf 86' lang='lat' dir='ltr'><strong>qua</strong></span> 
     </span>
    </p>
   </div>
   <div class='ocr_carea' id='block_1_58' title="bbox 956 726 1747 768">
    <p class='ocr_par' dir='ltr' id='par_1_58' title="bbox 956 726 1747 768">
     <span class='ocr_line' id='line_1_58' title="bbox 956 726 1747 768; baseline 0.011 -16"><span class='ocrx_word' id='word_1_378' title='bbox 956 726 998 753; x_wconf 87' lang='lat' dir='ltr'><strong>usi</strong></span> <span class='ocrx_word' id='word_1_379' title='bbox 1016 731 1105 758; x_wconf 83' lang='lat' dir='ltr'><strong>erant.</strong></span> <span class='ocrx_word' id='word_1_380' title='bbox 1126 735 1180 754; x_wconf 88' lang='lat' dir='ltr'><strong>non</strong></span> <span class='ocrx_word' id='word_1_381' title='bbox 1210 728 1318 757; x_wconf 86' lang='lat' dir='ltr'><strong>duobus</strong></span> <span class='ocrx_word' id='word_1_382' title='bbox 1332 730 1340 740; x_wconf 83' lang='lat'><strong>‘</strong></span> <span class='ocrx_word' id='word_1_383' title='bbox 1358 731 1491 762; x_wconf 65' lang='lat' dir='ltr'><strong>tribuere.</strong></span> <span class='ocrx_word' id='word_1_384' title='bbox 1514 731 1561 759; x_wconf 87' lang='lat' dir='ltr'><strong>sed</strong></span> <span class='ocrx_word' id='word_1_385' title='bbox 1574 733 1747 768; x_wconf 87' lang='lat' dir='ltr'><strong>quampluri-</strong></span> 
     </span>
    </p>
   </div>
   <div class='ocr_carea' id='block_1_59' title="bbox 955 771 1747 812">
    <p class='ocr_par' dir='ltr' id='par_1_59' title="bbox 955 771 1747 812">
     <span class='ocr_line' id='line_1_59' title="bbox 955 771 1747 812; baseline 0.01 -14"><span class='ocrx_word' id='word_1_386' title='bbox 955 771 1008 799; x_wconf 85' lang='lat' dir='ltr'><strong>mis</strong></span> <span class='ocrx_word' id='word_1_387' title='bbox 1038 773 1234 802; x_wconf 76' lang='lat' dir='ltr'><strong>sacerdotibus</strong></span> <span class='ocrx_word' id='word_1_388' title='bbox 1263 776 1411 809; x_wconf 83' lang='lat' dir='ltr'><strong>patefacta.</strong></span> <span class='ocrx_word' id='word_1_389' title='bbox 1442 777 1526 805; x_wconf 81' lang='lat' dir='ltr'><strong>Fassa</strong></span> <span class='ocrx_word' id='word_1_390' title='bbox 1549 779 1622 806; x_wconf 89' lang='lat' dir='ltr'><strong>enim</strong></span> <span class='ocrx_word' id='word_1_391' title='bbox 1642 783 1694 812; x_wconf 83' lang='lat' dir='ltr'><strong>est,</strong></span> <span class='ocrx_word' id='word_1_392' title='bbox 1717 787 1747 808; x_wconf 85' lang='lat' dir='ltr'><strong>Sc</strong></span> 
     </span>
    </p>
   </div>
   <div class='ocr_carea' id='block_1_60' title="bbox 955 817 1744 858">
    <p class='ocr_par' dir='ltr' id='par_1_60' title="bbox 955 817 1744 858">
     <span class='ocr_line' id='line_1_60' title="bbox 955 817 1744 858; baseline 0.011 -14"><span class='ocrx_word' id='word_1_393' title='bbox 955 817 1120 846; x_wconf 86' lang='lat' dir='ltr'><strong>conductam</strong></span> <span class='ocrx_word' id='word_1_394' title='bbox 1131 820 1256 848; x_wconf 78' lang='lat' dir='ltr'><strong>mercede</strong></span> <span class='ocrx_word' id='word_1_395' title='bbox 1268 820 1367 849; x_wconf 84' lang='lat' dir='ltr'><strong>falsum</strong></span> <span class='ocrx_word' id='word_1_396' title='bbox 1379 822 1446 850; x_wconf 92' lang='lat' dir='ltr'><strong>illud</strong></span> <span class='ocrx_word' id='word_1_397' title='bbox 1457 824 1561 851; x_wconf 88' lang='lat' dir='ltr'><strong>crimen</strong></span> <span class='ocrx_word' id='word_1_398' title='bbox 1575 824 1744 858; x_wconf 89' lang='lat' dir='ltr'><strong>intendisse;</strong></span> 
     </span>
    </p>
   </div>
   <div class='ocr_carea' id='block_1_61' title="bbox 956 864 1743 906">
    <p class='ocr_par' dir='ltr' id='par_1_61' title="bbox 956 864 1743 906">
     <span class='ocr_line' id='line_1_61' title="bbox 956 864 1743 906; baseline 0.01 -15"><span class='ocrx_word' id='word_1_399' title='bbox 956 872 1007 892; x_wconf 90' lang='lat' dir='ltr'><strong>nec</strong></span> <span class='ocrx_word' id='word_1_400' title='bbox 1029 864 1128 892; x_wconf 87' lang='lat' dir='ltr'><strong>falsum</strong></span> <span class='ocrx_word' id='word_1_401' title='bbox 1155 870 1247 894; x_wconf 85' lang='lat' dir='ltr'><strong>tamen</strong></span> <span class='ocrx_word' id='word_1_402' title='bbox 1272 869 1385 896; x_wconf 91' lang='lat' dir='ltr'><strong>omnino</strong></span> <span class='ocrx_word' id='word_1_403' title='bbox 1415 868 1502 898; x_wconf 81' lang='lat' dir='ltr'><strong>fuisse</strong></span> <span class='ocrx_word' id='word_1_404' title='bbox 1519 871 1595 905; x_wconf 70' lang='lat' dir='ltr'><strong>quod</strong></span> <span class='ocrx_word' id='word_1_405' title='bbox 1613 870 1743 906; x_wconf 85' lang='lat' dir='ltr'><strong>jurarat:</strong></span> 
     </span>
    </p>
   </div>
   <div class='ocr_carea' id='block_1_62' title="bbox 956 911 1746 948">
    <p class='ocr_par' dir='ltr' id='par_1_62' title="bbox 956 911 1746 948">
     <span class='ocr_line' id='line_1_62' title="bbox 956 911 1746 948; baseline 0.01 -11"><span class='ocrx_word' id='word_1_406' title='bbox 956 911 1022 946; x_wconf 86' lang='lat' dir='ltr'><strong>quia</strong></span> <span class='ocrx_word' id='word_1_407' title='bbox 1050 911 1188 940; x_wconf 84' lang='lat' dir='ltr'><strong>Eustathii</strong></span> <span class='ocrx_word' id='word_1_408' title='bbox 1211 913 1358 948; x_wconf 81' lang='lat' dir='ltr'><strong>cujusdam</strong></span> <span class='ocrx_word' id='word_1_409' title='bbox 1387 916 1478 943; x_wconf 70' lang='lat' dir='ltr'><strong>aerarii</strong></span> <span class='ocrx_word' id='word_1_410' title='bbox 1511 915 1603 945; x_wconf 79' lang='lat' dir='ltr'><strong>infans</strong></span> <span class='ocrx_word' id='word_1_411' title='bbox 1626 922 1697 945; x_wconf 88' lang='lat' dir='ltr'><strong>crat.</strong></span> <span class='ocrx_word' id='word_1_412' title='bbox 1713 918 1746 945; x_wconf 85' lang='lat' dir='ltr'><strong>Et</strong></span> 
     </span>
    </p>
   </div>
   <div class='ocr_carea' id='block_1_63' title="bbox 957 957 1747 1000">
    <p class='ocr_par' dir='ltr' id='par_1_63' title="bbox 957 957 1747 1000">
     <span class='ocr_line' id='line_1_63' title="bbox 957 957 1747 1000; baseline 0.01 -16"><span class='ocrx_word' id='word_1_413' title='bbox 957 957 1014 985; x_wconf 67' lang='lat' dir='ltr'><strong>hmo</strong></span> <span class='ocrx_word' id='word_1_414' title='bbox 1029 959 1139 993; x_wconf 88' lang='lat' dir='ltr'><strong>quidem</strong></span> <span class='ocrx_word' id='word_1_415' title='bbox 1165 959 1319 988; x_wconf 65' lang='lat' dir='ltr'><strong>Antiochia:</strong></span> <span class='ocrx_word' id='word_1_416' title='bbox 1342 962 1449 998; x_wconf 68' lang='lat' dir='ltr'><strong>egregia</strong></span> <span class='ocrx_word' id='word_1_417' title='bbox 1469 963 1514 990; x_wconf 92' lang='lat' dir='ltr'><strong>illa</strong></span> <span class='ocrx_word' id='word_1_418' title='bbox 1533 963 1615 992; x_wconf 85' lang='lat' dir='ltr'><strong>factio</strong></span> <span class='ocrx_word' id='word_1_419' title='bbox 1636 969 1747 1000; x_wconf 82' lang='lat' dir='ltr'><strong>patrare</strong></span> 
     </span>
    </p>
   </div>
   <div class='ocr_carea' id='block_1_64' title="bbox 955 1008 1728 1032">
    <p class='ocr_par' dir='ltr' id='par_1_64' title="bbox 955 1008 1728 1032">
     <span class='ocr_line' id='line_1_64' title="bbox 955 1008 1728 1032; baseline 0.001 -1"><span class='ocrx_word' id='word_1_420' title='bbox 955 1011 1021 1032; x_wconf 83' lang='lat' dir='ltr'><strong>ausa</strong></span> <span class='ocrx_word' id='word_1_421' title='bbox 1036 1008 1089 1032; x_wconf 72' lang='lat' dir='ltr'><strong>est.</strong></span> <span class='ocrx_word' id='word_1_422' title='bbox 1720 1013 1728 1018; x_wconf 91' lang='grc'><strong>·</strong></span> 
     </span>
    </p>
   </div>
   <div class='ocr_carea' id='block_1_65' title="bbox 1106 1097 1596 1137">
    <p class='ocr_par' dir='ltr' id='par_1_65' title="bbox 1106 1097 1596 1137">
     <span class='ocr_line' id='line_1_65' title="bbox 1106 1097 1596 1137; baseline 0.01 -14"><span class='ocrx_word' id='word_1_423' title='bbox 1106 1097 1185 1124; x_wconf 75' lang='lat' dir='ltr'><strong>CAP.</strong></span> <span class='ocrx_word' id='word_1_424' title='bbox 1204 1097 1286 1125; x_wconf 69' lang='lat' dir='ltr'><strong>XXII.</strong></span> <span class='ocrx_word' id='word_1_425' title='bbox 1302 1098 1345 1134; x_wconf 85' lang='grc' dir='ltr'><strong>[Β.</strong></span> <span class='ocrx_word' id='word_1_426' title='bbox 1363 1099 1403 1126; x_wconf 78' lang='lat' dir='ltr'><strong>St.</strong></span> <span class='ocrx_word' id='word_1_427' title='bbox 1419 1099 1469 1127; x_wconf 86' lang='lat' dir='ltr'><strong>Ch.</strong></span> <span class='ocrx_word' id='word_1_428' title='bbox 1486 1099 1518 1128; x_wconf 71' lang='grc' dir='ltr'>ν.</span> <span class='ocrx_word' id='word_1_429' title='bbox 1535 1100 1596 1137; x_wconf 64' lang='lat'><strong>‘23.]</strong></span> 
     </span>
    </p>
   </div>
   <div class='ocr_carea' id='block_1_66' title="bbox 1218 1144 1488 1180">
    <p class='ocr_par' dir='ltr' id='par_1_66' title="bbox 1218 1144 1488 1180">
     <span class='ocr_line' id='line_1_66' title="bbox 1218 1144 1488 1180; baseline 0.011 -10"><span class='ocrx_word' id='word_1_430' title='bbox 1218 1144 1256 1171; x_wconf 86' lang='lat' dir='ltr'><strong>De</strong></span> <span class='ocrx_word' id='word_1_431' title='bbox 1275 1144 1405 1172; x_wconf 77' lang='lat' dir='ltr'><strong>Indorum</strong></span> <span class='ocrx_word' id='word_1_432' title='bbox 1426 1147 1488 1180; x_wconf 76' lang='lat' dir='ltr'><strong>ﬁde.</strong></span> 
     </span>
    </p>
   </div>
   <div class='ocr_carea' id='block_1_67' title="bbox 992 1187 1745 1228">
    <p class='ocr_par' dir='ltr' id='par_1_67' title="bbox 992 1187 1745 1228">
     <span class='ocr_line' id='line_1_67' title="bbox 992 1187 1745 1228; baseline 0.012 -15"><span class='ocrx_word' id='word_1_433' title='bbox 992 1187 1043 1214; x_wconf 84' lang='lat' dir='ltr'><strong>Per</strong></span> <span class='ocrx_word' id='word_1_434' title='bbox 1073 1188 1144 1216; x_wconf 86' lang='lat' dir='ltr'><strong>idem</strong></span> <span class='ocrx_word' id='word_1_435' title='bbox 1171 1197 1237 1217; x_wconf 75' lang='lat' dir='ltr'><strong>vero</strong></span> <span class='ocrx_word' id='word_1_436' title='bbox 1259 1195 1367 1226; x_wconf 85' lang='lat' dir='ltr'><strong>tempus</strong></span> <span class='ocrx_word' id='word_1_437' title='bbox 1389 1192 1489 1220; x_wconf 68' lang='lat' dir='ltr'><strong>dit-iure</strong></span> <span class='ocrx_word' id='word_1_438' title='bbox 1509 1194 1677 1228; x_wconf 74' lang='lat' dir='ltr'><strong>cognitionis</strong></span> <span class='ocrx_word' id='word_1_439' title='bbox 1700 1195 1745 1222; x_wconf 78' lang='lat' dir='ltr'><strong>lux</strong></span> 
     </span>
    </p>
   </div>
   <div class='ocr_carea' id='block_1_68' title="bbox 956 1232 1746 1274">
    <p class='ocr_par' dir='ltr' id='par_1_68' title="bbox 956 1232 1746 1274">
     <span class='ocr_line' id='line_1_68' title="bbox 956 1232 1746 1274; baseline 0.011 -15"><span class='ocrx_word' id='word_1_440' title='bbox 956 1233 1028 1268; x_wconf 88' lang='lat' dir='ltr'><strong>apud</strong></span> <span class='ocrx_word' id='word_1_441' title='bbox 1045 1232 1127 1262; x_wconf 85' lang='lat' dir='ltr'><strong>Indos</strong></span> <span class='ocrx_word' id='word_1_442' title='bbox 1149 1240 1209 1262; x_wconf 88' lang='lat' dir='ltr'><strong>orta</strong></span> <span class='ocrx_word' id='word_1_443' title='bbox 1233 1241 1284 1264; x_wconf 88' lang='lat' dir='ltr'><strong>est.</strong></span> <span class='ocrx_word' id='word_1_444' title='bbox 1309 1237 1376 1264; x_wconf 78' lang='lat' dir='ltr'><strong>Nam</strong></span> <span class='ocrx_word' id='word_1_445' title='bbox 1394 1246 1456 1265; x_wconf 87' lang='lat' dir='ltr'><strong>cum</strong></span> <span class='ocrx_word' id='word_1_446' title='bbox 1474 1239 1650 1274; x_wconf 87' lang='lat' dir='ltr'><strong>imperatoris</strong></span> <span class='ocrx_word' id='word_1_447' title='bbox 1669 1241 1746 1269; x_wconf 87' lang='lat' dir='ltr'><strong>forti-</strong></span> 
     </span>
    </p>
   </div>
   <div class='ocr_carea' id='block_1_69' title="bbox 956 1277 1746 1318">
    <p class='ocr_par' dir='ltr' id='par_1_69' title="bbox 956 1277 1746 1318">
     <span class='ocr_line' id='line_1_69' title="bbox 956 1277 1746 1318; baseline 0.01 -14"><span class='ocrx_word' id='word_1_448' title='bbox 956 1277 1023 1306; x_wconf 85' lang='lat' dir='ltr'><strong>tudo</strong></span> <span class='ocrx_word' id='word_1_449' title='bbox 1044 1285 1077 1305; x_wconf 86' lang='lat' dir='ltr'><strong>ac</strong></span> <span class='ocrx_word' id='word_1_450' title='bbox 1101 1279 1189 1313; x_wconf 84' lang='lat' dir='ltr'><strong>pictas</strong></span> <span class='ocrx_word' id='word_1_451' title='bbox 1218 1288 1268 1315; x_wconf 85' lang='lat' dir='ltr'><strong>per</strong></span> <span class='ocrx_word' id='word_1_452' title='bbox 1287 1289 1383 1310; x_wconf 84' lang='lat' dir='ltr'><strong>omnes</strong></span> <span class='ocrx_word' id='word_1_453' title='bbox 1405 1290 1468 1310; x_wconf 89' lang='lat' dir='ltr'><strong>oras</strong></span> <span class='ocrx_word' id='word_1_454' title='bbox 1491 1285 1701 1318; x_wconf 68' lang='lat' dir='ltr'><strong>praedicaretur,</strong></span> <span class='ocrx_word' id='word_1_455' title='bbox 1717 1292 1746 1314; x_wconf 84' lang='lat' dir='ltr'><strong>et</strong></span> 
     </span>
    </p>
   </div>
   <div class='ocr_carea' id='block_1_70' title="bbox 954 1324 1746 1365">
    <p class='ocr_par' dir='ltr' id='par_1_70' title="bbox 954 1324 1746 1365">
     <span class='ocr_line' id='line_1_70' title="bbox 954 1324 1746 1365; baseline 0.011 -14"><span class='ocrx_word' id='word_1_456' title='bbox 954 1324 1065 1352; x_wconf 86' lang='lat' dir='ltr'><strong>barbari</strong></span> <span class='ocrx_word' id='word_1_457' title='bbox 1089 1326 1306 1362; x_wconf 81' lang='lat' dir='ltr'><strong>circumquaque</strong></span> <span class='ocrx_word' id='word_1_458' title='bbox 1331 1335 1424 1363; x_wconf 78' lang='lat' dir='ltr'><strong>pacem</strong></span> <span class='ocrx_word' id='word_1_459' title='bbox 1442 1329 1513 1357; x_wconf 83' lang='lat' dir='ltr'><strong>bello</strong></span> <span class='ocrx_word' id='word_1_460' title='bbox 1528 1330 1658 1365; x_wconf 73' lang='lat' dir='ltr'><strong>prrcl&#39;crre</strong></span> <span class='ocrx_word' id='word_1_461' title='bbox 1671 1331 1746 1360; x_wconf 88' lang='lat' dir='ltr'><strong>didi—</strong></span> 
     </span>
    </p>
   </div>
   <div class='ocr_carea' id='block_1_71' title="bbox 955 1372 1744 1406">
    <p class='ocr_par' dir='ltr' id='par_1_71' title="bbox 955 1372 1744 1406">
     <span class='ocr_line' id='line_1_71' title="bbox 955 1372 1744 1406; baseline 0.009 -7"><span class='ocrx_word' id='word_1_462' title='bbox 955 1372 1071 1404; x_wconf 86' lang='lat' dir='ltr'><strong>cissent,</strong></span> <span class='ocrx_word' id='word_1_463' title='bbox 1105 1373 1190 1401; x_wconf 64' lang='lat' dir='ltr'><strong>libere</strong></span> <span class='ocrx_word' id='word_1_464' title='bbox 1228 1374 1301 1402; x_wconf 83' lang='lat' dir='ltr'><strong>inter</strong></span> <span class='ocrx_word' id='word_1_465' title='bbox 1334 1383 1364 1403; x_wconf 89' lang='lat' dir='ltr'><strong>se</strong></span> <span class='ocrx_word' id='word_1_466' title='bbox 1398 1380 1493 1403; x_wconf 89' lang='lat' dir='ltr'><strong>mutuo</strong></span> <span class='ocrx_word' id='word_1_467' title='bbox 1527 1378 1744 1406; x_wconf 82' lang='lat' dir='ltr'><strong>versabantur:</strong></span> 
     </span>
    </p>
   </div>
   <div class='ocr_carea' id='block_1_72' title="bbox 955 1417 1746 1454">
    <p class='ocr_par' dir='ltr' id='par_1_72' title="bbox 955 1417 1746 1454">
     <span class='ocr_line' id='line_1_72' title="bbox 955 1417 1746 1454; baseline 0.01 -10"><span class='ocrx_word' id='word_1_468' title='bbox 955 1417 1092 1454; x_wconf 88' lang='lat' dir='ltr'><strong>multique</strong></span> <span class='ocrx_word' id='word_1_469' title='bbox 1106 1419 1174 1446; x_wconf 82' lang='lat' dir='ltr'><strong>adeo</strong></span> <span class='ocrx_word' id='word_1_470' title='bbox 1192 1420 1298 1447; x_wconf 87' lang='lat' dir='ltr'><strong>visendi</strong></span> <span class='ocrx_word' id='word_1_471' title='bbox 1319 1421 1423 1454; x_wconf 86' lang='lat' dir='ltr'><strong>studio,</strong></span> <span class='ocrx_word' id='word_1_472' title='bbox 1446 1422 1523 1448; x_wconf 79' lang='lat' dir='ltr'><strong>llllllll</strong></span> <span class='ocrx_word' id='word_1_473' title='bbox 1541 1423 1623 1450; x_wconf 86' lang='lat' dir='ltr'><strong>etiam</strong></span> <span class='ocrx_word' id='word_1_474' title='bbox 1641 1432 1746 1452; x_wconf 81' lang='lat' dir='ltr'><strong>merca-</strong></span> 
     </span>
    </p>
   </div>
   <div class='ocr_carea' id='block_1_73' title="bbox 955 1464 1743 1503">
    <p class='ocr_par' dir='ltr' id='par_1_73' title="bbox 955 1464 1743 1503">
     <span class='ocr_line' id='line_1_73' title="bbox 955 1464 1743 1503; baseline 0.009 -13"><span class='ocrx_word' id='word_1_475' title='bbox 955 1466 1024 1491; x_wconf 70' lang='lat' dir='ltr'><strong>turae</strong></span> <span class='ocrx_word' id='word_1_476' title='bbox 1051 1464 1139 1499; x_wconf 77' lang='lat' dir='ltr'><strong>gratia</strong></span> <span class='ocrx_word' id='word_1_477' title='bbox 1165 1465 1260 1500; x_wconf 78' lang='lat' dir='ltr'><strong>longas</strong></span> <span class='ocrx_word' id='word_1_478' title='bbox 1289 1466 1525 1501; x_wconf 75' lang='lat' dir='ltr'><strong>peregrinationes</strong></span> <span class='ocrx_word' id='word_1_479' title='bbox 1542 1469 1743 1503; x_wconf 80' lang='lat' dir='ltr'><strong>suscipiebant.</strong></span> 
     </span>
    </p>
   </div>
   <div class='ocr_carea' id='block_1_74' title="bbox 956 1509 1746 1551">
    <p class='ocr_par' dir='ltr' id='par_1_74' title="bbox 956 1509 1746 1551">
     <span class='ocr_line' id='line_1_74' title="bbox 956 1509 1746 1551; baseline 0.01 -15"><span class='ocrx_word' id='word_1_480' title='bbox 956 1509 1026 1537; x_wconf 90' lang='lat' dir='ltr'><strong>Tum</strong></span> <span class='ocrx_word' id='word_1_481' title='bbox 1049 1511 1149 1546; x_wconf 83' lang='lat' dir='ltr'><strong>Tyrius</strong></span> <span class='ocrx_word' id='word_1_482' title='bbox 1175 1513 1296 1546; x_wconf 84' lang='lat' dir='ltr'><strong>quidam,</strong></span> <span class='ocrx_word' id='word_1_483' title='bbox 1323 1517 1444 1541; x_wconf 66' lang='lat' dir='ltr'><strong>externa:</strong></span> <span class='ocrx_word' id='word_1_484' title='bbox 1469 1514 1649 1550; x_wconf 74' lang='lat' dir='ltr'><strong>philosophia:</strong></span> <span class='ocrx_word' id='word_1_485' title='bbox 1671 1517 1746 1551; x_wconf 82' lang='lat' dir='ltr'><strong>peri-</strong></span> 
     </span>
    </p>
   </div>
   <div class='ocr_carea' id='block_1_75' title="bbox 956 1555 1744 1593">
    <p class='ocr_par' dir='ltr' id='par_1_75' title="bbox 956 1555 1744 1593">
     <span class='ocr_line' id='line_1_75' title="bbox 956 1555 1744 1593; baseline 0.006 -11"><span class='ocrx_word' id='word_1_486' title='bbox 956 1559 1012 1589; x_wconf 86' lang='lat' dir='ltr'><strong>tus,</strong></span> <span class='ocrx_word' id='word_1_487' title='bbox 1028 1556 1131 1583; x_wconf 62' lang='lat' dir='ltr'><strong>ultimae</strong></span> <span class='ocrx_word' id='word_1_488' title='bbox 1155 1555 1240 1584; x_wconf 70' lang='lat' dir='ltr'><strong>Indiae</strong></span> <span class='ocrx_word' id='word_1_489' title='bbox 1265 1557 1416 1585; x_wconf 64' lang='lat' dir='ltr'><strong>lustranda:</strong></span> <span class='ocrx_word' id='word_1_490' title='bbox 1440 1558 1580 1586; x_wconf 86' lang='lat' dir='ltr'><strong>desiderio</strong></span> <span class='ocrx_word' id='word_1_491' title='bbox 1604 1560 1744 1593; x_wconf 86' lang='lat' dir='ltr'><strong>incensus,</strong></span> 
     </span>
    </p>
   </div>
   <div class='ocr_carea' id='block_1_76' title="bbox 956 1602 1746 1642">
    <p class='ocr_par' dir='ltr' id='par_1_76' title="bbox 956 1602 1746 1642">
     <span class='ocr_line' id='line_1_76' title="bbox 956 1602 1746 1642; baseline 0.006 -13"><span class='ocrx_word' id='word_1_492' title='bbox 956 1609 1019 1629; x_wconf 92' lang='lat' dir='ltr'><strong>cum</strong></span> <span class='ocrx_word' id='word_1_493' title='bbox 1045 1602 1262 1631; x_wconf 83' lang='lat' dir='ltr'><strong>adolescentulis</strong></span> <span class='ocrx_word' id='word_1_494' title='bbox 1287 1604 1395 1631; x_wconf 89' lang='lat' dir='ltr'><strong>duobus</strong></span> <span class='ocrx_word' id='word_1_495' title='bbox 1411 1604 1505 1633; x_wconf 81' lang='lat' dir='ltr'><strong>fratris</strong></span> <span class='ocrx_word' id='word_1_496' title='bbox 1522 1605 1587 1633; x_wconf 85' lang='lat' dir='ltr'><strong>filiis</strong></span> <span class='ocrx_word' id='word_1_497' title='bbox 1602 1613 1636 1633; x_wconf 83' lang='lat' dir='ltr'><strong>eo</strong></span> <span class='ocrx_word' id='word_1_498' title='bbox 1651 1606 1746 1642; x_wconf 85' lang='lat' dir='ltr'><strong>profc-</strong></span> 
     </span>
    </p>
   </div>
   <div class='ocr_carea' id='block_1_77' title="bbox 956 1649 1746 1686">
    <p class='ocr_par' dir='ltr' id='par_1_77' title="bbox 956 1649 1746 1686">
     <span class='ocr_line' id='line_1_77' title="bbox 956 1649 1746 1686; baseline 0.004 -10"><span class='ocrx_word' id='word_1_499' title='bbox 956 1652 1018 1676; x_wconf 88' lang='lat' dir='ltr'><strong>cttts</strong></span> <span class='ocrx_word' id='word_1_500' title='bbox 1044 1653 1095 1677; x_wconf 86' lang='lat' dir='ltr'><strong>est.</strong></span> <span class='ocrx_word' id='word_1_501' title='bbox 1117 1649 1243 1684; x_wconf 87' lang='lat' dir='ltr'><strong>Cumque</strong></span> <span class='ocrx_word' id='word_1_502' title='bbox 1258 1650 1427 1678; x_wconf 87' lang='lat' dir='ltr'><strong>desiderium</strong></span> <span class='ocrx_word' id='word_1_503' title='bbox 1443 1652 1602 1686; x_wconf 83' lang='lat' dir='ltr'><strong>explesset,</strong></span> <span class='ocrx_word' id='word_1_504' title='bbox 1627 1655 1653 1679; x_wconf 91' lang='lat' dir='ltr'><strong>et</strong></span> <span class='ocrx_word' id='word_1_505' title='bbox 1676 1660 1746 1679; x_wconf 84' lang='lat' dir='ltr'><strong>con-</strong></span> 
     </span>
    </p>
   </div>
   <div class='ocr_carea' id='block_1_78' title="bbox 957 1696 1746 1733">
    <p class='ocr_par' dir='ltr' id='par_1_78' title="bbox 957 1696 1746 1733">
     <span class='ocr_line' id='line_1_78' title="bbox 957 1696 1746 1733; baseline 0.005 -11"><span class='ocrx_word' id='word_1_506' title='bbox 957 1703 1054 1723; x_wconf 85' lang='lat' dir='ltr'><strong>scensa</strong></span> <span class='ocrx_word' id='word_1_507' title='bbox 1073 1696 1135 1723; x_wconf 90' lang='lat' dir='ltr'><strong>navi</strong></span> <span class='ocrx_word' id='word_1_508' title='bbox 1153 1696 1255 1723; x_wconf 85' lang='lat' dir='ltr'><strong>rediret</strong></span> <span class='ocrx_word' id='word_1_509' title='bbox 1270 1696 1297 1723; x_wconf 87' lang='lat' dir='ltr'><strong>in</strong></span> <span class='ocrx_word' id='word_1_510' title='bbox 1318 1697 1448 1732; x_wconf 77' lang='lat' dir='ltr'><strong>patriam,</strong></span> <span class='ocrx_word' id='word_1_511' title='bbox 1467 1698 1576 1733; x_wconf 78' lang='lat' dir='ltr'><strong>navigio</strong></span> <span class='ocrx_word' id='word_1_512' title='bbox 1590 1699 1746 1733; x_wconf 77' lang='lat' dir='ltr'><strong>aquationis</strong></span> 
     </span>
    </p>
   </div>
   <div class='ocr_carea' id='block_1_79' title="bbox 956 1743 1799 1779">
    <p class='ocr_par' dir='ltr' id='par_1_79' title="bbox 956 1743 1799 1779">
     <span class='ocr_line' id='line_1_79' title="bbox 956 1743 1799 1779; baseline 0.006 -10"><span class='ocrx_word' id='word_1_513' title='bbox 956 1750 1041 1769; x_wconf 85' lang='lat' dir='ltr'><strong>causa</strong></span> <span class='ocrx_word' id='word_1_514' title='bbox 1058 1743 1090 1770; x_wconf 90' lang='lat' dir='ltr'><strong>ad</strong></span> <span class='ocrx_word' id='word_1_515' title='bbox 1110 1747 1218 1777; x_wconf 86' lang='lat' dir='ltr'><strong>portum</strong></span> <span class='ocrx_word' id='word_1_516' title='bbox 1234 1744 1379 1778; x_wconf 85' lang='lat' dir='ltr'><strong>quemdam</strong></span> <span class='ocrx_word' id='word_1_517' title='bbox 1394 1745 1510 1779; x_wconf 81' lang='lat' dir='ltr'><strong>appulsa</strong></span> <span class='ocrx_word' id='word_1_518' title='bbox 1524 1763 1531 1776; x_wconf 91' lang='lat'><strong>,</strong></span> <span class='ocrx_word' id='word_1_519' title='bbox 1557 1745 1697 1774; x_wconf 82' lang='lat' dir='ltr'><strong>irruentes</strong></span> <span class='ocrx_word' id='word_1_520' title='bbox 1717 1746 1746 1773; x_wconf 89' lang='lat' dir='ltr'><strong>in</strong></span> <span class='ocrx_word' id='word_1_521' title='bbox 1794 1754 1799 1758; x_wconf 84' lang='lat'>&#39;</span> 
     </span>
    </p>
   </div>
   <div class='ocr_carea' id='block_1_80' title="bbox 955 1788 1746 1822">
    <p class='ocr_par' dir='ltr' id='par_1_80' title="bbox 955 1788 1746 1822">
     <span class='ocr_line' id='line_1_80' title="bbox 955 1788 1746 1822; baseline 0.005 -6"><span class='ocrx_word' id='word_1_522' title='bbox 955 1796 1004 1817; x_wconf 89' lang='lat' dir='ltr'><strong>eos</strong></span> <span class='ocrx_word' id='word_1_523' title='bbox 1028 1788 1138 1816; x_wconf 85' lang='lat' dir='ltr'><strong>barbari</strong></span> <span class='ocrx_word' id='word_1_524' title='bbox 1165 1789 1234 1817; x_wconf 87' lang='lat' dir='ltr'><strong>alios</strong></span> <span class='ocrx_word' id='word_1_525' title='bbox 1251 1789 1418 1822; x_wconf 83' lang='lat' dir='ltr'><strong>demersere,</strong></span> <span class='ocrx_word' id='word_1_526' title='bbox 1443 1790 1512 1819; x_wconf 87' lang='lat' dir='ltr'><strong>alios</strong></span> <span class='ocrx_word' id='word_1_527' title='bbox 1532 1791 1559 1818; x_wconf 93' lang='lat' dir='ltr'><strong>in</strong></span> <span class='ocrx_word' id='word_1_528' title='bbox 1586 1793 1746 1820; x_wconf 86' lang='lat' dir='ltr'><strong>servitutem</strong></span> 
     </span>
    </p>
   </div>
   <div class='ocr_carea' id='block_1_81' title="bbox 956 1834 1746 1870">
    <p class='ocr_par' dir='ltr' id='par_1_81' title="bbox 956 1834 1746 1870">
     <span class='ocr_line' id='line_1_81' title="bbox 956 1834 1746 1870; baseline 0.005 -9"><span class='ocrx_word' id='word_1_529' title='bbox 956 1834 1093 1862; x_wconf 79' lang='lat' dir='ltr'><strong>abduxere</strong></span> <span class='ocrx_word' id='word_1_530' title='bbox 1104 1855 1112 1867; x_wconf 94' lang='lat'><strong>,</strong></span> <span class='ocrx_word' id='word_1_531' title='bbox 1128 1841 1160 1861; x_wconf 88' lang='lat' dir='ltr'><strong>ac</strong></span> <span class='ocrx_word' id='word_1_532' title='bbox 1175 1834 1233 1870; x_wconf 89' lang='lat' dir='ltr'><strong>ipse</strong></span> <span class='ocrx_word' id='word_1_533' title='bbox 1250 1835 1359 1870; x_wconf 79' lang='lat' dir='ltr'><strong>quidem</strong></span> <span class='ocrx_word' id='word_1_534' title='bbox 1385 1834 1459 1862; x_wconf 90' lang='lat' dir='ltr'><strong>inter</strong></span> <span class='ocrx_word' id='word_1_535' title='bbox 1476 1841 1601 1864; x_wconf 89' lang='lat' dir='ltr'><strong>mortuos</strong></span> <span class='ocrx_word' id='word_1_536' title='bbox 1620 1838 1746 1870; x_wconf 84' lang='lat' dir='ltr'><strong>relictus,</strong></span> 
     </span>
    </p>
   </div>
   <div class='ocr_carea' id='block_1_82' title="bbox 956 1879 1746 1917">
    <p class='ocr_par' dir='ltr' id='par_1_82' title="bbox 956 1879 1746 1917">
     <span class='ocr_line' id='line_1_82' title="bbox 956 1879 1746 1917; baseline 0.006 -11"><span class='ocrx_word' id='word_1_537' title='bbox 956 1879 1146 1908; x_wconf 83' lang='lat' dir='ltr'><strong>adolescentes</strong></span> <span class='ocrx_word' id='word_1_538' title='bbox 1162 1888 1225 1908; x_wconf 88' lang='lat' dir='ltr'><strong>vero</strong></span> <span class='ocrx_word' id='word_1_539' title='bbox 1244 1881 1277 1908; x_wconf 87' lang='lat' dir='ltr'><strong>ad</strong></span> <span class='ocrx_word' id='word_1_540' title='bbox 1293 1888 1385 1917; x_wconf 76' lang='lat' dir='ltr'><strong>regem</strong></span> <span class='ocrx_word' id='word_1_541' title='bbox 1405 1882 1530 1917; x_wconf 87' lang='lat' dir='ltr'><strong>perdueli</strong></span> <span class='ocrx_word' id='word_1_542' title='bbox 1551 1887 1626 1911; x_wconf 88' lang='lat' dir='ltr'><strong>sunt.</strong></span> <span class='ocrx_word' id='word_1_543' title='bbox 1643 1883 1746 1911; x_wconf 90' lang='lat' dir='ltr'><strong>Ilorum</strong></span> 
     </span>
    </p>
   </div>
   <div class='ocr_carea' id='block_1_83' title="bbox 957 1926 1746 1963">
    <p class='ocr_par' dir='ltr' id='par_1_83' title="bbox 957 1926 1746 1963">
     <span class='ocr_line' id='line_1_83' title="bbox 957 1926 1746 1963; baseline 0.006 -10"><span class='ocrx_word' id='word_1_544' title='bbox 957 1927 1004 1954; x_wconf 90' lang='lat' dir='ltr'><strong>uni</strong></span> <span class='ocrx_word' id='word_1_545' title='bbox 1017 1934 1117 1954; x_wconf 89' lang='lat' dir='ltr'><strong>nomen</strong></span> <span class='ocrx_word' id='word_1_546' title='bbox 1133 1926 1264 1954; x_wconf 70' lang='lat' dir='ltr'><strong>IEdesius</strong></span> <span class='ocrx_word' id='word_1_547' title='bbox 1284 1927 1346 1960; x_wconf 90' lang='lat' dir='ltr'><strong>fuit,</strong></span> <span class='ocrx_word' id='word_1_548' title='bbox 1359 1927 1438 1955; x_wconf 82' lang='lat' dir='ltr'><strong>alteri</strong></span> <span class='ocrx_word' id='word_1_549' title='bbox 1458 1927 1647 1957; x_wconf 84' lang='lat' dir='ltr'><strong>Frumentius.</strong></span> <span class='ocrx_word' id='word_1_550' title='bbox 1671 1929 1746 1963; x_wconf 85' lang='lat' dir='ltr'><strong>Quos</strong></span> 
     </span>
    </p>
   </div>
   <div class='ocr_carea' id='block_1_84' title="bbox 956 1974 1745 2011">
    <p class='ocr_par' dir='ltr' id='par_1_84' title="bbox 956 1974 1745 2011">
     <span class='ocr_line' id='line_1_84' title="bbox 956 1974 1745 2011; baseline 0.004 -9"><span class='ocrx_word' id='word_1_551' title='bbox 956 1975 1078 2011; x_wconf 76' lang='lat' dir='ltr'><strong>regionis</strong></span> <span class='ocrx_word' id='word_1_552' title='bbox 1094 1974 1368 2010; x_wconf 86' lang='lat' dir='ltr'><strong>dominustemporis</strong></span> <span class='ocrx_word' id='word_1_553' title='bbox 1386 1974 1464 2010; x_wconf 87' lang='lat' dir='ltr'><strong>lapsu</strong></span> <span class='ocrx_word' id='word_1_554' title='bbox 1483 1983 1545 2003; x_wconf 93' lang='lat' dir='ltr'><strong>cum</strong></span> <span class='ocrx_word' id='word_1_555' title='bbox 1562 1977 1745 2011; x_wconf 82' lang='lat' dir='ltr'><strong>explorasset.</strong></span> 
     </span>
    </p>
   </div>
   <div class='ocr_carea' id='block_1_85' title="bbox 956 2021 1746 2057">
    <p class='ocr_par' dir='ltr' id='par_1_85' title="bbox 956 2021 1746 2057">
     <span class='ocr_line' id='line_1_85' title="bbox 956 2021 1746 2057; baseline 0.005 -10"><span class='ocrx_word' id='word_1_556' title='bbox 956 2021 1162 2057; x_wconf 79' lang='lat' dir='ltr'><strong>prudentesque</strong></span> <span class='ocrx_word' id='word_1_557' title='bbox 1183 2021 1376 2055; x_wconf 85' lang='lat' dir='ltr'><strong>comperisset,</strong></span> <span class='ocrx_word' id='word_1_558' title='bbox 1393 2021 1493 2049; x_wconf 91' lang='lat' dir='ltr'><strong>domus</strong></span> <span class='ocrx_word' id='word_1_559' title='bbox 1518 2030 1575 2050; x_wconf 66' lang='lat' dir='ltr'><strong>sum</strong></span> <span class='ocrx_word' id='word_1_560' title='bbox 1594 2030 1688 2050; x_wconf 87' lang='lat' dir='ltr'><strong>curam</strong></span> <span class='ocrx_word' id='word_1_561' title='bbox 1704 2025 1746 2052; x_wconf 86' lang='lat' dir='ltr'><strong>eis</strong></span> 
     </span>
    </p>
   </div>
   <div class='ocr_carea' id='block_1_86' title="bbox 956 2067 1746 2103">
    <p class='ocr_par' dir='ltr' id='par_1_86' title="bbox 956 2067 1746 2103">
     <span class='ocr_line' id='line_1_86' title="bbox 956 2067 1746 2103; baseline 0.004 -8"><span class='ocrx_word' id='word_1_562' title='bbox 956 2067 1104 2096; x_wconf 86' lang='lat' dir='ltr'><strong>commisit.</strong></span> <span class='ocrx_word' id='word_1_563' title='bbox 1116 2067 1194 2100; x_wconf 88' lang='lat' dir='ltr'><strong>Quod</strong></span> <span class='ocrx_word' id='word_1_564' title='bbox 1209 2067 1231 2095; x_wconf 87' lang='lat' dir='ltr'><strong>si</strong></span> <span class='ocrx_word' id='word_1_565' title='bbox 1246 2067 1366 2102; x_wconf 83' lang='lat' dir='ltr'><strong>cuipiam</strong></span> <span class='ocrx_word' id='word_1_566' title='bbox 1379 2067 1497 2096; x_wconf 90' lang='lat' dir='ltr'><strong>fortasse</strong></span> <span class='ocrx_word' id='word_1_567' title='bbox 1510 2069 1590 2097; x_wconf 82' lang='lat' dir='ltr'><strong>ﬁdem</strong></span> <span class='ocrx_word' id='word_1_568' title='bbox 1602 2077 1658 2098; x_wconf 89' lang='lat' dir='ltr'><strong>non</strong></span> <span class='ocrx_word' id='word_1_569' title='bbox 1669 2070 1746 2103; x_wconf 86' lang='lat' dir='ltr'><strong>facit,</strong></span> 
     </span>
    </p>
   </div>
   <div class='ocr_carea' id='block_1_87' title="bbox 957 2108 1747 2152">
    <p class='ocr_par' dir='ltr' id='par_1_87' title="bbox 957 2108 1747 2152">
     <span class='ocr_line' id='line_1_87' title="bbox 957 2108 1747 2152; baseline 0.004 -10"><span class='ocrx_word' id='word_1_570' title='bbox 957 2114 980 2142; x_wconf 82' lang='lat' dir='ltr'><strong>is</strong></span> <span class='ocrx_word' id='word_1_571' title='bbox 997 2113 1108 2149; x_wconf 71' lang='lat' dir='ltr'><strong>Iosephi</strong></span> <span class='ocrx_word' id='word_1_572' title='bbox 1120 2118 1147 2140; x_wconf 86' lang='lat' dir='ltr'><strong>et</strong></span> <span class='ocrx_word' id='word_1_573' title='bbox 1165 2113 1275 2150; x_wconf 69' lang='lat' dir='ltr'><strong>Egypti</strong></span> <span class='ocrx_word' id='word_1_574' title='bbox 1293 2122 1406 2149; x_wconf 77' lang='lat' dir='ltr'><strong>regnum</strong></span> <span class='ocrx_word' id='word_1_575' title='bbox 1423 2108 1588 2147; x_wconf 73' lang='lat' dir='ltr'><strong>consideret,</strong></span> <span class='ocrx_word' id='word_1_576' title='bbox 1609 2116 1747 2152; x_wconf 83' lang='lat' dir='ltr'><strong>simulque</strong></span> 
     </span>
    </p>
   </div>
   <div class='ocr_carea' id='block_1_88' title="bbox 955 2159 1747 2195">
    <p class='ocr_par' dir='ltr' id='par_1_88' title="bbox 955 2159 1747 2195">
     <span class='ocr_line' id='line_1_88' title="bbox 955 2159 1747 2195; baseline 0.004 -9"><span class='ocrx_word' id='word_1_577' title='bbox 955 2159 1037 2195; x_wconf 79' lang='lat'><strong>805</strong></span> <span class='ocrx_word' id='word_1_578' title='bbox 1049 2159 1188 2186; x_wconf 84' lang='lat' dir='ltr'><strong>Danielem</strong></span> <span class='ocrx_word' id='word_1_579' title='bbox 1206 2162 1233 2186; x_wconf 87' lang='lat' dir='ltr'><strong>et</strong></span> <span class='ocrx_word' id='word_1_580' title='bbox 1249 2163 1305 2187; x_wconf 83' lang='lat' dir='ltr'><strong>tres</strong></span> <span class='ocrx_word' id='word_1_581' title='bbox 1322 2159 1385 2186; x_wconf 90' lang='lat' dir='ltr'><strong>illos</strong></span> <span class='ocrx_word' id='word_1_582' title='bbox 1399 2159 1511 2194; x_wconf 90' lang='lat' dir='ltr'><strong>pietatis</strong></span> <span class='ocrx_word' id='word_1_583' title='bbox 1526 2160 1644 2189; x_wconf 82' lang='lat' dir='ltr'><strong>athletas</strong></span> <span class='ocrx_word' id='word_1_584' title='bbox 1655 2169 1747 2190; x_wconf 87' lang='lat' dir='ltr'><strong>recor-</strong></span> 
     </span>
    </p>
   </div>
   <div class='ocr_carea' id='block_1_89' title="bbox 955 2205 1776 2240">
    <p class='ocr_par' dir='ltr' id='par_1_89' title="bbox 955 2205 1776 2240">
     <span class='ocr_line' id='line_1_89' title="bbox 955 2205 1776 2240; baseline 0.002 -7"><span class='ocrx_word' id='word_1_585' title='bbox 955 2207 1046 2234; x_wconf 88' lang='lat' dir='ltr'><strong>detur.</strong></span> <span class='ocrx_word' id='word_1_586' title='bbox 1062 2205 1129 2232; x_wconf 81' lang='lat' dir='ltr'><strong>Nam</strong></span> <span class='ocrx_word' id='word_1_587' title='bbox 1142 2208 1169 2232; x_wconf 78' lang='lat' dir='ltr'><strong>et</strong></span> <span class='ocrx_word' id='word_1_588' title='bbox 1183 2205 1210 2231; x_wconf 91' lang='lat' dir='ltr'><strong>hi</strong></span> <span class='ocrx_word' id='word_1_589' title='bbox 1237 2212 1358 2239; x_wconf 81' lang='lat' dir='ltr'><strong>quoque,</strong></span> <span class='ocrx_word' id='word_1_590' title='bbox 1382 2205 1482 2240; x_wconf 83' lang='lat' dir='ltr'><strong>captivi</strong></span> <span class='ocrx_word' id='word_1_591' title='bbox 1510 2213 1574 2232; x_wconf 90' lang='lat' dir='ltr'><strong>cum</strong></span> <span class='ocrx_word' id='word_1_592' title='bbox 1590 2210 1693 2240; x_wconf 86' lang='lat' dir='ltr'><strong>essent,</strong></span> <span class='ocrx_word' id='word_1_593' title='bbox 1711 2207 1747 2235; x_wconf 85' lang='lat' dir='ltr'><strong>ad</strong></span> <span class='ocrx_word' id='word_1_594' title='bbox 1770 2235 1776 2239; x_wconf 18' lang='grc' dir='ltr'><strong>ς</strong></span> 
     </span>
    </p>
   </div>
   <div class='ocr_carea' id='block_1_90' title="bbox 955 2250 1746 2287">
    <p class='ocr_par' dir='ltr' id='par_1_90' title="bbox 955 2250 1746 2287">
     <span class='ocr_line' id='line_1_90' title="bbox 955 2250 1746 2287; baseline 0.003 -8"><span class='ocrx_word' id='word_1_595' title='bbox 955 2251 1168 2287; x_wconf 81' lang='lat' dir='ltr'><strong>Babyloniorum</strong></span> <span class='ocrx_word' id='word_1_596' title='bbox 1197 2250 1391 2286; x_wconf 74' lang='lat' dir='ltr'><strong>praefecturam</strong></span> <span class='ocrx_word' id='word_1_597' title='bbox 1421 2251 1509 2278; x_wconf 87' lang='lat' dir='ltr'><strong>evecti</strong></span> <span class='ocrx_word' id='word_1_598' title='bbox 1540 2256 1615 2279; x_wconf 87' lang='lat' dir='ltr'><strong>sunt.</strong></span> <span class='ocrx_word' id='word_1_599' title='bbox 1636 2252 1746 2281; x_wconf 88' lang='lat' dir='ltr'><strong>Mortuo</strong></span> 
     </span>
    </p>
   </div>
   <div class='ocr_carea' id='block_1_91' title="bbox 100 2296 903 2342">
    <p class='ocr_par' dir='ltr' id='par_1_91' title="bbox 100 2303 901 2342">
     <span class='ocr_line' id='line_1_91' title="bbox 100 2303 901 2342; baseline -0.006 -9"><span class='ocrx_word' id='word_1_600' title='bbox 100 2305 262 2342; x_wconf 80' lang='grc' dir='ltr'>ἡγεμονίαν</span> <span class='ocrx_word' id='word_1_601' title='bbox 296 2305 457 2341; x_wconf 81' lang='grc' dir='ltr'>παρέλαϐον.</span> <span class='ocrx_word' id='word_1_602' title='bbox 474 2304 527 2331; x_wconf 77' lang='grc' dir='ltr'>Τοῦ</span> <span class='ocrx_word' id='word_1_603' title='bbox 542 2303 570 2330; x_wconf 80' lang='grc' dir='ltr'>δὲ</span> <span class='ocrx_word' id='word_1_604' title='bbox 583 2303 717 2338; x_wconf 79' lang='grc' dir='ltr'>βασιλέως</span> <span class='ocrx_word' id='word_1_605' title='bbox 741 2303 901 2337; x_wconf 84' lang='grc' dir='ltr'>τετελευτη-</span> 
     </span>
    </p>
   </div>
   <div class='ocr_carea' id='block_1_92' title="bbox 956 2296 1745 2342">
    <p class='ocr_par' dir='ltr' id='par_1_92' title="bbox 958 2296 1745 2333">
     <span class='ocr_line' id='line_1_92' title="bbox 958 2296 1745 2333; baseline 0.001 -7"><span class='ocrx_word' id='word_1_606' title='bbox 958 2303 1048 2326; x_wconf 89' lang='lat' dir='ltr'><strong>autem</strong></span> <span class='ocrx_word' id='word_1_607' title='bbox 1065 2305 1139 2333; x_wconf 76' lang='lat' dir='ltr'><strong>rege,</strong></span> <span class='ocrx_word' id='word_1_608' title='bbox 1159 2297 1280 2324; x_wconf 85' lang='lat' dir='ltr'><strong>maximo</strong></span> <span class='ocrx_word' id='word_1_609' title='bbox 1294 2296 1323 2324; x_wconf 87' lang='lat' dir='ltr'><strong>in</strong></span> <span class='ocrx_word' id='word_1_610' title='bbox 1338 2296 1443 2324; x_wconf 84' lang='lat' dir='ltr'><strong>honore</strong></span> <span class='ocrx_word' id='word_1_611' title='bbox 1461 2297 1534 2332; x_wconf 86' lang='lat' dir='ltr'><strong>apud</strong></span> <span class='ocrx_word' id='word_1_612' title='bbox 1554 2297 1640 2325; x_wconf 82' lang='lat' dir='ltr'><strong>ﬁlium</strong></span> <span class='ocrx_word' id='word_1_613' title='bbox 1657 2298 1745 2327; x_wconf 86' lang='lat' dir='ltr'><strong>fuere.</strong></span> 
     </span>
    </p>
   </div>
   <div class='ocr_carea' id='block_1_93' title="bbox 101 2348 901 2386">
    <p class='ocr_par' dir='ltr' id='par_1_93' title="bbox 101 2348 901 2386">
     <span class='ocr_line' id='line_1_93' title="bbox 101 2348 901 2386; baseline -0.005 -8"><span class='ocrx_word' id='word_1_614' title='bbox 101 2351 202 2384; x_wconf 75' lang='grc' dir='ltr'>κότος,</span> <span class='ocrx_word' id='word_1_615' title='bbox 218 2350 258 2386; x_wconf 80' lang='grc' dir='ltr'><strong>τῷ</strong></span> <span class='ocrx_word' id='word_1_616' title='bbox 273 2351 349 2377; x_wconf 81' lang='grc' dir='ltr'>παιδὶ</span> <span class='ocrx_word' id='word_1_617' title='bbox 365 2350 403 2386; x_wconf 87' lang='grc' dir='ltr'>τῷ</span> <span class='ocrx_word' id='word_1_618' title='bbox 418 2350 523 2377; x_wconf 79' lang='grc' dir='ltr'>ἐκείνου</span> <span class='ocrx_word' id='word_1_619' title='bbox 536 2350 665 2384; x_wconf 83' lang='grc' dir='ltr'>συνῆσαν,</span> <span class='ocrx_word' id='word_1_620' title='bbox 681 2348 804 2380; x_wconf 85' lang='grc' dir='ltr'>πλείονος</span> <span class='ocrx_word' id='word_1_621' title='bbox 817 2348 901 2383; x_wconf 77' lang='grc' dir='ltr'>τιμῆς</span> 
     </span>
    </p>
   </div>
   <div class='ocr_carea' id='block_1_94' title="bbox 101 2394 903 2431">
    <p class='ocr_par' dir='ltr' id='par_1_94' title="bbox 101 2394 903 2431">
     <span class='ocr_line' id='line_1_94' title="bbox 101 2394 903 2431; baseline -0.005 -8"><span class='ocrx_word' id='word_1_622' title='bbox 101 2396 338 2428; x_wconf 78' lang='grc' dir='ltr'>ἀπολαύοντες¹⁵.</span> <span class='ocrx_word' id='word_1_623' title='bbox 356 2395 489 2431; x_wconf 83' lang='grc' dir='ltr'>Εὑσεϐείᾳ</span> <span class='ocrx_word' id='word_1_624' title='bbox 504 2395 532 2421; x_wconf 78' lang='grc' dir='ltr'><strong>δὲ</strong></span> <span class='ocrx_word' id='word_1_625' title='bbox 565 2394 810 2430; x_wconf 76' lang='grc' dir='ltr'>συντεθραμμένοι,</span> <span class='ocrx_word' id='word_1_626' title='bbox 839 2395 903 2425; x_wconf 85' lang='grc' dir='ltr'>τοὺς</span> 
     </span>
    </p>
   </div>
   <div class='ocr_carea' id='block_1_95' title="bbox 99 2440 902 2478">
    <p class='ocr_par' dir='ltr' id='par_1_95' title="bbox 99 2440 902 2478">
     <span class='ocr_line' id='line_1_95' title="bbox 99 2440 902 2478; baseline -0.004 -8"><span class='ocrx_word' id='word_1_627' title='bbox 99 2443 210 2470; x_wconf 78' lang='grc' dir='ltr'>αὐτόσε</span> <span class='ocrx_word' id='word_1_628' title='bbox 217 2443 241 2458; x_wconf 73' lang='grc'><strong>’⁸</strong></span> <span class='ocrx_word' id='word_1_629' title='bbox 254 2442 309 2468; x_wconf 85' lang='grc' dir='ltr'>τῶν</span> <span class='ocrx_word' id='word_1_630' title='bbox 331 2442 461 2478; x_wconf 77' lang='grc' dir='ltr'>ἐμπόρων</span> <span class='ocrx_word' id='word_1_631' title='bbox 475 2440 691 2477; x_wconf 79' lang='grc' dir='ltr'>ἀφικνουμένους</span> <span class='ocrx_word' id='word_1_632' title='bbox 700 2441 770 2467; x_wconf 79' lang='grc' dir='ltr'>κατὰ</span> <span class='ocrx_word' id='word_1_633' title='bbox 784 2440 813 2467; x_wconf 84' lang='grc' dir='ltr'>τὸ</span> <span class='ocrx_word' id='word_1_634' title='bbox 834 2441 902 2467; x_wconf 90' lang='grc' dir='ltr'><strong>Ῥω-</strong></span> 
     </span>
    </p>
   </div>
   <div class='ocr_carea' id='block_1_96' title="bbox 103 2485 903 2524">
    <p class='ocr_par' dir='ltr' id='par_1_96' title="bbox 103 2485 903 2524">
     <span class='ocr_line' id='line_1_96' title="bbox 103 2485 903 2524; baseline -0.004 -9"><span class='ocrx_word' id='word_1_635' title='bbox 103 2488 202 2524; x_wconf 87' lang='grc' dir='ltr'>μαίων</span> <span class='ocrx_word' id='word_1_636' title='bbox 225 2487 285 2518; x_wconf 74' lang='grc' dir='ltr'>ἔθος</span> <span class='ocrx_word' id='word_1_637' title='bbox 308 2486 517 2522; x_wconf 83' lang='grc' dir='ltr'>συναγείρεσθαί</span> <span class='ocrx_word' id='word_1_638' title='bbox 530 2495 571 2518; x_wconf 85' lang='grc' dir='ltr'><strong>τε,</strong></span> <span class='ocrx_word' id='word_1_639' title='bbox 588 2486 636 2512; x_wconf 76' lang='grc' dir='ltr'><strong>καὶ</strong></span> <span class='ocrx_word' id='word_1_640' title='bbox 653 2486 702 2518; x_wconf 83' lang='grc' dir='ltr'>τὰς</span> <span class='ocrx_word' id='word_1_641' title='bbox 723 2485 798 2517; x_wconf 83' lang='grc' dir='ltr'>θείας</span> <span class='ocrx_word' id='word_1_642' title='bbox 813 2487 903 2512; x_wconf 78' lang='grc' dir='ltr'>ἐπιτε-</span> 
     </span>
    </p>
   </div>
   <div class='ocr_carea' id='block_1_97' title="bbox 100 2531 901 2570">
    <p class='ocr_par' dir='ltr' id='par_1_97' title="bbox 100 2531 901 2570">
     <span class='ocr_line' id='line_1_97' title="bbox 100 2531 901 2570; baseline -0.005 -9"><span class='ocrx_word' id='word_1_643' title='bbox 100 2535 165 2561; x_wconf 84' lang='grc' dir='ltr'>λεῖν</span> <span class='ocrx_word' id='word_1_644' title='bbox 201 2534 374 2570; x_wconf 85' lang='grc' dir='ltr'>λειτουργίας</span> <span class='ocrx_word' id='word_1_645' title='bbox 409 2533 589 2569; x_wconf 87' lang='grc' dir='ltr'>προέτρεπον.</span> <span class='ocrx_word' id='word_1_646' title='bbox 617 2531 722 2567; x_wconf 85' lang='grc' dir='ltr'>Χρόνου</span> <span class='ocrx_word' id='word_1_647' title='bbox 750 2531 778 2558; x_wconf 76' lang='grc' dir='ltr'>δὲ</span> <span class='ocrx_word' id='word_1_648' title='bbox 802 2531 901 2566; x_wconf 79' lang='grc' dir='ltr'>συχνοῦ</span> 
     </span>
    </p>
   </div>
   <div class='ocr_carea' id='block_1_98' title="bbox 99 2577 902 2616">
    <p class='ocr_par' dir='ltr' id='par_1_98' title="bbox 99 2577 902 2616">
     <span class='ocr_line' id='line_1_98' title="bbox 99 2577 902 2616; baseline -0.005 -9"><span class='ocrx_word' id='word_1_649' title='bbox 99 2580 271 2612; x_wconf 79' lang='grc' dir='ltr'>διελθόντος,</span> <span class='ocrx_word' id='word_1_650' title='bbox 298 2580 428 2616; x_wconf 85' lang='grc' dir='ltr'>προσίασι</span> <span class='ocrx_word' id='word_1_651' title='bbox 449 2579 487 2613; x_wconf 84' lang='grc' dir='ltr'>τῷ</span> <span class='ocrx_word' id='word_1_652' title='bbox 503 2578 618 2614; x_wconf 82' lang='grc' dir='ltr'>βασιλεῖ,</span> <span class='ocrx_word' id='word_1_653' title='bbox 647 2578 695 2605; x_wconf 82' lang='grc' dir='ltr'><strong>καὶ</strong></span> <span class='ocrx_word' id='word_1_654' title='bbox 720 2577 771 2612; x_wconf 79' lang='grc' dir='ltr'>τῆς</span> <span class='ocrx_word' id='word_1_655' title='bbox 795 2577 902 2610; x_wconf 82' lang='grc' dir='ltr'>εὐνοίας</span> 
     </span>
    </p>
   </div>
   <div class='ocr_carea' id='block_1_99' title="bbox 100 2623 900 2661">
    <p class='ocr_par' dir='ltr' id='par_1_99' title="bbox 100 2623 900 2661">
     <span class='ocr_line' id='line_1_99' title="bbox 100 2623 900 2661; baseline -0.003 -8"><span class='ocrx_word' id='word_1_656' title='bbox 100 2626 257 2653; x_wconf 78' lang='grc' dir='ltr'>ἀπαιτοῦσι</span> <span class='ocrx_word' id='word_1_657' title='bbox 273 2626 379 2661; x_wconf 84' lang='grc' dir='ltr'>μισθὸν,</span> <span class='ocrx_word' id='word_1_658' title='bbox 396 2626 445 2661; x_wconf 84' lang='grc' dir='ltr'>τὴν</span> <span class='ocrx_word' id='word_1_659' title='bbox 460 2627 500 2657; x_wconf 84' lang='grc' dir='ltr'><strong>εις</strong></span> <span class='ocrx_word' id='word_1_660' title='bbox 511 2624 561 2660; x_wconf 79' lang='grc' dir='ltr'><strong>τὴν</strong></span> <span class='ocrx_word' id='word_1_661' title='bbox 576 2623 741 2658; x_wconf 78' lang='grc' dir='ltr'>ὲνεγκοῦσαν</span> <span class='ocrx_word' id='word_1_662' title='bbox 760 2623 900 2651; x_wconf 79' lang='grc' dir='ltr'>ἐπάνοδον.</span> 
     </span>
    </p>
   </div>
   <div class='ocr_carea' id='block_1_100' title="bbox 100 2670 898 2708">
    <p class='ocr_par' dir='ltr' id='par_1_100' title="bbox 100 2670 898 2708">
     <span class='ocr_line' id='line_1_100' title="bbox 100 2670 898 2708; baseline -0.004 -9"><span class='ocrx_word' id='word_1_663' title='bbox 100 2672 211 2700; x_wconf 74' lang='grc' dir='ltr'>Τούτου</span> <span class='ocrx_word' id='word_1_664' title='bbox 225 2673 253 2700; x_wconf 81' lang='grc' dir='ltr'><strong>δὲ</strong></span> <span class='ocrx_word' id='word_1_665' title='bbox 262 2672 400 2708; x_wconf 81' lang='grc' dir='ltr'>τυχόντες,</span> <span class='ocrx_word' id='word_1_666' title='bbox 413 2673 452 2704; x_wconf 86' lang='grc' dir='ltr'><strong>είς</strong></span> <span class='ocrx_word' id='word_1_667' title='bbox 467 2672 516 2708; x_wconf 81' lang='grc' dir='ltr'>τὴν</span> <span class='ocrx_word' id='word_1_668' title='bbox 531 2671 673 2706; x_wconf 82' lang='grc' dir='ltr'>Ῥωμαίων</span> <span class='ocrx_word' id='word_1_669' title='bbox 686 2670 815 2705; x_wconf 69' lang='grc' dir='ltr'>ἀφίκοντο</span> <span class='ocrx_word' id='word_1_670' title='bbox 830 2671 881 2706; x_wconf 81' lang='grc' dir='ltr'>γῆν</span> <span class='ocrx_word' id='word_1_671' title='bbox 892 2678 898 2685; x_wconf 87' lang='grc'><strong>·</strong></span> 
     </span>
    </p>
   </div>
   <div class='ocr_carea' id='block_1_101' title="bbox 957 2342 1745 2380">
    <p class='ocr_par' dir='ltr' id='par_1_101' title="bbox 957 2342 1745 2380">
     <span class='ocr_line' id='line_1_101' title="bbox 957 2342 1745 2380; baseline 0.001 -8"><span class='ocrx_word' id='word_1_672' title='bbox 957 2345 990 2372; x_wconf 85' lang='grc' dir='ltr'>Ει</span> <span class='ocrx_word' id='word_1_673' title='bbox 1007 2345 1138 2380; x_wconf 90' lang='lat' dir='ltr'><strong>quoniam</strong></span> <span class='ocrx_word' id='word_1_674' title='bbox 1157 2343 1186 2370; x_wconf 90' lang='lat' dir='ltr'><strong>in</strong></span> <span class='ocrx_word' id='word_1_675' title='bbox 1201 2350 1265 2370; x_wconf 85' lang='lat' dir='ltr'><strong>vero</strong></span> <span class='ocrx_word' id='word_1_676' title='bbox 1280 2343 1326 2371; x_wconf 87' lang='lat' dir='ltr'><strong>Dei</strong></span> <span class='ocrx_word' id='word_1_677' title='bbox 1340 2342 1416 2370; x_wconf 90' lang='lat' dir='ltr'><strong>cultu</strong></span> <span class='ocrx_word' id='word_1_678' title='bbox 1430 2342 1540 2371; x_wconf 83' lang='lat' dir='ltr'><strong>educati</strong></span> <span class='ocrx_word' id='word_1_679' title='bbox 1563 2348 1654 2378; x_wconf 87' lang='lat' dir='ltr'><strong>erant,</strong></span> <span class='ocrx_word' id='word_1_680' title='bbox 1670 2353 1745 2373; x_wconf 83' lang='lat' dir='ltr'><strong>mer-</strong></span> 
     </span>
    </p>
   </div>
   <div class='ocr_carea' id='block_1_102' title="bbox 956 2388 1747 2425">
    <p class='ocr_par' dir='ltr' id='par_1_102' title="bbox 956 2388 1747 2425">
     <span class='ocr_line' id='line_1_102' title="bbox 956 2388 1747 2425; baseline -0.001 -6"><span class='ocrx_word' id='word_1_681' title='bbox 956 2396 1064 2420; x_wconf 90' lang='lat' dir='ltr'><strong>catores</strong></span> <span class='ocrx_word' id='word_1_682' title='bbox 1085 2389 1132 2425; x_wconf 91' lang='lat' dir='ltr'><strong>qui</strong></span> <span class='ocrx_word' id='word_1_683' title='bbox 1153 2397 1186 2417; x_wconf 90' lang='lat' dir='ltr'><strong>eo</strong></span> <span class='ocrx_word' id='word_1_684' title='bbox 1208 2389 1402 2417; x_wconf 83' lang='lat' dir='ltr'><strong>commeabant</strong></span> <span class='ocrx_word' id='word_1_685' title='bbox 1424 2388 1525 2416; x_wconf 86' lang='lat' dir='ltr'><strong>hortati</strong></span> <span class='ocrx_word' id='word_1_686' title='bbox 1541 2393 1616 2423; x_wconf 89' lang='lat' dir='ltr'><strong>sunt,</strong></span> <span class='ocrx_word' id='word_1_687' title='bbox 1635 2396 1665 2417; x_wconf 86' lang='lat' dir='ltr'><strong>ut</strong></span> <span class='ocrx_word' id='word_1_688' title='bbox 1691 2390 1747 2418; x_wconf 76' lang='lat' dir='ltr'><strong>Bo-</strong></span> 
     </span>
    </p>
   </div>
   <div class='ocr_carea' id='block_1_103' title="bbox 957 2434 1746 2468">
    <p class='ocr_par' dir='ltr' id='par_1_103' title="bbox 957 2434 1746 2468">
     <span class='ocr_line' id='line_1_103' title="bbox 957 2434 1746 2468; baseline -0.001 -3"><span class='ocrx_word' id='word_1_689' title='bbox 957 2445 1037 2465; x_wconf 87' lang='lat' dir='ltr'><strong>mano</strong></span> <span class='ocrx_word' id='word_1_690' title='bbox 1056 2443 1131 2464; x_wconf 85' lang='lat' dir='ltr'><strong>more</strong></span> <span class='ocrx_word' id='word_1_691' title='bbox 1147 2435 1174 2462; x_wconf 89' lang='lat' dir='ltr'><strong>in</strong></span> <span class='ocrx_word' id='word_1_692' title='bbox 1190 2442 1274 2462; x_wconf 90' lang='lat' dir='ltr'><strong>unum</strong></span> <span class='ocrx_word' id='word_1_693' title='bbox 1291 2434 1482 2468; x_wconf 88' lang='lat' dir='ltr'><strong>convenirent,</strong></span> <span class='ocrx_word' id='word_1_694' title='bbox 1506 2439 1532 2462; x_wconf 90' lang='lat' dir='ltr'><strong>et.</strong></span> <span class='ocrx_word' id='word_1_695' title='bbox 1548 2434 1641 2462; x_wconf 86' lang='lat' dir='ltr'><strong>divina</strong></span> <span class='ocrx_word' id='word_1_696' title='bbox 1662 2436 1746 2464; x_wconf 89' lang='lat' dir='ltr'><strong>mini-</strong></span> 
     </span>
    </p>
   </div>
   <div class='ocr_carea' id='block_1_104' title="bbox 956 2479 1743 2517">
    <p class='ocr_par' dir='ltr' id='par_1_104' title="bbox 956 2479 1743 2517">
     <span class='ocr_line' id='line_1_104' title="bbox 956 2479 1743 2517; baseline 0 -6"><span class='ocrx_word' id='word_1_697' title='bbox 956 2484 1040 2512; x_wconf 88' lang='lat' dir='ltr'><strong>steria</strong></span> <span class='ocrx_word' id='word_1_698' title='bbox 1055 2482 1235 2510; x_wconf 86' lang='lat' dir='ltr'><strong>celebrarent.</strong></span> <span class='ocrx_word' id='word_1_699' title='bbox 1256 2479 1352 2516; x_wconf 76' lang='lat' dir='ltr'><strong>Longo</strong></span> <span class='ocrx_word' id='word_1_700' title='bbox 1369 2488 1434 2508; x_wconf 88' lang='lat' dir='ltr'><strong>vero</strong></span> <span class='ocrx_word' id='word_1_701' title='bbox 1465 2486 1527 2516; x_wconf 88' lang='lat' dir='ltr'><strong>post</strong></span> <span class='ocrx_word' id='word_1_702' title='bbox 1556 2485 1678 2517; x_wconf 89' lang='lat' dir='ltr'><strong>tempore</strong></span> <span class='ocrx_word' id='word_1_703' title='bbox 1695 2490 1743 2511; x_wconf 86' lang='lat' dir='ltr'><strong>vc-</strong></span> 
     </span>
    </p>
   </div>
   <div class='ocr_carea' id='block_1_105' title="bbox 957 2526 1745 2563">
    <p class='ocr_par' dir='ltr' id='par_1_105' title="bbox 957 2526 1745 2563">
     <span class='ocr_line' id='line_1_105' title="bbox 957 2526 1745 2563; baseline -0.004 -6"><span class='ocrx_word' id='word_1_704' title='bbox 957 2530 1036 2557; x_wconf 88' lang='lat' dir='ltr'><strong>niunt</strong></span> <span class='ocrx_word' id='word_1_705' title='bbox 1054 2528 1087 2555; x_wconf 81' lang='lat' dir='ltr'><strong>ad</strong></span> <span class='ocrx_word' id='word_1_706' title='bbox 1105 2535 1210 2563; x_wconf 78' lang='lat' dir='ltr'><strong>regem,</strong></span> <span class='ocrx_word' id='word_1_707' title='bbox 1225 2531 1252 2554; x_wconf 91' lang='lat' dir='ltr'><strong>et</strong></span> <span class='ocrx_word' id='word_1_708' title='bbox 1267 2526 1465 2554; x_wconf 63' lang='lat' dir='ltr'><strong>benevolentia</strong></span> <span class='ocrx_word' id='word_1_709' title='bbox 1494 2527 1649 2555; x_wconf 84' lang='lat' dir='ltr'><strong>mercedem</strong></span> <span class='ocrx_word' id='word_1_710' title='bbox 1673 2527 1745 2555; x_wconf 78' lang='lat' dir='ltr'><strong>hanc</strong></span> 
     </span>
    </p>
   </div>
   <div class='ocr_carea' id='block_1_106' title="bbox 957 2572 1745 2611">
    <p class='ocr_par' dir='ltr' id='par_1_106' title="bbox 957 2572 1745 2611">
     <span class='ocr_line' id='line_1_106' title="bbox 957 2572 1745 2611; baseline -0.003 -8"><span class='ocrx_word' id='word_1_711' title='bbox 957 2575 1110 2611; x_wconf 82' lang='lat' dir='ltr'><strong>pestulant,</strong></span> <span class='ocrx_word' id='word_1_712' title='bbox 1130 2573 1182 2601; x_wconf 90' lang='lat' dir='ltr'><strong>sibi</strong></span> <span class='ocrx_word' id='word_1_713' title='bbox 1201 2576 1230 2600; x_wconf 88' lang='lat' dir='ltr'><strong>ut</strong></span> <span class='ocrx_word' id='word_1_714' title='bbox 1245 2573 1273 2600; x_wconf 93' lang='lat' dir='ltr'><strong>in</strong></span> <span class='ocrx_word' id='word_1_715' title='bbox 1300 2572 1415 2608; x_wconf 84' lang='lat' dir='ltr'><strong>patriam</strong></span> <span class='ocrx_word' id='word_1_716' title='bbox 1432 2572 1540 2608; x_wconf 73' lang='lat' dir='ltr'><strong>regredi</strong></span> <span class='ocrx_word' id='word_1_717' title='bbox 1566 2573 1656 2601; x_wconf 84' lang='lat' dir='ltr'><strong>liceat.</strong></span> <span class='ocrx_word' id='word_1_718' title='bbox 1684 2573 1745 2608; x_wconf 81' lang='lat' dir='ltr'><strong>Quo</strong></span> 
     </span>
    </p>
   </div>
   <div class='ocr_carea' id='block_1_107' title="bbox 958 2617 1747 2663">
    <p class='ocr_par' dir='ltr' id='par_1_107' title="bbox 958 2617 1747 2663">
     <span class='ocr_line' id='line_1_107' title="bbox 958 2617 1747 2663; baseline -0.003 -15"><span class='ocrx_word' id='word_1_719' title='bbox 958 2622 1114 2656; x_wconf 84' lang='lat' dir='ltr'><strong>impetrato,</strong></span> <span class='ocrx_word' id='word_1_720' title='bbox 1134 2619 1161 2646; x_wconf 92' lang='lat' dir='ltr'><strong>in</strong></span> <span class='ocrx_word' id='word_1_721' title='bbox 1174 2619 1328 2646; x_wconf 81' lang='lat' dir='ltr'><strong>Romanum</strong></span> <span class='ocrx_word' id='word_1_722' title='bbox 1342 2618 1352 2628; x_wconf 91' lang='lat'><strong><em>&quot;</em></strong></span> <span class='ocrx_word' id='word_1_723' title='bbox 1378 2617 1467 2645; x_wconf 87' lang='lat' dir='ltr'><strong>solum</strong></span> <span class='ocrx_word' id='word_1_724' title='bbox 1483 2618 1586 2663; x_wconf 64' lang='lat' dir='ltr'><strong>reversi</strong></span> <span class='ocrx_word' id='word_1_725' title='bbox 1603 2623 1680 2646; x_wconf 90' lang='lat' dir='ltr'><strong>sunt.</strong></span> <span class='ocrx_word' id='word_1_726' title='bbox 1707 2621 1747 2646; x_wconf 82' lang='lat' dir='ltr'><strong>Ac</strong></span> 
     </span>
    </p>
   </div>
   <div class='ocr_carea' id='block_1_108' title="bbox 958 2663 1745 2701">
    <p class='ocr_par' dir='ltr' id='par_1_108' title="bbox 958 2663 1745 2701">
     <span class='ocr_line' id='line_1_108' title="bbox 958 2663 1745 2701; baseline -0.001 -6"><span class='ocrx_word' id='word_1_727' title='bbox 958 2667 1088 2695; x_wconf 42' lang='lat' dir='ltr'><strong>[Ellesius</strong></span> <span class='ocrx_word' id='word_1_728' title='bbox 1117 2665 1228 2701; x_wconf 87' lang='lat' dir='ltr'><strong>quidem</strong></span> <span class='ocrx_word' id='word_1_729' title='bbox 1245 2668 1320 2693; x_wconf 80' lang='lat' dir='ltr'><strong>recta</strong></span> <span class='ocrx_word' id='word_1_730' title='bbox 1337 2663 1439 2700; x_wconf 84' lang='lat' dir='ltr'><strong>Tyrum</strong></span> <span class='ocrx_word' id='word_1_731' title='bbox 1467 2665 1546 2700; x_wconf 83' lang='lat' dir='ltr'><strong>polit,</strong></span> <span class='ocrx_word' id='word_1_732' title='bbox 1569 2665 1745 2694; x_wconf 85' lang='lat' dir='ltr'><strong>Frumentius</strong></span> 
     </span>
    </p>
   </div>
   <div class='ocr_carea' id='block_1_109' title="bbox 755 2745 1097 2775">
    <p class='ocr_par' dir='ltr' id='par_1_109' title="bbox 755 2745 1097 2775">
     <span class='ocr_line' id='line_1_109' title="bbox 755 2745 1097 2775; baseline -0.003 -2"><span class='ocrx_word' id='word_1_733' title='bbox 755 2747 873 2775; x_wconf 72' lang='lat' dir='ltr'><strong>VARIAZ</strong></span> <span class='ocrx_word' id='word_1_734' title='bbox 894 2745 1097 2775; x_wconf 82' lang='lat' dir='ltr'><strong>LECTIONES.</strong></span> 
     </span>
    </p>
   </div>
   <div class='ocr_carea' id='block_1_110' title="bbox 146 2790 1745 2835">
    <p class='ocr_par' dir='ltr' id='par_1_110' title="bbox 146 2790 1745 2835">
     <span class='ocr_line' id='line_1_110' title="bbox 146 2790 1745 2835; baseline -0.003 -12"><span class='ocrx_word' id='word_1_735' title='bbox 146 2798 168 2813; x_wconf 92' lang='lat'>”</span> <span class='ocrx_word' id='word_1_736' title='bbox 185 2796 349 2832; x_wconf 81' lang='grc' dir='ltr'>Πλακεντίῳ</span> <span class='ocrx_word' id='word_1_737' title='bbox 369 2797 490 2825; x_wconf 82' lang='lat' dir='ltr'><strong>Bas.Gr.</strong></span> <span class='ocrx_word' id='word_1_738' title='bbox 509 2794 730 2835; x_wconf 41' lang='grc' dir='ltr'>διομιιλῷαλκίῳ</span> <span class='ocrx_word' id='word_1_739' title='bbox 745 2793 841 2835; x_wconf 58' lang='lat' dir='ltr'><strong>Steph.</strong></span> <span class='ocrx_word' id='word_1_740' title='bbox 861 2794 888 2821; x_wconf 75' lang='grc'><strong>2.</strong></span> <span class='ocrx_word' id='word_1_741' title='bbox 909 2795 961 2835; x_wconf 48' lang='lat' dir='ltr'><strong>{illi</strong></span> <span class='ocrx_word' id='word_1_742' title='bbox 979 2790 1370 2835; x_wconf 49' lang='lat' dir='ltr'><strong>eum_-Il);§xtrox_appcllatitl._</strong></span> <span class='ocrx_word' id='word_1_743' title='bbox 1383 2790 1594 2835; x_wconf 45' lang='grc' dir='ltr'><strong>νειίτιιιοικέλλιονι</strong></span> <span class='ocrx_word' id='word_1_744' title='bbox 1617 2791 1745 2835; x_wconf 82' lang='lat' dir='ltr'><strong>vel</strong></span> 
     </span>
    </p>
   </div>
   <div class='ocr_carea' id='block_1_111' title="bbox 99 2823 1746 2867">
    <p class='ocr_par' dir='ltr' id='par_1_111' title="bbox 99 2823 1746 2867">
     <span class='ocr_line' id='line_1_111' title="bbox 99 2823 1746 2867; baseline -0.002 -9"><span class='ocrx_word' id='word_1_745' title='bbox 99 2832 200 2859; x_wconf 80' lang='grc' dir='ltr'>κιλλον</span> <span class='ocrx_word' id='word_1_746' title='bbox 220 2823 340 2859; x_wconf 69' lang='grc' dir='ltr'><strong>ιἐξειίιιε.Ι</strong></span> <span class='ocrx_word' id='word_1_747' title='bbox 375 2833 397 2848; x_wconf 81' lang='grc'><strong>¹⁸</strong></span> <span class='ocrx_word' id='word_1_748' title='bbox 409 2823 417 2824; x_wconf 24' lang='lat'><em>7</em></span> <span class='ocrx_word' id='word_1_749' title='bbox 432 2823 582 2858; x_wconf 67' lang='grc' dir='ltr'>εὗσεὸειειῦ.</span> <span class='ocrx_word' id='word_1_750' title='bbox 594 2830 660 2867; x_wconf 76' lang='lat' dir='ltr'><strong>Bas.</strong></span> <span class='ocrx_word' id='word_1_751' title='bbox 678 2823 726 2867; x_wconf 64' lang='grc' dir='ltr'><strong>(ἓιῇ</strong></span> <span class='ocrx_word' id='word_1_752' title='bbox 767 2823 974 2867; x_wconf 70' lang='grc' dir='ltr'>’θἀίρουμένων</span> <span class='ocrx_word' id='word_1_753' title='bbox 994 2829 1076 2856; x_wconf 77' lang='lat' dir='ltr'><strong>Basil.</strong></span> <span class='ocrx_word' id='word_1_754' title='bbox 1089 2827 1161 2867; x_wconf 47' lang='grc' dir='ltr'><strong>ρι’...</strong></span> <span class='ocrx_word' id='word_1_755' title='bbox 1182 2823 1275 2867; x_wconf 68' lang='lat' dir='ltr'><strong>Steph.</strong></span> <span class='ocrx_word' id='word_1_756' title='bbox 1298 2826 1400 2867; x_wconf 47' lang='lat' dir='ltr'><strong>Stcallg.</strong></span> <span class='ocrx_word' id='word_1_757' title='bbox 1419 2827 1746 2867; x_wconf 50' lang='grc' dir='ltr'>Παραιρρυμένωνυϐιρῆ-</span> 
     </span>
    </p>
   </div>
   <div class='ocr_carea' id='block_1_112' title="bbox 101 2865 744 2903">
    <p class='ocr_par' dir='ltr' id='par_1_112' title="bbox 101 2865 744 2903">
     <span class='ocr_line' id='line_1_112' title="bbox 101 2865 744 2903; baseline -0.003 -9"><span class='ocrx_word' id='word_1_758' title='bbox 101 2868 342 2903; x_wconf 30' lang='grc' dir='ltr'>διοριιοτεοιιυδζ</span> <span class='ocrx_word' id='word_1_759' title='bbox 380 2868 403 2883; x_wconf 78' lang='grc'><strong>¹⁰</strong></span> <span class='ocrx_word' id='word_1_760' title='bbox 423 2865 744 2903; x_wconf 30' lang='grc' dir='ltr'><strong>ἐγκύκὶῳκΒιιεὶιτ-ϐ-τ.</strong></span> 
     </span>
    </p>
   </div>
   <div class='ocr_carea' id='block_1_113' title="bbox 105 2935 804 2969">
    <p class='ocr_par' dir='ltr' id='par_1_113' title="bbox 105 2935 804 2969">
     <span class='ocr_line' id='line_1_113' title="bbox 105 2935 804 2969; baseline 0 -5"><span class='ocrx_word' id='word_1_761' title='bbox 105 2938 136 2952; x_wconf 83' lang='lat'><strong><em>&quot;</em></strong></span> <span class='ocrx_word' id='word_1_762' title='bbox 147 2935 343 2969; x_wconf 65' lang='grc' dir='ltr'>ἀπολαϐόντες.</span> <span class='ocrx_word' id='word_1_763' title='bbox 362 2937 445 2965; x_wconf 86' lang='lat' dir='ltr'><strong>Basil.</strong></span> <span class='ocrx_word' id='word_1_764' title='bbox 459 2937 507 2965; x_wconf 82' lang='lat' dir='ltr'><strong>Gr.</strong></span> <span class='ocrx_word' id='word_1_765' title='bbox 545 2937 568 2954; x_wconf 78' lang='grc'><strong>³⁸</strong></span> <span class='ocrx_word' id='word_1_766' title='bbox 585 2935 688 2963; x_wconf 80' lang='grc' dir='ltr'>αὐτόθι.</span> <span class='ocrx_word' id='word_1_767' title='bbox 720 2936 804 2964; x_wconf 84' lang='lat' dir='ltr'><strong>Idem.</strong></span> 
     </span>
    </p>
   </div>
   <div class='ocr_carea' id='block_1_114' title="bbox 256 2985 666 3017">
    <p class='ocr_par' dir='ltr' id='par_1_114' title="bbox 256 2985 666 3017">
     <span class='ocr_line' id='line_1_114' title="bbox 256 2985 666 3017; baseline 0 -3"><span class='ocrx_word' id='word_1_768' title='bbox 256 2987 383 3017; x_wconf 62' lang='lat' dir='ltr'><strong>Parnm.</strong></span> <span class='ocrx_word' id='word_1_769' title='bbox 413 2986 470 3016; x_wconf 79' lang='lat' dir='ltr'><strong>Gn.</strong></span> <span class='ocrx_word' id='word_1_770' title='bbox 506 2985 666 3015; x_wconf 72' lang='lat' dir='ltr'><strong>LXXX&quot;.</strong></span> 
     </span>
    </p>
   </div>
   <div class='ocr_carea' id='block_1_115' title="bbox 805 2865 891 2881">
    <p class='ocr_par' dir='ltr' id='par_1_115' title="bbox 805 2865 891 2881">
     <span class='ocr_line' id='line_1_115' title="bbox 805 2865 891 2881; baseline 0.012 -1"><span class='ocrx_word' id='word_1_771' title='bbox 805 2865 826 2880; x_wconf 78' lang='grc' dir='ltr'><strong>ιι</strong></span> <span class='ocrx_word' id='word_1_772' title='bbox 841 2874 891 2881; x_wconf 64' lang='grc' dir='ltr'><strong>υκα-</strong></span> 
     </span>
    </p>
   </div>
   <div class='ocr_carea' id='block_1_116' title="bbox 102 2865 1272 2938">
    <p class='ocr_par' dir='ltr' id='par_1_116' title="bbox 102 2865 1272 2938">
     <span class='ocr_line' id='line_1_116' title="bbox 102 2865 1272 2938; baseline -0.003 -10"><span class='ocrx_word' id='word_1_773' title='bbox 102 2868 412 2938; x_wconf 58' lang='grc' dir='ltr'><strong>ῗξ⁰ἓὲἓὲξξ3ὶῖῗῑιεεέἱ</strong></span> <span class='ocrx_word' id='word_1_774' title='bbox 423 2865 891 2935; x_wconf 45' lang='lat' dir='ltr'><strong>Edim-3915.32?!inlatam:53</strong></span> <span class='ocrx_word' id='word_1_775' title='bbox 894 2865 1272 2935; x_wconf 53' lang='grc' dir='ltr'><strong>εέἷῗεὶῗῖσῖἴίίι,δὲὲξῖἒέλωξέῗὶ</strong></span> 
     </span>
    </p>
   </div>
   <div class='ocr_carea' id='block_1_117' title="bbox 997 2861 1742 2897">
    <p class='ocr_par' dir='ltr' id='par_1_117' title="bbox 997 2861 1742 2897">
     <span class='ocr_line' id='line_1_117' title="bbox 997 2861 1742 2897; baseline -0.003 -6"><span class='ocrx_word' id='word_1_776' title='bbox 997 2872 1057 2891; x_wconf 80' lang='grc' dir='ltr'>σαν.</span> <span class='ocrx_word' id='word_1_777' title='bbox 1088 2862 1182 2897; x_wconf 81' lang='lat' dir='ltr'><strong>Steph.</strong></span> <span class='ocrx_word' id='word_1_778' title='bbox 1215 2861 1420 2897; x_wconf 23' lang='grc' dir='ltr'>καθεπόνντησαν</span> <span class='ocrx_word' id='word_1_779' title='bbox 1448 2861 1679 2897; x_wconf 24' lang='grc' dir='ltr'>νίιὶοδίυςνΒαείΙ.</span> <span class='ocrx_word' id='word_1_780' title='bbox 1696 2862 1742 2889; x_wconf 88' lang='lat' dir='ltr'><strong>Gr.</strong></span> 
     </span>
    </p>
   </div>
   <div class='ocr_carea' id='block_1_118' title="bbox 1319 2896 1743 2932">
    <p class='ocr_par' dir='ltr' id='par_1_118' title="bbox 1319 2896 1743 2932">
     <span class='ocr_line' id='line_1_118' title="bbox 1319 2896 1743 2932; baseline 0.005 -9"><span class='ocrx_word' id='word_1_781' title='bbox 1319 2896 1342 2912; x_wconf 64' lang='grc'><strong>’⁵</strong></span> <span class='ocrx_word' id='word_1_782' title='bbox 1356 2896 1405 2932; x_wconf 83' lang='grc' dir='ltr'><strong>τὴν</strong></span> <span class='ocrx_word' id='word_1_783' title='bbox 1416 2897 1478 2924; x_wconf 87' lang='grc' dir='ltr'>τῶν.</span> <span class='ocrx_word' id='word_1_784' title='bbox 1497 2897 1558 2926; x_wconf 85' lang='lat' dir='ltr'><strong>Bas.</strong></span> <span class='ocrx_word' id='word_1_785' title='bbox 1572 2896 1632 2931; x_wconf 88' lang='lat' dir='ltr'><strong>Gr.,</strong></span> <span class='ocrx_word' id='word_1_786' title='bbox 1646 2896 1743 2932; x_wconf 81' lang='lat' dir='ltr'><strong>Steph.</strong></span> 
     </span>
    </p>
   </div>
   <div class='ocr_carea' id='block_1_119' title="bbox 1587 2980 1622 3011">
    <p class='ocr_par' dir='ltr' id='par_1_119' title="bbox 1587 2980 1622 3011">
     <span class='ocr_line' id='line_1_119' title="bbox 1587 2980 1622 3011; baseline 0 0"><span class='ocrx_word' id='word_1_787' title='bbox 1587 2980 1622 3011; x_wconf 87' lang='lat'><strong>31</strong></span> 
     </span>
    </p>
   </div>
  </div>
