1987 3118
231 191 278 224 971

725 189 970 220 THEODURETI
982 188 1153 219 EPISCOPI
1164 188 1347 218 CYRENSIS

1811 183 1862 214 97?.

230 257 307 283 vero,
322 257 413 278 rerum
429 248 585 277 divinarum
612 255 707 275 curam
734 252 879 283 parentum
909 254 1022 282 conspe-

1089 246 1120 272 αἱ
1133 246 1147 272 ὁ
1163 244 1211 280 μὲν
1226 244 1348 276 Αίδέσιος
1359 243 1408 279 τὴν
1423 243 1510 278 Τύρον
1522 241 1668 269 κατέλαϐεν
1684 248 1691 256 ·
1703 240 1718 266 ὸ
1733 239 1762 266 δε
1777 240 1861 275 Φρου-

230 296 285 324 ctui
301 300 481 330 anteponens,
501 292 694 321 Alexandriam
707 291 859 324 contendit,
874 290 1018 318 Ecclesize-

233 351 286 378 quc
301 342 453 369 antistitem
482 340 562 367 docet
586 339 667 366 ludos
696 346 796 374 magno
826 337 1020 365 intellectualis

231 389 345 417 luminis
360 388 496 416 desiderio
514 386 612 414 teneri.
631 385 760 413 Ecclesiae
776 393 859 420 porro
882 385 955 412 illius
971 391 1021 418 gu-

231 435 379 464 bernacula
397 439 454 462 tum
469 432 767 461 tenebatAthanasius.
782 431 844 465 Qui,
857 431 917 466 ejus
928 429 1021 458 audita

232 482 410 510 narratione:
429 480 461 507 Et
478 480 540 515 quis
557 480 666 510 melius,
683 478 781 513 inquit,
798 485 880 512 quam
909 481 951 508 tu,
978 475 1022 502 vel

233 527 397 563 ignorantia:
412 526 557 561 caliginem
585 525 620 552 ab
640 525 692 552 hac
710 528 791 559 gente
813 523 952 553 discutiet,
980 521 1022 548 vel

234 575 322 602 lucem
338 574 377 600 illi
395 572 496 600 divina:
508 571 714 607 praedicationis
732 569 853 597 inferet?
869 569 957 604 Atque
980 567 1022 595 Itis

233 620 326 653 dictis,
338 619 488 655 episcopali
505 626 567 645 eum
585 617 671 652 gratia
691 616 859 651 impertit,et
875 614 908 641 ad
927 614 1018 650 gentis

234 668 308 695 illius
331 667 466 694 culturam
487 665 613 692 dimittit.
633 663 680 690 llle
697 670 774 695 vero,
804 662 891 697 patria
917 661 1022 693 relicta,

235 712 380 747 pelagique
395 711 579 738 immensitate
590 713 757 743 contempta,
767 708 899 734 incultam
914 710 1023 740 gentem

235 758 312 790 adiit,
334 758 533 792 diligenterque
550 755 650 782 divinat
663 754 760 789 gratiae
775 761 825 788 ope
843 752 926 779 nixus
941 758 1024 778 exco-

237 805 298 831 luit.
315 803 482 839 Apostolicis
499 802 573 830 enim
602 801 756 832 miraculis,
785 799 807 827 si
830 799 876 834 qui
891 797 1026 825 contradi-

237 858 300 878 cere
320 853 498 882 conarentur,
519 847 663 882 capiebat:
684 847 881 880 signorumque
906 843 1026 870 efﬁcacia

237 896 318 924 dictis
333 896 393 930 ejus
412 895 491 922 [idem
508 897 648 926 astruens,
674 891 809 926 plurimos
833 889 956 926 quotidie
973 888 1026 916 sibi

239 942 418 977 adjungebat.

1073 293 1180 328 μέντιος
1198 291 1247 327 τὴν
1263 291 1326 326 περὶ
1340 290 1374 317 τὰ
1389 290 1448 316 θεῖα
1462 288 1580 324 σπουδὴν
1595 288 1644 323 τῆς
1663 286 1718 314 τῶν
1733 294 1864 320 γεγεννη-

1071 338 1157 364 κότων
1195 336 1381 372 προτετίμηκε
1407 335 1470 366 θέας
1489 342 1496 351 ·
1525 334 1574 361 καὶ
1604 333 1655 368 τὴν
1687 331 1864 366 Ἀλεξάνδρου

1072 383 1233 411 καταλαϐὼν
1250 382 1337 412 πόλιν.
1354 382 1400 408 τὸν
1414 381 1465 416 τῆς
1487 380 1653 414 Ἐκκλησίας
1679 378 1785 411 ἐδίδαξε
1801 377 1864 411 πρό-

1072 430 1158 464 εδρον,
1177 429 1215 461 ὡς
1244 429 1321 455 Ἰνδοὶ
1347 428 1408 455 λίαν
1437 426 1550 453 ποθοῦσι
1576 425 1605 452 τὸ
1628 424 1722 458 νοερὸν
1745 423 1862 455 εἰσίἐξα-

1074 476 1136 503 σθαι
1155 475 1222 510 φῶς.
1245 474 1403 506 Ἀθανάσιος
1425 474 1453 500 δὲ
1469 471 1619 508 τηνικαῦτα
1631 471 1682 505 τῆς
1704 469 1867 503 Ἑκκλησὶας

1074 522 1182 558 ἐκείνης
1212 522 1321 556 κατεῖχε
1338 521 1402 552 τοὺς
1422 520 1518 551 οἴακας
1531 528 1537 534 ·
1559 517 1588 549 ὃς
1611 517 1665 544 τῶν
1689 515 1868 551 διηγημάτων

1074 569 1187 595 ἐκείνων
1208 568 1345 599 ἀκούσας·
1365 567 1421 593 Καὶ
1451 565 1493 597 τίς
1515 573 1573 596 σου,
1598 563 1662 598 ἔφη,
1692 563 1808 597 ἄμεινον
1824 561 1870 587 καὶ

1073 614 1123 650 τὴν
1137 614 1185 648 τῆς
1195 613 1306 647 ἀγνοίας
1319 612 1368 648 τὴν
1377 612 1401 628 ¹τ
1413 612 1496 647 ἀχλὺν
1509 608 1691 636 ἁποσκεδάσει
1703 606 1751 634 τοῦ
1764 606 1869 637 ἑθνους,

1075 659 1122 686 καὶ
1134 659 1180 685 τοῦ
1194 657 1267 684 θείου
1278 657 1456 693 κηρύγματος
1471 656 1562 687 αὐτοῖς
1574 654 1684 681 ἀποίσει
1692 653 1743 688 τὴν
1754 652 1869 686 αῖγληνς

1075 704 1167 732 Ταῦτα
1185 703 1279 737 εἰπὼν,
1298 704 1345 730 καὶ
1362 703 1411 738 τῆς
1425 702 1622 738 ἀρχιερατικῆς
1652 700 1728 735 αὐτῷ
1758 699 1871 734 χάριτος

1077 751 1218 787 μεταδοὺς.
1235 751 1274 782 εἰς
1302 750 1351 785 τὴν
1366 748 1413 776 τοῦ
1434 748 1527 780 ἔθνους
1560 746 1698 781 ἐξέπεμψε
1722 744 1871 779 γεωργίαν.

1082 797 1111 823 '0
1131 797 1169 829 δὲ,
1185 796 1232 822 καὶ
1265 795 1316 830 τὴν
1335 794 1452 829 πατρίδα
1480 792 1650 822 καταλιπὼν,
1667 791 1715 817 καὶ
1730 789 1779 816 τοῦ
1794 788 1872 823 μεγί-

1079 851 1141 868 στου
1170 841 1306 873 πελάγους
1339 840 1562 875 καταφρονήσας,
1595 836 1732 864 κατέλαϐε
1768 834 1818 870 μὲν
1843 833 1871 859 τὸ

1077 888 1255 925 ἀγεώργητον
1278 887 1365 919 ἔθνος·
1391 885 1550 921 ὲγεώργησε
1571 884 1600 911 δὲ
1625 883 1788 918 προθύμως,
1816 888 1875 906 σνν-

1043 930 1066 959 Β
1081 934 1160 969 εργέιν
1180 933 1250 969 ἔχων
1267 933 1315 968 τὴν
1339 931 1478 958 θεόσδοτον
1493 929 1551 967 [55]
1565 930 1646 966 χάριν
1659 937 1666 943 ·
1681 926 1874 956 ἀπωτολικαῖς

238 971 292 1025 γὰρ
312 971 480 1023 κεχρημένος
502 983 745 1019 θαυματουργίαις,
761 983 823 1014 τοὺς
839 981 989 1016 ἀντιλέγειν
1013 982 1069 1012 τοῖς
1097 980 1186 1015 λόγοις
1211 979 1400 1014 πειρωμένους
1417 978 1549 1013 ἐθήρευε,
1573 976 1621 1003 καὶ
1647 976 1664 1010 ἡ
1689 971 1874 1010 τερατουργία

241 1034 416 1071 μαρτυροῦσα
453 1033 510 1063 τοῖς
538 1030 696 1065 λεγομένοις
709 1049 716 1062 ,
752 1029 929 1063 παμπόλλους
962 1027 1022 1055 καθ’
1036 1027 1155 1062 ἑκάστην
1169 1026 1276 1062 ἡμέραν
1291 1025 1419 1060 ἐζώγρει.

361 1091 444 1126 sos
455 1089 531 1116 cae.
545 1087 639 1114 xxm.
655 1086 708 1123 [ει.
719 1087 789 1124 cur.
804 1086 833 1113 v.
845 1085 902 1121 ει]

364 1148 402 1174 De
417 1147 557 1174 [berorum
569 1145 604 1172 ad
619 1144 698 1178 ﬁdem
719 1144 901 1170 traductione.

276 1227 350 1255 ludis
373 1233 439 1260 ergo
455 1225 488 1252 ad
519 1223 565 1252 Dei
599 1222 783 1258 cognitionem
808 1222 1031 1257 consequendam

1363 1083 1489 1111 ΚΕΦΑΛ.
1505 1082 1570 1110 ΚΓ’.

1160 1142 1229 1177 Περὶ
1252 1142 1307 1177 τῆς
1322 1140 1533 1177 Ἰϐήρων-,πρὸς
1555 1139 1614 1173 τὴν
1637 1137 1801 1165 εὐσέϐειαν

1402 1176 1558 1210 πεδηγίας.

1128 1225 1217 1252 Ἰνδῶν
1243 1225 1293 1260 μὲν
1311 1222 1358 1251 οὖν
1373 1224 1387 1250 ὁ
1401 1222 1583 1258 Φρουμέντιος
1610 1221 1679 1256 πρὸς
1710 1219 1877 1253 θεογνωοέαν

243 1275 296 1302 dux
314 1273 365 1301 fuit
391 1271 579 1299 Fruutcutins.
609 1269 643 1296 At
674 1269 766 1296 lberos
792 1269 887 1296 eodem
912 1274 1035 1304 tempore

1089 1272 1196 1307 ἐγένετο
1209 1271 1335 1305 ποδηγός.
1352 1270 1465 1305 Ἰίηρας
1488 1268 1517 1295 δὲ
1533 1267 1605 1295 κατὰ,
1620 1266 1668 1293 τδν
1684 1265 1770 1293 αὑτὸν
1786 1265 1877 1300 χρόνον

243 1319 350 1354 captiva
373 1316 469 1343 mulier
483 1315 516 1341 ad
539 1314 681 1341 veritatem
709 1313 846 1348 perduxit.
873 1312 942 1340 Huic
960 1313 1033 1340 enitn

1089 1318 1156 1354 γυνὴ
1171 1316 1370 1354 δορυάλωτοςίκ
1393 1316 1462 1351 πρὸς
1477 1315 1527 1349 τὴν
1551 1313 1682 1348 ἀλήθειαν
1706 1311 1875 1346 ὲξενάγηςεν.

245 1365 361 1394 assiduae
376 1371 470 1398 preces
483 1365 580 1392 erant,
607 1368 656 1395 pro
676 1361 746 1387 lecto
760 1359 891 1394 mollique
914 1359 1035 1394 stragulo

1089 1364 1161 1399 Αὕτη
1186 1363 1238 1399 γὰρ
1263 1363 1402 1398 προσευχῇ
1425 1361 1474 1396 μὲν
1490 1360 1589 1395 ἐχρῆτο
1617 1359 1761 1393 διηνεκεῖ·
1777 1356 1876 1391 εὺνὴδὲ

245 1419 344 1440 saccus
368 1409 443 1437 humi
467 1415 622 1442 erpausus,
641 1414 691 1442 pro
712 1406 828 1433 summis
843 1406 951 1433 deliciis
963 1406 1037 1440 jeju-

246 1459 332 1486 nium.
349 1456 447 1484 Verum
463 1455 507 1482 hic
524 1455 601 1482 labor
618 1453 769 1489 apostolica
789 1453 828 1479 illi
848 1453 920 1479 dona
942 1451 1038 1479 conci-

247 1504 331 1531 liavit.
351 1502 418 1529 Nam
436 1509 498 1528 cum
522 1500 648 1528 barbaris
671 1499 705 1526 ob
728 1498 842 1526 medica:
865 1498 932 1525 artis
955 1506 1039 1533 penu-

247 1551 316 1578 riam
330 1557 388 1576 mos
402 1552 473 1576 esset
487 1567 493 1579 ,
509 1547 573 1574 dum
591 1549 756 1581 a‘grotarent
768 1564 777 1577 ,
792 1549 822 1572 ut
837 1545 882 1572 alii
899 1545 968 1571 alios
984 1544 1035 1571 ad-

248 1598 336 1628 irent,
365 1599 392 1623 et
407 1594 441 1622 ab
464 1594 497 1621 iis
515 1593 559 1628 qui
576 1593 672 1620 morbo
687 1597 769 1619 antea
783 1591 906 1626 correpti
929 1591 1036 1618 sanita-

1084 1408 1118 1445 ἦν
1149 1410 1217 1445 αὐτῇ
1248 1409 1295 1435 καὶ
1324 1406 1455 1442 στρωμνὴ
1482 1404 1603 1440 μαλακὴ,
1629 1404 1732 1433 σάκκος
1758 1403 1806 1428 ἐπὶ
1835 1400 1876 1427 τοῦ

1087 1455 1204 1482 δαπέδου
1234 1453 1450 1489 καθηπλωμένος
1462 1459 1468 1466 ’
1483 1450 1590 1486 τρυφὴν
1602 1449 1631 1476 δὲ
1655 1449 1746 1484 ἄκραν
1773 1448 1823 1483 τὴν
1833 1456 1876 1481 νη-

1089 1501 1181 1528 στείαν
1202 1499 1336 1535 ἐνόμιζεν.
1365 1496 1450 1530 Οὗτος
1469 1498 1483 1524 ὁ
1499 1497 1579 1527 πόνος
1606 1495 1661 1522 τῶν
1687 1492 1877 1521 ἁποπολικῶν

1091 1547 1159 1582 αὐτῇ
1177 1546 1346 1582 μεταδέδωκε
1366 1543 1555 1580 χαρισμάτων.
1578 1540 1689 1576 Ἐπειδὴ
1703 1540 1759 1574 γὰρ
1777 1540 1802 1565 οἱ
1819 1538 1880 1573 βάρι

1091 1593 1181 1628 δαροι,
1199 1593 1249 1627 τῆς
1265 1592 1388 1626 ἰατρικῆς
1402 1589 1579 1621 σπανίζοντες
1595 1589 1765 1622 ἐπιστήμης,
1781 1585 1875 1612 εἰώθα-

248 1647 302 1670 tem
326 1644 504 1676 receperant,
535 1642 705 1673 recuperatae
729 1637 896 1665 valetudinis
924 1636 1035 1663 modum

1094 1647 1135 1666 σιν
1153 1636 1357 1674 ἀρρωστοῦντες
1379 1635 1447 1671 πρὸς
1462 1634 1592 1668 ἀλλήλους
1613 1633 1720 1668 φοιτᾷν,
1737 1632 1785 1658 καὶ
1809 1631 1881 1666 rupi

248 1688 444 1724 exquirerent,
459 1685 491 1713 ad
508 1685 672 1712 laudabilem
694 1684 837 1711 mulierem
859 1683 979 1710 accessit
998 1682 1037 1710 fe-

250 1735 324 1762 mina
339 1733 462 1768 quazdam
475 1739 537 1758 cum
548 1731 657 1758 inﬁrmo
674 1729 800 1765 puerulo,
814 1729 929 1763 supplex
942 1735 1036 1760 orans,

253 1785 282 1807 ut
299 1780 363 1815 quid
388 1779 461 1806 facto
476 1781 549 1805 esset
575 1785 645 1812 opus
670 1779 811 1804 edoceret.
828 1776 877 1801 Illa
895 1779 1037 1809 acceptum

253 1833 367 1861 puerum
385 1825 411 1852 iu
431 1825 501 1851 lecto
516 1823 649 1854 collocat,
666 1829 812 1856 rerumque
827 1822 950 1847 omnium
967 1819 1040 1847 Con-

253 1873 367 1899 ditorem
385 1875 520 1905 precatur,
539 1874 568 1896 ut
588 1872 692 1896 annuat
715 1871 742 1894 et
768 1866 892 1894 morbum
911 1866 1039 1901 depellat.

253 1918 305 1951 Qui
321 1921 447 1952 suscepta
464 1924 543 1951 prece
559 1915 705 1942 sanitatem
720 1912 853 1939 restituit.
873 1911 977 1938 Exinde
992 1911 1042 1938 ad-

254 1963 391 1990 mirabilis
414 1962 511 1988 mulier
537 1961 564 1988 in
589 1959 711 1985 omnium
730 1966 778 1984 ure
802 1957 875 1984 fuit:
896 1964 946 1984 nec
970 1957 1042 1992 regis

254 2009 397 2044 conjugem
411 2009 418 2018 ‘
435 2008 497 2034 facti
513 2006 595 2040 hujus
609 2005 679 2031 faum
694 2004 783 2030 latuit.
802 2001 868 2035 Quae
887 2003 944 2037 ipsa
955 2023 962 2035 ,
981 2010 1042 2029 cum

255 2055 330 2090 gravi
353 2053 448 2081 morbo
472 2053 652 2083 detineretur,
683 2056 743 2076 eam
769 2056 832 2076 mox
856 2048 1043 2075 advocandam

256 2100 374 2128 curavit.
395 2099 496 2126 Verum
513 2098 558 2124 illa
574 2096 685 2123 minime
700 2095 786 2122 elatos
803 2095 917 2129 spiritus
931 2101 1042 2129 gerens,

256 2145 356 2180 reginae
371 2142 517 2179 postulatis
532 2149 585 2168 non
603 2140 705 2175 paruit.
721 2139 755 2165 Αι
770 2141 864 2174 regina
881 2139 953 2165 tualo
968 2146 1045 2165 com-

257 2191 454 2229 pulsa,regiam
465 2188 625 2223 dignitatem
634 2185 699 2220 quid
709 2190 781 2212 esset
789 2193 843 2212 non
854 2184 1043 2216 considerans,

258 2244 372 2272 propere
397 2234 431 2262 ad
442 2234 575 2268 captivam
605 2232 663 2267 ipsa
691 2230 843 2258 contendit.
857 2229 919 2257 Haec
946 2231 1044 2257 iterum

259 2290 318 2310 eam
343 2280 438 2308 humili
466 2279 492 2305 in
524 2278 594 2304 lecto
621 2277 781 2307 collocatis,
808 2276 930 2303 salutare
948 2275 1046 2302 morbo

1087 1684 1141 1711 τῶν
1156 1684 1206 1720 ἤδη
1222 1682 1420 1718 νενοσηκότων,
1441 1681 1488 1708 καὶ
1510 1681 1561 1715 τῆς
1576 1678 1736 1714 ἀρρωστίας
1762 1676 1881 1703 ἀπαλλα-

1088 1730 1204 1764 γέντων,
1227 1728 1375 1764 μανθάνειν
1392 1727 1442 1762 τῆς
1459 1726 1554 1760 ὑγείας
1571 1725 1617 1751 τὸν
1644 1724 1756 1758 τρόπον,
1773 1721 1881 1755 ἀφίκετό

1088 1784 1131 1807 τις
1155 1775 1224 1810 γυνὴ
1248 1775 1316 1809 πρὸς
1338 1773 1386 1808 τὴν
1409 1773 1567 1806 ἀξιέπαινον
1589 1770 1756 1806 ἄνθρωπον,
1781 1767 1880 1794 παιδίον

1089 1823 1230 1858 ἄρρωστον
1242 1821 1265 1836 ¹⁹
1280 1820 1390 1855 ἔχουσα,
1407 1820 1454 1846 καὶ
1473 1818 1569 1853 μαθεῖν
1593 1817 1625 1851 τὸ
1652 1816 1792 1852 πρακτέον
1810 1816 1880 1842 ἀντι-

1091 1867 1217 1895 ϐολοῦσα.
1237 1867 1272 1892 Ἱι
1295 1865 1324 1892 δὲ
1350 1865 1430 1891 τοῦτο
1451 1863 1572 1890 λαϐοῦσα
1599 1863 1648 1890 καὶ
1664 1863 1705 1893 είς
1732 1861 1782 1896 τὴν
1807 1860 1881 1894 εὐνὴν

1091 1913 1258 1940 ἀνακλίνασα
1271 1912 1303 1944 ³⁰,
1334 1912 1441 1938 ἱκέτευε
1456 1910 1502 1937 τὸν
1523 1910 1578 1936 τῶν
1595 1909 1663 1935 ὅλων
1681 1906 1876 1943 Δημιουργὸν³¹

1092 1959 1187 1986 νεῦσαι
1203 1958 1251 1985 καὶ
1261 1957 1341 1984 λῦσαι
1354 1958 1404 1992 τὴν
1420 1957 1508 1983 νόσον.
1524 1956 1554 1982 ’0
1572 1955 1601 1982 δὲ
1613 1955 1662 1989 τὴν
1678 1954 1798 1980 ἱκετείαν
1812 1952 1881 1985 6:55—

1094 2014 1190 2041 μενος,
1211 2005 1332 2040 παρέσχε
1357 2004 1407 2038 τὴν
1425 2002 1529 2036 ὑγείαν.
1554 2000 1696 2027 Ἐντεῦθεν
1714 2000 1730 2034 ἡ
1746 1998 1880 2034 θαυμασία

1093 2051 1162 2086 γυνὴ
1179 2049 1397 2084 πολυθρύλλητος
1413 2049 1524 2083 γέγονεν
1541 2055 1547 2061 ·
1570 2047 1630 2074 οὐδὲ
1646 2046 1703 2081 γὰρ
1716 2045 1766 2080 τὴν
1780 2045 1827 2071 τοῦ
1839 2044 1881 2079 βα-

1095 2096 1190 2126 σιλέως
1205 2095 1328 2130 ὁμόζυγα
1342 2094 1371 2120 τὸ
1382 2093 1567 2129 γεγενημένον
1579 2092 1698 2119 διέλαθε.
1726 2090 1880 2126 [Iapeti-du

1093 2141 1122 2169 δὲ
1137 2142 1220 2176 αὐτὴν
1237 2140 1430 2176 μετεπέμψατο
1442 2148 1449 2155 '
1466 2139 1518 2166 ὑπό
1532 2147 1604 2170 τινος
1624 2138 1680 2173 γὰρ
1694 2138 1743 2164 καὶ
1755 2137 1822 2171 αὕτη
1832 2145 1878 2170 χα-

1095 2187 1177 2215 λεποῦ
1187 2187 1327 2222 κατείχετο
1338 2186 1451 2217 πάθους.
1469 2185 1500 2212 Ἦ
1515 2185 1543 2212 δὲ
1556 2183 1660 2220 μετρίῳ
1675 2182 1834 2218 κεχρημένη
1843 2181 1880 2215 τῷ

1097 2234 1261 2269 φρονήματι.
1275 2232 1325 2266 τῆς
1348 2231 1481 2266 βασιλίδος
1493 2231 1543 2265 τὴν
1570 2229 1680 2264 αῐτησιν
1697 2229 1747 2255 οὐκ
1770 2228 1880 2261 ἐδέξατο.

1103 2277 1171 2304 Ἀλλ’
1188 2276 1239 2304 ὑπὸ
1253 2277 1302 2311 τῆς
1318 2275 1413 2310 χρείας
1427 2275 1519 2309 εκείνη
1537 2273 1698 2308 βιαζομένη,
1719 2273 1770 2308 τὴν
1784 2272 1878 2306 βασιλι-

260 2326 410 2354 remedium
437 2323 588 2351 orationem
614 2322 749 2350 adhibuit.
776 2321 880 2358 Regina
896 2321 1031 2348 curationi

1101 2323 1152 2358 κὴν
1169 2322 1246 2355 ἀξίαν
1258 2323 1297 2353 εἰς
1311 2320 1373 2347 νοῦν
1396 2320 1488 2347 λαϐεῖν
1503 2320 1552 2346 οὐκ
1575 2319 1719 2354 ἠθέλησεν.
1748 2318 1804 2344 ἀλλ’
1818 2317 1883 2350 αὑτὴ

260 2373 341 2409 807
360 2371 510 2399 mercedem
535 2377 616 2404 quam
640 2369 766 2396 eximiam
793 2368 905 2403 putabat
926 2367 1046 2398 obtulit,

262 2425 360 2446 aurum
375 2421 401 2444 et
416 2421 576 2452 argentum,
591 2415 698 2442 tunicas
712 2419 739 2442 et
754 2415 840 2449 pallas
851 2434 859 2444 .
880 2417 907 2441 et
921 2413 972 2440 alia
987 2420 1049 2448 qua:

262 2463 361 2496 regalis
375 2461 576 2497 magnificentia
593 2461 672 2487 solet.
698 2459 792 2486 Divina
810 2466 874 2486 vero
890 2459 989 2486 mulier
1005 2458 1048 2486 his

264 2509 316 2536 sibi
342 2515 411 2543 opus
438 2515 493 2534 non
516 2515 578 2534 esse
598 2506 677 2538 dixit,
705 2505 752 2533 sed
784 2513 887 2540 magna:
915 2503 1049 2531 mercedis

267 2554 423 2581 habituram
448 2561 477 2581 se
491 2553 570 2584 loco,
597 2553 619 2580 si
644 2552 670 2579 in
702 2552 842 2587 religionis
865 2550 1048 2585 cognitionem

266 2600 372 2627 veniret
398 2610 404 2627 :
430 2599 566 2634 simulque
582 2598 683 2626 divinis
698 2598 771 2624 illam
785 2617 792 2628 ,
818 2600 847 2623 ut
865 2599 988 2631 poterat,
1009 2594 1050 2621 in-

267 2646 370 2673 stitutis
381 2646 510 2677 erudivit,
527 2650 608 2680 atque
623 2647 652 2671 ut
665 2643 795 2678 templum
810 2641 920 2669 Christo
934 2640 1049 2676 sospita-

267 2691 318 2718 tori
337 2698 386 2719 suo
407 2693 562 2718 exstrueret
585 2689 692 2716 hortata
718 2691 770 2716 est.
795 2687 900 2720 Quibus
928 2686 1049 2717 auditis,

269 2737 348 2764 rediit
375 2737 420 2765 illa
448 2737 475 2764 in
496 2736 647 2772 palatium,
671 2739 698 2762 et
723 2734 852 2761 maritum
878 2739 932 2761 tam
954 2732 1052 2761 subitae

1100 2369 1169 2403 προς
1189 2368 1237 2403 τὴν
1259 2367 1427 2402 δορυάλωτον
1439 2366 1461 2381 ³³
1486 2365 1615 2401 ἔδραμεν.
1631 2365 1664 2391 Ἦ
1679 2364 1708 2391 δὲ
1728 2364 1817 2394 πάλιν,
1841 2363 1884 2389 ἐπὶ

1099 2415 1147 2449 τῆς
1161 2413 1284 2445 εὐτελοῦς
1304 2412 1383 2447 εὐνῆς
1407 2411 1493 2443 αὐτὴν
1511 2410 1710 2441 κατακλίνασα,
1745 2410 1885 2444 φάρμακον

1102 2459 1261 2491 ἀλεξίκακον
1290 2458 1472 2493 προσενήνοχε
1487 2456 1526 2491 τῷ
1545 2456 1626 2493 πᾴθει
1656 2455 1706 2490 τὴν
1728 2454 1885 2491 προσευχήν.

1108 2506 1139 2531 Ἡ
1154 2505 1182 2531 δὲ
1198 2504 1302 2539 βασιλὶς
1321 2503 1371 2538 τῆς
1397 2502 1545 2538 θεραπείας
1563 2501 1658 2537 μισθὸν
1696 2499 1888 2536 προσεκύμιξεν

1103 2551 1132 2578 ὃν
1149 2549 1275 2585 ἐνόμιζεν
1305 2549 1476 2584 ἀξιόκτητον,
1494 2548 1596 2583 χρυσὸν
1626 2548 1674 2574 καὶ
1701 2548 1826 2583 ἄργυρον,
1840 2546 1888 2571 καὶ

1105 2594 1232 2630 χιτῶνας,
1246 2594 1293 2620 καὶ
1308 2594 1475 2628 ἀμπεχόνας,
1491 2594 1538 2619 καὶ
1553 2594 1602 2619 ὅσα
1615 2593 1665 2627 τῆς
1683 2592 1820 2626 βασιλικῆς
1831 2593 1888 2617 ἐστι

1103 2641 1178 2677 δῶρα
1190 2640 1355 2676 φιλοτιμίας.
1380 2640 1412 2666 'H
1423 2640 1452 2666 δὲ
1480 2639 1539 2666 θεία
1558 2639 1627 2674 γυνὴ
1653 2639 1757 2665 τούτων
1783 2638 1830 2671 ἔφη
1847 2637 1883 2671 μὴ

1104 2687 1207 2715 δεῖσθαι
1221 2695 1229 2702 θ
1245 2687 1332 2723 μέγαν
1360 2686 1387 2712 δὲ
1406 2686 1532 2721 ἡγεῖσθαι
1558 2685 1663 2720 μισθὸν,
1689 2685 1737 2720 τὴν
1754 2684 1800 2719 τῆς
1815 2684 1889 2708 εὖτε-

1107 2733 1181 2766 6είας
1205 2734 1362 2768 ἐπίγνωσιν.
1380 2733 1435 2759 Καὶ
1465 2731 1635 2767 προσέφερεν
1656 2731 1694 2763 ὡς
1710 2732 1773 2766 ἐνῆν
1786 2729 1816 2756 τὰ
1829 2729 1889 2755 θεῖα

904 2823 1022 2852 VARI/Il
1038 2824 1240 2854 LECTIONES.

304 2879 325 2894 ¹⁷
343 2878 403 2914 τὴνῖ
415 2877 502 2914 abest
515 2882 538 2914 ἰ)
554 2874 637 2914 _Bas‘.‘
652 2873 699 2914 Gr.

269 2913 288 2929 "
301 2907 376 2940 θεόνί
393 2913 476 2940 idem.
515 2910 536 2926 ³¹
552 2908 653 2944 δοριάλ.
673 2907 767 2944 Steph.

756 2874 779 2889 ’⁸
793 2873 964 2909 δοριάλωτος.
984 2873 1084 2910 Steph.’

1130 2875 1152 2891 ¹¹
1165 2870 1336 2910 ἀρρωστοῦν.
1349 2871 1432 2899 Basil.
1452 2870 1499 2898 Gr.
1553 2871 1574 2887 ³⁸
1591 2870 1783 2899 κατακλίνασα.
1807 2867 1890 2895 idem.
