1987 3118
141 217 193 249 9T3

645 217 940 249 ECCLESIASTICAE
957 217 1148 247 HISTORIA?
1164 218 1236 248 LIB.
1254 218 1278 247 Ι.

1715 218 1768 250 974

143 273 324 309 παιδεύματα,
342 275 388 302 καὶ
404 274 474 302 θεῖον
488 275 628 311 ἀνεγεῖραι
645 277 789 312 παρεγγυᾷ
802 276 869 303 νεὼν
885 275 923 310 τῷ

983 275 1127 303 :uratiouis
1146 275 1330 302 admiratione
1350 274 1483 309 perculit;
1516 278 1572 301 tum
1599 273 1662 305 Dei.
1682 283 1764 310 quem

141 319 272 347 σεσωκότι
280 319 400 355 Χριστῷ.
412 319 468 357 [56]
482 320 588 347 Τούτων
602 321 694 356 ἐκείνη
707 321 856 354 ἀκούσασα,
864 329 929 348 κατ-

142 364 221 393 ιλαϐε
236 364 271 391 τὰ
291 364 422 399 βασίλεια,
439 366 487 393 καὶ
503 367 659 402 παραυτίκα
680 366 729 402 μὲν
741 366 870 402 ἐξέπληξε
883 366 928 393 τὸν

139 409 262 445 ὁμόζυγα
270 410 308 446 τῷ
318 412 441 447 συντόμῳ
451 412 499 447 τῆς
509 412 665 448 θεραπείαςο
678 411 737 440 εἶτα
746 413 792 440 τοῦ
804 412 871 439 Θεοῦ
880 413 929 448 τῆς

142 456 314 491 αἰχμαλώτου
331 458 380 493 τὴν
395 458 509 493 δύναμιν
525 458 631 494 ἐδήλου,
644 460 692 485 καὶ
708 459 858 495 παρεκάλει
870 458 929 484 τοῦ-

142 510 184 528 τον
200 503 278 537 μόνον
289 503 387 529 εἰδέναι
401 503 478 537 Θεὸν,
490 504 536 530 καὶ
547 504 615 530 νεὼν
625 505 699 540 αὐτῷ
709 504 927 540 παρασκευάσαι,

140 547 188 573 καὶ
208 547 281 574 ἅπαν
298 549 337 580 εἰς
352 549 400 581 τὴν
413 549 508 576 τούτου
517 550 541 566 ³³
554 549 704 586 θεραπείαν
725 549 883 585 μεταθεῖναι
897 548 929 575 τὺ

139 593 226 625 ἔθνος.
247 594 276 620 '0
287 594 316 620 δὲ
330 595 360 621 τὸ
376 595 425 630 μὲν
439 596 479 627 εἰς
497 597 547 630 τὴν
567 596 689 632 ὁμόζυγα
705 596 799 631 θαῦμα
814 603 928 630 γεγενη-

140 639 222 674 μένον
248 640 367 674 εὐφήμει
382 649 387 655 ·
404 641 448 667 τὸν
465 641 494 667 δὲ
514 641 581 668 νεὼν
602 643 651 669 οὐκ
668 642 746 678 ἤθελε
769 641 925 676 δείμασθαι.

146 685 253 719 Ὀλίγου
267 686 295 712 δὲ
311 686 459 718 διελθόντος
473 687 580 723 χρόνου,
607 688 688 719 αὐτὸς
717 688 765 727 μὲν
779 689 819 719 εἰς
841 687 926 722 θήραν

138 730 262 764 ἐξῆλθεν.
280 730 308 757 '0
326 731 355 757 δὲ
379 731 569 772 φιλᾴνθρωπος
592 733 672 759 αὑτὸν
691 734 830 768 Δεσπότης
855 732 927 760 κατὰ

137 776 185 803 τὴν
212 777 317 803 Παῦλον
339 778 480 813 ἐθήρευσε.
497 779 581 814 Ζόφος
605 780 659 815 γὰρ
675 780 749 815 αὐτῷ
758 779 781 796 ³⁵
797 780 927 815 ἐξαπίνης

136 822 313 857 προσπεσὼν,
330 823 380 849 οὐκ
400 822 443 849 εῐα
467 824 664 860 ποῤῥωτέρωη
679 824 847 861 προϐαίνειν.
871 825 926 851 Καὶ

135 869 160 894 οἰ
179 868 229 903 μὲν
245 868 405 903 θηρεύοντες
414 870 437 885 ³⁸
448 870 498 904 τῆς
510 870 618 902 ἀκτῖνος
632 870 754 906 συνήθως
766 871 904 905 ἀπήλαυον
917 878 925 886 ·

136 910 217 946 οὗτος
234 914 262 940 δὲ
279 914 358 950 μόνος
373 915 539 951 ἀποληφθεὶς
547 916 580 948 ³⁷,
596 918 653 948 τοῖς
666 916 717 952 τῆς
731 917 864 952 ἀορασίας
875 918 925 943 ἐπ-

136 959 218 995 sator;
246 960 366 995 δεσμοῖς.
388 961 432 987 Ἐν
444 961 546 997 ἀπορίᾳ
558 961 587 988 δὲ
611 962 660 994 ὢν,
684 962 766 998 πόρον
791 959 854 998 εὗρε
878 963 928 997 τῆς

136 1005 278 1041 σωτηρίας
291 1014 297 1021 ’
317 1006 396 1038 εὐθὺς
408 1007 462 1041 γὰρ
473 1008 512 1038 εἰς
526 1007 588 1033 νοῦν
603 1008 652 1044 τὴν
667 1007 810 1035 ἀπείθειαν
826 1008 929 1042 λασὼν,

135 1051 187 1077 καὶ
201 1051 248 1077 τὸν
262 1051 313 1086 τῆς
341 1052 516 1087 αἰχμαλώτου
539 1053 606 1080 Θεὸν
635 1054 752 1087 καλέσας
773 1054 928 1090 ἐπίκουρον,

136 1097 288 1133 ἀπηλλάγη
311 1097 358 1124 τοῦ
385 1098 477 1134 ζόφου,
499 1099 546 1126 καὶ
562 1099 611 1135 τὴν
633 1099 797 1135 ἀξιάγαστον
822 1101 930 1137 ἐκείνην

135 1144 305 1171 καταλαϐὼν
323 1145 491 1181 δορυάλωτον
503 1146 536 1178 ³⁸,
554 1147 705 1182 παρεκάλει
721 1147 805 1179 δεῖξαι
825 1148 875 1183 τῆς
889 1149 929 1175 οἰ-

136 1189 269 1225 κοδομίας
283 1190 315 1217 τὸ
331 1191 435 1225 σχῆμα.
457 1191 487 1218 '0
501 1192 530 1218 δὲ
541 1191 586 1219 τὸν
606 1193 738 1229 Βεσελεὴλ
757 1193 808 1229 τῆς
821 1194 930 1230 ἀρχιτε-

135 1238 269 1272 κτονικῆς
281 1237 376 1272 σοφίας
387 1238 532 1274 ἐμπλήσας
543 1239 575 1271 ³³,
592 1239 639 1265 καὶ
650 1239 752 1274 ταύτην
770 1239 869 1274 ἠξίωσε
882 1240 930 1276 χά-

135 1291 227 1318 ριτος,
255 1284 293 1315 ὡς
316 1284 363 1310 τὸν
392 1283 464 1311 θεῖον
491 1284 639 1320 διαγράψαι
663 1284 742 1313 νεών.
768 1287 823 1313 Καὶ
844 1287 860 1322 ἠ
881 1287 930 1322 μὲν

135 1329 288 1365 διέγραφεν
297 1339 304 1346 ·
316 1331 341 1357 οἱ
355 1330 383 1357 δὲ
398 1330 519 1365 ὥρυττόν
531 1340 560 1358 τε
572 1333 620 1358 καὶ
633 1331 799 1367 ᾠκοδόμουν,
820 1333 931 1369 Ἐπειδὴ

133 1375 167 1402 δὲ
183 1376 312 1410 ἐτελέσθη
326 1376 544 1412 τδοῐκοδόμημα,
561 1378 608 1404 καὶ
623 1378 721 1414 ὁροφος
734 1378 862 1415 ἐπετέθη,
884 1380 932 1406 καὶ

137 1423 231 1458 μόνων
247 1423 332 1449 ἐδεῖτο
349 1423 404 1449 τῶν
422 1423 526 1459 ἱερέων,
550 1420 614 1460 εὗρε
635 1425 682 1451 καὶ
694 1425 790 1452 τούτου
815 1425 900 1461 πόρον
914 1426 932 1461 ἡ

134 1469 281 1504 θαυμασία
291 1469 370 1505 γυνή.
382 1469 495 1496 Ἐπεισε
511 1469 566 1506 γὰρ
580 1470 627 1497 τοῦ
641 1470 735 1503 ἔθνους
746 1472 792 1498 τὸν
811 1472 932 1507 ἡγούμε-

134 1516 216 1543 νονδ⁶
235 1516 302 1551 πρὸς
326 1515 371 1548 τὸν
393 1516 538 1551 Ῥωμαίων
557 1517 777 1552 πρεσϐεύσασθαι
799 1517 931 1553 βασιλέα,

133 1562 189 1589 καὶ
207 1560 403 1595 αἰτήσασθαιΗ
420 1561 579 1597 πεμφθῆναι
594 1561 670 1596 σφίσι
683 1562 844 1589 διδάσκαλον
860 1563 933 1590 εὐσε-

979 320 1086 355 captiva
1115 320 1237 353 colebat.
1266 320 1415 355 potentiam
1443 320 1566 355 aperuit,
1594 321 1714 349 suadens
1737 327 1768 349 ut

979 366 1052 394 hunc
1066 367 1152 394 solum
1172 366 1257 394 Deum
1273 370 1419 402 agnoscat,
1440 367 1626 402 templumque
1643 367 1683 394 illi
1701 367 1767 394 tedi-

979 412 1041 439 licet
1053 433 1059 443 .
1076 420 1107 439 ac
1123 418 1233 447 gentem
1249 412 1408 440 universam
1420 412 1454 439 ad
1469 412 1531 447 ejus
1548 413 1651 439 cultum
1670 413 1766 441 tradu-
1785 423 1788 443 ;

977 463 1032 486 cat.
1048 459 1082 485 At
1098 459 1142 486 ille
1163 463 1297 494 patratum
1316 458 1342 486 in
1357 466 1442 486 uxore
1457 459 1619 486 miraculum
1638 459 1767 487 laudabat

979 503 1089 538 quidem
1114 504 1301 537 vehementer,
1316 508 1447 531 caternm
1475 505 1612 532 aediﬁcare
1636 505 1766 540 templum

979 556 1033 575 non
1049 548 1163 583 placuit.
1179 547 1287 575 Modico
1305 552 1428 582 tempore
1447 549 1591 583 interjeeto
1602 569 1608 581 ,
1630 550 1663 576 ad
1680 558 1763 577 vena-

979 594 1082 622 tionem
1101 594 1238 621 concessit
1259 603 1265 622 :
1291 594 1338 622 sed
1355 594 1431 621 illum
1456 594 1591 629 benignus
1613 595 1767 627 Dominus.

978 641 1050 668 sicut
1065 640 1130 668 olim
1153 640 1288 673 Paulum,
1307 640 1365 675 ipse
1381 645 1496 668 venatus
1512 645 1563 669 est.
1588 640 1655 679 Nam
1678 642 1769 678 caligo

977 691 1089 722 repente
1116 688 1202 715 olTusa
1229 687 1337 722 longius
1355 695 1416 715 eum
1436 688 1564 722 progredi
1587 688 1674 716 vetuit
1703 697 1710 715 :
1739 693 1767 717 et

977 741 1040 761 cum
1057 733 1156 768 reliqui
1171 737 1319 761 venatores
1337 733 1417 761 solita
1432 733 1493 760 luce
1506 733 1675 766 fruerentur,
1692 734 1769 761 solus

977 780 1036 816 ipse
1055 780 1225 815 interceptus
1243 779 1376 807 caecitatis
1392 779 1513 807 vinculis
1528 779 1698 807 constrictus
1715 786 1765 807 est.

977 826 1006 854 ln
1031 826 1081 854 has
1107 826 1237 854 redactus
1267 826 1409 862 angustias
1435 826 1507 853 viam
1530 826 1627 853 salutis
1651 826 1766 854 invenit.

977 872 1075 899 Statim
1089 872 1161 900 enim
1187 871 1349 899 recordatus
1366 870 1566 898 incredulitatis
1582 878 1652 904 suae,
1669 870 1770 898 Deum-

979 927 1032 954 que
1046 919 1160 953 captivre
1172 918 1325 951 adjutorcm
1341 918 1472 944 invocans
1482 938 1488 949 ,
1502 917 1591 944 lucem
1604 917 1725 952 recepit,
1741 922 1768 945 et

983 964 1015 991 ad
1040 965 1177 999 captivam
1194 964 1266 990 illam
1285 963 1474 990 admirabilem
1490 962 1646 998 profectus,
1664 964 1770 999 rOgavit

982 1014 1013 1037 ut
1034 1010 1195 1037 cxstrnendi
1212 1010 1304 1044 templi
1323 1009 1439 1036 formam
1457 1009 1624 1036 ostenderet.
1641 1008 1666 1037 ls
1677 1014 1767 1036 autem

982 1057 1028 1093 qui
1045 1057 1212 1084 Beseleelem
1239 1055 1455 1083 architectonica
1482 1056 1597 1083 scientia
1617 1055 1769 1085 imbuerat.

983 1103 1047 1130 huic
1061 1110 1171 1137 quoque
1184 1101 1298 1137 gratiam
1312 1101 1442 1133 indulsit,
1458 1106 1486 1127 ut
1499 1101 1624 1128 divinum
1640 1101 1770 1136 templum

982 1152 1045 1183 apte
1068 1146 1248 1173 describeret.
1270 1145 1437 1180 Designabat
1465 1152 1530 1180 ergo
1547 1145 1622 1180 ipsa,
1650 1144 1689 1172 illi
1707 1152 1772 1172 vero

983 1193 1123 1220 fodiebant
1140 1196 1167 1219 et
1188 1191 1371 1219 aediﬁcabant.
1397 1191 1482 1226 808
1508 1190 1657 1226 Poetquam
1682 1191 1772 1226 perfe-

982 1244 1057 1266 ctum
1071 1242 1112 1266 est
1126 1237 1271 1264 aedilicium
1285 1257 1292 1268 ,
1304 1240 1462 1272 tectumque
1480 1238 1638 1272 impositum
1648 1257 1656 1270 ,
1674 1241 1703 1265 et
1719 1239 1770 1265 soli

983 1284 1141 1312 sacerdotes
1156 1283 1396 1315 desiderabantur,
1420 1283 1472 1310 hoc
1486 1284 1567 1310 etiam
1578 1283 1659 1311 facile
1673 1283 1766 1311 divina

982 1331 1082 1358 mulier
1098 1329 1247 1364 expedivit.
1268 1328 1337 1355 Nam
1354 1329 1410 1363 regi
1440 1329 1600 1364 persuasit,
1627 1333 1655 1356 ut
1669 1329 1773 1365 legatos

983 1377 1016 1403 ad
1040 1376 1228 1404 Romanorum
1255 1377 1447 1410 imperatorem
1465 1375 1603 1408 mitteret,
1631 1375 1666 1403 ab
1686 1383 1774 1411 eoque

983 1423 1095 1458 pietatis
1108 1422 1248 1450 doctorem
1261 1421 1297 1449 ad
1313 1429 1342 1449 se
1354 1421 1424 1448 mitti
1441 1420 1602 1455 postularet.
1615 1420 1693 1453 Quod
1705 1429 1774 1449 con-

983 1467 1076 1496 silium
1093 1475 1141 1495 rex
1153 1470 1161 1479 '
1177 1467 1367 1501 amplexatus.
1385 1465 1490 1501 legatos
1506 1466 1662 1494 destinavit.
1676 1467 1767 1502 Impe-

984 1519 1060 1542 rator
1072 1522 1137 1542 vero
1149 1513 1291 1549 petitionis
1310 1520 1394 1540 causa
1408 1513 1549 1540 intellecta
1563 1513 1774 1548 (Constantinus

984 1565 1074 1588 autem
1088 1560 1134 1588 hic
1145 1563 1216 1592 erat,
1226 1558 1439 1586 ardentissimus
1454 1558 1500 1587 ille
1512 1563 1619 1586 amator
1632 1560 1754 1595 pietatis)
1764 1579 1773 1592 .

132 1608 229 1639 δείας.
255 1608 285 1634 '0
313 1607 361 1642 μὲν
385 1605 431 1634 οὖν
461 1607 608 1642 δεξάμενος
632 1609 682 1643 τὴν
705 1609 847 1644 εἰσήγησιν
871 1610 930 1641 τοὺς

987 1614 1093 1636 summa
1110 1605 1281 1633 humanitate
1290 1604 1395 1640 legatos
1406 1605 1531 1639 excepit,
1546 1604 1691 1636 virumque
1703 1604 1773 1637 fide.

135 1653 395 1689 πρεσὸευσομένους
425 1653 588 1689 ἐξέπεμψεν.
617 1654 646 1680 '0
672 1654 700 1681 δέ
727 1654 854 1689 βασιλεὺς
880 1655 930 1690 τῆς

133 1700 278 1735 αἰτήσεως
297 1699 346 1734 τήν
364 1699 453 1726 αἰτίαν
470 1698 574 1734 μαθὼν,
590 1700 795 1732 Κωνσταντῖνος
811 1701 840 1727 δὲ
856 1698 903 1736 ἦν,
917 1701 931 1727 ό

131 1746 190 1781 τῆς
220 1745 362 1777 εὺσεὸείας
386 1745 553 1781 θερμότατος
575 1745 703 1782 ἐραστὴς,
730 1746 932 1783 φιλοφροσύνης

133 1791 193 1825 μὲν
218 1790 386 1825 παμπόλλης
416 1791 479 1822 τοὺς
505 1790 637 1826 πρέσϐεις
659 1791 888 1827 ἡξίιυσεψᾶνδρα
905 1792 934 1819 δὲ

134 1837 245 1869 πίστει,
262 1837 310 1863 καὶ
329 1835 448 1869 συνέσει,
467 1837 514 1863 καὶ
528 1836 578 1872 βίῳ
595 1836 794 1872 κοσμούμενον,
819 1838 866 1865 καὶ
883 1838 933 1873 τῆς

132 1879 349 1916 ἀρχιερωσύνης
364 1880 527 1915 ἠξιωμένον,
545 1881 656 1916 κήρυκα
671 1881 711 1916 τῷ
726 1881 798 1907 ἔθνει
811 1882 862 1916 τῆς
875 1881 934 1908 θεο-

133 1927 263 1962 γνωσίας
292 1926 440 1961 ἐξέπεμψε,
463 1926 533 1961 μετὰ
555 1926 648 1962 δώρων
663 1927 704 1953 ὅτι
723 1926 842 1962 μάλιστα
859 1927 934 1953 πλεί-

136 1981 226 1999 στων.
238 1971 346 2007 Ταύτης
359 1972 407 2007 μὲν
418 1970 465 1998 οὖν
479 1972 530 2006 τῆς
543 1971 714 2007 προμηθείας
724 1971 786 2003 τοὺς
797 1972 934 2007 ῂτηκότας

132 2018 253 2054 ἠξίωσε.
273 2018 333 2044 Τῶν
348 2019 376 2045 ἐν
391 2018 501 2053 Περσίδι
515 2018 543 2044 δέ
556 2018 606 2054 τῆς
629 2018 771 2050 εὐσεϐείας
792 2018 933 2054 τροφίμων

133 2063 306 2099 αὐτομάτως
318 2064 483 2099 προύνοήθη.
504 2063 606 2090 Μαθὼν
627 2064 680 2100 γὰρ
695 2064 794 2096 αὐτοὺς
807 2064 859 2091 ὑπὸ
879 2065 934 2092 τῶν

133 2110 282 2137 δυσσεὸὦν
292 2109 491 2143 ἐξελαύνεσθαι,
505 2109 563 2146 [57]
572 2110 619 2137 καὶ
630 2109 801 2137 τδνέέκείνων
810 2110 933 2146 βασιλέα,

134 2158 175 2192 τῇ
192 2156 283 2192 πλάνῃ
291 2155 498 2191 δεδουλωμένον,
513 2156 688 2188 παντοδαπὰς
699 2156 790 2188 αὐτοῖς
807 2156 935 2184 καττύειν

983 1653 1108 1683 doctrina
1138 1656 1165 1680 et
1202 1651 1258 1679 vita
1292 1650 1523 1684 ornatissimum,
1569 1651 1774 1687 episcopalique

983 1701 1091 1728 honore
1106 1698 1268 1732 insignitum
1281 1717 1289 1730 ,
1311 1697 1412 1724 divinae
1431 1697 1599 1733 cognitionis
1616 1704 1772 1732 praeconem

985 1745 1107 1773 futurum
1121 1751 1183 1772 cum
1199 1743 1279 1771 donis
1290 1742 1504 1778 quamplurimis
1518 1742 1603 1770 misit.
1615 1741 1694 1770 Hunc
1709 1749 1775 1777 ergo

986 1789 1013 1816 in
1047 1787 1158 1815 modum
1186 1787 1247 1814 istis
1279 1794 1342 1814 cum
1372 1787 1548 1822 postularent
1570 1786 1721 1822 prospexit.
1743 1788 1776 1814 At

985 1834 1126 1870 religionis
1138 1833 1314 1861 alumnarum
1326 1853 1334 1865 .
1352 1833 1400 1868 qui
1414 1833 1442 1860 in
1455 1833 1570 1861 Perside
1581 1832 1776 1864 versabantur,

985 1889 1035 1910 sua
1060 1881 1118 1916 ipse
1136 1883 1234 1915 sponte
1247 1886 1343 1907 curam
1367 1879 1463 1915 gessit.
1490 1878 1558 1906 Cum
1574 1879 1648 1907 enim
1675 1878 1777 1906 certior

986 1927 1075 1956 factus
1092 1931 1166 1955 esset
1189 1927 1251 1954 illos
1276 1926 1311 1953 ab
1334 1926 1426 1961 impiis
1451 1925 1574 1953 divexari
1589 1946 1597 1958 ,
1627 1932 1778 1961 regemque

985 1974 1074 2002 errori
1096 1972 1219 2000 deditum
1231 1972 1348 2000 occultis
1362 1979 1411 2000 eos
1426 1971 1535 2000 insidiis
1554 1971 1753 1999 circumvenire
1767 1992 1775 2002 .

986 2020 1094 2047 litteras
1113 2019 1146 2046 ad
1162 2026 1224 2046 eum
1252 2018 1385 2053 scripsit,
1413 2018 1515 2053 quibus
1541 2022 1570 2045 ct
1589 2017 1622 2045 ad
1648 2018 1776 2053 pietatem

991 2064 1208 2099 amplectendam
1237 2063 1409 2095 hortabatur,
1435 2067 1463 2090 et
1486 2066 1516 2089 ut
1540 2062 1602 2097 ejus
1622 2062 1776 2090 cultoribus

989 2110 1121 2138 honorem
1150 2108 1265 2136 haberet
1288 2108 1456 2143 postulabat.
1481 2107 1534 2135 Sed
1551 2107 1699 2135 scribentis
1715 2111 1777 2135 stu-

990 2155 1065 2183 dium
1081 2154 1180 2182 melius
1195 2154 1311 2189 epistola
1325 2154 1384 2188 ipsa
1400 2153 1562 2181 declarabit.

133 2203 302 2236 ἐπιϐουλὰς,
317 2204 459 2230 ἀπέστειλε
469 2203 504 2236 ’”¹,
520 2204 567 2231 καὶ
595 2204 736 2240 παραινῶν
760 2204 893 2238 εύσεὸεἶν,
910 2205 958 2232 καὶ
984 2204 1047 2235 τοὺς
1068 2201 1248 2234 εὐσεσοῦντας
1265 2201 1347 2237 τιμῆς
1369 2200 1515 2228 ἀπὺλαύειν
1531 2200 1625 2227 αἶτῶν·
1646 2201 1777 2236 Ἄμεινον

134 2251 235 2287 δὲτὴν
247 2251 295 2278 τοῦ
320 2251 490 2294 γεγραφότος
516 2252 634 2288 σπουδὴν
662 2252 791 2285 ἐπιδείξει
806 2253 829 2269 ⁴¹
859 2254 895 2281 τὰ
922 2254 1083 2290 γράμματα.

433 2298 560 2325 ΚΕΦᾹΛ.
580 2299 642 2325 ΚΔ¹.

133 2343 306 2378 Ἐπιστολὴ
324 2345 551 2371 Κωνσταντίνου
571 2344 724 2377 ,βασιλέως
744 2344 818 2378 πρὸς
834 2345 937 2372 Σαπώ-

175 2379 273 2415 ρηνξ*
297 2379 350 2415 τὸν
374 2378 498 2415 Περσῶν
513 2379 658 2413 βασιλέα,
682 2380 748 2414 περὶ
766 2380 822 2415 τῆς
834 2380 856 2396 ⁸⁸
882 2380 934 2408 τοῦ

179 2414 258 2441 λαοῦ
272 2414 324 2441 τοῦ
344 2414 418 2441 Θεοῦ
434 2415 588 2448 προνοίας.

183 2469 194 2486 ‹
208 2460 264 2495 Τὴν
273 2459 346 2486 θείαν
358 2459 449 2486 πίστιν
458 2459 612 2494 φυλάσσων,
621 2460 668 2488 τοῦ
675 2461 725 2496 τῆς
738 2460 867 2497 ἀληθείας
878 2470 934 2496 φω-

134 2505 191 2536 τὸς
208 2503 419 2539 μεταλαγχάνω·
437 2504 476 2540 τῷ
499 2504 628 2538 ἀληθείας
649 2505 718 2540 φωτὶ
736 2505 932 2541 όδηγούμενος,

136 2551 194 2587 τὴν
212 2550 288 2577 θείαν
305 2551 394 2577 πίστιν
411 2552 594 2586 ἐπιγινώσκω.
610 2551 755 2587 Τοιγάρτοι
764 2551 880 2585 τούτοις,
894 2551 932 2583 ὡς

137 2597 179 2625 τὰ
187 2596 340 2632 πράγματα
350 2596 463 2632 βεϐαιοῖ,
475 2598 524 2633 τὴν
537 2597 693 2633 ἁγιωτάτην
704 2597 852 2633 θρησκείαν
863 2605 934 2632 γνω-

1286 2295 1363 2323 CAP.
1384 2294 1479 2322 XXIV.

1025 2342 1194 2372 Constantini
1212 2341 1381 2375 imperatoris
1395 2341 1429 2367 ad
1443 2340 1569 2375 Saporem
1585 2339 1730 2368 Persarum

1108 2385 1192 2413 regem
1206 2375 1377 2413 epistola._de
1393 2376 1475 2413 ipsius
1488 2375 1652 2410 providentia

1246 2419 1310 2446 erga
1326 2411 1377 2439 Dei
1389 2410 1525 2446 populum.

1026 2469 1036 2486 1
1049 2459 1173 2487 Divinam
1186 2457 1266 2485 tidem
1280 2464 1459 2488 conservans,
1475 2456 1601 2484 veritatis
1613 2456 1701 2484 lucem
1718 2457 1775 2484 adi-

987 2505 1097 2540 piscor;
1116 2503 1241 2531 veritatis
1255 2502 1344 2529 lucem
1360 2505 1471 2530 secutus
1489 2501 1585 2528 ducem
1600 2523 1607 2535 ,
1625 2501 1659 2529 ad
1674 2501 1777 2530 divina:

986 2550 1070 2586 809
1085 2550 1146 2577 ﬁdei
1173 2547 1357 2584 cognitionem
1374 2547 1514 2583 pervenio.
1541 2546 1613 2575 Hinc
1628 2554 1694 2582 ergo
1707 2567 1713 2579 ,
1743 2551 1774 2573 ut

989 2604 1033 2624 res
1042 2596 1124 2623 docet
1135 2614 1143 2628 ,
1155 2593 1358 2623 sanctissimam
1372 2593 1530 2629 religionem
1545 2593 1713 2621 sanctissimi
1725 2591 1773 2620 Dei

790 2664 909 2693 VARUS
936 2661 1138 2691 LECTIONES.

183 2745 206 2761 ³⁸
222 2743 315 2771 αὑτοῦ.
338 2743 419 2770 Basil.
432 2742 478 2769 Gr.
517 2742 540 2759 ³⁸
554 2742 644 2769 αὐτόν.
661 2742 744 2769 Basil.
760 2742 819 2774 Gr..
850 2741 944 2777 Steph.
989 2741 1012 2757 "
1031 2741 1196 2776 περαιτέρω.
1226 2741 1289 2767 Bas.
1317 2741 1366 2767 Gr.

185 2778 368 2812 ἀπολειφθείς.
393 2777 551 2812 Christoph.
605 2778 627 2793 ³³
643 2777 746 2812 δοριαλ.
766 2777 871 2812 νδιερίι.
923 2777 946 2793 "
960 2777 1111 2812 ἐκπλήσας,
1139 2776 1202 2802 Bas.
1223 2774 1294 2812 _Gr..
1323 2774 1405 2812 Steph

138 2781 171 2797 ³⁷
185 2778 369 2813 ἀπολειφθείς,
393 2777 551 2813 Οὴτὶῗειορίι.
605 2778 627 2793 ³⁵
643 2777 746 2813 δοριαλ.
765 2777 871 2813 Steph.

989 2740 1196 2778 ³³περαιτέρω.
1226 2739 1289 2778 tias.
1317 2738 1366 2778 Gr.
1389 2738 1426 2778 _"
1442 2736 1772 2778 ouyeqpszio‘qesultlcm.

1466 2773 1488 2789 ⁵⁸
1502 2772 1548 2799 τδν
1572 2772 1619 2799 τοῦ
1649 2772 1704 2798 to».
1726 2772 1773 2807 ἠγ.

142 2814 244 2842 Iidem.
284 2807 306 2830 δ’
316 2807 438 2848 αἰτῆσαι.
453 2807 516 2848 Bas:
530 2812 588 2848 Gr."
616 2813 638 2829 δ’
654 2807 805 2848 ἐπέστειλε.
822 2807 889 2848 :Bas.
906 2812 953 2848 Gr.
963 2811 1005 2848 ﬁ"
1016 2807 1278 2848 sitostgattomisso
1293 2807 1427 2848 vocabulo
1437 2817 1454 2848 ι
1466 2808 1674 2848 τᾲ-γράμματα.
1689 2807 1773 2848 parsit:

140 2849 210 2882 Gn,
226 2848 323 2883 Steph.
374 2842 397 2864 ³⁸
414 2847 557 2883 Σαπώρην.
576 2847 659 2883 Basil.
675 2846 762 2874 Graec.
777 2846 880 2883 etim.
927 2846 950 2863 ⁸⁵
962 2846 1025 2874 Haec
1044 2842 1205 2883 ιέπερὶλτῆς,
1224 2844 1393 2883 etc.__absu_nt
1411 2851 1426 2883 a_
1435 2843 1517 2883 Basil.
1532 2842 1597 2883 Gr};
1617 2848 1666 2883 nec
1694 2842 1775 2883 habet

143 2877 210 2913 haec
220 2877 315 2914 verba.
334 2882 397 2910 huic
413 2877 570 2910 sectio'ni'in
587 2882 772 2917 Stephaniana
787 2882 906 2910 editione
927 2877 1124 2917 superscripta,
1140 2877 1221 2908 index
1235 2879 1336 2909 codicis
1353 2878 1483 2915 Stephan.
1502 2878 1527 2912 l,
1540 2878 1567 2906 in
1585 2885 1638 2913 quo
1653 2877 1753 2913 legitur
1764 2887 1773 2905 :

143 2919 287 2955 περὶτῶν
312 2916 482 2952 Χριστιανῶν
505 2916 650 2952 γραφεῖσα.
