1987 3118
100 204 152 236 977

613 196 909 229 ECCLESIASTICE
926 194 1119 227 HISTORI/E
1130 194 1202 225 LIB.
1217 193 1242 224 Ι.

1694 193 1746 225 978

102 260 216 288 ἐκείνων
237 258 285 285 ἕνα
316 256 437 293 ἠγοῦμαι
471 255 627 291 γεγονέναι,
654 255 685 282 ὃν
709 254 835 290 καθάπερ
860 262 899 285 τις

954 252 1107 285 famosum,
1131 250 1204 286 quod
1220 248 1293 285 apud
1309 256 1358 277 vos
1373 251 1481 282 exstat,
1505 256 1556 277 suo
1570 255 1632 276 cum
1658 248 1745 276 dedc-

102 305 224 342 σκηπτὸς
240 306 256 340 ἡ
274 304 334 331 θεία
359 304 437 339 μῆνις
450 302 472 319 ⁸⁸
490 301 545 329 τῶν
569 302 632 337 τῇδε
649 301 820 333 ἀπελάσασα,
839 301 895 331 τοῖς

102 352 247 388 ὑμετέροις
266 351 288 366 ⁶¹¹
317 349 414 385 μέρεσι
440 348 635 384 παραδέδωκε,
670 348 721 382 τῆς
748 347 791 373 ἐπ’
821 345 896 382 αὐτῷ

101 397 235 433 αἰσχύνης
255 395 474 430 πολυθρύλλητον
489 395 519 420 τὸ
532 393 598 429 παρ’
610 394 674 428 ὑμῖν
686 392 816 428 τρόπαιον
829 393 896 420 ἀπο·

101 444 237 478 φήναντα.
262 441 344 468 Ἀλλὰ.
368 440 422 476 γὰρ
444 440 532 467 ἔοικεν
555 440 595 471 εἰς
613 438 695 466 καλὸν
715 447 896 474 προκεχωρη-

102 489 191 521 κέναι,
202 489 232 516 τὸ
247 489 294 516 καί
309 489 338 515 ὲν
357 488 395 524 τῷ
412 488 472 515 καθ’
493 489 567 524 ἡμᾶς
582 488 661 515 αἰῶνι
673 487 721 522 τὴν
736 487 790 514 τῶν
806 486 896 514 τοιού-

102 545 158 563 των
175 536 313 571 τιμωρίαν
324 535 460 571 περιφανῆ
475 534 628 570 δειχθῆιαι.
648 533 769 560 Ἔπεϊδον
782 532 836 568 γὰρ
849 533 897 560 καὶ

102 583 185 615 αὐτὸς
214 583 326 609 ἐκείνων
356 581 391 608 τὰ
417 581 500 617 τέλη,
527 581 583 608 τῶν
611 581 725 616 ἔναγχος
754 580 897 615 ἀθεμίτοις

102 629 298 665 προστάγμασι
315 629 360 655 τὸν
383 627 422 664 τῷ
444 629 466 644 ⁸⁸
486 627 546 663 Θεῷ
569 627 748 662 ἀνακείμενον
768 626 832 653 λαὸν
855 627 898 653 ὲκ-

102 674 291 711 Ιταραξάντων.
310 674 355 701 Διὸ
375 674 407 709 δὴ
432 674 480 700 καὶ
497 673 581 709 πολλὴ
605 673 683 709 χάρις
705 672 744 708 τῷ
765 672 835 708 Θεῷ,
856 673 897 700 ὅτι

101 720 196 755 τελεία
211 718 325 754 προνοίᾳ
340 719 393 745 πᾶν
404 718 433 745 τὸ
444 716 626 754 ἀνθρώπινον,
642 717 673 744 τὸ
687 717 838 753 θεραπεῦον
852 718 897 744 τδν

103 766 176 792 Θεῖον
187 765 279 800 νόμον,
295 764 473 799 ἀποδοθείσης
495 764 570 799 αὐτῷ
588 764 637 799 τῆς
660 763 735 795 θείας
745 764 766 779 ⁸⁷
787 764 898 799 εἰρήνης

103 811 253 846 ἀγάλλεται
282 811 329 838 καὶ
354 811 465 846 γαυριᾷ.
489 809 629 837 Ἐντεῦθεν
644 811 692 836 καὶ
714 811 779 845 ἡμῖν
806 810 898 842 αὐτοῖς

103 857 286 884 πεπίστευται
310 857 343 887 ⁵⁸,
373 857 414 883 ὃτι
444 856 575 883 κάλλιστα
590 857 612 873 ⁸⁸³
632 857 679 883 καὶ
705 856 898 890 ἀσφαλέστατα

102 904 161 938 ἔχει
174 903 293 933 ἅπαντα,
311 902 391 929 ὁπότε
410 902 454 929 διὰ
472 904 522 938 τῆς
535 903 647 929 ἐκείνων
665 902 788 938 καθαρᾶς
806 912 836 930 τε
851 904 898 930 καὶ

946 307 1010 328 core
1028 299 1207 335 coujunctum
1220 302 1353 332 tropaeum
1370 296 1467 324 erexit.
1495 294 1548 323 Sed
1573 300 1599 322 et
1611 295 1745 330 pratclare

945 344 1055 372 videtur
1082 343 1233 375 cecidisse,
1257 345 1288 368 ut
1313 344 1409 368 nostra
1426 339 1510 368 etiam
1525 342 1605 367 atate
1625 338 1744 366 manife-

946 394 1018 416 stum
1031 388 1065 415 de
1082 384 1411 422 hujusmodihominibus
1428 383 1596 419 supplicium
1614 382 1745 418 prodere-

946 437 1003 460 tur.
1018 431 1079 459 Vidi
1091 431 1165 459 enim
1178 434 1205 458 et
1218 429 1276 465 ipse
1289 428 1387 456 funera
1403 428 1515 455 illorum
1530 448 1537 460 ,
1553 426 1600 462 qui
1614 425 1746 462 populum

946 478 1002 506 Deo
1012 478 1140 506 devotum
1154 476 1267 504 nefariis
1277 482 1366 510 nuper
1376 474 1476 502 edictis
1487 473 1673 509 exagitarunt.
1686 472 1746 505 Quo

947 523 1059 552 nomine
1074 523 1129 550 Deo
1143 529 1269 558 magnam
1290 521 1380 549 habeo
1395 520 1527 556 gratiam,
1543 518 1617 554 quod
1635 526 1745 546 sumtua

947 569 1009 604 ejus
1026 567 1201 604 providentia
1221 567 1381 595 universum
1396 566 1537 593 hominum
1552 572 1654 600 genus,
1670 564 1745 599 quod

949 615 1004 650 legi
1021 614 1121 642 divina
1133 621 1162 641 se
1176 613 1296 643 addixit,
1313 611 1439 640 restituta
1454 610 1506 638 sibi
1519 618 1586 646 pace
1600 610 1708 638 laetatur
1719 614 1747 637 ct

947 661 1080 689 exsultat.
1096 660 1162 687 Inde
1175 665 1201 687 et
1215 666 1378 694 persuasum
1399 658 1452 685 hoc
1466 657 1573 686 habeo.
1592 657 1698 692 optimo
1715 663 1747 683 ac

950 707 1096 735 tutissimo
1122 707 1183 734 loco
1200 714 1262 734 esse
1280 713 1354 732 nunc
1372 705 1482 736 omnia,
1509 711 1571 731 cum
1589 711 1637 738 per
1657 703 1748 731 since-

949 762 1007 782 ram
1024 753 1224 789 probatamqne
1242 752 1421 787 religionem,
1440 759 1471 778 ex
1494 750 1617 778 unanimi
1639 750 1672 777 de
1690 749 1748 776 Νυ-

950 801 1026 828 mine
1041 800 1193 828 concordia
1218 798 1348 834 colligere
1363 798 1396 825 ad
1417 805 1446 825 se
1460 799 1468 808 '
1489 797 1582 824 omnia
1606 796 1746 831 dignatur.

949 846 1068 875 istorum
1088 846 1233 874 hominum
1256 852 1374 873 numero
1387 865 1394 878 ,
1414 844 1637 871 Christianorum
1665 843 1746 874 dico.

949 894 984 921 de
994 893 1095 929 quibus
1109 892 1200 920 omnis
1209 891 1276 919 mihi
1289 898 1392 922 sermo,
1404 898 1467 918 cum
1480 890 1610 925 primaria
1624 889 1746 917 Persidis

103 947 218 983 δοκίμου
234 947 393 983 Θρησκείας,
421 948 453 974 ὲκ
475 948 526 982 τῆς
549 948 614 983 περὶ
638 947 669 974 τὸ
692 948 770 975 Θεῖον
784 957 899 983 συμφω-

951 940 1011 967 loca
1029 940 1176 975 plurimum
1191 959 1197 971 ,
1216 942 1246 965 ut
1261 938 1406 973 optabam,
1417 937 1511 964 ornari
1527 936 1623 969 audio,
1643 939 1746 970 quanta

103 994 175 1025 νίας,
194 993 282 1020 πάντα
296 993 337 1024 είς
359 992 439 1019 αὐτὸν
453 992 574 1029 ἀγείρειν
590 993 669 1026 ἀξιοῖ.
688 993 780 1029 Τούτῳ
793 994 832 1029 τῷ
849 1002 900 1020 κα-

103 1040 212 1075 ταλόγῳ
222 1040 245 1055 το
262 1039 317 1066 τῶν
330 1039 492 1074 ἀνθρώπων,
511 1039 583 1073 λέγω
597 1039 630 1075 δὴ
642 1039 698 1067 τῶν
715 1039 898 1075 Χριστιανῶν,

104 1085 179 1121 ὑπὲρ
200 1085 256 1120 γὰρ
276 1084 380 1111 τούτων
401 1085 415 1111 ὁ
436 1084 491 1116 πᾶς
520 1092 564 1119 μοι
578 1083 667 1118 λόγος,
693 1083 751 1116 πῶς
764 1085 847 1111 oft-2t“
866 1094 900 1119 με

103 1131 221 1166 ἥδεσθαι
238 1130 373 1157 ἀκούοντα
390 1130 464 1157 ὄτι⁷²
487 1129 535 1156 καὶ
555 1129 606 1164 τῆς
632 1129 763 1164 Περσίδος
783 1130 819 1156 τὰ
833 1131 899 1166 κρά-

103 1186 186 1203 τιστα
209 1176 256 1203 ἐπὶ
281 1176 406 1202 πλεῖστον
434 1175 528 1210 ὥσπερ
547 1175 570 1190 ⁷³
592 1174 650 1201 ἐστί
675 1183 721 1209 μοι
747 1175 900 1212 βουλομένῳ

104 1224 250 1258 κοσμεῖται
260 1222 293 1255 ⁷⁸,
310 1221 351 1248 σοί
369 1230 399 1248 τε
415 1219 461 1248 οὖν
474 1221 512 1252 ὡς
525 1221 566 1248 ὅτι
581 1221 723 1253 κάλλιστα,
740 1222 855 1254 ἐκείνοις
871 1231 900 1249 τε

103 1267 239 1299 ὡσαύτως
258 1267 376 1303 ὑπάρχει
388 1266 423 1293 τὰ
442 1267 588 1293 κάλλιστα·
614 1268 655 1293 ὅτι
676 1268 733 1294 ἐστί
752 1276 792 1294 σοι
807 1268 828 1283 ⁷⁵
849 1269 901 1295 κά-

104 1316 220 1347 κείνοις.
241 1315 334 1347 Οὖτως
351 1314 416 1349 γοῦν
425 1315 448 1330 ⁷⁸
470 1314 542 1346 ἕξεις
563 1314 609 1341 τὸν
643 1314 696 1341 τῶν
713 1315 781 1342 ὅλων
800 1316 902 1343 Δεσπό-

104 1370 157 1397 την
173 1363 291 1398 πρᾶοντ⁷
309 1361 373 1388 ἵλεώ
390 1370 419 1388 τε
432 1360 454 1377 ⁷⁸
474 1361 521 1388 καὶ
537 1361 649 1396 εύμενῆ.
666 1361 784 1393 Τούτους
795 1371 902 1397 τοιγαρ-

104 1408 165 1440 οῦν,
193 1408 287 1443 ἐπειδὴ
315 1407 441 1440 τοσοῦτος
477 1405 512 1439 εἴ,
547 1408 589 1434 σοὶ
617 1408 812 1443 παρατίθεμαι,
839 1409 902 1440 τοὺς

104 1454 208 1485 αὐτοὺς
228 1453 349 1485 τούτους,
375 1454 416 1480 ὅτι
437 1453 483 1480 καὶ
500 1452 626 1488 εὐσεϐείᾳ
642 1453 780 1488 ἐπίσημος
799 1451 834 1486 εἴ,
853 1454 900 1488 ἐγ-

105 1499 221 1534 χειρίζω
231 1500 264 1525 τ’.
281 1499 338 1535 [59]
353 1498 469 1531 Τούτους
483 1499 578 1533 ἀγάπα
604 1499 742 1534 ἁρμοδίως
757 1499 805 1534 τῆς
819 1499 901 1526 αὐτού

105 1545 315 1581 φιλανθρωπίας
325 1546 358 1573 ⁸ο.
375 1545 471 1581 Σαυτῷ
486 1546 506 1561 ⁸⁸
539 1554 568 1572 τε
595 1545 649 1581 γὰρ
669 1545 716 1573 καὶ
727 1546 792 1581 ἡμῖν
806 1546 903 1581 ἀπερί-

103 1599 230 1626 γραπτον
237 1584 333 1623 δώσεις
343 1591 387 1618 διὰ
399 1591 449 1625 τῆς
459 1591 576 1622 πίστεως
585 1590 633 1626 τὴν
644 1590 733 1626 χάριν.
742 1602 749 1616 ›
758 1590 901 1626 Τοσαύτην

103 1635 123 1661 ό
132 1635 223 1662 πάντα
237 1635 347 1671 ἄριστος
359 1635 487 1671 βασιλεὺς
498 1635 551 1662 τῶν
562 1635 689 1671 εὐσεϐείᾳ
701 1636 900 1672 κοσμουμένων

105 1681 229 1708 ἐποιεῖτο
246 1682 385 1717 φροντίδα,
401 1682 431 1708 οὐ
445 1682 532 1717 μόνων
543 1681 597 1708 τῶν
610 1681 739 1717 ὑπηκόων
756 1682 900 1717 ἐπιμελού-

107 1736 201 1763 μενος,
217 1728 286 1755 ἀλλὰ
305 1728 351 1755 καὶ
370 1727 423 1754 τῶν
440 1728 484 1762 ὑφ’
497 1728 580 1764 ἕτερα
600 1727 730 1763 σκῆπτρα
749 1728 899 1756 τελούντων

106 1773 149 1804 είς
163 1772 279 1808 δύναμιν
295 1772 533 1809 προμηθούμενος.
554 1773 604 1800 Διά
617 1781 659 1799 τοι
671 1773 804 1800 τοῦτοκαὶ
819 1774 901 1805 αὐτὸς

106 1818 157 1852 τῆς
172 1817 246 1849 θείας
260 1819 425 1853 κηδεμονίας
438 1818 572 1854 ἀπήλαυε,
589 1819 636 1845 καὶ
650 1819 700 1853 τῆς
717 1828 746 1845 τε
765 1819 900 1855 Εὐρώπης

107 1865 230 1900 ἀπάσης,
241 1865 289 1891 καὶ
302 1865 351 1898 τῆς
363 1864 478 1900 Λιϐύης,
499 1865 568 1900 πρὸς
591 1864 620 1892 δὲ
646 1864 759 1896 ταύταις
784 1865 833 1892 καὶ
853 1865 900 1892 τοῦ

106 1910 237 1937 πλείστου
253 1911 303 1946 τῆς
324 1911 416 1942 Ἀσίας
435 1910 558 1946 κατέχων
572 1910 594 1926 θ’
616 1910 665 1942 τὰς
690 1910 778 1945 ἡνίας,
805 1910 901 1943 εὔνους

106 1953 182 1992 εἶχεν
197 1957 262 1988 τοὺς
276 1957 454 1992 ἀρχομένους,
470 1957 517 1984 καὶ
533 1956 571 1992 τῷ
594 1956 696 1992 χαλινῷ
719 1956 778 1992 μεθ’
804 1956 901 1992 ἡδονῆς

106 2002 300 2037 πειθομένους.
315 2003 369 2029 Καὶ
388 2003 436 2038 μὲν
449 2002 481 2038 δὴ
498 2003 546 2029 καὶ
566 2002 621 2029 τῶν
638 2002 795 2038 βαρϐαρων,
812 2003 837 2029 οἱ
852 2003 900 2037 μὲν

107 2048 220 2079 ἑκόντες
235 2048 385 2081 ἐδούλευον,
400 2049 424 2075 οἱ
451 2048 479 2074 δὲ
500 2048 610 2083 πολέμῳ
632 2048 823 2084 κρατούμενοι.
846 2048 900 2076 Καὶ

107 2093 250 2129 πανταχοῦ
265 2094 384 2129 τρόπαια
399 2094 501 2126 ἵστατο,
513 2093 561 2121 καὶ
577 2095 724 2129 νικηφόρος
736 2094 751 2120 ὁ
771 2085 899 2129 βασιλεὺς

108 2139 293 2166 ἀνεδείκνυτο.
316 2139 396 2166 Ἀλλὰ
410 2139 496 2166 ταῦτα
516 2139 565 2175 μὲν
581 2140 627 2166 καὶ
647 2140 736 2176 ἕτεροι
750 2140 794 2167 διὰ
811 2141 901 2167 πλειό-

109 2194 163 2211 νων
178 2185 344 2220 εὐφήμησαν
355 2193 362 2200 ·
376 2185 455 2220 ἡμεῖς
469 2184 497 2211 δὲ
510 2185 559 2220 τῆς
572 2185 759 2220 προκειμένης
780 2186 901 2221 ἱστορίας

109 2229 251 2266 ἐχώμεθα.
283 2231 312 2257 '0
338 2231 387 2266 μὲν
416 2228 462 2258 οὖν
493 2231 669 2266 πανεύφημος
698 2231 825 2266 βασιλεὺς
851 2233 900 2265 τὰς

951 994 994 1014 me
1027 987 1166 1021 voluptate
1207 984 1275 1011 allici
1317 984 1478 1011 existimas?
1519 982 1622 1010 Tecum
1664 982 1747 1017 igitur

951 1033 1054 1068 optimc
1070 1036 1096 1060 et
1111 1039 1173 1059 cum
1192 1031 1249 1058 illis
1263 1031 1390 1058 similiter
1420 1029 1524 1064 optime
1539 1031 1629 1065 agitur
1645 1038 1651 1056 :
1673 1028 1747 1063 quod

951 1079 1000 1106 tibi
1028 1080 1096 1105 bene
1124 1081 1180 1110 est,
1201 1077 1283 1112 812
1299 1076 1380 1103 etiam
1402 1076 1467 1103 illis.
1496 1075 1542 1102 Sic
1565 1075 1638 1102 enim
1655 1081 1746 1102 rerum

951 1125 1073 1152 omnium
1091 1124 1236 1150 Dominum
1253 1123 1435 1154 clementem,
1453 1121 1603 1157 propitium
1619 1126 1646 1148 et
1668 1120 1747 1148 benc-

951 1172 1043 1198 volum
1069 1171 1213 1197 habiturus
1238 1177 1279 1197 cs.
1311 1168 1371 1195 Tibi
1390 1175 1457 1203 egoI
1488 1168 1554 1204 quia
1586 1171 1681 1194 tantus
1699 1174 1744 1197 es.

952 1218 1002 1245 hos
1017 1217 1158 1245 committo
1170 1236 1177 1248 ,
1199 1216 1310 1244 eosdem
1327 1215 1416 1249 ipsos,
1432 1215 1496 1250 quia
1525 1215 1625 1250 pietate
1656 1213 1748 1240 clarus

952 1272 997 1296 es,
1028 1264 1055 1290 in
1079 1270 1177 1290 manus
1206 1262 1295 1290 trado.
1323 1261 1379 1288 Hos
1406 1261 1571 1288 humanitati
1599 1264 1653 1287 tua:
1678 1266 1746 1287 (on-

953 1314 1085 1345 gruenter
1101 1317 1174 1337 ama.
1192 1309 1360 1335 Immensum
1378 1307 1451 1335 enim
1469 1307 1517 1334 tibi
1546 1307 1682 1341 nobisque
1700 1313 1748 1340 per

953 1357 1034 1384 fidem
1050 1356 1214 1384 beneﬁcium
1227 1355 1384 1390 praestabis.
1395 1363 1404 1380 ›
1418 1353 1536 1381 Tantam
1548 1353 1684 1384 omnium,
1699 1352 1746 1387 qui

953 1403 1055 1439 pietate
1079 1402 1172 1435 ornati
1188 1404 1302 1433 essent,
1320 1407 1416 1427 curam
1436 1400 1549 1435 gerebat
1573 1400 1747 1435 prmstautis-

952 1449 1039 1477 simus
1054 1450 1215 1484 imperator,
1235 1452 1265 1476 ut
1280 1455 1335 1475 non
1352 1447 1412 1475 suis
1425 1451 1529 1474 tantum
1546 1446 1663 1474 subditis
1678 1454 1746 1473 cor.-

953 1496 1056 1524 sulerct
1069 1515 1076 1527 ,
1095 1495 1143 1523 sed
1157 1495 1212 1522 illis
1223 1494 1305 1522 etiam
1320 1494 1367 1527 qui
1382 1493 1471 1520 alieno
1486 1492 1620 1528 parebant
1631 1493 1746 1528 imperio

954 1550 1004 1577 pro
1026 1541 1134 1569 viribus
1155 1541 1322 1576 provideret.
1345 1539 1422 1567 Ilanc
1444 1540 1479 1567 ob
1506 1547 1617 1567 causam
1646 1543 1674 1567 et
1692 1539 1747 1567 Deo

954 1589 1013 1624 ipse
1027 1595 1103 1616 curae
1121 1587 1173 1615 fuit
1187 1608 1194 1620 ,
1209 1592 1313 1615 etcum
1331 1586 1446 1621 Europae
1458 1586 1544 1614 totius
1558 1606 1564 1618 ,
1580 1590 1607 1614 et
1624 1585 1723 1613 Africae
1738 1605 1745 1616 .

954 1634 1135 1669 maximaeque
1151 1634 1223 1662 Asiae
1240 1633 1326 1668 partis
1342 1632 1464 1660 habenas
1481 1637 1606 1668 regeret,
1628 1633 1746 1659 benevo-

953 1681 994 1708 los
1014 1681 1108 1708 habuit
1123 1680 1264 1713 subditos,
1283 1679 1418 1714 frenoque
1429 1686 1492 1706 cum
1509 1679 1652 1714 voluptate
1664 1679 1746 1706 obsc-

952 1732 1078 1762 qucntes.
1095 1726 1166 1760 Quin
1183 1727 1265 1754 etiam
1285 1725 1417 1758 barbari,
1437 1725 1536 1760 partim
1560 1733 1609 1753 sua
1626 1728 1724 1760 sponte
1738 1744 1746 1757 ,

952 1773 1053 1807 partim
1074 1773 1159 1800 armis
1187 1772 1295 1800 subacti
1320 1772 1491 1800 serviebant.
1516 1772 1623 1806 Ubique
1642 1771 1746 1799 excita-

953 1820 1054 1847 bantur
1068 1822 1188 1854 troptea,
1212 1823 1240 1846 et
1265 1818 1353 1846 victor
1384 1818 1537 1853 imperator
1565 1818 1746 1845 renuntiaba-

953 1869 1006 1892 tur.
1026 1865 1125 1892 V'erum
1149 1865 1206 1892 haec
1234 1864 1279 1891 alii
1307 1864 1434 1900 pluribus
1461 1864 1637 1892 celebrarunt
1662 1873 1668 1891 :
1696 1871 1744 1892 nos

952 1912 1109 1939 institutam
1124 1910 1269 1938 historiam
1285 1918 1497 1946 prosequamur.
1522 1909 1745 1938 Laudatissimus
1778 1902 1782 1906 ’

952 1965 1016 1993 ergo
1028 1958 1179 1992 imperator
1187 1957 1356 1992 apostolicae
1370 1964 1468 1984 revera
1485 1965 1567 1985 curas
1580 1957 1672 1984 animo
1685 1965 1745 1984 ver-

952 2004 1040 2031 sabat.
1051 2003 1085 2030 At
1096 2004 1262 2031 sacerdotali
1278 2011 1393 2031 munere
1409 2004 1456 2038 qui
1473 2003 1670 2039 fungebantur,
1689 2012 1743 2030 non

953 2050 1034 2077 modo
1047 2049 1183 2078 aediﬁcare
1198 2050 1366 2082 abnuebant,
1386 2050 1433 2077 sed
1450 2050 1508 2085 ipsa
1523 2050 1604 2077 etiam
1619 2050 1746 2077 Ecelcsim

955 2095 1134 2123 fundamenta
1159 2101 1283 2123 evertere
1306 2096 1489 2123 conabantur.
1506 2095 1560 2123 Eos
1574 2096 1675 2131 quippe
1697 2097 1744 2130 qui

953 2150 1015 2170 cum
1022 2142 1172 2178 apostolica
1179 2142 1399 2177 813doctrina
1408 2141 1451 2169 his
1462 2145 1608 2176 pra-erant,
1619 2142 1745 2169 diversas

953 2191 1077 2216 terentes
1092 2187 1247 2215 calumnias
1262 2191 1425 2223 exegerunt,
1437 2191 1465 2214 et
1474 2187 1520 2222 qui
1534 2188 1743 2215 memorandum

954 2233 1021 2261 illud
1047 2233 1155 2261 facinus
1172 2233 1306 2261 adversus
1322 2239 1450 2268 magnum
1480 2232 1656 2260 Eustathium
1679 2241 1745 2260 cou-

764 2322 881 2351 VAer'E
901 2322 1103 2351 LECTIONES.

145 2368 169 2384 ⁸³
188 2369 315 2403 μήνησις.
346 2368 428 2397 Basil.
458 2368 518 2396 Lat.

108 2405 165 2431 τῶν
181 2403 232 2438 τῷ,
246 2409 295 2431 clc.
313 2404 395 2431 Basil.
407 2403 454 2431 Gr.
469 2409 496 2431 et
509 2404 568 2431 Lat.
581 2412 613 2431 ac
622 2403 716 2439 Steph.

109 2439 288 2475 Cln‘istoph.,
311 2438 410 2475 Scalig.
430 2443 457 2466 et
473 2438 591 2466 Casaub.

571 2368 592 2384 ⁵⁵
609 2369 761 2404 ἡμετέροις.
784 2369 856 2397 Idem
873 2370 980 2398 vitiose.

1031 2371 1053 2386 ⁸⁸
1069 2370 1108 2397 ita
1122 2369 1225 2404 Scalig.
1242 2373 1269 2396 et
1285 2369 1440 2396 Casaubon.
1456 2377 1518 2397 cum
1544 2368 1672 2398 Eusebio.
1689 2369 1743 2398 Sed

755 2405 778 2421 ⁶⁷
795 2405 870 2437 θείας
881 2406 958 2433 abest
973 2406 1008 2433 ab
1023 2411 1138 2441 utroque
1149 2404 1245 2441 Basili.
1255 2404 1386 2441 Stephan.
1400 2409 1426 2431 et
1436 2404 1565 2441 Eusebio.
1577 2404 1628 2441 Sed
1643 2405 1743 2441 trahent

646 2439 669 2454 °'
687 2439 744 2466 lloc
759 2441 953 2469 substituimus
973 2449 988 2468 e
1004 2439 1158 2469 Basil.“Gr.
1174 2443 1201 2467 et
1223 2439 1282 2466 Lat.
1301 2440 1420 2472 itemque
1441 2440 1534 2467 Savilii
1553 2440 1656 2467 codice.
1675 2440 1743 2473 Quis

109 2475 185 2502 enim
210 2473 322 2510 Graecus
337 2473 437 2510 dixerit
451 2475 517 2510 ἡμῖν
534 2475 626 2506 αὐτοῖς
635 2474 787 2510 πέπεισμαι
802 2476 839 2507 ὡς
858 2476 908 2509 ὅτι,
927 2480 979 2504 etc.

112 2513 206 2546 [fatus
226 2508 378 2546 Sirmondi;
400 2508 556 2546 quanquam
574 2510 665 2537 Allatii
680 2508 764 2546 codex
779 2511 859 2546 habet
872 2508 1053 2546 πεπείσμεθα.

998 2476 1076 2509 Quod
1092 2483 1153 2503 cum
1175 2474 1304 2509 Stephani
1318 2474 1437 2502 editione
1450 2479 1477 2502 et
1489 2475 1606 2503 Eusebio
1626 2475 1743 2503 habebat

1106 2511 1128 2527 "
1141 2510 1269 2543 μάλιστα,
1283 2509 1425 2543 Stephan.,
1445 2510 1524 2537 male.
1544 2510 1588 2541 Ὡς
1603 2510 1643 2537 ὃτι
1665 2511 1741 2540 κάλλ,

111 2544 502 2581 Theodoretugetianrpaulo
511 2548 582 2579 post.
620 2546 642 2581 7f
656 2545 751 2572 τούτου
767 2545 811 2572 τοῦ
829 2544 990 2581 καταλόγου,
1006 2546 1125 2581 Uterque
1135 2544 1232 2581 Basil..
1244 2545 1418 2581 Eusebiusiet
1429 2544 1542 2579 Niceph.
1566 2545 1599 2581 il.
1619 2545 1661 2581 Et
1673 2545 1740 2579 Vili,

111 2580 158 2607 58.
172 2615 177 2617 _
196 2580 218 2595 '“
232 2578 385 2617 oEq._Basil.
399 2578 456 2617 bat.
532 2581 606 2617 ὅταν.
623 2580 684 2608 Bas.
701 2580 747 2617 Gr.
763 2587 790 2608 et
802 2582 872 2612 Lat.,
885 2578 998 2616 Niceph.
1036 2581 1059 2597 ⁷³
1075 2578 1221 2617 ῧπερᾷΡίηὶ
1233 2580 1329 2617 codex.

1380 2579 1556 2615 "aestimat
1567 2580 1629 2607 Bas.
1644 2580 1690 2607 Gr.
1700 2581 1740 2608 An

110 2615 305 2651 κεκόσμηταιῖ
315 2616 387 2649 quod
402 2615 482 2651 habet
499 2615 644 2643 Eusebius.
683 2617 706 2634 ⁷⁵
719 2615 814 2651 Magna
828 2614 973 2644 diversitas
988 2614 1132 2644 librorum.
1146 2615 1284 2642 Sirmondi
1294 2614 1678 2651 textusrChristophorsonum
1701 2624 1742 2643 se-

110 2651 209 2687 quitur
226 2649 258 2687 et»
271 2649 497 2687 Scaligerum._ln
510 2650 639 2687 eumdem
662 2649 775 2687 sensum
791 2652 921 2687 Stephani.
939 2657 964 2679 et
979 2652 1149 2687 Nicephorus
1164 2650 1294 2685 probante
1306 2649 1415 2687 VValesio
1436 2650 1468 2677 ad
1481 2650 1633 2687 Eusebium
1649 2651 1666 2678 Ι.
1689 2659 1713 2678 c.
1733 2661 1740 2678 :

111 2686 125 2713 ὃ
142 2686 202 2711 ἐστι
222 2685 264 2711 σοὶ
283 2685 538 2721 κάκείνοιςῖςΒοείΙ.
556 2685 635 2712 Latin
655 2686 753 2714 vitiose
769 2686 822 2721 σύ),
841 2685 917 2721 quod
951 2685 1125 2715 Camerarius
1148 2686 1231 2713 vertit
1247 2696 1253 2713 :
1267 2686 1330 2720 quia
1354 2686 1526 2712 communiler
1548 2694 1607 2712 cum
1624 2686 1742 2721 utrisque

112 2721 175 2757 scil.
191 2721 294 2757 optime
305 2721 404 2757 agitur.
422 2720 555 2748 Eusebius
567 2721 585 2747 Ι.
601 2721 681 2757 οτνότι
695 2722 735 2748 σοὶ
750 2720 879 2757 κάκείνῳ,
895 2722 961 2749 vitio
971 2722 1107 2750 scribendi
1124 2726 1153 2748 ut
1168 2721 1274 2756 opinor.
1292 2721 1383 2748 Allatii
1403 2721 1520 2755 denique
1530 2721 1626 2757 codex,
1640 2720 1742 2757 optime

112 2756 183 2782 forte
197 2764 210 2792 _:
227 2756 327 2792 6;t_ao‘~.
340 2756 457 2783 κάκεῖνοι
472 2756 544 2791 (nam
565 2760 589 2792 et
605 2756 647 2782 illi
662 2757 700 2783 tui
711 2757 793 2791 sunt),
807 2757 878 2791 quod
890 2761 917 2784 et
932 2757 1039 2785 Valesio
1056 2757 1157 2792 placuit
1176 2757 1210 2783 ad
1231 2757 1320 2783 locum
1337 2760 1471 2792 nostrum.
1511 2756 1584 2792 "Alta
1600 2756 1740 2792 etCasau-

114 2791 176 2827 lion.
188 2790 246 2827 Sed
259 2790 346 2822 οὕτως
362 2791 416 2826 γάρ
441 2790 563 2827 uterque
575 2791 655 2819 Hasil.
673 2795 700 2818 et
720 2790 849 2826 Stephan.
868 2800 929 2819 cum
956 2790 1119 2827 Niceplforo.

1174 2792 1195 2807 "
1212 2792 1330 2826 Πατέρα.
1347 2791 1516 2826 ΟΙιΓῙεῐυρΙι..
1531 2790 1686 2819 Casaubon.
1714 2796 1742 2818 et

115 2825 261 2868 Eusebius,
280 2826 327 2868 qui
351 2825 530 2868 tamennaddit
646 2827 687 2867 ,η
699 2834 729 2853 τε
749 2825 1067 2868 pinissum_in__ut_roque
1082 2826 1178 2868 Easil.‘
1195 2830 1222 2853 et
1233 2825 1375 2868 "Eusebio:
1413 2827 1434 2868 ’ξς
1450 2825 1740 2868 ἐγχειρίζων.“υειεξιο

114 2861 201 2897 Graec.
221 2866 250 2888 et
283 2860 574 2897 SteplianaSiriuondi
590 2862 734 2897 lectionem
749 2862 851 2897 habent
870 2862 953 2889 Basil.
979 2860 1050 2894 l.at..
1080 2861 1210 2893 Casaub.,
1231 2860 1535 2897 Christoph.,,Scaliger
1549 2869 1608 2889 cum
1625 2860 1738 2897 Niceph.

114 2896 136 2933 ἵ)
151 2896 259 2933 Mallem
280 2897 313 2933 τῇ
333 2890 437 2933 'qamp
457 2904 568 2933 (picum
590 2896 689 2925 Euseb.
708 2901 733 2925 et
754 2896 877 2933 Niceph.,
892 2898 964 2933 quod
977 2902 1003 2926 et
1027 2890 1148 2926 Valesius
1161 2890 1268 2931 prohat.
1307 2897 1327 2912 “
1341 2890 1414 2933 ἆὺτῷ
1427 2905 1475 2932 per
1488 2890 1586 2925 iitium
1604 2890 1741 2924 scrihehdi

116 2931 209 2967 Steph.
249 2933 271 2948 θ’
289 2932 389 2967 λαχών.
414 2931 474 2960 Bas.
487 2931 534 2959 Gr.
