1987 3118
118 165 170 197 935

637 167 933 198 ECCLESIASTICJ‘I
947 170 1138 201 HISTORle
1151 173 1224 204 LIB.
1241 175 1254 203 Ι

1698 181 1749 213 986

119 217 164 254 ἦν.
174 217 276 246 Τοῦτον
289 218 314 245 οἱ
325 219 375 253 τῆς
386 219 492 246 ἐκείνου
506 220 660 254 συμμορίας
673 220 909 255 κατακρύψαντες,

962 223 1115 259 episcopus.
1130 224 1208 254 llunc
1229 226 1351 262 ejusdem
1371 224 1641 262 factionis'bomiues
1658 240 1751 263 occul-

120 264 211 291 λαϐεῖν
237 263 284 291 ἐπὶ
300 263 423 290 πλεῖστον
439 263 460 279 ¹⁴
479 263 609 301 ⁴ιιιξίωσοιν.
630 262 697 291 Εἶτα
719 266 798 300 χεῖρα
820 265 909 297 δεξιὰν

119 310 174 337 ἀπό
188 318 260 342 τινος
291 310 416 346 σώματος
435 311 597 346 ἐκτεμόντες
618 311 791 346 νεκροῦ,,καὶ
806 312 909 347 ταύτην

120 357 149 382 ὲν
160 355 275 391 λάρνακι
293 355 383 392 ξυλίνῃ
399 356 631 392 τεταριχευμένην
645 357 779 389 ἐνθέντες,
791 357 909 385 πάντοσε

119 402 295 438 περιέφερον,
314 402 539 437 κατατετμῆσθαι
559 402 685 436 λέγοντες
703 402 747 429 τὸν
760 403 908 439 Ἀρσένιον,

119 447 168 474 καὶ
184 448 326 483 μιαιφόνον
341 448 543 480 ἀποκαλοῦντες
559 447 606 475 τὸν
618 448 789 476 Ἀθανάσιον.
812 449 882 476 Ἀλλ’
896 450 910 476 6

119 494 211 521 πάντα
231 493 339 529 ἐφορῶν
362 493 502 529 ὀφθαλμὸς
523 494 572 520 οὐκ
598 494 689 521 εἴασεν
714 495 760 521 ἐπὶ
786 495 910 522 πλεῖστον

114 540 212 567 -λαθεῖν
225 541 271 566 τόν
285 539 434 576 Ἀρσένιον.
452 539 533 567 Ἀλλὰ
549 540 656 576 πρῶτον
671 541 720 576 μὲν
734 541 762 568 ἐν
780 541 910 577 Αἰγύπτῳ

119 587 169 614 καὶ
185 586 300 622 Θηϐαΐδι
311 586 390 621 δῆλος
406 587 516 621 γέγονεν
531 587 572 613 ὅτι
597 587 640 622 ζῇ.
659 587 773 614 Ἔπειτα
789 587 817 614 δὲ
829 589 910 615 αὑτὸν

120 634 163 664 είς
179 633 229 668 τὴν
248 633 336 668 Τύρον
354 633 469 668 ἤγαγεν,
495 633 560 659 ἔνθα
581 633 597 668 ὴ
615 633 830 670 τραγῳδουμένη
849 634 909 670 χεὶρ

119 679 169 706 ἐπὶ
185 680 239 706 τῶν
265 679 364 716 κριτῶν
386 680 564 715 προεφέρετο.
579 680 679 706 Τοῦτον
702 681 725 707 οε
749 680 910 708 Ἀθανασίου

120 723 306 760 θηρεύσαντες
329 724 458 757 σύνοικοι,
474 725 578 760 ῐγγαγόν
602 734 641 756 τε,
668 727 714 752 καὶ
729 727 758 752 ὲν
775 727 808 762 τῇ
828 735 912 753 κατα-

119 772 198 806 γωγῇ
213 770 282 802 τέως
306 770 397 797 λαθεῖν
411 771 432 786 ι’
451 771 621 805 ἠνάγκασαν.
640 771 725 803 Αὐτὸς
740 772 769 799 δὲ
789 773 803 799 ὁ
824 772 911 808 μέγας

126 816 288 848 Ἀθανὰσιος
304 817 357 843 ὑπὸ
375 816 425 852 τὴν
445 816 482 843 ἕω
498 817 631 844 κατέλαϐε
645 817 675 844 τὸ
694 818 841 855 συνέδριον.
857 818 911 844 Καὶ

119 863 231 898 πρῶτον
247 863 296 898 μὲν
310 863 422 898 γύναιον
435 864 583 898 εἰσήγαγον
601 864 734 900 ἀκολασίᾳ
752 864 909 900 συνεζηκός.

961 274 1063 302 larunt,
1083 277 1163 306 atque
1189 277 1219 300 ut
1244 273 1271 300 in
1296 275 1409 303 latebris
1427 284 1600 311 permaneret
1623 289 1748 310 orarunt.

962 315 1061 344 Dextra
1079 318 1178 346 deinde
1203 321 1304 347 morttti
1321 321 1440 350 hominis
1456 324 1590 358 abscissa,
1608 327 1664 354 sale
1683 337 1749 356 con-

960 362 1057 395 ditam,
1081 371 1219 400 capsaque
1246 366 1335 402 lignea
1372 368 1506 397 inclusam
1541 379 1750 407 quaquaversus

961 408 1169 442 circumferunt,
1197 412 1338 446 prrecisatn
1363 413 1480 442 Arsenio
1506 418 1698 453 prtedicantes,
1723 426 1750 447 t~t

962 454 1127 482 homicidam
1159 456 1339 485 Athanasium
1375 461 1539 490 vocitantes.
1573 462 1674 492 Verum
1703 469 1750 501 qui

961 501 1052 528 omnia
1069 506 1216 530 contuetur
1243 505 1340 532 oculus
1363 513 1419 532 non
1436 507 1482 534 diu
1498 508 1643 536 Arsenium
1667 511 1751 539 latere

961 553 1060 581 passus
1078 552 1129 575 est.
1151 548 1203 576 Sed
1229 550 1347 585 primtun
1374 551 1402 578 in
1427 552 1546 588 Aigypto
1566 559 1592 582 et
1613 555 1751 584 Thebaide

961 592 1046 627 819
1069 599 1239 629 compertum
1267 601 1309 624 cst
1337 597 1414 624 illum
1440 599 1532 627 vivere
1550 610 1556 627 :
1573 601 1671 629 deimle
1688 611 1752 630 Vero

963 638 1067 674 Tyrum
1082 648 1144 667 eum
1161 641 1273 669 deduxit
1293 642 1400 679 (Deus),
1419 645 1463 672 ubi
1480 645 1622 675 decantata
1637 648 1680 675 illa
1695 657 1752 675 ma-

961 693 1014 713 nus
1029 693 1121 713 coram
1137 687 1277 721 judicibus
1306 690 1507 724 proferebatur.
1532 692 1610 719 lluue
1628 702 1692 728 ergo
1708 694 1752 722 de-

962 731 1127 765 prehensum
1141 734 1355 763 contubernales
1367 736 1510 765 Athanasii
1526 739 1674 770 adducunt.
1685 745 1711 768 et
1724 742 1750 768 in

961 776 1111 804 diversorio
1129 780 1263 813 tantisper
1280 779 1363 808 latere
1387 787 1499 815 cogunt.
1521 783 1581 817 Ipse
1600 792 1664 811 vero
1692 794 1751 813 tua-

961 830 1031 858 gnus
1049 823 1217 852 Athanasius
1235 833 1343 853 summo
1359 835 1438 855 mane
1454 829 1526 856 venit
1542 830 1574 855 ad
1590 831 1748 860 concilium.

961 869 1000 895 Ac
1013 869 1101 904 primo
1118 870 1228 904 quidem
1251 871 1405 899 introducta
1431 878 1472 901 est
1488 874 1602 910 impura:
1620 877 1681 904 vita:
1695 885 1751 904 mu-

125 910 159 936 Ἦ
172 910 202 936 δὲ
222 910 336 944 ἀναίδην
350 910 426 943 ἐϐόα,
441 910 591 946 παρθενίαν
612 911 661 946 μὲν
677 912 847 947 ἐπηγγέλθαι
867 913 910 940 λέ-

962 915 1084 948 liercula,
1101 924 1160 951 quae
1186 916 1359 952 impudenter
1391 920 1606 954 vociferabatur,
1632 931 1671 955 se,
1687 931 1749 950 cum

119 964 218 990 γουσα,
233 955 279 983 τὸν
300 956 329 982 δὲ
347 955 508 983 Ἀθανάσιον
531 956 729 989 ἐπιξενωθέντα
752 957 908 993 βιάσασθαι,

120 1002 168 1028 καὶ¹
189 1002 309 1029 ἄκουσαν
327 1002 492 1038 διαφθεῖραι.
512 1002 621 1030 Τούτων
640 1003 685 1030 ὑπ’
700 1003 808 1039 ἐκείνης
831 1005 910 1040 εἰρη-

120 1047 223 1082 μένων,
247 1047 355 1083 εἱσῆλθε
383 1048 432 1083 μὲν
456 1048 470 1074 6
492 1049 746 1084 κατηγορούμενος,
775 1050 856 1085 συνῆν
882 1050 910 1076 δὲ

118 1092 195 1129 αὐτῷ
214 1093 263 1120 καὶ
280 1093 468 1129 πρεσϐύτερος
488 1093 662 1127 ἀξιέπαινος’
678 1094 810 1130 Τιμόθεος
824 1095 911 1130 τούτῳ

118 1138 207 1174 δνομα
224 1137 270 1174 ἦν.
284 1139 344 1166 Τῶν
355 1139 384 1166 δὲ
396 1139 533 1167 δικαστῶν
543 1140 765 1176 ἀπολογήσασθαι
780 1141 847 1176 πρὸς
862 1140 911 1176 τὴν

117 1184 232 1220 γραφὴν
250 1186 474 1220 προστεταχότων
485 1186 530 1212 τὸν
547 1185 716 1218 Ἀθανάσιον,
729 1187 743 1213 6
758 1186 807 1222 μὲν
820 1186 912 1221 ἐσίγη-

118 1238 176 1261 σεν,
193 1229 233 1261 ὼς
249 1230 330 1265 δῆθεν
353 1230 402 1257 οὐκ
432 1230 470 1257 ὢν
496 1229 670 1263 Ἀθανὰσιος’
696 1232 710 1258 6
724 1231 753 1258 δὲ
780 1230 912 1266 Τιμόθεος

118 1276 172 1311 ἔφη
186 1277 255 1311 πρὸς
263 1275 312 1312 τὴν
322 1277 440 1311 γυναῖκα
451 1282 459 1291 ·
480 1276 550 1311 Ἐγώ
564 1285 616 1309 σοι,
626 1274 648 1303 ὦ
659 1276 751 1311 γύναι,
766 1277 911 1311 συνέτυχον

119 1321 243 1354 πώποτε,
260 1322 301 1353 εἰς
324 1321 353 1348 δὲ
380 1322 430 1357 τὴν
453 1322 501 1357 σὴν
525 1322 686 1357 εἰσελήλυθα
710 1322 816 1353 οίκίανς
835 1322 866 1348 Ἦ
882 1321 911 1348 δὲ

118 1368 310 1402 ἀναιδέστερον
332 1368 396 1394 ἐϐόα
425 1367 464 1403 τῷ
482 1368 608 1404 Τιμοθέῳ
632 1368 834 1404 διαμαχομένη,
865 1369 911 1396 καὶ

118 1415 170 1451 τὴν
184 1417 262 1451 χεῖρα
278 1410 437 1450 ἐξάγουσι,
453 1416 501 1442 καὶ
517 1415 556 1451 τῷ
567 1415 693 1451 δακτύλῳ
705 1415 847 1449 δεικνῦσα,
862 1415 910 1442 καὶ

119 1462 237 1496 λέγουσα
248 1470 255 1477 ⁸
272 1463 308 1489 Σύ
327 1471 378 1509 pet:
398 1462 446 1497 τὴν
459 1462 610 1498 παρθενίαν
627 1463 749 1497 ἀφείλου,
767 1461 798 1488 σύ
814 1470 848 1496 με
862 1462 912 1498 τῆς

121 1509 303 1544 σωφροσύνης
323 1508 505 1544 ἐγύμνωσας,
529 1508 578 1534 καὶ
604 1509 627 1534 τ’
653 1508 721 1535 ἄλλα
747 1509 799 1535 ὅσα
820 1508 910 1542 λέγειν

121 1553 250 1580 εἰώθασιν
269 1555 297 1580 al
316 1553 349 1580 δι’
376 1553 525 1585 ἀκολασίας
556 1553 709 1590 ὑπερϐολὴν
725 1554 776 1581 οὐκ
801 1554 910 1589 ἔχουσαι

119 1600 171 1636 τὴν
193 1600 270 1627 αἰδώ.
291 1599 371 1627 Οὕτω
393 1599 426 1635 δὴ
455 1599 509 1626 τῶν
537 1599 567 1627 τὸ
584 1599 676 1635 δρᾶμα
701 1600 911 1627 συντεθεικότων

121 1645 387 1681 καταισχυνθέντων,
410 1645 630 1681 ἐρυθριασάντων
649 1646 678 1672 δὲ
699 1646 747 1673 καὶ
767 1646 822 1672 τῶν
836 1646 913 1673 δικα-

123 1691 206 1724 στῶν,
221 1693 277 1719 ὅσοι
288 1682 450 1727 ξυνίστορες
468 1690 548 1727 ἦσαν,
568 1692 681 1727 ἐξήγετο
704 1692 720 1727 ὴ
744 1693 823 1728 γυνή.
845 1693 912 1719 Τότε

122 1738 155 1774 δὴ
171 1739 185 1764 6
203 1738 290 1773 μέγας
304 1737 463 1769 Ἀθανάσιος
478 1737 566 1772 ἔλεγε,
595 1739 633 1774 μὴ
659 1739 759 1774 χρῆναι
779 1739 912 1776 ἀφεθῆναι

121 1783 152 1811 τὸ
170 1783 294 1818 γύναιον,
318 1783 374 1810 ἀλλ’
400 1784 537 1817 ἐξετάσαι,
571 1785 618 1811 καὶ
642 1784 738 1819 μαθεῖν
758 1785 804 1811 τὸν
825 1784 912 1811 ταῦτα

123 1829 327 1856 συντεθεικότα.
348 1829 380 1856 Οἱ
396 1829 425 1856 δὲ
444 1829 546 1862 ὲὸόων,
564 1829 647 1865 ἕτερα
666 1827 737 1856 εἶναι
759 1831 914 1866 κατηγορή-

125 1884 197 1910 ματα
212 1875 402 1911 χαλεπώτερα,
417 1874 544 1910 οὐδαμῶς
557 1875 638 1911 τέχνῃ
650 1875 704 1902 τινὶ¹
719 1876 765 1902 καὶ
779 1875 912 1911 δεινότητι

123 1921 181 1958 [64]
197 1921 356 1956 διαλυθῆναι
375 1921 514 1957 δυνάμενα
527 1929 534 1937 ·
550 1921 613 1956 ὄψις
628 1921 694 1957 γὰρ,
712 1921 763 1948 οὐκ
781 1922 860 1958 ἀκοὴ,
874 1922 913 1948 δι-

123 1967 240 1994 adest”
267 1968 323 1999 τοῖς
347 1967 543 2001 δεικνυμένοις,
570 1965 664 1993 Ταῦτα
692 1966 832 1998 εἰπόντες,
864 1966 912 2002 τὴν

124 2012 343 2048 πολυθρύλλητον
354 2012 460 2047 ἐκείνην
477 2011 620 2044 ὑπέδειξαν
644 2011 780 2047 λάρνακα,
794 2012 840 2038 καὶ
863 2012 913 2048 τὴν

122 2059 355 2094 τεταριχευμένην
365 2059 527 2094 ἐγύμνωσαν
537 2058 688 2094 χεῖρα.Τῶν
697 2058 724 2085 δὲ
735 2058 912 2093 θεασαμένων

122 2106 239 2137 ἕκαστος
255 2105 410 2140 ἀνεϐόησεν,
424 2105 507 2140 οἱμὲν
522 2105 622 2140 ἀληθὲς
638 2103 707 2132 εἶναι
721 2105 752 2131 τὺ
766 2105 850 2140 μῦσος
861 2105 913 2131 ὑπ-

121 2152 276 2188 ειληφότες,
291 2151 316 2179 οἱ
327 2151 355 2177 δὲ
369 2151 399 2177 τὸ
415 2152 463 2186 μὲν
481 2150 578 2186 ψεῦδος
590 2151 701 2183 εἰδότες,
716 2151 869 2186 κεκρύφθαι
885 2151 913 2177 δὲ

121 2197 167 2224 τὸν
190 2197 328 2233 Ἀρσένιον
353 2197 392 2224 ἔτι
411 2197 577 2232 νομίζοντες.
591 2197 678 2228 Μόλις
697 2197 716 2212 ⁵⁷
737 2197 765 2223 δὲ
783 2196 913 2232 βραχείας

962 960 1145 995 virginitatem
1161 961 1283 996 professa
1302 969 1385 995 esset,
1400 966 1409 975 '
1422 965 1455 990 ab
1472 965 1580 1000 hospite
1600 968 1751 996 Athanasio

961 1006 1015 1033 vim
1028 1014 1150 1041 passam,
1167 1012 1250 1043 atque
1269 1009 1385 1037 invitam
1408 1015 1559 1046 stupratam
1588 1021 1658 1041 esse.
1686 1014 1751 1047 Quae

962 1059 1025 1079 cum
1041 1052 1166 1086 dixisset,
1178 1054 1320 1089 ingressus
1335 1059 1376 1082 cst
1390 1056 1635 1091 quiaccusabatur,
1653 1064 1679 1086 et
1689 1067 1749 1087 cum

961 1105 994 1125 eo
1010 1098 1090 1126 laude
1108 1098 1207 1134 dignus
1224 1101 1376 1136 presbyter,
1399 1103 1444 1129 cui
1473 1111 1571 1131 nomen
1595 1104 1749 1133 Timotheo.

961 1143 1086 1179 Cumque
1102 1145 1253 1173 Athanasio
1270 1147 1436 1182 imperarent
1458 1149 1575 1183 jmliccs,
1594 1156 1623 1177 ιιι
1638 1159 1750 1179 accusa-

961 1189 1028 1217 tioni
1044 1190 1231 1225 responderet,
1247 1191 1361 1218 obticuit
1376 1193 1443 1226 ipse,
1456 1193 1569 1228 perinde
1585 1202 1616 1221 ac
1630 1195 1652 1222 si
1668 1197 1751 1222 Atha-

962 1234 1056 1261 nasius
1080 1242 1135 1261 non
1153 1240 1227 1262 esset
1247 1244 1253 1262 :
1276 1234 1438 1264 Timotheus
1461 1245 1526 1264 vero
1547 1239 1579 1265 ad
1610 1241 1751 1267 mulierem

962 1287 1114 1307 conversus
1134 1290 1139 1307 :
1154 1281 1256 1316 Egone,
1274 1281 1373 1316 inquit.
1390 1283 1499 1316 mttlier,
1513 1288 1601 1311 tecum
1627 1293 1681 1312 rem
1703 1291 1736 1314 ιι..

962 1325 1020 1359 btti,
1037 1330 1084 1352 aut
1099 1326 1172 1353 aedes
1188 1330 1248 1354 tuas
1264 1335 1384 1362 ttnquam
1401 1337 1461 1355 Slllll
1481 1329 1623 1364 ingrcssus
1634 1332 1646 1358 ’ί
1659 1331 1694 1358 At
1708 1332 1753 1359 illa

961 1371 1147 1407 impudentius
1165 1373 1333 1406 clamitabat,
1351 1373 1580 1410 Timotlteumque
1600 1376 1706 1408 adorta,
1726 1382 1753 1404 et

961 1426 1072 1445 manum
1082 1426 1223 1451 exserens,
1234 1426 1266 1447 ac
1278 1419 1364 1454 digito
1376 1420 1523 1456 designans
1538 1430 1544 1448 :
1559 1421 1599 1449 Tu
1614 1422 1690 1454 mihi,
1704 1425 1751 1454 ait,

960 1462 1147 1498 virginitatem
1161 1462 1299 1498 eripuisti,
1314 1467 1342 1490 tu
1359 1465 1484 1492 castitate
1507 1473 1550 1492 me
1571 1467 1706 1501 spoliasti,
1726 1472 1754 1495 et

961 1509 1014 1536 alia
1037 1509 1063 1536 id
1077 1517 1173 1545 genus,
1193 1517 1255 1544 quae
1272 1509 1377 1538 effutire
1393 1511 1482 1538 soleat
1499 1519 1547 1544 em,
1564 1520 1624 1547 qua:
1640 1521 1687 1548 per
1703 1514 1753 1540 itu-

961 1555 1131 1583 moderatam
1150 1556 1387 1591 intemperantiam
1404 1558 1536 1592 pudorem
1562 1558 1752 1594 profligarunt.

963 1601 1004 1629 Ad
1019 1601 1076 1629 haec
1093 1601 1211 1629 turbatis
1226 1602 1359 1630 dedecore
1379 1602 1477 1630 fabula:
1493 1604 1663 1636 auctoribus,
1680 1612 1754 1632 cru-

963 1648 1194 1684 bescentibusque
1219 1648 1371 1688 iudicibus,
1387 1653 1522 1684 quotquot
1543 1651 1646 1678 conscii
1663 1655 1753 1683 erant,

962 1692 1077 1720 dimissa
1091 1699 1133 1720 est
1146 1693 1253 1720 mulier.
1275 1693 1345 1720 Tum
1364 1702 1480 1729 magnus
1497 1695 1665 1723 Athanasius
1678 1696 1752 1723 illam

964 1739 1053 1766 aiebat
1066 1739 1167 1766 dimitti
1187 1746 1242 1766 non
1256 1739 1367 1771 debere,
1389 1740 1436 1767 sed
1461 1739 1636 1776 interrogari,
1660 1745 1687 1768 et
1707 1750 1754 1769 co—

964 1785 1058 1820 gnosci
1077 1784 1140 1820 quis
1154 1784 1207 1812 ista
1224 1786 1408 1813 concinnarit.
1421 1786 1606 1814 Accusatores
1621 1795 1685 1814 vero
1701 1788 1755 1815 alia

963 1838 993 1859 se
1007 1831 1108 1859 habere
1123 1830 1250 1866 graviora
1267 1831 1385 1858 crimina
1409 1832 1561 1866 jaclabant,
1590 1841 1651 1868 quze
1679 1833 1754 1860 nulla

963 1881 1022 1904 arte
1032 1877 1073 1904 vel
1088 1877 1201 1912 ingenio
1216 1877 1282 1904 dilui
1296 1881 1420 1912 possent.
1435 1877 1583 1905 Oculorum
1600 1878 1683 1911 enitn,
1700 1887 1753 1905 non

964 1924 1082 1955 aurium,
1097 1923 1156 1960 fore
1168 1923 1303 1958 judicium
1323 1923 1349 1950 in
1365 1924 1398 1951 iis
1412 1932 1472 1959 quae
1489 1924 1653 1959 proferrent.
1667 1925 1755 1960 Atque

963 1969 1006 1996 his
1021 1968 1112 2001 dictis,
1125 1953 1313 2004 pervulgatam
1325 1969 1408 2004 820
1421 1953 1495 1996 illam
1507 1970 1648 2004 capsulam
1661 1953 1754 1997 osten-

964 2014 1042 2047 dunt,
1060 2017 1087 2041 et
1102 2014 1242 2041 conditam
1259 2022 1370 2041 manum
1392 2015 1534 2050 detegunt.
1549 2016 1607 2048 Qua
1627 2016 1695 2048 visa,
1714 2016 1756 2042 in-

964 2068 1030 2095 gens
1045 2060 1167 2087 omnium
1183 2061 1288 2088 clamor
1304 2061 1420 2093 exstitit,
1443 2065 1502 2088 tum
1523 2069 1618 2089 eorum
1640 2063 1686 2096 qui
1714 2061 1755 2088 di-

964 2113 1024 2132 rum
1041 2105 1132 2132 scelus
1145 2113 1238 2132 verum
1252 2113 1314 2133 esse
1329 2106 1473 2140 putabant,
1499 2110 1556 2133 tum
1583 2114 1678 2133 eorum
1705 2107 1753 2141 qui

964 2149 1064 2177 falsum
1081 2149 1190 2184 quidem
1206 2154 1349 2183 noverant,
1369 2150 1416 2177 sed
1437 2151 1582 2178 Arseuium
1609 2151 1697 2178 adhuc
1717 2152 1756 2178 la-

964 2200 1021 2223 tere
1036 2195 1195 2223 credebant.
1213 2195 1264 2222 Vix
1288 2195 1397 2223 tandem
1423 2197 1498 2223 brevi
1529 2195 1602 2223 facto
1634 2198 1754 2230 silentio,

120 2243 273 2279 γενομένης
284 2243 373 2278 σιγῆς,
382 2243 465 2278 ἣρετο
474 2243 536 2274 τοὺς
546 2243 704 2274 δικάζοντας
715 2243 728 2269 6
741 2241 910 2278 κατηγορού-

963 2241 1070 2277 judices
1082 2245 1259 2277 percontatur
1270 2242 1448 2276 Athanasius,
1464 2250 1529 2270 num
1543 2243 1606 2277 quis
1621 2243 1690 2269 inter
1707 2250 1755 2270 eos

121 2299 216 2326 μενος,
234 2290 262 2316 εῐ
285 2297 327 2320 τις
357 2289 386 2316 ὲν
406 2289 498 2320 αὐτοῖς
513 2289 555 2323 εἴη
580 2288 626 2315 τὸν
640 2288 778 2324 ’Λρσένιον
801 2289 913 2317 ἐπιστᾶ-

121 2344 214 2371 μενος,
244 2334 352 2361 Πολλῶν
371 2334 399 2361 δὲ
424 2334 575 2370 εἰρηκότων
602 2334 724 2370 ἀκριϐῶς
745 2334 842 2360 εἰδέναι
868 2333 913 2361 τὸν

120 2383 218 2418 ἄνδρα,
241 2381 371 2409 ἐκέλευσε
390 2380 484 2407 τοῦτον
502 2380 628 2416 ἀχθῆναι,
651 2381 698 2407 καὶ
717 2381 796 2407 πάλιν
812 2381 910 2416 ἧρετο,

121 2430 146 2456 εί
172 2426 251 2460 οὗτος
276 2428 380 2459 ἐκεῖνος
395 2427 438 2461 εἴη
470 2427 618 2462 ’Λρσένιος,
641 2427 654 2453 ὁ
683 2427 748 2462 παρ’
770 2426 836 2461 ἐμοῦ
863 2426 912 2462 μὲν

121 2474 308 2513 ἀνῃρημένος,
323 2473 400 2510 παρὰ
412 2473 441 2500 δὲ
455 2472 556 2499 τούτων
575 2473 643 2513 μετὰ
663 2472 770 2508 σφαγὴν
784 2472 914 2509 ὑϐρισμέ-

120 2530 168 2553 νος
181 2521 216 2553 η,
247 2520 296 2547 καὶ
316 2520 365 2555 τῆς
391 2519 482 2551 δεξιᾶς
505 2518 698 2554 ἐστερημένος.
725 2519 913 2554 Συνομολογη-

123 2569 231 2599 σάντων
253 2566 282 2593 δὲ
306 2565 396 2592 αὐτῶν
413 2565 434 2581 ιθ
459 2564 554 2591 τοῦτον
578 2563 664 2597 εἶναι,
686 2565 736 2599 τῆς
760 2565 914 2600 ἐφεστρίδος

123 2613 203 2641 αὐτὸν
229 2611 378 2648 γυμνώσας
399 2612 413 2638 6
437 2610 598 2641 Ἀθανάσιος
621 2610 759 2644 ὑπέδειξεν
776 2611 859 2645 ἄμφω
874 2610 913 2636 τὼ

122 2661 210 2695 χεῖρε,
225 2658 272 2685 καὶ
290 2657 339 2692 τὴν
360 2656 450 2690 δεξιὰν
468 2655 514 2683 καὶ
532 2655 580 2691 τὴν
596 2655 748 2690 εὐώνυμονι
761 2656 859 2691 ΙἌλλην
874 2655 912 2688 δὲ,

120 2705 190 2740 ἔφη,
208 2705 326 2740 ζητείτω
350 2703 461 2739 μηδείς·
478 2703 524 2729 δύο
544 2702 598 2738 γὰρ
625 2702 777 2738 ἀνθρώπων
798 2703 914 2734 ἕκαστος

963 2288 1110 2316 Arsenittm
1128 2291 1232 2316 nosset.
1253 2288 1284 2314 Et
1296 2296 1358 2315 cutn
1377 2288 1544 2316 atl'trmarent
1565 2287 1652 2319 mulli,
1671 2289 1757 2322 probe

963 2337 1058 2360 notum
1069 2333 1121 2360 sibi
1135 2332 1222 2360 virum
1234 2340 1304 2364 esse,
1324 2332 1398 2359 hunc
1416 2333 1494 2368 jubet
1511 2333 1657 2365 introduci,
1674 2336 1757 2368 atque

961 2379 1061 2406 iterum
1079 2378 1246 2411 sciscitatur,
1264 2386 1328 2405 num
1345 2379 1478 2405 Arsenius
1493 2379 1536 2405 hic
1546 2379 1590 2410 sit,
1604 2385 1683 2412 quem
1699 2379 1757 2412 ipse

963 2424 1120 2460 peremerit,
1142 2428 1169 2452 et
1192 2432 1273 2459 quem
1299 2424 1343 2451 isti
1366 2425 1531 2451 contumelia
1560 2428 1621 2459 post
1638 2428 1756 2451 mortem

964 2470 1114 2503 aﬂ'ccerint,
1129 2470 1279 2506 dextraque
1293 2471 1457 2498 mutilarint.
1473 2470 1635 2498 Fatentibus
1648 2471 1758 2498 cunctis

967 2518 1056 2553 ipsum
1075 2525 1147 2549 esse,
1165 2517 1276 2545 reducto
1291 2517 1351 2552 ejus
1364 2517 1456 2552 pallio,
1475 2517 1640 2544 Athanasius
1655 2522 1758 2544 utram-

967 2572 1020 2600 que
1038 2564 1111 2592 illius
1135 2572 1244 2591 manum
1262 2564 1389 2597 ostendit,
1411 2569 1467 2590 tum
1491 2562 1626 2595 dextram,
1647 2567 1702 2589 tum
1720 2562 1759 2589 si-

967 2611 1092 2642 nistram,
1109 2613 1136 2637 et
1151 2611 1189 2637 ait
1216 2619 1223 2637 :
1254 2609 1341 2636 Aliam
1367 2617 1446 2636 nemo
1460 2613 1563 2644 quaerat
1580 2618 1586 2635 ε
1603 2609 1672 2635 duas
1686 2608 1757 2634 enim

968 2656 1068 2692 singuli
1089 2656 1212 2683 homines
1226 2656 1259 2683 ab
1274 2655 1396 2682 onmium
1417 2654 1566 2682 Contlitorc
1586 2661 1694 2684 manus,
1708 2660 1758 2679 nec

968 2702 1061 2738 plures
1085 2706 1259 2737 acceperunt.
1285 2701 1376 2728 Rebus
1404 2701 1430 2728 in
1452 2701 1525 2728 hunc
1548 2699 1656 2727 modttm
1684 2703 1759 2734 pate-

767 2760 883 2788 VARIAS
904 2760 1104 2789 LECTIONES.

160 2843 181 2859 "
194 2842 297 2869 πλεῖον.
320 2841 402 2868 Basil.
418 2840 464 2868 Gr.

513 2841 533 2856 “‘
548 2840 607 2867 λαθ.
628 2840 705 2871 τέως.
732 2839 814 2866 Basil.
831 2839 877 2866 Gr.
908 2846 968 2866 cum
984 2838 1114 2874 Slephan.

1173 2837 1194 2852 ¹⁶
1208 2836 1326 2863 δικάσαι.
1347 2834 1430 2863 Idem.
1471 2835 1490 2850 ”
1503 2834 1590 2871 μόγις.
1607 2832 1690 2860 Basil.
1707 2831 1754 2860 Gr.

125 2879 145 2895 ⁸³
157 2877 373 2915 ἐπιξητούμενος
388 2876 434 2903 καὶ
456 2876 523 2912 μετὰ
538 2884 595 2910 ea,
614 2880 666 2904 etc.
680 2870 762 2904 Basil.
778 2875 823 2902 Gr.
839 2880 864 2902 et
879 2874 1010 2910 Stcphan.
1033 2870 1040 2874 V
1051 2874 1072 2889 ¹⁹
1091 2873 1170 2900 αὑτὸν
1191 2870 1269 2900 εἶναι.
1296 2871 1378 2900 Basit.
1392 2870 1439 2898 Gr.
