1987 3118
107 183 157 214 997

409 233 534 261 ΚΕΦΑΛ,
551 235 588 261 Δ¹.

106 281 175 316 Περὶ
188 280 311 307 Παύλου
321 279 374 306 τοῦ
385 279 546 316 γενομένου
557 279 725 306 ἐπισκόπου
735 281 890 306 Κωνσταν-

395 323 458 341 two
463 314 605 347 υπόλεως.

137 361 193 388 Καὶ
221 360 276 395 γὰρ
295 359 401 386 Παῦλον
431 359 752 395 (Κωνσταντινουπόλεως
776 359 804 386 δὲ
830 360 890 386 ἐπί-

107 415 206 438 σκοπος
221 404 255 442 ἦν
268 402 360 438 οὗτος,
386 404 439 431 τῶν
462 404 549 440 ὀρθῶν
565 404 780 440 προκινδυνεύων
793 405 813 420 ⁷¹
832 405 892 438 δογ-

107 451 229 488 μάτων),
259 451 284 477 οἱ
313 451 363 486 τῆς
393 451 562 486 Ἀρειανικῆς
598 450 786 485 μετειληχότες
814 450 891 477 νόσου

105 499 277 534 ἐγράψαντο,
303 498 340 529 ὡς
366 498 488 529 στάσεως
503 497 641 532 ἀρχηγόν·
664 497 712 524 καὶ
736 497 804 523 ἄλλα
830 496 891 523 τινὰ

105 545 280 577 προσθέντες,
296 544 313 571 ἃ
327 545 505 578 συκοφαντεῖν
515 543 646 570 εἰώθεσαν
656 544 678 559 ⁷⁸
689 543 739 578 τῆς
752 543 893 574 εὺσεὸείας

104 591 168 621 τοὺς
187 592 322 625 κήρυκας.
341 590 421 616 Ἀλλὰ
438 589 531 616 τοῦτον
551 590 701 624 τηνικαῦτα
724 590 774 616 οὐκ
800 590 891 616 εἴασεν

105 638 118 662 ὁ
133 636 203 667 λεὼς
230 637 268 667 εἰς
290 636 339 670 τὴν
370 635 503 670 Σαρδικὴν
520 632 693 669 ἀπαχθῆναι,
719 634 768 665 τὰς
781 634 834 660 τῶν
851 634 893 659 ὲν-

105 682 205 708 αντίων
229 681 388 717 ὀρρωδήσας
413 680 568 711 ὲπιόουλάς.
591 679 696 715 Μικρὸν
721 679 749 705 δὲ
768 678 890 714 ὕστερον,

104 730 154 764 τὴν
170 728 340 762 κουφοτάτην
355 725 403 752 τοῦ
431 726 563 761 βασιλέως
584 726 804 761 παραπείσαντες
823 724 892 759 γνὼ-

106 783 176 809 μην,
197 774 246 808 τῆς
268 773 316 807 μὲν
343 771 538 807 βασιλευούσης
555 772 762 806 ἐξωστράκισαν
776 771 891 804 πόλεως,

106 819 264 854 μετῴκισαν
284 818 311 844 δὲ
326 819 366 849 εις
389 818 542 844 Κουκουσόν
555 825 562 832 ’
581 817 658 848 πόλις
671 817 699 843 δὲ
713 816 781 851 αὕτη
796 816 892 851 μικρὰ,

105 865 190 891 πάλαι
212 865 261 899 μὲν
284 865 322 895 εἰς
341 863 371 890 τὸ
394 862 583 890 Καππαδοκῶν
602 861 677 893 ἔθνος
691 861 806 888 τελοῦσα
819 882 825 893 ,
845 861 892 888 νῦν

103 911 130 936 δέ
157 919 189 944 γε
215 911 248 944 τῇ
273 908 405 944 Ἀρμενίᾳ
439 910 472 943 τῇ
502 908 616 943 δευτέρᾳ
641 907 888 942 συναριθμουμένη.
908 928 928 955 Β

104 956 179 982 Ἀλλ’
191 956 241 982 οὐκ
254 954 394 990 ἀπέχρησε
407 956 463 985 τοῖς
475 955 565 981 πάντα
580 954 699 981 κυκῶσιν
717 954 734 989 ὴ
746 954 773 979 ἐν
788 952 891 989 ἐρημίᾳ

103 1003 151 1030 τοῦ
179 1002 330 1038 Θαυμασίου
354 1001 459 1028 Παύλου
483 1000 626 1037 διατριϐή·
659 1000 817 1035 πέμψαντες
837 999 891 1035 γὰρ

102 1050 153 1084 τῆς
168 1049 309 1084 μιαιφόνου
318 1047 430 1082 γνώμης
441 1047 503 1079 τοὺς
514 1047 678 1082 ὑπουργοὺς,
694 1046 773 1082 βιαίῳ
786 1046 892 1081 Θανάτῳ

104 1096 164 1132 [751
181 1095 343 1130 παρέδοσαν.
363 1095 418 1120 Καὶ
435 1094 514 1121 τοῦτο
529 1095 602 1130 ἡμᾶς
615 1093 638 1110 ⁷⁸
653 1095 667 1120 ό
682 1093 752 1125 θεῖος
773 1091 891 1124 ἐδίδαξεν

103 1140 276 1172 Ἀθανὰσιος,
292 1140 319 1166 ὲν
334 1140 367 1174 τῇ
387 1139 451 1174 περὶ
465 1140 514 1174 τῆς
534 1139 602 1170 ἰδίας
613 1139 636 1154 τ’
650 1138 738 1172 φυγῆς
759 1136 892 1172 ἀπολογίᾳ

103 1186 153 1213 καὶ
182 1185 269 1212 ταῦτα
297 1183 496 1219 προστεθεικώς
511 1194 517 1199 ·
536 1184 587 1210 Τὸν
605 1183 659 1218 γὰρ
682 1184 730 1217 τῆς
744 1183 891 1210 Κωνσταν-

102 1232 287 1263 τινουπόλεως
309 1231 414 1258 Παῦλον
429 1231 474 1257 τὸν
499 1231 648 1256 ἐπίσκοπον
666 1229 809 1261 διώξαντες
820 1249 827 1260 ,
845 1228 892 1254 καὶ

103 1279 243 1315 εὑρόντες,
267 1277 415 1314 προφανῶς
437 1277 622 1311 ἀποπνιγῆναι
643 1276 824 1310 πεποιήκασιν
838 1294 844 1306 ,
864 1274 892 1300 ὲν

103 1326 138 1360 τῇ
162 1323 296 1359 λεγομένῃ
322 1322 471 1357 Κουκουσῷ
492 1324 541 1357 τῆς
562 1321 758 1352 Καππαδοκίας
771 1341 778 1352 ,
795 1320 893 1354 δήμιον

103 1369 255 1405 ἐσχηκότες
275 1370 313 1400 εἰς
328 1368 407 1395 τοῦτο
423 1368 554 1394 Φίλιππον
571 1367 616 1393 τὸν
644 1367 788 1401 γενόμενον
803 1366 892 1402 ἐπαρ-

103 1425 153 1451 χον
166 1425 173 1432 ο
198 1413 231 1451 ἦν
247 1416 304 1451 γὰρ
325 1415 372 1441 κα)⁸
393 1415 442 1448 τῆς
462 1414 593 1450 αἱρέσεως
616 1414 705 1440 αὐτῶν
726 1413 892 1448 προστάτης,

103 1463 153 1489 καὶ
167 1462 223 1488 τῶν
238 1450 366 1496 πονήρῶν
382 1460 573 1495 βουλευμάτων
588 1459 738 1494 ὑπηρέτης.
759 1458 893 1489 Τοιαὺτας

105 1507 266 1542 μιαιφονίας
291 1508 307 1542 ἡ
326 1506 431 1542 Ἀρείου
455 1505 641 1540 βεῆλάστηκεν
663 1503 831 1538 βλασφημία.
852 1503 892 1538 Τῇ

103 1555 160 1589 γὰρ
176 1553 247 1579 κατὰ
259 1551 306 1579 τοῦ
321 1551 489 1586 Μονογενοῦς
505 1551 590 1586 λύττῃ
608 1549 751 1585 συμϐαίνει
769 1549 803 1576 τὰ
819 1549 890 1576 κατὰ

103 1599 160 1627 τῶν
173 1600 279 1626 ἐκείνου
300 1598 472 1634 θεραπόντων
490 1597 663 1631 τολμήματα.

405 1654 531 1681 ΚΕΦΑΛ.
554 1654 592 1680 Ε’.

102 1713 176 1748 Περὶ
193 1711 391 1743 Μακεδονίου,
407 1710 455 1748 καί
478 1708 533 1748 γῆς
549 1709 594 1735 ἐπ’
614 1708 706 1736 αὑτοῦ
732 1707 894 1741 συστάσης

421 1744 561 1778 αἱρέσεως
566 1764 572 1771 .

141 1793 227 1820 Ἀλλὰ
248 1791 343 1818 τοῦτον
360 1790 432 1816 οὕτω
453 1789 602 1823 θανάτῳ⁷⁶,
619 1788 717 1823 μᾶλλον
735 1787 763 1813 δὲ
783 1789 816 1822 τῇ
839 1786 894 1812 τῶν

103 1838 231 1874 οὐρανῶν
245 1835 479 1871 παραπέμψαντες
494 1833 617 1868 βασιλείᾳ
627 1853 634 1865 ,
651 1833 818 1859 Μακεδόνων
833 1832 894 1858 ἀντὶ

103 1885 203 1912 τούτου
222 1881 405 1918 προίδΰὰῧοντο
417 1900 423 1911 ,
439 1879 617 1915 ὁμογνώμονα
641 1879 734 1905 τοῦτον
745 1878 766 1894 ⁷⁷
783 1877 894 1913 ὑπειλη-

103 1930 200 1964 φότες,
220 1926 315 1961 ἐπειδὴ
339 1924 539 1960 παραπλησίως
555 1924 646 1954 αὐτοῖς
671 1923 842 1958 ἐϐλασφήμει
862 1922 893 1949 τὸ

102 1974 242 2007 πανάγιον
257 1970 379 2006 Πνεῦμα.
399 1969 480 1996 Ἀλλὰ
495 1969 591 2004 μικρὺν
607 1967 720 2003 ὕστερον
736 1968 783 1994 καὶ
798 1967 892 1994 τοῦτον

103 2020 255 2055 ἐξήλασαν,
276 2018 379 2052 κτίσμα
395 2016 484 2050 λέγειν
500 2015 550 2042 οὐκ
570 2014 764 2049 ἀνασχόμενον,
784 2013 813 2040 ὃν
829 2014 893 2040 Υἰὺν

103 2066 122 2101 ὴ
144 2065 207 2091 θεία
233 2062 431 2103 προσαγορεύει
454 2061 561 2096 Γραφή.
594 2057 631 2086 OB
656 2059 685 2086 δὲ
708 2059 788 2094 χάριν
815 2055 893 2091 οὗτος

103 2111 223 2138 ἐκείνων
237 2108 406 2145 ἀποκριθεὶς,
422 2107 488 2138 ιδίας
500 2106 631 2141 αἱρέσεως
644 2105 800 2141 προστάτης
815 2105 893 2139 γεγέ-

103 2165 199 2192 νηται,
216 2155 359 2190 ὁμοούσιον
378 2154 428 2189 μὲν
445 2153 506 2180 οὐδὲ
520 2149 596 2184 οὗτος
616 2152 655 2186 τῷ
671 2152 757 2187 Πατρὶ
771 2151 816 2177 τὸν
829 2150 892 2177 Υῑὸν

103 2200 178 2229 εἶναι
190 2201 288 2234 λέγων,
300 2201 391 2235 ὅμοιον
406 2199 434 2225 δὲ
448 2195 517 2225 εἶναι
531 2197 601 2224 κατὰ
615 2197 704 2224 πάντα
717 2196 755 2231 τῷ
766 2205 893 2231 γεγεννη-

613 177 904 208 ΕΕΕΕΕΞΙΑΞΤΙΕᾹΞ
918 176 1109 207 HISTORIA?
1124 177 1197 207 LIB.
1212 177 1241 206 ll

1676 181 1729 212 998

1112 234 1119 244 ‘
1132 232 1208 260 CA‘P.
1226 232 1270 260 IV.
1291 232 1333 268 [Β.
1351 232 1392 261 St.
1405 233 1455 260 Ch.
1472 233 1503 259 Υ.
1520 233 1559 269 5]

978 277 1018 305 De
1035 278 1120 305 Paulo
1138 278 1442 313 Constantinopolitain
1466 279 1538 307 urbis
1564 280 1694 314 episcopo.

980 347 1087 383 Etenim
1122 356 1235 384 Paulum
1268 358 1427 392 episcopum
1449 356 1732 391 Constantinopolita-

942 410 1019 434 num,
1034 407 1172 430 rectorum
1194 403 1353 437 dogmatum
1367 403 1542 430 defensorem
1570 403 1710 437 egregium
1722 422 1730 434 .

942 448 1037 475 Ariani
1056 452 1186 484 tanquam
1204 448 1328 476 conﬂata:
1353 449 1500 476 seditionis
1519 453 1660 476 auctorem
1677 448 1731 475 cri-

944 494 1040 521 minati
1054 500 1133 526 sttnt,
1150 494 1212 522 aliis
1231 495 1314 521 etiam
1331 495 1497 529 Quibusdam
1516 494 1646 529 adjectis,
1663 501 1731 528 qua-

943 539 979 566 lia
997 540 1023 566 in
1050 540 1161 574 pietatis
1176 540 1259 575 830
1275 548 1417 575 praecones
1447 540 1605 575 conﬁngere
1630 541 1730 567 solent.

943 584 995 610 Sed
1012 585 1085 610 hunc
1108 584 1251 612 Sardicatu
1273 586 1298 612 id
1323 586 1454 621 lcmporis
1475 586 1572 613 abduci
1595 586 1730 620 populus,

944 630 1165 657 adversariorum
1189 635 1313 658 metuens
1336 632 1460 663 insidias.
1479 639 1576 667 passus
1595 639 1650 658 non
1678 635 1730 658 est.

943 673 1120 702 Posttnodum
1151 683 1232 709 vero,
1262 677 1431 705 levissimum
1461 678 1635 712 imperatoris
1669 677 1732 704 ani-

944 727 1016 746 mum
1033 728 1065 748 eo
1091 721 1273 756 impcllentes,
1299 723 1367 750 urbe
1380 723 1454 758 regia
1469 723 1624 757 ejecerttnt,
1639 723 1731 749 Cucu-

944 773 1060 800 sutnque
1076 766 1243 802 relegarunt.
1259 767 1378 795 Parvum
1399 769 1426 796 id
1439 769 1570 803 oppidum
1591 773 1644 799 est,
1659 767 1732 802 Cap-

945 812 1079 846 padocum
1105 814 1169 840 olim
1197 815 1300 849 gentis,
1332 822 1406 842 nunc
1433 815 1573 842 Armenia:
1605 815 1733 843 secundae

944 857 1118 884 attributum.
1137 858 1172 884 At
1189 866 1285 893 parum
1309 858 1361 886 fuit
1377 859 1619 894 perturbatoribus
1640 867 1732 887 rerum

944 903 1079 936 omnium,
1095 903 1283 932 admirabilem
1305 904 1421 932 Paulum
1449 905 1559 932 deserta
1583 905 1732 933 solitudine

943 949 1062 976 detineri
1080 959 1086 976 :
1103 950 1149 977 sed
1166 951 1260 979 missis
1276 956 1399 979 cruentae
1410 952 1559 979 voluntatis
1576 959 1632 979 suae
1643 952 1732 978 admi-

943 995 1049 1027 nistris,
1074 995 1193 1022 violenta
1222 997 1299 1023 illum
1336 1002 1425 1023 morte
1456 997 1619 1024 aﬂ‘ecerunt.
1654 995 1731 1029 Quod

943 1041 1031 1075 ipsum
1047 1048 1098 1068 nos
1112 1040 1191 1068 docet
1211 1041 1320 1069 divinus
1340 1042 1519 1074 Athanasius,
1546 1041 1574 1068 in
1604 1042 1733 1076 apologia

944 1086 977 1113 de
990 1085 1051 1121 fuga
1068 1094 1117 1113 sua
1132 1086 1189 1114 lucc
1205 1088 1277 1115 inter
1293 1089 1346 1115 alia
1369 1089 1495 1116 scribens
1513 1097 1519 1115 :
1535 1087 1734 1115 Constantino-

944 1133 1095 1166 politanum
1112 1133 1273 1168 episcopum
1297 1133 1412 1161 Paulum
1430 1134 1580 1168 persecuti,
1605 1133 1734 1168 nactique

944 1177 1015 1212 apud
1048 1178 1198 1211 (Incusum,
1225 1185 1253 1206 ut
1278 1183 1389 1212 vocant,
1419 1179 1615 1214 Cappadociae,
1643 1179 1734 1214 palam

943 1224 1170 1258 strangulandum
1183 1229 1327 1257 curarunt,
1344 1225 1476 1252 carnilice
1491 1225 1525 1252 ad
1538 1233 1599 1252 eam
1615 1232 1673 1252 rem
1692 1224 1735 1251 usi

944 1269 1220 1304 Philippoprazl'ecto,
1238 1271 1284 1305 qui
1308 1275 1335 1298 et
1351 1271 1464 1298 haeresis
1489 1271 1612 1306 ipsorum
1633 1270 1732 1297 vindex

944 1321 975 1341 ac
987 1314 1115 1341 defensor
1129 1319 1200 1346 erat.
1223 1320 1250 1342 et
1266 1315 1394 1343 minister
1418 1322 1612 1350 perversurum
1638 1315 1732 1342 consi-

944 1359 1052 1386 liorum.
1078 1359 1144 1387 Tan
1168 1365 1298 1388 cruentas
1326 1361 1409 1396 igitur
1434 1361 1522 1388 caedes
1555 1360 1653 1387 edebat
1674 1360 1734 1388 Arii

944 1404 1125 1439 blasphemia.
1137 1404 1205 1432 Nam
1223 1405 1309 1432 furori
1326 1407 1459 1433 adversus
1474 1405 1650 1441 Unigenitum
1667 1413 1733 1433 con-

945 1453 1046 1483 gruunt
1062 1454 1087 1476 et
1110 1450 1165 1482 illa,
1181 1458 1242 1484 qua:
1267 1454 1365 1477 contra
1388 1450 1449 1485 ejus
1464 1450 1582 1478 famulos
1599 1458 1670 1479 ausu
1685 1458 1734 1478 ne-

944 1492 1017 1519 fario
1030 1496 1236 1527 perpetrantur.

1128 1635 1205 1664 CAP.
1222 1637 1256 1664 V.
1273 1637 1316 1674 [Β.
1332 1637 1374 1666 St.
1393 1638 1444 1666 Ch.
1460 1638 1493 1667 ν.
1507 1639 1547 1676 6.]

1029 1691 1067 1720 De
1079 1692 1233 1721 Macedonio
1247 1698 1271 1721 ει
1289 1695 1383 1721 Itwresi
1394 1695 1426 1722 ab
1447 1703 1477 1722 eo
1499 1695 1662 1723 introducta.

980 1782 1128 1817 Postquam
1144 1790 1209 1810 vero
1223 1784 1297 1811 hunc
1311 1785 1347 1811 ita
1364 1785 1459 1818 morti,
1477 1786 1518 1813 vel
1532 1786 1666 1814 caelorum
1682 1795 1734 1822 po-

944 1827 1002 1855 tius
1027 1835 1111 1862 regno
1136 1829 1373 1861 transmiserunt,
1403 1829 1593 1858 Macedonium
1620 1832 1648 1859 in
1673 1832 1734 1867 ejus

943 1875 1032 1902 locum
1049 1879 1241 1909 provexerunt,
1259 1883 1316 1903 sua:
1335 1876 1411 1903 illum
1439 1877 1579 1911 opinionis
1594 1885 1655 1905 esse
1668 1879 1733 1910 rati.

944 1926 1090 1956 propterea
1109 1921 1182 1956 quod
1207 1922 1236 1948 in
1254 1921 1389 1957 Spiritum
1415 1928 1541 1951 sanctqu
1566 1925 1681 1959 perinde
1703 1929 1735 1953 ut

944 1966 997 2001 ipsi
1027 1966 1107 2001 831
1138 1967 1356 2002 blasphemabat.
1386 1968 1464 1996 Sed'
1481 1977 1534 1996 non
1555 1971 1642 1997 multo
1671 1976 1735 2006 post

945 2013 1018 2039 hunc
1034 2020 1143 2047 quoque
1159 2013 1249 2048 ipsutn
1261 2018 1454 2048 extruserunt,
1478 2023 1542 2042 cum
1563 2016 1662 2044 adduci
1677 2025 1732 2044 non

944 2062 1047 2092 posset,
1065 2062 1095 2084 ut
1109 2063 1266 2086 creaturam
1279 2066 1343 2086 eum
1359 2059 1475 2093 diceret,
1492 2069 1572 2095 quem
1590 2062 1734 2096 Scriptura

944 2103 1037 2130 divina
1064 2102 1164 2130 Filium
1190 2109 1372 2139 nuncuparet.
1404 2105 1491 2138 Quam
1517 2107 1553 2133 oh
1570 2114 1682 2135 causam
1699 2109 1735 2136 ab

943 2149 983 2176 eis
998 2154 1168 2183 segregatus,
1181 2150 1299 2184 propriae
1313 2150 1365 2178 sibi
1384 2150 1499 2178 haeresis
1519 2151 1609 2179 factus
1622 2156 1666 2180 est
1684 2160 1736 2180 au-

944 2197 1013 2225 ctor,
1041 2194 1307 2221 consubstantialem
1334 2195 1446 2229 quidem
1468 2195 1542 2222 Patri
1558 2201 1585 2224 et
1605 2197 1664 2232 ipse
1687 2206 1736 2226 ne.

102 2247 167 2274 κάτι
190 2247 344 2273 διδάσκων⁸
374 2244 483 2272 κτιστὸν
506 2244 535 2270 δὲ
560 2243 590 2270 τὸ
614 2243 727 2278 Πνεῦμα
743 2241 891 2278 προφανῶς

946 2246 1010 2273 gans
1021 2238 1132 2270 Filium,
1165 2239 1211 2266 sed
1236 2239 1353 2267 similem
1370 2248 1418 2275 per
1433 2242 1525 2269 omnia
1543 2242 1666 2270 Genitori
1688 2244 1735 2271 do-

103 2293 259 2329 ὀνομάζων.
275 2292 369 2319 Ταῦτα
393 2291 440 2326 μὲν
455 2287 501 2316 οὖν
515 2289 545 2316 οὑ
570 2287 660 2324 πολλῷ
674 2289 763 2324 χρόνῳ
778 2287 892 2322 ὕστερον

103 2339 178 2366 οὕτω
191 2339 314 2374 γέγονεν,
330 2337 367 2369 ὡς
383 2337 545 2372 εἰρήκαμεν.

405 2431 529 2458 Koma.
546 2432 592 2465 ς’.

147 2491 219 2525 Περὶ
237 2491 292 2524 τῆς
311 2491 346 2517 ἐν
366 2489 493 2523 Σαρδικῇ
509 2487 671 2523 γενομένης
697 2488 841 2515 συνόδου.

138 2539 187 2569 El:
199 2537 227 2564 δὲ
241 2537 289 2572 τὴν
303 2535 437 2571 Σαρδικὴν
451 2535 618 2570 πεντήκοντα
640 2534 689 2569 μὲν
700 2535 746 2560 καὶ
759 2533 890 2560 διακόσιοι

102 2582 236 2618 συνῆλθον
251 2582 384 2616 ἀρχιερεῖς
395 2600 402 2611 ,
416 2580 453 2611 ὡς
480 2579 598 2606 διδάσκει
622 2578 656 2604 τὰ
679 2578 781 2605 παλαιὰ
795 2579 891 2613 διηγή-

103 2638 188 2665 ματα.
217 2628 343 2662 Ἀφίκετο
367 2626 395 2652 δὲ
421 2625 468 2652 καὶ
494 2626 508 2652 ὁ
537 2625 622 2660 μέγας
649 2624 826 2656 Ἀθανάσιος,
843 2623 891 2650 καὶ

108 2674 267 2709 ’Λσκληπᾶς
281 2674 296 2700 ὁ
311 2672 443 2706 Γαζαῖος,
460 2666 490 2698 οὗ
516 2670 564 2698 καὶ
594 2670 712 2706 πρόσθεν
740 2670 888 2706 ἐμνήσθην,

946 2291 1024 2316 cens,
1044 2288 1198 2311 creaturam
1213 2289 1305 2312 autem
1321 2285 1453 2320 Spiritum
1467 2291 1563 2321 aperte
1575 2288 1734 2317 nominans.

946 2332 1008 2358 Haec
1023 2331 1116 2366 igitur,
1137 2331 1173 2358 ita
1191 2336 1221 2359 ut
1241 2332 1373 2365 diximus,
1389 2341 1444 2364 non
1470 2334 1551 2370 longo
1578 2339 1640 2370 post
1664 2339 1734 2364 tem-

945 2385 1012 2413 pore
1031 2381 1106 2413 gesta
1124 2380 1197 2404 sunt.

1121 2432 1255 2462 CAP.Vl.
1272 2433 1313 2470 [Β.
1334 2433 1374 2461 St.
1392 2434 1443 2462 Ch.
1467 2435 1499 2464 ν.
1520 2435 1563 2472 1.]

1177 2490 1216 2518 De
1228 2492 1328 2526 synodo
1345 2491 1507 2521 Sardiceusi.

977 2535 1056 2570 Apud
1078 2534 1220 2563 Sardicam
1237 2544 1301 2564 vero
1318 2538 1451 2573 episcopi.
1469 2543 1498 2565 ut
1526 2539 1647 2574 antiquis
1671 2548 1733 2569 mo-

943 2581 1072 2609 nimentis
1100 2581 1236 2616 proditum
1267 2586 1319 2615 est,
1350 2583 1459 2611 ducenti
1485 2589 1512 2612 ct
1534 2585 1732 2621 quinquaginta

943 2631 1142 2654 convenerunt.
1166 2626 1267 2655 Eodem
1289 2628 1361 2656 venit
1375 2632 1402 2656 et
1420 2637 1537 2665 magnus
1551 2630 1730 2665 Athanasius,

943 2676 970 2700 et
985 2673 1117 2708 Asclepas
1138 2672 1262 2708 Gazaeus,
1277 2674 1358 2710 cujus
1374 2679 1453 2702 antea
1475 2676 1600 2712 utemini,
1612 2681 1639 2704 et
1658 2677 1730 2704 Mar-

755 2760 873 2789 VARUE
892 2761 1091 2791 LECTIONES.

136 2813 158 2829 ”
175 2811 434 2848 προκινδυνεύονται
446 2808 530 2848 βθείι.
551 2808 638 2848 Graec:

103 2845 225 2883 Steph;
251 2846 401 2883 "_olx_elag.
416 2845 509 2883 Iidem.

104 2879 192 2910 urbth
210 2881 306 2916 Steph.
323 2881 341 2908 2
369 2884 396 2909 et
421 2879 539 2908 Casaub.

691 2809 712 2825 ⁷³
727 2809 949 2846 εἶέῦθασι.-Βθξῇ1.
972 2809 1019 2838 Gr.
1039 2815 1066 2838 et
1090 2810 1220 2846 Stephan.

572 2844 595 2860 7°
605 2844 644 2879 τῷ
657 2844 716 2871 Oct-1.
742 2844 825 2873 Basil.
843 2843 891 2872 Gr.
912 2845 1007 2880 Steph.

1265 2813 1288 2849 7⁸
1298 2814 1367 2849 ὑμᾶς
1387 2814 1484 2843 vitiose
1514 2815 1576 2843 Bas.
1598 2815 1683 2843 Gram.
1701 2818 1729 2843 et

1057 2846 1079 2863 "
1096 2847 1197 2875 τούτων
1211 2848 1294 2877 Basil.
1311 2846 1358 2877 Cr.
1379 2849 1472 2886 Steph.
1501 2851 1526 2878 l.
1554 2850 1606 2879 Sed
1625 2849 1728 2879 τούτων
