1987 3118
232 170 284 200 983

720 175 963 208 ΤὶἰΕΟΒΟΒΕΤΙ
975 178 1145 209 EPISCOPI
1162 179 1344 211 CYRENSIS

1812 182 1868 215 984

232 229 377 254 currentes
395 226 500 259 hortor.
524 232 552 255 ut
575 228 681 264 abjeeta
698 233 773 259 otnni
793 234 969 263 cunctatione
995 235 1021 263 in

1075 237 1157 272 ὑμᾶς,
1174 236 1204 263 τὸ
1216 236 1264 263 τοῦ
1276 237 1367 271 λόγου,
1382 237 1583 274 προ-τρέπομαι,
1594 239 1682 276 χωρίς
1694 249 1769 273 τινος
1785 241 1870 277 ὑπερ-

234 278 317 298 unum
345 273 527 306 conveniatis,
551 276 741 312 synodumque
757 278 912 312 celebretis,
927 280 962 308 iis
977 281 1023 316 qui

216 312 219 318 ’
232 317 336 346 auxilio
353 318 475 354 indigent
487 321 671 355 opitulemini,
691 322 880 353 laborantibus
891 312 1024 354 fratribus

232 363 414 396 subveniatis.
427 365 561 394 distracta
578 369 699 396 membra
726 371 760 397 ad
788 373 965 401 concordiam
982 382 1024 402 re—

233 408 348 442 vocetis,
364 416 454 438 errata
477 412 541 439 dum
569 417 676 449 tempus
702 417 805 450 patitur
823 418 979 453 corrigatis,
995 423 1024 446 ut

233 458 274 482 tot
300 456 438 492 tantisque
464 459 616 493 provinciis
646 467 844 498 congruentem
869 466 1023 494 animorum

233 502 444 531 consensionem
460 503 591 537 reddatis,
615 514 695 541 quam
714 515 875 542 paucorum,
893 510 960 545 proh
973 519 1023 539 ne-

233 547 276 576 fas
289 549 294 575 l
315 549 456 578 hominum
468 552 595 586 superbia
611 553 766 589 dissipavit.
780 555 837 584 Hoc
849 562 941 585 autem
957 559 1024 594 quin

233 596 260 619 et
289 593 345 621 Deo
377 596 460 631 817
489 598 680 626 universorum
708 599 824 629 Domino
850 593 974 638 gratum,
997 609 1024 632 et

234 640 311 668 nobis
324 641 403 677 longe
415 644 632 678 optatissimum,
651 650 678 673 et
695 646 774 675 vobis
797 647 875 683 ipsis,
890 650 913 676 si
929 657 1022 684 pacem

234 687 422 720 restitueritis,
436 697 488 717 non
501 691 606 726 vulgari
622 691 717 726 gloriae
730 693 828 721 merito
842 694 965 722 futurum
977 696 1022 729 sit,

234 732 371 761 neminem
383 738 448 769 puto
456 743 519 763 esse
532 737 689 764 mortalium
702 739 748 772 qui
758 739 1022 770 reclamet.Proinde

234 785 268 805 ne
299 779 417 814 amplius
449 783 615 810 cunctemiui
643 794 650 810 :
672 785 720 812 scd
746 785 852 813 intento
868 787 924 822 jam
950 796 1023 816 nunc

233 824 325 852 studio
350 825 413 854 date
435 835 556 863 operam,
579 834 609 856 ut
640 838 700 865 qua:
730 832 834 860 instant
862 835 1023 870 congruenti

233 871 308 899 exitu
335 874 499 906 terminetis,
526 883 588 903 eum
619 878 692 904 omni
730 879 889 908 sinceritate
914 889 945 908 ac
972 882 1024 910 ﬁde

233 920 374 949 coeuntes,
390 926 472 954 quam
489 921 590 955 passim
616 921 747 950 Servator
772 924 828 957 ille,
854 933 934 960 quem
955 927 1024 954 coli-

234 970 304 995 mus,
320 967 426 992 tantum
451 974 506 994 non
527 967 599 994 edita
625 976 693 996 voce
712 977 727 996 a
746 971 826 999 nobis
851 972 1023 1006 potissimum

233 1008 374 1044 cﬂlagilat.
386 1011 425 1038 Ad
437 1020 479 1039 me
491 1021 566 1045 vero,
580 1014 836 1051 providentiamque
850 1025 936 1045 meam
949 1019 1022 1053 quod

234 1055 345 1088 attinet,
363 1056 432 1084 nihil
446 1058 661 1087 desiderabitur.
679 1060 745 1094 Qua!
758 1069 806 1097 per
823 1063 928 1090 litteras
938 1064 1024 1098 signi-

235 1098 351 1133 ticaslis,
370 1102 462 1129 omnia
488 1104 604 1138 explevi.
626 1104 731 1140 Scripsi
759 1107 897 1143 episcopis
923 1109 1023 1144 quibus

233 1146 370 1181 voluistis,
382 1152 412 1176 ut
424 1148 526 1181 adsint,
540 1155 566 1178 et
582 1151 608 1178 in
621 1156 726 1186 partem
740 1160 868 1180 curarum
882 1155 1022 1182 vobiscum

233 1193 356 1221 veniant.
372 1193 432 1223 Misi
452 1196 534 1223 etiam
555 1196 713 1233 Dionysium
740 1200 961 1233 exconsularcm,
977 1202 1023 1237 qui

233 1242 261 1265 et
290 1239 434 1274 episcopos
460 1249 530 1276 quos
568 1243 601 1270 ad
629 1244 763 1278 synodum
792 1246 888 1273 venire
916 1252 1023 1282 oportet

233 1283 471 1317 eommonefaciat,
499 1291 526 1314 et
551 1296 646 1316 eorum
672 1297 732 1324 quas
756 1296 898 1326 gerentur,
928 1293 1023 1328 impri-

235 1326 341 1362 misque
367 1330 434 1356 recti
462 1331 567 1359 ordinis
592 1333 750 1362 moderator
776 1335 898 1364 assistat.
916 1326 1023 1373 Siquis

233 1372 317 1405 enim,
337 1373 410 1408 quod
438 1375 551 1403 minime
573 1377 711 1412 suspicor,
726 1379 879 1413 jussionem
899 1372 1022 1410 nostram

232 1417 314 1445 etiam
345 1427 418 1447 nunc
447 1421 560 1456 rcjicere
588 1424 712 1458 studens,
731 1426 828 1454 adesse
844 1428 852 1438 ‘
876 1429 1021 1463 recusarit,

234 1464 298 1491 hinc
318 1471 333 1491 a
352 1466 431 1493 nobis
446 1467 579 1502 mittetur,
595 1470 641 1504 qui
654 1469 688 1498 de
699 1478 748 1498 suo
759 1471 834 1499 illum
848 1474 933 1508 gradu
946 1482 1023 1502 man-

233 1509 297 1535 dato
312 1514 408 1538 nostro
422 1511 543 1545 dejiciat.
555 1513 706 1550 doceatque
719 1516 892 1551 imperatoris
903 1518 1022 1547 decretis

1076 282 1176 315 θέσεως
1202 285 1242 315 εῑς
1267 283 1351 310 ταὺτὸ
1373 284 1548 320 συνδραμεῖν,
1572 286 1620 312 καὶ
1646 286 1794 322 πληρῶσαι
1818 287 1870 321 τὴν

1076 327 1196 360 σύνοδον,
1213 327 1354 363 ἐπαμῦναι
1371 330 1429 360 τοϊς
1447 329 1595 365 χρῄζουσιν
1614 332 1791 368 ἐπικουρίας,
1806 334 1871 364 τοὺς

1075 372 1206 408 ἀδελφοὺς
1235 373 1378 409 ἰατρεῦσαι
1405 374 1611 407 κινδυνεύοντας
1632 378 1652 409 ³,
1673 378 1713 408 εἰς
1742 378 1870 412 ὁμόνοιαν

1075 419 1260 453 ἐπαναγαγεῖν
1276 419 1333 455 [62]
1351 420 1386 447 τὰ
1401 412 1541 448 ’διεστῶτα
1560 422 1615 448 τῶν
1636 422 1738 457 μελῶν,
1754 423 1870 459 διορθώ-

1076 465 1174 492 σασθαι
1194 466 1229 493 τὰ
1245 466 1481 503 πλημμελούμενα
1498 468 1536 500 ὡς
1553 468 1563 484 ³
1582 470 1680 504 καιρὸς
1706 470 1868 504 ἐπιτρέπει·

1076 511 1120 538 ἵνα
1135 513 1197 544 ταῖς
1221 513 1367 544 τοσαύταις
1384 514 1531 549 ἐπαρχίαις
1547 515 1596 550 τὴν
1618 515 1781 550 πρέπουσαν
1803 517 1870 543 ἀποο

1075 557 1142 584 δῶτε
1165 559 1335 594 συμφωνίαν,
1347 559 1391 595 ἣν,
1415 559 1466 593 φεῦ
1491 560 1541 595 τῆς
1562 561 1698 593 ἀτοπίαςῖ
1717 561 1870 596 ἐλαχίστων

1075 603 1229 639 ἀνθρώπων
1257 604 1399 632 ἀπώλεσεν
1425 606 1571 642 ὑπεροψία.
1585 607 1647 634 Ὀτι
1668 607 1697 634 δὲ
1721 607 1806 634 τοῦτο
1824 609 1870 634 καὶ

1075 648 1113 684 τῷ
1125 649 1248 686 Δεσπότῃ
1263 649 1319 677 τῶν
1336 651 1404 678 ὅλων
1419 651 1479 686 Θεῷ
1496 652 1574 678 ἐστιν
1590 652 1716 688 ἄρεστον,
1739 653 1788 679 καὶ
1805 653 1870 688 ἡμῖν

1075 695 1166 730 πάσης
1189 695 1273 731 εὐχῆς
1289 696 1450 732 ὑπέρτερον,
1475 698 1521 724 καὶ
1539 697 1603 733 ὑμῖν
1629 698 1723 730 αὺτοῖς
1737 718 1745 730 ,
1771 699 1819 725 ἐάν
1839 708 1869 732 γε

1074 741 1125 776 τὴν
1149 742 1263 778 εἰρήνην
1287 743 1496 777 ἀνακαλέσησθε
1509 745 1530 775 ⁵,
1550 744 1581 770 οὺ
1605 744 1656 780 τῆς
1677 753 1709 777 γε
1733 745 1870 780 τυχούσης

1075 787 1150 820 ἄξιον
1178 788 1316 822 εὐδοξίας,
1341 789 1465 821 ἅπαντας
1485 789 1646 825 ἀνθρώπους
1676 791 1869 826 συνομολογεξν

1075 833 1205 869 ἠγοῦμαι.
1215 835 1260 870 Μὴ
1273 834 1364 861 τοίνυν
1377 835 1488 870 μέλλετε
1501 835 1605 868 λοιπὸν,
1615 836 1672 863 ἀλλ’
1683 837 1870 868 ἐπιτείναντες

1075 880 1200 907 ἐντεῦθεν
1216 880 1265 916 ἤδη
1285 881 1319 907 τὰ
1336 881 1387 916 τῆς
1412 881 1576 916 προθυμίας,
1598 882 1654 913 τοῖς
1674 882 1869 917 προκειμένας

1075 926 1137 961 ὅρον
1153 926 1286 953 ἐπιθεῖναι
1305 927 1475 954 σπουδάσατε
1501 927 1548 954 τὸν
1569 928 1762 963 προσήκοντα,
1793 929 1862 963 μετά

1076 971 1166 1007 πάσης
1188 972 1361 1008 είλικρινείας
1375 973 1385 989 ⁸
1401 973 1501 1009 δηλαδὴ
1525 973 1572 1000 καὶ
1591 973 1711 1006 πίστεως
1729 974 1869 1001 συνελθόν-

1075 1026 1130 1049 τες,
1145 1018 1178 1052 ἣν
1195 1017 1348 1053 ἑκασταχοῦ
1367 1019 1509 1054 μονονουχὶ
1525 1020 1618 1054 φωνὴν
1634 1020 1727 1054 ἀφιεὶς
1741 1020 1754 1046 ὁ
1772 1021 1867 1056 Σωτὴρ

1075 1063 1188 1095 ἐκεῖνος,
1202 1060 1224 1097 ᾧ
1239 1063 1419 1099 λατρεύομεν,
1433 1065 1546 1091 ἀπαιτεῖ
1558 1062 1685 1100 μῗὰλιστα.
1702 1066 1775 1101 Παρ¹
1791 1065 1867 1101 ἡμῶν

1074 1107 1102 1134 δέ
1119 1107 1195 1134 οὐδὲν
1218 1107 1272 1134 τῶν
1292 1109 1332 1139 είς
1355 1108 1405 1143 τὴν
1423 1108 1492 1143 ἐμὴν
1516 1107 1661 1135 εὐλάϐειαν
1684 1109 1810 1144 ἡκόντων
1827 1110 1868 1135 ἐν-

1073 1152 1175 1187 δεήσει.
1193 1153 1287 1180 Πάντα
1303 1161 1347 1188 μοι
1364 1153 1523 1188 πέπρακται
1537 1153 1588 1180 ὅσα
1602 1153 1758 1188 γράφοντες
1770 1153 1867 1188 ἐδηλὼ-

1075 1206 1150 1225 σατε.
1178 1199 1359 1226 Ἐπέστειλαθ
1379 1199 1448 1235 πρὸς
1472 1198 1520 1231 οὓς
1544 1198 1710 1234 ἐϐουλήθητε
1734 1199 1789 1226 τῶν
1811 1200 1867 1226 ἐπι-

1075 1245 1194 1277 σκόπων,
1210 1245 1254 1271 ἵνα
1269 1245 1487 1281 παραγενόμενοι
1511 1245 1714 1280 κοινωνήσουσιν
1735 1245 1801 1280 ὑμῖν
1813 1245 1866 1271 τῶν

1074 1291 1293 1326 φροντισμάτων.
1308 1289 1471 1317 Ἀπέστειλα
1490 1291 1628 1317 Διονύσιον
1641 1291 1687 1317 τὸν
1703 1291 1759 1318 ἀπὸ
1776 1291 1866 1317 ὑπατι-

1074 1336 1140 1367 κῶν,
1158 1335 1188 1367 ὃς
1202 1336 1249 1362 καὶ
1263 1336 1326 1367 τοὺς
1346 1335 1503 1369 ὀφείλοντας
1520 1336 1560 1366 εἰς
1573 1335 1622 1371 τὴν
1648 1335 1759 1362 σύνοδον
1777 1335 1865 1369 ἀφικέ-

1075 1381 1135 1408 σθαι
1159 1381 1219 1416 μεθ⁹
1234 1381 1311 1416 ὑμῶν
1327 1381 1493 1416 ὑπομνήσει,
1511 1381 1558 1408 καὶΙ
1581 1381 1637 1408 τῶν
1655 1382 1862 1417 πραττομένων,

1074 1427 1221 1463 ἐξαιρέτως
1244 1427 1273 1454 δὲ
1294 1427 1343 1462 τῆς
1367 1427 1495 1459 εὐταξίας
1519 1427 1696 1458 κατάσκοπος
1718 1427 1862 1462 παρέσται.

1080 1472 1142 1498 Ἐὰν
1162 1473 1216 1508 γάρ
1234 1481 1286 1505 τις,
1310 1473 1348 1504 ὡς
1371 1472 1460 1506 ἔγωγε
1479 1473 1529 1499 οὐκ
1554 1471 1642 1508 οἶμαι,
1659 1472 1710 1508 τὴν
1728 1473 1864 1508 ἡμετέραν

1073 1517 1198 1544 κέλευσιν
1222 1517 1269 1544 καὶ
1298 1518 1345 1544 νῦν
1369 1517 1582 1553 διακρούσασθαι
1612 1517 1805 1553 πειρώμενος,
1829 1517 1865 1553 μὴ

233 1561 282 1586 pro
297 1555 410 1583 veritate
423 1557 505 1585 editis
523 1559 650 1586 reluctari
670 1560 747 1589 uetus
767 1570 839 1590 esse.
859 1563 1021 1593 Sanctitatis

1074 1563 1191 1599 βουληθῇ
1211 1563 1426 1599 παραγενέσθαι,
1444 1563 1569 1591 ἐντεῦθεν
1592 1565 1658 1600 παρ’
1677 1564 1757 1599 ὴμῶν
1775 1564 1785 1579 ⁷
1805 1564 1865 1591 ἀπο-

231 1603 330 1627 vestrze
347 1600 379 1628 de
397 1606 496 1630 caetero
515 1609 605 1638 partes
625 1611 717 1638 erunt,
746 1611 775 1634 ut
801 1609 931 1637 concordi
951 1610 1022 1644 judi-

231 1645 285 1678 cio,
298 1647 370 1681 quod
395 1655 445 1675 nec
463 1649 526 1677 odio
549 1651 660 1687 serviat,
680 1661 729 1680 nec
745 1655 848 1689 gratim,
865 1655 912 1688 sed
933 1657 1022 1684 eccle-

231 1691 371 1719 siasticam
388 1694 472 1729 818
487 1700 513 1722 et
530 1697 708 1731 apostolicam
726 1700 847 1734 regulam
877 1706 1020 1737 sequatur,

231 1739 364 1775 quidquid
381 1746 521 1776 peccatum
534 1748 586 1777 est,
603 1748 649 1772 aut
665 1754 712 1780 per
720 1754 843 1775 errorem
858 1749 1019 1783 admissum,

231 1792 386 1821 congruens
406 1789 556 1816 remedium
580 1791 742 1825 exquiratis.
767 1791 802 1819 Ut
824 1797 851 1820 et
868 1793 1019 1823 Ecclesiam

231 1831 304 1858 omni
323 1831 493 1867 blasphemia
513 1834 645 1868 liberetis,
660 1840 686 1863 et
702 1837 914 1866 sollicitudinem
933 1847 1020 1868 meam

230 1877 369 1911 relevetis,
392 1879 523 1914 pacisque
549 1881 711 1909 beneficium
731 1883 765 1910 iis
788 1884 834 1918 qui
852 1892 924 1912 nunc
938 1885 1021 1914 dissi-

230 1922 296 1951 dent
319 1924 507 1957 restituentes,
532 1926 646 1960 gloriam
674 1929 752 1956 vobis
778 1928 845 1964 ipsis
872 1931 1018 1959 maximam

230 1973 407 2007 comparetis.
419 1972 490 2000 Deus
501 1981 549 2000 vos
561 1979 714 2007 conservet,
725 1975 823 2003 fratres
835 1976 1017 2005 dilectissimi.

230 2015 333 2052 Tyrum
351 2017 434 2051 igitur
464 2017 516 2045 hoc
541 2019 623 2046 modo
650 2020 852 2049 conﬂuentibus
869 2023 1018 2058 episcopis,

229 2065 364 2088 venerunt
379 2062 460 2088 etiam
486 2064 610 2091 nonnulli
632 2072 721 2099 prava:
744 2065 878 2094 doctrinae
904 2067 1020 2096 insimu-

231 2106 287 2139 lati,
301 2115 416 2141 quorum
437 2115 453 2135 e
469 2116 584 2136 numero
598 2109 648 2137 fuit
670 2111 800 2146 Asclepas
822 2112 946 2141 Gazzeus.
964 2113 1018 2142 Ve-

229 2153 309 2180 nitet
327 2153 506 2183 admirandus
525 2157 701 2185 Athanasius.
720 2158 798 2186 Libet
820 2164 911 2187 autem
933 2168 1017 2188 accu-

229 2199 345 2228 sationis
361 2201 437 2236 prius
449 2209 585 2237 exponere
598 2203 760 2238 tragccdiam
775 2214 782 2232 :
799 2208 856 2233 tum
870 2213 902 2233 ea
919 2206 1018 2234 deinde

229 2253 289 2279 qua:
305 2246 332 2273 in
346 2246 453 2275 famoso
465 2248 569 2283 judicio
583 2249 769 2284 contigerunt.

1075 1611 1249 1645 σταλήσεται,
1271 1611 1300 1642 ὃς
1321 1611 1352 1638 ἐκ
1377 1610 1517 1646 βασιλικοῦ
1545 1612 1761 1646 προστάγματος
1785 1612 1865 1638 αὑτὸν

1073 1655 1206 1689 ἐκὸαλὼν,
1227 1657 1264 1689 ὡς
1276 1657 1306 1683 οὺ
1323 1657 1462 1692 προσῆκεν
1484 1657 1557 1691 ὅροις
1571 1657 1775 1692 αὐτοκράτορος
1797 1657 1865 1691 ὑπὲρ

1072 1703 1122 1738 τῆς
1135 1703 1145 1718 ⁸
1161 1703 1290 1737 ἀληθείας
1307 1703 1488 1737 ἐξενεχθεῖσιν
1506 1702 1666 1729 ἀντιτείνειν
1681 1702 1795 1734 διδάξει.
1809 1703 1866 1729 Aet-

1073 1747 1123 1774 πὸν
1137 1746 1213 1774 ἔσται
1224 1747 1273 1781 τῆς
1283 1747 1421 1782 ὑμετέρας
1432 1747 1572 1782 ὁσιότητος
1587 1747 1678 1782 ἔργον,
1694 1747 1864 1782 ὁμογνώμονι

1072 1793 1172 1828 κρίσει,
1187 1793 1256 1828 μήτε
1271 1793 1340 1828 πρὸς
1351 1793 1510 1828 ἀπέχθειαν,
1528 1794 1597 1828 μήτε
1613 1793 1683 1828 πρὸς
1697 1793 1791 1828 χάριν,
1806 1794 1863 1819 ἀκο-

1071 1838 1174 1870 λούθως
1187 1847 1216 1865 τε
1232 1837 1270 1873 τῷ
1287 1838 1508 1874 ἐκκλησιαστικῷ
1517 1839 1564 1865 καὶ
1575 1839 1749 1874 ἀποστολικῷ
1761 1839 1861 1870 κανόνι,

1071 1885 1129 1916 τοῖς
1148 1884 1402 1924 πλημμιεληθεϊσινι
1412 1884 1462 1911 εἴτ’
1477 1883 1524 1911 οὖν
1540 1884 1612 1912 κατὰ
1629 1885 1743 1920 σφάλμα
1765 1885 1861 1920 συμϐε-

1072 1930 1178 1965 ϐηκόσι,
1196 1930 1244 1966 τὴν
1262 1930 1451 1966 ἁρμόττουσαν
1464 1931 1613 1966 Θεραπειαν
1629 1931 1786 1965 ἐπινοῆσαι.
1806 1931 1860 1957 "iv:

1071 1977 1117 2003 καὶ
1143 1977 1233 2012 πάσης
1249 1977 1423 2012 βλασφημίας
1445 1976 1647 2013 ἐλευθερώσητε
1670 1977 1722 2013 τὴν
1753 1977 1860 2012 Ἐκκλη-

1072 2022 1144 2055 σίαν,
1170 2024 1216 2049 καὶ
1234 2023 1282 2054 τὰς
1306 2023 1376 2058 ἐμὰς
1393 2024 1402 2039 ³
1420 2012 1618 2058 ὲπικουῗρίσητε
1634 2023 1792 2058 φροντίδας,
1817 2023 1860 2049 καὶ

1070 2069 1119 2104 τὴν
1130 2069 1179 2104 τῆς
1192 2070 1303 2105 εἰρήνης
1315 2069 1395 2104 χάριν
1414 2071 1470 2101 τοῖς
1490 2069 1537 2095 νῦν
1555 2069 1783 2104 στασιαξομένοις
1797 2070 1859 2096 ἀπο-

1069 2115 1169 2147 δόντες,
1189 2116 1321 2151 μεγίστην
1339 2115 1462 2142 εὔκλειαν
1479 2116 1542 2150 ὑμῖν
1555 2116 1648 2147 αὐτοῖς
1663 2116 1857 2151 προξενήσητε.

1075 2161 1104 2187 Ὁ
1120 2161 1186 2194 Θεὸς
1205 2162 1277 2196 ὑμᾶς
1291 2161 1477 2195 διαφυλάττοι,
1491 2161 1602 2195 ἀδελφοὶ
1617 2161 1768 2196 ἀγαπητοί.
1785 2161 1858 2188 Οὕτω

1069 2206 1101 2241 δὴ
1119 2206 1173 2233 τῶν
1190 2207 1349 2233 ἐπισκόπων
1360 2208 1400 2238 εἰς
1417 2207 1466 2242 τὴν
1477 2207 1564 2242 Τύρον
1580 2207 1816 2233 συναυλισθέντων
1828 2207 1857 2238 ’⁸,

1033 2248 1055 2275 Ῑ)
1069 2252 1198 2286 ἀφίκοντο
1214 2252 1263 2287 μὲν
1277 2253 1324 2279 καὶ
1339 2252 1415 2279 ἄλλοι
1427 2252 1498 2284 τινὲς
1513 2253 1659 2287 δογμάτων
1671 2253 1823 2287 διαφθορὰν
1839 2253 1856 2267 ’ί

228 2293 436 2329 ἐγκαλούμενοι,
452 2292 489 2322 ὧν
512 2294 553 2327 εἷς
574 2293 608 2330 ἦν
625 2297 672 2323 καὶ
688 2297 847 2333 Ἀσκληπᾶς
861 2300 874 2326 ὁ
889 2299 1013 2332 Γαζαῖος.
1036 2299 1163 2334 Ἀφίκετο
1175 2300 1202 2326 δὲ
1220 2301 1267 2327 καὶ
1281 2300 1439 2332 Ἀθανάσιος
1464 2301 1478 2327 ὁ
1500 2300 1651 2335 Θαυμάσιος
1671 2302 1703 2328 ¹²,
1727 2301 1858 2335 Βούλομαι

227 2340 256 2366 δὲ
275 2340 382 2376 πρῶτον
408 2341 458 2376 τὴν
481 2341 532 2376 τῆς
557 2343 725 2378 κατηγορίας
749 2343 933 2379 διηγήσασθαι
952 2347 1117 2382 τραγῳδίαν,
1133 2344 1182 2373 εἷθ’
1202 2345 1290 2379 οὕτως
1305 2346 1517 2382 συγγράψασθαι
1544 2347 1565 2362 ¹³
1595 2347 1629 2373 τὰ
1655 2347 1727 2373 κατὰ
1763 2347 1793 2373 τὸ
1817 2355 1858 2372 πο-

227 2385 409 2421 λυθρύλλητον
420 2387 602 2422 δικαστήριον.

356 2432 432 2460 CAP.
453 2432 572 2461 XXVIII.
591 2434 632 2464 [Β.
655 2435 695 2461 St.
712 2435 762 2462 Ch.
779 2435 808 2462 V.
826 2436 884 2472 50.]

421 2478 459 2505 De
473 2480 585 2506 concilio
603 2480 667 2516 Tyri
682 2481 821 2509 celebralo.

262 2524 396 2552 Arseuius
416 2525 526 2560 quidam
549 2530 618 2559 erat,
641 2526 789 2555 Meletianze
813 2529 1015 2556 communionis

1314 2436 1371 2473 [σε]
1393 2437 1518 2463 ΚΕΦΛΛ.
1540 2437 1607 2463 KH'.

1135 2483 1202 2517 Περὶ
1218 2483 1273 2517 τῆς
1284 2483 1318 2510 ἐν
1336 2484 1416 2517 Τύρῳ
1431 2483 1631 2519 τεγενημὲνης
1644 2483 1792 2510 συνόδου.

1110 2529 1247 2564 Ἀρσένιός
1261 2538 1303 2562 τις
1316 2530 1370 2557 τῶν
1381 2530 1512 2557 Μελετίου
1529 2530 1696 2557 κοινωνικῶν
1710 2530 1856 2561 ἐπίσκοπος

883 2573 999 2601 νΑιιΙίΕ
1020 2573 1218 2602 LECTIONES.

264 2618 274 2632 ’
289 2617 525 2657 κινδυνεύσαντας.
542 2618 689 2657 Basil._Gr._
702 2623 728 2646 et
740 2619 798 2657 Lat.
839 2621 849 2635 ³
863 2619 1098 2657 ἕ-ωςτϐιιιπίειοῃιι.
1114 2625 1141 2648 et
1155 2621 1258 2649 Euseb.
1278 2622 1324 2657 qui
1339 2621 1409 2649 hanc
1420 2622 1501 2657 epist.
1521 2622 1603 2650 habet
1623 2622 1660 2649 De
1682 2623 1737 2649 vita
1763 2623 1854 2650 Const.

227 2651 332 2699 IV.'4‘2.
369 2653 591 2699 ζγὲπικαλέσῃῇθε
617 2655 750 2699 Stephan:
788 2651 968 2699 [προθυμίας
998 2651 1169 2699 ριιιιῆειορὴ..
1200 2657 1276 2699 "ita
1287 2651 1468 2699 rescribendo

226 2687 360 2726 probante
374 2686 483 2726 Valesio
500 2686 720 2726 ad;EtIsebii'cit,
739 2690 790 2718 loc.
808 2686 972 2726 Si'rmondus
992 2686 1139 2718 ἀπέστειλα
1164 2691 1289 2725 habebat,
1307 2693 1378 2726 quod
1393 2696 1434 2720 est
1464 2693 1490 2719 in
1508 2693 1601 2726 Steph.

1214 2657 1223 2672 ‘
1239 2657 1276 2683 lta
1290 2658 1495 2685 rescribendum
1515 2666 1530 2684 e
1547 2658 1630 2685 Basil.
1647 2657 1736 2684 Gneo.
1754 2663 1782 2685 et
1797 2658 1852 2684 Lat.

1214 2692 1289 2725 iebat,
1307 2693 1378 2726 quod
1393 2696 1434 2720 est
1464 2693 1490 2719 in
1508 2693 1601 2726 Steph.
1646 2693 1656 2708 "
1672 2692 1711 2719 Ita
1728 2694 1852 2727 rescripsi

226 2722 462 2763 einn'tlhristoph:
481 2727 523 2763 (ει⁵
535 2723 698 2763 Scaligero,_
713 2725 831 2763 itemque
859 2725 1110 2763 Valesiifditione.
1133 2722 1299 2763 Sirmpndus
1308 2722 1369 2754 cum
1387 2727 1469 2755 Basil.
1489 2731 1516 2763 et
1532 2722 1626 2762 Steph.
1650 2727 1769 2754 habebat
1781 2722 1852 2763 ﬁniti.

227 2756 236 2770 "
256 2757 319 2791 περὶ
333 2758 381 2794 τῇς
394 2756 474 2794 ἀληο.
492 2756 655 2794 ἐξενεχοεῗσι
670 2761 707 2794 μὴ
721 2756 889 2787 ἀντιτείνειν.
911 2761 948 2788 Ita
965 2761 1048 2789 Basil.
1059 2761 1146 2789 Grzec.
1165 2766 1192 2788 et
1205 2761 1265 2788 Lat.

227 2793 329 2830 phan.__
347 2793 357 2808 ‘
372 2792 422 2830 τάς
433 2792 795 2830 ἐμαυτοῦ.’Πνιθι-ᾳίιοῧιιείι.

226 2826 255 2853 ιιι
271 2826 364 2855 codice
379 2826 469 2856 Allatii
481 2835 539 2856 erat
556 2838 562 2856 :
577 2826 687 2856 οὖτω’δ

1284 2762 1377 2798 Quoad
1407 2763 1472 2789 illud
1487 2762 1523 2798 μὴ
1534 2763 1620 2798 ἀντιτ.
1637 2764 1778 2790 consentit
1791 2762 1852 2790 Ste-

843 2796 864 2811 ¹⁰
885 2796 1238 2838 συναθροισθέντωνῖκῐξοδὶι.
1254 2797 1302 2825 Gr.
1319 2802 1346 2824 et
1362 2797 1421 2838 Insat.
1440 2796 1671 2838 EuVaXLcOéwva
1686 2798 1851 2838 Stephanus.

688 2829 705 2864 ὴ
725 2830 779 2857 τῶν
795 2831 952 2858 ἐπισκόπων
968 2829 1035 2865 πρὸς
1051 2832 1114 2863 τοὺς
1130 2832 1261 2866 ἐξήκοντα
1278 2832 1473 2866 συναχθέντων,
1491 2841 1506 2860 e
1521 2832 1642 2860 Socratis
1655 2829 1852 2866 Sozomenique

229 2862 386 2903 narratione
405 2863 584 2903 suppletum.
615 2862 704 2903 _”§t_di
713 2866 830 2903 φθοράν.
864 2862 1068 2902 ϋιιτὶειορῖιοι-ε.
1092 2862 1227 2903 Διαερόράν
1243 2862 1384 2896 ΒλείΙ.(Ϊι·.
1425 2869 1443 2884 ¹¹
1461 2862 1475 2895 ὁ
1490 2867 1571 2903 θαυμ.
1596 2868 1686 2895 Ἄϐαι),
1711 2868 1791 2896 Basil.
1808 2862 1850 2896 Cr.

229 2900 255 2923 ct
271 2897 365 2934 Steph.
405 2898 425 2914 ¹³
442 2897 604 2934 συγγράψαι.
615 2899 696 2929 Basil.
710 2897 757 2928 Gr.
