1987 3118
125 177 178 208 935

644 177 940 208 ECCLESIASTICE
955 180 1144 211 HISTORI/E
1158 183 1231 213 LIB.
1248 184 1261 212 Ι

1705 190 1756 221 986

127 228 170 266 ἦν.
182 229 282 257 Τοῦτον
296 229 321 256 οἱ
332 230 382 264 τῆς
393 229 499 257 ἐκείνου
513 230 667 265 συμμορίας
680 230 916 265 κατακρύψαντες,

971 233 1122 269 episoopus.
1137 234 1214 263 llunc
1235 236 1358 271 ejusdem
1378 233 1648 271 l‘actionishomiues
1665 249 1758 272 occul-

127 275 218 303 λαθεῖν
243 274 291 302 ἐπὶ
307 275 430 301 πλεῖστον
445 275 468 290 ¹δ
487 275 616 313 ἠξίωσαν.
637 272 704 302 Εἶτα
726 277 805 310 χεῖρα
827 275 916 308 δεξιὰν

127 322 182 349 ἀπό
195 330 267 354 τινος
297 321 423 357 σώματος
443 321 604 357 ἐκτεμόντες
624 322 734 357 νεκροῦ,
751 322 798 348 καὶ
813 323 916 358 ταύτην

127 368 156 393 ἐν
167 367 282 402 λάρνακι
300 366 391 403 ξυλίνῃ
406 367 638 402 τεταριχευμένην
652 367 786 399 ἐνθέντες,
798 368 916 395 πάντοσε

127 413 302 449 περιέφερον,
321 413 546 448 κατατετμῆσθαι
566 413 692 447 λέγοντες
710 413 755 439 τὸν
767 414 916 449 Ἀρσένιον,

127 459 175 486 καὶ
191 459 332 494 μιαιφόνον
349 459 550 490 ἀποκαλοῦντες
567 458 613 485 τὸν
625 459 796 486 Ἀθανάσιον.
820 459 889 486 Ἀλλ’
903 460 918 486 6

127 505 218 532 πάντα
239 505 346 540 ἐφορῶν
369 504 509 540 ὀφθαλμὸς
530 505 580 531 οὐκ
606 505 696 531 εἴασεν
721 506 767 532 ἐπὶ
793 505 917 532 πλεῖστον

121 552 219 578 σλαθεῖν
233 552 279 578 τόν
293 550 442 587 Ἀρσένιον.
460 550 540 577 Ἀλλὰ
557 551 664 586 πρῶτον
678 551 728 586 μὲν
741 552 770 578 ἐν
787 551 918 587 Αίγύπτῳ

127 598 177 625 καὶ
192 597 307 633 Θηϐαΐδι
319 597 398 632 δῆλος
414 598 523 632 γέγονεν
538 598 579 624 ότι
604 597 648 633 ζῇ.
667 598 780 625 Ἔπειτα
797 598 824 624 δὲ
837 599 917 626 αὐτὸν

127 645 171 676 εἰς
187 644 237 679 τὴν
255 644 343 679 Τύρον
361 644 477 679 ἤγαγεν,
503 643 568 670 ἔνθα
589 644 604 679 ἡ
623 643 838 680 τραγῳδουμένη
857 644 917 680 χεὶρ

126 691 177 718 ἐπὶ
193 691 246 718 τῶν
273 690 372 727 κριτῶν
394 691 572 726 προεφέρετο.
587 691 687 717 Τοῦτον
709 692 734 717 ol
757 690 917 718 Ἀθανασὶου

127 735 314 771 θηρεύσαντες
337 735 466 768 σύνοικοι,
482 735 586 771 ήγαγόν
609 744 649 767 τε,
675 737 722 762 καὶ
737 737 766 762 ἐν
784 738 816 772 τῇ
836 745 920 763 κατα-

126 783 206 817 γωγῇ
221 782 290 814 τέως
314 781 405 808 λαθεῖν
419 782 440 797 ¹⁵
459 782 629 816 ἠνάγκασαν.
647 782 733 813 Αὐτὸς
748 782 776 809 δὲ
797 784 811 809 6
832 782 919 817 μέγας

133 828 296 860 ’Δθανάσιος
312 827 365 854 ὑπὸ
383 828 432 863 τὴν
453 828 490 854 ἔω
506 827 639 855 κατέλαϐε
652 828 683 854 τὺ
702 828 848 865 συνέδριον.
864 828 919 855 Καὶ

127 875 239 910 πρῶτον
255 874 304 910 μὲν
319 874 430 909 γύναιον
443 875 591 909 εἰσήγαγον
609 875 742 911 ἀκολασίᾳ
759 874 917 910 συνεζηκός.

968 284 1070 312 tarunt,
1090 287 1170 316 atque
1196 287 1226 310 ut
1251 283 1278 310 in
1303 284 1416 312 latebris
1434 293 1606 321 permaneret
1630 297 1755 319 orarunt.

968 325 1069 354 Dextra
1086 327 1186 356 deinde
1210 330 1311 356 mortui
1329 331 1448 359 hominis
1463 333 1597 368 abscissa,
1615 336 1671 363 sale
1690 345 1756 365 eon-

967 372 1064 405 ditam,
1088 381 1226 410 eapsaque
1253 376 1342 412 lignea
1379 377 1513 406 inclusam
1549 388 1757 416 quaquaversus

968 418 1177 452 circumferunt,
1204 421 1346 456 praecisam
1371 423 1488 451 Arsenio
1513 427 1705 462 praedicantes,
1730 435 1757 456 rt

969 464 1134 492 homicidam
1166 466 1346 495 Athanasium
1382 470 1546 498 vocitantes.
1581 471 1681 500 Verum
1710 477 1757 510 qui

968 511 1059 537 omnia
1076 516 1223 539 contuetur
1250 514 1347 542 oculus
1371 523 1426 542 non
1444 515 1489 543 diu
1505 517 1650 545 Arsenium
1675 520 1759 547 latere

967 563 1068 591 passus
1085 562 1136 585 est.
1158 557 1211 586 Sed
1237 560 1354 594 primum
1381 561 1409 588 in
1435 561 1554 597 IEgy‘pto
1574 567 1600 590 et
1620 563 1759 593 Thebaide

969 602 1054 637 319
1076 609 1247 639 compertum
1275 611 1317 634 est
1345 606 1421 633 illttm
1448 609 1539 635 vivere
1557 619 1563 636 :
1580 609 1679 638 deinde
1695 620 1759 638 vero

971 648 1074 684 Tyrum
1090 658 1152 677 eum
1169 651 1281 678 deduxit
1301 651 1408 687 (Deus),
1427 654 1470 681 ubi
1488 655 1630 684 decantata
1644 657 1688 684 illa
1703 665 1759 684 nia-

969 703 1021 722 nus
1037 703 1129 723 coram
1145 697 1286 731 judicibus
1314 699 1514 733 proferebatur.
1540 700 1618 728 llttuc
1635 710 1700 736 ergo
1715 703 1759 730 de-

969 741 1135 775 prehensum
1149 743 1363 772 contubernales
1375 745 1518 774 Athanasii
1533 747 1682 778 adducunt.
1693 754 1719 776 ct
1732 750 1758 776 in

970 786 1120 813 diversorio
1137 789 1271 822 tantisper
1288 788 1371 817 latere
1394 795 1507 824 cogunt.
1528 793 1589 826 lpse
1608 801 1673 820 vero
1700 802 1758 821 ma-

969 840 1040 867 gnus
1057 833 1225 861 Athanasius
1243 842 1351 862 suntme
1367 844 1446 864 mane
1462 838 1534 864 venit
1549 839 1582 865 ad
1598 840 1756 868 concilium.

969 879 1008 904 Ac
1021 879 1109 914 primo
1126 879 1236 914 quidem
1259 881 1414 908 introducta
1439 887 1481 910 est
1497 883 1611 918 impurae
1628 886 1690 913 vita:
1703 894 1760 913 mu-

133 921 167 947 Ἦ
181 921 210 948 δὲ
231 921 344 955 ἀναίδην
358 921 434 953 ἐϐόα,
449 921 598 956 παρθενίαν
620 921 669 957 μὲν
685 922 855 958 ἐπηγγέλθαι
875 923 918 950 λέ-

971 925 1092 958 liercula,
1109 934 1168 960 quae
1195 926 1368 962 impudenter
1400 929 1614 962 vociferabalur,
1640 939 1679 964 se,
1696 939 1757 959 cum

126 975 227 1001 γουσα,
241 967 287 994 τὸν
309 967 338 994 δέ
355 966 516 994 ’Λθανάσιον
539 967 738 1000 ὲπιξενωθέντα
760 967 917 1003 βιάσασθαι,

127 1013 177 1040 καὶ
198 1013 318 1040 ἄκουσαν
335 1012 501 1048 διαφθεῖραι.
521 1013 630 1040 Τούτων
648 1014 693 1040 ὑπ’
708 1013 817 1049 ἐκείνης
840 1015 918 1050 sip-q-

128 1059 232 1094 μένων,
256 1058 364 1094 εἰσῆλθε
391 1059 441 1094 μὲν
464 1059 479 1085 6
501 1059 754 1095 κατηγορούμενος,
783 1060 864 1095 συνῆν
890 1059 918 1086 δὲ

126 1103 204 1140 αὺτῷ
223 1105 271 1131 καὶ
288 1104 476 1141 πρεσϐύτερος
496 1104 670 1138 ἁξιέπαινος·
686 1105 818 1140 Τιμόθεος
832 1105 920 1140 τούτῳ

126 1149 217 1185 ὃνομα
233 1148 278 1186 ἦν.
292 1150 353 1176 Τῶν
364 1150 393 1177 δὲ
405 1150 541 1178 δικαστῶν
552 1150 774 1186 ἀπολογήσασθαι
788 1151 856 1186 πρὸς
871 1150 920 1186 τὴν

125 1195 242 1232 γραφὴν
259 1196 482 1231 προστεταχότων
493 1196 538 1223 τὸν
556 1196 725 1228 ’Δθανάσιον,
738 1197 752 1223 ὁ
767 1196 816 1232 μὲν
828 1196 920 1231 ἐσίγηο

126 1249 185 1273 σεν,
203 1241 242 1272 ὡς
258 1241 339 1276 δῆθεν
362 1241 411 1268 οὐκ
440 1240 478 1268 ὢν
505 1239 679 1273 Ἀθανὰσιος”
705 1243 718 1268 6
733 1241 761 1268 δέ
789 1240 921 1276 Τιμόθεος

126 1287 181 1322 ἔφη
195 1288 264 1322 πρδς
272 1287 321 1322 τὴν
331 1289 448 1322 γυναῖκα
459 1293 467 1302 ·
489 1286 560 1321 Ἑγὼ
574 1296 625 1320 σοι,
635 1284 657 1314 ὦ
668 1287 760 1321 γύναι,
775 1287 920 1322 συνέτυχον

128 1332 253 1365 πώποτε,
269 1333 310 1364 είς
333 1332 362 1359 δὲ
388 1333 439 1368 τὴν
461 1333 510 1368 σὴν
534 1332 694 1367 εἰσελήλυθα
718 1332 825 1363 οἱκίαν;
844 1332 875 1358 Ἦ
891 1331 920 1358 δὲ

127 1379 319 1414 ἀναιδέστερον
341 1379 405 1405 ἐϐόα
434 1378 474 1414 τῷ
491 1379 513 1405 Τ
516 1378 617 1414 ιμοθέῳ
641 1378 843 1414 διαμαχομένη,
874 1379 921 1405 καὶ

127 1426 180 1462 τὴν
193 1427 272 1462 χεῖρα
287 1421 447 1461 ἐξάγουσαη
462 1427 510 1453 καὶ⁵
526 1426 566 1461 τῷ
576 1425 702 1462 δακτύλῳ
715 1425 856 1459 δεικνῦσα,
871 1425 919 1452 καὶ

127 1474 264 1508 λέγουσα·
281 1474 317 1500 Σύ
337 1481 388 1520 pec
407 1473 456 1508 τὴν
468 1473 620 1509 παρθενίαν
636 1473 758 1508 ἀφείλου,
776 1472 807 1499 σύ
824 1481 857 1506 με
871 1472 921 1507 τῆς

130 1520 312 1555 σωφροσύνης
332 1517 515 1555 ὲῇἱμνωςας,
538 1518 587 1545 καὶ
613 1519 636 1545 τ’
662 1518 730 1545 ἄλλα
757 1519 808 1545 ὅσα
829 1517 920 1552 λέγειν

130 1565 259 1592 εἰώθασιν
278 1565 306 1592 αἱ
325 1565 358 1591 δι’
386 1565 534 1596 ἀκολασίας
565 1564 718 1600 ὑπερϐολὴν
734 1564 786 1591 οὐκ
810 1564 920 1599 ἔχουσαι

128 1611 180 1647 ’τὴν
203 1611 280 1638 αἰδῶ.
300 1610 380 1638 Οὕτω
402 1610 435 1646 δὴ
464 1610 518 1637 τῶν
546 1609 577 1637 τὸ
593 1610 686 1646 δρᾶμα
710 1610 921 1637 συντεθεικότων

129 1657 396 1692 καταισχυνθέντων,
420 1656 640 1692 ἐρυθριασάντων
659 1656 688 1682 δὲ
709 1656 757 1683 καὶ
777 1656 831 1683 τῶν
846 1656 922 1683 δικα-

131 1703 214 1735 στῶν,
230 1693 460 1738 ὅσοιῗπυνίστορες
478 1700 558 1738 ἦσαν,
579 1702 691 1738 ἐξήγετο
714 1703 730 1737 ἡ
753 1703 833 1738 γυνή.
855 1703 922 1729 Τότε

130 1749 164 1786 δὴ
180 1750 195 1776 6
211 1749 300 1784 μέγας
313 1748 473 1780 Ἀθανάσιος
487 1748 576 1783 ἔλεγε,
606 1749 643 1784 μὴ
668 1749 769 1784 χρῆναι
789 1749 922 1786 ἀφεθῆναι

129 1795 162 1822 τὸ
179 1795 304 1830 γύναιον,
327 1794 384 1821 ἀλλ’
409 1795 547 1828 ἐξετάσαι,
581 1795 638 1822 καὶ,
651 1795 748 1830 μαθεῖν
767 1795 814 1821 τὸν
835 1795 922 1822 ταῦτα

132 1840 336 1868 συντεθεικότα.
358 1841 390 1867 οι
406 1840 435 1867 δὲ
454 1839 556 1872 ἐϐόων,
574 1839 657 1875 ἕτερα
676 1837 747 1867 εἶναι
768 1841 923 1876 κατηγορή-

133 1896 207 1922 ματα
221 1886 412 1922 χαλεπώτερα,
427 1885 555 1920 οὐδαμῶς
567 1885 649 1921 τέχνῃ
660 1885 714 1912 τινὶ
729 1885 776 1912 καὶ
789 1885 922 1921 δεινότητι

132 1932 191 1969 [64]
207 1932 366 1968 διαλυθῆναι
385 1933 525 1968 δυνάμενα
537 1940 544 1947 ·
560 1932 623 1967 ϐψις
638 1932 704 1967 γὰρ,
723 1932 773 1958 οὐκ
791 1931 870 1968 ἀκοὴ,
885 1931 924 1958 δι-

132 1978 250 2005 κάσει¹⁶
277 1979 333 2010 τοῖς
357 1978 553 2013 δεικνυμένοις.
580 1975 674 2003 Ταῦτα
702 1976 843 2009 εἰπόντες,
874 1976 923 2012 τὴν

132 2023 218 2051 πολυθ
225 2023 354 2060 ρύλλητον
364 2023 470 2058 ἐκείνην
487 2021 631 2054 ὑπέδειξαν
655 2021 790 2057 λάρνακα,
805 2022 851 2048 καὶ
874 2022 923 2058 τὴν

131 2070 365 2106 τεταριχευμένην
375 2069 538 2105 ἐγύμνωσαν
547 2068 699 2104 χεῖρα.Τῶν
707 2068 735 2095 δέ
745 2068 923 2103 θεασαμένων

131 2118 249 2149 ἕκαστος
265 2116 421 2151 ἀνεϐόησεν,
434 2115 517 2150 οἱμὲν
532 2115 632 2151 ἀληθὲς
649 2113 717 2142 εἴναι
732 2115 763 2142 τὸ
777 2115 861 2150 μῦσος
872 2115 924 2142 ὑπ-

132 2163 286 2199 ειληφότες,
302 2163 327 2190 οἱ
338 2162 365 2188 δὲ
380 2162 410 2189 τὸ
425 2163 473 2197 μὲν
492 2161 589 2197 ψεῦδος
601 2161 711 2194 εἰδότες,
727 2161 880 2197 κεκρύφθαι
896 2161 924 2187 δὲ

131 2209 178 2236 τὸν
201 2208 339 2244 Ἀρσένιον
363 2208 402 2235 ἔτι
422 2207 588 2243 νομίζοντες.
602 2207 689 2239 Μόλις
708 2207 727 2222 ⁸⁷
748 2207 776 2233 δέ
794 2207 924 2242 βραχείας

970 969 1153 1005 virginitatem
1169 971 1291 1005 professa
1310 978 1393 1004 esset,
1409 975 1417 983 '
1430 974 1463 1000 ab
1480 974 1588 1009 hospite
1608 977 1758 1004 Athanasio

970 1016 1023 1043 vim
1036 1024 1158 1051 passam,
1176 1021 1258 1052 atque
1277 1018 1393 1046 invitam
1416 1024 1568 1054 stupratam
1597 1030 1667 1050 esse.
1695 1023 1760 1056 Qua:

970 1069 1033 1089 cum
1049 1063 1174 1095 dixisset,
1187 1064 1328 1098 ingressus
1343 1069 1384 1091 est
1398 1065 1443 1100 qui
1453 1067 1644 1100 accusabatur,
1661 1073 1758 1095 etcum

970 1114 1003 1135 eo
1018 1107 1098 1135 laude
1117 1108 1215 1144 dignus
1233 1110 1384 1145 presbyter,
1407 1112 1452 1138 cui
1481 1119 1579 1140 nomen
1603 1113 1758 1141 Timotheo.

970 1153 1095 1189 Cumque
1110 1155 1262 1182 Athanasio
1279 1156 1445 1191 imperarent
1466 1157 1583 1192 jndices,
1603 1165 1631 1186 ut
1647 1168 1759 1188 accusa-

970 1199 1038 1226 tioni
1053 1200 1240 1234 responderet,
1256 1201 1369 1227 obticuit
1385 1201 1451 1236 ipse,
1464 1203 1578 1237 perinde
1594 1211 1625 1230 ac
1639 1204 1660 1231 si
1677 1205 1760 1231 Αιιιει-

971 1244 1065 1271 nasius
1089 1251 1144 1270 non
1162 1250 1236 1271 esset
1256 1253 1262 1271 :
1285 1243 1447 1273 Timotheus
1469 1254 1534 1273 vero
1555 1247 1588 1274 ad
1619 1249 1760 1276 mulierem

971 1297 1123 1317 conversus
1143 1300 1148 1316 :
1163 1290 1265 1325 Egone,
1283 1291 1382 1326 inquit.
1399 1292 1507 1325 mulier,
1522 1297 1610 1319 tecum
1635 1302 1690 1321 rem
1713 1300 1745 1322 ιι..

971 1335 1028 1368 bui,
1046 1339 1093 1362 aut
1108 1335 1181 1362 mdes
1197 1340 1258 1364 tuas
1272 1345 1393 1372 unquam
1409 1345 1470 1364 sum
1489 1338 1654 1373 ingressus?
1668 1340 1703 1367 At
1717 1341 1761 1367 illa

971 1381 1157 1417 impudentius
1174 1382 1342 1414 clamitabat,
1360 1382 1589 1419 Timotltcumquc
1609 1385 1715 1416 adorta.
1735 1391 1762 1412 ct

971 1435 1082 1455 manum
1091 1436 1232 1461 exserens,
1243 1435 1275 1456 ac
1288 1428 1374 1463 digito
1385 1429 1533 1465 designans
1547 1439 1554 1457 τ
1568 1430 1608 1457 Tu
1623 1431 1699 1462 mihi,
1713 1434 1761 1463 ait.

969 1472 1156 1507 virginitatem
1170 1471 1308 1507 eripuisti,
1323 1476 1351 1500 tu
1368 1474 1494 1501 castitate
1516 1482 1559 1502 me
1580 1475 1716 1509 spoliasti,
1735 1481 1763 1504 et

970 1518 1024 1546 alia
1046 1519 1072 1546 id
1086 1518 1183 1555 genus,
1203 1526 1265 1554 quae
1281 1519 1387 1547 eﬂ'utire
1403 1520 1492 1547 solent
1508 1529 1557 1552 eae,
1574 1529 1633 1556 qum
1649 1530 1697 1556 per
1712 1523 1762 1549 im-

971 1565 1140 1593 moderatam
1159 1565 1396 1601 intcmperantiam
1414 1567 1545 1601 pudorem
1572 1567 1761 1602 proﬂigarunt.

972 1611 1014 1639 Ad
1028 1612 1086 1639 haec
1103 1611 1220 1639 turbatis
1236 1611 1369 1639 dedecore
1388 1611 1487 1639 fabula:
1502 1613 1672 1644 auctoribus,
1689 1621 1763 1640 cru—

973 1658 1204 1693 bescentibusque
1229 1657 1382 1697 judicibus,
1397 1663 1532 1694 quotquot
1553 1659 1656 1687 conscii
1673 1664 1762 1692 erant,

972 1702 1087 1730 dimissa
1101 1708 1142 1730 est
1155 1702 1262 1729 mulier.
1285 1702 1354 1730 Tum
1374 1711 1490 1738 magnus
1507 1704 1675 1731 Athanasius
1688 1705 1762 1731 illam

973 1749 1063 1776 aiebat
1076 1748 1177 1776 dimitti
1197 1756 1252 1775 non
1266 1748 1377 1781 debere,
1399 1749 1446 1777 sed
1471 1749 1646 1785 interrogari,
1670 1755 1697 1777 et
1717 1758 1764 1777 co-

973 1795 1068 1830 gnosci
1087 1793 1150 1829 quis
1165 1794 1217 1822 ista
1234 1795 1418 1823 concinnarit.
1431 1795 1616 1823 Accusatores
1630 1804 1695 1824 vero
1711 1797 1764 1824 alia

973 1848 1003 1869 se
1016 1840 1118 1868 habere
1133 1840 1260 1876 graviora
1277 1840 1395 1868 crimina
1418 1841 1571 1876 jaclabant,
1600 1850 1661 1876 quae
1689 1842 1764 1869 nulla

973 1890 1032 1914 arte
1041 1887 1084 1914 vel
1099 1887 1210 1922 ingenio
1226 1886 1293 1914 dilui
1306 1890 1430 1922 possent.
1444 1886 1593 1914 Oculorum
1609 1887 1694 1920 enim,
1710 1895 1763 1914 non

974 1934 1093 1965 aurium,
1107 1932 1166 1968 fore
1178 1933 1313 1968 judicium
1332 1933 1359 1960 in
1375 1933 1408 1960 iis
1422 1941 1482 1968 quze
1499 1933 1663 1968 proferrent.
1676 1933 1765 1968 Atque

974 1979 1017 2006 his
1031 1978 1123 2011 dictis,
1135 1963 1324 2013 pervulgatam
1335 1979 1418 2013 820
1431 1963 1506 2005 illam
1517 1979 1658 2013 capsulam
1671 1983 1765 2005 oslcn~

974 2024 1053 2057 dunt,
1070 2027 1098 2051 et
1113 2023 1252 2051 conditam
1269 2032 1380 2051 manutn
1403 2024 1545 2059 detegunt.
1560 2025 1618 2057 Qua
1638 2025 1705 2058 visa,
1724 2025 1766 2051 itt-

975 2077 1041 2105 gcns
1056 2069 1178 2097 omnium
1194 2070 1299 2097 clamor
1314 2071 1430 2102 exstitit,
1454 2074 1513 2097 tum
1534 2078 1629 2098 eorum
1650 2071 1696 2105 qui
1724 2070 1766 2097 di-

974 2123 1035 2142 rutn
1051 2114 1143 2142 scelus
1156 2123 1250 2142 verum
1263 2123 1324 2143 esse
1339 2115 1483 2150 putabant.
1509 2119 1567 2142 tum
1593 2123 1689 2142 eorum
1716 2115 1764 2150 qui

975 2159 1075 2186 falsum
1092 2159 1200 2194 quidem
1217 2164 1360 2192 noverant,
1379 2160 1427 2187 sed
1447 2160 1593 2188 Arseuium
1619 2160 1708 2187 adhuc
1728 2161 1767 2186 la-

975 2210 1033 2233 tere
1047 2204 1206 2233 eredebant.
1224 2205 1275 2232 Vix
1299 2205 1408 2233 tandem
1434 2206 1509 2233 brevi
1540 2205 1613 2232 facto
1645 2207 1765 2239 silentio,

132 2254 284 2290 γενομένης
295 2254 383 2289 σιγῆς,
393 2253 476 2289 ἥρετο
484 2253 546 2285 τοὺς
556 2253 714 2285 δικάζοντας
725 2253 739 2279 6
751 2251 920 2288 κατηγορού-

974 2251 1081 2286 judices
1093 2255 1271 2286 percontatur
1281 2251 1459 2285 Athanasius,
1475 2260 1540 2279 num
1554 2252 1616 2287 quis
1631 2252 1702 2279 inter
1718 2259 1766 2280 eos

134 2310 228 2337 μενος,
244 2301 272 2327 et
296 2309 337 2331 τις
368 2301 397 2326 ὲν
416 2300 508 2331 αὐτοῖς
524 2299 566 2334 εἴη
591 2299 636 2326 τὸν
651 2299 789 2335 ’Δρσὲνιον
812 2298 924 2327 ἐπιστά-

134 2355 226 2382 μενος.
255 2345 364 2372 Πολλῶν
382 2345 410 2372 δέ
435 2344 586 2381 εἰρηκότων
613 2345 736 2380 ἀκριϐῶς
755 2344 853 2371 εἰδέναι
879 2343 924 2371 τὸν

133 2394 230 2430 ἄνδρα,
252 2392 382 2420 ἐκέλευσε
401 2391 495 2418 τοῦτον
513 2391 640 2427 ἀχθῆναι,
662 2391 709 2418 καὶ
728 2391 808 2418 πάλιν
823 2391 922 2426 ἤρετο,

134 2442 158 2467 εἰ
184 2437 262 2471 οὗτος
287 2439 391 2470 ἐκεῖνος
406 2438 450 2472 εἴη
481 2438 629 2472 ¹Αρσένιος,
652 2438 665 2463 6
694 2437 759 2472 παρ’
782 2436 847 2472 ἐμοῦ
874 2436 924 2472 μὲν

133 2486 318 2524 ἀνῃρημένος,
335 2484 412 2521 παρὰ
423 2484 452 2511 δὲ
466 2483 568 2510 τούτων
586 2483 654 2524 μετὰ
675 2483 782 2518 σφαγὴν
796 2483 926 2519 ὑϐρισμέ-

133 2541 180 2565 νος
194 2532 228 2564 υ,
260 2531 307 2558 καὶ
327 2531 377 2566 τῆς
403 2530 493 2562 δεξιᾶς
516 2529 710 2565 ἐστερημένος.
736 2528 925 2564 Συνομολογη-

136 2579 243 2610 σάντων
265 2577 294 2604 δέ
317 2576 407 2603 αὐτῶν
425 2577 445 2592 ¹⁹
471 2575 566 2602 τοῦτον
590 2573 676 2607 εἶναι,
697 2575 748 2610 τῆς
772 2575 926 2610 ἐφεστρίδος

135 2625 216 2652 αὑτὸν
241 2623 390 2659 γυμνώσας
411 2623 425 2649 ὁ
449 2621 610 2652 Ἀθανάσιος
633 2620 771 2654 ὑπέδειξεν
788 2621 871 2655 ἄμφω
886 2620 925 2646 τὼ

135 2671 224 2706 χεῖρε,
237 2669 285 2696 καὶ
302 2668 351 2704 τὴν
371 2667 462 2701 δεξιὰν
479 2666 526 2693 καὶ
543 2666 592 2702 τὴν
608 2665 760 2701 εὐώνυμον·
772 2666 871 2701 ’Ἄλλην
885 2665 924 2698 δὲ,

133 2717 203 2751 ἔφη,
221 2715 338 2751 ζητείτω
363 2714 473 2750 μηδείς⁹
489 2713 536 2740 δύο
556 2713 610 2748 γὰρ
636 2713 789 2748 ἀνθρώπων
809 2713 926 2744 ἕκαστος

974 2298 1121 2326 Arsenium
1139 2301 1243 2325 nosset.
1264 2297 1368 2325 Etcum
1388 2297 1555 2326 affirmarent
1576 2297 1663 2328 multi,
1683 2298 1767 2332 probe

974 2347 1069 2370 notum
1081 2342 1132 2370 sibi
1146 2342 1233 2369 virum
1245 2350 1316 2374 esse.
1336 2342 1409 2369 hunc
1427 2342 1505 2377 jubet
1522 2342 1668 2374 introduci,
1685 2346 1767 2377 atque

972 2388 1072 2416 iterum
1090 2388 1257 2420 sciscitatur,
1275 2395 1339 2414 num
1356 2388 1489 2414 Arseuius
1504 2388 1547 2414 hic
1556 2389 1601 2419 sit,
1615 2395 1694 2422 quem
1710 2388 1768 2422 ipse

975 2433 1131 2470 peremerit,
1153 2437 1180 2461 et
1204 2441 1284 2469 quem
1310 2434 1355 2461 isti
1378 2434 1542 2460 contumelia
1570 2437 1632 2468 post
1649 2438 1767 2461 mortem

976 2480 1125 2513 aﬂ'ecerint,
1140 2480 1290 2515 dextraque
1305 2480 1468 2507 mutilarint.
1484 2479 1646 2507 Fateutibus
1659 2480 1769 2508 cunctis

979 2528 1067 2563 ipsum
1086 2535 1159 2559 esse,
1177 2527 1288 2554 reducto
1303 2527 1363 2561 ejus
1375 2526 1467 2561 pallio,
1485 2525 1651 2553 Athanasius
1667 2531 1769 2552 utram-

978 2582 1032 2610 que
1049 2574 1122 2601 illius
1147 2581 1256 2600 manum
1273 2573 1400 2606 ostendit,
1423 2577 1479 2599 tum
1502 2571 1638 2604 dextram,
1658 2576 1714 2598 tum
1731 2571 1770 2598 si-

979 2621 1104 2652 nistram,
1120 2623 1147 2647 et
1162 2620 1201 2646 ait
1228 2629 1235 2647 :
1266 2619 1353 2646 Aliam
1379 2626 1458 2645 nemo
1472 2621 1575 2653 quaerat
1592 2627 1598 2643 ε
1615 2617 1682 2644 duas
1698 2617 1769 2643 rnim

979 2666 1079 2701 singuli
1101 2666 1224 2693 homines
1238 2666 1271 2692 ab
1286 2664 1408 2691 omnium
1429 2663 1577 2690 Conditore
1598 2669 1705 2693 manus,
1720 2669 1770 2688 nrc

980 2712 1073 2748 plures
1097 2715 1270 2747 acceperunt.
1297 2710 1388 2738 Rebus
1416 2709 1442 2737 in
1464 2709 1537 2736 hunc
1559 2707 1668 2736 modtun
1696 2712 1770 2742 pate-

778 2772 821 2799 VA
828 2770 895 2798 RLE
916 2770 1116 2798 LECTIONES.

174 2854 195 2870 ιδ
209 2853 310 2879 πλεῖον.
332 2852 414 2879 Basil.
430 2851 476 2879 Gr.

139 2889 160 2906 "
171 2888 385 2925 ὲπιζητούμενος
400 2886 447 2914 καὶ
468 2887 535 2922 μετὰ
550 2895 607 2921 σφ.,
627 2890 678 2914 etc.
692 2885 774 2914 Basil.
791 2885 835 2912 Gr.
851 2890 876 2912 et
892 2884 1022 2920 Stcphan.

525 2852 544 2866 “‘
561 2851 620 2877 λαθ.
640 2851 717 2881 τέως.
745 2849 826 2876 Basil.
843 2849 889 2875 Gr.
920 2856 981 2875 cum
996 2847 1127 2883 Stephani.

1185 2847 1206 2862 ιε
1219 2846 1338 2872 δικάσαι.
1359 2844 1442 2872 Idem.
1483 2844 1502 2859 ¹⁷
1515 2843 1602 2879 μόγις.
1620 2841 1702 2868 Basil.
1719 2839 1766 2869 Gr.

1064 2883 1084 2899 '9
1103 2882 1182 2909 αὐτὸν
1203 2880 1281 2909 εἶναι.
1309 2880 1390 2910 Basil.
1404 2879 1451 2907 Gr.
