1987 3118
118 184 170 216 989

414 245 540 272 ΚΕΦΑΛ.
562 245 601 272 A'.

115 284 185 318 Περὶ
202 281 256 317 τῆς
270 284 414 321 διαθήκης
432 289 486 315 τοῦ
500 290 647 324 μακαρίου
671 291 900 318 Κωνσταντίνου

420 323 584 356 ,βασιλέως-ζ

156 366 296 394 Ἐνιαυτοῦ
308 367 335 395 δὲ
349 368 430 395 ἄλλου
443 369 490 396 καὶ
509 369 602 405 μηνῶν
626 370 822 406 διεληλυθότων
844 371 899 398 ὀλί-

115 421 180 446 γων,
191 413 220 438 ὲν
231 413 401 450 Νικομηδείᾳ
412 415 461 450 τῆς
475 415 599 447 Βιθυνίας
609 417 709 450 διάγων
719 417 880 452 ὴρῤώστησε
891 425 898 432 ·

115 458 145 484 τὸ
159 458 188 484 δὲ
203 458 252 493 τῆς
268 459 442 495 ἀνθρωπίνης
457 460 580 496 βιότητος
599 462 694 497 ἄδηλον
709 463 897 497 ἐπιστάμενος,

114 501 162 528 τοῦ
174 502 246 529 Θείου
260 504 443 539 βαπτίσματος
454 506 483 531 τὺ
495 506 581 542 δῶρον
609 507 727 539 ἐδέξατο.
742 507 900 534 Ἀνεϐάλετο

115 547 143 574 δὲ
159 548 241 584 μέχρι
256 549 334 577 τοῦδε
355 550 401 577 τοῦ
419 551 525 586 χρόνου,
551 553 580 579 ὲν
598 553 717 589 Ἰορδάνῃ
733 552 771 588 τῷ
785 553 900 587 ποταμῷ

115 594 210 620 τούτου
227 596 318 630 τυχεῖν
337 596 519 632 ίμειρόμενος.
539 594 624 629 Οὗτος
641 599 690 633 μὲν
709 599 783 633 τρεῖς
803 598 900 630 παῖδας

113 638 300 674 κληρονόμους
312 640 363 675 τῆς
379 640 517 675 βασιλείας
532 642 672 674 κατέλιπε,
685 644 899 675 Κωνσταντίνον,

112 685 161 710 καὶ
181 685 379 720 Κωνστάντιον,
395 687 442 713 καὶ
458 687 622 715 Κώνσταντα
636 689 681 716 τὸν
696 688 838 716 νεώτατον.
854 689 901 721 Εἰς

111 729 140 756 δὲ
151 729 201 765 τὴν
211 730 268 767 [66]
281 731 484 768 Ἀλεξάνδρειαν
494 733 652 760 ἐπανελθεῖν
662 734 708 761 τὸν
721 734 805 769 μέγαν
818 743 901 770 προσ-

112 775 208 808 έταξεν
235 777 410 805 ’Δθανάσιον·
426 779 472 806 καὶ
491 779 578 806 ταῦτα
597 779 727 806 Εὐσεόίου
755 780 900 816 παρόντος,

111 821 160 848 καὶ
177 822 307 851 τάναντία
324 824 427 851 πείθειν
447 825 658 861 ἐπιχειροῦντος.

260 901 262 903 _
408 871 533 898 ΚΕΦΑΛ.
550 873 613 899 AA’.

243 915 404 950 Ἀπολογία
419 917 494 951 ὑπὲρ
506 918 589 946 τοῦ¹⁷
608 918 773 952 βασιλέως.

146 959 318 996 Θαυμζέτω
350 961 378 988 δὲ
401 962 510 998 μηδεὶς,
539 964 563 990 εἰ
593 964 770 999 τηλικούτους
801 965 900 1001 ἄνδρας

111 1006 323 1042 ἑξαπατηθεὶςη
344 1002 552 1044 ἑξωστράκισέν.
575 1010 747 1045 Ἀρχιερεῦσι
764 1012 818 1046 γὰρ
832 1011 900 1046 κρύ-

111 1057 212 1077 πτουσι
241 1051 290 1086 μὲν
308 1051 357 1087 τὴν
382 1053 511 1088 ἀλήθειαν
520 1054 554 1085 ’⁸,
582 1053 632 1088 τὴν
656 1054 684 1080 δὲ
705 1054 788 1089 ἄλλην
809 1054 900 1089 ἔχουσι

111 1096 310 1130 περιφάνειαν,
326 1097 496 1130 ἐξαπατῶσιν
512 1098 685 1126 ἐπίστευσεν.
705 1100 795 1126 Ἴσασι
820 1099 848 1125 δὲ
875 1099 900 1125 οἱ

111 1139 173 1167 θεῖα
200 1142 428 1178 πεπαιδευμένοι,
453 1143 491 1175 ὡς
518 1143 597 1171 ml.“
612 1145 626 1170 ὁ
647 1144 716 1176 θεῖος
742 1143 900 1179 ἐξηπατήθη

110 1186 196 1213 Δασὶδ
217 1188 232 1214 ὁ
253 1190 416 1224 προφήτης·
443 1189 599 1225 ἐξηπάτησε
625 1190 653 1217 δὲ
671 1190 752 1217 αὐτὸν
779 1191 829 1217 οὐκ
850 1191 900 1226 ἀρ-

110 1233 238 1268 χιερεὺς,
263 1233 319 1260 ἀλλ’
339 1234 448 1270 οἰκέτης
465 1236 590 1270 οἰκότριψ
608 1237 655 1262 καὶ
674 1236 837 1271 μαστιγίας,
855 1236 901 1262 τὸν

111 1280 181 1307 Σιϐᾶ
194 1280 277 1315 λέγω,
293 1281 339 1308 τὸν
355 1282 425 1309 κατὰ
440 1281 486 1308 τοῦ
502 1282 680 1317 Μεμφιόοσθὲ
692 1282 727 1309 τὰ
748 1281 832 1316 ψευδῆ
856 1281 901 1308 τὴν

112 1325 231 1361 βασιλέα
246 1326 388 1358 διδάξαντα
401 1347 408 1360 ,
425 1327 472 1354 καὶ
487 1328 517 1354 ca
532 1327 637 1354 ἐκείνου
659 1327 759 1362 χωρίον
774 1335 900 1362 σφετερι-

112 1372 242 1407 σάμενον.
259 1372 313 1399 Καὶ
331 1372 416 1399 ταῦτα
437 1373 508 1407 λέγω
521 1393 529 1407 ,
552 1373 582 1400 οὐ
603 1373 651 1399 τοῦ
674 1373 817 1408 Προφήτου
834 1381 900 1399 κατ-

108 1417 242 1453 ηγορῶν,
266 1418 322 1446 ἀλλ’
340 1419 410 1454 ὑπὲρ
435 1419 511 1445 τοῦδε
533 1418 580 1445 τοῦ
606 1418 737 1454 βασιλέως
761 1418 809 1453 τὴν
833 1419 901 1444 ἀπο-

106 1463 207 1498 λογίαν
230 1464 425 1500 προσᾳέρωνυ
440 1484 448 1496 ,
472 1465 520 1491 καὶ
539 1465 588 1500 τῆς
605 1463 777 1498 ἀνθρωπίνης
793 1463 900 1496 φύσεως

109 1509 266 1541 ἐπιδεικνὺς
279 1510 328 1544 τὴν
341 1510 483 1537 ἀσθένειαν
495 1530 502 1542 ,
523 1510 569 1536 καὶ
584 1510 718 1536 διδάσκων
739 1508 775 1540 ὡς
795 1508 825 1534 οὐ
846 1508 900 1544 χρὴ

111 1554 206 1589 μόνοις
220 1556 276 1587 τοῖς
291 1556 472 1591 κατηγοροῦσι
498 1555 635 1582 πιστεύειν
646 1575 654 1587 ,
683 1555 736 1582 κᾶν
749 1555 817 1589 ἄγαν
833 1551 899 1581 ὦσιν

109 1598 247 1634 ἀξιόχρεω
258 1621 265 1633 ,
281 1600 350 1628 ἀλλὰ
366 1600 483 1636 θατέραν
506 1600 561 1627 τῶν
582 1601 671 1627 ἀκοῶν
682 1600 704 1616 ³⁸
726 1600 763 1636 τῷ
779 1608 898 1635 κατηγο-

109 1647 236 1682 ρουμένῳ
252 1647 404 1682 φυλάττειν.

402 1691 526 1718 ΚΕΦΑΛ.
544 1690 605 1718 AB'.

162 1735 234 1770 Περὶ
247 1735 302 1769 τῆς
315 1736 458 1770 τελευτῆς
473 1736 527 1764 τοῦ
544 1736 638 1764 αὐτοῦ
645 1736 667 1752 ³³
680 1736 844 1769 βασιλέως.

152 1780 182 1807 'O
203 1782 252 1816 μὲν
275 1780 325 1809 οὖν
348 1782 475 1818 βασιλεὺς
501 1784 540 1815 εἰς
562 1783 611 1818 τὴν
630 1783 736 1818 ἀμείνω
760 1783 899 1818 βασιλείαν

109 1826 244 1863 μετέστη.

147 1873 180 1901 οι
207 1873 236 1900 δὲ
261 1873 378 1909 ὕπαρχοι
399 1874 447 1901 καλ¹
472 1874 496 1900 οἱ
515 1873 663 1910 στρατηγοὶ
687 1874 734 1901 καὶ
762 1874 786 1900 οἱ
809 1873 899 1901 λοιποὶ

109 1919 232 1951 ἅπαντες
249 1920 278 1946 ἐν
300 1920 416 1954 λάρνακι
433 1920 526 1946 τοῦτον
547 1920 710 1951 καταθέντες
731 1921 835 1955 χρυσῇ,
859 1921 899 1952 εἰς

109 1965 159 2001 τὴν
174 1965 462 1992 Κωνσταντινούπολιν
479 1966 676 2001 μετεκόμισαν,
700 1965 749 2000 τῆς
770 1967 900 2000 στρατιᾶς

109 2009 223 2044 ἁπάσης
244 2009 397 2044 ἡγουμένης
413 2009 460 2035 καὶ
475 2009 611 2044 ἑπομένης
644 2009 691 2036 καὶ
711 2009 818 2044 πικρῶς
840 2009 899 2035 ὀλο-

110 2054 270 2089 φυρομένης
283 2053 330 2089 τὴν
346 2054 481 2091 στέρησιν.
499 2054 606 2090 Πατρδς
625 2053 678 2090 γὰρ
699 2054 780 2088 ἠπίου
803 2055 899 2090 πεῖραν

111 2099 259 2133 εἰλήφεσαν
279 2099 438 2130 ἆτταντεςδδ.
461 2099 579 2134 Ὀπόσης
604 2099 633 2125 δὲ
663 2099 745 2134 τιμῆς
769 2099 800 2125 τὸ
818 2098 898 2132 σῶμα

109 2145 200 2171 ἐκεῖνο
212 2144 361 2179 τετύχηκε,
381 2145 428 2172 καὶ
451 2144 547 2172 ὁπόσον
562 2145 591 2171 ἐν
606 2146 661 2177 τοῖς
686 2136 830 2180 βασιλείοις
843 2145 897 2171 διέ-

113 2199 191 2225 μεινε
204 2191 300 2226 χρόνον
313 2211 320 2223 ,
340 2191 393 2217 τῶν
416 2191 553 2226 ἀρχόντων
571 2191 621 2226 τὴν
639 2190 685 2217 τοῦ
710 2191 804 2222 παιδὸς
823 2200 900 2226 περι-

574 222 577 225 ,
629 189 924 220 ΕΟΟΕΕΞΙΑΞΤΙΟΕ
933 189 1124 220 HISTORL’E
1140 192 1212 221 LIB.
1222 193 1247 222 Ι.

1688 194 1741 225 950

1107 247 1183 274 CAP.
1202 247 1286 274 XXX.
1305 247 1337 284 [Β
1364 248 1405 275 St.
1423 247 1516 276 Ch.V.
1533 248 1591 284 32.]

993 289 1032 317 De
1047 292 1134 327 magni
1159 291 1328 319 Constantini
1347 293 1513 327 imperatoris
1528 297 1693 323 testamento.

985 369 1064 397 Auno
1074 370 1173 397 dehinc
1188 371 1241 398 alio
1250 375 1276 398 ct
1293 373 1386 406 paucis
1400 372 1537 399 mensibus
1551 373 1661 408 elapsis.
1676 381 1737 400 cum

950 420 1023 444 esset
1039 417 1205 445 Nicomedite
1222 418 1248 444 in
1266 418 1402 453 Bithynia,
1416 420 1511 446 morbo
1524 421 1672 454 corripitur
1687 429 1694 447 :
1712 425 1738 447 et

950 471 1032 498 quatn
1051 464 1155 490 incerta
1167 464 1202 490 sit
1215 464 1357 490 hominum
1373 465 1424 490 vita
1444 473 1496 491 non
1509 466 1650 500 ignorans.
1666 466 1737 493 sacri

951 509 1124 544 baptismatis
1141 509 1242 536 donum
1262 510 1393 543 StJSCepit.
1411 510 1450 536 Ad
1475 511 1526 537 hoc
1551 511 1622 537 enim
1652 519 1739 545 usque

951 558 1059 590 tempus
1070 555 1225 586 distulerat,
1248 555 1319 590 quod
1344 556 1369 582 in
1396 555 1515 583 Jordane
1530 556 1612 583 iluvio
1630 557 1655 583 id
1670 565 1738 584 con-

951 600 1029 634 sequi
1047 604 1169 633 cuperet.
1182 600 1248 628 'lres
1263 600 1308 627 ille
1325 601 1394 627 ﬁlios
1410 601 1514 635 imperii
1534 601 1654 628 lueredes
1669 601 1738 628 reli-

950 647 1021 681 quit,
1045 645 1266 677 Constantinum,
1290 646 1484 673 Constantium
1510 652 1536 673 et
1559 647 1738 674 Constantem

951 698 1017 720 natu
1062 693 1216 721 miuimutu.
1255 692 1381 727 Magnum
1418 697 1508 719 autent
1558 693 1738 719 Athanasium

951 739 1144 766 Alexandriam
1163 739 1253 766 redire
1278 740 1370 774 jussit,
1403 739 1484 774 idque
1501 744 1634 774 praesente
1654 738 1740 766 Euse-

951 785 1006 818 bio,
1025 789 1052 812 et
1067 792 1101 812 ne
1113 785 1187 812 ﬁeret
1203 792 1367 820 magnopere
1384 785 1572 812 dissuadente.

1058 875 1139 912 323
1153 875 1231 902 cap.
1246 875 1342 902 XXXI.
1357 875 1397 911 [Β.
1414 875 1453 902 Sl.
1467 876 1518 902 cu.
1532 875 1563 903 v.
1576 873 1633 911 δε]

1181 921 1354 955 Imperatoris
1382 921 1509 955 defensio.

986 968 1085 995 Mirum
1122 972 1212 995 autem
1242 968 1342 994 nemini
1373 967 1508 995 videatur.
1546 965 1617 1001 qttod
1650 970 1739 993 tantos

950 1014 1025 1041 viros
1048 1013 1144 1041 fraude
1158 1013 1286 1041 inductus
1312 1013 1409 1040 exsilio
1434 1013 1567 1040 multaril.
1596 1011 1739 1046 Episcopis

951 1059 1022 1086 enim
1046 1058 1125 1085 ﬁdem
1154 1058 1260 1090 habuit,
1288 1059 1432 1085 veritatem
1465 1057 1688 1088 occultantibus,
1707 1063 1740 1083 ac

952 1103 1058 1137 reliqua
1085 1103 1177 1136 specie
1190 1106 1217 1129 et
1237 1102 1364 1128 claritate
1379 1109 1428 1129 sua
1452 1102 1667 1136 impatientibus.
1685 1100 1735 1128 Ne-

952 1157 1005 1183 que
1036 1156 1083 1176 eos
1112 1148 1251 1182 l'ugit,qui
1281 1148 1369 1174 sacris
1395 1139 1506 1175 Litteris
1533 1151 1598 1174 sunt
1623 1146 1739 1178 eruditi,

951 1195 1034 1222 etiam
1069 1195 1193 1221 divinum
1235 1194 1363 1220 llavidnm
1395 1193 1556 1228 prophetam
1595 1194 1739 1227 deceptum

952 1239 1185 1274 fuissezdecepit
1217 1245 1307 1266 autent
1339 1239 1414 1265 illttm
1444 1246 1499 1265 non
1529 1237 1663 1273 pontifex.
1691 1236 1739 1264 sed

952 1293 1049 1313 servus
1068 1285 1233 1311 vernaculus
1257 1288 1284 1311 ct
1308 1284 1445 1318 mastigia.
1461 1283 1535 1315 Siba,
1552 1284 1674 1317 inquam.
1692 1282 1740 1316 qui

952 1330 985 1356 de
1008 1329 1197 1364 Mephiboscth
1228 1329 1296 1360 falsa
1329 1329 1470 1356 dctulitad
1502 1336 1604 1363 regem.
1622 1332 1646 1355 et
1666 1329 1741 1356 illius

952 1382 1047 1408 agrum
1070 1375 1111 1402 sic
1137 1374 1264 1401 obtinuit.
1280 1375 1344 1407 Qua
1360 1374 1469 1408 quidem
1487 1382 1541 1400 non
1558 1381 1592 1399 eo
1612 1373 1740 1404 dixerim,

953 1425 982 1447 ut
999 1419 1160 1454 Prophetam
1189 1428 1326 1452 accusent,
1350 1420 1397 1447 sed
1424 1425 1454 1446 ut
1476 1419 1668 1453 imperatorem
1692 1419 1741 1445 de-

953 1465 1073 1496 fendam,
1090 1469 1116 1492 et
1137 1466 1263 1492 humanas
1289 1469 1392 1491 natum
1408 1465 1621 1491 imbecillitatem
1646 1469 1740 1491 osten-

952 1511 1024 1542 dam,
1054 1511 1241 1545 doceamque,
1273 1511 1499 1541 accusatoribus.
1535 1510 1660 1544 quamvis
1688 1509 1742 1536 ﬁde

951 1556 1052 1592 dignis,
1070 1556 1237 1583 credendum
1253 1557 1319 1584 solis
1333 1565 1385 1584 non
1405 1564 1477 1588 esse,
1495 1556 1544 1584 sed
1569 1555 1623 1583 reis
1645 1562 1739 1582 aurem

952 1603 1064 1630 alteram
1081 1603 1285 1630 reservandam.

1224 1692 1232 1702 ‘
1243 1691 1320 1718 CAP.
1346 1690 1455 1718 XXXII.

1178 1736 1215 1763 De
1240 1736 1409 1770 imperatoris
1427 1735 1509 1762 obitu.

986 1784 1025 1811 Ac
1039 1784 1190 1819 imperator
1200 1781 1310 1817 quidem
1325 1782 1359 1808 ad
1368 1781 1468 1809 melius
1481 1788 1596 1816 regnum
1611 1780 1741 1809 excessit.

985 1872 1110 1900 Praefecti
1137 1877 1242 1905 autem,
1272 1871 1315 1908 [Β.
1337 1872 1377 1899 St.
1399 1871 1451 1899 Ch.
1471 1871 1529 1908 54.]
1560 1876 1588 1899 et
1617 1871 1742 1906 magistri

951 1919 1078 1950 militum,
1105 1925 1136 1944 ac
1161 1917 1259 1952 reliqui
1277 1924 1406 1952 proceres
1433 1916 1460 1943 in
1486 1924 1550 1943 area
1567 1917 1642 1943 illum
1659 1923 1743 1944 aurea

952 1965 1100 2000 repositum
1117 1963 1385 1998 Constantinopolim
1408 1963 1621 1994 transtulerunt,
1642 1963 1744 1990 milita-

951 2012 1027 2038 rilms
1044 2010 1190 2037 ordinibus
1210 2010 1397 2045 prmeuutibus
1423 2010 1539 2044 partim,
1560 2009 1658 2043 partim
1677 2008 1743 2035 suh-

951 2057 1138 2090 sequentibus,
1148 2056 1347 2090 orbitatemque
1356 2063 1434 2083 suam
1443 2055 1561 2090 graviter
1570 2055 1745 2082 lamentanti-

951 2102 1011 2129 bus.
1024 2100 1129 2127 Patrem
1139 2102 1212 2127 enim
1222 2101 1396 2128 mitissimqu
1407 2109 1500 2128 revera
1511 2100 1742 2134 l'uerantexperti.

951 2145 1066 2181 Corpori
1093 2149 1183 2172 autem
1205 2146 1245 2172 illi
1266 2150 1399 2180 quantum
1418 2146 1530 2173 honoris
1547 2146 1668 2172 delatum
1695 2145 1743 2177 sit,

951 2195 978 2218 et
991 2191 1114 2226 quaudiu
1130 2191 1157 2217 in
1173 2190 1256 2226 824
1275 2191 1378 2224 palatio
1404 2191 1546 2222 manserit,
1561 2191 1625 2217 dum
1643 2198 1741 2225 procc-

114 2237 252 2272 μενόντων
286 2236 434 2269 ἐπάνοδον,
469 2237 596 2272 περιττὸν
624 2236 745 2272 ἡγοῦμαι
771 2237 898 2272 γράφειν,

955 2246 998 2265 res
1017 2237 1139 2265 absentis
1155 2237 1202 2264 filii
1232 2238 1348 2264 reditum
1374 2241 1546 2271 exspectant,
1574 2244 1742 2272 supervaca-

111 2282 203 2309 ἄλλων
225 2282 312 2309 ταῦτα
336 2283 582 2317 συγγεγραφότων,
599 2279 639 2314 οἷς
666 2282 754 2318 ῥᾴδιον
769 2284 899 2317 ἐντυχεῖν,

111 2327 161 2354 καὶ
178 2327 273 2362 μαθεῖν
286 2328 359 2359 ὅπως
371 2327 425 2354 τῶν
441 2327 509 2354 ὅλων
525 2328 538 2354 ό
550 2327 685 2362 Πρύτανις
700 2328 824 2362 γεραίρει
838 2329 900 2359 τοὺς

112 2373 208 2404 εὖνους
226 2373 403 2408 θεράποντας.
421 2374 453 2400 Εἰ
474 2373 503 2400 δέ
520 2382 561 2403 τις
581 2374 693 2405 ἐκείνοις
707 2374 852 2406 διαπιστεῖ,
867 2375 901 2401 τὰ

112 2419 161 2445 νῦν
176 2420 240 2454 περὶ
252 2420 301 2454 τὴν
317 2420 423 2446 ἐκείνου
440 2419 526 2455 θήκην
542 2419 589 2447 καὶ
604 2419 649 2445 τὸν
666 2419 811 2454 ἀνδριάντα
825 2420 900 2453 γινό-

115 2473 185 2500 μενα
214 2465 340 2500 βλέπων,
371 2466 573 2492 morandum“
605 2466 660 2497 τοῖς
686 2466 899 2500 γεγραμμένοις,

113 2509 161 2535 καὶ
186 2508 226 2544 τῷ
248 2511 363 2544 φήσαντι
388 2510 528 2546 Δεσπὸτῃ·
560 2519 569 2536 ‹
597 2511 664 2542 Τοὺς
690 2510 850 2542 δοξάζοντας
867 2519 900 2545 με

113 2554 236 2587 δοξάσω,
256 2556 303 2582 καὶ
326 2556 352 2582 οἰ
378 2555 580 2588 ὲξουθενοῦντές
612 2564 644 2591 με
673 2555 901 2592 ἐξουθενωοήσον-

113 2609 169 2627 ται.
193 2610 203 2626 Ι

155 2664 167 2677 ⁸
185 2658 194 2685 l
208 2658 275 2695 Reg.
291 2666 321 2690 ιι,
333 2659 378 2686 30.

955 2290 1034 2309 neum
1053 2289 1124 2309 ame
1143 2282 1196 2309 dici
1226 2281 1365 2312 existimo,
1386 2289 1447 2308 cum
1474 2281 1531 2308 haec
1558 2281 1603 2308 alii
1632 2282 1743 2316 scriptis

955 2328 1134 2363 prodiderint,
1156 2335 1227 2362 quos
1256 2327 1346 2362 legere
1361 2327 1434 2359 licet,
1453 2327 1608 2362 quibusque
1623 2327 1742 2362 praemiis

954 2374 1049 2401 ﬁdeles
1079 2381 1144 2401 suos
1174 2372 1290 2400 famulos
1313 2373 1435 2399 omnium
1462 2372 1618 2399 Moderator
1644 2371 1742 2399 alliciat

954 2420 1123 2455 perdiscere.
1135 2419 1213 2452 Quod
1240 2419 1262 2446 si
1281 2418 1324 2446 his
1349 2419 1494 2454 quisquam
1511 2418 1590 2445 ﬁdem
1620 2418 1742 2444 nondum

957 2467 1048 2499 habet,
1066 2466 1090 2493 is
1107 2473 1138 2492 ea
1156 2473 1217 2500 qum
1235 2473 1308 2492 nunc
1328 2464 1361 2491 ad
1375 2465 1434 2499 ejus
1452 2463 1570 2491 loculum
1584 2464 1610 2490 et
1623 2466 1743 2490 statuam

955 2514 1032 2546 tiunt,
1050 2512 1161 2539 intuens
1180 2511 1273 2539 credat
1289 2511 1322 2538 iis
1346 2518 1406 2546 qua:
1423 2515 1526 2544 scripta
1546 2512 1611 2536 sunt
1623 2528 1630 2541 ,
1644 2514 1670 2536 et
1687 2508 1742 2535 Do-

955 2559 1040 2590 mino,
1059 2557 1185 2593 quidixit
1204 2567 1210 2584 :
1229 2556 1440 2584 «Gloriticantes
1461 2564 1503 2583 me
1525 2554 1696 2590 gloriﬁcabo,
1717 2558 1744 2580 et

955 2604 1002 2639 qui
1014 2611 1057 2631 me
1071 2607 1217 2638 spernunt,
1235 2603 1286 2637 ipsi
1306 2609 1415 2638 quoque
1431 2606 1596 2637 spernentur
1604 2607 1628 2627 ι.
1641 2610 1652 2626 »

770 2716 886 2745 νΑιιιῶ
907 2718 1055 2746 LECTION
1064 2718 1116 2746 ES.

149 2774 172 2811 ’τ
189 2773 282 2811 αὐτοιξῇ
294 2774 370 2802 addit
383 2774 477 2810 Steph.
515 2776 538 2792 ¹⁶
553 2775 713 2811 ἀπατηθείς.
727 2775 788 2803 Bas.
804 2776 891 2804 Grec.

115 2810 248 2845 probante
261 2809 380 2838 Valesio.

117 2880 218 2908 σάσοω.
233 2879 315 2915 Steph
321 2900 327 2907 .

432 2778 477 2810 ph.
515 2778 538 2792 "
553 2778 713 2811 ἀπατηθείς.
728 2778 788 2803 Bas.
804 2778 891 2804 Grec.
941 2778 964 2794 "
979 2787 1046 2813 πονη

432 2811 454 2828 ³⁸
469 2810 673 2847 ἁληθῶςνὲξηπ.
690 2811 752 2839 Bas.
779 2811 878 2844 Graec,
895 2813 990 2847 Steph.
1045 2823 1046 2827 π

115 2845 374 2884 κατηγορουμένων.
386 2845 468 2873 ldctn.
507 2846 529 2863 ³³
543 2846 618 2880 ἁγίου
635 2845 839 2874 Κωνσταντίνου
855 2847 914 2882 βασ.
932 2845 1025 2884 Steph.

1051 2778 1121 2813 ρίαν.
1139 2777 1199 2805 Bas.
1216 2778 1316 2808 Graec,
1330 2776 1549 2813 Savilii,Allatii.
1567 2775 1627 2813 Pini
1645 2776 1741 2813 codegr,

1045 2814 1066 2829 ³¹
1082 2813 1238 2855 προφέρων.
1256 2812 1422 2855 Ιξειεκϐηξο.
1458 2812 1499 2855 ﬂ"
1510 2813 1570 2839 ταῖν
1581 2812 1676 2855 ἀκοατν
1689 2812 1743 2838 τῶν

1083 2847 1108 2865 π
1122 2847 1241 2880 ἅπαντες
1256 2848 1333 2876 abest
1348 2855 1361 2874 ει
1378 2847 1440 2876 Bas.
1457 2847 1542 2875 Grato.
1598 2847 1619 2863 ³⁸
1632 2854 1743 2872 πιστευ-
