1987 3118
112 173 164 204 997

418 225 542 252 ΚΕΦΑΛ.
559 225 596 252 Δ’.

112 271 182 306 Περὶ
195 270 319 298 Παύλου
330 269 383 297 τοῦ
394 269 555 305 γενομένου
565 270 734 297 ἐπισκόπου
743 271 898 297 Κωνσταν-

404 306 613 338 τινοιιπόλεως.

144 351 202 379 Καὶ
229 350 284 386 γὰρ
304 350 410 378 Παῦλον
439 350 761 386 (Κωνσταντινουπόλεως
785 351 813 377 δέ
839 351 900 377 ἐπί-

113 405 215 428 σκοπος
229 395 263 432 ἦν
277 393 369 429 οὗτος,
394 396 448 422 τῶν
470 395 557 430 ὀρθῶν
574 395 789 431 προκινδυνεύων
801 396 822 412 τ’
841 396 901 430 δογο

114 442 238 478 μάτων),
268 442 292 468 οἰ
322 442 371 476 τῆς
402 441 571 477 Ἀρειανικῆς
606 441 795 476 μετειληχότες
822 441 900 468 νόσου

112 489 286 524 ἐγράψαντο,
311 489 348 520 ὡς
375 488 496 520 στάσεως
511 488 650 523 ἀρχηγόν·
673 489 721 515 καὶ
745 488 813 514 ἄλλα
839 487 899 514 τινὰ

113 535 289 568 προσθέντες,
304 534 321 562 ἃ.
336 536 513 569 συκοφαντεῖν
524 534 654 561 εἰώθεσαν
664 535 685 550 ⁷⁸
698 535 748 568 τῆς
760 534 901 565 εὐσεὸείας

111 581 177 612 τοὺς
196 583 330 615 κήρυκας.
349 580 430 607 Ἀλλὰ
447 580 540 607 τοῦτον
559 581 709 615 τηνικαῦτα
733 581 782 607 οὐκ
808 581 900 606 εἴασεν

112 628 126 653 ὁ
142 627 212 658 λεὼς
239 628 276 658 εἰς
298 627 348 660 τὴν
378 626 511 661 Σαρδικὴν
529 622 701 660 ἀπαχθῆναι,
728 625 777 657 τὰς
790 625 843 651 τῶν
859 626 901 651 ἐν-

112 673 214 699 αντίων
237 671 397 707 ὀρρωδήσας
421 671 577 702 amcam;
599 671 704 706 Μικρὸν
730 670 757 696 δὲ
776 669 899 705 ὕστερον,

112 721 164 755 τὴν
179 719 350 753 κουφοτατην
364 716 412 743 τοῦ
439 717 571 752 βασιλέως
592 717 813 752 παραπείσαντες
832 716 901 750 γνώ-

115 773 185 800 μην,
206 764 255 799 τῆς
277 764 325 798 μὲν
352 762 546 798 βασιλευούσης
563 763 770 798 ἐξωστράκισαν
784 762 899 795 πόλεως,

115 810 272 845 μετῴκισαν
293 809 320 835 δὲ
335 810 374 840 εἰς
397 809 550 834 Κουκουσόν
563 816 570 823 ·
589 808 666 839 πόλις
679 808 707 834 δέ
721 808 789 842 αὕτη
804 807 900 843 μικρὰ,

114 856 199 882 πάλαι
220 856 269 890 μὲν
292 856 331 885 εἰς
350 854 380 880 τὸ
403 853 591 880 Καππαδοκῶν
610 853 685 884 ἔθνος
699 853 815 879 τελοῦσα
827 873 834 885 ,
853 852 900 878 νῦν

113 901 142 927 δέ
167 909 198 935 γε
223 902 256 935 τῇ
282 899 414 935 Ἀρμενίᾳ
447 901 480 934 τῇ
511 899 624 934 δευτέρα
649 898 896 933 συναριθμουμένη.
917 919 937 946 Β

114 947 187 973 Ἀλλ’
200 947 250 972 οὐκ
263 945 402 981 ἀπέχρησε
416 946 472 976 τοῖς
484 946 573 971 πάντα
588 945 707 971 κυκῶσιν
725 945 742 980 ἡ
754 946 781 970 ὲν
797 943 900 980 ἐρημίᾳ

113 994 160 1021 τοῦ
188 993 339 1028 Θαυμασίαν
362 991 468 1018 Παύλου
491 991 635 1028 διατριὸήσ
668 991 825 1026 πέμψαντες
846 990 900 1026 γὰρ

112 1040 162 1075 τῆς
176 1040 318 1074 μιαιφόνου
326 1038 438 1073 γνώμης
449 1039 511 1069 τοὺς
522 1038 687 1073 ὑπουργοὺς,
702 1038 781 1073 βιαίῳ
794 1037 900 1072 θανάτῳ

115 1086 172 1122 [751
190 1086 352 1120 παρέδοσαν.
371 1085 426 1111 Καὶ
443 1085 523 1111 τοῦτο
538 1086 611 1120 ἡμᾶς
623 1085 646 1101 ⁷⁵
662 1086 675 1111 ὁ
691 1084 761 1116 θεῖος
781 1082 900 1116 ἐδίδαξεν

113 1131 285 1162 Ἀθανάσιος,
300 1131 328 1156 ἐν
342 1131 375 1165 τῇ
395 1130 459 1165 περὶ
474 1131 522 1165 τῆς
542 1129 611 1161 ἰδίας
622 1130 644 1145 ⁷³
658 1129 747 1164 φυγῆς
767 1128 901 1163 ἀπολογίᾳ

114 1177 162 1203 καὶ
191 1176 277 1202 ταῦτα
305 1174 504 1209 προστεθεικώς
519 1184 525 1190 ·
544 1175 595 1201 Τὸν
613 1174 668 1209 γὰρ
690 1174 738 1208 τῆς
752 1174 899 1200 Κωνσταν-

113 1223 295 1254 τινουπόλεως
318 1221 422 1249 Παῦλον
437 1221 482 1247 τὸν
507 1221 656 1247 ἐπίσκοπον
674 1220 835 1252 διώξαντες,
853 1219 901 1245 καὶ

114 1271 251 1305 εὑρόντες,
275 1268 423 1304 προφανῶς.
445 1268 630 1301 ἀποπνιγῆναι
651 1267 832 1302 πεποιήκασιν
846 1285 853 1296 ,
872 1265 900 1291 ὲν

114 1317 147 1351 τῇ
170 1314 304 1350 λεγομένῃ
330 1313 479 1348 Κουκουσῴ
500 1315 550 1348 τῆς
570 1312 766 1342 Καππαδοκίας
779 1332 787 1342 ,
804 1311 901 1346 δήμιον

115 1361 263 1396 ἐσχηκότες
283 1361 321 1391 εἰς
336 1359 415 1386 τοῦτο
431 1359 562 1385 Φίλιππον
579 1358 625 1384 τὸν
652 1358 796 1393 γενόμενον
811 1357 900 1393 ἐπαρ-

114 1416 181 1442 χον·
205 1404 239 1442 ἦν
255 1407 313 1445 γὰρ
333 1406 380 1432 καὶ
402 1406 450 1439 τῆς
470 1405 602 1440 αἱρέσεως
624 1405 713 1431 αὐτῶν
735 1404 900 1439 προστάτης,

114 1454 160 1480 καὶ
175 1453 231 1479 τῶν
246 1452 374 1487 πονηρῶν
390 1450 581 1485 βουλευμάτων
596 1449 746 1485 ὑπηρέτης.
768 1449 901 1480 Τοιαύτας

116 1497 274 1533 μιαιφονίας
299 1499 316 1532 ἡ
334 1496 440 1532 ’Δρείου
463 1496 649 1531 βεϐλάστηκεν
671 1494 839 1530 βλασφημία.
860 1494 899 1530 Τῇ

114 1546 168 1580 γὰρ
184 1544 255 1570 κατὰ
267 1542 314 1569 τοῦ
329 1542 497 1576 Μονογενοῦς
513 1542 598 1577 λύττῃ
615 1540 759 1576 συμϐαίνει
778 1540 811 1567 τὰ
827 1540 898 1567 κατὰ

113 1590 169 1618 τῶν
181 1591 287 1617 ἐκείνου
308 1589 480 1625 ῦεραπόντων
497 1588 671 1622 τολμήματα.

413 1645 539 1672 ΚΕΦΑΛ.
563 1645 600 1671 Ε’-

113 1704 185 1738 Περὶ
201 1702 399 1733 Μακεδονίου,
415 1701 463 1738 καὶ
486 1699 541 1738 τῆς
557 1699 602 1726 ἐπ’
622 1699 714 1727 αὑτοῦ
740 1698 902 1732 συστάσης

429 1735 569 1769 αΙρέο-εως
574 1755 581 1762 .

150 1783 235 1810 Ἀλλὰ
256 1782 351 1809 τοῦτον
368 1781 440 1807 οὕτω
461 1779 611 1814 θανάτῳ⁷⁶,
627 1779 725 1814 μᾶλλον
743 1779 771 1804 δὲ
791 1779 824 1814 τῇ
847 1778 902 1804 τῶν

115 1829 238 1865 οὐρανῶν
253 1825 486 1862 παραπέμψαντες
502 1824 625 1860 βασιλείᾳ
635 1844 642 1856 ,
659 1824 826 1850 Μακεδόνιον
841 1823 902 1850 ἀντὶ

115 1875 212 1902 τούτου
230 1872 413 1908 προύϐάλοντο
425 1891 432 1902 ,
447 1869 625 1906 ὁμογνώμονα
649 1870 742 1896 τοῦτον
752 1869 774 1885 ⁷⁷
791 1868 902 1904 ὑπειλη-

115 1921 208 1954 φότες,
228 1917 323 1952 ἐπειδὴ
347 1915 546 1951 παραπλησίως
563 1915 654 1945 αὐτοῖς
679 1914 850 1949 ἐϐλασφήμει
870 1913 901 1940 τὸ

115 1965 250 1998 πανάγιον
265 1961 387 1996 Πνεῦμα.
408 1960 487 1987 Ἀλλὰ
503 1959 599 1995 μικρὸν
614 1958 727 1994 ὕστερον
744 1959 791 1985 καὶ
806 1958 900 1985 τοῦτον

115 2011 263 2046 ἐξήλασαν,
283 2008 387 2043 κτίσμα
403 2007 491 2041 λέγειν
508 2006 558 2033 οὐκ
577 2005 772 2040 ἀνασχόμενον,
792 2004 821 2032 ὃν
837 2005 901 2031 Υξὺν

115 2057 132 2092 ὴ
153 2056 215 2082 θεία
241 2052 439 2093 προσαγορεύει
462 2052 569 2087 Γραφή.
602 2048 639 2077 OB
664 2050 692 2077 δὲ
716 2050 795 2085 χάριν
823 2046 901 2082 οὗτος

115 2102 230 2129 ἐκείνων
244 2099 414 2135 ἀποκριθεὶς,
430 2097 496 2129 ιδίας
508 2097 639 2132 αἱρέσεως
652 2096 808 2131 προστάτης
823 2096 901 2130 γεγέ-

115 2156 207 2183 νηται,
224 2145 367 2181 ὁμοούσιον
386 2145 436 2179 μὲν
453 2144 513 2170 οὑδέ
527 2140 604 2174 οὗτος
624 2142 663 2176 τῷ
678 2143 764 2178 Harp!
778 2142 824 2168 τὸν
836 2141 900 2168 Υἱὸν

114 2190 185 2219 εῖναι
198 2191 296 2225 λέγων,
308 2191 399 2226 ὅμοιον
414 2190 441 2216 δὲ
456 2186 525 2215 εἶναι
539 2188 609 2215 κατὰ
623 2188 711 2214 πάντα
724 2187 762 2222 τῷ
774 2196 901 2223 γεγεννη-

622 168 913 199 ΕΟΕιΕΞΙΑδΤῐΕ.Ε
927 167 1118 198 HISTORIA!
1132 169 1206 199 LIB.
1221 168 1249 198 ῘῘ

1685 173 1737 204 993

1120 222 1217 251 «me.
1234 223 1278 251 tv.
1300 223 1341 260 [Β.
1360 224 1401 253 St.
1414 225 1463 252 cn.
1481 224 1511 251 v.
1529 225 1568 261 δ]

987 269 1026 296 De
1043 269 1128 297 Paulo
1146 269 1450 304 Constantinopolitmtw
1474 271 1546 298 urbis
1572 271 1703 306 episcopo.

989 338 1096 374 Etenim
1131 347 1244 375 Paulum
1276 349 1436 384 episcopum
1457 347 1741 383 Constantinopolim.

951 401 1027 426 num,
1042 399 1180 421 rectorum
1202 394 1361 429 dogmatum
1375 395 1551 422 defensorem
1579 394 1719 429 egregium
1731 414 1739 426 ,

951 439 1046 466 Ariani
1064 444 1194 474 tanquam
1213 439 1336 467 conﬂata:
1362 441 1508 468 seditionis
1528 445 1668 467 auctorem
1685 440 1739 467 eri-

952 485 1048 512 minati
1063 491 1141 517 sunt,
1159 485 1220 513 aliis
1239 487 1322 513 etiam
1339 486 1505 521 quibusdam
1524 486 1655 520 adjectis,
1671 493 1739 520 qua-

952 530 988 557 lia
1006 531 1032 557 in
1058 531 1169 566 pietatis
1185 531 1267 566 830
1283 540 1426 566 praecones
1455 532 1613 567 conﬁngere
1638 532 1739 559 solent.

952 575 1003 602 Sed
1021 575 1093 602 hunc
1116 576 1259 604 Sardicam
1282 577 1307 603 id
1332 578 1463 612 temporis
1483 578 1580 604 abduci
1604 577 1739 612 populus,

952 621 1174 648 adversariorum
1197 627 1321 650 metuens
1345 623 1469 655 insidias,
1487 631 1584 658 passus
1604 631 1658 650 non
1687 627 1739 650 est.

952 665 1129 694 Postntodutn
1159 675 1240 701 vero,
1270 668 1440 696 levissimum
1469 670 1643 703 imperatoris
1678 669 1740 695 ani-

952 719 1025 738 mum
1041 719 1074 738 eo
1100 712 1282 747 impellentes,
1308 714 1375 741 urbe
1389 714 1462 749 regia
1478 714 1632 749 ejecerunt,
1647 715 1739 741 Cucu-

953 765 1068 791 sumque
1084 758 1252 793 relegarunt.
1267 758 1386 786 Parvum
1407 760 1434 787 id
1447 760 1578 794 oppidum
1599 765 1652 791 est,
1668 759 1741 793 Cap-

953 803 1087 838 padocum
1114 805 1178 831 olim
1205 806 1309 841 gentis,
1340 813 1414 833 nunc
1441 806 1581 833 Armenia:
1613 807 1742 835 secunda:

953 848 1126 875 attributum.
1145 850 1180 875 At
1197 857 1293 884 parum
1317 849 1370 877 fuit
1385 851 1627 885 perturbatoribus
1648 859 1740 878 rerum

952 894 1087 927 omnium,
1103 895 1291 924 admirabilem
1314 896 1429 923 Paulum
1457 896 1567 924 deserta
1592 897 1741 924 solitudine

952 940 1071 968 detineri
1088 950 1094 968 :
1112 942 1157 968 sed
1174 943 1268 970 missis
1284 948 1408 970 cruentae
1418 944 1567 971 voluntatis
1584 951 1640 970 sua:
1652 943 1740 969 admi-

952 987 1057 1018 nistris,
1082 986 1202 1014 violenta
1230 988 1307 1014 illum
1344 994 1433 1015 morte
1464 988 1627 1015 alfecerunt.
1662 987 1739 1020 Quod

952 1033 1039 1066 ipsum
1055 1039 1106 1059 nos
1120 1032 1199 1059 docet
1219 1033 1328 1060 divinus
1348 1033 1527 1065 Athanasius,
1554 1033 1582 1060 in
1613 1033 1741 1068 apologia

952 1077 985 1104 de
998 1077 1060 1112 fuga
1076 1085 1125 1104 sua
1140 1078 1198 1105 haec
1214 1079 1285 1106 inter
1301 1080 1354 1106 alia
1377 1079 1503 1107 scribens
1521 1089 1528 1106 :
1544 1079 1742 1106 Constantino-

953 1124 1103 1157 politanutn
1120 1125 1281 1160 episcopum
1305 1125 1420 1152 Paulum
1438 1126 1588 1159 persecuti,
1613 1125 1742 1160 nactique

952 1169 1023 1204 apud
1056 1169 1206 1202 (incusum,
1233 1176 1261 1197 ut
1286 1175 1397 1203 vocant,
1427 1171 1623 1206 Cappadociae,
1651 1171 1741 1205 palam

952 1215 1179 1249 strangulandum
1191 1220 1335 1248 curarunt,
1352 1217 1484 1244 carniiice
1499 1217 1532 1244 ad
1546 1225 1607 1244 eam
1623 1224 1680 1243 rem
1699 1215 1742 1242 usi

952 1260 1077 1295 Philippo
1089 1261 1228 1295 praefecto,
1246 1262 1292 1297 qui
1316 1267 1343 1290 et
1359 1263 1472 1290 hmresis
1497 1263 1620 1298 ipsorum
1641 1262 1740 1288 vindex

952 1312 983 1332 ac
995 1305 1123 1332 defensor
1138 1311 1208 1338 erat,
1231 1311 1258 1333 et
1275 1307 1402 1334 minister
1426 1314 1619 1342 perversurum
1646 1307 1740 1334 consi-

952 1350 1061 1377 liorum.
1086 1351 1152 1378 Tan
1177 1356 1306 1379 cruentas
1334 1353 1417 1388 igitur
1442 1352 1530 1380 caedes
1563 1352 1660 1379 edebat
1681 1352 1741 1379 Arii

952 1395 1133 1430 blasphemia.
1146 1396 1213 1424 Nam
1231 1397 1317 1424 furori
1334 1399 1467 1425 adversus
1481 1397 1658 1432 Unigenitum
1675 1405 1741 1424 con-

953 1445 1054 1474 grnnnt
1070 1446 1096 1467 et
1118 1442 1173 1473 illa,
1189 1449 1250 1475 quae
1275 1446 1373 1468 contra
1396 1441 1456 1476 ejus
1472 1441 1589 1469 famulos
1606 1450 1678 1470 ausu
1693 1449 1742 1470 ne-

952 1483 1025 1510 fario
1038 1487 1243 1518 perpetrantur.

1136 1626 1214 1656 car.
1230 1627 1263 1656 v.
1281 1629 1324 1666 [Β.
1340 1629 1381 1658 St.
1401 1630 1452 1658 cn.
1468 1630 1501 1658 v.
1515 1631 1555 1667 6.]

1038 1683 1075 1711 De
1087 1684 1240 1712 Macedonio
1255 1690 1279 1712 et
1297 1686 1433 1713 Itwresiab
1454 1695 1484 1714 eo
1506 1686 1669 1715 introducta.

988 1773 1136 1809 Postquam
1153 1782 1216 1801 vero
1231 1775 1304 1802 hunc
1318 1776 1355 1802 ita
1371 1776 1466 1809 morti,
1484 1777 1525 1804 vel
1540 1777 1673 1805 cmlorum
1689 1786 1741 1814 po-

952 1818 1010 1846 tius
1035 1826 1119 1854 regno
1144 1819 1380 1853 transmiserunt,
1411 1821 1600 1849 Macedonium
1627 1823 1655 1850 in
1680 1823 1741 1858 ejus

951 1866 1041 1893 locum
1057 1870 1249 1900 proveXerunt,
1266 1873 1323 1894 suae
1342 1867 1418 1894 illum
1446 1868 1586 1903 opinionis
1602 1877 1663 1897 esse
1676 1871 1740 1902 rati,

952 1917 1098 1947 propterea
1117 1912 1189 1947 quod
1215 1913 1243 1940 in
1261 1913 1396 1948 Spiritum
1422 1919 1548 1942 sanctum
1573 1916 1688 1951 perinde
1711 1921 1742 1944 ut

952 1957 1004 1992 ipsi
1035 1957 1114 1992 831
1145 1958 1364 1993 hlasphemabat.
1393 1959 1446 1987 Sed
1463 1961 1471 1971 ‘
1488 1968 1541 1988 non
1562 1962 1649 1989 multo
1679 1967 1742 1998 post

953 2004 1026 2030 hunc
1042 2011 1150 2038 quoque
1167 2004 1256 2039 ipsum
1269 2009 1461 2040 extruserunt,
1485 2014 1549 2034 cum
1570 2007 1669 2035 adduci
1685 2016 1739 2035 non

952 2053 1055 2083 posset,
1073 2052 1102 2075 ut
1117 2055 1274 2076 creaturam
1286 2057 1350 2077 eum
1366 2050 1482 2084 diceret,
1499 2059 1580 2087 quem
1598 2053 1742 2088 Scriptura

952 2094 1045 2121 divina
1073 2093 1172 2121 Filium
1197 2100 1379 2130 nuncuparet.
1411 2096 1498 2129 Quam
1524 2098 1560 2124 oh
1577 2105 1689 2126 causam
1706 2100 1742 2127 ab

951 2140 991 2166 eis
1007 2145 1175 2174 segregatus,
1189 2141 1307 2175 propriae
1320 2141 1372 2168 sibi
1391 2141 1506 2170 heresis
1527 2142 1616 2170 factus
1630 2147 1674 2171 est
1691 2151 1743 2172 au-

951 2188 1021 2216 ctor,
1049 2185 1315 2212 consubstantialem
1342 2186 1453 2220 quidem
1475 2186 1550 2214 Patri
1566 2192 1592 2214 et;
1613 2189 1670 2223 ipse
1695 2197 1743 2217 ne-

114 2238 174 2265 κότι
198 2237 352 2264 διδάσκων·
382 2234 490 2262 κτιστὸν
514 2234 542 2260 δέ
568 2234 598 2260 τὸ
621 2233 734 2268 Πνεῦμα
751 2232 899 2269 προφανῶς

954 2237 1018 2264 gans
1029 2229 1139 2261 Filium,
1172 2230 1219 2257 sed
1244 2230 1360 2258 similem
1377 2239 1425 2266 per
1440 2233 1532 2260 omnia
1550 2233 1674 2261 Genitori
1695 2235 1743 2263 do-

114 2284 266 2320 ὀνομάζων.
283 2283 376 2310 Ταῦτα
400 2282 447 2317 μὲν
463 2278 509 2307 οὖν
523 2280 553 2307 οὑ
577 2278 667 2315 πολλῷ
681 2279 770 2314 χρόνῳ
785 2278 899 2314 ὕστερον

113 2330 186 2357 οὕτω
199 2330 322 2364 γέγονεν,
338 2328 375 2360 ὡς
391 2328 553 2363 εἰρήκαμεν.

412 2422 536 2449 ΚΕΦΑΛ.
553 2423 599 2456 ς’.

155 2481 226 2516 Περὶ
245 2482 299 2515 τῆς
318 2482 353 2508 ἐν
373 2480 501 2514 Σαρδικῇ
516 2479 679 2514 γενομένης
705 2478 848 2506 συνόδου.

147 2529 194 2560 Εἰς
206 2528 234 2554 δὲ
249 2527 297 2563 τὴν
310 2527 444 2562 Σαρδικὴν
458 2526 626 2560 πεντήκοντα
647 2525 696 2560 μὲν
708 2526 754 2551 καὶ
767 2525 898 2552 διακόσιοι

112 2573 243 2608 συνῆλθον
258 2573 392 2607 ἀρχιερεῖς
403 2591 409 2601 ,
423 2571 461 2602 ὡς
487 2570 606 2597 διδάσκει
629 2569 663 2596 τὰ
687 2569 788 2596 παλαιὰ
802 2570 898 2604 διηγή‹

113 2629 196 2655 ματα.
225 2618 350 2653 Ἀφίκετο
375 2617 403 2643 δὲ
429 2617 475 2643 κατ¹
501 2617 515 2643 ὁ
544 2616 630 2650 μέγας
657 2615 833 2646 Ἀθανάσιος,
851 2614 898 2642 καὶ

117 2665 274 2700 ’Δσκληπᾶς
289 2665 303 2691 ὁ
319 2663 450 2696 Γαζαῖος,
467 2657 497 2688 οὗ
523 2661 572 2688 καὶ
602 2661 719 2697 πρόσθεν
747 2661 895 2697 ἐμνήσθην,

954 2283 1032 2306 cens,
1052 2279 1206 2302 creaturam
1221 2280 1312 2302 autem
1327 2275 1461 2311 Spiritum
1475 2282 1570 2313 aperte
1583 2280 1742 2308 nominans.

954 2323 1016 2350 Haec
1030 2322 1124 2357 igitur,
1145 2322 1181 2349 ita
1198 2326 1228 2349 ut
1248 2323 1380 2357 diximus,
1397 2332 1452 2356 non
1477 2325 1558 2362 longo
1586 2331 1647 2362 post
1671 2331 1742 2355 temo

953 2376 1019 2404 pore
1038 2372 1114 2403 gesta
1132 2371 1205 2395 sunt.

1128 2423 1205 2452 CAP.
1219 2423 1262 2451 v1.
1280 2423 1320 2461 [Β.
1341 2424 1381 2453 St.
1399 2425 1451 2453 Ch.
1475 2426 1507 2456 v.
1527 2426 1571 2463 1.]

1184 2481 1224 2509 De
1236 2482 1336 2517 synodo
1352 2482 1514 2512 Sardt'censt'.

985 2526 1064 2562 Apud
1085 2525 1227 2554 Sardicam
1244 2535 1309 2555 vero
1326 2528 1459 2564 episcopi,
1476 2534 1506 2557 ut
1533 2531 1655 2566 antiquis
1679 2539 1740 2560 mo-

950 2572 1079 2600 nimentis
1107 2572 1243 2607 proditum
1274 2577 1326 2606 est,
1357 2574 1467 2602 ducenti
1493 2580 1520 2603 et
1541 2576 1739 2612 quinquaginta

951 2622 1150 2645 convenerunt.
1173 2617 1274 2646 Eodem
1296 2619 1369 2647 venit
1383 2623 1410 2647 et
1427 2628 1544 2656 magnus
1559 2622 1738 2657 Athanasius,

950 2666 978 2691 et
992 2664 1124 2700 Asclepas
1145 2663 1269 2699 Gazaeus,
1284 2665 1366 2701 cujus
1381 2670 1460 2694 antea
1483 2667 1608 2702 memini,
1619 2673 1647 2695 et
1665 2668 1738 2695 Mar-

763 2751 880 2780 VARIA‘J
899 2753 1098 2782 LECTIONES.

144 2804 166 2820 ¹¹²
177 2801 441 2839 προκινδυνεύοντα-,ἓ
454 2799 538 2839 βεεὶι.
558 2799 645 2839 Graec:

111 2835 212 2873 Steph.
229 2872 233 2873 ν
258 2837 409 2873 "religatae.
424 2835 516 2873 Iidem.

110 2870 200 2901 αὑτῖὺν
218 2872 314 2907 Steph.
331 2872 349 2898 2
377 2875 404 2899 et
429 2870 546 2899 Casaub.

698 2799 719 2816 ⁷³
734 2800 957 2837 ei_tbO@t._Basjl.
979 2801 1026 2830 Gr.
1047 2806 1073 2830 et
1097 2802 1228 2837 Stephan.

580 2835 602 2851 ⁷⁸
613 2834 652 2870 τῷ
665 2834 723 2862 ea».
750 2834 832 2864 Basil.
851 2834 898 2863 Gr.
920 2836 1014 2871 Steph.

1272 2804 1295 2840 7⁸
1305 2805 1375 2840 ὑμᾶς
1395 2806 1492 2834 vitiose
1521 2806 1583 2834 Bas.
1605 2806 1690 2834 Gram.
1709 2809 1736 2834 et

1064 2837 1086 2854 ⁷⁷
1103 2838 1204 2866 τούτων
1217 2839 1301 2868 Basil.
1318 2837 1372 2868 Cr.
1386 2841 1480 2877 Steph.
1509 2843 1533 2870 1.
1562 2842 1614 2871 Sed
1633 2840 1736 2870 τούτων
