1998 3121
120 179 186 211 1065

602 176 900 207 ECCLESIASTICJE
920 176 1112 206 IIISTORL-E
1133 177 1205 217 LIB.
1229 177 1269 207 ll.

1682 178 1749 210 10ti6

118 234 165 268 τῆς
183 232 357 268 Ἐκκλησίας.
373 230 458 258 Τοῦτο
473 229 565 266 μαθὼν
579 230 593 256 6
615 230 752 262 Ἀκάκιος,
768 228 906 255 ἐπέστειλε

972 236 1049 265 psum
1062 229 1215 257 n'iiuisterio
1226 237 1281 257 non
1293 229 1446 264 prohibuit.
1460 229 1510 257 Ubi
1523 239 1586 259 vero
1598 232 1750 262 Seleuciam

118 279 155 314 τῷ
172 277 304 312 Σιλὸανῷ,
318 277 364 304 καὶ
376 276 425 311 τὴν
438 272 597 310 καθαίρεσιν
609 274 655 301 τοῦ
671 274 804 310 Κυρίλλου
820 274 908 309 μεμή-

118 332 208 351 νυκεν.
236 324 266 350 '0
292 323 331 356 δὲ,
345 323 393 350 καὶ
413 321 458 349 τὸν
480 320 613 357 Κύριλλον
629 320 798 355 αἰδούμενος,
815 321 864 347 καὶ
878 320 908 346 τὸ

117 369 219 405 πλῆθος
234 369 420 404 ὑφορώμενος,
446 368 543 403 ἥδιστα
565 367 619 403 γὰρ
636 367 685 402 τῆς
710 366 757 393 τοῦ
773 365 908 402 Κυρίλλου

117 416 290 447 διδασκαλίας
310 414 445 451 ὰπήλαυε,
460 414 509 450 τῆς
533 413 762 448 ὲκκλησιαστικῆς
777 413 827 439 οὐκ
841 412 909 439 ἑκώ-

117 463 181 489 λυσε
194 462 377 498 λειτουργίας.
396 461 505 496 Ἐπειδὴ
517 461 546 487 δὲ
557 460 686 495 συνῆλθον
699 461 739 491 εἰς
749 459 798 494 τὴν
814 458 909 485 Σελεύ-

117 518 206 542 κειαν,
223 509 361 536 ἐκοινώνει
387 508 437 544 μὲν
456 509 512 539 τοῖς
530 508 603 543 ἀμφὶ
622 506 668 534 τδν
696 506 845 539 Βασίλειον,
862 506 910 532 καὶ

118 556 277 588 Εὖστᾶθιον,
296 556 343 583 καὶ
359 555 500 587 Σιλὸανὺν,
522 555 569 582 καὶ
584 554 648 586 τοὺς
661 553 771 584 λοιποὺς
783 552 805 568 εδ
821 554 834 579 6
852 552 909 579 Κύ-

119 603 210 638 ριλλος
222 602 269 629 τοῦ
287 602 427 637 συνεδρίου
440 602 473 629 ⁵⁸.
495 601 524 628 ⁸0
543 601 572 628 δέ
587 609 620 635 γε
647 600 773 631 Ἀκάκιος
796 599 910 634 ἀφίκετο

118 648 169 684 μὲν
183 649 227 676 καὶ
240 649 320 681 αὐτὸς
334 649 403 684 πρὸς
422 649 486 677 τοὺς
501 647 711 683 συνεληλυθότας
728 645 893 677 ἐπισκόπους
902 653 908 660 '

117 696 288 731 πεντήκοντα
302 695 331 722 δὲ
344 693 414 730 ἦσαν
429 695 476 722 καὶ
493 694 590 721 ἑκατόν
600 702 607 710 ·
625 693 727 728 ἔφασκε
747 692 774 718 δὲ
788 691 825 728 μὴ
842 692 910 727 πρό-

117 749 196 776 τερον
212 741 303 773 αὐτοῖς
313 741 487 776 κοινωνήσειν
502 739 556 766 τῶν
568 739 771 775 βουλευμάτων,
783 738 847 774 πρὶν
859 737 911 770 ἔξω

117 787 245 822 γενέσθαι
269 786 317 813 τοῦ
340 786 470 820 συλλόγου
495 785 541 812 τὸν
571 784 715 820 Κύριλλον,
734 784 781 810 ἅτε
805 782 837 818 δὴ
862 783 911 818 τῆς

117 832 324 869 ἀρχιερωσύνης
339 832 560 869 γεγυμνωμένον.
577 831 632 858 Καί
645 839 717 862 τινες
733 830 783 865 μὲν
794 829 848 856 τῶν
861 829 912 865 τῆς

117 877 230 912 εἰρήνης
253 870 497 912 προμηθουμένων,
513 875 691 912 ὑποχωρῆσαι
707 874 753 901 τὸν
777 874 911 910 Κύριλλον

962 278 1157 309 pervenerunt,
1171 274 1292 309 Cyrillus
1305 282 1369 302 cum
1387 275 1498 309 Basilio,
1519 281 1546 303 et
1557 277 1712 312 Eustatbio,
1725 285 1752 308 et

963 318 1085 352 Silvano,
1104 322 1133 346 et
1153 319 1263 347 caeteris
1285 319 1407 347 concilio
1425 320 1509 357 894
1528 321 1668 351 intererat.
1680 325 1752 351 Aca—

961 366 1023 394 cius
1038 365 1114 394 venit
1132 365 1244 400 quidem
1260 369 1287 393 et
1297 365 1358 401 ipse
1382 366 1416 394 ad
1439 367 1584 403 episcopos
1599 376 1751 406 congrega-

962 416 1016 444 tos,
1034 419 1150 440 numero
1166 416 1277 440 centum
1299 417 1324 440 et
1340 413 1552 449 quinquaginta,
1572 415 1620 442 sed
1643 417 1753 450 negavit

956 466 992 486 se
1007 466 1069 486 cum
1087 458 1154 494 ipsis
1168 458 1202 486 de
1214 466 1243 486 re
1259 459 1312 486 ulla
1333 459 1409 494 prius
1424 459 1651 494 deliberaturum,
1669 471 1751 497 quam

962 505 1093 541 Cyrillus,
1110 510 1140 533 ut
1159 505 1320 540 episcopatu
1334 506 1470 540 privatus,
1491 507 1638 542 ejiceretur
1655 516 1670 536 e
1687 517 1753 536 eou-

961 551 1035 578 cilio.
1054 550 1148 586 Itaque
1162 551 1289 578 nonnulli
1307 551 1382 586 pacis
1400 552 1518 580 studiosi
1535 553 1667 589 Cyrillum
1691 562 1754 582 ora-

962 597 1028 624 bant
1042 602 1071 624 ut
1084 596 1235 629 recederet,
1254 598 1445 632 promittentes
1465 606 1495 626 se
1509 604 1571 635 post
1595 601 1751 636 dogmatum

961 642 1165 670 discussionem
1178 643 1212 670 de
1224 643 1311 678 ipsius
1322 650 1405 672 causa
1417 644 1632 680 disceptaturas.
1647 645 1754 679 Quibus

962 695 1025 715 cum
1042 696 1148 716 morem
1167 696 1222 716 non
1238 694 1356 724 gereret,
1373 690 1491 718 Aeacius
1516 691 1571 719 illis
1586 692 1692 720 relictis
1706 701 1754 721 ex-

962 734 1047 762 cessit
1061 743 1067 762 :
1085 739 1112 763 et
1125 740 1292 771 congressus
1304 743 1366 763 eum
1380 737 1513 769 Eudoxio,
1529 742 1630 767 metum
1646 739 1684 766 illi
1699 748 1755 774 quo
1777 757 1781 761 ~

963 780 1109 808 tenebatur
1130 781 1243 815 exemit,
1266 782 1449 818 ﬁduciamque
1469 783 1585 817 addidit,
1614 785 1755 820 spondens

963 833 993 853 se
1005 830 1154 861 patronum
1171 827 1211 854 illi
1234 829 1396 863 sociumque
1419 831 1601 858 certaminum
1619 831 1754 859 futurum.

965 872 998 899 Et
1024 873 1109 900 vetuit
1133 873 1245 908 quidem
1279 874 1354 901 nein
1378 875 1525 902 concilium
1551 876 1678 910 intraret,
1707 878 1755 905 sed

119 923 253 954 ἱκέτευον,
277 921 487 957 ὑπισχνούμενοι
520 921 589 956 μετὰ
612 920 662 955 τὴν
687 919 742 946 τῶν
768 918 911 953 δογμάτων

970 918 1233 954 Soustantinopolim
1254 927 1317 947 cum
1336 927 1369 948 eo
1385 921 1528 955 profectus
1541 926 1594 950 est.

117 969 267 1005 διάκρισιν,
283 970 329 995 καὶ
346 968 396 1003 τὴν
411 969 470 995 κατ’
490 967 571 994 αὑτὸν
586 965 723 999 ἐξετάζειν
738 965 918 999 ὑπόθεσιν-*⁸.
945 965 1054 1001 Ἐπειδὴ
1069 965 1098 991 δὲ
1114 965 1165 992 οὐκ
1199 963 1265 1000 εἶξε,
1283 966 1440 994 καταλιπὼν
1456 967 1506 1002 μὲν
1518 968 1616 1001 αὐτοὺς
1631 970 1644 996 6
1673 970 1755 997 Ἀκά-

118 1024 179 1047 tuo;
196 1015 371 1051 ἐξελήλυθεν·
387 1014 506 1050 Εὺὸοξίῳ
528 1013 557 1041 δὲ
578 1014 787 1048 συγγενόμενος,
811 1013 842 1040 τὸ
864 1012 914 1048 μὲν
939 1013 1099 1048 ἐγκείμενον
1119 1013 1234 1049 ἐξήλασε
1252 1014 1322 1048 δέος,
1357 1014 1458 1050 θάρσος
1490 1015 1518 1041 δὲ
1542 1016 1664 1052 ἐνέθηκε,
1692 1026 1756 1044 συν-

118 1063 220 1098 ήγορος
250 1062 331 1091 αὺτοῦ
361 1062 410 1089 καὶ
442 1062 645 1097 συναγωνιστὴς
669 1061 883 1097 ὑπισχνούμενος
903 1060 925 1076 ⁸⁷
944 1060 1066 1088 ἔσεσθαι·
1092 1062 1140 1088 καὶ
1160 1062 1200 1094 εις
1225 1062 1274 1097 μὲν
1298 1062 1328 1089 τὸ
1352 1063 1490 1098 συνέδριον
1513 1064 1643 1092 εἰσελθεῖν
1676 1065 1757 1093 αὑτὸν

118 1108 280 1141 διεκώλυσε,
303 1108 353 1144 τὴν
377 1108 405 1135 δὲ
431 1107 716 1135 Κωνσταντινούττολιν
739 1108 788 1134 σὺν
812 1107 912 1142 ἐκείνῳ
931 1107 1076 1134 κατέλαϐε.

417 1155 542 1182 ΚΕΦΔΛ.
560 1155 623 1182 Kl".

121 1204 193 1239 Περὶ
216 1203 276 1231 τῶν
289 1203 332 1239 ἑνί
348 1202 666 1239 Κωνσζαντινουπόλει
684 1201 915 1237 συμϐεϐηκότων

289 1238 351 1271 τοῖς
366 1237 537 1272 ὀρθοδόεοις
555 1237 743 1271 ἐπισκόποις.

158 1285 348 1316 Κωνστάντιος
365 1283 419 1320 γὰρ
435 1284 488 1311 ἀπὸ
505 1284 554 1319 τῆς
569 1284 688 1319 ἑσπέρας
703 1283 868 1316 ἐπανελθὼν,
885 1283 915 1310 ὲν

122 1332 209 1367 ταύτῃ
223 1330 352 1366 διέτρισε.
367 1330 454 1357 Πολλὰ
468 1330 496 1357 δὲ
509 1329 562 1357 τῶν
577 1329 794 1364 συνεληλυθότων
808 1330 854 1356 ἐπὶ
867 1329 915 1356 τοῦ

125 1377 259 1412 βασιλέως
281 1376 485 1412 κατηγορήσας,
507 1376 554 1403 καὶ
575 1376 702 1411 σύστημα
722 1376 850 1412 πονηρῶν
867 1377 916 1402 ἀνα

125 1423 244 1460 θρώπων
263 1422 445 1456 ἀποκαλέσας,
461 1422 503 1449 ἐπ’
519 1422 621 1457 ὀλέθρῳ
634 1422 681 1448 καὶ
695 1422 768 1459 λύμῃ
780 1422 835 1448 τῶν
856 1422 917 1448 Ἑκ-

124 1469 245 1505 κλησιῶν
262 1468 505 1504 συγκροτούμενον,
519 1468 564 1494 τὸν
579 1467 709 1502 βασιλέως
721 1467 807 1503 ἀνῆψε
820 1468 915 1503 θυμόν.

125 1515 149 1553 [1
161 1515 203 1552 Η]
227 1515 284 1550 Οὐχ
299 1515 399 1550 ἥκιστα
413 1514 441 1541 δὲ
465 1514 546 1541 αὑτὸν
568 1514 719 1549 χαλεπῆναι
734 1515 884 1549 πεποίηκεν
900 1514 917 1541 ἃ

125 1562 198 1590 κατὰ
212 1561 259 1589 τοῦ
276 1560 410 1596 Κυρίλλου
428 1559 593 1587 συντέθεικε.
617 1560 673 1595 Τὴν
690 1559 743 1595 γὰρ
761 1559 837 1595 ἱερὰν
858 1569 920 1586 στο-

1143 1155 1220 1184 CAP.
1237 1155 1333 1183 xxm.
1354 1155 1396 1192 [Β.
1413 1156 1454 1184 St.
1471 1157 1503 1185 v.
1518 1157 1577 1194 27.]

964 1201 1003 1228 De
1023 1201 1056 1229 iis
1085 1210 1143 1237 qua:
1173 1202 1406 1241 Constantinopoli
1441 1204 1597 1232 orthodoxi;
1627 1206 1757 1241 episcopis

1273 1239 1449 1273 contigerunt.

1001 1283 1040 1311 lbi
1055 1287 1121 1311 tunc
1136 1283 1210 1311 enim
1225 1284 1407 1313 Constantius
1419 1285 1454 1313 ab
1470 1284 1619 1315 Occidente
1629 1295 1759 1316 reversus

964 1330 1201 1358 commorabatur.
1231 1330 1311 1366 Apud
1331 1339 1413 1366 quem
1443 1339 1506 1359 cum
1535 1333 1683 1368 episcopos
1709 1333 1758 1361 Se-

965 1377 1061 1404 leuciae
1071 1380 1252 1412 congregatos
1267 1378 1362 1405 multis
1375 1382 1537 1406 accusasset
1554 1381 1686 1412 Aeacius,
1699 1388 1760 1416 per-

965 1424 1086 1451 ditorum
1099 1423 1242 1451 hominum
1258 1427 1360 1451 emtum
1379 1425 1532 1459 appellans,
1551 1425 1584 1453 ad
1609 1427 1759 1461 perniciem

967 1470 1138 1505 exitiumque
1163 1469 1352 1498 Ecclesiarum
1372 1476 1565 1504 conrocatum,
1586 1472 1690 1499 exarsit
1707 1473 1760 1500 ira-

967 1516 1070 1544 cundia
1084 1516 1243 1551 imperator.
1261 1515 1403 1551 Praecipue
1415 1524 1480 1544 vero
1493 1517 1570 1544 illum
1591 1525 1623 1545 ea
1636 1525 1761 1546 cornuto-

968 1567 1080 1595 verunt,
1110 1570 1171 1598 qua:
1189 1562 1321 1589 adversus
1350 1562 1483 1597 Cyrillum
1507 1568 1679 1591 commentus
1707 1569 1761 1592 cst.

125 1609 186 1643 λὴν,
203 1609 235 1644 ἣν
250 1609 264 1635 ὁ
278 1607 454 1642 πανεύιρηιως
471 1607 676 1638 Κωνσταντῖνος
691 1606 704 1632 6
728 1606 855 1641 βασιλεὺς
871 1607 917 1642 τὴν

970 1608 1083 1636 Sacram
1096 1609 1168 1636 enim
1182 1613 1297 1640 vestem,
1309 1609 1401 1636 aureis
1429 1608 1481 1636 ﬁlis
1496 1614 1663 1643 contextam,
1680 1618 1761 1646 quam

132 1654 329 1690 Ἰεροσολύμων
361 1653 524 1688 Ἐκκλησίαν
550 1652 685 1688 γεραίρων
717 1653 816 1679 δέδωκε
831 1653 853 1668 (⁵⁸
881 1653 917 1687 τςξ)

971 1655 1046 1682 omni
1072 1655 1154 1682 laude
1172 1655 1354 1683 celebrandus
1376 1649 1577 1685 Constantinus
1601 1658 1761 1692 imperator.

126 1700 265 1736 Μακαρίῳ
278 1700 317 1735 τῷ
332 1700 383 1735 τῆς
400 1699 503 1731 πόλεως
520 1699 627 1734 ἐκείνης
640 1699 772 1734 ἀρχιερεῖ,
795 1700 838 1726 ἵνα
854 1699 919 1726 ταύ-

126 1757 178 1784 την
205 1746 445 1783 περιϐαλλόμενος,
473 1745 523 1781 τὴν
549 1745 596 1772 τοῦ
629 1745 701 1772 θείου
733 1746 918 1781 βαπτίσματος

128 1795 240 1830 ἐπιτελῇ
249 1793 427 1830 λειτουργίαν,
440 1794 472 1821 ἐκ
482 1794 590 1830 χρυσῶν
600 1794 627 1820 δὲ
635 1793 704 1829 αὕτη
717 1792 920 1820 κατεσκεύαστο

129 1841 271 1876 νημάτων,
287 1841 459 1876 πεπρακέναι
473 1841 518 1867 τὸν
534 1840 667 1876 Κύριλλον
680 1840 743 1874 ἔφη,
761 1839 807 1866 καὶ
817 1839 920 1874 ταύτην

129 1890 191 1916 τινὰ
206 1888 261 1914 τῶν
287 1887 333 1914 ἐπὶ
349 1887 399 1922 τῆς
414 1887 534 1923 θυμέλης
556 1885 741 1921 λυγιξομένων
758 1886 919 1921 πριάμενον,

131 1933 326 1970 περιϐαλέσθαι
349 1934 407 1968 μὲν,
436 1932 600 1968 ὀρχούμενον
624 1932 652 1959 δὲ
669 1933 771 1962 πεσεῖν.
796 1931 842 1958 καὶ
860 1939 922 1957 συν-

131 1980 272 2015 τριϐῆναι,
302 1980 348 2006 καὶ
376 1979 482 2014 θανάτῳ
506 1978 700 2014 παραδοθῆναι.
719 1978 828 2009 Τοῦτον,
858 1977 920 2011 ἔφη,

131 2027 261 2054 κοινωνὸν
278 2027 395 2062 ἔχοντες,
410 2025 513 2061 κρίνειν
528 2025 645 2056 καὶτοῖς
662 2024 751 2055 ἄλλοις
763 2024 784 2040 ⁸³
802 2023 923 2055 δικάζειν

132 2073 312 2109 ἐπιχειροῦσι.
333 2072 441 2107 Ταύτην
455 2072 582 2104 λαθόντες
602 2071 651 2107 τὴν
663 2071 791 2106 ἀφορμὴν
807 2071 861 2097 τῶν
876 2070 924 2105 βα-

133 2119 245 2146 σιλείων
261 2119 286 2146 ot
304 2110 548 2154 προστατεύοντες,
575 2117 698 2146 πείθουσι
726 2116 772 2143 τὸν
800 2116 922 2151 βασιλέα,

134 2166 173 2201 μὴ
187 2166 278 2192 πᾶσαν
293 2165 417 2200 ἀθροῖσαι
432 2165 455 2181 ⁷⁰
470 2165 519 2201 τὴν
531 2164 649 2195 σύνοδον,
665 2163 798 2190 ἐδεδίεσαν
811 2163 865 2198 γὰρ
877 2161 924 2188 τοῦ

134 2211 255 2247 πλήθους
269 2212 317 2247 τὴν
328 2211 497 2248 συμφωνίαν,
508 2211 575 2238 ἀλλὰ
590 2211 655 2238 δέκα
667 2211 730 2243 τοὺς
744 2209 922 2245 ἡγουμένους.

141 2260 186 2287 Ἑν
201 2259 305 2291 τούτοις
333 2258 483 2290 Εὑστάθιος
505 2255 539 2294 ἦν
562 2258 576 2284 ὁ
600 2258 648 2292 τῆς
672 2256 860 2293 Ἀρμενίας⁷¹,
879 2255 925 2282 καὶ

134 2305 277 2336 Βασίλειος
293 2304 306 2330 6
319 2305 368 2338 τῆς
386 2303 559 2335 Γαλατίας⁷²,
576 2303 623 2331 καὶ
636 2302 763 2334 Σιλὸανὸς
777 2303 791 2328 ὁ
805 2300 924 2337 Ταρσοῦ,

135 2352 183 2380 καὶ
204 2351 340 2383 Ἑλεύσιος
357 2351 371 2377 6
388 2350 519 2383 Κυζίκου.
531 2347 611 2377 Οὗτοι
625 2341 842 2385 παραγενόμενοι
857 2356 927 2382 παρ-

135 2397 253 2424 εκάλουν
276 2397 321 2424 τὸν
340 2396 461 2432 βασιλέα,
485 2395 534 2430 τὴν
555 2394 679 2428 Εὺδοξίου
698 2394 871 2429 βλασφημίαν
899 2402 928 2420 τε

136 2444 186 2470 καὶ
210 2444 384 2478 παρανομίαν
401 2441 603 2477 ἐξελεγχθῆναι.
636 2441 665 2468 ’0
690 2441 719 2467 δὲ
744 2440 820 2476 παρᾶ
838 2440 892 2466 τῶν
906 2441 929 2456 ⁷³

135 2490 226 2516 ἄλλων
263 2488 392 2516 τάναντία
421 2488 623 2522 διδασκόμενος,
644 2486 719 2521 ἔλεγε
743 2487 842 2522 χρῆναι
862 2485 929 2521 πρό-

137 2545 218 2570 τερον
233 2536 266 2563 τὰ
282 2535 352 2563 κατὰ
366 2535 415 2570 τὴν
428 2535 519 2561 πίστιν
542 2533 725 2570 διακριθῆναι,
741 2531 790 2559 εἷθ’
804 2533 874 2560 οὕτω
897 2533 931 2559 τὰ

138 2582 200 2609 κατ’
221 2583 325 2608 ἐκεῖνον
340 2580 527 2615 ἐξετασθῆναι.
545 2580 598 2606 Τοῦ
612 2579 641 2606 δὲ
661 2579 800 2606 Βασιλείου
817 2580 849 2614 τῇ
866 2587 932 2612 προ-

137 2629 207 2663 τέρᾳ.
225 2627 352 2663 συνηθείᾳ
379 2627 575 2663 θαρρήσαντος,
592 2625 640 2652 καὶ
664 2625 712 2651 σὺν
734 2624 872 2660 παρρησίᾳ
885 2624 930 2650 τὶν

970 1702 1002 1729 ad
1019 1701 1251 1729 cohonestandam
1263 1701 1515 1738 Hierosolymorum
1528 1697 1690 1735 Ecclesiam,
1707 1703 1746 1730 llla
1756 1718 1764 1723 -

970 1747 1049 1774 carie
1065 1747 1140 1774 illius
1153 1746 1231 1774 urbis
1246 1747 1378 1782 episcopo
1393 1747 1522 1780 donarat,
1532 1752 1572 1782 ut,
1585 1756 1616 1776 ea
1629 1747 1712 1783 895
1725 1748 1765 1776 im

971 1794 1066 1826 dutus,
1085 1793 1171 1821 divini
1188 1793 1316 1828 baptismi
1338 1793 1472 1822 solemnia
1487 1794 1651 1826 celebraret,
1670 1795 1764 1822 vendi-

971 1840 1047 1867 dissc
1063 1839 1155 1867 aiebat
1177 1839 1322 1874 Cyrillum,
1343 1844 1372 1867 et
1397 1839 1469 1867 hanc.
1485 1845 1638 1868 mercatum
1658 1841 1765 1876 thyme-

973 1887 1055 1913 licum
1073 1885 1218 1920 quemdam
1247 1886 1417 1918 saltatorem,
1434 1893 1497 1914 cum
1525 1887 1622 1915 eadem
1646 1888 1765 1915 amictus

973 1933 1097 1966 saltaret,
1112 1933 1219 1968 lapsum
1234 1941 1306 1966 esse,
1326 1941 1448 1969 casuque
1462 1933 1595 1961 obtritum
1614 1933 1764 1962 interiisse.

973 1979 1045 2012 Tali,
1062 1980 1162 2015 inquit,
1183 1987 1245 2007 cum
1271 1979 1348 2007 socio
1373 1980 1510 2015 judicare,
1527 1980 1616 2016 deq‘ue
1625 1981 1686 2009 aliis
1701 1989 1766 2009 sen—

974 2026 1076 2054 tentias
1094 2023 1166 2054 l'erre
1181 2026 1391 2062 aggrediuntur.
1407 2026 1464 2055 Hac
1483 2031 1594 2062 arrepta
1606 2027 1765 2059 occasione,

976 2079 1106 2106 proceres
1127 2072 1221 2107 palatii
1251 2066 1420 2107 persuadent
1444 2074 1453 2083 '
1474 2073 1644 2107 imperatori,
1666 2079 1766 2100 utnon

976 2116 1063 2144 totum
1099 2118 1247 2146 concilium
1282 2118 1478 2153 (multitudinis
1504 2119 1578 2146 enim
1601 2127 1766 2148 consensum

976 2164 1160 2199 metuebant),
1183 2164 1230 2192 sed
1247 2165 1341 2192 decem
1360 2168 1465 2192 tantum
1479 2166 1634 2201 praecipuos
1660 2172 1766 2203 evocet.

976 2208 1004 2235 In
1020 2209 1063 2236 his
1079 2208 1156 2236 fuere
1168 2208 1332 2237 Eustathius
1346 2209 1493 2243 Armeniaa,
1515 2214 1542 2237 et
1556 2211 1673 2238 Basilius
1687 2211 1767 2238 Gala-

977 2256 1032 2287 tiae,
1046 2260 1073 2283 ct
1091 2255 1220 2283 Silvanus
1235 2254 1326 2288 Tarsi,
1341 2259 1368 2284 et
1378 2256 1507 2284 Eleusius
1518 2256 1621 2292 Cyzici.
1642 2257 1692 2290 Qui
1705 2265 1768 2285 cum

980 2302 1169 2333 advenissent,
1186 2302 1374 2329 hortabantur
1390 2302 1598 2337 imperatorem,
1615 2307 1644 2330 ut
1668 2303 1696 2330 in
1714 2303 1768 2329 Eu»

979 2347 1053 2375 doxii
1068 2347 1252 2382 blasphemias
1273 2352 1301 2375 et
1321 2347 1494 2382 iniquitatem
1517 2348 1627 2382 luberet
1654 2349 1768 2384 inquiri.

980 2393 1034 2421 Sed
1048 2395 1117 2428 ipse,
1136 2393 1199 2420 aliis
1224 2394 1363 2430 contraria
1379 2395 1602 2430 suggerentibus,
1627 2395 1770 2430 respondit

979 2439 1012 2466 de
1040 2439 1123 2467 rebus
1145 2439 1206 2467 ﬁdei
1218 2439 1307 2467 decidi
1326 2440 1403 2475 prius
1430 2445 1567 2476 oportere,
1597 2445 1654 2468 tum
1671 2441 1770 2469 deinde

981 2483 1056 2521 illius
1085 2491 1197 2512 causam
1215 2485 1379 2513 examinari.
1400 2484 1522 2520 Cumque
1553 2486 1681 2519 Basilius,
1713 2487 1771 2521 pri-

982 2530 1055 2558 stina
1075 2529 1161 2558 fretus
1179 2529 1374 2562 familiaritate,
1391 2535 1597 2566 unperatorem,
1615 2536 1645 2559 ut
1660 2536 1771 2567 aposte-

982 2577 1043 2604 licis
1060 2577 1236 2612 dogmatibus
1253 2577 1442 2610 insidiantem,
1466 2577 1579 2605 liberius
1600 2584 1770 2614 eoarguerct.

984 2624 1080 2659 iniquo
1100 2624 1193 2652 animo
1215 2624 1279 2651 tulit
1300 2623 1491 2658 Constantius,
1508 2627 1535 2652 et
1561 2625 1692 2652 Basilium
1713 2631 1774 2652 tan-

782 2713 899 2743 VARIIE
922 2713 1126 2742 LECTIONES.

183 2766 205 2781 “
216 2766 275 2797 τοῖς
284 2764 398 2796 λοιποῖς.
414 2764 476 2791 Bas.
499 2763 586 2792 Grec.
641 2763 662 2779 "
681 2762 727 2789 καὶ
741 2761 796 2788 τῶν

819 2761 1010 2796 βουλευμάτων
1025 2761 1098 2789 addit
1116 2762 1201 2796 codex
1218 2762 1320 2789 Allatii.

1377 2762 1400 2777 ⁸⁸
1415 2762 1452 2788 Ita
1468 2765 1493 2789 et
1509 2761 1668 2796 Cbristopb.
1689 2764 1774 2788 recte.

141 2801 195 2828 Sed
214 2793 278 2829 Bas.
300 2793 387 2828 Graec:
399 2805 426 2827 et
437 2799 531 2834 Steph.
546 2799 606 2826 κατ’
622 2798 725 2834 αὐτῶν
738 2793 865 2834 ὑπόθεσιν
889 2793 1050 2834 ἐξετάζειῃ-
1073 2797 1103 2834 ‘1
1113 2793 1307 2834 ὑποσχόμενος.
1334 2797 1400 2834 ΒιιείΔ
1415 2796 1502 2834 Graec.
1522 2832 1527 2834 ν
1540 2797 1563 2812 ⁸³
1577 2793 1697 2834 δεδᾷικει.
1712 2796 1774 2825 Bas.

141 2838 230 2864 Graec.
257 2839 284 2863 ct
299 2835 393 2870 Steph.

141 2872 240 2907 Steph.
296 2871 318 2907 ﬁ”
344 2871 357 2896 ὁ
373 2870 503 2907 Γαλάτης.
529 2870 621 2897 Iidem.

142 2905 356 2942 πεῷρθνηκότων
374 2905 566 2941 διδασκόμενος

288 2953 424 2982 ΡΑΤῐιοῐη
441 2954 498 2982 (in.
513 2952 656 2982 LXXXII.

445 2836 466 2850 "
486 2831 540 2866 τοῖς
557 2834 646 2865 ἄλλοις
657 2833 703 2860 καὶ
717 2832 805 2862 δικαζ.
824 2833 886 2859 Bas.
904 2831 990 2866 G_ra:c.
1029 2832 1052 2848 7°
1074 2831 1224 2866 ἀθροίσθαιζ
1244 2833 1326 2860 Idem.

677 2869 700 2885 ⁷³
724 2867 762 2895 lta
785 2871 809 2894 et
834 2863 929 2903 Steph’.
948 2867 976 2894 ‘2.

1381 2832 1428 2859 “6
1444 2832 1595 2867 Ἀρμένιος.
1620 2831 1689 2858 Idem
1713 2839 1774 2867 ccut

1010 2867 1063 2895 Sed
1086 2867 1148 2896 Bas.
1170 2866 1256 2896 Graec.
1280 2872 1306 2896 et
1325 2867 1417 2903 Steph.
1440 2868 1448 2894 Ι
1472 2866 1547 2903 παρᾶ
1571 2867 1625 2894 τῶν
1644 2866 1777 2895 τὰνανῖὶι.

1575 2949 1612 2979 Βῖ
