1998 3121
223 186 290 219 1087
319 166 328 174 ’

706 188 949 220 THEODORETI
969 187 1136 219 EPISCOPI
1155 186 1337 217 CYRENSIS

1788 183 1852 216 1098

222 243 276 269 rari
290 250 318 269 se
334 242 414 274 dixit,
433 241 513 276 cujus
527 241 612 278 ﬁgura
636 244 759 270 exterriti
774 244 912 271 dtﬁllloncs
929 242 1008 270 aufu-

1061 241 1124 276 γόης
1150 242 1253 272 ἐκεῖνος
1282 241 1332 276 τῆς
1358 240 1447 276 φυγῆς
1473 240 1522 275 τὴν
1548 241 1648 273 αἰτίαν,
1669 239 1814 275 ἐμέμψατο
1829 240 1850 256 ⁸³

222 289 335 322 gissent.
349 287 421 315 Cave
432 288 482 315 hoc
500 293 590 324 putes.
603 289 645 316 vir
657 289 738 321 bone,
753 290 792 316 ait
813 290 1006 324 prmstigiator.

221 332 281 360 Non
298 334 369 360 enim
384 334 543 363 titnuerunt.
558 339 588 361 ut
603 340 630 361 tu
650 335 720 362 dicis
737 344 743 362 :
757 335 803 362 sed
817 335 918 362 factum
930 339 1008 362 tuum

221 378 349 410 detestati
369 379 507 405 abierunt.
524 377 561 406 ita
574 379 792 407 circumventum
806 380 935 407 miserum
955 380 1007 407 ini-

222 423 300 450 tiavit
322 423 471 458 mysteriis,
508 430 535 452 et
574 424 712 452 horrendo
738 426 843 453 scelere
876 426 1009 460 implevit,

221 470 407 505 spoliavitque
417 470 550 505 religione
566 470 649 507 914
665 468 886 499 infelicissimum
901 471 1007 506 cupidi-

221 521 264 544 tas
286 517 373 551 regni.
399 515 546 552 lmperitnn
567 522 656 544 tamen
677 518 792 552 adeptus
816 517 862 545 diu
887 518 1010 545 occuluit

222 563 405 598 impietatem,
422 566 496 590 metu
512 563 687 598 potissimum
703 564 820 590 militum
845 564 957 598 pietatis
967 563 1010 591 di-

221 609 336 643 Seipliua
368 609 581 636 inslruclorum.
610 609 673 636 lllos
702 610 775 636 enim
805 609 910 644 primus
935 605 1009 636 omni

222 654 303 682 laude
317 654 508 690 praedicandus
533 654 731 682 Constantinus
749 655 782 681 ab
801 663 895 683 errore
913 656 1011 683 libera-

222 704 267 728 tos
286 701 412 728 veritatis
427 701 572 735 praeceptis
589 701 757 728 instituerat.
773 701 840 735 Ejus
850 700 950 728 deinde
963 701 1009 728 lilii

223 747 350 774 traditam
367 747 421 774 illis
442 755 456 774 a
471 751 547 782 patre
561 746 713 774 docttinatn
729 744 937 774 confirmarent.
952 746 1010 774 Etsi

222 793 295 819 enim
315 792 496 820 Constantius
521 800 617 820 eorum
639 800 654 819 a
680 793 782 827 quibus
801 793 947 827 regebatur
972 793 1012 820 ius

223 838 326 870 ductu,
355 839 591 867 consttbatantialis
619 846 714 866 vocem
733 847 787 866 non
810 839 932 870 admisit,
950 839 1010 875 ejus

221 888 312 911 tamen
326 892 438 911 sensum
464 884 573 912 sincere
590 884 746 916 confessus
765 889 817 912 est.
841 885 1008 913 Germanum

221 935 323 969 quippe
337 934 447 966 Filium,
461 941 525 963 ante
542 936 641 963 sa‘cula
655 936 687 962 de
698 935 779 963 Patre
788 936 909 970 genitum
925 936 1006 963 Deum

221 979 340 1007 Verbum
361 981 637 1016 nominavit,eosque
649 983 695 1017 qui
712 987 867 1009 creaturant
886 983 1010 1010 dicerent

220 1027 309 1061 palatii
333 1027 481 1059 abdicavit,
501 1033 527 1055 et
555 1027 692 1054 idolorum
710 1029 814 1055 cnlttnn
837 1029 947 1063 penitus
965 1029 1009 1055 in-

220 1072 442 1102 terdixit..Aliud
469 1073 550 1101 etiatu
568 1074 648 1101 laude
674 1073 786 1109 dignum
813 1074 1009 1108 ejnsd‘aciuus

220 1124 453 1157 commemorabo,
468 1132 499 1151 ex
515 1132 570 1159 quo
585 1124 618 1152 de
632 1125 719 1160 ipsius
739 1133 805 1160 erga
828 1133 873 1153 res
899 1126 1008 1153 divinas

219 1168 313 1196 studio
330 1169 393 1197 duci
414 1170 572 1204 conjectura
584 1171 681 1205 possit.
699 1171 772 1198 Bello
792 1172 864 1198 enim
879 1171 1009 1207 Magnen-

221 1215 307 1245 tiano,
326 1215 414 1250 copiis
430 1216 560 1243 omnibus
576 1217 747 1249 convocatis,
773 1218 898 1245 hortatus
917 1222 959 1246 est
980 1222 1009 1245 ut

219 1260 313 1288 divina
327 1263 457 1297 mySIeria
472 1263 594 1291 universi
615 1265 799 1300 perciperent,
818 1273 928 1301 semper
947 1267 1008 1301 qui-

219 1311 281 1339 dem
297 1311 431 1340 incertum
445 1321 506 1341 esse
518 1314 613 1342 dicens
625 1315 726 1353 exitum
740 1315 811 1346 vitae.
826 1317 922 1343 tumin
938 1316 1008 1345 bello

221 1357 349 1389 maxime,
363 1357 409 1385 ubi
422 1359 544 1393 conjecta
558 1360 686 1394 utrinque
705 1360 1007 1396 tclorum,jaculorum,

219 1401 361 1430 hastarum
383 1408 422 1431 tot
440 1405 535 1438 millia,
556 1406 699 1441 strictique
720 1415 811 1440 enses,
825 1411 853 1435 et
864 1407 960 1442 giatiii,
977 1415 1008 1435 ac

219 1448 332 1483 reliqme
363 1450 495 1478 machina:
526 1452 674 1479 violentam
709 1457 823 1480 mortem
855 1453 1006 1481 intentant.

219 1498 339 1527 Proinde
366 1509 589 1538 unumquemque
609 1503 730 1538 pretiosa
760 1505 808 1532 illa
833 1505 903 1532 stola
930 1504 1008 1533 indui

219 1550 358 1579 oportere,
392 1555 445 1582 qtta
473 1549 592 1576 maxime
610 1549 636 1576 in
667 1550 760 1578 futura
782 1551 837 1578 vita
857 1555 900 1579 est
927 1559 1006 1586 opus.

1059 287 1155 322 τούτῳ.
1178 287 1319 318 Ἰουλιανδς
1344 287 1434 313 δὲκαὶ
1458 287 1488 313 τὸ
1500 287 1559 318 δέος
1572 287 1703 322 ἐδήλωσε,
1730 286 1776 312 καὶ
1807 287 1852 313 τοῦ

1061 332 1179 369 σταυροῦ
1202 332 1352 368 θαυμάζειν
1362 332 1447 367 ἔφησε
1459 332 1508 367 τὴν
1529 332 1615 368 ἰσχύν·
1628 332 1784 368 ἀπέδρασαν
1800 333 1855 369 γὰρ

1059 381 1084 406 οἱ
1104 379 1240 414 δαίμονες,
1253 379 1348 405 τούτου
1372 379 1418 405 τὸν
1441 379 1525 405 τύπον
1542 379 1592 405 οὐκ
1605 379 1763 413 ἐνεγκόντες
1779 379 1854 407 ἰδεῖν.

1060 426 1106 461 Μὴ
1129 425 1162 462 δὴ
1187 426 1264 452 τοῦτο
1289 425 1438 460 ὑπολάϐῃς,
1454 422 1478 451 ὦ
1492 425 1588 459 ἀγαθὲ,
1614 426 1629 452 ὁ
1647 426 1715 460 γᾶης
1738 425 1800 460 ἔφη·
1823 427 1854 453 οὗ

1060 472 1115 507 γὰρ
1131 473 1246 504 ἔδεισαν,
1272 471 1310 504 ὥς
1336 480 1368 505 γε
1382 472 1414 498 σὺ
1439 472 1501 507 φής·
1519 471 1588 498 ἀλλὰ
1608 472 1799 507 βδελυξήιενοι
1824 473 1856 499 τὸ

1061 519 1136 554 παρὰ
1162 519 1208 546 σοῦ
1233 519 1379 553 γενόμενον
1393 517 1505 554 ᾤχοντο.
1531 517 1609 544 Οὕτω
1630 518 1796 554 βουκολήσας
1810 519 1856 546 τὸν

1060 566 1187 598 δείλαιον,
1201 564 1306 600 ἐμύησέ
1318 573 1348 591 τε
1362 564 1411 591 καὶ
1424 564 1471 591 τοῦ
1488 564 1591 600 μύσους
1605 565 1748 600 ἐνέπλησε·
1775 565 1822 592 καὶ
1836 567 1854 600 ἡ

1060 613 1110 647 τῆς
1125 612 1263 647 βασιλείας
1278 611 1412 647 ἐπιθυμία
1426 613 1475 647 τῆς
1491 611 1635 644 εὐσεϐείας
1654 612 1798 647 ἐγύμνωσε
1811 613 1857 639 τὸν

1060 661 1226 697 τρισάθλιον.
1244 659 1416 696 Παραλαϐὼν
1431 660 1459 686 δὲ
1474 660 1549 696 ὅμως
1563 660 1612 695 τὴν
1634 659 1796 686 δυναστείαν
1810 660 1857 687 ἐπὶ

1061 708 1186 735 πλεῖστον
1212 707 1315 744 ἔκρυψε
1341 707 1390 742 τὴν
1423 707 1560 734 ἀσέϐειαν.
1586 701 1776 742 Διαφερόντως
1801 706 1857 741 γὰρ

1060 755 1156 782 ἐδεδίει
1173 755 1237 786 τοὺς
1262 753 1441 789 στρατιώτας.
1455 753 1489 780 τὰ
1512 754 1561 788 τῆς
1580 753 1722 784 εὐσεϐείας
1741 753 1857 779 εἰσδεδε-

1061 802 1180 836 γμένους
1195 801 1352 836 μαθήματα.
1371 799 1482 836 Πρῶτον
1500 800 1549 835 μὲν
1571 799 1626 835 γὰρ
1643 800 1744 831 αὐτοὺς
1758 800 1772 825 ὀ
1790 808 1858 826 παν-

1061 846 1185 882 εύφημος
1217 847 1433 880 Κωνσταντῖνος,
1466 847 1516 881 τῆς
1552 846 1689 882 προτέρας
1717 846 1859 880 ἐξαπάτης

1062 892 1258 929 ἐλευθερώσας,
1283 893 1457 925 ὲξεπαίδευσε
1481 893 1515 920 τὰ
1534 893 1584 928 τῆς
1613 892 1745 927 ἀληθείας
1769 892 1859 927 μαθὴ-

1064 948 1147 975 ματα.
1164 939 1282 967 Ἔπειτα
1295 939 1323 966 δὲ
1335 940 1359 966 οἱ
1383 940 1489 966 ἐκείνου
1510 939 1604 971 παῖδες
1624 939 1802 974 βεϐαιοτέραν
1829 939 1860 965 ἐν

1060 987 1152 1018 αὐτοῖς
1164 986 1216 1021 τὴν
1234 985 1310 1022 παρὰ
1324 985 1372 1012 τοῦ
1394 986 1498 1021 πατρὸς
1517 985 1706 1021 γεγενημένην
1728 985 1860 1012 διδασκα-

1059 1033 1121 1059 λίαν
1147 1033 1318 1068 εἰργάσαντο.
1349 1033 1380 1059 Εἰ
1410 1032 1463 1067 γὰρ
1495 1033 1541 1059 καὶ
1567 1031 1614 1058 τοῦ
1645 1031 1812 1066 ἐμοσυσίου
1828 1031 1861 1058 τὸ

1062 1079 1211 1114 πρόσρημα
1239 1078 1415 1114 βουκοληθεὶς
1431 1078 1483 1105 ὑπὸ
1510 1079 1564 1105 τῶν
1590 1078 1714 1112 ἀγόντων
1736 1077 1818 1104 αὑτὸν
1844 1078 1861 1103 ὁ

1060 1126 1251 1157 Κωνστάντιος
1274 1126 1304 1152 οὗ
1323 1125 1460 1161 προσίετο,
1475 1125 1524 1160 τὴν
1538 1124 1604 1159 γοῦν
1621 1125 1720 1151 τούτου
1737 1124 1861 1151 διάνοιαν

1059 1172 1218 1208 ἀκραιφνῶς
1244 1172 1390 1207 ὡμολόγει.
1418 1172 1531 1207 Γνήσιον
1554 1171 1609 1207 γὰρ
1630 1171 1697 1198 Υἱδν
1723 1171 1777 1206 πρὸ
1804 1170 1859 1197 τῶν

1059 1218 1165 1245 αἰώνων
1181 1220 1214 1245 ἐκ
1234 1218 1281 1245 τοῦ
1295 1219 1401 1254 [ἰατρὸς
1420 1218 1619 1253 γεγεννημένον
1634 1218 1680 1244 τὸν
1692 1217 1759 1244 Θεὸν
1772 1217 1860 1251 Λόγον

1059 1265 1195 1301 ὠνόμαζε,
1212 1266 1260 1292 καὶ
1285 1265 1349 1297 τοὺς
1375 1265 1478 1300 κτίσμα
1501 1265 1592 1298 λέγειν
1607 1263 1769 1299 τολμῶντας
1784 1264 1859 1290 ἀντι-

1059 1321 1126 1347 κρυς
1155 1313 1337 1348 ἁπεκήρυττε·
1362 1312 1412 1347 τὴν
1436 1312 1464 1338 δὲ
1488 1311 1542 1338 τῶν
1571 1310 1690 1337 είδώλων
1711 1310 1858 1349 ¹παντελῶς

1058 1359 1232 1394 ἀπηγόρευσε
1254 1358 1415 1394 θεραπείαν.
1447 1358 1518 1394 Ἐρῶ
1540 1358 1569 1384 δὲ
1597 1357 1679 1384 αὑτοῦ
1696 1357 1745 1383 καὶ
1765 1357 1856 1391 ἕτερον

1058 1405 1226 1438 ἀξιέπαινον,
1244 1405 1340 1442 ἱκανὸν
1364 1404 1555 1440 τεκμηριῶσαι
1577 1404 1626 1438 τὴν
1651 1404 1718 1439 περὶ
1741 1403 1774 1430 τὰ
1799 1403 1859 1430 θεῖα

1059 1454 1189 1490 σπουδήν.
1220 1453 1264 1480 Ἐν
1285 1454 1340 1489 γὰρ
1355 1453 1387 1489 δὴ
1401 1452 1441 1488 τῷ
1460 1453 1530 1489 πρὸς
1549 1452 1724 1487 Μςγνέντιον
1746 1449 1860 1484 πολέμῳ

1059 1501 1170 1529 ἃπασαν
1190 1501 1336 1533 συναλίσας
1351 1501 1400 1536 τὴν
1416 1500 1557 1536 στρατιὰν,
1582 1499 1748 1535 μεταλαχεῖν
1768 1498 1858 1525 ἄπαν-

1058 1557 1109 1580 τας
1125 1548 1179 1575 τῶν
1203 1548 1284 1575 θείων
1311 1547 1506 1575 συνεϐούλευσε
1536 1547 1706 1583 μυστηρίων,
1734 1546 1778 1572 ἀεὶ
1809 1544 1862 1578 μὲν

219 1590 296 1623 Quod
312 1591 334 1619 si
349 1593 411 1626 quis
426 1598 529 1621 vestem
547 1594 619 1622 hanc
647 1603 722 1623 nttnc
740 1596 830 1627 diﬂ'ert
857 1604 1008 1631 assumere,

1061 1595 1159 1631 ἄδηλον
1173 1592 1244 1622 εἶναι
1265 1595 1354 1629 λέγων
1367 1593 1415 1621 τοῦ
1431 1594 1489 1629 βίου
1499 1587 1532 1620 ’τὺ
1550 1594 1637 1627 τέλος,
1650 1594 1700 1628 οὐχ
1713 1593 1814 1628 ἥκιστα
1829 1590 1860 1616 δὲ

220 1636 284 1664 hinc
302 1638 431 1666 recedens
447 1639 556 1667 domum
567 1641 657 1673 abeat,
671 1642 776 1677 inquit:
791 1642 941 1670 mihienim
954 1649 1009 1670 non

221 1683 336 1711 initiatis
352 1684 413 1712 belli
433 1686 517 1714 sociis
534 1687 572 1714 uti
588 1695 640 1714 non
661 1688 738 1722 place

1063 1642 1092 1668 ἐν
1122 1640 1243 1676 πολέμῳ,
1271 1640 1378 1676 μευρίων
1417 1639 1590 1675 ἑκατέρωθεν
1628 1638 1786 1673 ἀφιεμένων
1813 1637 1862 1662 καὶ

1062 1687 1158 1723 βελῶν,
1172 1687 1218 1714 καὶ
1235 1686 1340 1713 πελτῶν
1359 1686 1393 1719 ⁸⁸,
1410 1686 1458 1713 καὶ
1478 1686 1610 1721 δοράτων,
1630 1685 1677 1713 καὶ
1697 1685 1746 1720 μὲν
1759 1684 1794 1717 δὴ
1810 1682 1861 1725 καὶ

218 1728 314 1764 ξιφῶν,
341 1732 388 1758 καὶ
409 1732 526 1759 κοπίδων
541 1734 757 1769 ἐπιφερομένων,
781 1734 894 1760 καὶτῶν
926 1734 1013 1761 ἄλλων
1034 1733 1168 1768 ὁργάνων,
1195 1732 1228 1759 δι’
1248 1729 1286 1759 ὧν
1316 1733 1330 1759 ὁ
1352 1731 1439 1767 βίαιος
1454 1732 1585 1766 ἐπάγεται
1614 1731 1740 1762 θάνατος.
1759 1727 1799 1756 οὗ
1824 1729 1859 1763 δὴ

218 1777 298 1804 ἕνεκα
324 1778 377 1813 χρὴ
399 1779 512 1806 ἕκαστον
542 1779 591 1815 τὴν
610 1780 767 1815 ἀξιόκτητον
793 1780 900 1816 ἐκείνην
919 1780 990 1816 ἔχειν
1006 1779 1113 1816 στολὴν,
1129 1776 1162 1814 ἧς
1183 1779 1222 1805 ὅτι
1260 1779 1377 1814 μάλιστα
1408 1779 1437 1805 έν
1455 1777 1598 1813 ἐκείνῳτῴ
1617 1778 1668 1813 βίῳ
1678 1776 1806 1812 δεόμεθα.
1828 1776 1861 1802 Εἰ

180 1860 183 1863 Ι
220 1823 250 1850 ἐέ
278 1833 319 1856 τις
340 1825 418 1860 τήνδε
446 1825 537 1853 λαϐεῖν
565 1826 615 1861 τὴν
642 1827 800 1862 ἀμπεχόνην
827 1827 1015 1860 ἀναϐάλλεται,
1037 1826 1084 1853 νῦν
1112 1824 1235 1852 ἐντεῦθεν
1257 1825 1366 1860 ἀπάρας
1395 1824 1486 1852 οἴκαδε
1508 1824 1619 1852 ἀπίτω·
1642 1824 1781 1859 ἀμυήτοις
1805 1823 1860 1859 γὰρ

221 1871 405 1906 συμπολεμεῖν
428 1871 478 1897 οὑκ
506 1872 669 1906 ἀνέξομαι..

337 1916 419 1951 915
439 1916 537 1944 'car.
559 1917 591 1945 ιι.
614 1916 655 1953 [ιι.
669 1916 710 1945 δι.
725 1918 776 1946 Ch.
797 1918 826 1946 v.
844 1918 884 1955 4.]

256 1961 294 1989 De
314 1963 400 1989 reditu
420 1963 609 1997 episcoporum,
626 1969 650 1991 et
668 1965 835 1999 ordinatione
853 1965 971 1993 l’aulim'.

257 2048 319 2076 llzec
335 2048 445 2077 Juliano
467 2054 607 2085 comperta
632 2058 694 2078 cum
715 2055 818 2083 essent,
837 2051 1007 2086 impietatem

219 2095 305 2122 animi
328 2095 370 2123 sui
387 2103 440 2123 non
460 2096 602 2131 prodebat.
615 2096 742 2123 Omnium
760 2101 853 2123 autem
875 2100 1008 2131 appetens

220 2141 451 2174 benevolentiam,
466 2142 612 2177 episcopos
631 2141 763 2171 Ecclesiis
787 2142 891 2177 eiectos
903 2150 916 2169 a
935 2142 1008 2170 Con-

219 2188 333 2221 stantio,
359 2188 465 2217 ultimis
483 2188 511 2216 in
536 2189 594 2216 Oris
617 2189 782 2223 habitantes,
813 2189 847 2216 ad
871 2189 1008 2217 Ecclesias

219 2241 284 2261 snas
296 2234 402 2268 regredi
411 2234 507 2269 jussit.
520 2234 579 2268 Qua
596 2235 655 2270 lege
668 2235 819 2270 proposita,
833 2235 1008 2263 Antiochiam

219 2285 332 2312 divinus
348 2285 484 2317 Meletius,
501 2285 694 2313 Alexandriam
713 2286 910 2313 celeberrimus
924 2285 1009 2312 Atha—

221 2331 327 2363 nasius,
342 2332 459 2360 rediere.
473 2331 610 2359 Eusebius
626 2339 691 2360 vero
701 2337 728 2360 et
738 2331 861 2360 Hilarius
877 2333 1008 2364 abltalia,

1359 1916 1485 1943 ΚΕΦΛΛ.
1513 1915 1550 1942 [ι’.

1059 1962 1128 1997 Περὶ
1144 1963 1167 1979 ³⁸
1182 1962 1237 1997 τῆς
1253 1962 1404 1989 ἐπανόδου
1434 1962 1495 1988 τῶν
1528 1962 1716 1994 ἐπισκόπων,
1738 1961 1790 1987 καὶ
1806 1960 1860 1995 τῆς

1267 1998 1421 2024 Ιιαυλίνου
1442 1997 1639 2032 χειροτονίας.

1091 2045 1185 2072 Ταῦτα
1218 2044 1359 2076 Ἰουλιανὸς
1373 2044 1466 2079 σαφῶς
1490 2043 1685 2079 ἐπιστάμενος,
1711 2042 1742 2069 τὸ
1763 2042 1860 2082 δυσσε-

1057 2092 1103 2123 ϐὲς
1123 2092 1172 2128 τῆς
1198 2091 1288 2127 ψυχῆς
1304 2091 1355 2118 οὐκ
1369 2090 1497 2125 ἐπίδηλον
1520 2088 1606 2126 εἶχεν.
1633 2091 1682 2124 Εἰς
1705 2090 1816 2116 εὖνοιαν
1831 2090 1860 2117 δὲ

1058 2138 1182 2170 ἅπαντας
1197 2138 1390 2174 ἐφελκόμενος,
1415 2137 1463 2164 καὶ
1490 2138 1554 2169 τοὺς
1587 2137 1641 2164 ὑπὸ
1666 2137 1861 2163 Κωνσταντίου

1056 2184 1112 2211 τῶν
1143 2184 1312 2220 Ἐκχλησιῶν
1331 2184 1509 2217 ἐξελαθέντας
1532 2184 1712 2216 ἐπισκόπους,
1738 2184 1787 2209 καὶ
1811 2184 1862 2215 τὰς

1058 2227 1190 2267 ἐσχατιὰς
1199 2232 1248 2267 τῆς
1269 2232 1433 2266 οἰκουμένης
1457 2231 1612 2265 οἰκοῦντας,
1631 2231 1671 2262 εἰς
1687 2230 1736 2261 τὰς
1755 2231 1862 2262 οἰκείας

1059 2278 1217 2305 ἐπανελθεῖν
1252 2278 1417 2314 Ἐκκλησίας
1443 2277 1604 2313 προσέταξε.
1636 2277 1739 2304 Τούτου
1760 2277 1793 2313 δὴ
1814 2275 1863 2304 οὖν

1058 2325 1105 2351 τοό
1120 2325 1202 2361 νόμου
1215 2325 1351 2359 τεθέντος,
1364 2326 1405 2357 εις
1421 2325 1472 2360 μὲν
1488 2325 1537 2359 τὴν
1555 2324 1722 2359 Ἀντιόχειαν
1740 2324 1862 2359 ἐπανῆλ-

219 2381 247 2404 et
261 2377 371 2404 Lucifer
385 2378 519 2405 Sardiniae
546 2378 644 2405 insulae
665 2378 791 2410 antistes,
808 2379 835 2406 in
861 2379 1003 2407 Thebaide

1061 2371 1106 2398 θεν
1133 2372 1147 2398 ὁ
1173 2371 1243 2404 θεῖος
1265 2372 1409 2404 Μελέτιος,
1435 2372 1475 2403 εἰς
1501 2371 1529 2398 δὲ
1552 2371 1601 2406 τὴν
1625 2370 1834 2406 Ἀλεξάνδρειαν
1849 2372 1863 2397 ὁ

218 2423 339 2460 Aigypto
352 2424 468 2451 ﬁnitima
495 2423 642 2459 degebant,
661 2432 716 2460 quo
736 2425 850 2461 relegati
869 2425 978 2453 fuerant
993 2433 1008 2453 a

220 2471 394 2498 Constantio.
418 2469 451 2497 lli
477 2477 540 2497 cum
552 2470 615 2498 aliis
629 2471 725 2498 cadent
745 2471 929 2500 sentientibus
943 2480 1011 2500 con-

221 2516 337 2551 gregati,
359 2516 498 2543 Ecclesias
514 2515 642 2544 dicebant
669 2517 695 2544 in
713 2517 891 2545 concordiam
914 2517 1010 2545 reduci

221 2567 360 2598 oportere.
379 2562 437 2589 Non
454 2563 526 2590 enim
546 2571 593 2591 eas
623 2563 712 2591 solum
741 2563 947 2599 oppugnabant,
963 2563 1010 2599 qui

221 2608 391 2636 contrariam
409 2607 561 2636 doctrinam
577 2609 765 2641 sectabantur,
781 2609 830 2637 sed
851 2610 917 2645 ipsa:
929 2609 1011 2637 etiam

223 2655 295 2684 inter
315 2663 344 2683 se
361 2655 533 2683 dissidebant
550 2664 557 2683 :
579 2657 732 2684 Antiochia:
750 2657 887 2693 siquidem
913 2665 1010 2686 sanum

222 2709 323 2736 corpus
335 2701 464 2730 Ecclesia:
478 2702 546 2731 duas
561 2702 589 2730 in
611 2707 704 2738 partes
718 2703 836 2732 divisum
851 2707 922 2731 erat.
941 2703 1008 2731 Nam

1063 2419 1254 2455 πολυΰμνητος
1275 2419 1444 2452 Ἀθανὰσιος.
1461 2418 1591 2450 Εὐσέϐιος
1617 2418 1656 2450 δὲ,
1673 2418 1720 2444 καὶ
1745 2417 1863 2453 ’ἰλάριος

1063 2466 1122 2493 ὁέκ
1138 2468 1186 2502 τῆς
1212 2465 1325 2498 Ἰταλίας
1353 2466 1387 2500 ⁸³,
1418 2466 1466 2493 καὶ
1485 2465 1624 2501 Λουκίῳερ
1653 2465 1667 2491 ό
1695 2464 1790 2500 Σαρδὼ
1811 2465 1863 2500 τὴν

1063 2513 1144 2548 νῆσον
1161 2513 1315 2548 ποιμαίνειν
1340 2512 1441 2548 λαχὼν,
1465 2513 1494 2539 ἐν
1516 2513 1551 2548 τῇ
1581 2511 1711 2548 Θηϐαίων
1733 2512 1766 2546 τῇ
1793 2511 1864 2545 πρὸς

1063 2560 1201 2596 Αἴγυπτον
1227 2561 1329 2597 διῆγον’
1358 2563 1417 2588 ἐκεῖ
1431 2561 1486 2597 γὰρ
1505 2561 1604 2592 αὐτοὺς
1629 2562 1643 2587 ὁ
1670 2559 1863 2592 Κωνστάντιος

1066 2609 1277 2645 ὲξωστράκισεν.
1297 2607 1376 2637 Οὗτοι
1392 2610 1440 2637 σὺν
1452 2611 1509 2642 τοῖς
1531 2610 1623 2641 ἄλλοις
1643 2609 1777 2644 ὁμόφροσι
1790 2609 1863 2636 κατά

1065 2656 1162 2683 ταύτὸν
1176 2657 1198 2673 ⁸⁷
1214 2656 1365 2692 γενόμενοι,
1386 2657 1488 2692 χρῆναι
1506 2656 1556 2689 τὰς
1581 2655 1744 2691 Ἐκκλησίας
1767 2655 1861 2688 ἔλεγον

1065 2705 1104 2737 είς
1121 2705 1185 2740 μίαν
1205 2707 1371 2740 συναγαγεῖν
1390 2705 1563 2741 συμφωνίαν.
1577 2706 1615 2732 Οὐ
1634 2705 1688 2741 γὰρ
1711 2704 1791 2740 μόνον
1807 2703 1860 2730 αὖε

867 2771 986 2799 vanus
1009 2756 1214 2801 LECTIONES.

259 2840 282 2856 ⁸³
300 2841 489 2876 ἐπεμέμψατο.
508 2841 580 2867 Ιιιιιιιι
602 2848 663 2867 rum
680 2841 774 2876 Steph.

826 2842 848 2858 “
869 2842 977 2869 παλτῶν
993 2852 1008 2870 ιι

1061 2843 1111 2870 ηιιιιι
1123 2843 1259 2874 Valesius.
1276 2851 1434 2878 quanquam
1450 2847 1475 2871 el
1492 2843 1595 2878 πέλτην
1611 2843 1730 2876 jaeulum
1748 2843 1859 2877 signifi-

259 2850 282 2856 ν·
300 2850 385 2875 επεμε
410 2850 489 2874 ψατο.
509 2850 580 2867 nu-m
602 2850 663 2867 rum
680 2850 774 2876 atepn.
826 2850 848 2858 υ
869 2850 977 2869 παλτῶν
993 2850 1111 2870 man-nat
1127 2850 1259 2874 Valesius.
1276 2851 1434 2878 quanquam
1450 2850 1475 2871 et
1492 2850 1595 2878 πέλτην
1611 2850 1730 2876 jaenlnm
1748 2850 1857 2877 sign-u-

223 2882 285 2902 care
298 2850 432 2903 roncetiil.
445 2876 491 2913 ﬂ“
508 2876 606 2913 lterum
627 2876 669 2913 hic
685 2877 801 2904 duorum
812 2879 936 2913 capituut
953 2884 1124 2913 argumenta,
1156 2883 1183 2905 ut
1199 2879 1288 2913 capita
1309 2880 1378 2913 ipsa,
1394 2879 1421 2906 in
1441 2887 1525 2905 unum
1552 2880 1697 2911 conjuncta
1723 2886 1770 2912 per
1795 2878 1857 2904 Sir-

224 2912 361 2938 montium.

401 2913 423 2926 επ
438 2912 468 2938 Οί
490 2913 520 2938 ὲκ
533 2920 556 2938 τ.
581 2912 703 2944 Ἰταλίας.
722 2912 801 2941 Basil.
822 2913 868 2940 Gr.
887 2918 913 2941 ct
928 2912 1008 2942 Pittirt

1061 2923 1097 2948 τις,
1128 2912 1259 2950 probante
1289 2912 1406 2942 Vah-sio.
1460 2914 1482 2930 ⁸⁷

1500 2914 1560 2941 κατ’
1585 2915 1673 2941 αὐτόν.
1703 2913 1784 2941 liasil.
1803 2913 1855 2941 Gr.
