  <div class='ocr_page' id='page_1' title='image "/cluster/home/n/w/nwhite01/storage/ocr_20150623/82/njp.32101077772802/606.png"; bbox 0 0 1998 3121; ppageno 0'>
   <div class='ocr_carea' id='block_1_1' title="bbox 139 186 204 218">
    <p class='ocr_par' dir='ltr' id='par_1_1' title="bbox 139 186 204 218">
     <span class='ocr_line' id='line_1_1' title="bbox 139 186 204 218; baseline 0.015 -1"><span class='ocrx_word' id='word_1_1' title='bbox 139 186 204 218; x_wconf 76' lang='lat'><strong>1089</strong></span> 
     </span>
    </p>
   </div>
   <div class='ocr_carea' id='block_1_2' title="bbox 630 184 1292 223">
    <p class='ocr_par' dir='ltr' id='par_1_2' title="bbox 630 184 1292 223">
     <span class='ocr_line' id='line_1_2' title="bbox 630 184 1292 223; baseline 0.008 -6"><span class='ocrx_word' id='word_1_2' title='bbox 630 188 924 219; x_wconf 69' lang='lat' dir='ltr'><strong>ECCLESIASTIC/E</strong></span> <span class='ocrx_word' id='word_1_3' title='bbox 946 190 1138 221; x_wconf 76' lang='lat' dir='ltr'><strong>HISTORL’E</strong></span> <span class='ocrx_word' id='word_1_4' title='bbox 1157 192 1229 222; x_wconf 86' lang='lat' dir='ltr'><strong>LIB.</strong></span> <span class='ocrx_word' id='word_1_5' title='bbox 1251 184 1292 223; x_wconf 86' lang='grc' dir='ltr'><strong>ΙΪ,</strong></span> 
     </span>
    </p>
   </div>
   <div class='ocr_carea' id='block_1_3' title="bbox 1691 193 1760 226">
    <p class='ocr_par' dir='ltr' id='par_1_3' title="bbox 1691 193 1760 226">
     <span class='ocr_line' id='line_1_3' title="bbox 1691 193 1760 226; baseline -0.029 -2"><span class='ocrx_word' id='word_1_6' title='bbox 1691 193 1760 226; x_wconf 72' lang='lat' dir='ltr'><strong>10th</strong></span> 
     </span>
    </p>
   </div>
   <div class='ocr_carea' id='block_1_4' title="bbox 135 239 923 282">
    <p class='ocr_par' dir='ltr' id='par_1_4' title="bbox 135 239 921 276">
     <span class='ocr_line' id='line_1_4' title="bbox 135 239 921 276; baseline 0 -7"><span class='ocrx_word' id='word_1_7' title='bbox 135 243 182 274; x_wconf 76' lang='grc' dir='ltr'>τὰς</span> <span class='ocrx_word' id='word_1_8' title='bbox 199 242 225 269; x_wconf 86' lang='grc' dir='ltr'><strong>οί</strong></span> <span class='ocrx_word' id='word_1_9' title='bbox 245 240 375 268; x_wconf 83' lang='grc' dir='ltr'>τάναντία</span> <span class='ocrx_word' id='word_1_10' title='bbox 405 239 568 276; x_wconf 81' lang='grc' dir='ltr'><strong>φρονοῦντες</strong></span> <span class='ocrx_word' id='word_1_11' title='bbox 583 241 768 276; x_wconf 78' lang='grc' dir='ltr'>ἐπολιόρκουν,</span> <span class='ocrx_word' id='word_1_12' title='bbox 781 242 849 268; x_wconf 82' lang='grc' dir='ltr'>ἀλλὰ</span> <span class='ocrx_word' id='word_1_13' title='bbox 874 242 921 269; x_wconf 74' lang='grc' dir='ltr'>καὶ</span> 
     </span>
    </p>
   </div>
   <div class='ocr_carea' id='block_1_5' title="bbox 975 239 1757 282">
    <p class='ocr_par' dir='ltr' id='par_1_5' title="bbox 975 245 1757 282">
     <span class='ocr_line' id='line_1_5' title="bbox 975 245 1757 282; baseline 0.004 -11"><span class='ocrx_word' id='word_1_14' title='bbox 975 248 998 271; x_wconf 84' lang='lat' dir='ltr'><strong>et</strong></span> <span class='ocrx_word' id='word_1_15' title='bbox 1012 245 1058 280; x_wconf 87' lang='lat' dir='ltr'><strong>qui</strong></span> <span class='ocrx_word' id='word_1_16' title='bbox 1085 253 1114 273; x_wconf 90' lang='lat' dir='ltr'><strong>se</strong></span> <span class='ocrx_word' id='word_1_17' title='bbox 1132 246 1167 273; x_wconf 90' lang='lat' dir='ltr'><strong>ab</strong></span> <span class='ocrx_word' id='word_1_18' title='bbox 1188 246 1250 273; x_wconf 86' lang='lat' dir='ltr'><strong>aliis</strong></span> <span class='ocrx_word' id='word_1_19' title='bbox 1269 245 1348 274; x_wconf 90' lang='lat' dir='ltr'><strong>initio</strong></span> <span class='ocrx_word' id='word_1_20' title='bbox 1379 247 1598 282; x_wconf 75' lang='lat' dir='ltr'><strong>pnestantiSSimi</strong></span> <span class='ocrx_word' id='word_1_21' title='bbox 1621 247 1757 276; x_wconf 84' lang='lat' dir='ltr'><strong>Eustathii</strong></span> 
     </span>
    </p>
   </div>
   <div class='ocr_carea' id='block_1_6' title="bbox 134 287 921 323">
    <p class='ocr_par' dir='ltr' id='par_1_6' title="bbox 134 287 921 323">
     <span class='ocr_line' id='line_1_6' title="bbox 134 287 921 323; baseline 0 -8"><span class='ocrx_word' id='word_1_22' title='bbox 134 289 214 315; x_wconf 77' lang='grc' dir='ltr'>αὑταὶ</span> <span class='ocrx_word' id='word_1_23' title='bbox 233 287 301 323; x_wconf 73' lang='grc' dir='ltr'>πρὸς</span> <span class='ocrx_word' id='word_1_24' title='bbox 315 287 415 318; x_wconf 77' lang='grc' dir='ltr'>ἑαυτὰς</span> <span class='ocrx_word' id='word_1_25' title='bbox 437 287 605 319; x_wconf 72' lang='grc' dir='ltr'>ἐστασίαζον.</span> <span class='ocrx_word' id='word_1_26' title='bbox 623 287 677 314; x_wconf 75' lang='grc' dir='ltr'><strong>Καὶ</strong></span> <span class='ocrx_word' id='word_1_27' title='bbox 698 288 751 323; x_wconf 71' lang='grc' dir='ltr'><strong>γὰρ</strong></span> <span class='ocrx_word' id='word_1_28' title='bbox 769 289 798 314; x_wconf 86' lang='grc' dir='ltr'>ὲν</span> <span class='ocrx_word' id='word_1_29' title='bbox 820 289 921 316; x_wconf 77' lang='grc' dir='ltr'>Ἀντιο-</span> 
     </span>
    </p>
   </div>
   <div class='ocr_carea' id='block_1_7' title="bbox 134 335 922 373">
    <p class='ocr_par' dir='ltr' id='par_1_7' title="bbox 134 335 922 373">
     <span class='ocr_line' id='line_1_7' title="bbox 134 335 922 373; baseline 0.011 -12"><span class='ocrx_word' id='word_1_30' title='bbox 134 335 195 371; x_wconf 79' lang='grc' dir='ltr'>χείᾳ</span> <span class='ocrx_word' id='word_1_31' title='bbox 212 335 273 371; x_wconf 82' lang='grc' dir='ltr'>διχῆ</span> <span class='ocrx_word' id='word_1_32' title='bbox 287 335 318 362; x_wconf 76' lang='grc' dir='ltr'>τδ</span> <span class='ocrx_word' id='word_1_33' title='bbox 337 336 458 370; x_wconf 83' lang='grc' dir='ltr'>ὑγιαῖνον</span> <span class='ocrx_word' id='word_1_34' title='bbox 481 335 562 370; x_wconf 83' lang='grc' dir='ltr'>σῶμα</span> <span class='ocrx_word' id='word_1_35' title='bbox 581 336 630 370; x_wconf 83' lang='grc' dir='ltr'>τῆς</span> <span class='ocrx_word' id='word_1_36' title='bbox 646 336 809 371; x_wconf 77' lang='grc' dir='ltr'>Ἐκκλησίας</span> <span class='ocrx_word' id='word_1_37' title='bbox 829 337 922 373; x_wconf 82' lang='grc' dir='ltr'>διῄρη-</span> 
     </span>
    </p>
   </div>
   <div class='ocr_carea' id='block_1_8' title="bbox 133 381 922 419">
    <p class='ocr_par' dir='ltr' id='par_1_8' title="bbox 133 381 922 419">
     <span class='ocr_line' id='line_1_8' title="bbox 133 381 922 419; baseline 0.003 -11"><span class='ocrx_word' id='word_1_38' title='bbox 133 390 175 410; x_wconf 86' lang='grc' dir='ltr'>το.</span> <span class='ocrx_word' id='word_1_39' title='bbox 197 382 231 408; x_wconf 83' lang='grc' dir='ltr'><strong>Οῐ</strong></span> <span class='ocrx_word' id='word_1_40' title='bbox 248 391 277 408; x_wconf 88' lang='grc' dir='ltr'><strong>τε</strong></span> <span class='ocrx_word' id='word_1_41' title='bbox 291 382 345 418; x_wconf 76' lang='grc' dir='ltr'><strong>γὰρ</strong></span> <span class='ocrx_word' id='word_1_42' title='bbox 362 382 392 414; x_wconf 78' lang='grc' dir='ltr'>ἐξ</span> <span class='ocrx_word' id='word_1_43' title='bbox 412 381 499 419; x_wconf 82' lang='grc' dir='ltr'>ἀρχῆς</span> <span class='ocrx_word' id='word_1_44' title='bbox 523 383 672 409; x_wconf 80' lang='grc' dir='ltr'>Εὑσταθίου</span> <span class='ocrx_word' id='word_1_45' title='bbox 691 383 771 418; x_wconf 85' lang='grc' dir='ltr'>χάριν</span> <span class='ocrx_word' id='word_1_46' title='bbox 784 382 831 410; x_wconf 77' lang='grc' dir='ltr'>τοῦ</span> <span class='ocrx_word' id='word_1_47' title='bbox 855 392 922 410; x_wconf 80' lang='grc' dir='ltr'>παν-</span> 
     </span>
    </p>
   </div>
   <div class='ocr_carea' id='block_1_9' title="bbox 134 419 923 464">
    <p class='ocr_par' dir='ltr' id='par_1_9' title="bbox 134 419 923 464">
     <span class='ocr_line' id='line_1_9' title="bbox 134 419 923 464; baseline 0.003 -10"><span class='ocrx_word' id='word_1_48' title='bbox 134 429 258 464; x_wconf 83' lang='grc' dir='ltr'>ευφήμου</span> <span class='ocrx_word' id='word_1_49' title='bbox 293 419 348 455; x_wconf 84' lang='grc' dir='ltr'><strong>τῶν</strong></span> <span class='ocrx_word' id='word_1_50' title='bbox 380 429 466 456; x_wconf 77' lang='grc' dir='ltr'>ἄλλων</span> <span class='ocrx_word' id='word_1_51' title='bbox 492 428 685 464; x_wconf 81' lang='grc' dir='ltr'><strong>ἀποκριθέντες</strong></span> <span class='ocrx_word' id='word_1_52' title='bbox 715 429 775 455; x_wconf 81' lang='grc' dir='ltr'>καθ’</span> <span class='ocrx_word' id='word_1_53' title='bbox 809 429 923 461; x_wconf 77' lang='grc' dir='ltr'>ἑαυτοὺς</span> 
     </span>
    </p>
   </div>
   <div class='ocr_carea' id='block_1_10' title="bbox 135 474 921 510">
    <p class='ocr_par' dir='ltr' id='par_1_10' title="bbox 135 474 921 510">
     <span class='ocr_line' id='line_1_10' title="bbox 135 474 921 510; baseline 0 -9"><span class='ocrx_word' id='word_1_54' title='bbox 135 474 351 510; x_wconf 72' lang='grc' dir='ltr'>συνηθροίζοντο.</span> <span class='ocrx_word' id='word_1_55' title='bbox 368 476 414 501; x_wconf 71' lang='grc' dir='ltr'>καὶ</span> <span class='ocrx_word' id='word_1_56' title='bbox 430 475 454 501; x_wconf 87' lang='grc' dir='ltr'>οἱ</span> <span class='ocrx_word' id='word_1_57' title='bbox 469 475 538 510; x_wconf 87' lang='grc' dir='ltr'>μετὰ</span> <span class='ocrx_word' id='word_1_58' title='bbox 560 475 692 501; x_wconf 87' lang='grc' dir='ltr'>Μελετίου</span> <span class='ocrx_word' id='word_1_59' title='bbox 708 475 754 502; x_wconf 82' lang='grc' dir='ltr'>τοῦ</span> <span class='ocrx_word' id='word_1_60' title='bbox 770 475 921 510; x_wconf 82' lang='grc' dir='ltr'>θαυμασίου</span> 
     </span>
    </p>
   </div>
   <div class='ocr_carea' id='block_1_11' title="bbox 133 521 923 558">
    <p class='ocr_par' dir='ltr' id='par_1_11' title="bbox 133 521 923 558">
     <span class='ocr_line' id='line_1_11' title="bbox 133 521 923 558; baseline 0.001 -11"><span class='ocrx_word' id='word_1_61' title='bbox 133 521 184 556; x_wconf 85' lang='grc' dir='ltr'>τῆς</span> <span class='ocrx_word' id='word_1_62' title='bbox 205 522 376 557; x_wconf 83' lang='grc' dir='ltr'>’Δρειανικῆς</span> <span class='ocrx_word' id='word_1_63' title='bbox 393 522 548 558; x_wconf 80' lang='grc' dir='ltr'><strong>συμμορίας</strong></span> <span class='ocrx_word' id='word_1_64' title='bbox 571 521 760 558; x_wconf 80' lang='grc' dir='ltr'><strong>χωρισθέντες,</strong></span> <span class='ocrx_word' id='word_1_65' title='bbox 783 522 812 548; x_wconf 81' lang='grc' dir='ltr'>ἐν</span> <span class='ocrx_word' id='word_1_66' title='bbox 827 523 860 557; x_wconf 82' lang='grc' dir='ltr'>τῇ</span> <span class='ocrx_word' id='word_1_67' title='bbox 879 522 923 548; x_wconf 91' lang='grc' dir='ltr'>λε-</span> 
     </span>
    </p>
   </div>
   <div class='ocr_carea' id='block_1_12' title="bbox 133 567 922 604">
    <p class='ocr_par' dir='ltr' id='par_1_12' title="bbox 133 567 922 604">
     <span class='ocr_line' id='line_1_12' title="bbox 133 567 922 604; baseline 0 -10"><span class='ocrx_word' id='word_1_68' title='bbox 133 568 240 603; x_wconf 82' lang='grc' dir='ltr'>γομένῃ</span> <span class='ocrx_word' id='word_1_69' title='bbox 263 567 285 584; x_wconf 71' lang='grc'><strong>⁸⁸</strong></span> <span class='ocrx_word' id='word_1_70' title='bbox 312 568 418 604; x_wconf 84' lang='grc' dir='ltr'>Παλαιᾷ</span> <span class='ocrx_word' id='word_1_71' title='bbox 445 568 494 599; x_wconf 78' lang='grc' dir='ltr'><strong>τὰς</strong></span> <span class='ocrx_word' id='word_1_72' title='bbox 514 567 685 603; x_wconf 74' lang='grc' dir='ltr'><strong>λειτουργίας</strong></span> <span class='ocrx_word' id='word_1_73' title='bbox 706 567 848 594; x_wconf 79' lang='grc' dir='ltr'><strong>ἐπετέλουν</strong></span> <span class='ocrx_word' id='word_1_74' title='bbox 873 568 922 599; x_wconf 77' lang='grc' dir='ltr'><strong>τὰς</strong></span> 
     </span>
    </p>
   </div>
   <div class='ocr_carea' id='block_1_13' title="bbox 133 612 922 650">
    <p class='ocr_par' dir='ltr' id='par_1_13' title="bbox 133 612 922 650">
     <span class='ocr_line' id='line_1_13' title="bbox 133 612 922 650; baseline 0.001 -10"><span class='ocrx_word' id='word_1_75' title='bbox 133 614 220 645; x_wconf 80' lang='grc' dir='ltr'><strong>θείας.</strong></span> <span class='ocrx_word' id='word_1_76' title='bbox 234 614 290 641; x_wconf 85' lang='grc' dir='ltr'><strong>Καὶ</strong></span> <span class='ocrx_word' id='word_1_77' title='bbox 304 612 338 650; x_wconf 83' lang='grc' dir='ltr'>ἦν</span> <span class='ocrx_word' id='word_1_78' title='bbox 356 615 405 649; x_wconf 68' lang='grc' dir='ltr'>μὲν</span> <span class='ocrx_word' id='word_1_79' title='bbox 419 614 521 641; x_wconf 74' lang='grc' dir='ltr'>τούτων</span> <span class='ocrx_word' id='word_1_80' title='bbox 542 615 676 641; x_wconf 87' lang='grc' dir='ltr'>κάκείνων</span> <span class='ocrx_word' id='word_1_81' title='bbox 700 615 748 650; x_wconf 85' lang='grc' dir='ltr'><strong>μία</strong></span> <span class='ocrx_word' id='word_1_82' title='bbox 768 615 922 650; x_wconf 78' lang='grc' dir='ltr'>ήὸμολογία</span> 
     </span>
    </p>
   </div>
   <div class='ocr_carea' id='block_1_14' title="bbox 133 660 923 696">
    <p class='ocr_par' dir='ltr' id='par_1_14' title="bbox 133 660 923 696">
     <span class='ocr_line' id='line_1_14' title="bbox 133 660 923 696; baseline 0.001 -10"><span class='ocrx_word' id='word_1_83' title='bbox 133 660 184 695; x_wconf 82' lang='grc' dir='ltr'>τῆς</span> <span class='ocrx_word' id='word_1_84' title='bbox 203 660 331 691; x_wconf 87' lang='grc' dir='ltr'>πίστεως·</span> <span class='ocrx_word' id='word_1_85' title='bbox 348 661 477 696; x_wconf 82' lang='grc' dir='ltr'>ἑκάτερον</span> <span class='ocrx_word' id='word_1_86' title='bbox 490 661 512 677; x_wconf 72' lang='grc' dir='ltr'>θ’</span> <span class='ocrx_word' id='word_1_87' title='bbox 536 661 590 696; x_wconf 72' lang='grc' dir='ltr'><strong>γὰρ</strong></span> <span class='ocrx_word' id='word_1_88' title='bbox 610 661 735 696; x_wconf 82' lang='grc' dir='ltr'><strong>σύστημα</strong></span> <span class='ocrx_word' id='word_1_89' title='bbox 750 661 797 696; x_wconf 82' lang='grc' dir='ltr'>τῆς</span> <span class='ocrx_word' id='word_1_90' title='bbox 811 661 832 676; x_wconf 87' lang='grc'><strong>⁷⁰</strong></span> <span class='ocrx_word' id='word_1_91' title='bbox 850 662 923 687; x_wconf 58' lang='grc' dir='ltr'>ὲντεο</span> 
     </span>
    </p>
   </div>
   <div class='ocr_carea' id='block_1_15' title="bbox 134 706 922 743">
    <p class='ocr_par' dir='ltr' id='par_1_15' title="bbox 134 706 922 743">
     <span class='ocr_line' id='line_1_15' title="bbox 134 706 922 743; baseline 0.001 -11"><span class='ocrx_word' id='word_1_92' title='bbox 134 706 234 742; x_wconf 76' lang='grc' dir='ltr'>θείσης</span> <span class='ocrx_word' id='word_1_93' title='bbox 245 707 273 733; x_wconf 78' lang='grc' dir='ltr'>ὲν</span> <span class='ocrx_word' id='word_1_94' title='bbox 288 707 390 742; x_wconf 81' lang='grc' dir='ltr'>Νικαίᾳ</span> <span class='ocrx_word' id='word_1_95' title='bbox 406 707 579 739; x_wconf 81' lang='grc' dir='ltr'><strong>διδασκαλίας</strong></span> <span class='ocrx_word' id='word_1_96' title='bbox 596 707 774 743; x_wconf 79' lang='grc' dir='ltr'>ὑπερεμάχει.</span> <span class='ocrx_word' id='word_1_97' title='bbox 798 707 873 742; x_wconf 87' lang='grc' dir='ltr'>Μόνη</span> <span class='ocrx_word' id='word_1_98' title='bbox 894 707 922 733; x_wconf 83' lang='grc' dir='ltr'>δὲ</span> 
     </span>
    </p>
   </div>
   <div class='ocr_carea' id='block_1_16' title="bbox 134 754 922 790">
    <p class='ocr_par' dir='ltr' id='par_1_16' title="bbox 134 754 922 790">
     <span class='ocr_line' id='line_1_16' title="bbox 134 754 922 790; baseline 0 -10"><span class='ocrx_word' id='word_1_99' title='bbox 134 754 234 785; x_wconf 79' lang='grc' dir='ltr'>αὐτοὺς</span> <span class='ocrx_word' id='word_1_100' title='bbox 257 754 314 789; x_wconf 80' lang='grc' dir='ltr'>ἔρις</span> <span class='ocrx_word' id='word_1_101' title='bbox 339 755 386 781; x_wconf 83' lang='grc' dir='ltr'><strong>ἀπ’</strong></span> <span class='ocrx_word' id='word_1_102' title='bbox 404 754 526 790; x_wconf 80' lang='grc' dir='ltr'>ἀλλήλων</span> <span class='ocrx_word' id='word_1_103' title='bbox 551 754 649 789; x_wconf 86' lang='grc' dir='ltr'>διίστη.</span> <span class='ocrx_word' id='word_1_104' title='bbox 677 755 755 790; x_wconf 80' lang='grc' dir='ltr'>καὶὴ</span> <span class='ocrx_word' id='word_1_105' title='bbox 777 755 841 790; x_wconf 78' lang='grc' dir='ltr'>περὶ</span> <span class='ocrx_word' id='word_1_106' title='bbox 860 754 922 785; x_wconf 71' lang='grc' dir='ltr'>τοὺς</span> 
     </span>
    </p>
   </div>
   <div class='ocr_carea' id='block_1_17' title="bbox 134 800 921 837">
    <p class='ocr_par' dir='ltr' id='par_1_17' title="bbox 134 800 921 837">
     <span class='ocr_line' id='line_1_17' title="bbox 134 800 921 837; baseline 0 -11"><span class='ocrx_word' id='word_1_107' title='bbox 134 801 303 836; x_wconf 78' lang='grc' dir='ltr'>ἡγουμένους</span> <span class='ocrx_word' id='word_1_108' title='bbox 314 801 432 833; x_wconf 76' lang='grc' dir='ltr'>διάθεσις</span> <span class='ocrx_word' id='word_1_109' title='bbox 448 801 467 816; x_wconf 93' lang='lat'>&#39;“</span> <span class='ocrx_word' id='word_1_110' title='bbox 480 800 566 837; x_wconf 73' lang='lat'><strong>[128].</strong></span> <span class='ocrx_word' id='word_1_111' title='bbox 584 801 651 827; x_wconf 83' lang='grc' dir='ltr'><strong>Οὐδὲ</strong></span> <span class='ocrx_word' id='word_1_112' title='bbox 662 801 685 818; x_wconf 71' lang='grc' dir='ltr'><strong>τ’</strong></span> <span class='ocrx_word' id='word_1_113' title='bbox 703 801 757 837; x_wconf 84' lang='grc' dir='ltr'><strong>γὰρ</strong></span> <span class='ocrx_word' id='word_1_114' title='bbox 774 802 790 836; x_wconf 82' lang='grc' dir='ltr'>ἡ</span> <span class='ocrx_word' id='word_1_115' title='bbox 809 801 921 836; x_wconf 79' lang='grc' dir='ltr'>θατέρου</span> 
     </span>
    </p>
   </div>
   <div class='ocr_carea' id='block_1_18' title="bbox 131 847 922 884">
    <p class='ocr_par' dir='ltr' id='par_1_18' title="bbox 131 847 922 884">
     <span class='ocr_line' id='line_1_18' title="bbox 131 847 922 884; baseline 0 -10"><span class='ocrx_word' id='word_1_116' title='bbox 131 847 248 883; x_wconf 82' lang='grc' dir='ltr'>τελευτὴ</span> <span class='ocrx_word' id='word_1_117' title='bbox 267 848 371 875; x_wconf 81' lang='grc' dir='ltr'>διέλυσε</span> <span class='ocrx_word' id='word_1_118' title='bbox 387 848 436 883; x_wconf 83' lang='grc' dir='ltr'>τὴν</span> <span class='ocrx_word' id='word_1_119' title='bbox 450 848 601 875; x_wconf 77' lang='grc' dir='ltr'>διάστασιν·</span> <span class='ocrx_word' id='word_1_120' title='bbox 620 848 675 884; x_wconf 76' lang='grc' dir='ltr'><strong>πρὸ</strong></span> <span class='ocrx_word' id='word_1_121' title='bbox 694 848 750 884; x_wconf 79' lang='grc' dir='ltr'>γὰρ</span> <span class='ocrx_word' id='word_1_122' title='bbox 770 849 819 883; x_wconf 80' lang='grc' dir='ltr'>τῆς</span> <span class='ocrx_word' id='word_1_123' title='bbox 835 848 922 874; x_wconf 87' lang='grc' dir='ltr'>Μελε-</span> 
     </span>
    </p>
   </div>
   <div class='ocr_carea' id='block_1_19' title="bbox 131 893 922 930">
    <p class='ocr_par' dir='ltr' id='par_1_19' title="bbox 131 893 922 930">
     <span class='ocr_line' id='line_1_19' title="bbox 131 893 922 930; baseline 0.001 -11"><span class='ocrx_word' id='word_1_124' title='bbox 131 893 192 920; x_wconf 76' lang='grc' dir='ltr'>τίου</span> <span class='ocrx_word' id='word_1_125' title='bbox 205 894 368 930; x_wconf 78' lang='grc' dir='ltr'>χειροτονίας</span> <span class='ocrx_word' id='word_1_126' title='bbox 381 893 530 921; x_wconf 84' lang='grc' dir='ltr'>Εὐσταθίου</span> <span class='ocrx_word' id='word_1_127' title='bbox 546 894 780 930; x_wconf 82' lang='grc' dir='ltr'>τετελευτηκότος,</span> <span class='ocrx_word' id='word_1_128' title='bbox 806 894 853 921; x_wconf 80' lang='grc' dir='ltr'>καὶ</span> <span class='ocrx_word' id='word_1_129' title='bbox 867 894 922 920; x_wconf 87' lang='grc' dir='ltr'>τῶν</span> 
     </span>
    </p>
   </div>
   <div class='ocr_carea' id='block_1_20' title="bbox 972 292 1758 329">
    <p class='ocr_par' dir='ltr' id='par_1_20' title="bbox 972 292 1758 329">
     <span class='ocr_line' id='line_1_20' title="bbox 972 292 1758 329; baseline 0.005 -12"><span class='ocrx_word' id='word_1_130' title='bbox 972 297 1055 318; x_wconf 86' lang='lat' dir='ltr'><strong>causa</strong></span> <span class='ocrx_word' id='word_1_131' title='bbox 1075 295 1262 326; x_wconf 80' lang='lat' dir='ltr'><strong>scgregarant,</strong></span> <span class='ocrx_word' id='word_1_132' title='bbox 1276 292 1390 319; x_wconf 86' lang='lat' dir='ltr'><strong>seorsim</strong></span> <span class='ocrx_word' id='word_1_133' title='bbox 1410 297 1563 321; x_wconf 86' lang='lat' dir='ltr'><strong>conventus</strong></span> <span class='ocrx_word' id='word_1_134' title='bbox 1579 294 1696 329; x_wconf 75' lang='lat' dir='ltr'><strong>agebant</strong></span> <span class='ocrx_word' id='word_1_135' title='bbox 1711 304 1717 320; x_wconf 91' lang='lat'>:</span> <span class='ocrx_word' id='word_1_136' title='bbox 1732 299 1758 322; x_wconf 86' lang='lat' dir='ltr'><strong>ct</strong></span> 
     </span>
    </p>
   </div>
   <div class='ocr_carea' id='block_1_21' title="bbox 972 336 1758 371">
    <p class='ocr_par' dir='ltr' id='par_1_21' title="bbox 972 336 1758 371">
     <span class='ocr_line' id='line_1_21' title="bbox 972 336 1758 371; baseline 0.006 -9"><span class='ocrx_word' id='word_1_137' title='bbox 972 336 1018 371; x_wconf 85' lang='lat' dir='ltr'><strong>qui</strong></span> <span class='ocrx_word' id='word_1_138' title='bbox 1037 344 1066 364; x_wconf 87' lang='lat' dir='ltr'><strong>se</strong></span> <span class='ocrx_word' id='word_1_139' title='bbox 1081 344 1144 363; x_wconf 87' lang='lat' dir='ltr'><strong>cum</strong></span> <span class='ocrx_word' id='word_1_140' title='bbox 1160 336 1314 364; x_wconf 78' lang='lat' dir='ltr'><strong>admirabili</strong></span> <span class='ocrx_word' id='word_1_141' title='bbox 1341 337 1449 365; x_wconf 82' lang='lat' dir='ltr'><strong>Meletio</strong></span> <span class='ocrx_word' id='word_1_142' title='bbox 1468 339 1503 366; x_wconf 85' lang='lat' dir='ltr'><strong>ab</strong></span> <span class='ocrx_word' id='word_1_143' title='bbox 1521 339 1623 367; x_wconf 81' lang='lat' dir='ltr'><strong>Ariana</strong></span> <span class='ocrx_word' id='word_1_144' title='bbox 1640 340 1758 368; x_wconf 74' lang='lat' dir='ltr'><strong>factione</strong></span> 
     </span>
    </p>
   </div>
   <div class='ocr_carea' id='block_1_22' title="bbox 971 381 1758 421">
    <p class='ocr_par' dir='ltr' id='par_1_22' title="bbox 971 381 1758 421">
     <span class='ocr_line' id='line_1_22' title="bbox 971 381 1758 421; baseline 0.006 -13"><span class='ocrx_word' id='word_1_145' title='bbox 971 382 1173 416; x_wconf 69' lang='lat' dir='ltr'><strong>disiunxerant,</strong></span> <span class='ocrx_word' id='word_1_146' title='bbox 1186 381 1212 408; x_wconf 94' lang='lat' dir='ltr'><strong>in</strong></span> <span class='ocrx_word' id='word_1_147' title='bbox 1221 381 1320 414; x_wconf 69' lang='lat' dir='ltr'><strong>Palma,</strong></span> <span class='ocrx_word' id='word_1_148' title='bbox 1330 390 1411 417; x_wconf 85' lang='lat' dir='ltr'><strong>quant</strong></span> <span class='ocrx_word' id='word_1_149' title='bbox 1424 388 1532 416; x_wconf 85' lang='lat' dir='ltr'><strong>vocant,</strong></span> <span class='ocrx_word' id='word_1_150' title='bbox 1548 384 1639 412; x_wconf 81' lang='lat' dir='ltr'><strong>divina</strong></span> <span class='ocrx_word' id='word_1_151' title='bbox 1656 389 1758 421; x_wconf 87' lang='lat' dir='ltr'><strong>mystc-</strong></span> 
     </span>
    </p>
   </div>
   <div class='ocr_carea' id='block_1_23' title="bbox 972 427 1756 463">
    <p class='ocr_par' dir='ltr' id='par_1_23' title="bbox 972 427 1756 463">
     <span class='ocr_line' id='line_1_23' title="bbox 972 427 1756 463; baseline 0.005 -9"><span class='ocrx_word' id='word_1_152' title='bbox 972 428 1012 455; x_wconf 88' lang='lat' dir='ltr'><strong>ria</strong></span> <span class='ocrx_word' id='word_1_153' title='bbox 1027 427 1213 455; x_wconf 83' lang='lat' dir='ltr'><strong>celebrabant.</strong></span> <span class='ocrx_word' id='word_1_154' title='bbox 1228 427 1347 463; x_wconf 76' lang='lat' dir='ltr'><strong>Eratque</strong></span> <span class='ocrx_word' id='word_1_155' title='bbox 1364 433 1422 455; x_wconf 89' lang='lat' dir='ltr'><strong>tum</strong></span> <span class='ocrx_word' id='word_1_156' title='bbox 1443 429 1558 456; x_wconf 86' lang='lat' dir='ltr'><strong>istorum</strong></span> <span class='ocrx_word' id='word_1_157' title='bbox 1571 433 1628 457; x_wconf 89' lang='lat' dir='ltr'><strong>tum</strong></span> <span class='ocrx_word' id='word_1_158' title='bbox 1644 431 1756 458; x_wconf 81' lang='lat' dir='ltr'><strong>illorum</strong></span> 
     </span>
    </p>
   </div>
   <div class='ocr_carea' id='block_1_24' title="bbox 974 473 1758 509">
    <p class='ocr_par' dir='ltr' id='par_1_24' title="bbox 974 473 1758 509">
     <span class='ocr_line' id='line_1_24' title="bbox 974 473 1758 509; baseline 0.004 -9"><span class='ocrx_word' id='word_1_159' title='bbox 974 480 1026 500; x_wconf 81' lang='lat' dir='ltr'><strong>una</strong></span> <span class='ocrx_word' id='word_1_160' title='bbox 1045 473 1104 500; x_wconf 88' lang='lat' dir='ltr'><strong>fidei</strong></span> <span class='ocrx_word' id='word_1_161' title='bbox 1119 473 1267 500; x_wconf 82' lang='lat' dir='ltr'><strong>confessio.</strong></span> <span class='ocrx_word' id='word_1_162' title='bbox 1286 473 1399 508; x_wconf 88' lang='lat' dir='ltr'><strong>Utrique</strong></span> <span class='ocrx_word' id='word_1_163' title='bbox 1413 475 1484 501; x_wconf 87' lang='lat' dir='ltr'><strong>enim</strong></span> <span class='ocrx_word' id='word_1_164' title='bbox 1498 475 1650 509; x_wconf 77' lang='lat' dir='ltr'><strong>expositam</strong></span> <span class='ocrx_word' id='word_1_165' title='bbox 1662 476 1758 504; x_wconf 57' lang='lat' dir='ltr'><strong>Nicaeae</strong></span> 
     </span>
    </p>
   </div>
   <div class='ocr_carea' id='block_1_25' title="bbox 972 518 1758 556">
    <p class='ocr_par' dir='ltr' id='par_1_25' title="bbox 972 518 1758 556">
     <span class='ocr_line' id='line_1_25' title="bbox 972 518 1758 556; baseline 0.005 -12"><span class='ocrx_word' id='word_1_166' title='bbox 972 518 1127 545; x_wconf 89' lang='lat' dir='ltr'><strong>doctrinam</strong></span> <span class='ocrx_word' id='word_1_167' title='bbox 1147 518 1367 555; x_wconf 64' lang='lat' dir='ltr'><strong>propugnabant.</strong></span> <span class='ocrx_word' id='word_1_168' title='bbox 1384 519 1448 546; x_wconf 86' lang='lat' dir='ltr'><strong>Sola</strong></span> <span class='ocrx_word' id='word_1_169' title='bbox 1467 519 1528 547; x_wconf 91' lang='lat' dir='ltr'><strong>illos</strong></span> <span class='ocrx_word' id='word_1_170' title='bbox 1545 520 1629 556; x_wconf 77' lang='lat'><strong>916</strong></span> <span class='ocrx_word' id='word_1_171' title='bbox 1643 527 1758 548; x_wconf 86' lang='lat' dir='ltr'><strong>conten—</strong></span> 
     </span>
    </p>
   </div>
   <div class='ocr_carea' id='block_1_26' title="bbox 973 564 1759 600">
    <p class='ocr_par' dir='ltr' id='par_1_26' title="bbox 973 564 1759 600">
     <span class='ocr_line' id='line_1_26' title="bbox 973 564 1759 600; baseline 0.005 -9"><span class='ocrx_word' id='word_1_172' title='bbox 973 564 1022 596; x_wconf 90' lang='lat' dir='ltr'><strong>tio,</strong></span> <span class='ocrx_word' id='word_1_173' title='bbox 1041 569 1068 592; x_wconf 89' lang='lat' dir='ltr'><strong>et</strong></span> <span class='ocrx_word' id='word_1_174' title='bbox 1099 565 1126 592; x_wconf 94' lang='lat' dir='ltr'><strong>in</strong></span> <span class='ocrx_word' id='word_1_175' title='bbox 1156 565 1286 600; x_wconf 69' lang='lat' dir='ltr'><strong>praesules</strong></span> <span class='ocrx_word' id='word_1_176' title='bbox 1302 573 1365 593; x_wconf 83' lang='lat' dir='ltr'><strong>suos</strong></span> <span class='ocrx_word' id='word_1_177' title='bbox 1383 573 1460 592; x_wconf 86' lang='lat' dir='ltr'><strong>amor</strong></span> <span class='ocrx_word' id='word_1_178' title='bbox 1475 566 1622 594; x_wconf 84' lang='lat' dir='ltr'><strong>divellebat</strong></span> <span class='ocrx_word' id='word_1_179' title='bbox 1644 576 1651 594; x_wconf 87' lang='lat'><strong>:</strong></span> <span class='ocrx_word' id='word_1_180' title='bbox 1670 575 1702 594; x_wconf 89' lang='lat' dir='ltr'><strong>ac</strong></span> <span class='ocrx_word' id='word_1_181' title='bbox 1725 576 1759 596; x_wconf 89' lang='lat' dir='ltr'><strong>ne</strong></span> 
     </span>
    </p>
   </div>
   <div class='ocr_carea' id='block_1_27' title="bbox 974 611 1757 645">
    <p class='ocr_par' dir='ltr' id='par_1_27' title="bbox 974 611 1757 645">
     <span class='ocr_line' id='line_1_27' title="bbox 974 611 1757 645; baseline 0.006 -10"><span class='ocrx_word' id='word_1_182' title='bbox 974 614 1062 637; x_wconf 86' lang='lat' dir='ltr'><strong>morte</strong></span> <span class='ocrx_word' id='word_1_183' title='bbox 1090 611 1199 645; x_wconf 80' lang='lat' dir='ltr'><strong>quidem</strong></span> <span class='ocrx_word' id='word_1_184' title='bbox 1222 611 1336 639; x_wconf 86' lang='lat' dir='ltr'><strong>alterius</strong></span> <span class='ocrx_word' id='word_1_185' title='bbox 1363 611 1498 645; x_wconf 87' lang='lat' dir='ltr'><strong>dirempta</strong></span> <span class='ocrx_word' id='word_1_186' title='bbox 1532 617 1575 640; x_wconf 87' lang='lat' dir='ltr'><strong>est</strong></span> <span class='ocrx_word' id='word_1_187' title='bbox 1608 613 1757 640; x_wconf 72' lang='lat' dir='ltr'><strong>discordia.</strong></span> 
     </span>
    </p>
   </div>
   <div class='ocr_carea' id='block_1_28' title="bbox 973 654 1758 691">
    <p class='ocr_par' dir='ltr' id='par_1_28' title="bbox 973 654 1758 691">
     <span class='ocr_line' id='line_1_28' title="bbox 973 654 1758 691; baseline 0.005 -10"><span class='ocrx_word' id='word_1_188' title='bbox 973 654 1080 682; x_wconf 76' lang='lat' dir='ltr'><strong>Mm&#39;tuo</strong></span> <span class='ocrx_word' id='word_1_189' title='bbox 1095 657 1167 682; x_wconf 90' lang='lat' dir='ltr'><strong>enim</strong></span> <span class='ocrx_word' id='word_1_190' title='bbox 1194 661 1257 684; x_wconf 87' lang='lat' dir='ltr'><strong>ante</strong></span> <span class='ocrx_word' id='word_1_191' title='bbox 1278 657 1377 684; x_wconf 69' lang='lat' dir='ltr'><strong>Mcletii</strong></span> <span class='ocrx_word' id='word_1_192' title='bbox 1409 657 1576 685; x_wconf 78' lang='lat' dir='ltr'><strong>creationem</strong></span> <span class='ocrx_word' id='word_1_193' title='bbox 1604 659 1758 691; x_wconf 80' lang='lat' dir='ltr'><strong>Eustathio,</strong></span> 
     </span>
    </p>
   </div>
   <div class='ocr_carea' id='block_1_29' title="bbox 973 702 1759 739">
    <p class='ocr_par' dir='ltr' id='par_1_29' title="bbox 973 702 1759 739">
     <span class='ocr_line' id='line_1_29' title="bbox 973 702 1759 739; baseline 0.003 -11"><span class='ocrx_word' id='word_1_194' title='bbox 973 709 1034 728; x_wconf 86' lang='lat' dir='ltr'><strong>cum</strong></span> <span class='ocrx_word' id='word_1_195' title='bbox 1048 702 1158 736; x_wconf 85' lang='lat' dir='ltr'><strong>pietatis</strong></span> <span class='ocrx_word' id='word_1_196' title='bbox 1176 703 1307 736; x_wconf 86' lang='lat' dir='ltr'><strong>cultores,</strong></span> <span class='ocrx_word' id='word_1_197' title='bbox 1328 708 1387 739; x_wconf 89' lang='lat' dir='ltr'><strong>post</strong></span> <span class='ocrx_word' id='word_1_198' title='bbox 1403 705 1533 732; x_wconf 83' lang='lat' dir='ltr'><strong>exsilium</strong></span> <span class='ocrx_word' id='word_1_199' title='bbox 1557 705 1656 732; x_wconf 81' lang='lat' dir='ltr'><strong>Meletii</strong></span> <span class='ocrx_word' id='word_1_200' title='bbox 1681 713 1759 733; x_wconf 79' lang='lat' dir='ltr'><strong>crea-</strong></span> 
     </span>
    </p>
   </div>
   <div class='ocr_carea' id='block_1_30' title="bbox 972 753 1760 790">
    <p class='ocr_par' dir='ltr' id='par_1_30' title="bbox 972 753 1760 790">
     <span class='ocr_line' id='line_1_30' title="bbox 972 753 1760 790; baseline 0.008 -11"><span class='ocrx_word' id='word_1_201' title='bbox 972 753 1132 788; x_wconf 83' lang='lat' dir='ltr'><strong>tionemquc</strong></span> <span class='ocrx_word' id='word_1_202' title='bbox 1151 753 1258 785; x_wconf 80' lang='lat' dir='ltr'><strong>Enzoii,</strong></span> <span class='ocrx_word' id='word_1_203' title='bbox 1286 755 1320 781; x_wconf 88' lang='lat' dir='ltr'><strong>ab</strong></span> <span class='ocrx_word' id='word_1_204' title='bbox 1348 754 1494 790; x_wconf 85' lang='lat' dir='ltr'><strong>impiorum</strong></span> <span class='ocrx_word' id='word_1_205' title='bbox 1519 756 1711 784; x_wconf 84' lang='lat' dir='ltr'><strong>communione</strong></span> <span class='ocrx_word' id='word_1_206' title='bbox 1730 765 1760 785; x_wconf 89' lang='lat' dir='ltr'><strong>sc</strong></span> 
     </span>
    </p>
   </div>
   <div class='ocr_carea' id='block_1_31' title="bbox 973 800 1760 835">
    <p class='ocr_par' dir='ltr' id='par_1_31' title="bbox 973 800 1760 835">
     <span class='ocr_line' id='line_1_31' title="bbox 973 800 1760 835; baseline 0.005 -9"><span class='ocrx_word' id='word_1_207' title='bbox 973 800 1182 833; x_wconf 82' lang='lat' dir='ltr'><strong>subduxissent,</strong></span> <span class='ocrx_word' id='word_1_208' title='bbox 1197 806 1223 828; x_wconf 86' lang='lat' dir='ltr'><strong>et</strong></span> <span class='ocrx_word' id='word_1_209' title='bbox 1234 806 1376 835; x_wconf 83' lang='lat' dir='ltr'><strong>separatos</strong></span> <span class='ocrx_word' id='word_1_210' title='bbox 1392 807 1544 830; x_wconf 83' lang='lat' dir='ltr'><strong>conventus</strong></span> <span class='ocrx_word' id='word_1_211' title='bbox 1555 803 1697 835; x_wconf 82' lang='lat' dir='ltr'><strong>haberent,</strong></span> <span class='ocrx_word' id='word_1_212' title='bbox 1712 803 1760 830; x_wconf 89' lang='lat' dir='ltr'><strong>ad-</strong></span> 
     </span>
    </p>
   </div>
   <div class='ocr_carea' id='block_1_32' title="bbox 974 846 1759 881">
    <p class='ocr_par' dir='ltr' id='par_1_32' title="bbox 974 846 1759 881">
     <span class='ocr_line' id='line_1_32' title="bbox 974 846 1759 881; baseline 0.006 -9"><span class='ocrx_word' id='word_1_213' title='bbox 974 846 1038 873; x_wconf 82' lang='lat' dir='ltr'><strong>duci</strong></span> <span class='ocrx_word' id='word_1_214' title='bbox 1056 854 1109 873; x_wconf 91' lang='lat' dir='ltr'><strong>non</strong></span> <span class='ocrx_word' id='word_1_215' title='bbox 1127 850 1275 881; x_wconf 90' lang='lat' dir='ltr'><strong>potuerunt</strong></span> <span class='ocrx_word' id='word_1_216' title='bbox 1287 848 1472 880; x_wconf 85' lang='lat' dir='ltr'><strong>Eustathiani,</strong></span> <span class='ocrx_word' id='word_1_217' title='bbox 1486 852 1515 875; x_wconf 91' lang='lat' dir='ltr'><strong>ut</strong></span> <span class='ocrx_word' id='word_1_218' title='bbox 1527 856 1587 875; x_wconf 92' lang='lat' dir='ltr'><strong>cum</strong></span> <span class='ocrx_word' id='word_1_219' title='bbox 1600 849 1639 876; x_wconf 86' lang='lat' dir='ltr'><strong>eis</strong></span> <span class='ocrx_word' id='word_1_220' title='bbox 1651 857 1680 876; x_wconf 85' lang='lat' dir='ltr'><strong>se</strong></span> <span class='ocrx_word' id='word_1_221' title='bbox 1692 857 1759 877; x_wconf 90' lang='lat' dir='ltr'><strong>con-</strong></span> 
     </span>
    </p>
   </div>
   <div class='ocr_carea' id='block_1_33' title="bbox 971 892 1760 930">
    <p class='ocr_par' dir='ltr' id='par_1_33' title="bbox 971 892 1760 930">
     <span class='ocr_line' id='line_1_33' title="bbox 971 892 1760 930; baseline 0.005 -11"><span class='ocrx_word' id='word_1_222' title='bbox 971 892 1125 927; x_wconf 75' lang='lat' dir='ltr'><strong>iungerent.</strong></span> <span class='ocrx_word' id='word_1_223' title='bbox 1153 892 1238 927; x_wconf 86' lang='lat' dir='ltr'><strong>llujus</strong></span> <span class='ocrx_word' id='word_1_224' title='bbox 1265 901 1330 926; x_wconf 70' lang='lat' dir='ltr'><strong>ergo</strong></span> <span class='ocrx_word' id='word_1_225' title='bbox 1358 894 1560 928; x_wconf 86' lang='lat' dir='ltr'><strong>conjunctionis</strong></span> <span class='ocrx_word' id='word_1_226' title='bbox 1588 896 1760 930; x_wconf 70' lang='lat' dir='ltr'><strong>perficienda:</strong></span> 
     </span>
    </p>
   </div>
   <div class='ocr_carea' id='block_1_34' title="bbox 131 930 923 976">
    <p class='ocr_par' dir='ltr' id='par_1_34' title="bbox 131 940 923 976">
     <span class='ocr_line' id='line_1_34' title="bbox 131 940 923 976; baseline 0 -10"><span class='ocrx_word' id='word_1_227' title='bbox 131 940 184 974; x_wconf 78' lang='grc' dir='ltr'>τῆς</span> <span class='ocrx_word' id='word_1_228' title='bbox 207 940 345 972; x_wconf 83' lang='grc' dir='ltr'>εὐσεϐείας</span> <span class='ocrx_word' id='word_1_229' title='bbox 360 940 546 975; x_wconf 81' lang='grc' dir='ltr'>ἀντεχομένων</span> <span class='ocrx_word' id='word_1_230' title='bbox 566 940 635 975; x_wconf 88' lang='grc' dir='ltr'>μετὰ</span> <span class='ocrx_word' id='word_1_231' title='bbox 660 940 709 976; x_wconf 83' lang='grc' dir='ltr'>τὴν</span> <span class='ocrx_word' id='word_1_232' title='bbox 728 940 859 967; x_wconf 83' lang='grc' dir='ltr'>Μελετίου</span> <span class='ocrx_word' id='word_1_233' title='bbox 876 941 923 976; x_wconf 81' lang='grc' dir='ltr'>μὲν</span> 
     </span>
    </p>
   </div>
   <div class='ocr_carea' id='block_1_35' title="bbox 975 930 1759 976">
    <p class='ocr_par' dir='ltr' id='par_1_35' title="bbox 975 938 1759 976">
     <span class='ocr_line' id='line_1_35' title="bbox 975 938 1759 976; baseline 0.005 -11"><span class='ocrx_word' id='word_1_234' title='bbox 975 939 1045 965; x_wconf 82' lang='lat' dir='ltr'><strong>viam</strong></span> <span class='ocrx_word' id='word_1_235' title='bbox 1074 938 1263 973; x_wconf 83' lang='lat' dir='ltr'><strong>rationemque</strong></span> <span class='ocrx_word' id='word_1_236' title='bbox 1289 939 1423 966; x_wconf 88' lang='lat' dir='ltr'><strong>Eusebius</strong></span> <span class='ocrx_word' id='word_1_237' title='bbox 1447 944 1475 966; x_wconf 87' lang='lat' dir='ltr'><strong>et</strong></span> <span class='ocrx_word' id='word_1_238' title='bbox 1497 939 1610 968; x_wconf 77' lang='lat' dir='ltr'><strong>Lucifer</strong></span> <span class='ocrx_word' id='word_1_239' title='bbox 1631 942 1759 976; x_wconf 85' lang='lat' dir='ltr'><strong>exquire-</strong></span> 
     </span>
    </p>
   </div>
   <div class='ocr_carea' id='block_1_36' title="bbox 131 983 922 1024">
    <p class='ocr_par' dir='ltr' id='par_1_36' title="bbox 131 983 922 1024">
     <span class='ocr_line' id='line_1_36' title="bbox 131 983 922 1024; baseline -0.001 -14"><span class='ocrx_word' id='word_1_240' title='bbox 131 984 252 1019; x_wconf 78' lang='grc' dir='ltr'>ἑξορίαν,</span> <span class='ocrx_word' id='word_1_241' title='bbox 277 985 397 1016; x_wconf 78' lang='grc' dir='ltr'>Εὐζωῖου</span> <span class='ocrx_word' id='word_1_242' title='bbox 426 985 454 1011; x_wconf 86' lang='grc' dir='ltr'>δὲ</span> <span class='ocrx_word' id='word_1_243' title='bbox 483 985 660 1019; x_wconf 81' lang='grc' dir='ltr'>χειροτονίαν,</span> <span class='ocrx_word' id='word_1_244' title='bbox 678 985 728 1024; x_wconf 74' lang='grc' dir='ltr'>τῆς</span> <span class='ocrx_word' id='word_1_245' title='bbox 751 984 805 1010; x_wconf 85' lang='grc' dir='ltr'>τῶν</span> <span class='ocrx_word' id='word_1_246' title='bbox 828 983 922 1009; x_wconf 84' lang='grc' dir='ltr'>δυσσε-</span> 
     </span>
    </p>
   </div>
   <div class='ocr_carea' id='block_1_37' title="bbox 131 1029 921 1066">
    <p class='ocr_par' dir='ltr' id='par_1_37' title="bbox 131 1029 921 1066">
     <span class='ocr_line' id='line_1_37' title="bbox 131 1029 921 1066; baseline -0.001 -10"><span class='ocrx_word' id='word_1_247' title='bbox 131 1029 254 1056; x_wconf 81' lang='grc' dir='ltr'>ϐούντων</span> <span class='ocrx_word' id='word_1_248' title='bbox 270 1031 410 1062; x_wconf 75' lang='grc' dir='ltr'>κοινωνίας</span> <span class='ocrx_word' id='word_1_249' title='bbox 436 1031 459 1047; x_wconf 82' lang='grc'><strong>⁷³</strong></span> <span class='ocrx_word' id='word_1_250' title='bbox 483 1029 695 1066; x_wconf 80' lang='grc' dir='ltr'>ἀποκριθέντων,</span> <span class='ocrx_word' id='word_1_251' title='bbox 711 1030 759 1057; x_wconf 77' lang='grc' dir='ltr'>καὶ</span> <span class='ocrx_word' id='word_1_252' title='bbox 786 1029 921 1056; x_wconf 74' lang='grc' dir='ltr'>καθ’έαυ-</span> 
     </span>
    </p>
   </div>
   <div class='ocr_carea' id='block_1_38' title="bbox 129 1075 920 1112">
    <p class='ocr_par' dir='ltr' id='par_1_38' title="bbox 129 1075 920 1112">
     <span class='ocr_line' id='line_1_38' title="bbox 129 1075 920 1112; baseline 0 -10"><span class='ocrx_word' id='word_1_253' title='bbox 129 1077 197 1108; x_wconf 78' lang='grc' dir='ltr'>τοὺς</span> <span class='ocrx_word' id='word_1_254' title='bbox 220 1076 479 1112; x_wconf 78' lang='grc' dir='ltr'>συναθροιζομένων,</span> <span class='ocrx_word' id='word_1_255' title='bbox 509 1077 678 1111; x_wconf 78' lang='grc' dir='ltr'>συναφθῆναι</span> <span class='ocrx_word' id='word_1_256' title='bbox 695 1077 802 1107; x_wconf 81' lang='grc' dir='ltr'>τούτοις</span> <span class='ocrx_word' id='word_1_257' title='bbox 827 1077 852 1102; x_wconf 79' lang='grc' dir='ltr'>οἱ</span> <span class='ocrx_word' id='word_1_258' title='bbox 873 1075 920 1102; x_wconf 81' lang='grc' dir='ltr'><strong>ἀπ’</strong></span> 
     </span>
    </p>
   </div>
   <div class='ocr_carea' id='block_1_39' title="bbox 131 1122 919 1158">
    <p class='ocr_par' dir='ltr' id='par_1_39' title="bbox 131 1122 919 1158">
     <span class='ocr_line' id='line_1_39' title="bbox 131 1122 919 1158; baseline 0 -10"><span class='ocrx_word' id='word_1_259' title='bbox 131 1122 282 1150; x_wconf 79' lang='grc' dir='ltr'>Εὐσταθίου</span> <span class='ocrx_word' id='word_1_260' title='bbox 298 1125 348 1158; x_wconf 78' lang='grc' dir='ltr'>τὴν</span> <span class='ocrx_word' id='word_1_261' title='bbox 375 1123 532 1158; x_wconf 74' lang='grc' dir='ltr'>ἐπωνυμίαν</span> <span class='ocrx_word' id='word_1_262' title='bbox 550 1123 655 1158; x_wconf 78' lang='grc' dir='ltr'>ἔχοντες</span> <span class='ocrx_word' id='word_1_263' title='bbox 673 1123 722 1150; x_wconf 86' lang='grc' dir='ltr'><strong>οὐκ</strong></span> <span class='ocrx_word' id='word_1_264' title='bbox 745 1122 919 1157; x_wconf 78' lang='grc' dir='ltr'>ἐπείσθησαν.</span> 
     </span>
    </p>
   </div>
   <div class='ocr_carea' id='block_1_40' title="bbox 975 983 1760 1018">
    <p class='ocr_par' dir='ltr' id='par_1_40' title="bbox 975 983 1760 1018">
     <span class='ocr_line' id='line_1_40' title="bbox 975 983 1760 1018; baseline 0.004 -7"><span class='ocrx_word' id='word_1_265' title='bbox 975 983 1040 1011; x_wconf 83' lang='lat' dir='ltr'><strong>bant</strong></span> <span class='ocrx_word' id='word_1_266' title='bbox 1058 991 1065 1010; x_wconf 87' lang='lat'><strong>:</strong></span> <span class='ocrx_word' id='word_1_267' title='bbox 1086 983 1237 1018; x_wconf 86' lang='lat' dir='ltr'><strong>orabatque</strong></span> <span class='ocrx_word' id='word_1_268' title='bbox 1257 983 1392 1012; x_wconf 89' lang='lat' dir='ltr'><strong>Eusebius</strong></span> <span class='ocrx_word' id='word_1_269' title='bbox 1412 984 1580 1018; x_wconf 86' lang='lat' dir='ltr'><strong>Luciferum,</strong></span> <span class='ocrx_word' id='word_1_270' title='bbox 1596 990 1625 1013; x_wconf 92' lang='lat' dir='ltr'><strong>ut</strong></span> <span class='ocrx_word' id='word_1_271' title='bbox 1639 987 1760 1014; x_wconf 84' lang='lat' dir='ltr'><strong>Alexan-</strong></span> 
     </span>
    </p>
   </div>
   <div class='ocr_carea' id='block_1_41' title="bbox 974 1025 1761 1064">
    <p class='ocr_par' dir='ltr' id='par_1_41' title="bbox 974 1025 1761 1064">
     <span class='ocr_line' id='line_1_41' title="bbox 974 1025 1761 1064; baseline 0.005 -9"><span class='ocrx_word' id='word_1_272' title='bbox 974 1025 1063 1056; x_wconf 79' lang='lat' dir='ltr'><strong>driam</strong></span> <span class='ocrx_word' id='word_1_273' title='bbox 1085 1032 1200 1063; x_wconf 85' lang='lat' dir='ltr'><strong>peteret,</strong></span> <span class='ocrx_word' id='word_1_274' title='bbox 1221 1033 1248 1055; x_wconf 87' lang='lat' dir='ltr'><strong>et</strong></span> <span class='ocrx_word' id='word_1_275' title='bbox 1274 1036 1336 1055; x_wconf 89' lang='lat' dir='ltr'><strong>cum</strong></span> <span class='ocrx_word' id='word_1_276' title='bbox 1354 1037 1453 1064; x_wconf 76' lang='lat' dir='ltr'><strong>magno</strong></span> <span class='ocrx_word' id='word_1_277' title='bbox 1470 1030 1620 1058; x_wconf 83' lang='lat' dir='ltr'><strong>Athanasio</strong></span> <span class='ocrx_word' id='word_1_278' title='bbox 1632 1039 1663 1058; x_wconf 90' lang='lat' dir='ltr'><strong>ca</strong></span> <span class='ocrx_word' id='word_1_279' title='bbox 1679 1032 1712 1059; x_wconf 89' lang='lat' dir='ltr'><strong>de</strong></span> <span class='ocrx_word' id='word_1_280' title='bbox 1731 1039 1761 1058; x_wconf 86' lang='lat' dir='ltr'><strong>re</strong></span> 
     </span>
    </p>
   </div>
   <div class='ocr_carea' id='block_1_42' title="bbox 973 1073 1760 1105">
    <p class='ocr_par' dir='ltr' id='par_1_42' title="bbox 973 1073 1760 1105">
     <span class='ocr_line' id='line_1_42' title="bbox 973 1073 1760 1105; baseline 0.005 -5"><span class='ocrx_word' id='word_1_281' title='bbox 973 1073 1202 1105; x_wconf 73' lang='lat' dir='ltr'><strong>communicaret,</strong></span> <span class='ocrx_word' id='word_1_282' title='bbox 1215 1074 1266 1101; x_wconf 90' lang='lat' dir='ltr'><strong>sibi</strong></span> <span class='ocrx_word' id='word_1_283' title='bbox 1281 1078 1370 1101; x_wconf 82' lang='lat' dir='ltr'><strong>autem</strong></span> <span class='ocrx_word' id='word_1_284' title='bbox 1385 1076 1541 1103; x_wconf 52' lang='lat' dir='ltr'><strong>concordia</strong></span> <span class='ocrx_word' id='word_1_285' title='bbox 1555 1076 1676 1104; x_wconf 88' lang='lat' dir='ltr'><strong>laborem</strong></span> <span class='ocrx_word' id='word_1_286' title='bbox 1688 1085 1760 1104; x_wconf 75' lang='lat' dir='ltr'><strong>cum</strong></span> 
     </span>
    </p>
   </div>
   <div class='ocr_carea' id='block_1_43' title="bbox 974 1120 1108 1147">
    <p class='ocr_par' dir='ltr' id='par_1_43' title="bbox 974 1120 1108 1147">
     <span class='ocr_line' id='line_1_43' title="bbox 974 1120 1108 1147; baseline -0.007 -1"><span class='ocrx_word' id='word_1_287' title='bbox 974 1120 1108 1147; x_wconf 86' lang='lat' dir='ltr'><strong>futurum.</strong></span> 
     </span>
    </p>
   </div>
   <div class='ocr_carea' id='block_1_44' title="bbox 130 1165 1759 1205">
    <p class='ocr_par' dir='ltr' id='par_1_44' title="bbox 130 1165 1759 1205">
     <span class='ocr_line' id='line_1_44' title="bbox 130 1165 1759 1205; baseline -0.001 -9"><span class='ocrx_word' id='word_1_288' title='bbox 130 1170 222 1205; x_wconf 78' lang='grc' dir='ltr'>Τῆσδε</span> <span class='ocrx_word' id='word_1_289' title='bbox 248 1171 297 1205; x_wconf 83' lang='grc' dir='ltr'>τῆς</span> <span class='ocrx_word' id='word_1_290' title='bbox 319 1170 478 1204; x_wconf 72' lang='grc' dir='ltr'>’συναφείας</span> <span class='ocrx_word' id='word_1_291' title='bbox 499 1171 523 1197; x_wconf 86' lang='grc' dir='ltr'>οἱ</span> <span class='ocrx_word' id='word_1_292' title='bbox 548 1171 611 1205; x_wconf 85' lang='grc' dir='ltr'>περὶ</span> <span class='ocrx_word' id='word_1_293' title='bbox 636 1170 682 1196; x_wconf 72' lang='grc' dir='ltr'><strong>τὸν</strong></span> <span class='ocrx_word' id='word_1_294' title='bbox 709 1169 838 1196; x_wconf 80' lang='grc' dir='ltr'>Εὑσέϐιον</span> <span class='ocrx_word' id='word_1_295' title='bbox 870 1169 916 1195; x_wconf 74' lang='grc' dir='ltr'>καὶ</span> <span class='ocrx_word' id='word_1_296' title='bbox 934 1167 1089 1202; x_wconf 79' lang='grc' dir='ltr'>Λουκίφερα</span> <span class='ocrx_word' id='word_1_297' title='bbox 1101 1166 1183 1200; x_wconf 83' lang='grc' dir='ltr'>πόρον</span> <span class='ocrx_word' id='word_1_298' title='bbox 1208 1165 1357 1201; x_wconf 74' lang='grc' dir='ltr'>ἐπεζήτουν</span> <span class='ocrx_word' id='word_1_299' title='bbox 1390 1167 1489 1202; x_wconf 74' lang='grc' dir='ltr'>εὑρεῖν,</span> <span class='ocrx_word' id='word_1_300' title='bbox 1519 1168 1574 1195; x_wconf 55' lang='grc' dir='ltr'><strong>Καὶ.</strong></span> <span class='ocrx_word' id='word_1_301' title='bbox 1603 1168 1759 1204; x_wconf 74' lang='grc' dir='ltr'>Λουκίφερα</span> 
     </span>
    </p>
   </div>
   <div class='ocr_carea' id='block_1_45' title="bbox 131 1213 1761 1252">
    <p class='ocr_par' dir='ltr' id='par_1_45' title="bbox 131 1213 1761 1252">
     <span class='ocr_line' id='line_1_45' title="bbox 131 1213 1761 1252; baseline 0.001 -11"><span class='ocrx_word' id='word_1_302' title='bbox 131 1215 184 1250; x_wconf 80' lang='grc' dir='ltr'>μὲν</span> <span class='ocrx_word' id='word_1_303' title='bbox 207 1217 221 1242; x_wconf 90' lang='grc' dir='ltr'>ὁ</span> <span class='ocrx_word' id='word_1_304' title='bbox 247 1215 376 1247; x_wconf 80' lang='grc' dir='ltr'>Εὐσέϐιος</span> <span class='ocrx_word' id='word_1_305' title='bbox 409 1217 458 1251; x_wconf 79' lang='grc' dir='ltr'>τὴν</span> <span class='ocrx_word' id='word_1_306' title='bbox 489 1216 691 1252; x_wconf 71' lang='grc' dir='ltr'>Ἀλεξάνδρειαν</span> <span class='ocrx_word' id='word_1_307' title='bbox 717 1216 793 1250; x_wconf 69' lang='grc' dir='ltr'>ἠξίου</span> <span class='ocrx_word' id='word_1_308' title='bbox 832 1215 1007 1245; x_wconf 83' lang='grc' dir='ltr'>καταλαϐεῖν,</span> <span class='ocrx_word' id='word_1_309' title='bbox 1035 1213 1082 1240; x_wconf 79' lang='grc' dir='ltr'>καὶ</span> <span class='ocrx_word' id='word_1_310' title='bbox 1102 1213 1252 1248; x_wconf 79' lang='grc' dir='ltr'>Ἀθανασίῳ</span> <span class='ocrx_word' id='word_1_311' title='bbox 1275 1213 1314 1248; x_wconf 84' lang='grc' dir='ltr'>τῷ</span> <span class='ocrx_word' id='word_1_312' title='bbox 1343 1214 1452 1250; x_wconf 86' lang='grc' dir='ltr'>μεγάλῳ</span> <span class='ocrx_word' id='word_1_313' title='bbox 1487 1214 1666 1242; x_wconf 76' lang='grc' dir='ltr'>κοινώσασθαι</span> <span class='ocrx_word' id='word_1_314' title='bbox 1698 1217 1761 1250; x_wconf 75' lang='grc' dir='ltr'>περὶ</span> 
     </span>
    </p>
   </div>
   <div class='ocr_carea' id='block_1_46' title="bbox 129 1257 1394 1296">
    <p class='ocr_par' dir='ltr' id='par_1_46' title="bbox 129 1257 1394 1296">
     <span class='ocr_line' id='line_1_46' title="bbox 129 1257 1394 1296; baseline -0.001 -10"><span class='ocrx_word' id='word_1_315' title='bbox 129 1259 241 1287; x_wconf 83' lang='grc' dir='ltr'>τούτου·</span> <span class='ocrx_word' id='word_1_316' title='bbox 265 1260 346 1292; x_wconf 79' lang='grc' dir='ltr'>αὐτὸς</span> <span class='ocrx_word' id='word_1_317' title='bbox 368 1260 398 1287; x_wconf 87' lang='grc' dir='ltr'><strong>δέ</strong></span> <span class='ocrx_word' id='word_1_318' title='bbox 426 1269 458 1295; x_wconf 89' lang='grc' dir='ltr'><strong>γε</strong></span> <span class='ocrx_word' id='word_1_319' title='bbox 485 1261 530 1288; x_wconf 80' lang='grc' dir='ltr'>τὸν</span> <span class='ocrx_word' id='word_1_320' title='bbox 556 1262 619 1296; x_wconf 83' lang='grc' dir='ltr'>περὶ</span> <span class='ocrx_word' id='word_1_321' title='bbox 642 1261 691 1295; x_wconf 86' lang='grc' dir='ltr'>τῆς</span> <span class='ocrx_word' id='word_1_322' title='bbox 712 1261 733 1276; x_wconf 76' lang='grc'>⁷⁸</span> <span class='ocrx_word' id='word_1_323' title='bbox 760 1260 921 1296; x_wconf 78' lang='grc' dir='ltr'>συμϐάσεως</span> <span class='ocrx_word' id='word_1_324' title='bbox 943 1259 1036 1295; x_wconf 74' lang='grc' dir='ltr'>ἢθελεν</span> <span class='ocrx_word' id='word_1_325' title='bbox 1064 1257 1240 1291; x_wconf 80' lang='grc' dir='ltr'>ἀναδέξασθαι</span> <span class='ocrx_word' id='word_1_326' title='bbox 1254 1258 1276 1273; x_wconf 79' lang='grc'><strong>⁷⁸</strong></span> <span class='ocrx_word' id='word_1_327' title='bbox 1306 1258 1394 1286; x_wconf 75' lang='grc' dir='ltr'>πόνον.</span> 
     </span>
    </p>
   </div>
   <div class='ocr_carea' id='block_1_47' title="bbox 174 1361 924 1398">
    <p class='ocr_par' dir='ltr' id='par_1_47' title="bbox 174 1361 924 1398">
     <span class='ocr_line' id='line_1_47' title="bbox 174 1361 924 1398; baseline -0.001 -10"><span class='ocrx_word' id='word_1_328' title='bbox 174 1361 247 1388; x_wconf 81' lang='grc' dir='ltr'>Ἀλλ’</span> <span class='ocrx_word' id='word_1_329' title='bbox 275 1362 289 1388; x_wconf 80' lang='grc' dir='ltr'><strong>ό</strong></span> <span class='ocrx_word' id='word_1_330' title='bbox 315 1361 452 1398; x_wconf 83' lang='grc' dir='ltr'>Λουκίφερ</span> <span class='ocrx_word' id='word_1_331' title='bbox 484 1363 523 1394; x_wconf 86' lang='grc' dir='ltr'><strong>εἰς</strong></span> <span class='ocrx_word' id='word_1_332' title='bbox 562 1362 611 1398; x_wconf 83' lang='grc' dir='ltr'>μὲν</span> <span class='ocrx_word' id='word_1_333' title='bbox 639 1362 688 1398; x_wconf 74' lang='grc' dir='ltr'>τὴν</span> <span class='ocrx_word' id='word_1_334' title='bbox 722 1361 924 1397; x_wconf 82' lang='grc' dir='ltr'>Ἀλεξάνδρειαν</span> 
     </span>
    </p>
   </div>
   <div class='ocr_carea' id='block_1_48' title="bbox 131 1407 924 1444">
    <p class='ocr_par' dir='ltr' id='par_1_48' title="bbox 131 1407 924 1444">
     <span class='ocr_line' id='line_1_48' title="bbox 131 1407 924 1444; baseline 0.001 -10"><span class='ocrx_word' id='word_1_335' title='bbox 131 1407 186 1435; x_wconf 85' lang='grc' dir='ltr'><strong>οὐκ</strong></span> <span class='ocrx_word' id='word_1_336' title='bbox 209 1408 334 1442; x_wconf 75' lang='grc' dir='ltr'>ἀφίκετο,</span> <span class='ocrx_word' id='word_1_337' title='bbox 359 1408 409 1444; x_wconf 77' lang='grc' dir='ltr'>τὴν</span> <span class='ocrx_word' id='word_1_338' title='bbox 443 1408 579 1444; x_wconf 78' lang='grc' dir='ltr'>Ἀντιόχου</span> <span class='ocrx_word' id='word_1_339' title='bbox 614 1409 642 1435; x_wconf 80' lang='grc' dir='ltr'>δὲ</span> <span class='ocrx_word' id='word_1_340' title='bbox 674 1409 750 1435; x_wconf 80' lang='grc' dir='ltr'>πόλιν</span> <span class='ocrx_word' id='word_1_341' title='bbox 780 1409 924 1435; x_wconf 80' lang='grc' dir='ltr'>κατέλαϐε.</span> 
     </span>
    </p>
   </div>
   <div class='ocr_carea' id='block_1_49' title="bbox 132 1454 925 1491">
    <p class='ocr_par' dir='ltr' id='par_1_49' title="bbox 132 1454 925 1491">
     <span class='ocr_line' id='line_1_49' title="bbox 132 1454 925 1491; baseline 0.001 -11"><span class='ocrx_word' id='word_1_342' title='bbox 132 1454 254 1486; x_wconf 73' lang='grc' dir='ltr'>Πολλοὺς</span> <span class='ocrx_word' id='word_1_343' title='bbox 276 1455 305 1481; x_wconf 79' lang='grc' dir='ltr'>δὲ</span> <span class='ocrx_word' id='word_1_344' title='bbox 334 1456 398 1490; x_wconf 81' lang='grc' dir='ltr'>περὶ</span> <span class='ocrx_word' id='word_1_345' title='bbox 431 1455 593 1491; x_wconf 78' lang='grc' dir='ltr'>συμϐάσεως</span> <span class='ocrx_word' id='word_1_346' title='bbox 620 1455 716 1489; x_wconf 80' lang='grc' dir='ltr'>λόγους</span> <span class='ocrx_word' id='word_1_347' title='bbox 741 1455 788 1482; x_wconf 75' lang='grc' dir='ltr'>καὶ</span> <span class='ocrx_word' id='word_1_348' title='bbox 820 1455 925 1486; x_wconf 79' lang='grc' dir='ltr'>τούτοις</span> 
     </span>
    </p>
   </div>
   <div class='ocr_carea' id='block_1_50' title="bbox 132 1499 924 1536">
    <p class='ocr_par' dir='ltr' id='par_1_50' title="bbox 132 1499 924 1536">
     <span class='ocr_line' id='line_1_50' title="bbox 132 1499 924 1536; baseline 0 -9"><span class='ocrx_word' id='word_1_349' title='bbox 132 1500 274 1532; x_wconf 86' lang='grc' dir='ltr'>κάκείνοις</span> <span class='ocrx_word' id='word_1_350' title='bbox 289 1501 492 1536; x_wconf 80' lang='grc' dir='ltr'>προσενεγκὼν,</span> <span class='ocrx_word' id='word_1_351' title='bbox 506 1499 565 1527; x_wconf 77' lang='grc' dir='ltr'>εἶτα</span> <span class='ocrx_word' id='word_1_352' title='bbox 589 1501 649 1528; x_wconf 74' lang='grc' dir='ltr'>ἰδὼν</span> <span class='ocrx_word' id='word_1_353' title='bbox 665 1501 854 1536; x_wconf 77' lang='grc' dir='ltr'>ἀντιλέγοντας</span> <span class='ocrx_word' id='word_1_354' title='bbox 861 1501 924 1533; x_wconf 74' lang='grc' dir='ltr'>τοὺς</span> 
     </span>
    </p>
   </div>
   <div class='ocr_carea' id='block_1_51' title="bbox 130 1548 922 1584">
    <p class='ocr_par' dir='ltr' id='par_1_51' title="bbox 130 1548 922 1584">
     <span class='ocr_line' id='line_1_51' title="bbox 130 1548 922 1584; baseline 0 -10"><span class='ocrx_word' id='word_1_355' title='bbox 130 1548 185 1582; x_wconf 79' lang='grc' dir='ltr'>τῆς</span> <span class='ocrx_word' id='word_1_356' title='bbox 212 1548 362 1575; x_wconf 81' lang='grc' dir='ltr'>Εὐσταθῖου</span> <span class='ocrx_word' id='word_1_357' title='bbox 386 1549 552 1584; x_wconf 83' lang='grc' dir='ltr'>συμμορίας,</span> <span class='ocrx_word' id='word_1_358' title='bbox 571 1550 664 1583; x_wconf 81' lang='grc' dir='ltr'>ἡγεῖτο</span> <span class='ocrx_word' id='word_1_359' title='bbox 692 1549 720 1575; x_wconf 82' lang='grc' dir='ltr'>δὲ</span> <span class='ocrx_word' id='word_1_360' title='bbox 735 1548 835 1584; x_wconf 80' lang='grc' dir='ltr'>ταύτης</span> <span class='ocrx_word' id='word_1_361' title='bbox 849 1549 922 1575; x_wconf 86' lang='grc' dir='ltr'>Παυ-</span> 
     </span>
    </p>
   </div>
   <div class='ocr_carea' id='block_1_52' title="bbox 131 1595 923 1632">
    <p class='ocr_par' dir='ltr' id='par_1_52' title="bbox 131 1595 923 1632">
     <span class='ocr_line' id='line_1_52' title="bbox 131 1595 923 1632; baseline 0.001 -10"><span class='ocrx_word' id='word_1_362' title='bbox 131 1595 207 1628; x_wconf 87' lang='grc' dir='ltr'>λῖνος</span> <span class='ocrx_word' id='word_1_363' title='bbox 233 1596 415 1632; x_wconf 78' lang='grc' dir='ltr'>πρεσϐύτερος</span> <span class='ocrx_word' id='word_1_364' title='bbox 441 1596 488 1629; x_wconf 82' lang='grc' dir='ltr'>ὢν,</span> <span class='ocrx_word' id='word_1_365' title='bbox 522 1597 726 1632; x_wconf 81' lang='grc' dir='ltr'>ἐχειροτόνησεν</span> <span class='ocrx_word' id='word_1_366' title='bbox 756 1597 856 1629; x_wconf 73' lang='grc' dir='ltr'>αὐτοῖς,</span> <span class='ocrx_word' id='word_1_367' title='bbox 873 1597 923 1624; x_wconf 88' lang='grc' dir='ltr'><strong>οὐκ</strong></span> 
     </span>
    </p>
   </div>
   <div class='ocr_carea' id='block_1_53' title="bbox 131 1640 717 1677">
    <p class='ocr_par' dir='ltr' id='par_1_53' title="bbox 131 1640 717 1677">
     <span class='ocr_line' id='line_1_53' title="bbox 131 1640 717 1677; baseline 0.002 -8"><span class='ocrx_word' id='word_1_368' title='bbox 131 1640 165 1669; x_wconf 82' lang='grc' dir='ltr'>εὖ</span> <span class='ocrx_word' id='word_1_369' title='bbox 185 1651 218 1677; x_wconf 87' lang='grc' dir='ltr'><strong>γε</strong></span> <span class='ocrx_word' id='word_1_370' title='bbox 244 1642 339 1675; x_wconf 85' lang='grc' dir='ltr'>ποιῶν,</span> <span class='ocrx_word' id='word_1_371' title='bbox 355 1643 399 1669; x_wconf 74' lang='grc' dir='ltr'>τὸν</span> <span class='ocrx_word' id='word_1_372' title='bbox 416 1643 548 1670; x_wconf 79' lang='grc' dir='ltr'>Παυλῖνον</span> <span class='ocrx_word' id='word_1_373' title='bbox 559 1643 717 1670; x_wconf 78' lang='grc' dir='ltr'>ἐπίσκοπον.</span> 
     </span>
    </p>
   </div>
   <div class='ocr_carea' id='block_1_54' title="bbox 169 1741 925 1778">
    <p class='ocr_par' dir='ltr' id='par_1_54' title="bbox 169 1741 925 1778">
     <span class='ocr_line' id='line_1_54' title="bbox 169 1741 925 1778; baseline -0.001 -9"><span class='ocrx_word' id='word_1_374' title='bbox 169 1742 257 1769; x_wconf 79' lang='grc' dir='ltr'>Τοῦτο</span> <span class='ocrx_word' id='word_1_375' title='bbox 280 1742 328 1778; x_wconf 80' lang='grc' dir='ltr'><strong>τὴν</strong></span> <span class='ocrx_word' id='word_1_376' title='bbox 354 1741 496 1769; x_wconf 77' lang='grc' dir='ltr'>διάστασιν</span> <span class='ocrx_word' id='word_1_377' title='bbox 520 1743 627 1778; x_wconf 78' lang='grc' dir='ltr'>ἐκείνην</span> <span class='ocrx_word' id='word_1_378' title='bbox 645 1743 816 1777; x_wconf 74' lang='grc' dir='ltr'>μακροτέραν</span> <span class='ocrx_word' id='word_1_379' title='bbox 833 1742 925 1777; x_wconf 86' lang='grc' dir='ltr'>εἰργά-</span> 
     </span>
    </p>
   </div>
   <div class='ocr_carea' id='block_1_55' title="bbox 132 1788 922 1824">
    <p class='ocr_par' dir='ltr' id='par_1_55' title="bbox 132 1788 922 1824">
     <span class='ocr_line' id='line_1_55' title="bbox 132 1788 922 1824; baseline -0.001 -9"><span class='ocrx_word' id='word_1_380' title='bbox 132 1797 211 1817; x_wconf 88' lang='grc' dir='ltr'>σατο.</span> <span class='ocrx_word' id='word_1_381' title='bbox 242 1789 326 1815; x_wconf 82' lang='grc' dir='ltr'>Πέντε</span> <span class='ocrx_word' id='word_1_382' title='bbox 353 1789 407 1823; x_wconf 80' lang='grc' dir='ltr'><strong>γὰρ</strong></span> <span class='ocrx_word' id='word_1_383' title='bbox 434 1789 481 1815; x_wconf 71' lang='grc' dir='ltr'><strong>καὶ</strong></span> <span class='ocrx_word' id='word_1_384' title='bbox 510 1789 675 1824; x_wconf 81' lang='grc' dir='ltr'>ὀγδοήκοντα</span> <span class='ocrx_word' id='word_1_385' title='bbox 707 1789 840 1823; x_wconf 82' lang='grc' dir='ltr'>διέμεινεν</span> <span class='ocrx_word' id='word_1_386' title='bbox 865 1788 922 1824; x_wconf 75' lang='grc' dir='ltr'>ἔτη,</span> 
     </span>
    </p>
   </div>
   <div class='ocr_carea' id='block_1_56' title="bbox 133 1834 924 1871">
    <p class='ocr_par' dir='ltr' id='par_1_56' title="bbox 133 1834 924 1871">
     <span class='ocr_line' id='line_1_56' title="bbox 133 1834 924 1871; baseline -0.001 -10"><span class='ocrx_word' id='word_1_387' title='bbox 133 1836 220 1871; x_wconf 79' lang='grc' dir='ltr'>μέχρι</span> <span class='ocrx_word' id='word_1_388' title='bbox 245 1836 293 1870; x_wconf 78' lang='grc' dir='ltr'>τῆς</span> <span class='ocrx_word' id='word_1_389' title='bbox 328 1835 502 1870; x_wconf 78' lang='grc' dir='ltr'>Ἀλεξάνδρου</span> <span class='ocrx_word' id='word_1_390' title='bbox 516 1835 563 1862; x_wconf 77' lang='grc' dir='ltr'>τοῦ</span> <span class='ocrx_word' id='word_1_391' title='bbox 582 1835 672 1870; x_wconf 80' lang='grc' dir='ltr'>πάσης</span> <span class='ocrx_word' id='word_1_392' title='bbox 696 1835 833 1870; x_wconf 76' lang='grc' dir='ltr'>εὐφημίας</span> <span class='ocrx_word' id='word_1_393' title='bbox 849 1834 924 1866; x_wconf 74' lang='grc' dir='ltr'>ἀξίου</span> 
     </span>
    </p>
   </div>
   <div class='ocr_carea' id='block_1_57' title="bbox 132 1882 924 1918">
    <p class='ocr_par' dir='ltr' id='par_1_57' title="bbox 132 1882 924 1918">
     <span class='ocr_line' id='line_1_57' title="bbox 132 1882 924 1918; baseline -0.001 -9"><span class='ocrx_word' id='word_1_394' title='bbox 132 1882 291 1918; x_wconf 83' lang='grc' dir='ltr'>προεδρίας·</span> <span class='ocrx_word' id='word_1_395' title='bbox 322 1882 351 1914; x_wconf 83' lang='grc' dir='ltr'>ὃς</span> <span class='ocrx_word' id='word_1_396' title='bbox 384 1882 434 1917; x_wconf 79' lang='grc' dir='ltr'>τῆς</span> <span class='ocrx_word' id='word_1_397' title='bbox 465 1882 623 1917; x_wconf 72' lang='grc' dir='ltr'>Ἀντιοχέων</span> <span class='ocrx_word' id='word_1_398' title='bbox 653 1882 817 1917; x_wconf 86' lang='grc' dir='ltr'>Ἐκκλησίας</span> <span class='ocrx_word' id='word_1_399' title='bbox 837 1882 924 1917; x_wconf 81' lang='grc' dir='ltr'>ἐγχει-</span> 
     </span>
    </p>
   </div>
   <div class='ocr_carea' id='block_1_58' title="bbox 133 1928 924 1964">
    <p class='ocr_par' dir='ltr' id='par_1_58' title="bbox 133 1928 924 1964">
     <span class='ocr_line' id='line_1_58' title="bbox 133 1928 924 1964; baseline -0.001 -9"><span class='ocrx_word' id='word_1_400' title='bbox 133 1929 241 1964; x_wconf 76' lang='grc' dir='ltr'>ρισθεὶς</span> <span class='ocrx_word' id='word_1_401' title='bbox 265 1929 299 1955; x_wconf 77' lang='grc' dir='ltr'>τὰ</span> <span class='ocrx_word' id='word_1_402' title='bbox 329 1928 454 1963; x_wconf 75' lang='grc' dir='ltr'>πηδάλια,</span> <span class='ocrx_word' id='word_1_403' title='bbox 486 1929 575 1955; x_wconf 84' lang='grc' dir='ltr'>πάντα</span> <span class='ocrx_word' id='word_1_404' title='bbox 609 1929 692 1964; x_wconf 81' lang='grc' dir='ltr'>πόρον</span> <span class='ocrx_word' id='word_1_405' title='bbox 721 1929 845 1963; x_wconf 82' lang='grc' dir='ltr'>κινήσας,</span> <span class='ocrx_word' id='word_1_406' title='bbox 878 1929 924 1954; x_wconf 70' lang='grc' dir='ltr'><strong>καὶ</strong></span> 
     </span>
    </p>
   </div>
   <div class='ocr_carea' id='block_1_59' title="bbox 132 1974 925 2011">
    <p class='ocr_par' dir='ltr' id='par_1_59' title="bbox 132 1974 925 2011">
     <span class='ocr_line' id='line_1_59' title="bbox 132 1974 925 2011; baseline -0.003 -9"><span class='ocrx_word' id='word_1_407' title='bbox 132 1976 229 2002; x_wconf 80' lang='grc' dir='ltr'>πᾶσαν</span> <span class='ocrx_word' id='word_1_408' title='bbox 254 1975 323 2010; x_wconf 78' lang='grc' dir='ltr'>ὑπὲρ</span> <span class='ocrx_word' id='word_1_409' title='bbox 348 1976 397 2011; x_wconf 84' lang='grc' dir='ltr'>τῆς</span> <span class='ocrx_word' id='word_1_410' title='bbox 424 1975 550 2010; x_wconf 82' lang='grc' dir='ltr'>ὁμονοίας</span> <span class='ocrx_word' id='word_1_411' title='bbox 576 1975 735 2009; x_wconf 72' lang='grc' dir='ltr'>εἰσενέγκας</span> <span class='ocrx_word' id='word_1_412' title='bbox 759 1974 876 2009; x_wconf 80' lang='grc' dir='ltr'>σπουδήν</span> <span class='ocrx_word' id='word_1_413' title='bbox 895 1983 925 2001; x_wconf 87' lang='grc' dir='ltr'><strong>τε</strong></span> 
     </span>
    </p>
   </div>
   <div class='ocr_carea' id='block_1_60' title="bbox 132 2020 925 2057">
    <p class='ocr_par' dir='ltr' id='par_1_60' title="bbox 132 2020 925 2057">
     <span class='ocr_line' id='line_1_60' title="bbox 132 2020 925 2057; baseline -0.003 -9"><span class='ocrx_word' id='word_1_414' title='bbox 132 2022 183 2048; x_wconf 75' lang='grc' dir='ltr'>καὶ</span> <span class='ocrx_word' id='word_1_415' title='bbox 210 2021 375 2056; x_wconf 75' lang='grc' dir='ltr'>προθυμίαν,</span> <span class='ocrx_word' id='word_1_416' title='bbox 404 2021 434 2048; x_wconf 83' lang='grc' dir='ltr'>τὸ</span> <span class='ocrx_word' id='word_1_417' title='bbox 454 2021 655 2057; x_wconf 81' lang='grc' dir='ltr'>κεχωρισμένον</span> <span class='ocrx_word' id='word_1_418' title='bbox 686 2020 764 2055; x_wconf 83' lang='grc' dir='ltr'>μέλος</span> <span class='ocrx_word' id='word_1_419' title='bbox 785 2020 821 2055; x_wconf 86' lang='grc' dir='ltr'>τῷ</span> <span class='ocrx_word' id='word_1_420' title='bbox 838 2020 925 2055; x_wconf 84' lang='grc' dir='ltr'>λοιπῷ</span> 
     </span>
    </p>
   </div>
   <div class='ocr_carea' id='block_1_61' title="bbox 132 2066 925 2103">
    <p class='ocr_par' dir='ltr' id='par_1_61' title="bbox 132 2066 925 2103">
     <span class='ocr_line' id='line_1_61' title="bbox 132 2066 925 2103; baseline -0.001 -9"><span class='ocrx_word' id='word_1_421' title='bbox 132 2069 185 2103; x_wconf 83' lang='grc' dir='ltr'><strong>τῆς</strong></span> <span class='ocrx_word' id='word_1_422' title='bbox 209 2068 372 2103; x_wconf 76' lang='grc' dir='ltr'>Ἐκκλησίας</span> <span class='ocrx_word' id='word_1_423' title='bbox 398 2068 551 2103; x_wconf 82' lang='grc' dir='ltr'>συνήρμοσε</span> <span class='ocrx_word' id='word_1_424' title='bbox 579 2066 695 2102; x_wconf 80' lang='grc' dir='ltr'>σώματι.</span> <span class='ocrx_word' id='word_1_425' title='bbox 710 2067 776 2093; x_wconf 86' lang='grc' dir='ltr'>Τότε</span> <span class='ocrx_word' id='word_1_426' title='bbox 789 2066 817 2093; x_wconf 80' lang='grc' dir='ltr'>δὲ</span> <span class='ocrx_word' id='word_1_427' title='bbox 836 2067 857 2082; x_wconf 79' lang='grc'><strong>⁷⁸</strong></span> <span class='ocrx_word' id='word_1_428' title='bbox 876 2067 925 2102; x_wconf 80' lang='grc' dir='ltr'>τὴν</span> 
     </span>
    </p>
   </div>
   <div class='ocr_carea' id='block_1_62' title="bbox 132 2113 927 2150">
    <p class='ocr_par' dir='ltr' id='par_1_62' title="bbox 132 2113 927 2150">
     <span class='ocr_line' id='line_1_62' title="bbox 132 2113 927 2150; baseline -0.001 -9"><span class='ocrx_word' id='word_1_429' title='bbox 132 2115 277 2142; x_wconf 86' lang='grc' dir='ltr'>διάστασιν</span> <span class='ocrx_word' id='word_1_430' title='bbox 302 2115 315 2140; x_wconf 79' lang='grc' dir='ltr'><strong><em>ὁ</em></strong></span> <span class='ocrx_word' id='word_1_431' title='bbox 345 2114 483 2150; x_wconf 78' lang='grc' dir='ltr'>Λουκίφερ</span> <span class='ocrx_word' id='word_1_432' title='bbox 509 2113 640 2148; x_wconf 81' lang='grc' dir='ltr'>αὐξήσας,</span> <span class='ocrx_word' id='word_1_433' title='bbox 669 2113 795 2139; x_wconf 84' lang='grc' dir='ltr'>πλεῖστον</span> <span class='ocrx_word' id='word_1_434' title='bbox 816 2113 844 2140; x_wconf 82' lang='grc' dir='ltr'>ὲν</span> <span class='ocrx_word' id='word_1_435' title='bbox 868 2113 927 2140; x_wconf 84' lang='lat' dir='ltr'><strong>’Av-</strong></span> 
     </span>
    </p>
   </div>
   <div class='ocr_carea' id='block_1_63' title="bbox 131 2159 926 2197">
    <p class='ocr_par' dir='ltr' id='par_1_63' title="bbox 131 2159 926 2197">
     <span class='ocr_line' id='line_1_63' title="bbox 131 2159 926 2197; baseline -0.001 -9"><span class='ocrx_word' id='word_1_436' title='bbox 131 2162 242 2197; x_wconf 62' lang='grc' dir='ltr'>τιοχείῃ.</span> <span class='ocrx_word' id='word_1_437' title='bbox 277 2160 397 2196; x_wconf 71' lang='grc' dir='ltr'>διέτριψε</span> <span class='ocrx_word' id='word_1_438' title='bbox 438 2161 544 2196; x_wconf 83' lang='grc' dir='ltr'>χρόνον.</span> <span class='ocrx_word' id='word_1_439' title='bbox 573 2160 603 2187; x_wconf 85' lang='lat'><strong>&#39;0</strong></span> <span class='ocrx_word' id='word_1_440' title='bbox 629 2160 657 2186; x_wconf 82' lang='grc' dir='ltr'><strong>δέ</strong></span> <span class='ocrx_word' id='word_1_441' title='bbox 682 2168 715 2194; x_wconf 86' lang='grc' dir='ltr'><strong>γε</strong></span> <span class='ocrx_word' id='word_1_442' title='bbox 736 2159 865 2191; x_wconf 82' lang='grc' dir='ltr'>Εὐσέϐιος</span> <span class='ocrx_word' id='word_1_443' title='bbox 886 2162 926 2192; x_wconf 87' lang='grc' dir='ltr'><strong>είς</strong></span> 
     </span>
    </p>
   </div>
   <div class='ocr_carea' id='block_1_64' title="bbox 132 2206 925 2244">
    <p class='ocr_par' dir='ltr' id='par_1_64' title="bbox 132 2206 925 2244">
     <span class='ocr_line' id='line_1_64' title="bbox 132 2206 925 2244; baseline -0.001 -9"><span class='ocrx_word' id='word_1_444' title='bbox 132 2209 186 2244; x_wconf 82' lang='grc' dir='ltr'>τὴν</span> <span class='ocrx_word' id='word_1_445' title='bbox 218 2207 382 2243; x_wconf 82' lang='grc' dir='ltr'>Ἀντιόχειαν</span> <span class='ocrx_word' id='word_1_446' title='bbox 410 2207 585 2242; x_wconf 84' lang='grc' dir='ltr'>ἀφικόμενος,</span> <span class='ocrx_word' id='word_1_447' title='bbox 603 2207 651 2233; x_wconf 76' lang='grc' dir='ltr'>καὶ</span> <span class='ocrx_word' id='word_1_448' title='bbox 670 2207 750 2241; x_wconf 76' lang='grc' dir='ltr'>γνοὺς</span> <span class='ocrx_word' id='word_1_449' title='bbox 764 2207 794 2232; x_wconf 80' lang='grc' dir='ltr'>ἐκ</span> <span class='ocrx_word' id='word_1_450' title='bbox 812 2206 861 2240; x_wconf 81' lang='grc' dir='ltr'>τῆς</span> <span class='ocrx_word' id='word_1_451' title='bbox 875 2208 925 2234; x_wconf 84' lang='grc' dir='ltr'><strong>οὐκ</strong></span> 
     </span>
    </p>
   </div>
   <div class='ocr_carea' id='block_1_65' title="bbox 133 2254 924 2291">
    <p class='ocr_par' dir='ltr' id='par_1_65' title="bbox 133 2254 924 2291">
     <span class='ocr_line' id='line_1_65' title="bbox 133 2254 924 2291; baseline -0.003 -9"><span class='ocrx_word' id='word_1_452' title='bbox 133 2256 244 2291; x_wconf 78' lang='grc' dir='ltr'>ἀγαθῆς</span> <span class='ocrx_word' id='word_1_453' title='bbox 265 2256 386 2291; x_wconf 73' lang='grc' dir='ltr'>ἰατρείας</span> <span class='ocrx_word' id='word_1_454' title='bbox 414 2255 538 2282; x_wconf 83' lang='grc' dir='ltr'>δυσίατον</span> <span class='ocrx_word' id='word_1_455' title='bbox 571 2255 599 2281; x_wconf 78' lang='grc' dir='ltr'>τὸ</span> <span class='ocrx_word' id='word_1_456' title='bbox 626 2254 709 2286; x_wconf 81' lang='grc' dir='ltr'>πάθος</span> <span class='ocrx_word' id='word_1_457' title='bbox 733 2254 924 2289; x_wconf 80' lang='grc' dir='ltr'>γεγενημένον,</span> 
     </span>
    </p>
   </div>
   <div class='ocr_carea' id='block_1_66' title="bbox 134 2300 925 2338">
    <p class='ocr_par' dir='ltr' id='par_1_66' title="bbox 134 2300 925 2338">
     <span class='ocr_line' id='line_1_66' title="bbox 134 2300 925 2338; baseline -0.003 -10"><span class='ocrx_word' id='word_1_458' title='bbox 134 2303 178 2335; x_wconf 82' lang='grc' dir='ltr'><strong>εἰς</strong></span> <span class='ocrx_word' id='word_1_459' title='bbox 208 2303 258 2337; x_wconf 78' lang='grc' dir='ltr'>τὴν</span> <span class='ocrx_word' id='word_1_460' title='bbox 286 2301 405 2338; x_wconf 78' lang='grc' dir='ltr'>ἑσπέραν</span> <span class='ocrx_word' id='word_1_461' title='bbox 421 2301 601 2328; x_wconf 78' lang='grc' dir='ltr'>ἀπέπλευσεν.</span> <span class='ocrx_word' id='word_1_462' title='bbox 626 2301 655 2328; x_wconf 81' lang='grc' dir='ltr'>ὐ</span> <span class='ocrx_word' id='word_1_463' title='bbox 682 2300 710 2328; x_wconf 83' lang='grc' dir='ltr'>δὲ</span> <span class='ocrx_word' id='word_1_464' title='bbox 733 2300 870 2335; x_wconf 80' lang='grc' dir='ltr'>Λουκίφερ</span> <span class='ocrx_word' id='word_1_465' title='bbox 885 2302 925 2333; x_wconf 81' lang='grc' dir='ltr'><strong>εἰς</strong></span> 
     </span>
    </p>
   </div>
   <div class='ocr_carea' id='block_1_67' title="bbox 133 2348 925 2385">
    <p class='ocr_par' dir='ltr' id='par_1_67' title="bbox 133 2348 925 2385">
     <span class='ocr_line' id='line_1_67' title="bbox 133 2348 925 2385; baseline -0.004 -9"><span class='ocrx_word' id='word_1_466' title='bbox 133 2349 186 2385; x_wconf 79' lang='grc' dir='ltr'>τὴν</span> <span class='ocrx_word' id='word_1_467' title='bbox 213 2348 307 2383; x_wconf 85' lang='grc' dir='ltr'>Σαρδὼ</span> <span class='ocrx_word' id='word_1_468' title='bbox 339 2348 568 2384; x_wconf 82' lang='grc' dir='ltr'>παραγενόμενος,</span> <span class='ocrx_word' id='word_1_469' title='bbox 595 2348 677 2383; x_wconf 72' lang='grc' dir='ltr'>ἕτερά</span> <span class='ocrx_word' id='word_1_470' title='bbox 712 2356 773 2374; x_wconf 87' lang='grc' dir='ltr'>τινα</span> <span class='ocrx_word' id='word_1_471' title='bbox 798 2348 854 2378; x_wconf 86' lang='grc' dir='ltr'>τοῖς</span> <span class='ocrx_word' id='word_1_472' title='bbox 879 2348 925 2373; x_wconf 78' lang='grc' dir='ltr'>έκ-</span> 
     </span>
    </p>
   </div>
   <div class='ocr_carea' id='block_1_68' title="bbox 135 2393 926 2430">
    <p class='ocr_par' dir='ltr' id='par_1_68' title="bbox 135 2393 926 2430">
     <span class='ocr_line' id='line_1_68' title="bbox 135 2393 926 2430; baseline 0 -9"><span class='ocrx_word' id='word_1_473' title='bbox 135 2395 342 2430; x_wconf 80' lang='grc' dir='ltr'>κ).ησιαστικοῖς</span> <span class='ocrx_word' id='word_1_474' title='bbox 367 2394 542 2429; x_wconf 73' lang='grc' dir='ltr'>προστέθεικε</span> <span class='ocrx_word' id='word_1_475' title='bbox 563 2394 703 2429; x_wconf 67' lang='grc' dir='ltr'>δόγμασιν</span> <span class='ocrx_word' id='word_1_476' title='bbox 734 2395 758 2421; x_wconf 90' lang='grc' dir='ltr'>οἱ</span> <span class='ocrx_word' id='word_1_477' title='bbox 775 2393 813 2420; x_wconf 75' lang='grc' dir='ltr'><strong>’δὲ</strong></span> <span class='ocrx_word' id='word_1_478' title='bbox 841 2394 926 2421; x_wconf 76' lang='grc' dir='ltr'>ταῦτα</span> 
     </span>
    </p>
   </div>
   <div class='ocr_carea' id='block_1_69' title="bbox 135 2440 928 2476">
    <p class='ocr_par' dir='ltr' id='par_1_69' title="bbox 135 2440 928 2476">
     <span class='ocr_line' id='line_1_69' title="bbox 135 2440 928 2476; baseline 0 -8"><span class='ocrx_word' id='word_1_479' title='bbox 135 2441 362 2476; x_wconf 73' lang='grc' dir='ltr'>καταδεξάμενοι,</span> <span class='ocrx_word' id='word_1_480' title='bbox 391 2442 422 2468; x_wconf 81' lang='grc' dir='ltr'>ὲκ</span> <span class='ocrx_word' id='word_1_481' title='bbox 455 2441 507 2476; x_wconf 81' lang='grc' dir='ltr'>τῆς</span> <span class='ocrx_word' id='word_1_482' title='bbox 540 2440 635 2467; x_wconf 85' lang='grc' dir='ltr'>τούτου</span> <span class='ocrx_word' id='word_1_483' title='bbox 667 2440 851 2476; x_wconf 84' lang='grc' dir='ltr'>προσηγορίας</span> <span class='ocrx_word' id='word_1_484' title='bbox 882 2442 928 2468; x_wconf 79' lang='grc' dir='ltr'>καὶ</span> 
     </span>
    </p>
   </div>
   <div class='ocr_carea' id='block_1_70' title="bbox 135 2488 927 2525">
    <p class='ocr_par' dir='ltr' id='par_1_70' title="bbox 135 2488 927 2525">
     <span class='ocr_line' id='line_1_70' title="bbox 135 2488 927 2525; baseline 0 -9"><span class='ocrx_word' id='word_1_485' title='bbox 135 2491 188 2525; x_wconf 83' lang='grc' dir='ltr'>τὴν</span> <span class='ocrx_word' id='word_1_486' title='bbox 205 2489 362 2524; x_wconf 78' lang='grc' dir='ltr'>ἐπωνυμίαν</span> <span class='ocrx_word' id='word_1_487' title='bbox 383 2489 511 2524; x_wconf 84' lang='grc' dir='ltr'>είλήφασι</span> <span class='ocrx_word' id='word_1_488' title='bbox 529 2488 561 2504; x_wconf 83' lang='grc'><strong>⁷⁷·</strong></span> <span class='ocrx_word' id='word_1_489' title='bbox 581 2488 789 2524; x_wconf 77' lang='grc' dir='ltr'>Λουκιφεριανοὶ</span> <span class='ocrx_word' id='word_1_490' title='bbox 807 2488 860 2523; x_wconf 76' lang='grc' dir='ltr'><strong>γὰρ</strong></span> <span class='ocrx_word' id='word_1_491' title='bbox 882 2489 927 2516; x_wconf 71' lang='grc' dir='ltr'>ἐπὶ</span> 
     </span>
    </p>
   </div>
   <div class='ocr_carea' id='block_1_71' title="bbox 136 2534 927 2571">
    <p class='ocr_par' dir='ltr' id='par_1_71' title="bbox 136 2534 927 2571">
     <span class='ocr_line' id='line_1_71' title="bbox 136 2534 927 2571; baseline 0 -9"><span class='ocrx_word' id='word_1_492' title='bbox 136 2535 266 2562; x_wconf 85' lang='grc' dir='ltr'>πλεῖστον</span> <span class='ocrx_word' id='word_1_493' title='bbox 287 2535 456 2571; x_wconf 80' lang='grc' dir='ltr'>ὠνομάζοντο</span> <span class='ocrx_word' id='word_1_494' title='bbox 471 2535 574 2571; x_wconf 82' lang='grc' dir='ltr'>χρόνον.</span> <span class='ocrx_word' id='word_1_495' title='bbox 598 2534 717 2567; x_wconf 77' lang='grc' dir='ltr'>’Ᾱπέσση</span> <span class='ocrx_word' id='word_1_496' title='bbox 733 2535 762 2561; x_wconf 75' lang='grc' dir='ltr'>δὲ</span> <span class='ocrx_word' id='word_1_497' title='bbox 783 2534 830 2560; x_wconf 71' lang='grc' dir='ltr'>καὶ</span> <span class='ocrx_word' id='word_1_498' title='bbox 849 2535 927 2562; x_wconf 84' lang='grc' dir='ltr'>τοῦτο</span> 
     </span>
    </p>
   </div>
   <div class='ocr_carea' id='block_1_72' title="bbox 135 2580 926 2618">
    <p class='ocr_par' dir='ltr' id='par_1_72' title="bbox 135 2580 926 2618">
     <span class='ocr_line' id='line_1_72' title="bbox 135 2580 926 2618; baseline 0 -9"><span class='ocrx_word' id='word_1_499' title='bbox 135 2582 169 2609; x_wconf 82' lang='grc' dir='ltr'><strong>τὺ</strong></span> <span class='ocrx_word' id='word_1_500' title='bbox 191 2582 290 2618; x_wconf 84' lang='grc' dir='ltr'>δόγμα,</span> <span class='ocrx_word' id='word_1_501' title='bbox 313 2582 359 2609; x_wconf 78' lang='grc' dir='ltr'>καὶ</span> <span class='ocrx_word' id='word_1_502' title='bbox 383 2581 518 2617; x_wconf 74' lang='grc' dir='ltr'>παρεδόθη</span> <span class='ocrx_word' id='word_1_503' title='bbox 536 2582 568 2616; x_wconf 82' lang='grc' dir='ltr'><strong>τῇ</strong></span> <span class='ocrx_word' id='word_1_504' title='bbox 594 2581 673 2616; x_wconf 80' lang='grc' dir='ltr'>λήθῃ.</span> <span class='ocrx_word' id='word_1_505' title='bbox 702 2581 793 2608; x_wconf 72' lang='grc' dir='ltr'>Ταῦτα</span> <span class='ocrx_word' id='word_1_506' title='bbox 814 2581 863 2616; x_wconf 80' lang='grc' dir='ltr'>μὲν</span> <span class='ocrx_word' id='word_1_507' title='bbox 880 2580 926 2609; x_wconf 80' lang='grc' dir='ltr'>οὖν</span> 
     </span>
    </p>
   </div>
   <div class='ocr_carea' id='block_1_73' title="bbox 138 2620 784 2665">
    <p class='ocr_par' dir='ltr' id='par_1_73' title="bbox 138 2620 784 2665">
     <span class='ocr_line' id='line_1_73' title="bbox 138 2620 784 2665; baseline 0 -9"><span class='ocrx_word' id='word_1_508' title='bbox 138 2628 210 2665; x_wconf 83' lang='grc' dir='ltr'>μετὰ</span> <span class='ocrx_word' id='word_1_509' title='bbox 223 2629 273 2665; x_wconf 80' lang='grc' dir='ltr'>τὴν</span> <span class='ocrx_word' id='word_1_510' title='bbox 288 2629 415 2656; x_wconf 70' lang='grc' dir='ltr'>ἐπάνοδον</span> <span class='ocrx_word' id='word_1_511' title='bbox 429 2629 482 2654; x_wconf 81' lang='grc' dir='ltr'>τῶν</span> <span class='ocrx_word' id='word_1_512' title='bbox 496 2620 651 2654; x_wconf 81' lang='grc' dir='ltr'>ἐπισκόπων</span> <span class='ocrx_word' id='word_1_513' title='bbox 667 2628 784 2662; x_wconf 79' lang='grc' dir='ltr'>ἐγένετο.</span> 
     </span>
    </p>
   </div>
   <div class='ocr_carea' id='block_1_74' title="bbox 1012 1359 1761 1399">
    <p class='ocr_par' dir='ltr' id='par_1_74' title="bbox 1012 1359 1761 1399">
     <span class='ocr_line' id='line_1_74' title="bbox 1012 1359 1761 1399; baseline 0.007 -13"><span class='ocrx_word' id='word_1_514' title='bbox 1012 1359 1072 1396; x_wconf 89' lang='lat' dir='ltr'><strong>[Ch.</strong></span> <span class='ocrx_word' id='word_1_515' title='bbox 1091 1359 1123 1386; x_wconf 88' lang='lat' dir='ltr'><strong>V.</strong></span> <span class='ocrx_word' id='word_1_516' title='bbox 1136 1359 1174 1395; x_wconf 81' lang='lat'><strong>5.]</strong></span> <span class='ocrx_word' id='word_1_517' title='bbox 1189 1360 1219 1386; x_wconf 81' lang='lat' dir='ltr'><strong>At</strong></span> <span class='ocrx_word' id='word_1_518' title='bbox 1232 1359 1342 1388; x_wconf 89' lang='lat' dir='ltr'><strong>Lucifer</strong></span> <span class='ocrx_word' id='word_1_519' title='bbox 1356 1361 1552 1389; x_wconf 74' lang='lat' dir='ltr'><strong>Alexandriam</strong></span> <span class='ocrx_word' id='word_1_520' title='bbox 1567 1371 1621 1391; x_wconf 92' lang='lat' dir='ltr'><strong>non</strong></span> <span class='ocrx_word' id='word_1_521' title='bbox 1639 1368 1679 1392; x_wconf 89' lang='lat' dir='ltr'><strong>est</strong></span> <span class='ocrx_word' id='word_1_522' title='bbox 1698 1372 1761 1399; x_wconf 54' lang='grc' dir='ltr'>ιιι-ο.</span> 
     </span>
    </p>
   </div>
   <div class='ocr_carea' id='block_1_75' title="bbox 975 1405 1759 1437">
    <p class='ocr_par' dir='ltr' id='par_1_75' title="bbox 975 1405 1759 1437">
     <span class='ocr_line' id='line_1_75' title="bbox 975 1405 1759 1437; baseline 0.005 -4"><span class='ocrx_word' id='word_1_523' title='bbox 975 1405 1075 1437; x_wconf 80' lang='lat' dir='ltr'><strong>fectus,</strong></span> <span class='ocrx_word' id='word_1_524' title='bbox 1095 1405 1141 1432; x_wconf 88' lang='lat' dir='ltr'><strong>sed</strong></span> <span class='ocrx_word' id='word_1_525' title='bbox 1156 1406 1329 1433; x_wconf 80' lang='lat' dir='ltr'><strong>Antiochiam</strong></span> <span class='ocrx_word' id='word_1_526' title='bbox 1349 1407 1502 1434; x_wconf 84' lang='lat' dir='ltr'><strong>contendit.</strong></span> <span class='ocrx_word' id='word_1_527' title='bbox 1523 1408 1572 1435; x_wconf 87' lang='lat' dir='ltr'><strong>Ubi</strong></span> <span class='ocrx_word' id='word_1_528' title='bbox 1585 1411 1759 1437; x_wconf 80' lang='lat' dir='ltr'><strong>concordiam</strong></span> 
     </span>
    </p>
   </div>
   <div class='ocr_carea' id='block_1_76' title="bbox 975 1451 1760 1489">
    <p class='ocr_par' dir='ltr' id='par_1_76' title="bbox 975 1451 1760 1489">
     <span class='ocr_line' id='line_1_76' title="bbox 975 1451 1760 1489; baseline 0.008 -11"><span class='ocrx_word' id='word_1_529' title='bbox 975 1453 982 1462; x_wconf 89' lang='lat'>‘</span> <span class='ocrx_word' id='word_1_530' title='bbox 998 1451 1144 1486; x_wconf 85' lang='lat' dir='ltr'><strong>utriusque</strong></span> <span class='ocrx_word' id='word_1_531' title='bbox 1164 1452 1277 1486; x_wconf 85' lang='lat' dir='ltr'><strong>copiosa</strong></span> <span class='ocrx_word' id='word_1_532' title='bbox 1292 1452 1418 1480; x_wconf 87' lang='lat' dir='ltr'><strong>oratione</strong></span> <span class='ocrx_word' id='word_1_533' title='bbox 1433 1461 1494 1480; x_wconf 91' lang='lat' dir='ltr'><strong>cum</strong></span> <span class='ocrx_word' id='word_1_534' title='bbox 1514 1455 1652 1489; x_wconf 70' lang='lat' dir='ltr'><strong>suaderet,</strong></span> <span class='ocrx_word' id='word_1_535' title='bbox 1671 1465 1702 1484; x_wconf 89' lang='lat' dir='ltr'><strong>ac</strong></span> <span class='ocrx_word' id='word_1_536' title='bbox 1717 1467 1760 1484; x_wconf 83' lang='lat' dir='ltr'><strong>rc-</strong></span> 
     </span>
    </p>
   </div>
   <div class='ocr_carea' id='block_1_77' title="bbox 975 1497 1762 1538">
    <p class='ocr_par' dir='ltr' id='par_1_77' title="bbox 975 1497 1762 1538">
     <span class='ocr_line' id='line_1_77' title="bbox 975 1497 1762 1538; baseline 0.006 -14"><span class='ocrx_word' id='word_1_537' title='bbox 975 1497 1128 1524; x_wconf 79' lang='lat' dir='ltr'><strong>clamantcs</strong></span> <span class='ocrx_word' id='word_1_538' title='bbox 1146 1497 1251 1524; x_wconf 83' lang='lat' dir='ltr'><strong>videret</strong></span> <span class='ocrx_word' id='word_1_539' title='bbox 1268 1497 1477 1531; x_wconf 84' lang='lat' dir='ltr'><strong>Eustathianos,</strong></span> <span class='ocrx_word' id='word_1_540' title='bbox 1501 1507 1616 1534; x_wconf 88' lang='lat' dir='ltr'><strong>quorum</strong></span> <span class='ocrx_word' id='word_1_541' title='bbox 1633 1502 1762 1538; x_wconf 73' lang='lat' dir='ltr'><strong>princcps</strong></span> 
     </span>
    </p>
   </div>
   <div class='ocr_carea' id='block_1_78' title="bbox 976 1542 1761 1582">
    <p class='ocr_par' dir='ltr' id='par_1_78' title="bbox 976 1542 1761 1582">
     <span class='ocr_line' id='line_1_78' title="bbox 976 1542 1761 1582; baseline 0.008 -12"><span class='ocrx_word' id='word_1_542' title='bbox 976 1547 1035 1570; x_wconf 90' lang='lat' dir='ltr'><strong>erat</strong></span> <span class='ocrx_word' id='word_1_543' title='bbox 1048 1542 1180 1570; x_wconf 77' lang='lat' dir='ltr'><strong>Paulinus</strong></span> <span class='ocrx_word' id='word_1_544' title='bbox 1196 1543 1349 1577; x_wconf 82' lang='lat' dir='ltr'><strong>presbyter,</strong></span> <span class='ocrx_word' id='word_1_545' title='bbox 1359 1542 1505 1571; x_wconf 86' lang='lat' dir='ltr'><strong>Paulinum</strong></span> <span class='ocrx_word' id='word_1_546' title='bbox 1523 1545 1600 1580; x_wconf 88' lang='lat' dir='ltr'><strong>ipsis,</strong></span> <span class='ocrx_word' id='word_1_547' title='bbox 1616 1547 1688 1582; x_wconf 78' lang='lat' dir='ltr'><strong>quod</strong></span> <span class='ocrx_word' id='word_1_548' title='bbox 1704 1549 1761 1576; x_wconf 64' lang='lat' dir='ltr'><strong>ﬁeri</strong></span> 
     </span>
    </p>
   </div>
   <div class='ocr_carea' id='block_1_79' title="bbox 976 1589 1549 1624">
    <p class='ocr_par' dir='ltr' id='par_1_79' title="bbox 976 1589 1549 1624">
     <span class='ocr_line' id='line_1_79' title="bbox 976 1589 1549 1624; baseline 0.005 -8"><span class='ocrx_word' id='word_1_549' title='bbox 976 1589 1090 1616; x_wconf 88' lang='lat' dir='ltr'><strong>tnininte</strong></span> <span class='ocrx_word' id='word_1_550' title='bbox 1104 1589 1209 1622; x_wconf 90' lang='lat' dir='ltr'><strong>debuit,</strong></span> <span class='ocrx_word' id='word_1_551' title='bbox 1225 1589 1386 1624; x_wconf 88' lang='lat' dir='ltr'><strong>episcopum</strong></span> <span class='ocrx_word' id='word_1_552' title='bbox 1402 1590 1549 1619; x_wconf 85' lang='lat' dir='ltr'><strong>ordinavit.</strong></span> 
     </span>
    </p>
   </div>
   <div class='ocr_carea' id='block_1_80' title="bbox 1011 1748 1762 1786">
    <p class='ocr_par' dir='ltr' id='par_1_80' title="bbox 1011 1748 1762 1786">
     <span class='ocr_line' id='line_1_80' title="bbox 1011 1748 1762 1786; baseline 0.008 -10"><span class='ocrx_word' id='word_1_553' title='bbox 1011 1748 1053 1785; x_wconf 85' lang='grc' dir='ltr'><strong>[Β.</strong></span> <span class='ocrx_word' id='word_1_554' title='bbox 1067 1754 1093 1777; x_wconf 89' lang='lat' dir='ltr'><strong>et</strong></span> <span class='ocrx_word' id='word_1_555' title='bbox 1105 1749 1145 1777; x_wconf 87' lang='lat' dir='ltr'><strong>St.</strong></span> <span class='ocrx_word' id='word_1_556' title='bbox 1162 1749 1200 1786; x_wconf 83' lang='lat'><strong>5.]</strong></span> <span class='ocrx_word' id='word_1_557' title='bbox 1221 1749 1257 1777; x_wconf 86' lang='lat' dir='ltr'><strong>Ea</strong></span> <span class='ocrx_word' id='word_1_558' title='bbox 1274 1757 1319 1778; x_wconf 91' lang='lat' dir='ltr'><strong>res</strong></span> <span class='ocrx_word' id='word_1_559' title='bbox 1331 1750 1531 1779; x_wconf 87' lang='lat' dir='ltr'><strong>dissensionem</strong></span> <span class='ocrx_word' id='word_1_560' title='bbox 1557 1753 1629 1780; x_wconf 89' lang='lat' dir='ltr'><strong>illam</strong></span> <span class='ocrx_word' id='word_1_561' title='bbox 1655 1753 1762 1782; x_wconf 69' lang='lat' dir='ltr'><strong>diutur&lt;</strong></span> 
     </span>
    </p>
   </div>
   <div class='ocr_carea' id='block_1_81' title="bbox 975 1795 1763 1834">
    <p class='ocr_par' dir='ltr' id='par_1_81' title="bbox 975 1795 1763 1834">
     <span class='ocr_line' id='line_1_81' title="bbox 975 1795 1763 1834; baseline 0.005 -12"><span class='ocrx_word' id='word_1_562' title='bbox 975 1796 1078 1822; x_wconf 84' lang='lat' dir='ltr'><strong>niorem</strong></span> <span class='ocrx_word' id='word_1_563' title='bbox 1093 1795 1192 1823; x_wconf 63' lang='lat' dir='ltr'><strong>effecit.</strong></span> <span class='ocrx_word' id='word_1_564' title='bbox 1206 1795 1320 1823; x_wconf 86' lang='lat' dir='ltr'><strong>Duravit</strong></span> <span class='ocrx_word' id='word_1_565' title='bbox 1331 1797 1403 1823; x_wconf 90' lang='lat' dir='ltr'><strong>enim</strong></span> <span class='ocrx_word' id='word_1_566' title='bbox 1416 1798 1498 1825; x_wconf 83' lang='lat' dir='ltr'><strong>annis</strong></span> <span class='ocrx_word' id='word_1_567' title='bbox 1517 1798 1638 1834; x_wconf 88' lang='lat' dir='ltr'><strong>quinqtte</strong></span> <span class='ocrx_word' id='word_1_568' title='bbox 1649 1805 1675 1826; x_wconf 87' lang='lat' dir='ltr'><strong>ct</strong></span> <span class='ocrx_word' id='word_1_569' title='bbox 1690 1805 1763 1826; x_wconf 90' lang='lat' dir='ltr'><strong>octo-</strong></span> 
     </span>
    </p>
   </div>
   <div class='ocr_carea' id='block_1_82' title="bbox 974 1842 1761 1878">
    <p class='ocr_par' dir='ltr' id='par_1_82' title="bbox 974 1842 1761 1878">
     <span class='ocr_line' id='line_1_82' title="bbox 974 1842 1761 1878; baseline 0.008 -10"><span class='ocrx_word' id='word_1_570' title='bbox 974 1842 1060 1877; x_wconf 69' lang='lat' dir='ltr'><strong>ginta.</strong></span> <span class='ocrx_word' id='word_1_571' title='bbox 1080 1850 1166 1876; x_wconf 89' lang='lat' dir='ltr'><strong>ttsque</strong></span> <span class='ocrx_word' id='word_1_572' title='bbox 1184 1842 1217 1869; x_wconf 83' lang='lat' dir='ltr'><strong>ad</strong></span> <span class='ocrx_word' id='word_1_573' title='bbox 1236 1843 1412 1878; x_wconf 62' lang='lat' dir='ltr'><strong>praesulatum</strong></span> <span class='ocrx_word' id='word_1_574' title='bbox 1442 1844 1626 1873; x_wconf 86' lang='lat' dir='ltr'><strong>laudatissimi</strong></span> <span class='ocrx_word' id='word_1_575' title='bbox 1643 1847 1761 1874; x_wconf 77' lang='lat' dir='ltr'><strong>Alexan-</strong></span> 
     </span>
    </p>
   </div>
   <div class='ocr_carea' id='block_1_83' title="bbox 974 1887 1763 1925">
    <p class='ocr_par' dir='ltr' id='par_1_83' title="bbox 974 1887 1763 1925">
     <span class='ocr_line' id='line_1_83' title="bbox 974 1887 1763 1925; baseline 0.009 -12"><span class='ocrx_word' id='word_1_576' title='bbox 974 1887 1027 1918; x_wconf 84' lang='lat' dir='ltr'><strong>dri,</strong></span> <span class='ocrx_word' id='word_1_577' title='bbox 1048 1887 1106 1922; x_wconf 79' lang='lat' dir='ltr'><strong>qui,</strong></span> <span class='ocrx_word' id='word_1_578' title='bbox 1121 1887 1296 1916; x_wconf 66' lang='lat' dir='ltr'><strong>Antiocheam</strong></span> <span class='ocrx_word' id='word_1_579' title='bbox 1313 1887 1445 1916; x_wconf 62' lang='lat' dir='ltr'><strong>Ecclesiae</strong></span> <span class='ocrx_word' id='word_1_580' title='bbox 1462 1890 1680 1925; x_wconf 77' lang='lat' dir='ltr'><strong>gubernaculum</strong></span> <span class='ocrx_word' id='word_1_581' title='bbox 1699 1893 1763 1920; x_wconf 83' lang='lat' dir='ltr'><strong>ade-</strong></span> 
     </span>
    </p>
   </div>
   <div class='ocr_carea' id='block_1_84' title="bbox 975 1933 1762 1971">
    <p class='ocr_par' dir='ltr' id='par_1_84' title="bbox 975 1933 1762 1971">
     <span class='ocr_line' id='line_1_84' title="bbox 975 1933 1762 1971; baseline 0.008 -13"><span class='ocrx_word' id='word_1_582' title='bbox 975 1938 1047 1967; x_wconf 87' lang='lat' dir='ltr'><strong>ptus,</strong></span> <span class='ocrx_word' id='word_1_583' title='bbox 1067 1933 1119 1960; x_wconf 81' lang='lat' dir='ltr'><strong>\‘iis</strong></span> <span class='ocrx_word' id='word_1_584' title='bbox 1137 1933 1265 1960; x_wconf 87' lang='lat' dir='ltr'><strong>omnibus</strong></span> <span class='ocrx_word' id='word_1_585' title='bbox 1286 1934 1410 1966; x_wconf 62' lang='lat' dir='ltr'><strong>tentatis,</strong></span> <span class='ocrx_word' id='word_1_586' title='bbox 1438 1943 1601 1970; x_wconf 86' lang='lat' dir='ltr'><strong>summoque</strong></span> <span class='ocrx_word' id='word_1_587' title='bbox 1625 1944 1674 1971; x_wconf 90' lang='lat' dir='ltr'><strong>pro</strong></span> <span class='ocrx_word' id='word_1_588' title='bbox 1696 1945 1762 1964; x_wconf 86' lang='lat' dir='ltr'><strong>con-</strong></span> 
     </span>
    </p>
   </div>
   <div class='ocr_carea' id='block_1_85' title="bbox 974 1980 1761 2015">
    <p class='ocr_par' dir='ltr' id='par_1_85' title="bbox 974 1980 1761 2015">
     <span class='ocr_line' id='line_1_85' title="bbox 974 1980 1761 2015; baseline 0.005 -8"><span class='ocrx_word' id='word_1_589' title='bbox 974 1981 1068 2007; x_wconf 81' lang='lat' dir='ltr'><strong>cordia</strong></span> <span class='ocrx_word' id='word_1_590' title='bbox 1094 1980 1186 2007; x_wconf 89' lang='lat' dir='ltr'><strong>stndio</strong></span> <span class='ocrx_word' id='word_1_591' title='bbox 1214 1984 1241 2007; x_wconf 89' lang='lat' dir='ltr'><strong>et</strong></span> <span class='ocrx_word' id='word_1_592' title='bbox 1272 1981 1413 2008; x_wconf 84' lang='lat' dir='ltr'><strong>voluntate</strong></span> <span class='ocrx_word' id='word_1_593' title='bbox 1439 1981 1573 2015; x_wconf 79' lang='lat' dir='ltr'><strong>adhibita,</strong></span> <span class='ocrx_word' id='word_1_594' title='bbox 1600 1983 1761 2011; x_wconf 84' lang='lat' dir='ltr'><strong>distractum</strong></span> 
     </span>
    </p>
   </div>
   <div class='ocr_carea' id='block_1_86' title="bbox 975 2026 1761 2064">
    <p class='ocr_par' dir='ltr' id='par_1_86' title="bbox 975 2026 1761 2064">
     <span class='ocr_line' id='line_1_86' title="bbox 975 2026 1761 2064; baseline 0.004 -10"><span class='ocrx_word' id='word_1_595' title='bbox 975 2027 1128 2054; x_wconf 87' lang='lat' dir='ltr'><strong>membrum</strong></span> <span class='ocrx_word' id='word_1_596' title='bbox 1140 2034 1201 2053; x_wconf 88' lang='lat' dir='ltr'><strong>cum</strong></span> <span class='ocrx_word' id='word_1_597' title='bbox 1217 2027 1323 2061; x_wconf 90' lang='lat' dir='ltr'><strong>reliquo</strong></span> <span class='ocrx_word' id='word_1_598' title='bbox 1340 2026 1470 2055; x_wconf 74' lang='lat' dir='ltr'><strong>Ecclesia:</strong></span> <span class='ocrx_word' id='word_1_599' title='bbox 1481 2036 1598 2063; x_wconf 87' lang='lat' dir='ltr'><strong>corpore</strong></span> <span class='ocrx_word' id='word_1_600' title='bbox 1612 2031 1761 2064; x_wconf 80' lang='lat' dir='ltr'><strong>copulavit.</strong></span> 
     </span>
    </p>
   </div>
   <div class='ocr_carea' id='block_1_87' title="bbox 975 2071 1763 2111">
    <p class='ocr_par' dir='ltr' id='par_1_87' title="bbox 975 2071 1763 2111">
     <span class='ocr_line' id='line_1_87' title="bbox 975 2071 1763 2111; baseline 0.005 -12"><span class='ocrx_word' id='word_1_601' title='bbox 975 2071 1025 2099; x_wconf 88' lang='lat' dir='ltr'><strong>Sed</strong></span> <span class='ocrx_word' id='word_1_602' title='bbox 1043 2071 1163 2102; x_wconf 81' lang='lat' dir='ltr'><strong>Lucifer.</strong></span> <span class='ocrx_word' id='word_1_603' title='bbox 1178 2076 1257 2099; x_wconf 84' lang='lat' dir='ltr'><strong>aucta</strong></span> <span class='ocrx_word' id='word_1_604' title='bbox 1274 2076 1342 2100; x_wconf 89' lang='lat' dir='ltr'><strong>tunc</strong></span> <span class='ocrx_word' id='word_1_605' title='bbox 1367 2073 1517 2106; x_wconf 70' lang='lat' dir='ltr'><strong>disoordia,</strong></span> <span class='ocrx_word' id='word_1_606' title='bbox 1545 2074 1626 2109; x_wconf 85' lang='lat' dir='ltr'><strong>longo</strong></span> <span class='ocrx_word' id='word_1_607' title='bbox 1642 2079 1763 2111; x_wconf 78' lang='lat' dir='ltr'><strong>tempore</strong></span> 
     </span>
    </p>
   </div>
   <div class='ocr_carea' id='block_1_88' title="bbox 977 2112 1763 2155">
    <p class='ocr_par' dir='ltr' id='par_1_88' title="bbox 977 2112 1763 2155">
     <span class='ocr_line' id='line_1_88' title="bbox 977 2112 1763 2155; baseline 0.006 -11"><span class='ocrx_word' id='word_1_608' title='bbox 977 2117 1131 2144; x_wconf 66' lang='lat' dir='ltr'><strong>Antiochia!</strong></span> <span class='ocrx_word' id='word_1_609' title='bbox 1159 2112 1281 2145; x_wconf 74' lang='lat' dir='ltr'><strong>moratu&#39;s</strong></span> <span class='ocrx_word' id='word_1_610' title='bbox 1296 2123 1347 2145; x_wconf 90' lang='lat' dir='ltr'><strong>est.</strong></span> <span class='ocrx_word' id='word_1_611' title='bbox 1368 2118 1502 2146; x_wconf 81' lang='lat' dir='ltr'><strong>Eusebius</strong></span> <span class='ocrx_word' id='word_1_612' title='bbox 1524 2119 1606 2155; x_wconf 81' lang='lat'><strong>917</strong></span> <span class='ocrx_word' id='word_1_613' title='bbox 1624 2129 1687 2148; x_wconf 89' lang='lat' dir='ltr'><strong>vero</strong></span> <span class='ocrx_word' id='word_1_614' title='bbox 1706 2122 1763 2148; x_wconf 90' lang='lat' dir='ltr'><strong>An-</strong></span> 
     </span>
    </p>
   </div>
   <div class='ocr_carea' id='block_1_89' title="bbox 976 2163 1760 2195">
    <p class='ocr_par' dir='ltr' id='par_1_89' title="bbox 976 2163 1760 2195">
     <span class='ocr_line' id='line_1_89' title="bbox 976 2163 1760 2195; baseline 0.005 -5"><span class='ocrx_word' id='word_1_615' title='bbox 976 2163 1105 2190; x_wconf 88' lang='lat' dir='ltr'><strong>tiochiatn</strong></span> <span class='ocrx_word' id='word_1_616' title='bbox 1126 2171 1189 2190; x_wconf 89' lang='lat' dir='ltr'><strong>cum</strong></span> <span class='ocrx_word' id='word_1_617' title='bbox 1216 2164 1347 2195; x_wconf 82' lang='lat' dir='ltr'><strong>venisset,</strong></span> <span class='ocrx_word' id='word_1_618' title='bbox 1370 2165 1495 2191; x_wconf 90' lang='lat' dir='ltr'><strong>morbum</strong></span> <span class='ocrx_word' id='word_1_619' title='bbox 1517 2173 1633 2193; x_wconf 86' lang='lat' dir='ltr'><strong>cernens</strong></span> <span class='ocrx_word' id='word_1_620' title='bbox 1657 2175 1689 2194; x_wconf 84' lang='lat' dir='ltr'><strong>ex</strong></span> <span class='ocrx_word' id='word_1_621' title='bbox 1707 2176 1760 2194; x_wconf 70' lang='lat' dir='ltr'><strong>non</strong></span> 
     </span>
    </p>
   </div>
   <div class='ocr_carea' id='block_1_90' title="bbox 976 2208 1761 2242">
    <p class='ocr_par' dir='ltr' id='par_1_90' title="bbox 976 2208 1761 2242">
     <span class='ocr_line' id='line_1_90' title="bbox 976 2208 1761 2242; baseline 0.004 -6"><span class='ocrx_word' id='word_1_622' title='bbox 976 2214 1049 2236; x_wconf 88' lang='lat' dir='ltr'><strong>recta</strong></span> <span class='ocrx_word' id='word_1_623' title='bbox 1065 2209 1205 2236; x_wconf 85' lang='lat' dir='ltr'><strong>curatione</strong></span> <span class='ocrx_word' id='word_1_624' title='bbox 1220 2208 1397 2236; x_wconf 74' lang='lat' dir='ltr'><strong>difﬁciliorem</strong></span> <span class='ocrx_word' id='word_1_625' title='bbox 1416 2208 1531 2242; x_wconf 86' lang='lat' dir='ltr'><strong>facttuu,</strong></span> <span class='ocrx_word' id='word_1_626' title='bbox 1548 2210 1575 2237; x_wconf 92' lang='lat' dir='ltr'><strong>in</strong></span> <span class='ocrx_word' id='word_1_627' title='bbox 1592 2211 1761 2239; x_wconf 71' lang='lat' dir='ltr'><strong>OGCldClllt&#39;lll</strong></span> 
     </span>
    </p>
   </div>
   <div class='ocr_carea' id='block_1_91' title="bbox 975 2254 1761 2290">
    <p class='ocr_par' dir='ltr' id='par_1_91' title="bbox 975 2254 1761 2290">
     <span class='ocr_line' id='line_1_91' title="bbox 975 2254 1761 2290; baseline 0.004 -8"><span class='ocrx_word' id='word_1_628' title='bbox 975 2256 1034 2282; x_wconf 80' lang='lat' dir='ltr'><strong>vela</strong></span> <span class='ocrx_word' id='word_1_629' title='bbox 1054 2255 1128 2282; x_wconf 87' lang='lat' dir='ltr'><strong>fecit.</strong></span> <span class='ocrx_word' id='word_1_630' title='bbox 1143 2254 1253 2282; x_wconf 83' lang='lat' dir='ltr'><strong>Lucifer</strong></span> <span class='ocrx_word' id='word_1_631' title='bbox 1277 2260 1366 2282; x_wconf 88' lang='lat' dir='ltr'><strong>autem</strong></span> <span class='ocrx_word' id='word_1_632' title='bbox 1392 2255 1418 2282; x_wconf 89' lang='lat' dir='ltr'><strong>in</strong></span> <span class='ocrx_word' id='word_1_633' title='bbox 1440 2255 1594 2283; x_wconf 84' lang='lat' dir='ltr'><strong>Sardiniam</strong></span> <span class='ocrx_word' id='word_1_634' title='bbox 1622 2265 1761 2290; x_wconf 82' lang='lat' dir='ltr'><strong>reversus,</strong></span> 
     </span>
    </p>
   </div>
   <div class='ocr_carea' id='block_1_92' title="bbox 977 2301 1763 2339">
    <p class='ocr_par' dir='ltr' id='par_1_92' title="bbox 977 2301 1763 2339">
     <span class='ocr_line' id='line_1_92' title="bbox 977 2301 1763 2339; baseline 0.004 -11"><span class='ocrx_word' id='word_1_635' title='bbox 977 2301 1029 2328; x_wconf 83' lang='lat' dir='ltr'><strong>alia</strong></span> <span class='ocrx_word' id='word_1_636' title='bbox 1040 2301 1162 2336; x_wconf 66' lang='lat' dir='ltr'><strong>qtmdam</strong></span> <span class='ocrx_word' id='word_1_637' title='bbox 1179 2301 1377 2329; x_wconf 83' lang='lat' dir='ltr'><strong>ecclesiasticis</strong></span> <span class='ocrx_word' id='word_1_638' title='bbox 1387 2301 1563 2337; x_wconf 74' lang='lat' dir='ltr'><strong>dogmatibus</strong></span> <span class='ocrx_word' id='word_1_639' title='bbox 1576 2303 1686 2337; x_wconf 80' lang='lat' dir='ltr'><strong>adjecit,</strong></span> <span class='ocrx_word' id='word_1_640' title='bbox 1703 2312 1763 2339; x_wconf 71' lang='lat' dir='ltr'><strong>quat</strong></span> 
     </span>
    </p>
   </div>
   <div class='ocr_carea' id='block_1_93' title="bbox 977 2348 1761 2384">
    <p class='ocr_par' dir='ltr' id='par_1_93' title="bbox 977 2348 1761 2384">
     <span class='ocr_line' id='line_1_93' title="bbox 977 2348 1761 2384; baseline 0.003 -9"><span class='ocrx_word' id='word_1_641' title='bbox 977 2349 1023 2384; x_wconf 87' lang='lat' dir='ltr'><strong>qtti</strong></span> <span class='ocrx_word' id='word_1_642' title='bbox 1039 2348 1155 2382; x_wconf 81' lang='lat' dir='ltr'><strong>amplexi</strong></span> <span class='ocrx_word' id='word_1_643' title='bbox 1173 2352 1236 2374; x_wconf 88' lang='lat' dir='ltr'><strong>sunt</strong></span> <span class='ocrx_word' id='word_1_644' title='bbox 1254 2348 1288 2376; x_wconf 82' lang='lat' dir='ltr'><strong>ab</strong></span> <span class='ocrx_word' id='word_1_645' title='bbox 1309 2348 1369 2383; x_wconf 83' lang='lat' dir='ltr'><strong>ejus</strong></span> <span class='ocrx_word' id='word_1_646' title='bbox 1384 2348 1493 2375; x_wconf 89' lang='lat' dir='ltr'><strong>nomine</strong></span> <span class='ocrx_word' id='word_1_647' title='bbox 1517 2356 1669 2383; x_wconf 78' lang='lat' dir='ltr'><strong>cognomen</strong></span> <span class='ocrx_word' id='word_1_648' title='bbox 1686 2358 1761 2377; x_wconf 90' lang='lat' dir='ltr'><strong>sum-</strong></span> 
     </span>
    </p>
   </div>
   <div class='ocr_carea' id='block_1_94' title="bbox 976 2392 1761 2428">
    <p class='ocr_par' dir='ltr' id='par_1_94' title="bbox 976 2392 1761 2428">
     <span class='ocr_line' id='line_1_94' title="bbox 976 2392 1761 2428; baseline 0.003 -9"><span class='ocrx_word' id='word_1_649' title='bbox 976 2396 1101 2427; x_wconf 88' lang='lat' dir='ltr'><strong>pserunt,</strong></span> <span class='ocrx_word' id='word_1_650' title='bbox 1118 2397 1144 2419; x_wconf 89' lang='lat' dir='ltr'><strong>et</strong></span> <span class='ocrx_word' id='word_1_651' title='bbox 1156 2392 1326 2420; x_wconf 86' lang='lat' dir='ltr'><strong>Luciferiani</strong></span> <span class='ocrx_word' id='word_1_652' title='bbox 1346 2392 1392 2420; x_wconf 88' lang='lat' dir='ltr'><strong>ditt</strong></span> <span class='ocrx_word' id='word_1_653' title='bbox 1416 2393 1542 2428; x_wconf 87' lang='lat' dir='ltr'><strong>appellati</strong></span> <span class='ocrx_word' id='word_1_654' title='bbox 1572 2398 1645 2422; x_wconf 89' lang='lat' dir='ltr'><strong>sunt.</strong></span> <span class='ocrx_word' id='word_1_655' title='bbox 1663 2393 1761 2422; x_wconf 86' lang='lat' dir='ltr'><strong>Vcrum</strong></span> 
     </span>
    </p>
   </div>
   <div class='ocr_carea' id='block_1_95' title="bbox 975 2438 1763 2474">
    <p class='ocr_par' dir='ltr' id='par_1_95' title="bbox 975 2438 1763 2474">
     <span class='ocr_line' id='line_1_95' title="bbox 975 2438 1763 2474; baseline 0.001 -8"><span class='ocrx_word' id='word_1_656' title='bbox 975 2439 1028 2466; x_wconf 79' lang='lat' dir='ltr'><strong>hoc</strong></span> <span class='ocrx_word' id='word_1_657' title='bbox 1044 2446 1152 2474; x_wconf 87' lang='lat' dir='ltr'><strong>quoque</strong></span> <span class='ocrx_word' id='word_1_658' title='bbox 1173 2438 1271 2474; x_wconf 73' lang='lat' dir='ltr'><strong>dogma</strong></span> <span class='ocrx_word' id='word_1_659' title='bbox 1287 2439 1467 2471; x_wconf 86' lang='lat' dir='ltr'><strong>exstinctum,</strong></span> <span class='ocrx_word' id='word_1_660' title='bbox 1483 2443 1510 2466; x_wconf 88' lang='lat' dir='ltr'><strong>et</strong></span> <span class='ocrx_word' id='word_1_661' title='bbox 1533 2439 1670 2467; x_wconf 85' lang='lat' dir='ltr'><strong>oblivione</strong></span> <span class='ocrx_word' id='word_1_662' title='bbox 1686 2448 1763 2474; x_wconf 83' lang='lat' dir='ltr'><strong>pror-</strong></span> 
     </span>
    </p>
   </div>
   <div class='ocr_carea' id='block_1_96' title="bbox 977 2484 1762 2522">
    <p class='ocr_par' dir='ltr' id='par_1_96' title="bbox 977 2484 1762 2522">
     <span class='ocr_line' id='line_1_96' title="bbox 977 2484 1762 2522; baseline 0.001 -9"><span class='ocrx_word' id='word_1_663' title='bbox 977 2494 1024 2514; x_wconf 82' lang='lat' dir='ltr'><strong>sus</strong></span> <span class='ocrx_word' id='word_1_664' title='bbox 1041 2485 1160 2513; x_wconf 87' lang='lat' dir='ltr'><strong>deletum</strong></span> <span class='ocrx_word' id='word_1_665' title='bbox 1173 2489 1226 2512; x_wconf 88' lang='lat' dir='ltr'><strong>est.</strong></span> <span class='ocrx_word' id='word_1_666' title='bbox 1246 2484 1310 2512; x_wconf 72' lang='lat' dir='ltr'><strong>llam</strong></span> <span class='ocrx_word' id='word_1_667' title='bbox 1337 2485 1421 2520; x_wconf 77' lang='lat' dir='ltr'><strong>igitur</strong></span> <span class='ocrx_word' id='word_1_668' title='bbox 1437 2489 1499 2521; x_wconf 89' lang='lat' dir='ltr'><strong>post</strong></span> <span class='ocrx_word' id='word_1_669' title='bbox 1521 2486 1639 2514; x_wconf 85' lang='lat' dir='ltr'><strong>reditqu</strong></span> <span class='ocrx_word' id='word_1_670' title='bbox 1657 2487 1762 2522; x_wconf 85' lang='lat' dir='ltr'><strong>episco-</strong></span> 
     </span>
    </p>
   </div>
   <div class='ocr_carea' id='block_1_97' title="bbox 977 2531 1237 2566">
    <p class='ocr_par' dir='ltr' id='par_1_97' title="bbox 977 2531 1237 2566">
     <span class='ocr_line' id='line_1_97' title="bbox 977 2531 1237 2566; baseline 0.008 -10"><span class='ocrx_word' id='word_1_671' title='bbox 977 2537 1073 2563; x_wconf 88' lang='lat' dir='ltr'><strong>porum</strong></span> <span class='ocrx_word' id='word_1_672' title='bbox 1088 2531 1237 2566; x_wconf 78' lang='lat' dir='ltr'><strong>contigere.</strong></span> 
     </span>
    </p>
   </div>
   <div class='ocr_carea' id='block_1_98' title="bbox 786 2741 1121 2771">
    <p class='ocr_par' dir='ltr' id='par_1_98' title="bbox 786 2741 1121 2771">
     <span class='ocr_line' id='line_1_98' title="bbox 786 2741 1121 2771; baseline 0.006 -3"><span class='ocrx_word' id='word_1_673' title='bbox 786 2741 903 2769; x_wconf 67' lang='lat' dir='ltr'><strong>VARIIE</strong></span> <span class='ocrx_word' id='word_1_674' title='bbox 921 2742 1121 2771; x_wconf 81' lang='lat' dir='ltr'><strong>LECTIONES.</strong></span> 
     </span>
    </p>
   </div>
   <div class='ocr_carea' id='block_1_99' title="bbox 177 2828 1078 2867">
    <p class='ocr_par' dir='ltr' id='par_1_99' title="bbox 177 2828 1078 2867">
     <span class='ocr_line' id='line_1_99' title="bbox 177 2828 1078 2867; baseline 0.003 -12"><span class='ocrx_word' id='word_1_675' title='bbox 177 2829 199 2867; x_wconf 52' lang='lat' dir='ltr'><strong>ff</strong></span> <span class='ocrx_word' id='word_1_676' title='bbox 215 2828 377 2867; x_wconf 77' lang='grc' dir='ltr'>καλουμένη.</span> <span class='ocrx_word' id='word_1_677' title='bbox 404 2829 484 2867; x_wconf 65' lang='lat' dir='ltr'><strong>idem</strong></span> <span class='ocrx_word' id='word_1_678' title='bbox 502 2839 562 2858; x_wconf 90' lang='lat' dir='ltr'><strong>cum</strong></span> <span class='ocrx_word' id='word_1_679' title='bbox 584 2830 677 2867; x_wconf 69' lang='lat' dir='ltr'><strong>Stepn.</strong></span> <span class='ocrx_word' id='word_1_680' title='bbox 699 2831 739 2867; x_wconf 75' lang='lat'><strong>_&quot;</strong></span> <span class='ocrx_word' id='word_1_681' title='bbox 759 2831 906 2867; x_wconf 80' lang='grc' dir='ltr'>ἑκατέρων.</span> <span class='ocrx_word' id='word_1_682' title='bbox 926 2831 1008 2867; x_wconf 66' lang='grc' dir='ltr'><strong>[Ξειιςίίἷ</strong></span> <span class='ocrx_word' id='word_1_683' title='bbox 1032 2830 1078 2859; x_wconf 82' lang='lat' dir='ltr'><strong>Gr.</strong></span> 
     </span>
    </p>
   </div>
   <div class='ocr_carea' id='block_1_100' title="bbox 141 2863 271 2891">
    <p class='ocr_par' dir='ltr' id='par_1_100' title="bbox 141 2863 271 2891">
     <span class='ocr_line' id='line_1_100' title="bbox 141 2863 271 2891; baseline 0 -1"><span class='ocrx_word' id='word_1_684' title='bbox 141 2863 271 2891; x_wconf 75' lang='grc' dir='ltr'>τιάθεσιν.</span> 
     </span>
    </p>
   </div>
   <div class='ocr_carea' id='block_1_101' title="bbox 1118 2831 1765 2872">
    <p class='ocr_par' dir='ltr' id='par_1_101' title="bbox 1118 2831 1765 2872">
     <span class='ocr_line' id='line_1_101' title="bbox 1118 2831 1765 2872; baseline 0.009 -15"><span class='ocrx_word' id='word_1_685' title='bbox 1118 2832 1141 2872; x_wconf 63' lang='grc' dir='ltr'><strong><em>ξο</em></strong></span> <span class='ocrx_word' id='word_1_686' title='bbox 1163 2831 1440 2872; x_wconf 25' lang='grc' dir='ltr'>τῇςμὲκκλησίαςρῆς</span> <span class='ocrx_word' id='word_1_687' title='bbox 1453 2831 1631 2872; x_wconf 57' lang='lat' dir='ltr'><strong>év_V.__ldcm.</strong></span> <span class='ocrx_word' id='word_1_688' title='bbox 1665 2836 1685 2851; x_wconf 92' lang='grc'><strong>⁷¹</strong></span> <span class='ocrx_word' id='word_1_689' title='bbox 1713 2836 1765 2872; x_wconf 78' lang='grc' dir='ltr'>τὴν</span> 
     </span>
    </p>
   </div>
   <div class='ocr_carea' id='block_1_102' title="bbox 315 2865 1762 2909">
    <p class='ocr_par' dir='ltr' id='par_1_102' title="bbox 315 2865 1762 2909">
     <span class='ocr_line' id='line_1_102' title="bbox 315 2865 1762 2909; baseline 0.005 -18"><span class='ocrx_word' id='word_1_690' title='bbox 315 2866 435 2909; x_wconf 45' lang='grc' dir='ltr'>ιορίιίηὲ..</span> <span class='ocrx_word' id='word_1_691' title='bbox 466 2866 486 2881; x_wconf 82' lang='grc'><strong>⁷¹</strong></span> <span class='ocrx_word' id='word_1_692' title='bbox 500 2866 530 2909; x_wconf 77' lang='grc' dir='ltr'><strong>οὐ</strong></span> <span class='ocrx_word' id='word_1_693' title='bbox 544 2865 675 2909; x_wconf 34' lang='grc' dir='ltr'><strong>γάρ-ἓῐὶξξ.</strong></span> <span class='ocrx_word' id='word_1_694' title='bbox 779 2865 982 2909; x_wconf 41' lang='grc' dir='ltr'>τὶσυμμορίας.</span> <span class='ocrx_word' id='word_1_695' title='bbox 998 2866 1092 2909; x_wconf 61' lang='lat' dir='ltr'><strong>Steph:</strong></span> <span class='ocrx_word' id='word_1_696' title='bbox 1108 2868 1135 2894; x_wconf 75' lang='grc'><strong>2.</strong></span> <span class='ocrx_word' id='word_1_697' title='bbox 1174 2865 1197 2882; x_wconf 60' lang='grc' dir='ltr'>τί</span> <span class='ocrx_word' id='word_1_698' title='bbox 1208 2865 1346 2909; x_wconf 54' lang='lat' dir='ltr'><strong>Apticulns</strong></span> <span class='ocrx_word' id='word_1_699' title='bbox 1361 2865 1464 2909; x_wconf 50' lang='lat' dir='ltr'><strong>abcsta</strong></span> <span class='ocrx_word' id='word_1_700' title='bbox 1475 2867 1556 2909; x_wconf 65' lang='lat' dir='ltr'><strong>llasil.</strong></span> <span class='ocrx_word' id='word_1_701' title='bbox 1569 2869 1615 2896; x_wconf 84' lang='lat' dir='ltr'><strong>Gr.</strong></span> <span class='ocrx_word' id='word_1_702' title='bbox 1628 2876 1652 2897; x_wconf 72' lang='lat' dir='ltr'><strong>ct</strong></span> <span class='ocrx_word' id='word_1_703' title='bbox 1669 2865 1762 2906; x_wconf 71' lang='lat' dir='ltr'><strong>Steph.</strong></span> 
     </span>
    </p>
   </div>
   <div class='ocr_carea' id='block_1_103' title="bbox 143 2899 1548 2937">
    <p class='ocr_par' dir='ltr' id='par_1_103' title="bbox 143 2899 1548 2937">
     <span class='ocr_line' id='line_1_103' title="bbox 143 2899 1548 2937; baseline 0.004 -12"><span class='ocrx_word' id='word_1_704' title='bbox 143 2899 357 2933; x_wconf 76' lang='grc' dir='ltr'>’³ἀναδέξεσθαι.</span> <span class='ocrx_word' id='word_1_705' title='bbox 373 2899 618 2936; x_wconf 52' lang='grc' dir='ltr'><strong>ΟΙιι-ἰςιθμιιοιίςξτθ</strong></span> <span class='ocrx_word' id='word_1_706' title='bbox 637 2902 679 2937; x_wconf 82' lang='grc' dir='ltr'><strong>δή.</strong></span> <span class='ocrx_word' id='word_1_707' title='bbox 696 2901 776 2929; x_wconf 86' lang='lat' dir='ltr'><strong>Basil.</strong></span> <span class='ocrx_word' id='word_1_708' title='bbox 793 2901 839 2929; x_wconf 85' lang='lat' dir='ltr'><strong>Gr.</strong></span> <span class='ocrx_word' id='word_1_709' title='bbox 855 2899 859 2902; x_wconf 76' lang='grc'><em>’</em></span> <span class='ocrx_word' id='word_1_710' title='bbox 876 2899 899 2917; x_wconf 52' lang='grc' dir='ltr'>Ἡ</span> <span class='ocrx_word' id='word_1_711' title='bbox 914 2899 1133 2935; x_wconf 63' lang='grc' dir='ltr'>ἓδέξαντοξίιίριιι</span> <span class='ocrx_word' id='word_1_712' title='bbox 1154 2910 1213 2929; x_wconf 88' lang='lat' dir='ltr'><strong>cum</strong></span> <span class='ocrx_word' id='word_1_713' title='bbox 1233 2902 1325 2930; x_wconf 82' lang='lat' dir='ltr'><strong>Savilii</strong></span> <span class='ocrx_word' id='word_1_714' title='bbox 1345 2907 1371 2931; x_wconf 81' lang='lat' dir='ltr'><strong>et</strong></span> <span class='ocrx_word' id='word_1_715' title='bbox 1393 2903 1450 2929; x_wconf 81' lang='lat' dir='ltr'><strong>Pxni</strong></span> <span class='ocrx_word' id='word_1_716' title='bbox 1469 2903 1548 2930; x_wconf 86' lang='lat' dir='ltr'><strong>cudd.</strong></span> 
     </span>
    </p>
   </div>
  </div>
