1998 3121
110 195 176 229 ίθίΠ

415 249 538 276 ΚΕΦΛΔ.
558 251 602 282 π’.

110 297 149 324 'l’d
167 297 242 324 κατὰ
257 297 310 324 τὸν
326 297 360 323 ἐν
375 296 476 330 Δάφνῃ
491 295 683 327 Ἀπόλλωνα,
700 295 748 322 καὶ
766 295 840 323 κατὰ
851 295 904 321 τὸν

384 332 470 366 ἅγιον
485 331 635 358 Βαϐὐλαν.

149 377 293 410 Ἰουλιανὸς
313 377 341 406 δὲ
359 377 479 413 Πέρσαις
492 376 705 412 ἐπιστρατεῦσαι
730 375 904 411 βουλόμενος,

106 425 147 457 εἰς
161 424 270 451 ἅπαντα
286 424 335 459 μὲν
360 424 394 450 τᾶ.
418 424 489 451 κατὰ.
511 423 561 459 τὴν
587 423 732 459 Ῥωμαίων
755 423 903 458 ἡγεμονίαν

107 471 265 506 χρηστήρια
279 470 341 502 τοὺς
362 470 557 501 εὐνουστάτους
575 469 630 496 τῶν
644 468 772 504 ὑπηκόων
786 469 904 505 ἐξέπεμ-

106 517 169 551 ψεν,
183 516 266 548 αὐτὸς
277 517 305 543 δὲ
319 516 363 543 τδν
379 516 478 543 Πύθιον
498 515 543 543 τὸν
556 516 689 549 Δαφναῖον
704 514 806 542 ἱκέτευε
815 514 902 550 δηλῶ-

106 571 154 590 σαι
170 563 245 597 αύτῷ
267 563 300 590 τὰ
328 562 490 598 ὲσόμεναη.
514 563 543 589 '0
567 562 596 588 δὲ
621 562 684 593 τοὺς
701 561 903 596 γειτονεύοντας

105 609 222 644 νεκροὺς
234 609 286 645 ἔφη
303 608 427 644 ἐμποδὼν
444 608 567 643 γίνεσθαι
582 609 615 644 τῇ
629 607 753 644 μαντείᾳ,
765 607 812 634 καὶ
832 608 901 643 χρῆ-

105 663 151 682 ναι
167 654 280 687 τούτους
297 655 428 690 πρότερον
451 655 491 686 είς
514 654 607 690 ἕτερον
628 654 811 690 μετατεθῆναι
825 654 900 691 [155]

104 701 206 735 χωρίον
219 721 227 734 ,
244 698 294 727 εἷθ’
315 700 400 732 οὕτως
419 701 586 736 ἀπαγγεῖλαι
610 701 660 735 τὴν
684 701 847 737 πρόρρησιν.
863 702 900 728 Οὐ

103 746 159 782 γὰρ
176 746 209 773 ἂν
226 747 331 782 εἴποιμί
345 755 381 780 τι,
399 748 437 782 μὴ
462 750 512 776 τοῦ
525 746 654 782 τεμένους
669 747 898 783 ἐκκαθαρθέντος.

138 792 208 818 Κατ’
224 793 327 819 ἐκεῖνον
339 792 367 818 δὲ
393 792 439 818 τὸν
460 792 556 827 καιρδν
572 792 666 819 αὐτόθι
692 792 835 820 κατέκειτο
853 793 899 820 τοῦ

103 837 260 865 καλλινίκου
288 838 426 874 μάρτυρος
441 837 549 864 Βαϐύλα
573 838 620 865 καὶ
633 838 688 866 τῶν
717 839 901 875 συναθλησάν-

102 893 157 911 των
175 884 251 920 αὺτῷ
275 884 425 921 μειρακίων
449 884 484 911 τὰ
510 884 634 920 λείψανα·
658 886 706 913 καὶ
728 886 809 922 δῆλος
835 884 869 922 ἦν
885 887 899 913 ὸ

100 931 286 967 ψευδόμαντις
305 931 358 958 ὑπὸ
385 931 435 967 τῆς
461 931 567 958 ἐκείνου
581 932 604 947 ¹⁵
623 931 735 968 χάριτος
765 933 816 968 τῆς
837 941 902 959 συν-

101 977 186 1013 ήθους
201 978 374 1013 ψευδολογίας
384 978 553 1014 είργόμενος.
563 978 648 1005 Τοῦτο
658 979 690 1014 δὴ
698 979 745 1005 καὶ
759 979 901 1012 Ἰουλιανὸς

101 1023 206 1055 συνεὶς,
218 1023 250 1049 ἐκ
266 1023 320 1058 γὰρ
341 1023 391 1058 τῆς
406 1023 526 1055 παλαιᾶς
555 1023 696 1056 εὐσεϐείας
715 1024 830 1059 ἐγνώκει
846 1025 900 1052 τῶν

100 1071 261 1106 νικηφόρων
278 1071 424 1107 μαρτύρων
439 1071 488 1107 τὴν
504 1071 629 1106 δύναμιν,
644 1071 707 1098 ἄλλο
728 1072 777 1107 μὲν
794 1072 899 1099 ἐκεῖθεν

99 1117 178 1144 οὐδὲν
195 1117 358 1153 μετεκόμισε
376 1116 467 1152 σῶμα,
486 1117 573 1153 μόνων
591 1117 650 1144 δὲ¹⁶
666 1118 721 1145 τῶν
743 1119 899 1155 νικηφόρων

101 1163 252 1199 μαρτύρων
262 1162 295 1190 τὰ
306 1163 420 1198 λείψανα
430 1165 485 1196 τοῖς
494 1164 541 1190 τοῦ
551 1164 669 1200 Χριστοῦ
677 1165 822 1198 θιασώταις
833 1175 897 1202 μετ-

99 1212 224 1245 ενεγκεῖν
234 1211 440 1247 παρηγγύησεν.
451 1213 482 1239 Οἱ
491 1212 518 1239 δὲ
529 1213 653 1248 ἀσμένως
661 1212 718 1239 "ab
727 1212 807 1245 ἄλσος
815 1222 899 1240 κατα-

99 1257 241 1290 λαϐόντες,
262 1257 309 1284 καὶ
321 1258 367 1284 ἐπὶ
389 1258 503 1293 ζεύγους
519 1259 671 1291 τεθεικότες
698 1258 746 1294 τὴν
761 1258 896 1294 λάρνακα,

99 1303 240 1339 πανδημεὶ
255 1303 356 1340 ταύτης
375 1304 491 1339 ἡγοῦντο
505 1305 673 1341 χορεύοντες,
687 1305 735 1331 καὶ
751 1305 800 1339 τὴν
816 1306 896 1333 Δαυῖ-

99 1350 182 1386 τικὴν
210 1346 319 1385 ᾄδοντες
343 1351 488 1387 μελῳδίαν,
511 1352 558 1379 καὶ
578 1351 638 1378 καθ’
665 1351 780 1378 ⁴ἑκαστον
809 1352 896 1380 κῶλον

100 1396 348 1430 ἐπιφθεγγόμενοι·
369 1407 378 1423 ι
404 1397 632 1434 Αἰσχυνθήτωσαν
651 1397 751 1430 πάντες
764 1398 788 1425 οἱ
810 1407 896 1434 προσ-

99 1441 248 1472 κυνοῦντες
271 1441 328 1472 τοῖς
352 1441 490 1476 γλυπτοῖς.
508 1452 517 1468 ι
541 1439 646 1470 Ἦτταν
668 1442 784 1478 γὰρ,τοῦ
803 1443 897 1479 δαίμο-

99 1497 146 1520 νος
160 1488 352 1524 ὑπελάμϐανον
366 1489 412 1515 τοῦ
431 1489 570 1525 μάρτυρος
588 1489 637 1525 τὴν
656 1489 859 1525 μετάστασιν¹⁸.

405 1535 532 1562 ΚΕΦΔΛ.
550 1537 586 1563 Z'.

225 1581 295 1617 Περὶ
320 1581 472 1615 Θεοδώρου
495 1582 549 1608 τοῦ
574 1584 770 1620 ὁμολογητοῦ.

142 1629 285 1660 Ἰουλιανὸς
300 1629 327 1655 δὲ
354 1628 402 1664 τὴν
426 1628 550 1656 ἐντεῦθεν
575 1630 650 1666 αὺτῷ
677 1631 894 1667 προσγινομένην

98 1677 234 1712 αἰσχύνην
245 1676 295 1703 οὐκ
305 1675 435 1710 ἐνεγκὼν,
451 1676 483 1711 τῇ
499 1676 629 1713 ὑστεραίᾳ
641 1678 703 1710 τοὺς
722 1679 771 1714 τῆς
785 1678 895 1714 χορείας

97 1722 209 1758 ἐκείνης
225 1722 362 1758 ἡγεμόνας
388 1721 573 1757 συλληφθῆναι
601 1723 761 1758 προσέταξε.
779 1725 894 1751 Σαλλού-

98 1777 174 1800 α-τιος
186 1768 215 1794 δὲ
231 1768 354 1804 ὕπαρχος
367 1766 404 1794 ὢν
419 1767 580 1801 τηνικαῦτα,
598 1769 684 1795 καίτοι
704 1770 736 1805 τῇ
752 1769 895 1805 δυσσεὸείᾳ

97 1814 245 1848 δουλεύων,
269 1816 360 1841 πεῖσαι
378 1814 424 1841 τὸν
453 1814 586 1850 τύραννον
600 1815 735 1851 ἠϐουλήθη
760 1816 792 1848 ¹’,
815 1815 895 1852 δόξης

99 1861 258 1896 ἐῳιεμένοις
274 1862 330 1892 τοῖς
345 1861 518 1896 Χριστιανοῖς
533 1861 569 1896 μὴ
585 1863 736 1897 παρασχεῖν
750 1862 779 1888 τὸ
795 1862 894 1889 ποθού-

101 1917 193 1944 μενον.
219 1907 292 1934 Ὶδὼν
307 1907 334 1934 δὲ
348 1908 422 1942 ὅμως
437 1907 483 1933 τὸν
503 1907 616 1942 βασιλέα
628 1908 748 1943 ἐγκρατῆ
770 1908 893 1942 γενέσθαι

97 1955 145 1982 τοῦ
163 1954 251 1990 θυμοῦ
281 1954 317 1990 μὴ
336 1954 494 1989 δυνάμενον,
509 1954 568 1980 νέον
598 1953 675 1986 τινα,
690 1953 764 1989 ζήλῳ
790 1955 854 1991 θείῳ
871 1955 894 1970 ¹⁰

98 2001 300 2037 κοσμούμενον,
322 1999 465 2035 βαδίζοντα
487 2000 558 2026 κατὰ
572 1999 621 2034 τὴν
638 2000 742 2036 ἀγορὰν
756 2000 891 2035 ἁρπάσας,

99 2048 146 2074 καὶ
161 2046 281 2081 δημοσίᾳ
303 2045 396 2072 τοῦτον
413 2045 460 2072 ἐπὶ
475 2044 554 2077 ξύλου
579 2044 732 2080 κρεμάσας,
752 2045 829 2077 ίμάσι
844 2045 894 2079 μὲν

98 2093 131 2119 τὰ
151 2092 226 2119 νῶτα
250 2091 406 2123 κατέξανεν,
429 2090 502 2123 ὄνυξι
516 2090 545 2116 δὲ
562 2089 675 2125 διώρυξε
688 2090 738 2121 τὰς
754 2090 874 2126 πλευράς
885 2097 892 2105 ⁸

99 2140 145 2166 καὶ
159 2138 239 2165 τοῦτο
251 2137 334 2164 ποιῶν
348 2137 508 2169 διετέλεσεν,
527 2135 612 2162 ἕωθεν
627 2136 791 2171 ἀρξάμενος,
812 2137 893 2173 μέχρι

97 2185 238 2222 ληγούσης
255 2184 369 2219 ἡμέρας.
394 2181 461 2210 Εἶτα
485 2182 558 2218 αὐτῷ
571 2183 605 2209 τὰ
630 2183 661 2209 ἐκ
683 2183 792 2218 σιδήρου
807 2183 893 2218 δεσμὰ

99 2235 234 2268 περιῠεὶς,
252 2230 418 2265 φυλαχθῆναι
447 2229 606 2264 προσέταξε.
625 2228 718 2255 Ταῦτα
744 2228 827 2256 ἕωθεν
847 2229 893 2255 τὸν

104 2277 251 2305 Ἰουλιανδν
261 2276 380 2310 διδάξας,
391 2276 437 2303 καὶ
451 2275 497 2302 τοῦ
506 2275 567 2302 vim
579 2276 628 2311 τὴν
643 2275 792 2311 καρτερίαν
806 2275 891 2309 ἀπαγ-

100 2319 206 2352 γείλας,
223 2319 328 2345 ἑαυτῶν
344 2319 394 2354 μὲν
409 2317 495 2355 ἧτταν
514 2318 594 2352 εἶναι,
607 2319 661 2346 τῶν
676 2320 704 2348 δὲ
716 2320 890 2355 Χριστιανῶν

102 2363 231 2392 εὔκλειαν
250 2365 324 2399 ἔλεγε
337 2366 369 2391 τὰ
387 2366 527 2400 γινόμενα.
547 2365 626 2393 Οὕτω
654 2366 775 2398 πεισθεὶς
791 2368 804 2392 ὁ
830 2366 889 2392 θεο-

105 2409 202 2444 μίσης,
218 2411 305 2442 ταῦτα
320 2411 416 2437 ποθεῖν
430 2411 541 2445 ἑτέρως
556 2412 606 2437 οὐκ
623 2412 709 2438 εἴασε.
726 2412 781 2439 Καὶ
796 2411 888 2446 μέντοι

103 2457 152 2483 καὶ
165 2457 213 2483 τὸν
223 2457 360 2492 Θεόδωρον
374 2457 502 2484 ἐκέλευσε
529 2458 578 2493 τῆς
598 2459 709 2494 εἱρκτῆς
733 2459 884 2494 ἅφεθῆναι⁸

103 2501 186 2529 τούτο
201 2503 255 2538 γὰρ
275 2500 308 2538 ἧν
323 2504 410 2538 ὄνομα
425 2504 463 2539 τῷ
482 2504 533 2540 νέῳ
545 2505 641 2541 ἐκείνῳ
657 2506 704 2532 καὶ
712 2505 828 2540 γενναίῳ
839 2505 890 2540 τῆς

97 2546 231 2583 ἀληθείας
257 2548 407 2583 ἀγωνιστῇ.
423 2548 498 2585 [134]
518 2549 616 2575 Τοῦτον
643 2550 740 2584 ἠροντό
767 2559 847 2584 τινες,
866 2552 891 2578 εί

96 2594 146 2628 τῆς
159 2593 258 2628 ὀδύνης
269 2593 402 2629 ὲπῄσθετο
417 2594 467 2626 τὰς
484 2595 585 2629 πικρὰς
596 2596 702 2628 ἐκείνας
720 2596 766 2623 καὶ
780 2596 889 2632 ὠμοτά-

96 2647 146 2670 νας
161 2639 324 2675 ,ὑπομείνας
351 2640 483 2675 βασάνους
494 2649 500 2655 ·
517 2643 530 2668 ὁ
545 2641 571 2667 δὲ
594 2641 644 2677 ἔφη
671 2643 720 2679 τὴν
737 2643 786 2679 μὲν
804 2644 890 2682 ἀρχὴν

132 2708 145 2722 ¹³
158 2705 231 2732 Psal.
249 2714 321 2740 xcvr,
339 2707 365 2734 7.

587 192 883 223 ECCLESIASTICZE
905 192 1096 225 HISTORIJE
1117 197 1190 227 LIB.
1211 198 1268 228 IIl.

1683 201 1751 235 1098

918 252 942 279 Δ
1161 253 1237 282 CAP.
1258 253 1300 281 Vl.
1317 254 1360 290 iV.
1379 255 1421 284 10.
1438 255 1487 284 Ch.
1504 256 1544 293 9.]

1037 298 1076 325 De
1096 299 1217 333 Apolline
1238 299 1385 335 Bap/nuto,
1400 306 1424 328 et
1447 307 1539 330 sancto
1556 302 1670 339 Babyla.

991 376 1120 406 Julianus
1145 382 1247 412 autem,
1270 386 1333 407 cum
1357 380 1558 417 expeditionem
1585 386 1696 417 pararet
1721 383 1748 410 in

957 423 1066 457 Persas,
1086 423 1124 453 ad~
1138 424 1268 454 universa
1291 427 1399 462 imperii
1412 426 1529 456 Romani
1545 430 1658 456 oracula
1675 430 1749 457 ﬁdis-

955 470 1041 498 simos
1057 478 1169 499 suorum
1190 471 1276 505 misit,
1289 472 1347 507 ipse
1358 481 1424 500 vero
1435 473 1562 509 Pythium
1580 474 1746 510 Daphnaaum

955 517 1064 550 oravit,
1085 522 1116 545 ut
1139 525 1200 553 quae
1222 518 1275 546 sibi
1301 524 1433 547 eventura
1460 525 1554 548 essent
1579 523 1746 550 ostenderet.

953 563 1034 599 923
1062 563 1215 600 Respondit
1245 565 1308 597 ille,
1335 565 1445 594 obstare
1474 568 1617 597 vaticiniis
1642 569 1748 597 vicinos

954 614 1089 643 mortuos,
1102 619 1173 646 quos
1194 611 1249 639 alio
1273 611 1350 647 prius
1370 613 1514 640 transferri
1536 618 1674 649 oporteat,
1689 620 1746 643 tum

953 656 1066 683 oracula
1092 656 1218 685 fundere.
1239 657 1312 685 Nihil
1331 659 1402 686 enim
1423 666 1552 695 possum,
1568 660 1621 691 ait;
1632 669 1685 689 non
1703 669 1747 689 re-

951 705 1068 737 purgato
1084 702 1145 730 luco
1159 703 1336 738 respondere.

988 797 1073 825 Erant
1088 805 1172 834 porro
1186 799 1214 827 in
1235 807 1268 828 eo
1284 800 1325 838 [Β.
1342 801 1383 829 St.
1405 801 1462 839 l_0.]
1483 806 1548 830 tunc
1568 803 1628 830 loco
1647 804 1746 832 trium-

951 842 1061 877 phantis
1075 843 1204 878 martyris
1218 844 1337 881 Babylae,
1350 850 1377 874 et
1394 847 1601 876 adulescentum
1619 850 1666 885 qui
1683 857 1744 877 cum

951 896 985 916 eo
1004 888 1195 923 decertarunt,
1216 891 1356 927 reliquiae,
1373 893 1496 929 satisque
1522 896 1670 930 apparebat
1695 896 1747 924 fal-

917 936 938 964 B
954 942 1015 962 sum
1028 940 1118 963 vatem
1132 943 1147 963 a
1164 941 1302 965 consueto
1319 939 1466 967 mendacio
1484 940 1558 969 illius
1577 942 1664 976 gratia
1682 950 1746 977 pro-

952 982 1052 1010 hiberi.
1069 981 1150 1015 Quod
1176 982 1306 1012 Julianus
1320 992 1432 1019 quoque
1455 986 1625 1022 intelligens,
1644 992 1673 1015 ut
1697 989 1744 1024 qui

951 1036 984 1056 cx
1000 1029 1113 1064 antiqua
1140 1029 1240 1065 pietate
1262 1035 1435 1065 perspectam
1454 1032 1566 1061 haberet
1593 1039 1744 1070 martyrum

951 1075 1114 1110 potentiam,
1131 1075 1207 1103 aliud
1216 1076 1326 1111 quidem
1339 1077 1404 1105 inde
1420 1085 1520 1114 corpus
1534 1080 1639 1107 nullum
1657 1084 1745 1109 trans-

950 1121 1032 1153 tulit,
1046 1121 1094 1148 sed
1112 1121 1278 1149 inviclorum
1295 1127 1447 1159 martyrum
1464 1125 1595 1160 reliquias
1609 1125 1745 1155 duntaxat

950 1171 979 1194 ut
992 1168 1352 1203 exportarent,Christianis
1363 1171 1514 1206 imperavit.
1534 1172 1585 1205 Qui
1603 1173 1637 1200 ad
1651 1174 1743 1201 lucum

949 1214 1100 1243 libentibus
1123 1215 1222 1244 animis
1242 1216 1370 1252 profecti,
1385 1223 1411 1245 et
1428 1225 1491 1246 arca
1515 1219 1639 1254 plaustro
1657 1221 1744 1257 impo-

950 1260 1016 1292 sita,
1037 1261 1163 1296 publicos
1183 1262 1305 1290 universi
1325 1263 1425 1292 choros
1445 1264 1579 1294 ducentes
1599 1268 1743 1302 praeibam,

949 1306 1125 1343 psalmosque
1139 1307 1286 1337 Davidicos
1301 1309 1493 1343 concinentes,
1509 1311 1542 1339 ad
1559 1313 1617 1340 cola
1635 1313 1742 1349 singula

949 1353 1136 1381 inclamabant
1151 1363 1158 1381 :
1176 1363 1185 1380 ι
1205 1354 1417 1382 Confundantur
1438 1363 1544 1390 omnes,
1564 1358 1610 1393 qui
1628 1359 1744 1388 adorant

949 1399 1088 1434 sculptilia
1097 1403 1122 1426 ιι.
1145 1408 1154 1425 ›
1175 1399 1311 1428 Dtemonis
1326 1400 1399 1428 enim
1415 1400 1597 1436 dejectionem
1613 1406 1743 1441 martyris

948 1445 1158 1473 translationem
1177 1446 1440 1481 interpretabantur.

1083 1535 1160 1563 CAP.
1175 1535 1231 1563 VlI.
1251 1535 1293 1572 [Β.
1310 1536 1351 1564 St.
1366 1536 1398 1565 V.
1416 1538 1459 1566 Η.
1477 1538 1526 1566 Ch.
1548 1540 1604 1576 10.]

1159 1581 1198 1609 De
1215 1582 1351 1610 Theodoro
1371 1585 1528 1620 confessore.

908 1620 930 1649 (ἶ
983 1627 1017 1655 At
1034 1626 1171 1661 Julianus,
1186 1628 1307 1657 inustam
1322 1630 1375 1657 sibi
1387 1639 1420 1658 ex
1435 1639 1466 1659 ea
1483 1640 1512 1660 re
1530 1633 1670 1662 infamiam
1687 1643 1740 1663 non

948 1673 1165 1708 ferens,chorc:e
1178 1675 1253 1702 illius
1268 1675 1353 1704 duces
1365 1681 1474 1711 postera
1490 1679 1533 1707 die
1545 1681 1740 1716 comprehendi

944 1720 1037 1755 jussit.
1061 1720 1208 1749 Sallustius
1226 1729 1308 1755 vero,
1335 1727 1401 1750 tunc
1426 1726 1556 1760 temporis
1583 1727 1739 1761 praefectus.

945 1774 1102 1802 quanquam
1134 1768 1268 1803 impietati
1296 1769 1415 1801 deditus,
1446 1772 1612 1805 persuadere
1648 1779 1740 1803 tamen

945 1816 954 1823 '
969 1817 1088 1849 tyranno
1110 1818 1226 1842 conatus
1241 1819 1294 1848 est,
1311 1823 1345 1843 ne
1360 1815 1526 1845 Christianis
1544 1819 1638 1854 gloria:
1658 1828 1739 1856 appe-

945 1858 1066 1886 tentibus
1092 1858 1116 1885 id
1146 1863 1289 1894 prwstaret
1311 1860 1384 1895 quod
1405 1863 1547 1897 optabant.
1573 1864 1656 1901 924
1687 1865 1739 1895 Sed

945 1911 1007 1931 cum
1028 1904 1221 1940 imperatorem
1247 1906 1352 1935 videret
1368 1908 1550 1942 comprimere
1568 1910 1637 1938 iram
1660 1919 1739 1940 suam

944 1958 998 1977 non
1017 1958 1108 1985 posse,
1125 1951 1326 1980 adolescentem
1343 1954 1500 1988 quemdam,
1513 1955 1606 1984 divino
1621 1958 1679 1986 zelo
1691 1958 1739 1986 ﬂa-

944 2001 1080 2031 grantem,
1099 1997 1126 2024 in
1155 1998 1216 2025 foro
1244 1999 1387 2034 corripuit,
1404 2004 1431 2028 et
1457 2003 1602 2037 suspendit
1630 2005 1739 2040 publice

945 2042 972 2069 in
988 2043 1074 2078 ligno,
1089 2043 1205 2080 ejusque
1221 2049 1295 2081 terga
1311 2046 1378 2074 loris
1394 2047 1513 2080 candens,
1528 2049 1613 2077 latera
1629 2046 1749 2087 ungulis

944 2088 1110 2124 periodiens,
1118 2095 1243 2127 torquere
1253 2094 1328 2122 illum
1340 2103 1420 2124 mane
1431 2097 1547 2126 adorsus
1555 2099 1587 2126 ad
1595 2108 1736 2136 vesperam

944 2141 1031 2168 usque
1046 2143 1099 2162 non
1113 2136 1219 2164 destitit
1235 2143 1306 2166 :tum
1317 2139 1414 2169 ferreis
1427 2142 1544 2171 vinculis
1554 2146 1734 2174 constrictum

943 2179 970 2206 in
988 2182 1140 2208 custodiam
1156 2183 1241 2211 dedit.
1262 2185 1295 2212 Et
1311 2187 1442 2220 postridie
1468 2188 1579 2218 Juliano
1595 2199 1651 2218 rem
1671 2201 1736 2220 nar-

943 2233 1018 2259 rans,
1035 2227 1271 2266 adolescentisque
1294 2234 1479 2261 constantiam
1504 2243 1735 2272 commemorans,

944 2281 1022 2301 Suam
1045 2274 1166 2309 ipsorum
1187 2276 1292 2304 cladem
1315 2277 1372 2306 haec
1395 2281 1490 2308 testari
1514 2282 1614 2316 aiebat,
1630 2288 1657 2311 et
1676 2285 1736 2320 glo—

943 2323 1011 2349 riam
1027 2323 1257 2352 Christianorum.
1270 2326 1330 2359 Quo
1340 2332 1482 2363 permotus
1494 2329 1540 2358 Dei
1556 2331 1655 2365 hostis,
1665 2333 1736 2361 alios

944 2370 1070 2405 similiter
1096 2371 1176 2407 alliigi
1202 2373 1288 2400 vetuit
1307 2383 1313 2400 :
1331 2374 1397 2409 quin
1418 2379 1445 2404 et
1473 2376 1646 2406 Theodorum
1672 2380 1735 2417 (hoc

943 2417 1015 2444 enim
1045 2417 1232 2451 adolescenti,
1257 2424 1370 2448 strenuo
1397 2422 1437 2449 illi
1464 2424 1588 2452 veritatis
1615 2425 1733 2460 athlctaa,

944 2470 1042 2490 nomen
1057 2463 1126 2498 erat)
1143 2463 1258 2492 liberum
1274 2473 1289 2493 e
1304 2473 1414 2495 carcere
1427 2468 1516 2496 emitti
1531 2471 1668 2506 praeepit.
1683 2471 1736 2505 Qui

942 2513 1054 2545 rogatus
1069 2518 1082 2537 a
1100 2510 1276 2546 quibusdam,
1288 2513 1387 2548 ecquid
1399 2513 1503 2544 doloris
1516 2517 1657 2550 sensisset,
1671 2525 1733 2545 cum

942 2556 1041 2584 acerba
1057 2556 1103 2584 illa
1116 2560 1144 2585 et
1160 2558 1282 2585 crudelia
1294 2562 1430 2588 tormenta
1448 2562 1608 2595 sustineret,
1620 2571 1733 2598 respon-

942 2601 981 2629 dit
999 2610 1028 2630 se
1052 2602 1131 2631 initio
1153 2603 1263 2638 quidem
1279 2605 1450 2640 aliquantum
1467 2607 1570 2636 doloris
1587 2609 1709 2637 sensisse
1724 2619 1731 2637 :

942 2652 1035 2683 postea
1052 2657 1117 2678 vero
1131 2650 1292 2686 apparuisse
1305 2652 1461 2687 quemdam,
1473 2654 1520 2690 qui
1537 2655 1664 2684 sudorem
1681 2656 1733 2692 ipsi

757 2770 876 2800 vanu:
896 2773 1104 2805 LECTIONES.‘
1272 2759 1274 2761 ’
1422 2786 1430 2800 τ

117 2829 153 2873 έδ
166 2832 192 2858 οἱ
208 2832 243 2873 τᾲ
262 2833 387 2873 ὲσἏ-Βοε.
403 2835 449 2873 (ἓν.
463 2839 488 2873 et
509 2835 602 2873 Steph.

97 2874 188 2901 σωμα,

95 2901 180 2930 Basil.
196 2901 244 2930 Gr.
284 2903 306 2919 ¹⁸
325 2905 479 2939 μετάθεσιν.
497 2905 568 2934 Idem
582 2916 642 2935 eum
663 2901 799 2945 sli-bili

182 2952 316 2984 ΡΑτῐιοι,
335 2954 391 2984 Gn.
414 2955 574 2986 LXXXII.

655 2838 678 2878 ’ξ
693 2839 814 2878 ἐκείνων.
842 2841 935 2878 Steph.
950 2844 978 2871 2.

196 2868 282 2929 μόνον
299 2867 337 2902 δὲ,
346 2875 400 2898 etc.
413 2870 450 2898 Ita
465 2867 610 2899 Basil.’Gr.
623 2876 651 2900 et
661 2872 793 2909 Stephani
807 2867 898 2909 codd:

207 2910 244 2929 ιτ.
284 2903 306 2919 ¹⁸
326 2905 479 2929 μετάθεσιν.
497 2905 568 2929 Idem
582 2916 642 2929 rnm
663 2909 745 2929 ςΙΙ-Γιίι
776 2912 786 2929 ι
831 2913 851 2929 ta
867 2914 898 2927 :—

831 2913 851 2929 ”
867 2914 901 2939 ἐπ

1024 2845 1046 2861 ’⁸
1057 2845 1114 2886 ἀλλ’
1126 2846 1205 2886 ό-μὶν
1219 2847 1331 2886 ἐκεῖθεν.
1342 2848 1432 2886 Δοὐδὲν
1455 2849 1550 2885 νεκρὸν
1565 2849 1727 2886 μετεκόμισι

909 2886 1065 2920 quanquam
1076 2881 1175 2920 Steph.
1187 2882 1205 2908 ‘2
1219 2883 1300 2920 habet
1308 2883 1393 2911 ἄλλων
1406 2885 1465 2920 μὲν,
1479 2881 1531 2912 etc.
1565 2881 1593 2900 ’¹⁷
1604 2881 1726 2919 ἄσμὲνοι,

904 2915 1102 2950 ειράθηᾟοεϋ.
1121 2917 1166 2943 Gr.
1186 2923 1213 2945 et
1224 2918 1318 2953 Steph.
1355 2920 1378 2936 ’θ
1394 2915 1660 2955 ΘέίιρτιιιθειεΒιιείῙ.
1677 2923 1726 2948 Gr.

1549 2969 1586 2999 35
