1998 3121
201 177 271 210 1115

700 175 946 206 THEODORETI
964 173 1134 204 EPISCOPI
1155 172 1339 204 CYRENSIS

1772 170 1838 202 1116

201 237 283 264 scim
295 234 352 263 deze
368 235 546 263 simulacrum
559 233 588 263 in
606 235 732 263 ecclesiis
746 244 775 263 se
793 236 991 263 collocuturum

1056 233 1175 266 μπέλαῦε,
1191 233 1239 260 καὶ
1250 234 1283 268 τῇ
1296 231 1351 258 τῶν
1363 229 1496 266 χρησμῶν
1504 229 1667 266 ψευδολογίᾳ
1678 230 1834 263 πιστεύσας,

202 282 322 310 minatus
336 286 387 309 est.

384 371 461 399 CAP.
479 370 561 398 XVII.
581 370 624 407 [Β.
639 371 680 398 St.
699 371 729 398 ν.
746 370 806 407 22.]

326 419 366 446 De
376 418 474 446 nobilis
489 418 552 445 civis
567 418 715 446 Beratensis
735 418 868 445 libertate.

238 510 306 537 Cum
327 509 371 536 bis
386 509 470 537 minis
493 509 638 544 profectus
672 508 706 535 ab
729 515 784 535 uno
819 507 879 535 viro
894 507 997 535 Beroeaa

204 555 331 582 devictus
346 559 398 582 est.
414 554 508 581 Virmn
523 555 596 581 lnmc
609 554 665 580 alio
676 561 785 588 quoque
807 553 916 581 nomine
936 552 998 579 illn-

206 608 308 634 strcm,
339 603 369 628 ut
397 600 442 635 qui
463 600 499 627 ibi
528 599 646 634 primum
663 599 765 629 locum
789 598 861 626 inter
878 598 997 626 curiales

206 646 332 677 tenebat,
360 645 435 672 zelus
462 644 549 671 multo
569 643 689 671 reddidit
709 643 900 671 illustriorem.
929 643 997 670 Nam

206 699 268 718 cum
290 690 376 717 tilium
393 690 499 717 videret
526 690 554 717 in
574 689 760 716 dominantem
782 694 848 716 tunc
866 690 998 724 temporis

207 737 374 771 impietatem
390 743 453 764 esse
469 735 644 771 prolapsum.
657 735 738 770 ejecit
749 735 826 762 illum
841 735 924 762 domo
937 729 998 768 sua,

206 788 234 808 et
254 782 342 816 palam
370 781 519 809 abdicavit.
551 781 600 808 Ille
625 780 818 816 imperatorem
847 781 943 808 adiens
971 781 998 807 in

206 829 296 855 Vicina
322 828 381 855 urbi
404 828 524 855 statione
550 831 783 859 commorantem,
808 834 862 861 qua
891 827 949 862 ipse
964 828 1000 855 sit

207 875 342 902 sententia
355 895 363 907 ,
383 878 409 902 et
424 882 478 909 qno
494 876 574 909 pacto
594 881 608 900 a
625 879 702 908 patre
718 873 753 901 sit
767 874 930 907 abdicatus,
948 882 997 901 ex-

1044 280 1151 314 ὴπείλει
1168 281 1228 311 ταῖς
1246 278 1408 314 ἱκκλησὶαις
1422 277 1563 313 ὲνιδρῦσαι
1577 277 1627 312 τῆς
1648 277 1778 312 δαίμονος
1789 278 1836 313 τῆς

1044 324 1195 351 ἀκολάστου
1212 323 1243 350 τὸ
1254 323 1375 350 εἴδωλον.

1333 371 1462 398 ΚΕΦΔΛ.
1497 371 1544 398 1Ζ¹.

1061 419 1131 454 Περὶ
1183 418 1239 453 τῆς
1277 418 1331 446 τοῦ
1379 417 1616 454 πολιτευομένου
1665 416 1819 448 Βεροιαίου

1354 453 1532 488 παρῤησίας.

1082 501 1160 529 Μετὰ
1176 502 1279 528 τούτων
1303 500 1333 528 δὲ
1354 500 1466 536 ἀπάρας
1482 499 1538 526 τῶν
1562 499 1695 532 ἀπειλῶν,
1716 499 1762 534 ὑφ’
1782 500 1836 532 Mc

1047 548 1144 583 ἀνδρὸς
1157 549 1185 575 ὲν
1200 547 1300 583 Βεροίᾳ
1313 546 1517 582 κατηγωνίσθη.
1541 542 1628 578 Οὗτος
1647 547 1657 563 ’
1672 547 1687 573 ὸ
1700 546 1782 582 ἀνὴρ,
1793 547 1837 574 καὶ

1049 594 1137 626 ἄλλως
1156 595 1205 629 μὲν
1222 593 1376 628 περιφανὴς
1392 593 1543 628 ἐτύγχανεν
1554 592 1601 619 ὤν’
1613 593 1668 620 τῶν
1679 593 1735 628 γὰρ
1749 593 1837 620 αὐτόθι

1050 639 1270 674 πολιτευομένων
1285 638 1378 673 ἠγεῖτο
1391 646 1398 653 ·
1424 638 1658 673 περιφανέστερον
1678 637 1706 664 δὲ
1730 638 1807 665 αὐτον
1824 639 1836 665 6

1051 684 1131 719 ζῆλος
1147 684 1272 716 ἀπέδειξε
1282 684 1308 712 ’⁸.
1329 684 1382 710 Τὸν
1404 684 1459 719 γὰρ
1475 683 1535 710 υἱὸν
1558 683 1728 719 θεασάμενος
1742 685 1782 715 εις
1792 684 1837 719 τὴν

1051 731 1111 757 τότε
1126 730 1281 766 κρατοῦσαν
1309 730 1436 757 ἀσέϐειαν
1457 729 1641 763 ἐξοκείλαντα,
1663 729 1779 765 ἐξήλασε
1793 731 1839 765 τῆς

1051 777 1149 809 οἰκίας,
1164 777 1211 804 καὶ
1226 777 1373 812 προφανῶς
1386 777 1573 812 ἀπεκήρυξεν.
1591 777 1621 803 '0
1635 777 1664 804 δὲ
1676 777 1705 803 ἐν
1714 776 1753 812 τῷ
1764 777 1839 804 πελί-

1053 823 1125 854 ζοντι
1139 825 1171 859 τῇ
1188 823 1263 850 πόλει
1277 823 1390 859 σταθμῷ
1403 823 1441 859 τῷ
1455 823 1561 858 βασιλεῖ
1571 823 1740 859 προσελθὼν,
1751 824 1801 859 τήν
1812 833 1839 851 τε

1053 869 1158 896 οἱκεεαν
1173 869 1299 904 γνώμην,
1317 870 1364 896 καὶ
1378 869 1426 905 τὴν
1440 868 1487 896 τοῦ
1503 869 1606 905 πατρὸς
1623 869 1760 905 ἐδήλωσεν
1775 863 1840 896 ἀπο-

1755 344 1776 360 ο

208 922 294 956 ponit.
319 921 344 950 ls
374 929 439 949 vero
458 919 660 948 adolescentem
686 924 783 956 pacato
807 924 833 948 et
850 920 998 955 tranquillo

1056 916 1175 952 κήρυξιν.
1185 917 1214 943 '0
1229 916 1256 943 δὲ
1275 916 1390 951 ἡσυχίαν
1403 916 1480 950 ἄγειν
1497 915 1536 951 τῷ
1549 916 1673 951 νεωτέρῳ
1686 916 1807 942 ἐκέλευσε
1819 919 1838 946 ⁹,

209 968 302 994 animo
328 974 391 995 esse
404 967 482 1002 jubet
497 988 505 1000 ,
524 971 629 1002 patrem
651 967 677 994 ei
702 974 732 994 se
757 967 999 994 reconciliaturum

207 1013 384 1047 promittens.
404 1012 435 1039 Et
453 1020 515 1039 cum
530 1012 657 1040 Beroeam
670 1012 861 1047 pervenisset,
878 1012 1000 1040 illustres

208 1064 235 1085 et
253 1050 407 1087 honoratos
423 1059 522 1086 invitat
539 1059 574 1086 ad
588 1058 757 1086 convivium.
769 1059 849 1086 V'enit
861 1058 932 1086 inter
947 1067 1001 1086 ere-

209 1112 284 1133 teros
295 1105 481 1133 adolescentis
494 1111 585 1141 pater,
599 1108 608 1117 '
625 1109 651 1133 et
668 1106 742 1134 hunc
753 1114 815 1133 cum
831 1107 888 1137 ﬁlio
899 1109 906 1117 '
917 1107 1002 1142 jussit

208 1151 236 1178 in
251 1151 324 1179 lecto
341 1160 392 1180 suo
409 1151 597 1180 discumbere.
615 1151 673 1180 Sub
688 1152 810 1180 medium
826 1157 917 1180 autem
933 1161 1001 1188 epu-

208 1197 284 1228 lum,
311 1197 344 1224 ad
374 1202 481 1232 patrem
511 1205 664 1226 conversus
681 1209 687 1225 :
713 1197 773 1225 Non
790 1198 874 1234 940
892 1206 1001 1234 :rqnum

209 1242 328 1273 videtur,
345 1242 455 1278 inquit,
476 1243 563 1270 menti
579 1250 640 1278 quae
656 1243 685 1270 in
700 1242 810 1271 diversa
825 1243 931 1271 feratur
947 1245 1001 1272 vim

210 1288 323 1321 facere,
347 1293 374 1316 et
388 1289 529 1316 nolentem
555 1289 609 1316 alio
626 1288 789 1316 transferre.
812 1289 931 1317 Proinde
951 1298 1003 1318 nec

210 1339 239 1360 tn
255 1334 341 1361 tilium
358 1342 456 1370 cogas,
482 1339 509 1362 ut
527 1334 656 1369 dogmata
676 1339 723 1361 tua
741 1335 843 1362 invitus
859 1342 1002 1371 sequatur,

214 1381 325 1415 quando
344 1388 394 1408 nec
411 1388 462 1416 ego
484 1381 532 1408 tibi
561 1381 615 1408 vim
633 1380 709 1408 facio
733 1386 763 1408 ut
786 1389 847 1409 mea
864 1389 981 1417 sequare
993 1404 1001 1416 ,

210 1426 320 1453 tametsi
348 1433 447 1460 cogere
473 1425 554 1454 facile
586 1426 702 1461 possim.
724 1425 793 1453 Tum
819 1427 882 1460 ille,
909 1436 1001 1455 rerum

210 1472 366 1499 divinarum
383 1471 435 1499 ﬁde
452 1472 574 1500 animum
593 1480 733 1501 exacuens
749 1482 755 1500 :
774 1474 812 1501 De
830 1474 937 1506 istone,
952 1475 1002 1507 ait,

211 1517 319 1544 nefario
332 1518 454 1552 lo‘queris
467 1538 475 1550 ,
487 1518 651 1553 imperator,
668 1519 716 1554 qui
734 1519 788 1547 Deo
803 1520 910 1548 invisus
927 1529 1004 1548 men-

211 1563 322 1590 dacium
338 1564 458 1598 prtetnlit
472 1565 604 1592 veritati?
628 1565 678 1593 Hie
696 1574 761 1593 vero
777 1573 923 1601 personam
942 1575 1004 1595 rur-

210 1615 259 1634 sus
275 1608 394 1636 induens
409 1609 531 1637 lenitatis
546 1619 552 1637 :
571 1609 680 1644 Desine,
703 1611 801 1646 inquit,
819 1612 914 1646 homo,
931 1620 1001 1640 con-

214 1654 317 1681 vitiari.
333 1654 368 1682 Et
380 1663 516 1683 converso
533 1656 610 1683 vultu
631 1656 666 1683 ad
688 1657 891 1686 adolescentem
908 1667 914 1685 :
932 1658 1004 1692 Tui,

212 1700 264 1732 ait,
279 1708 330 1736 ego
346 1709 440 1728 curam
462 1710 555 1737 geram
566 1723 573 1735 ,
593 1703 819 1738 quandoquidem
843 1704 870 1731 id
886 1705 957 1739 patri
974 1709 1004 1732 ut

213 1745 317 1773 faceret
342 1748 509 1782 persuadere
534 1756 589 1775 non
616 1749 706 1783 potui.
721 1749 801 1782 Quod
822 1758 874 1786 ego
899 1750 1004 1779 factum

212 1800 268 1819 non
291 1797 394 1821 temere
419 1795 648 1827 commemoravi,
675 1796 722 1823 sed
752 1800 783 1823 ιιι
810 1797 1004 1831 ostenderem,

213 1845 268 1864 non
281 1838 371 1865 solum
390 1839 566 1867 admirabilis
577 1840 630 1867 viri
655 1841 744 1870 laude.
762 1841 870 1877 dignam
893 1843 1006 1872 liberta-

214 1891 267 1913 tem
278 1907 286 1919 ,
302 1886 348 1914 scd
370 1887 505 1923 plurimos
521 1892 657 1921 praeterea
675 1888 750 1916 illius
766 1890 920 1924 potentiam
936 1898 1005 1919 con-

213 1937 267 1960 tem
272 1932 373 1968 psisse.

392 2022 470 2050 CAP.
485 2022 578 2051 XVIII.
596 2023 637 2059 ῘΒ.
656 2025 696 2052 St.
715 2024 745 2052 V.

410 2069 449 2097 De
461 2070 636 2104 pradictionc
654 2072 804 2108 mdagogi.

254 2115 322 2142 Nam
343 2121 369 2143 et
384 2116 540 2143 Antiochia:
565 2117 660 2144 itidem
675 2117 717 2144 vir
731 2118 845 2152 quidam
869 2119 1004 2154 optimus,

215 2169 363 2196 puerorum
381 2169 468 2196 agens
492 2162 692 2198 paedagogum,
711 2163 858 2192 familiaris
875 2170 934 2192 erat
950 2169 1006 2201 (nt-

214 2212 277 2243 pote
291 2208 426 2235 eruditior
439 2216 521 2244 quam
536 2209 677 2244 paedagogi
694 2210 777 2245 vulgo
790 2210 909 2246 soleant)
927 2211 1004 2246 prin-

214 2254 267 2289 cipi
285 2253 431 2282 ductorum
449 2255 524 2282 illius
549 2255 618 2288 :evi,
650 2255 702 2282 hoc
726 2259 770 2282 est
791 2254 907 2283 Libanio
921 2276 928 2287 .
957 2265 1004 2285 so-
1022 2273 1043 2301 Β

213 2296 312 2331 pbistze
335 2298 524 2326 celeberrimo.
548 2298 599 2326 Hic
622 2306 688 2326 vero
706 2298 807 2334 impius
825 2307 887 2327 eum
914 2306 1004 2335 esset,

214 2343 412 2378 victoriamque
428 2347 623 2379 exspectaret,
649 2343 796 2379 minasque
817 2343 920 2373 Juliani
945 2355 1007 2374 ver-

213 2393 288 2417 saret
302 2390 394 2417 animo
406 2411 414 2423 ,
432 2390 613 2426 pmiagogum
645 2395 741 2417 nostra
764 2391 896 2420 deridens
915 2393 1005 2421 inter-

215 2436 348 2470 rogabat,
373 2436 439 2471 quid
464 2439 557 2470 ageret
575 2435 646 2462 fabri
669 2435 756 2464 ﬁlius.
775 2436 809 2463 At
825 2437 870 2464 ille
885 2439 1007 2473 repletus

214 2482 307 2509 divina
322 2482 425 2517 gratia,
447 2481 520 2515 quod
543 2481 725 2516 postmodum
749 2487 915 2511 eventurum
945 2488 1006 2512 erat

215 2529 354 2564 praedixit.
373 2528 551 2563 Sandapilam
567 2528 641 2555 enim
653 2548 661 2560 ,
677 2530 731 2562 ait,
747 2530 873 2564 sophista
884 2551 892 2564 ,
916 2531 1004 2558 fabri-

214 2581 295 2603 catur
311 2582 404 2603 rcrnm
417 2575 541 2602 omnium
555 2574 700 2609 Conditor,
727 2585 808 2612 quem
825 2581 853 2604 tu
872 2584 920 2612 per
935 2577 1006 2605 Indi-

216 2622 306 2650 brium
332 2621 401 2649 fabri
427 2621 513 2649 tilium
536 2622 692 2657 appellasti.
716 2623 796 2659 95,1
816 2623 917 2651 Paucis
931 2623 1004 2652 enim

214 2674 278 2704 post
291 2669 390 2697 diebus
411 2667 552 2697 furibundi
570 2669 645 2698 illius
668 2678 744 2698 mors
762 2670 889 2698 nuntiata
903 2674 962 2703 est,
978 2675 1006 2698 et

1052 959 1232 993 καταλλάξειν
1259 960 1446 995 ὑποσχύμενος
1463 961 1510 987 τὸν
1533 961 1651 997 πατέρα.
1678 961 1756 987 Ἐπεὶ
1775 961 1801 987 δὲ
1821 962 1840 976 "

1051 1006 1167 1040 ὰςίκετο
1182 1007 1222 1038 εἰς
1246 1007 1296 1041 τὴν
1322 1006 1446 1042 Βέροιαν,
1471 1007 1535 1038 τοὺς
1557 1007 1587 1033 ὲν
1606 1007 1679 1034 τέλει
1700 1008 1747 1034 καὶ
1764 1007 1840 1040 ἀξιώ-

1053 1060 1121 1087 μασι
1142 1053 1162 1068 “
1179 1053 1360 1079 συνεκάλεσεν
1374 1053 1414 1084 είς
1431 1053 1563 1081 ἑστίασιν.
1586 1053 1630 1080 Ὲν
1643 1054 1672 1080 δὲ
1689 1053 1794 1086 τούτοις
1810 1052 1841 1090 ἦν

1053 1099 1100 1125 καὶ
1115 1096 1238 1126 ὅτοιὶτυυ
1255 1099 1347 1135 πατήρ
1358 1107 1365 1114 ·
1380 1098 1476 1127 τοῦτον
1487 1099 1557 1136 μετὰ
1572 1099 1618 1126 τοῦ
1634 1100 1730 1132 παιδὸς
1744 1101 1784 1133 είς
1797 1101 1842 1137 τὴν
1860 1105 1865 1109 ’

1053 1144 1136 1172 αὑτοῦ
1163 1145 1276 1172 στιϐάδα
1304 1146 1501 1182 κατακλιθῆναι
1541 1147 1702 1182 προσέταξε.
1734 1147 1787 1175 T05
1817 1149 1843 1176 δὲ

1054 1191 1166 1226 ἀρίστου
1179 1191 1335 1227 μεσοῦντος,
1351 1193 1403 1228 ἔφη
1421 1193 1489 1228 πρὸς
1498 1193 1542 1220 τὸν
1553 1193 1673 1229 πατέρα·
1691 1188 1730 1220 Οὐ
1743 1195 1844 1222 δίκαιον

1054 1235 1124 1264 εἷναί
1153 1246 1207 1273 μοι·
1221 1237 1297 1264 δοκεῖ
1318 1238 1461 1274 βιάζεσοαι
1477 1239 1591 1275 γνώμην
1606 1240 1709 1276 ἑτέρως
1725 1241 1842 1268 ἐκκλινο-

1056 1284 1150 1320 μένην,
1170 1285 1218 1312 καὶ
1235 1285 1367 1320 μετάγειν
1383 1286 1421 1322 μὴ
1436 1286 1603 1322 βουλομένην
1627 1288 1668 1319 εἰς
1686 1287 1780 1323 ἕτερα.
1801 1289 1841 1324 Μὴ

1053 1331 1085 1366 δὴ
1106 1327 1152 1358 οὖν
1169 1331 1251 1367 βιάσῃ
1266 1332 1312 1358 τὸν
1327 1332 1411 1359 παῖδα
1430 1334 1487 1366 τοῖς
1506 1335 1563 1365 σοῖς
1581 1333 1718 1369 δόγμασιν
1736 1334 1839 1360 ἀκολου-

1054 1376 1111 1403 θεῐν
1127 1377 1157 1403 οὐ
1173 1377 1352 1413 βουλόμενον·
1369 1379 1430 1406 οὑδὲ
1448 1379 1502 1414 γὰρ
1518 1380 1574 1415 ἐγώ
1589 1389 1630 1414 σε,
1641 1381 1706 1416 εφη,
1722 1381 1842 1416 βιάζομαι

1053 1423 1111 1455 τοῖς
1128 1423 1205 1458 ἐμοῖς
1217 1424 1343 1456 ἕπεσθαι,
1360 1425 1450 1452 καίτοι
1467 1425 1540 1460 μάλα
1567 1426 1668 1462 ῥᾳδίως
1695 1427 1844 1461 ἀναγκάσαι

1054 1468 1213 1503 δυνάμενος.
1237 1468 1266 1495 '0
1285 1469 1313 1496 δὲ
1338 1471 1371 1505 τῇ
1388 1471 1452 1506 περὶ
1468 1470 1503 1497 τὰ
1523 1471 1584 1498 θεῖα
1603 1471 1697 1498 πίστει
1717 1472 1764 1499 τὸν
1780 1472 1847 1506 λογι-

1057 1514 1124 1549 σμον
1142 1515 1314 1550 παραθήξας,
1331 1516 1395 1551 περ)¹
1414 1516 1511 1543 τούτου
1527 1516 1579 1552 ἔφη
1590 1525 1597 1532 ·
1615 1515 1651 1544 Ὠ
1663 1517 1789 1553 βασιλεῦ,
1802 1518 1844 1545 τοῦ

1057 1559 1209 1596 ἀλάστορος
1221 1560 1321 1594 λέγεις,
1337 1561 1385 1588 τοῦ
1401 1561 1559 1598 θεομισοῦς,
1577 1563 1626 1590 καὶ
1639 1563 1671 1590 τὸ
1686 1564 1783 1598 ψεῦδος
1801 1564 1844 1600 τῆς

1058 1605 1186 1640 ἀληθείας
1200 1606 1401 1641 προελομένου;
1420 1607 1450 1635 '0
1463 1608 1492 1635 δὲ
1512 1608 1594 1636 πάλιν
1607 1609 1638 1636 τδ
1652 1610 1704 1645 τῆς
1734 1610 1846 1646 πραότη-

1058 1660 1104 1682 τος
1120 1651 1242 1687 περιθεὶς
1262 1654 1448 1688 προσωπεῖον·
1473 1655 1592 1688 Παῦσαι,
1621 1655 1687 1691 ἔφη,
1713 1657 1845 1692 ἄνθρωπε,

1059 1697 1274 1733 λοιδορούμενος.
1303 1699 1360 1726 Καὶ
1387 1700 1456 1735 πρὸς
1482 1701 1528 1728 τὸν
1557 1701 1618 1730 νέον
1646 1703 1796 1736 ἀποκλίνας
1822 1708 1847 1730 το

1059 1742 1221 1777 πρόσωπον·
1243 1744 1313 1778 Ἐγώ
1326 1753 1383 1776 σου,
1403 1745 1468 1781 ἔφη,
1484 1747 1615 1782 φροντιῶ,
1630 1748 1727 1784 ἐπειδή
1745 1757 1791 1776 σου
1807 1750 1847 1776 τὸν

1060 1789 1167 1824 πατέρα
1183 1789 1281 1824 δρᾶσαι
1295 1790 1374 1818 τοῦτο
1387 1792 1436 1818 οὐκ
1454 1792 1562 1820 ἔπεισα.
1584 1793 1669 1820 Τοῦδε
1694 1795 1785 1829 μέντοι
1806 1795 1847 1822 τοῦ

1060 1835 1230 1872 διηγήματος
1245 1837 1275 1863 οὺ
1292 1838 1380 1873 μάτην
1397 1839 1548 1874 ἐμνήσθην,
1570 1840 1640 1867 ἀλλὰ
1656 1841 1742 1874 δεῖξαι
1764 1843 1849 1877 βουλό-

1062 1891 1152 1918 μενος,
1167 1883 1196 1909 οὐ
1215 1883 1294 1918 μόνον
1311 1883 1358 1910 τοῦ
1374 1884 1526 1920 θαυμασίου
1546 1886 1644 1922 ἀνδρὸς
1666 1887 1718 1924 τὴν
1739 1889 1848 1923 ἁξιάγα-

1062 1936 1124 1956 στον
1155 1928 1230 1965 [145]
1255 1930 1424 1966 παρρησίαν,
1441 1931 1498 1958 ἀλλ’
1523 1932 1565 1959 ὄτι
1587 1933 1635 1961 καὶ
1654 1934 1779 1962 πλεῖστοι
1802 1936 1847 1971 τῆς

1061 1975 1167 2002 ἐκείνου
1187 1977 1394 2012 κατεφρόνησαν
1408 1977 1577 2010 δυναστείας.

1355 2023 1480 2050 ΚΕΦΑΛ.
1513 2024 1556 2050 Hl’
1562 2044 1570 2052 .

1132 2068 1201 2102 Περὶ
1218 2068 1273 2102 τῆς
1290 2069 1344 2096 τοῦ
1363 2069 1552 2105 παιδαγωγοῦ
1575 2071 1783 2106 προρῤήσεως.

1096 2113 1152 2140 Καὶ
1177 2113 1231 2149 γὰρ
1252 2114 1280 2140 ἐν
1302 2114 1452 2150 ’Λντιοχείᾳ
1476 2115 1558 2142 πάλιν
1572 2116 1645 2152 ἀνήρ
1666 2126 1710 2149 τις
1733 2119 1848 2154 ἄριστος,

1060 2158 1245 2194 παιδαγωγεῖν
1263 2160 1394 2196 μειράκια
1411 2162 1637 2197 πεπιστευμένος,
1662 2164 1783 2199 συνήθης
1804 2165 1849 2199 μὲν

1059 2201 1104 2239 ἦν,
1132 2203 1171 2235 ὡς
1194 2204 1325 2231 πλειόνων
1345 2204 1462 2241 λόγωνῆ
1481 2206 1552 2233 κατὰ
1580 2207 1756 2242 παιδαγωγὸν
1773 2217 1849 2244 μετα-

1060 2249 1144 2285 σχὼν,
1170 2249 1209 2284 τῷ
1233 2249 1385 2286 τηνικαῦτα
1410 2251 1466 2278 τῶν
1495 2251 1665 2279 διδασκάλων
1695 2254 1846 2290 ἡγουμένῳ·

1058 2299 1187 2331 Λιὸἀνιος
1215 2299 1243 2326 δὲ
1270 2297 1315 2335 ἧν,
1342 2300 1356 2326 ὁ
1376 2299 1405 2327 ὲν
1425 2302 1567 2335 σοφισταῖς
1590 2302 1611 2317 ¹⁸
1640 2301 1846 2338 πολυθρύλητος.

1057 2346 1195 2382 Δυσσεόὴς
1216 2346 1245 2372 δὲ
1266 2343 1343 2378 οὗτος
1365 2346 1413 2379 ὢν,
1438 2346 1485 2374 καὶ
1508 2346 1557 2382 τὴν
1575 2347 1653 2384 νίκην
1679 2349 1847 2384 προσμένων.

1057 2392 1104 2419 καὶ
1118 2392 1167 2424 τὰς
1187 2392 1333 2419 Ίουλιανοῦ
1349 2393 1553 2428 φανταζόμενος
1567 2393 1694 2426 ἀπειλὰς,
1711 2395 1793 2430 ἤρετο
1806 2395 1848 2422 τὸν

1057 2438 1231 2472 παιδαγωγὸν
1245 2438 1384 2473 κωμῳδῶν
1399 2438 1433 2465 τὰ
1449 2438 1583 2474 ἡμέτερα,
1605 2438 1639 2465 Τί
1653 2441 1738 2472 ποιεῖ,
1754 2440 1846 2475 λέγων,

1055 2485 1070 2511 ὁ
1084 2484 1131 2511 τοῦ
1149 2483 1274 2516 τέκτονος
1289 2484 1347 2516 υἱός
1359 2493 1367 2516 ;
1393 2483 1422 2510 Ὀ
1435 2484 1463 2510 δὲ
1475 2484 1526 2519 τῆς
1543 2483 1618 2516 θείας
1630 2484 1815 2520 ἀναπλησθεὶς
1828 2486 1846 2502 "

1059 2531 1181 2566 χάριτος,
1200 2531 1349 2566 προείρηκε
1365 2530 1395 2557 τὸ
1411 2530 1469 2566 μετ’
1495 2530 1586 2565 ὀλίγον
1604 2531 1744 2566 ἐσόμενον.
1761 2532 1846 2559 Γλωσ-

1060 2577 1176 2613 σὸκομον
1201 2577 1265 2613 γὰρ,
1292 2577 1354 2612 ἔφη,
1385 2577 1509 2612 σοφιστά,
1527 2578 1541 2604 ὁ
1567 2577 1615 2604 τοῦ
1643 2579 1746 2611 παντὸς
1769 2587 1844 2606 κατα-

1060 2624 1186 2656 σκευάζει
1201 2623 1382 2659 Δημιουργὸς,
1396 2623 1426 2650 ὃν
1442 2623 1473 2651 σὺ
1496 2623 1638 2659 κωμῳδῶν
1652 2624 1779 2656 τέκτονος
1792 2625 1844 2652 υἱὸν

1059 2670 1295 2706 προσηγόρευσας.
1324 2669 1437 2704 Ὀλίγων
1458 2669 1674 2697 δὲιδιελθουσῶν
1699 2670 1844 2707 ὴμερῶν,ό

864 2758 982 2786 νΛίῖίιΕ
1003 2758 1204 2786 LECTIONES.

249 2835 260 2851 "
273 2833 494 2870 pévadditBasil.
562 2841 625 2870 cum
641 2833 735 2869 Steph.
755 2834 767 2850 ⁸
781 2834 916 2870 ἀπέφηνε.
934 2834 1016 2862 Basii.
1033 2835 1092 2863 Gr.,
1110 2834 1170 2861 Pini
1184 2838 1211 2861 et
1226 2833 1321 2870 Sttvilii
1337 2834 1416 2870 libet".
1443 2833 1510 2870 ξτῷ
1525 2833 1581 2870 vicit
1591 2833 1730 2870 (νεωτέρῳ
1740 2832 1840 2870 Steph.)

216 2869 376 2905 προσέταξε.
394 2869 476 2897 Basil.
497 2869 557 2901 Gr.,
580 2869 676 2904 Steph.

217 2904 354 2942 σοφιστής.
376 2906 457 2933 Basil.
475 2905 522 2933 Gr.
556 2905 578 2920 ¹⁸
599 2904 739 2940 πλησθεὶς.
756 2905 840 2931 Idem.

733 2869 753 2885 ιο
772 2867 876 2904 ὲπειδήζ
899 2870 991 2898 Iidem.
1020 2871 1038 2885 ”
1058 2870 1235 2902 ἀξιωτάτους.
1253 2869 1335 2897 Basil.
1360 2869 1421 2903 Gr.,
1443 2867 1503 2897 Pini
1521 2872 1548 2897 et
1564 2867 1650 2897 Savil.
1669 2867 1764 2898 codex.
1790 2869 1811 2884 ι’
1826 2868 1840 2895 6
