1998 3121
229 195 294 228 1131

737 193 980 223 THEODORETI
996 193 1166 223 EPISCUPI
1180 192 1363 223 CYRENSIS

1750 135 1769 147 Ι

1797 190 1863 223 1132

227 252 370 283 lnstruxit.
397 252 506 280 initium
522 251 626 278 ducens
645 258 660 277 a
677 249 870 284 prmdieatione
895 249 1013 284 pietatis.

1068 251 1116 276 καὶ
1137 251 1186 285 τῆς
1202 249 1352 284 Αἰγύπτου,
1375 249 1464 285 ἑαυτῷ
1483 250 1532 284 τὴν
1557 249 1693 285 Εὐρώπην
1717 249 1862 285 ἀπένειμε.

227 298 365 326 Auxentio
378 298 462 330 enim,
478 298 525 332 qui
540 297 636 323 Ariani
665 296 725 323 labe
753 295 872 323 infectus
888 294 1018 322 Mediola-

228 344 306 372 nensi
340 342 473 371 Ecclesia:
498 343 663 378 praepositus
694 341 783 369 fuerat
812 341 960 376 multisque
989 342 1017 369 in

225 390 340 426 synodis
356 389 509 421 abdicatus.
526 389 581 417 vita
596 388 702 420 functo.
718 389 862 424 episcopos
878 387 1018 416 advocans

227 436 385 472 imperator,
401 435 444 463 his
460 443 508 463 eos
524 435 616 463 verbis
631 435 770 462 allocutus
785 438 848 462 est:
869 434 1019 470 (Ignorare

227 488 280 508 non
298 481 426 516 potestis,
443 480 544 515 quippe
558 479 659 507 divinis
674 479 786 507 Litteris
800 479 937 512 innutriti,
948 487 1017 515 qua-

223 526 278 553 lem
295 534 356 554 esse
368 526 512 554 conveniat
527 533 589 554 eum
605 525 653 561 qui
663 525 822 560 pontiﬁcatu
833 529 946 552 ornatus
959 525 996 552 sit
1010 534 1016 552 :

225 571 354 607 quodque
369 577 493 607 oporteat
509 572 586 599 illum
602 580 656 600 non
671 572 759 599 solum
776 571 913 605 doctrina,
923 578 1018 599 verum

225 618 308 645 etiam
324 618 380 645 vita
394 617 522 646 subditos
545 617 705 651 informarel
722 625 753 645 ac
777 625 839 645 sese
860 617 916 645 illis
931 617 1018 645 virtu-

224 668 281 692 tum
295 664 418 692 omnium
435 664 574 698 exemplar
588 671 751 698 proponere,
767 667 921 699 testemque
933 663 1019 700 954

226 710 359 737 doctrina:
387 710 625 737 conversationem
654 709 766 737 habere.
794 708 915 737 Proinde
937 711 1018 736 talem

220 763 299 783 nunc
320 756 347 783 in
361 755 511 791 episcopali
536 755 665 782 cathedra
680 755 689 765 “
704 756 851 788 collocato,
879 761 909 783 ut
923 761 949 783 et
964 763 1019 783 nos

219 802 288 837 :ipsi,
305 802 351 837 qui
365 802 485 836 regimus
509 801 666 836 imperium,
688 801 796 829 sincera
810 801 951 828 voluntate
980 800 1017 827 illi

225 847 315 882 capita
339 851 432 874 nostra
464 846 642 879 inclinemus,
661 850 688 873 et
704 846 932 881 reprehensiones
958 846 1019 881 ejus

224 889 295 924 (labi
314 901 365 921 nos
382 893 454 920 enim
472 898 586 920 net‘esse
610 898 661 924 est,
680 901 741 920 cum
762 893 889 921 homines
914 893 1017 927 simus)

1072 296 1127 323 Καὶ
1140 296 1189 331 τὴν
1209 295 1345 331 Ἑσπέραν
1359 295 1532 328 καταλαϐὼν,
1548 296 1638 322 πᾶσαν
1653 295 1741 331 αὐτὴν
1755 295 1864 328 ἐξεπαί-

1069 341 1163 368 δευσεν
1186 341 1325 377 εὐνομίαν,
1343 340 1396 367 ἀπὸ
1411 341 1465 368 τῶν
1485 341 1532 376 τῆς
1555 341 1697 373 εὐσεϐείας
1716 341 1863 376 κηρυγμὰ-

1068 397 1123 415 των
1138 388 1302 424 ἀρξάμενος.
1326 387 1471 421 Αὖξεντίου
1486 387 1552 423 γὰρ,
1567 387 1596 419 ὃς
1610 387 1660 422 τὴν
1681 388 1707 414 Ἀ
1715 387 1792 422 ρείου
1815 388 1865 422 μὲν

1069 434 1222 468 εἰσεδέξατο
1245 434 1355 470 λώϐην,
1383 433 1549 461 Μεδιολώνου
1570 433 1598 460 δὲ
1624 433 1673 469 τὴν
1699 431 1864 468 Ἐκκλησῐαν

1070 480 1297 516 πεπιστευμένος,
1317 481 1346 507 ὲν
1363 479 1504 511 πλείσταις
1523 479 1706 516 ἀπεκηρύχθη
1732 479 1863 509 συνόδοις,

1069 527 1116 553 τὸν
1134 527 1191 562 βίον
1206 526 1411 560 ΰπεξελθόντος,
1438 526 1688 562 μεταπεμψάμενος
1712 526 1779 557 τοὺς
1807 526 1865 552 ἐπι-

1071 573 1187 604 σκόπους
1217 573 1231 598 ὁ
1249 572 1386 608 βασιλεὺς,
1403 572 1517 599 τοιοῖσδε
1532 572 1600 608 πρὸς
1615 571 1715 603 αὐτοὺς
1730 572 1865 606 ἐχρήσατο

1069 619 1174 653 λόγοις·
1196 628 1206 645 r
1227 619 1300 646 Ἴστε
1316 619 1428 653 σαφῶς,
1456 618 1503 645 ἂτε
1529 618 1560 654 δὴ
1584 619 1640 649 τοῖς
1662 617 1748 649 θείοις
1775 617 1865 651 λόγοις

1070 664 1296 700 ἑντεθραμμὲνοι,
1311 665 1403 691 ὁποῖον
1422 661 1492 690 εἶναι
1510 663 1642 699 προσήκει
1657 663 1704 689 τὸν
1727 664 1865 698 ἀρχιερω-

1071 712 1153 747 σύνης
1167 711 1336 747 ἠξιωμένον,
1360 711 1408 737 καὶ
1421 709 1459 741 ὡς
1480 709 1510 736 οὐ
1527 709 1580 745 χρὴ
1601 709 1673 744 λόγῳ
1689 709 1775 744 μόνῳ,
1797 707 1866 735 ἀλλὰ

1070 758 1118 785 καὶ
1133 756 1183 792 βίῳ
1197 756 1260 787 ’τοὺς
1276 756 1445 792 ἀρχομένους
1459 754 1612 790 ῥυθμίζειν,
1633 755 1680 781 καὶ
1690 754 1790 787 ludor};
1805 754 1867 787 ἀρε-

1068 803 1118 837 τῆς
1134 802 1229 829 ἑαυτὸν
1246 802 1400 837 ἀρχέτυπον
1420 800 1499 837 [157]
1526 800 1691 836 προτιθέναι,
1719 800 1768 826 καὶ
1792 798 1864 833 μὰρ-

1070 855 1139 882 τυρα
1155 846 1226 881 ἔχειν
1245 847 1293 881 τῆς
1309 846 1484 877 διδασκαλίας
1502 843 1551 881 τὴν
1569 845 1717 872 πολιτείαν.
1734 843 1865 876 Τοιοῦτον

1070 894 1103 929 δὴ
1127 891 1174 920 οὖν
1198 893 1245 919 καὶ
1269 892 1316 919 νῦν
1338 894 1394 924 τοῖς
1418 893 1620 928 ἀρχιερατικοῖς
1645 891 1865 926 ὲγκαθιδρύσατε

223 945 352 974 tanquam
367 938 462 966 medici
486 938 655 966 curationem
673 939 789 966 libenter
802 939 990 966 admittamns.
1008 948 1014 964 ι

1072 937 1181 969 θώκοις,
1198 937 1272 968 ὅπως
1288 937 1335 963 καὶ
1351 937 1432 972 ἡμεῖς
1447 937 1472 962 οὶ
1487 936 1536 971 τὴν
1554 935 1696 970 βασιλείαν
1715 935 1863 966 ίθύνοντες.

223 984 376 1020 εἰλικρινῶς
405 984 482 1020 αὐτῷ
503 984 551 1016 τὰς
580 984 718 1020 ἡμετέρας
742 984 970 1019 ὐποκλίνοιμενη
995 983 1128 1019 κεφαλὰς,
1157 982 1206 1010 καὶ
1232 983 1296 1014 τοὺς
1315 983 1380 1018 παρ’
1414 982 1518 1010 ἐκείνου
1542 982 1706 1018 γενομένους
1735 981 1863 1017 ἐλέγχους

224 1031 399 1068 (ἀνθρώπους
416 1031 470 1066 γὰρ
495 1031 575 1063 ὄντας
590 1032 638 1058 καὶ
653 1032 832 1067 προσπταίειν
852 1032 984 1067 ἀνάγκη),
999 1032 1038 1064 ὡς
1058 1032 1183 1068 ίατρικην
1201 1029 1426 1065 ἀσπαζοίμώαπ
1442 1029 1602 1065 θεραπείαν.
1621 1039 1631 1056 ι

376 1078 453 1106 CAP.
469 1077 514 1106 vr.
536 1079 582 1115 [ιι.
598 1078 639 1106 St.
656 1079 703 1106 cn.
720 1078 746 1107 6.
766 1079 798 1106 v.
816 1079 856 1115 7.]

257 1126 294 1153 De
309 1125 476 1152 οπίὶηαιίοηε
490 1125 622 1153 Ambrosii
633 1125 747 1160 episcopi
757 1124 978 1154 Mediolanensis.

255 1201 319 1229 llaze
335 1203 486 1238 imperator
508 1209 571 1230 cum
597 1202 724 1234 dixisset,
747 1203 861 1238 rogabat
892 1204 1015 1239 synodus

218 1252 252 1275 >ul
269 1247 385 1283 ipsemet
399 1248 536 1283 sapientia
552 1252 579 1274 et
604 1248 706 1283 pietate
723 1248 840 1284 insignis
853 1250 1014 1285 episcopum

215 1293 360 1329 deligeret.
380 1293 414 1320 At
431 1294 476 1321 ille
490 1303 496 1320 :
517 1302 526 1319 ι
539 1293 627 1328 Majns
642 1297 694 1325 est.
711 1294 810 1329 inquit,
825 1295 929 1323 viribus
944 1297 1014 1324 meis

219 1339 272 1366 hoc
291 1339 442 1374 negotium.
460 1338 517 1367 Vos
544 1339 591 1374 qui
606 1339 699 1366 divina
725 1341 814 1376 gratia
829 1341 920 1368 ornati
934 1342 1014 1375 estis,

219 1389 246 1412 et
273 1384 319 1411 illo
349 1384 496 1419 splendore
525 1383 683 1417 illuminati,
701 1385 800 1413 melius
815 1385 980 1414 decernetis.
1001 1397 1010 1412 ι

219 1431 329 1467 Egressi
347 1439 413 1467 ergo
429 1432 550 1467 episcopi
565 1439 658 1460 secum
676 1432 727 1467 ipsi
754 1432 959 1461 deliberabant.
981 1434 1015 1461 At

217 1478 247 1505 in
259 1478 326 1506 urbe
333 1478 408 1506 cives
417 1482 444 1505 et
456 1478 552 1505 incolae
560 1485 622 1506 cum
633 1479 752 1506 tumultu
762 1479 941 1513 dissidebant.
949 1481 1016 1516 aliis

216 1524 306 1556 hunc,
319 1523 381 1551 aliis
397 1523 473 1550 illum
489 1523 602 1559 provehi
619 1523 862 1552 contendentibus.
882 1525 949 1553 Nam
965 1528 1012 1561 qui

218 1569 348 1597 Auxentii
366 1570 462 1597 morbo
481 1570 546 1597 tacti
560 1569 681 1602 fuerant,
695 1577 752 1598 sua:
763 1571 908 1599 sententia:
923 1572 1011 1599 homi~

218 1623 268 1644 nes
280 1616 480 1652 designabant;
498 1616 546 1651 qui
575 1615 716 1643 saniorum
744 1617 862 1651 partium
883 1622 972 1650 erant,
988 1624 1015 1646 et

219 1663 272 1698 ipsi
297 1662 400 1698 pariter
415 1662 634 1689 consentientem
653 1662 704 1689 sibi
729 1661 826 1690 ducem
844 1663 946 1691 habere
961 1672 1012 1692 cu-

218 1708 340 1744 piebant.
353 1707 410 1735 Hoc
426 1707 541 1736 dissidio
550 1707 756 1740 animadverso,
771 1707 933 1736 Ambrosius
945 1718 1009 1744 gen-

219 1755 255 1783 tis
284 1755 360 1782 illius
376 1759 441 1781 tunc
458 1759 559 1786 rector,
575 1755 678 1782 veritus
707 1762 741 1781 ne
760 1754 826 1790 quid
857 1761 1014 1788 novaretur,

221 1808 338 1836 propere
354 1800 387 1826 ad
403 1800 547 1827 ecclesiam
561 1800 694 1827 accurrit.
712 1799 790 1827 Tune
807 1800 845 1827 illi
859 1808 1017 1836 compressa

219 1846 366 1879 seditione,
383 1845 522 1872 communi
550 1851 647 1872 omnes
676 1853 743 1873 voce
769 1846 944 1874 Ambrosium
965 1849 1017 1876 sibi

219 1895 355 1926 pastorem
369 1889 428 1917 dari
454 1889 617 1924 deposcunt,
635 1889 682 1924 qui
702 1890 789 1918 sacris
805 1891 941 1926 mysteriis
966 1893 1017 1920 ini-

219 1938 304 1965 tiatus
314 1936 434 1964 nondum
448 1939 518 1964 erat.

257 2037 299 2075 [Β.
311 2037 351 2073 7.]
360 2037 420 2070 Quo
432 2037 553 2072 cognito,
564 2037 713 2072 imperator
727 2037 871 2065 confestim
883 2039 1015 2074 bap'izari

222 2089 250 2112 et
279 2083 402 2111 ordinari
429 2081 647 2110 laudatissimum
675 2082 762 2109 virum
778 2083 872 2117 jussit.
904 2084 1013 2110 Sciebat

222 2128 294 2156 enim
328 2131 446 2155 mentem
473 2127 511 2154 illi
526 2134 588 2154 esse
612 2127 687 2153 omni
707 2127 903 2162 perpendiculo
931 2127 1013 2164 955

220 2173 380 2204 tectiorem,
406 2172 611 2206 sententiasque
626 2172 702 2198 omni
718 2180 815 2199 norma
848 2174 1010 2201 exactiores.

220 2218 254 2245 Et
275 2217 399 2245 divinum
425 2225 536 2252 quoque
553 2216 712 2252 suﬂraginm
727 2217 779 2244 hoc
793 2217 879 2246 fuisse
894 2218 1012 2245 arbitra-

219 2264 308 2296 batur,
324 2263 512 2297 conjecturam
531 2261 636 2289 ducens
652 2270 683 2288 er
699 2261 806 2290 diversa
833 2263 1011 2291 sentientium

219 2307 540 2343 concordia.Postquam
557 2311 584 2334 et
594 2306 688 2333 divino
709 2308 781 2334 sacri
800 2308 927 2343 baptismi
939 2309 1012 2336 dono

219 2355 323 2389 potitus
331 2357 383 2386 est,
392 2355 419 2380 et
430 2352 548 2387 gratiam
559 2351 742 2386 pontiﬁcalem
755 2353 887 2388 percepit,
896 2353 1011 2381 Domino

1379 1078 1504 1106 ιιι-ξολλ.
1523 1079 1569 1111 ς’.

1065 1125 1135 1160 Περὶ
1153 1124 1208 1159 τῆς
1234 1124 1408 1159 Ἀμϐροσίου
1424 1123 1475 1151 τοῦ
1486 1124 1657 1151 ἐπισκόπου
1669 1122 1863 1151 Μεδιολάνων

1370 1160 1566 1193 χειροτονίας.

1102 1205 1196 1233 Ταῦτα
1210 1205 1257 1233 τοῦ
1279 1205 1411 1241 βασιλέως
1429 1205 1582 1241 εἰρηκότος,
1602 1205 1685 1232 αὐτὸν
1712 1206 1733 1241 ἡ·
1755 1205 1862 1237 σύνοδος

1065 1252 1141 1287 ἠξίου
1168 1251 1356 1287 ψηφίσασθαι,
1388 1251 1470 1285 σοφόν
1497 1259 1526 1277 τε
1564 1251 1631 1277 ὅντα
1662 1251 1710 1278 καὶ
1739 1251 1861 1287 εὐσεϐείᾳ

1067 1296 1264 1332 κοσμούμενον.
1281 1297 1311 1323 '0
1325 1297 1352 1323 δὲ
1368 1296 1431 1331 ἔφη·
1444 1306 1452 1322 t
1466 1296 1565 1328 Μεῖζον
1578 1296 1594 1331 ἢ
1609 1296 1670 1323 καθ’
1683 1297 1761 1331 ἡμᾶς
1776 1296 1804 1323 τὸ
1817 1297 1860 1331 ἐγ-

1066 1343 1196 1378 χείρημα,
1219 1342 1314 1377 Ὑμεῖς
1330 1342 1384 1377 γὰρ
1404 1342 1454 1377 τῆς
1477 1341 1554 1374 Θείας
1573 1342 1724 1377 ἠξιωμένοι
1741 1343 1857 1378 χᾶριτος,

1066 1389 1114 1415 καὶ
1131 1388 1180 1424 τὴν
1204 1388 1300 1424 αῐγλην
1323 1387 1431 1423 ἐκείνην
1458 1388 1653 1422 εἰσδεξάμενοι,
1674 1387 1792 1423 ἄμεινον
1808 1387 1859 1423 ψη-

1068 1434 1174 1467 φιεῖσθε
1184 1433 1218 1461 "°.
1241 1443 1250 1459 ι
1267 1431 1345 1461 Οὗτοι
1362 1433 1411 1469 μὲν
1427 1431 1473 1460 οὖν
1485 1433 1638 1466 ἐξελθόντες
1660 1434 1723 1461 καθ’
1751 1434 1860 1466 ἑαυτοὺς

1066 1479 1250 1506 ἐϐουλεύοντο.
1269 1479 1300 1505 Οἱ
1315 1479 1343 1506 δὲ
1358 1479 1408 1515 τὴν
1423 1479 1500 1506 πόλιν
1511 1479 1620 1515 ἐκείνην
1631 1479 1775 1511 οἰκοῦντες
1786 1480 1861 1505 ἐστα-

1068 1525 1170 1558 σίαζον,
1187 1526 1212 1552 οἱ
1239 1525 1288 1561 μὲν
1311 1524 1416 1557 τοῦτον,
1440 1526 1465 1552 ot
1487 1525 1516 1552 δὲ
1543 1526 1647 1552 ἐκεῖνον
1670 1525 1860 1561 προϐληθῆναι

1068 1571 1293 1606 φιλονεικοῦντες.
1305 1573 1337 1598 Οί
1351 1571 1400 1606 μὲν
1410 1571 1465 1606 γάρ
1475 1572 1524 1606 τῆς
1534 1571 1681 1604 Δύξεντίου
1699 1571 1780 1598 νόσου
1798 1579 1862 1605 μετ-

1066 1618 1214 1653 ειληχότες,
1231 1618 1293 1649 τοὺς
1318 1618 1472 1653 ὁμόφρονας
1497 1616 1660 1653 ἐψηφίζοντο
1671 1617 1712 1634 εί·
1727 1618 1754 1645 οἱ
1774 1618 1802 1644 δὲ
1815 1618 1862 1653 τῆς

1066 1662 1241 1697 ὑγιαινούσης
1254 1658 1351 1697 μοίρας
1365 1661 1546 1697 ὁμογνώμονα
1559 1661 1642 1689 πάλιν
1658 1661 1777 1697 ἐζήτουν
1791 1661 1862 1696 ἔχειν

1067 1708 1228 1743 ἡγούμενον.
1249 1707 1358 1742 Ταύτην
1378 1707 1556 1742 Ἀμσρόσιος,
1581 1707 1596 1733 ὁ
1618 1706 1666 1733 τοῦ
1689 1706 1786 1738 ἑϐνους
1814 1706 1861 1741 τὴν

1069 1753 1211 1789 πολιτικὴν
1226 1753 1374 1788 ἠγεμονίαν
1388 1752 1616 1788 πεπιστευμένος,
1631 1753 1684 1789 τὴν
1699 1753 1798 1779 στάσιν
1813 1760 1863 1787 μα-

1070 1798 1134 1831 θὼν,
1153 1801 1200 1826 καὶ
1213 1799 1305 1830 δείσας
1319 1801 1356 1834 μή
1371 1807 1396 1825 τι
1411 1798 1545 1834 νεώτερον
1559 1798 1683 1834 γένηται,
1697 1799 1750 1834 τὴν
1766 1799 1864 1833 ἐκκλη-

1069 1845 1131 1872 σίαν
1149 1845 1196 1872 σὺν
1211 1844 1288 1881 τάχει
1302 1844 1464 1872 κατέλαϐεν.
1481 1845 1514 1871 Οἱ
1528 1845 1557 1871 δὲ
1571 1845 1620 1880 τῆς
1633 1845 1776 1880 διαμάχης
1792 1845 1863 1872 ἑκεί-

1068 1900 1118 1927 νης
1133 1892 1314 1927 παυσάμενοι,
1330 1891 1423 1927 κοινὴν
1439 1891 1549 1926 ἀφῆκαν
1573 1890 1675 1926 φωνὴν,
1699 1891 1862 1926 ’Δμὸρόσιον

1069 1939 1161 1973 σφίσιν
1189 1937 1358 1971 ἐξαιτοῦντες
1387 1937 1574 1974 πφόληθῆναι
1602 1938 1737 1972 ποιμένα”
1769 1937 1810 1964 ἑτι
1836 1937 1862 1963 δὲ

1066 1982 1144 2015 οὗτος
1159 1985 1283 2019 ἀμύητος
1293 1981 1337 2020 ἦν.

1103 2029 1197 2057 Ταῦτα
1218 2030 1313 2065 μαθὼν
1334 2031 1348 2057 ὁ
1374 2029 1510 2064 βασιλεὺς,
1526 2029 1676 2065 προσέταξε
1702 2029 1863 2063 παραυτίκα

1067 2076 1114 2103 καὶ
1143 2075 1282 2111 μυηθῆναι
1307 2076 1355 2102 καὶ
1381 2074 1603 2110 χειροτονηθῆναι
1631 2074 1679 2101 τὸν
1703 2075 1863 2107 ἀξιέπαινον

1067 2121 1161 2157 ἄνδρα.
1177 2121 1253 2157 "nam
1273 2121 1327 2157 γὰρ
1349 2121 1432 2147 αὐτοῦ
1454 2121 1545 2155 πάσης
1566 2121 1616 2156 μὲν
1640 2120 1768 2155 στάθμης
1784 2121 1861 2147 eoo-J-

1065 2168 1149 2204 τέραν
1164 2166 1246 2195 οὖσαν
1260 2168 1310 2204 τὴν
1333 2167 1457 2202 γνώμην,
1479 2168 1581 2199 παντὸς
1604 2168 1633 2194 δὲ
1654 2168 1769 2199 κανόνος
1788 2169 1862 2202 ἀκριξ

1066 2213 1199 2249 δεστέρας
1213 2213 1262 2245 τὰς
1284 2214 1401 2248 ψήφους.
1425 2213 1559 2240 ’Υπέλαϐε
1578 2213 1606 2240 δὲ
1624 2213 1672 2240 καὶ
1698 2213 1777 2240 θείαν
1792 2213 1861 2239 εἶναι

1065 2259 1114 2294 τὴν
1122 2259 1221 2294 ψῆφον,
1237 2259 1270 2285 ὲκ
1280 2260 1328 2294 τῆς
1343 2259 1397 2286 τῶν
1411 2259 1541 2286 τάναντία
1558 2259 1731 2295 φρονούντων
1747 2268 1862 2295 τεκμαι-

1065 2304 1179 2341 ρόμενος
1197 2303 1367 2339 συμφωνίας.
1396 2304 1506 2339 Ἐπειδὴ
1529 2304 1558 2330 δὲ
1573 2304 1621 2331 καὶ
1639 2304 1692 2338 τῆς
1716 2303 1794 2336 θείας
1814 2303 1861 2330 τοῦ

1064 2350 1197 2384 παναγίου
1222 2349 1411 2385 βαπτίσματος
1427 2349 1569 2384 ἀπήλαυσε
1594 2349 1713 2385 δωρεᾶς,
1739 2350 1788 2376 καὶ
1813 2350 1861 2384 τὴν

218 2405 246 2427 et
269 2398 410 2426 Servatori
439 2397 547 2425 lavdem
564 2397 607 2424 his
636 2397 726 2425 verbis
757 2399 886 2427 retulisse
909 2401 1012 2428 dicitur

1068 2396 1262 2432 ἀρχιερατικὴν
1277 2396 1387 2429 ἐδέξατο
1404 2395 1495 2431 χάριν,
1511 2395 1629 2422 τοῦτονὸ
1644 2396 1736 2422 πάντα
1752 2395 1863 2430 ἄριστος

220 2444 464 2480 przrstantissimus
494 2443 641 2478 imperator
668 2444 769 2479 (gestis
785 2446 856 2473 enim
884 2447 1013 2474 omnibus

220 2490 363 2525 intererat)
380 2498 387 2516 :
406 2499 415 2515 ι
434 2489 544 2516 Gratias
561 2489 621 2521 tibi.
651 2489 764 2518 Domine
791 2493 967 2527 omnipotens
984 2498 1010 2520 et

220 2537 350 2564 Servatur
360 2539 464 2568 noster,
472 2534 545 2569 quod
555 2535 612 2562 viro
622 2535 684 2564 huic
698 2544 747 2571 ego
759 2537 869 2572 quidem
882 2546 1009 2574 corpora,

220 2588 250 2610 tu
263 2590 330 2609 vero
342 2581 449 2609 animas
465 2581 639 2613 commisisti,
655 2588 679 2610 et
691 2583 850 2617 sulTrngium
867 2592 955 2611 metnn
969 2585 1012 2618 ju-

219 2633 291 2655 stum
307 2627 393 2654 fuisse
405 2627 559 2655 declarasti.
571 2637 580 2654 ι
600 2628 724 2663 Cumque
739 2629 833 2663 paucis
845 2634 907 2664 post
917 2630 1013 2658 diebus

220 2681 327 2702 summa
338 2674 462 2701 libertate
471 2674 662 2709 imperatorem
673 2675 816 2710 alloquens
827 2676 937 2711 divinus
948 2677 1010 2703 Am-

221 2719 339 2752 brosius,
352 2720 474 2754 quaadam
492 2726 521 2747 ut
539 2728 553 2747 a
567 2721 574 2730 '
585 2721 750 2756 prazsidibus
766 2722 838 2749 haud
853 2729 926 2750 recte
936 2721 1009 2749 facta

221 2765 446 2801 reprehenderet:
459 2775 468 2792 ι
481 2765 579 2798 Tuam.
594 2767 632 2794 ait
642 2767 789 2803 imperator
815 2768 887 2794 hanc
899 2767 1010 2795 liberta-

1069 2442 1197 2476 βασιλεὺς
1220 2442 1450 2478 προσενηνοχέναι
1477 2441 1586 2476 λέγεται
1618 2441 1658 2476 τῷ
1683 2441 1792 2476 Σωτῆρι
1817 2442 1863 2467 καὶ

1066 2488 1190 2524 Δεσπότῃ
1211 2488 1255 2514 τὸν
1268 2488 1363 2523 ὖμνον-
1377 2489 1423 2515 καὶ¹
1437 2488 1490 2523 γὰρ
1504 2489 1561 2519 τοῖς
1574 2487 1774 2523 γεγενημένοις
1791 2496 1862 2523 παρ·

1066 2534 1114 2568 ἦν’
1134 2543 1142 2559 ι
1161 2534 1250 2569 Χάρις
1274 2542 1327 2565 σοι,
1344 2534 1467 2561 Δέσποτα
1492 2535 1693 2569 παντοκράτορ,
1711 2533 1759 2560 καὶ
1770 2533 1862 2568 Σῶτερ

1066 2581 1196 2616 ἡμέτερε,
1213 2581 1254 2608 ὅτι
1269 2581 1338 2617 τῷδε
1353 2581 1392 2617 τῷ
1404 2581 1480 2617 ἀνδρὶ
1495 2581 1550 2615 ἐγὼ
1565 2581 1614 2617 μὲν
1630 2581 1794 2617 ἐνεχείρησα
1807 2580 1862 2606 σώ-

1070 2636 1153 2662 ματα,
1179 2627 1211 2653 σὺ
1237 2627 1266 2654 δὲ
1282 2627 1381 2662 ψυχὰς,
1398 2628 1444 2654 καὶ
1463 2627 1512 2659 τὰς
1534 2627 1604 2662 ἐμὰς
1627 2627 1737 2662 ψήφους
1753 2626 1862 2656 Simia;

1063 2673 1217 2710 ἀπέφηνας.
1240 2683 1249 2699 ι
1272 2673 1382 2709 Ἐπειδὴ
1397 2673 1437 2707 δὲ,
1451 2673 1549 2707 ὀλίγων
1559 2673 1724 2699 διελθουσῶν
1735 2672 1859 2707 ἡμερῶν,

1063 2721 1076 2746 ὁ
1092 2720 1162 2752 θεῖος
1184 2719 1357 2755 Ἀμϐρόσιος,
1373 2719 1422 2746 σὺν
1439 2718 1582 2755 παρρησίᾳ
1598 2717 1673 2754 [158]
1693 2717 1809 2752 πλείστῃ
1821 2717 1861 2752 τῷ

1063 2766 1170 2801 βασιλεῖ
1188 2766 1379 2801 διαλεγόμενος
1404 2765 1584 2801 ὲπεμέμψατό
1604 2773 1676 2791 τισιν
1699 2764 1738 2795 ὡς
1763 2764 1813 2790 οὐκ
1828 2761 1859 2789 εὖ

857 2823 976 2851 ΫΛῐὶῐιΕ
996 2822 1198 2851 LECTIUNES.

255 2864 278 2880 ⁷⁸
294 2869 490 2906 ὖποκλίνωμεν.
508 2870 577 2898 idem
593 2878 654 2898 eum
670 2869 762 2906 Steph.

219 2905 289 2935 idem
306 2914 367 2934 cum
381 2906 474 2940 Steph.

815 2871 838 2887 "’
855 2870 1054 2906 ἀσπασώμεοα.
1071 2870 1163 2898 iidem.

1210 2870 1232 2886 ⁸ο
1251 2869 1412 2905 ψηφίσεσθε.
1431 2868 1492 2895 Bas.
1511 2867 1598 2895 Gram.
1639 2867 1660 2882 "
1676 2865 1856 2901 ἐψηφὲςαντο.
