1998 3121
129 157 197 190 1165

602 155 893 186 ECCLESIASTICA-I
909 156 1098 187 HISTORLE
1117 157 1190 186 LIB.
1212 158 1260 188 IV.

1663 154 1734 189 1166

125 212 236 248 κλησίας
261 209 356 244 ἐκείνῳ
384 210 550 244 παρέδωκεν.
566 207 604 236 Οὔ
620 212 669 244 τῆς
691 210 848 242 δυσσεϐείας
860 211 906 236 καὶ

961 214 1095 244 Latemque
1110 215 1222 245 experta
1235 211 1291 245 1am
1303 210 1381 238 erant
1395 210 1546 238 Samosata.
1559 213 1592 238 At
1608 210 1734 245 populus,

126 257 295 292 παρανομίας
321 255 366 281 καὶ
386 255 420 280 τὰ
437 254 580 289 Σαμόσατα
595 255 691 289 πεῖραν
709 255 812 282 ἐλαϐεν.
829 256 865 282 Τὸ
879 256 906 282 δὲ

127 300 235 334 πλῆθος,
256 301 316 330 ταῖς
331 299 489 325 Ἀθανασίου
509 298 691 331 διδασκαλίαις
719 301 906 336 ἐντεθραμμέο

125 354 178 377 νον,
196 342 255 371 εἶτα
271 344 394 370 ἐναντίαν
421 343 523 379 τροφὴν
538 343 715 379 θεασάμενον,
737 344 792 371 τῶν
807 345 906 379 ἐκκλη-

125 390 271 417 σιαστικῶν
285 389 389 424 ἀπέστη
411 389 554 423 συλλόγων.

162 441 193 466 'O
217 440 245 466 δὲ
266 439 390 470 Λούκιος,
410 439 566 474 δορυφόροις
592 440 758 475 κεχρημένος
782 442 837 472 τοῖς
852 441 907 467 τῶν

125 485 240 512 είδὼλων
265 485 453 520 θεραπευταῖς,
473 485 535 516 τοὺς
556 485 604 520 μὲν
628 485 705 520 ᾔκιζε
730 486 770 516 “.
794 486 856 517 τοὺς
878 486 906 513 δὲ

123 531 254 565 ιαθείργε
266 531 299 562 θ’,
316 530 377 561 τοὺς
399 530 426 555 δὲ
450 530 626 565 δραπετεύειν
640 531 803 565 ἠνάγκαζεν,
820 531 906 558 ἄλλων

123 578 150 604 δὲ
165 577 309 612 βαρϐάρων
324 576 401 610 δίκην
414 576 522 611 ἐπόρθει
544 577 594 607 τὰς
607 576 705 608 οἰκίας.
726 576 807 603 Ἀλλὰ
820 577 906 603 ταῦτα

72 659 76 662 .
123 621 233 656 ἄμεινον
247 622 260 647 ὁ
275 620 435 654 ἀξιὰγαστος
455 619 556 655 Πέτρος
570 622 598 648 ἐν
608 622 734 656 ἐπιστολῇ
747 621 904 656 διηγήσατο.

122 666 194 700 Ἐγὼ
205 666 233 692 δὲ
249 665 311 701 μίαν
332 665 520 700 ἀνοσιουργίαν
536 665 581 692 τοῦ
606 666 721 693 Λουκίου
738 667 906 702 διηγησάμε-

122 720 167 742 νος
182 731 189 743 ,
205 711 311 745 ἐκείνην
329 711 433 745 ἐνθήσω
456 712 488 745 τῇ
515 713 658 746 συγγραφῇ
683 712 732 747 τὴν
751 713 904 748 ἐπιστολήν·

124 757 237 792 Ἀνδρες
252 757 281 782 ἐν
305 755 453 790 Αἰγύπτῳ,
474 756 522 790 τὴν
547 755 601 794 τῶν
624 757 746 790 ἀγγέλων
771 757 907 784 πολιτείαν

123 801 304 837 ζηλώσαντες,
329 801 391 832 τοὺς
407 801 456 836 μὲν
473 801 626 833 πολιτικοὺς
644 803 774 838 θορύϐους
788 804 907 839 ἀπέδρα-

124 855 183 879 σαν,
209 847 256 882 τὴν
271 848 299 873 ὲν
323 846 417 881 ἐρήμῳ
442 846 470 872 δὲ
487 847 641 882 προείλοντο
667 848 768 884 βιοτὴν,
790 850 836 876 καὶ
855 850 904 886 τὴν

123 891 262 926 ψαμμώδη
278 891 325 917 καὶ
346 891 470 926 ἄκαρπον
486 893 657 928 καρποφόρον
673 893 823 929 ἀπέφηναν,
840 903 907 930 καρ-
923 886 943 912 Β

123 937 174 964 πὺν
185 937 225 972 τῷ
246 936 305 971 Θεῷ
320 937 426 972 ἥδιστόν
444 945 472 963 τε
501 938 546 964 καὶ
570 938 710 965 κάλλιστον
727 940 854 975 φέροντες
874 942 907 976 ἦν

121 983 322 1018 ἐνομοθέτησαν
337 983 447 1018 ἀρετήν.
463 983 570 1018 Ταύτης
593 984 685 1011 πολλοὶ
698 985 746 1020 μὲν
760 984 846 1021 ἧρξαν
861 988 908 1013 καὶ

122 1028 198 1055 ἄλλοι
221 1028 269 1063 τῆς
296 1024 451 1059 πολιτείας·
473 1029 646 1065 παιδοτρίϐης
670 1031 697 1056 δὲ
721 1031 830 1066 ἄριστος
854 1032 907 1058 τῶν

122 1072 279 1107 ἀσκητικῶν
299 1072 404 1106 ἐγένετο
417 1074 613 1107 συνταγμάτων
624 1074 764 1107 ’Λντώνιος
777 1078 880 1109 ἐκεῖνος
894 1078 908 1103 ὁ

122 1119 310 1153 πολυύμνητος
325 1138 332 1149 ,
349 1119 448 1154 ἀρετῆς
482 1119 652 1155 παλαίστραν
687 1123 741 1153 τοῖς
777 1123 908 1158 ἀσκηταίς

121 1165 266 1199 ἀποφήνας
278 1163 325 1199 τὴν
344 1163 455 1199 ἔρημον.
471 1164 539 1195 Τοὺς
551 1163 596 1192 οὖν
612 1166 715 1192 ἐκείνου
732 1167 755 1183 ³³
774 1168 909 1199 θιασώτας

127 1210 224 1246 (αὐτὸς
237 1210 290 1245 γὰρ
305 1210 374 1244 μετὰ
400 1209 454 1236 τῶν
471 1211 606 1245 μεγίστων
621 1213 666 1239 καὶ
679 1213 828 1240 καλλίστων
844 1223 909 1250 φορ-

122 1256 189 1282 τίων
198 1255 223 1271 ’⁸
238 1256 278 1286 είς
293 1256 356 1286 τοὺς
376 1255 534 1290 ἁπηνέμους
547 1257 659 1292 λιμένας
682 1259 877 1295 καθώρμιστο)
895 1262 909 1287 ὁ

122 1301 254 1336 δύστηνος
264 1301 365 1332 ἐκεῖνος
383 1301 429 1327 καὶ
445 1302 598 1336 τρισάθλιος
613 1303 713 1336 ἐδίωξε.
733 1305 801 1336 Τοὺς
811 1305 838 1331 δὲ
855 1306 909 1332 τῶν

124 1345 207 1373 θείων
234 1345 345 1371 ἐκείνων
373 1346 539 1381 ἡγουμένους
555 1348 652 1382 χορῶν,
668 1349 809 1384 Μακάριόν
821 1359 850 1377 τε
866 1352 910 1377 τὸν

123 1391 256 1426 ἀοίδιμον,
272 1390 347 1426 [177]
362 1391 409 1417 καὶ
430 1391 476 1418 τὸν
499 1393 602 1419 ἐκείνου
619 1394 773 1430 ὁμώνυμον,
786 1397 832 1422 καὶ
849 1397 911 1423 Ἰσί-

123 1436 221 1471 δωρον,
238 1438 285 1462 καὶ
299 1437 359 1468 τοὺς
370 1436 465 1469 ἄλλους
480 1439 512 1464 ἐκ
530 1439 584 1464 τῶν
597 1439 735 1474 σπηλαίων
753 1440 910 1475 ἐξαγαγὼν,

123 1481 166 1512 εἷς
180 1489 241 1507 τινα
251 1481 333 1516 νῆσον
356 1480 519 1517 ἐξέπεμψεν,
532 1483 584 1510 ὑπὸ
600 1484 736 1512 δυσσεὸὦν
750 1487 912 1523 οἰκουμένην

123 1524 288 1580 ῗζθιρώπων,
305 1526 467 1580 καί-μηδένα
480 1527 588 1554 πώποτε
604 1528 752 1565 δεξαμένην
772 1531 911 1564 εὐσεϐείας
923 1552 944 1580 c

123 1570 294 1597 διδάσκαλον.
310 1571 362 1597 Τοῦ
379 1572 406 1598 δὲ
423 1572 571 1608 πορθμείου
587 1575 619 1609 τῇ
634 1575 669 1610 γῇ
695 1575 744 1610 τῆς
761 1577 841 1610 νήσου
863 1585 910 1603 πε-

123 1615 267 1647 λάσαντος.
281 1617 296 1642 ὸ
308 1616 413 1651 δαίμων
427 1618 441 1643 ὁ
465 1619 528 1653 παρ’
543 1619 655 1651 ἐκείνοις
665 1619 688 1635 ⁸⁵
700 1620 861 1655 τιμώμενος,
880 1622 910 1648 τὸ

125 1660 269 1696 ἱδρυμένον
284 1662 440 1689 καταλιπὼν
463 1663 580 1694 εῐδωλον,
593 1665 660 1699 ὅπερ
671 1663 725 1700 εἶχε
744 1666 858 1693 παλαιὸν
872 1668 910 1693 οἰ‹

125 1706 269 1741 κητήριον,
290 1706 339 1742 τὴν
364 1707 410 1733 τοῦ
433 1708 529 1744 ἱερέως
552 1708 665 1745 ἐξέμηνε
692 1710 849 1747 θυγατέρα,
864 1712 910 1739 καὶ¹

127 1749 333 1786 βακχευομένην
357 1753 426 1788 προς
446 1753 494 1788 τὴν
509 1754 594 1789 ἀκτὴν
614 1755 756 1790 ἐξήγαγεν,
779 1758 818 1788 εἰς
836 1758 869 1792 ἢν
881 1759 911 1785 τὸ

125 1797 275 1832 πορθμεῖον
293 1799 317 1824 οἱ
342 1798 433 1833 ἐρέται
456 1801 661 1835 προσώρμισαν.
684 1802 807 1838 Ὀργάνῳ
825 1803 853 1830 δὲ
878 1806 910 1840 τῇ

125 1841 238 1878 γλώσσῃ
257 1843 427 1877 χρησάμενος
446 1845 496 1879 τῆς
520 1845 613 1880 κόρης,
641 1847 706 1873 ἐῦόα
732 1848 776 1875 διὰ
798 1849 910 1884 ταύτης,

127 1886 201 1921 ἆπερ
213 1886 241 1912 ἐν
252 1886 392 1918 Φιλίπποις
405 1888 420 1922 ἡ
434 1888 464 1914 τὸ
478 1889 586 1924 πνεῦμα
602 1890 648 1916 τοῦ
664 1891 790 1924 Πύθωνος
801 1893 911 1928 ἔχουσαν

127 1932 226 1966 ἤκουον
243 1930 271 1957 δὲ
286 1931 413 1965 ἅπαντες,
428 1933 475 1958 καὶ
489 1933 583 1968 ἄνδρες
600 1935 646 1961 καὶ
656 1938 794 1969 γυναῖκες,
810 1939 912 1965 ἐκείνου

126 1974 176 2001 τοῦ
187 1975 312 2010 δαίμονος
328 1976 450 2009 λέγοντος
458 1985 464 1992 '
475 1987 484 2003 ι
496 1978 526 2004 Ὢ
536 1977 585 2013 τῆς
599 1979 734 2016 ὑμετέρας
743 1982 914 2015 δυναστείας,

127 2016 150 2045 ὦ
160 2019 324 2055 θεράποντες
339 2020 384 2046 τοῦ
397 2022 530 2057 Χριστοῦῐ
545 2025 712 2059 πανταχόθεν
727 2026 750 2042 ⁸⁸
761 2028 824 2062 παρ’
837 2028 913 2063 ὑμῶν

129 2065 295 2101 ἐληλάμεθα,
311 2067 363 2092 ἀπὸ
380 2067 483 2094 πόλεων
497 2069 545 2095 καὶ
567 2070 667 2105 κωμῶν
677 2091 685 2103 ,
698 2072 751 2098 ἀπὸ
769 2072 840 2108 ὀρῶν
867 2074 914 2100 καὶ

130 2110 244 2145 βουνῶν,
262 2112 315 2138 ἀπὸ
337 2113 385 2147 τῆς
406 2114 555 2149 οἰκητόρων
583 2116 767 2153 ἐστερημένης
787 2119 891 2154 ἐρήμου
906 2129 913 2136 ι

131 2155 285 2195 ἠλπίσαμεν
297 2157 325 2183 ἐν
343 2158 410 2192 τῷδε
427 2158 466 2193 τῷ
489 2160 624 2196 νησυδρίῳ
636 2161 773 2195 διάγοντες
784 2163 837 2190 τῶν
850 2164 915 2198 ὑμε-

956 255 1097 281 Atbanasii
1110 259 1188 282 antea
1202 254 1338 281 doctrinis
1349 255 1496 288 enutritus,
1508 255 1644 282 contraria
1657 254 1733 282 nunc

957 301 1085 327 alimenta
1100 308 1162 328 curn
1179 301 1295 333 videret,
1305 301 1339 328 ab
1349 301 1547 328 ecclesiasticis
1557 300 1736 328 conventibus

957 344 1096 371 abstinuit.

991 435 1072 471 985
1088 435 1135 472 [Β.
1159 441 1186 464 et
1202 436 1242 463 St.
1263 436 1325 473 2L]
1355 436 1459 464 Lucius
1484 443 1561 468 vero,
1591 437 1739 464 satellitum

957 483 1016 509 loco
1034 490 1100 509 usus
1128 482 1263 509 idolorum
1293 483 1459 514 cultoribus,
1489 483 1560 509 alios
1577 483 1740 509 verberibus

957 528 1069 561 laniare,
1086 527 1154 555 alios
1169 527 1326 554 carceribus
1344 527 1496 559 includere,
1512 527 1581 555 alios
1600 528 1632 554 ad
1648 528 1738 562 fugam

957 574 1076 608 attigero,
1103 574 1219 600 aliorum
1243 574 1325 601 etiam
1347 573 1443 600 domos
1458 574 1512 600 ritu
1529 573 1673 600 barbarico
1690 582 1738 607 p0-

956 619 1055 653 pulari.
1077 618 1177 645 Verum
1195 619 1249 646 ista
1277 619 1374 645 melius
1406 619 1578 646 admirabilis
1598 619 1695 646 Petnts
1713 621 1739 646 in

956 665 1071 698 epistola
1081 669 1287 696 commemorat,
1298 672 1379 699 quam
1391 665 1466 699 operi
1477 672 1535 692 meo
1553 665 1684 697 intexam,
1695 666 1740 693 ubi

956 718 1040 737 unum
1054 709 1131 736 Lucii
1149 711 1295 737 scelestum
1308 710 1415 737 facinus
1432 718 1596 744 exposuero.
1608 709 1664 736 Viri
1679 715 1742 737 sunt

957 755 983 782 in
994 755 1120 790 Egypto,
1134 756 1179 789 qui
1193 756 1348 790 angelOrum
1365 755 1741 796 conversationemgemulan-

957 806 1008 834 tes,
1024 802 1059 828 ab
1068 801 1176 828 urbium
1186 801 1347 827 tumultibus
1356 809 1385 828 se
1393 802 1595 833 subduxerunt,
1604 802 1742 836 vitamque

958 847 984 873 in
1001 846 1148 874 solitudine
1159 854 1239 881 agere
1249 846 1415 873 maluerunt.
1425 846 1474 873 Ubi
1488 855 1632 874 arenosum
1644 855 1676 873 ac
1687 851 1743 874 stc-

958 893 1007 920 rile
1016 893 1104 920 solum
1115 892 1274 927 frugiferum
1285 892 1438 926 reddentes,
1446 892 1515 919 fruct
1522 901 1565 919 um
1577 893 1630 920 Deo
1638 893 1744 920 suavis-

959 940 1057 967 sitnum
1067 943 1092 965 et
1109 938 1323 973 pulcherrimum
1341 938 1440 970 ferunt,
1451 939 1587 970 virtutem,
1597 947 1678 973 quam
1689 939 1743 966 sibi

959 989 1086 1019 tanquam
1098 985 1183 1018 legem
1196 984 1395 1018 imposuerunt.
1404 983 1489 1018 Hujus
1497 984 1648 1018 disciplina:
1658 984 1743 1011 duces

953 1035 1020 1056 'cum
1032 1030 1078 1056 alii
1097 1029 1177 1056 multi
1193 1030 1368 1060 exstiterunt,
1387 1034 1443 1056 tum
1459 1030 1579 1064 optimus
1598 1030 1742 1064 religioso-

958 1083 1018 1103 rum
1033 1075 1159 1102 ordinum
1176 1075 1306 1110 magister
1324 1075 1376 1101 fuit
1387 1075 1523 1102 Antonius
1541 1075 1585 1101 ille
1597 1076 1744 1102 celeberri-

959 1128 1031 1151 mus,
1045 1120 1091 1155 qui
1115 1119 1226 1146 virtutis
1242 1119 1392 1154 palmstram
1410 1119 1551 1145 monachis
1567 1119 1741 1146 solitudinem

958 1166 1057 1194 effecit.
1072 1164 1157 1199 liujus
1173 1171 1240 1199 ergo
1254 1164 1406 1199 discipulos
1417 1164 1490 1199 (ipse
1503 1164 1576 1191 enim
1599 1172 1661 1191 cum
1685 1172 1744 1190 ma-

961 1211 1044 1238 ximis
1056 1215 1083 1238 ct
1098 1210 1292 1245 pulcherrimis
1312 1210 1441 1237 oneribus
1455 1210 1488 1236 ad
1500 1210 1664 1244 tranquillos
1678 1217 1743 1244 por-

959 1261 1004 1284 tus
1023 1256 1189 1292 appulerat)
1204 1256 1287 1282 miser
1303 1255 1355 1282 iste
1364 1261 1391 1282 et
1407 1255 1614 1283 infelicissimus
1628 1256 1746 1282 insccta-

961 1307 1005 1330 tus
1029 1307 1072 1330 est
1096 1310 1102 1327 :
1122 1309 1154 1328 ac
1179 1301 1334 1328 divinorum
1365 1300 1472 1328 illorum
1501 1304 1621 1328 cmtuum
1649 1301 1744 1332 duces,

960 1348 1110 1375 Macarium
1137 1348 1214 1374 illum
1246 1347 1393 1378 celebrem,
1409 1352 1438 1374 et
1456 1347 1572 1373 alterum
1590 1347 1627 1373 illi
1642 1354 1746 1383 cogno-

961 1394 1072 1425 minem,
1102 1397 1129 1421 et
1155 1392 1298 1425 lsidorum,
1327 1393 1448 1426 aliosque
1476 1393 1510 1419 de
1530 1392 1669 1426 speluncis
1698 1392 1746 1420 ab-

961 1438 1058 1465 ductos
1088 1438 1114 1464 in
1134 1437 1278 1472 quamdam
1307 1438 1423 1464 insulam
1454 1437 1592 1472 relegavit,
1621 1445 1682 1472 qua:
1712 1437 1747 1464 ab

962 1483 1053 1518 impiis
1072 1483 1227 1510 hominibus
1244 1482 1365 1509 habitata
1377 1482 1481 1509 nullum
1498 1489 1618 1516 unquam
1633 1482 1744 1516 pietatis

962 1528 1122 1562 magistrum
1143 1527 1287 1554 habuerat.
1299 1526 1422 1561 Cumque
1434 1526 1467 1553 ab
1480 1526 1577 1553 insula:
1588 1527 1595 1535 ‘
1608 1533 1655 1552 ora
1670 1523 1748 1560 longe

962 1573 1070 1600 abesset
1088 1573 1238 1607 navigium,
1260 1572 1367 1598 dremon
1385 1571 1432 1606 qtti
1458 1571 1494 1597 ibi
1510 1571 1661 1603 colebatur,
1680 1579 1747 1598 con-

961 1624 1097 1646 secratum
1114 1618 1166 1646 sibi
1179 1618 1309 1645 deserens
1321 1617 1507 1650 simulacrum,
1518 1617 1590 1651 quod
1606 1617 1747 1651 antiquum

960 1664 1021 1699 ejus
1043 1664 1132 1691 fuerat
1153 1657 1335 1695 domicilium,
1354 1663 1435 1690 filiam
1449 1662 1602 1690 sacerdotis
1618 1663 1650 1689 ad
1673 1662 1749 1689 insa<

960 1710 1033 1736 niam
1048 1710 1205 1743 concitavit,
1223 1713 1249 1737 et
1268 1709 1440 1736 furibundam
1463 1708 1546 1743 986
1566 1708 1598 1734 ad
1612 1708 1687 1734 littus
1701 1707 1748 1734 de-

961 1755 1048 1786 duxit,
1067 1763 1121 1790 quo
1138 1755 1228 1782 navim
1246 1755 1361 1789 remiges
1385 1753 1556 1788 appulerant.
1582 1752 1750 1780 lnstrumen-
1772 1783 1774 1785 _

960 1804 1043 1836 tuque
1053 1805 1133 1827 utens
1144 1801 1236 1835 lingua
1247 1801 1355 1835 puellm,
1365 1808 1413 1834 per
1426 1800 1498 1827 hanc
1508 1800 1602 1826 eadem
1615 1799 1750 1827 clamabat

962 1854 1022 1881 qua:
1035 1845 1169 1881 Philippis
1188 1845 1325 1881 quondam
1337 1846 1392 1879 illa,
1403 1854 1465 1881 qua:
1482 1846 1614 1882 Pythonis
1623 1846 1748 1881 spiritum

962 1892 1103 1920 habebat:
1128 1892 1345 1927 audiebaturque
1375 1893 1408 1920 ab
1432 1893 1569 1924 onmibus,
1588 1898 1644 1919 tum
1672 1891 1749 1923 viris.

962 1941 1019 1964 tum
1033 1938 1151 1970 feminis,
1167 1938 1301 1965 dtemonis
1325 1946 1375 1965 vox
1387 1938 1521 1965 dicentis:
1538 1938 1581 1965 «Ο
1602 1937 1750 1972 potentiam

962 1987 1099 2016 vestram,
1117 1983 1212 2010 famuli
1228 1983 1352 2011 Christi!
1375 1984 1495 2018 undique
1517 1992 1532 2010 ιι
1549 1983 1626 2010 vobis
1645 1982 1750 2017 expulsi

964 2036 1069 2060 sumus,
1081 2036 1113 2055 ex
1128 2029 1243 2056 urbibus
1258 2032 1284 2056 et.
1299 2029 1377 2060 vicis,
1390 2037 1422 2056 ex
1437 2029 1576 2056 montibus
1586 2033 1612 2055 et
1623 2028 1750 2059 collibus,

964 2081 995 2100 ex
1011 2074 1120 2101 deserta
1135 2079 1161 2101 et
1179 2075 1279 2102 incolis
1289 2082 1376 2102 vacua
1393 2075 1553 2102 solitudine.
1566 2074 1751 2108 Sperabamus

966 2127 1016 2147 nos
1032 2127 1046 2146 a
1057 2120 1118 2147 telis
1132 2121 1233 2148 vestris
1248 2121 1352 2147 liberos
1370 2120 1439 2150 fore,
1464 2120 1529 2146 dum
1556 2120 1583 2155 ip
1601 2119 1652 2146 hac
1669 2126 1752 2153 parva

967 2165 1057 2192 insula
1076 2173 1171 2192 sumus
1188 2174 1195 2192 :
1211 2165 1259 2192 sed
1284 2173 1347 2200 spes
1375 2170 1469 2192 nostra
1486 2172 1537 2191 nos
1563 2164 1668 2191 fefellit.
1693 2162 1752 2189 Huc

131 2200 219 2236 τέρων
240 2201 409 2237 ἀπηλλάχθαι
423 2203 517 2237 βελῶν.
533 2206 579 2231 καὶ
601 2207 650 2241 τῆς
662 2206 767 2239 ἐλπίδος
781 2208 911 2244 ἐψεύσθη-

966 2211 1037 2238 enim
1061 2218 1110 2237 vos
1127 2211 1307 2237 amandarunt
1321 2211 1366 2245 qui
1384 2218 1432 2237 vos
1458 2210 1638 2241 insectantur,
1654 2216 1707 2235 non
1723 2212 1753 2234 ut

134 2254 184 2280 μεν
197 2255 205 2261 ·
221 2246 336 2273 ἐνταῦθα
351 2248 404 2282 γὰρ
417 2249 487 2283 ὑμᾶς
503 2249 659 2285 ἐξέπεμψαν
671 2253 695 2278 οἱ
706 2251 857 2286 διώκοντες,
869 2255 918 2291 οὐχ

133 2290 177 2316 ῐνα
192 2290 264 2325 ὑμᾶς
276 2292 433 2324 ἀνιάσωσιν,
444 2293 501 2320 ἀλλ’
513 2294 555 2320 ἵνα
566 2296 639 2330 ἡμᾶς
653 2295 686 2322 δι’
700 2297 776 2331 ὑμῶν
787 2297 916 2330 ἐξελάσω-

134 2344 188 2363 σιν,
209 2336 396 2371 Ἀφιστάμεθα
418 2338 465 2364 καὶ
488 2340 536 2374 τῆς
554 2341 660 2375 νησῖδος
676 2350 683 2356 ·
703 2343 762 2373 ταῖς
790 2344 844 2378 γὰρ
866 2344 918 2379 τῆς

133 2381 236 2416 ἀρετῆς
250 2382 326 2417 ὑμῶν
349 2383 439 2410 ἀκτῖσι
463 2384 623 2420 βαλλόμεοα.
638 2396 647 2412 ι
665 2386 757 2414 Ταῦτα
781 2388 913 2422 λέγοντες.

133 2425 183 2451 καὶ
209 2425 244 2452 τὰ
264 2426 367 2458 τούτοις
395 2429 561 2464 προσόμοια,
578 2431 617 2461 εἰς
638 2431 686 2465 μὲν
711 2432 742 2458 τὸ
758 2432 855 2468 ἔδαφος
868 2434 917 2468 τὴν

135 2471 221 2506 κόρην
233 2473 391 2505 κατέϐαλον,
404 2474 481 2501 αὐτοὶ
496 2475 524 2501 δὲ
537 2476 645 2512 φροῦδοι
657 2477 771 2513 πάμπαν
783 2480 916 2513 ἐγένοντο.

142 2517 172 2542 '0
187 2517 216 2542 δὲ
232 2517 300 2549 θεῖος
314 2519 415 2550 ἐκεῖνος
442 2520 521 2555 χορὸς
546 2522 765 2558 προσευξάμενος
776 2524 823 2560 τὴν
836 2526 919 2561 κόρην

138 2562 269 2597 ἀνέστησε
279 2563 368 2596 θ⁷,’καὶ
381 2565 422 2600 τῷ
430 2568 601 2602 γεγεννηκότι
618 2570 805 2604 σωφρονοῦσάν
822 2579 850 2597 τε
865 2573 911 2598 καὶ

966 2263 1015 2283 vos
1033 2255 1150 2283 afficiant
1164 2255 1300 2285 molestia,
1314 2255 1361 2282 sed
1374 2259 1399 2281 ut
1415 2262 1462 2290 per
1477 2262 1525 2281 vos
1540 2262 1590 2280 nos
1605 2254 1750 2287 expellant.

968 2300 1128 2327 Decedimus
1141 2308 1205 2335 ergo
1217 2302 1299 2328 etiam
1312 2301 1345 2327 ab
1364 2300 1466 2333 insula,
1489 2300 1553 2335 quia
1570 2299 1679 2326 virtutis
1706 2305 1752 2325 νου

969 2351 1031 2373 strae
1047 2347 1132 2374 radiis
1143 2346 1314 2381 contigimur.
1330 2346 1392 2374 llazc
1408 2350 1435 2374 et
1460 2346 1502 2373 his
1517 2346 1618 2373 similia
1631 2345 1753 2372 dicentes

970 2393 1086 2427 puellam
1105 2392 1179 2419 humi
1204 2396 1391 2427 prosternunt,
1407 2397 1433 2419 et
1446 2392 1497 2426 ipsi
1518 2399 1630 2426 prorsus
1655 2398 1755 2418 evane—

971 2441 1060 2465 acunt.
1074 2437 1186 2467 Divinus
1203 2443 1291 2466 autem
1307 2438 1352 2465 ille
1371 2438 1472 2465 chortts
1498 2438 1614 2472 puellam
1628 2435 1755 2471 precibus

972 2484 1111 2516 excitavit,
1128 2491 1276 2519 sanamque
1292 2488 1381 2512 mente
1405 2492 1437 2511 ac
1452 2485 1555 2512 viribus
1571 2484 1684 2519 integris
1709 2490 1756 2517 pa-

972 2529 1041 2555 renti
1056 2529 1183 2556 reddidit.
1195 2518 1295 2564 Atrqui
1314 2530 1475 2557 miraculum
1492 2518 1679 2560 viderant,rad
1693 2535 1758 2562 san;
1795 2518 1804 2530 .

966 2578 1069 2601 ctorum
1088 2575 1195 2605 illorum
1214 2575 1297 2610 pedes
1322 2575 1466 2611 provoluti,
1482 2568 1755 2603 salutis-adminicula

799 2659 913 2686 VARUE
933 2659 1132 2690 LECTIONES.

188 2705 210 2721 ⁸¹
233 2706 341 2742 ᾐκίζετο
362 2708 419 2735 Pini
449 2710 544 2737 codex.

601 2711 623 2752 γ’
650 2711 727 2752 ll:rc__.
755 2713 817 2752 τοὺς
842 2714 872 2752 δὲ
893 2715 1038 2752 καθεῖργε,
1071 2718 1170 2745 absunt
1192 2725 1207 2745 a
1234 2719 1317 2750 Basil.
1336 2719 1381 2746 Gr.

1438 2719 1461 2735 ⁹³
1488 2720 1551 2750 τοὺς
1577 2717 1680 2744 ἐκείνου
1710 2716 1757 2743 οὖν

141 2741 356 2787 indctttpsequelnt'e
372 2743 487 2787 Ῡξιίρξὶο.
506 2745 554 2787 καί
567 2746 629 2787 τοίας
649 2741 815 2787 ἑκ-ιδίθρὴί
841 2741 1395 2787 "captiui;habent"qifoqttejpro'bmit'e
1418 2741 1757 2785 Valcsiﬁjcdddif’iniret

142 2776 248 2823 Earini.
331 2778 416 2823 Basi'l‘:
483 2784 515 2823 (et
528 2776 775 2823 StepJIZ‘tLEstﬁgov'
785 2791 815 2823 “cf
830 2776 971 2823 tubicen.
1237 2776 1753 2823 iam;

141 2812 164 2848 ’_“
176 2815 242 2848 παρ’
260 2813 372 2840 ἐκείνων
385 2813 467 2841 Basil.
482 2813 529 2842 Gr.

143 2846 271 2882 έστηάαν,
289 2853 314 2874 et
325 2848 404 2883 paulo
420 2853 478 2882 post
492 2850 633 2877 ἀπέδωκαν
644 2851 725 2878 Basil.
744 2851 791 2878 Gr.

576 2815 599 2830 “
618 2816 663 2858 Si};
676 2816 776 2858 eﬁPi‘t‘ti
793 2817 940 2855 Saviliique
953 2815 1030 2848 codd.
1048 2815 1104 2849 Seth
1116 2815 1196 2850 liasil.
1210 2823 1257 2851 Gr.
1278 2831 1339 2851 cum
1356 2824 1447 2858 Steph.
1465 2815 1606 2851 πάντοθεν.

1667 2822 1689 2841 1⁷
1708 2823 1756 2847 ἀν-
