1998 3121
110 185 175 216 1201

628 190 917 221 ECCLESIASTICJE
933 190 1124 235 IlISIORIzE
1151 191 1224 222 LIB.
1237 193 1271 223 V.

1665 193 1733 225 1202

107 241 244 276 διαμάχην
251 241 509 278 γεγέννηκεν.“Λλλὰ
515 245 600 272 ταῦτα
611 247 660 281 μὲν
667 247 894 283 ὖστερονγεγένη-

952 247 1076 280 ηηῑιίῑιιιιι,
1093 253 1120 275 et
1137 249 1313 284 imperatoris
1327 249 1414 284 legem
1430 249 1599 284 proferente,
1616 249 1733 277 aliirma-

107 295 162 313 ται.
172 287 240 313 Τότε
249 287 288 320 δὲ,
298 288 464 324 ἀφικομένου
477 291 608 326 Σάπωρος
620 292 667 318 τοῦ
675 293 839 328 στρατηγοῦ,
847 294 894 321 καὶ

107 331 153 358 τὸν
167 331 307 366 βασιλικὸν
329 334 518 368 ὑποδείξαντος
542 337 632 372 νόμον,
648 338 802 374 ἰσχυρίζετο
818 340 867 375 μὲν
881 341 895 366 ὁ

109 378 242 410 Παυλῖνος
255 380 336 412 αὐτὸς
343 378 413 408 εἶναι
421 382 471 417 τῆς
479 383 606 418 Δαμάσου
616 384 734 419 μερίδος
744 385 896 421 ἰσχυρίζετο

107 422 135 449 δὲ
154 423 201 450 καὶ
217 424 403 462 Ἀπολινάριος
420 428 620 463 κατακρύπτων
647 430 696 465 τὴν
716 431 803 458 νόσον.
825 432 853 458 Ὁ
867 432 896 459 δὲ

109 467 180 500 θεῖος
190 469 322 502 Μελέτιος
333 473 421 507 ἡσυχῇ
435 473 564 508 καθῆστο,
575 474 625 510 τῆς
641 475 753 503 ἐκείνων
763 477 896 512 ἀνεχόμε-

109 523 154 546 νος
163 515 413 551 ἓριδος.Φ).α6ιανὺς
421 519 449 546 δὲ
460 520 474 546 ὁ
486 521 651 556 σοφώτατος,
664 522 701 557 τῷ
712 523 765 549 τῶν
777 524 897 559 πρεσϐυ-

109 560 197 595 τέρων
217 563 461 599 ὲγκατειλεγμένος
476 565 516 592 ἔτι
531 567 619 602 χορῷ,
642 568 749 603 πρῶτον
762 569 811 604 μὲν
828 569 897 604 πρὸς

109 605 157 632 τὸν
173 607 305 635 Παυλῖνον
317 609 380 644 ἔφη,
394 610 439 637 τοῦ
453 612 606 647 στρατηγοῦ
618 613 769 645 ἐπαΐοντος·
786 624 795 639 ι
806 614 837 640 Εἰ
848 615 897 649 τὴν

110 652 250 687 Δαμάσου,
267 651 290 681 ὧ
306 656 433 692 φιλότης,
451 658 593 685 κοινωνίαν
615 659 745 695 ἀσπάζῃ,
765 660 896 693 ἐπίδειξον

110 698 178 732 ἡμῖν
192 700 284 734 σαφῶς
302 701 350 736 τὴν
363 702 416 727 τῶν
430 702 572 737 δογμάτων
589 704 750 738 συγγένειαν
759 706 793 733 ⁸⁸,
809 705 896 732 Ἐκεῖ-

109 752 157 775 νος
175 744 231 780 γὰρ
254 746 318 780 μίαν
345 748 394 782 τῆς
418 748 533 782 Τριάδος
558 749 651 776 οὐσίαν
678 750 826 785 ὁμολογῶν,
849 753 898 784 τὰς

110 791 186 824 τρεῖς
209 791 373 824 ὑποστάσεις
394 794 541 830 διαρρήδην
559 795 704 831 κηρύττει·
726 798 758 824 σὺ
779 797 807 824 δὲ
828 798 899 825 ἀντι-

112 842 180 868 κρυς
202 836 257 862 τῶν
280 837 455 865 ὕποστάσεων
472 839 594 875 ἀναιρεῖς
619 841 669 876 τὴν
685 843 791 878 τριάδα.
807 843 898 876 Δεῖξον

110 879 144 915 δὴ
162 878 209 907 οὖν
225 881 279 909 τῶν
293 883 436 918 δογμάτων
453 885 502 920 τὴν
519 887 688 921 συμφωνίαν,
705 888 751 914 καὶ
769 889 835 917 λάϐε
849 890 898 922 τὰς

111 924 260 960 ἐκκλησίας
281 929 353 954 κατὰ
376 929 422 955 τὸν
443 930 536 965 νόμον.
555 940 566 957 ι
584 931 677 964 Οὕτως
701 934 805 961 ἐκεῖνον
839 937 896 968 τοῖς

111 971 235 1006 ἐλέγχοις
256 973 444 1009 ἐπιστομίσας,
459 978 526 1011 πρὸς
554 977 600 1004 τὸν
620 979 808 1015 Ἀπολινάριον
824 980 875 1016 ἔφη
889 990 897 996 ·

114 1027 123 1042 ι
141 1018 281 1052 Θαυμάζω
296 1029 336 1053 σε,
353 1017 375 1047 ὦ
389 1021 463 1056 φίλος
473 1024 507 1056 ⁸¹,
523 1024 609 1056 οὕτως
625 1024 721 1060 ἀνέδην
736 1026 807 1053 κατὰ
816 1027 837 1043 ⁸³
851 1028 900 1062 τῆς

111 1063 243 1098 ἀληθείας
264 1066 428 1101 μαχόμενον,
444 1069 490 1095 καὶ
507 1069 592 1096 ταῦτα
610 1071 703 1106 σαφῶς
717 1072 899 1108 ἐπιστάμενον

110 1109 150 1140 ὡς
159 1109 173 1134 ὁ
189 1109 338 1145 θαυμάσιος
351 1113 478 1148 Δάμασος
495 1115 600 1142 τελείαν
613 1116 664 1143 ὑπὸ
673 1117 719 1144 τοῦ
732 1118 799 1145 Θεοῦ
812 1120 898 1154 Λόγου

110 1154 161 1189 τὴν
178 1156 316 1191 ἡμετέραν
331 1158 412 1191 φύσιν
436 1160 597 1195 ἀνειλῆφθαι
617 1171 717 1198 φησιν·
735 1165 768 1191 σὺ
789 1165 817 1192 δὲ
838 1167 900 1193 τού-

110 1200 218 1247 ναντίον
228 1201 314 1236 λέγων
326 1204 467 1237 διατελεῖς.
483 1207 535 1233 Τὸν
549 1207 603 1243 γὰρ
620 1209 683 1236 νοῦν
696 1210 743 1237 τὸν
763 1211 900 1247 ἡμέτερον

111 1244 162 1279 τῆς
177 1247 314 1281 σωτηρίας
330 1249 501 1286 ἀποστερεῖς.
514 1253 544 1279 El
560 1253 588 1281 δὲ
602 1254 686 1290 ψευδῆ
700 1244 792 1292 φαμεν
811 1244 900 1286 mimi

112 1299 160 1317 σου
181 1294 408 1329 κατηγοροῦντες,
424 1296 471 1323 νῦν
485 1298 551 1332 γοῦν
564 1299 613 1334 τὴν
626 1300 679 1327 ὑπὸ
692 1301 739 1328 σοῦ
753 1303 898 1338 τεχθείσαν

111 1337 248 1385 ἀρνήθητι
273 1342 458 1376 καινοτομίαν,
484 1344 531 1370 καὶ
556 1345 605 1380 τὴν
633 1347 760 1381 Δαμάσου
789 1349 900 1385 στέρξον

111 1382 296 1431 διδασκαλίαν,
312 1387 359 1413 καὶ
378 1389 441 1420 τοὺς
454 1389 544 1422 οείους
562 1391 626 1418 λάϐε
642 1393 753 1427 σηκούς.
773 1403 782 1420 ι
807 1382 844 1422 '0'
852 1396 901 1431 μὲν

111 1426 337 1477 οὖνποφώτατος
361 1432 510 1465 Φλαόιανδς
529 1437 585 1468 τοῖς
605 1426 719 1473 ἀληθέσι
741 1439 830 1474 λόγοις

111 1474 225 1502 ἐκείνων
240 1477 396 1505 κατέπαυσε
418 1481 584 1516 παρρησίαν.
602 1483 733 1516 Μελέτιος
747 1485 785 1517 δὲ,
801 1486 816 1512 ὁ
832 1474 902 1515 πάν-

110 1529 167 1548 των
194 1522 345 1557 ἀνθρώπων
371 1526 533 1560 πραότατος,
561 1529 731 1564 φιλοφρόνως
760 1531 818 1567 ἅμα
853 1534 901 1561 καὶ

112 1567 201 1613 ἠπίως
226 1568 276 1604 ἔφη
298 1570 366 1604 πρὸς
385 1571 431 1598 τὸν
457 1573 598 1600 Παυλῖνονθ
624 1584 634 1600 ι
655 1576 762 1612 Ἐπειδὴ
776 1578 822 1604 καὶ
839 1579 901 1613 ἐμοὶ

111 1612 197 1638 τῶνδε
208 1612 261 1640 τῶν
275 1615 420 1650 προϐάτων
435 1616 484 1651 τὴν
497 1618 655 1653 ζεπιμιέλειαν
665 1620 679 1646 ὁ
691 1620 745 1647 τῶν
758 1612 901 1656 προϐάτων

111 1658 263 1694 ἐνεχείρισε
285 1660 386 1696 Κύριος
398 1682 406 1694 ,
424 1663 471 1690 καὶ
488 1663 519 1690 σὺ
535 1665 588 1690 τῶν
605 1664 680 1701 [202]
703 1666 791 1694 ἄλλων
805 1669 903 1696 ἀναδέν

111 1702 188 1734 δεξαι
210 1704 260 1740 τὴν
282 1707 420 1741 φροντίδα,
443 1711 566 1736 κοινωνεί
578 1710 606 1737 δὲ
621 1711 746 1747 ἀλλήλοις
760 1714 809 1748 τῆς
826 1715 903 1742 εὐσε-

110 1748 190 1781 ϐείας
216 1750 250 1777 τὰ
275 1751 433 1787 Θρέμματα,
460 1755 632 1790 συνάψωμεν.
660 1757 683 1786 ὧ
714 1759 836 1793 φιλότης,
868 1762 904 1790 τὰ

112 1793 242 1839 ποίμνια,
259 1797 306 1823 καὶ
320 1797 369 1833 τὴν
384 1799 448 1833 περὶ
471 1800 519 1835 τῆς
540 1801 689 1836 ἡγεμονίας
705 1804 902 1839 καταλύσωμεν

111 1837 267 1887 διαμάχην·
295 1844 371 1877 κοινῇ
395 1843 424 1870 δὲ
444 1844 478 1870 τὰ
500 1845 623 1880 πρόϐατα
645 1847 783 1882 νέμοντες,
809 1837 902 1887 κοινὴν

111 1884 208 1931 αυτοῖς
235 1887 463 1924 προσενέγκωμεν
490 1890 648 1926 θεραπείαν.
672 1893 704 1919 Εἰ
728 1894 757 1921 δὲ
779 1897 793 1922 ὁ
819 1884 903 1931 μέσος

113 1929 202 1963 θῶκος
226 1931 274 1968 τὴν
295 1932 353 1968 ἔριν
377 1936 471 1970 γεννᾷ,
497 1936 551 1967 ἐγὼ
574 1937 621 1963 καὶ
641 1937 744 1973 ταύτην
775 1929 902 1972 ἐξελάσαι

112 1977 293 2012 πειράσομαι.
314 1979 358 2006 ‘Ev
377 1980 431 2015 γὰρ
453 1980 539 2016 τούτῳ
563 1981 593 2008 τὸ
621 1982 691 2008 θεῖον
719 1985 902 2019 προτεθεικὼς

112 2022 290 2058 Εὐαγγέλιον,
313 2025 483 2062 ἑκατέρωθεν
497 2029 571 2062 ἡμᾶς
585 2028 720 2063 καθῆσθαι
735 2033 883 2066 παρεγγυῶ
895 2041 902 2048 ·

114 2069 161 2094 καὶ
177 2070 201 2094 εἰ
215 2070 264 2104 μὲν
280 2071 388 2106 πρῶτος
401 2071 456 2106 ὲγὼ
468 2073 600 2108 δεξαίμην
618 2074 666 2101 τοῦ
684 2074 742 2110 βίου
757 2077 787 2104 τὸ
803 2078 901 2113 πέρας,

114 2113 197 2148 μόνος
209 2116 277 2151 σχῇς
285 2115 318 2148 ⁸⁵,
334 2113 357 2143 ὧ
374 2118 451 2151 φίλος
463 2138 470 2149 ,
485 2118 534 2154 τὴν
546 2119 596 2154 τῆς
609 2120 727 2156 ποίμνης
742 2123 902 2158 ἠγεμονίαν.

114 2160 146 2186 Εἰ
160 2160 190 2187 δὲ
206 2161 238 2187 σὺ
257 2162 388 2198 πρότερος
411 2164 490 2191 τοῦτο
513 2165 618 2197 πάθοις,
638 2166 694 2200 ἐγὼ
710 2168 846 2201 πάλινιεῑς
859 2170 904 2197 δύ-

113 2215 198 2241 ναμιν
211 2208 266 2235 τῶν
282 2210 425 2244 προϐάτων
440 2211 653 2247 ὲπιμελήσομαι.
675 2222 684 2238 ι
703 2213 795 2241 Ταῦτα
813 2217 902 2251 ἠπίως

947 293 992 318 bat
1021 293 1151 321 Paulinus
1171 302 1201 321 se
1226 294 1335 321 Damasi
1360 295 1479 329 partium
1501 302 1562 323 esse
1580 305 1587 322 :
1606 296 1733 331 idemque

946 338 1034 372 ipsum
1049 339 1203 367 afﬁrmabat
1231 340 1357 368 morbum
1383 348 1463 367 suttm
1482 340 1575 368 celans
1590 341 1733 376 Apollina-

947 385 1015 411 rius.
1037 385 1071 411 At
1096 385 1206 412 divinus
1223 385 1358 418 Meletius,
1387 385 1494 420 1018
1519 386 1628 413 illorum
1655 394 1734 421 sper-

947 438 1016 457 nens
1036 430 1260 462 conlentionem,
1279 431 1350 458 intra
1371 432 1490 465 quietem
1515 439 1547 459 se
1561 432 1730 460 continebat.

947 476 1097 504 Flavianus
1112 484 1178 504 vero
1195 476 1240 503 ille
1257 476 1492 511 sapientissimus,
1508 476 1555 512 qui
1575 477 1602 504 in
1622 477 1734 512 presby-

948 526 1069 550 terorum
1085 523 1175 550 adhuc
1193 530 1308 550 numero
1324 521 1498 553 censebatur,
1519 522 1607 557 primo
1624 522 1735 556 quidem

947 567 981 594 ad
998 567 1144 595 Paulinum
1167 568 1299 603 magistro
1313 567 1441 594 audiente
1468 567 1509 594 sic
1532 572 1575 594 est
1604 568 1734 594 locutus:

951 624 960 639 ι
974 613 1002 640 Si
1026 613 1136 641 Damasi
1154 613 1374 641 communionem
1402 613 1588 647 amplecteris,
1604 620 1620 639 o
1635 613 1734 643 amice,

949 661 1002 685 tuae
1018 659 1099 686 nobis
1120 663 1147 685 et
1168 658 1246 686 illius
1271 657 1404 685 doctrina:
1433 658 1624 692 cognationem
1643 660 1737 690 aperte

948 702 1120 730 demonstra.
1149 703 1197 730 Ille
1225 703 1299 730 enim
1325 709 1406 729 unam
1432 701 1579 729 Trinitatis
1603 701 1737 729 confitens

949 751 1111 783 essentiam,
1128 755 1184 777 tres
1201 751 1364 786 Itypostases
1382 748 1529 777 manifeste
1540 749 1687 784 prmdicat;
1707 752 1736 774 tu

949 804 1016 824 vero
1030 801 1127 824 contra
1152 796 1342 832 ltypostasium
1364 795 1437 823 tollis
1461 795 1620 822 trinitatem.
1648 794 1739 827 Quare

949 844 1108 879 dogmatum
1132 843 1250 870 ostende
1273 842 1463 874 concordiam,
1487 847 1514 869 et
1536 841 1668 869 ecclesias
1694 849 1739 869 sc-

951 889 1071 917 cundum
1087 889 1174 924 legem
1190 896 1314 923 capesse.
1336 897 1345 914 ι
1362 888 1464 916 Deinde
1494 895 1556 915 cum
1571 895 1602 915 os
1624 887 1664 914 illi
1683 887 1734 914 hac

951 935 1118 962 refutatione
1125 935 1294 966 obturasset,
1309 934 1342 961 ad
1352 934 1553 968 Apollinarium
1567 941 1717 960 conversus
1730 942 1736 960 :

954 991 963 1007 ι
979 981 1103 1009 Demiror
1126 985 1163 1013 te,
1191 980 1330 1015 inquit,o
1345 980 1451 1012 amice,
1480 983 1534 1006 tam
1562 979 1737 1014 impudenter

952 1033 1105 1061 repugnare
1120 1025 1241 1058 veritati,
1258 1025 1342 1060 idque
1356 1033 1417 1052 cum
1434 1025 1608 1060 exploratum
1625 1025 1738 1053 habeas.

952 1072 1111 1104 Damasum,
1123 1072 1271 1106 perfectam
1290 1079 1303 1098 a
1321 1071 1376 1099 Deo
1392 1070 1479 1098 Verbo
1495 1074 1662 1105 assumptum
1678 1078 1740 1097 esse

952 1121 1079 1145 naturam
1106 1121 1240 1149 nostram,
1273 1116 1418 1152 proﬁteri;
1449 1121 1477 1144 tu
1498 1124 1564 1144 vero
1597 1116 1739 1144 contraria

951 1164 1052 1192 docere
1065 1171 1119 1190 non
1135 1163 1250 1191 desinis.
1268 1162 1385 1190 Mentem
1411 1163 1513 1198 quippe
1532 1158 1655 1190 nostram
1669 1166 1678 1174 '
1693 1171 1739 1190 sa-

952 1209 1018 1237 lutis
1032 1212 1171 1236 exsortem
1190 1208 1269 1235 facis.
1283 1208 1361 1240 Quod
1377 1208 1399 1235 si
1416 1208 1472 1238 [nec
1489 1209 1631 1235 accasatio
1645 1212 1740 1236 nostra

952 1255 1020 1282 falsa
1037 1259 1089 1285 est,
1105 1254 1147 1282 vel
1162 1261 1236 1281 ttunc
1250 1255 1347 1281 saltem
1369 1254 1513 1290 probatam
1541 1255 1591 1282 abs
1619 1260 1644 1281 te
1660 1255 1740 1281 novi-

952 1305 1036 1328 tatem
1062 1300 1155 1335 ejura,
1185 1304 1212 1328 et
1241 1300 1351 1327 Damasi
1379 1299 1534 1327 doctrinam
1563 1300 1740 1335 amplectere,

953 1351 1010 1374 tum
1026 1346 1137 1373 divinas
1153 1345 1225 1374 uades
1241 1346 1345 1373 obtine.
1359 1355 1368 1370 ι
1392 1344 1438 1372 Sic
1466 1345 1549 1380 igitur
1567 1346 1741 1380 sapientissi-

953 1401 1014 1420 mus
1029 1392 1178 1420 Flavianus
1194 1392 1346 1419 verissimis
1364 1392 1521 1419 rationibus
1540 1392 1648 1418 illorum
1665 1399 1740 1419 eont-

953 1438 1055 1473 pressit
1073 1438 1234 1469 audaciam:
1257 1437 1382 1465 Meletius
1397 1445 1472 1469 vero,
1498 1437 1655 1465 mortalium
1679 1446 1741 1464 out-

951 1485 1029 1511 nittm
1048 1484 1225 1516 mitissimus,
1247 1489 1371 1511 amanter
1386 1488 1414 1510 et.
1432 1483 1548 1518 benigne
1571 1484 1741 1518 compellans

952 1529 1125 1557 Paulinum:
1150 1529 1329 1562 «Quoniam,
1360 1529 1466 1564 inquit,
1496 1533 1522 1556 et
1551 1529 1616 1555 mihi
1647 1529 1740 1555 ovium

953 1575 1070 1602 istarum
1085 1582 1179 1602 curam
1197 1575 1329 1601 Dominus
1345 1574 1494 1606 contntisit,
1507 1578 1534 1601 et
1550 1579 1579 1601 tu
1596 1574 1663 1601 alias
1676 1581 1741 1600 oves

955 1622 1095 1649 curandas
1121 1621 1280 1656 suscepisti,
1304 1627 1425 1654 ovesque
1450 1620 1522 1646 ittter
1543 1627 1573 1647 se
1600 1619 1742 1654 religionis

954 1667 1149 1694 communione
1164 1665 1352 1696 consentiunt,
1371 1671 1467 1699 greges
1492 1669 1620 1696 nostros,
1642 1662 1741 1694 amice,

954 1713 1176 1747 conjungamus,
1208 1714 1235 1737 et
1266 1710 1470 1737 contentionem
1505 1709 1540 1736 de
1577 1708 1740 1743 praefectura

953 1759 1132 1790 dirimamus,
1149 1756 1256 1792 1019
1268 1763 1388 1790 ovesque
1408 1755 1435 1781 in
1451 1762 1599 1782 commune
1628 1761 1742 1788 pascen-

956 1809 1008 1836 tes,
1024 1811 1198 1832 communem
1214 1803 1269 1830 illis
1282 1810 1375 1829 curam
1400 1801 1604 1836 impendamus.
1623 1800 1700 1833 Quod
1718 1799 1743 1827 si

953 1852 986 1878 de
1006 1850 1093 1877 media
1115 1849 1179 1876 sede
1197 1853 1240 1877 est
1267 1848 1466 1879 controversia,
1485 1854 1536 1882 ego
1561 1847 1633 1874 hanc
1657 1846 1742 1873 etiarn

953 1897 1080 1924 conabor
1097 1902 1248 1923 removere.
1276 1894 1396 1922 Ponatur
1423 1893 1496 1920 enim
1523 1892 1550 1920 itt
1566 1900 1598 1920 ea
1609 1912 1616 1924 ,
1631 1899 1742 1927 qua-so,

954 1950 1065 1970 sacrum
1087 1941 1281 1976 Evangeliutn,
1293 1944 1321 1967 et
1339 1947 1372 1967 ex
1387 1944 1504 1974 utraqtte
1525 1941 1604 1972 parte
1627 1944 1678 1964 nos
1701 1944 1743 1963 se-

953 1988 1068 2015 deamus
1084 1997 1089 2014 :
1103 1991 1131 2015 et
1143 1987 1168 2015 si
1180 1986 1290 2022 quidem
1312 1986 1389 2021 prior
1400 1992 1452 2021 ego
1468 1992 1483 2013 e
1506 1985 1560 2012 vita
1584 1989 1742 2014 excessero,

954 2038 982 2061 tu
1011 2034 1099 2064 solus,
1127 2033 1227 2065 amice,
1253 2040 1364 2068 gregem
1386 2038 1464 2066 reges
1483 2040 1490 2057 :
1507 2031 1550 2057 sin
1578 2033 1669 2056 autent
1692 2028 1743 2055 tibi

954 2081 1031 2116 prius
1044 2080 1071 2107 id
1086 2079 1247 2114 contigerit,
1263 2086 1314 2113 ego
1331 2085 1430 2105 rursus
1452 2077 1542 2103 ovium
1564 2083 1613 2111 pro
1635 2074 1743 2102 viribus

953 2133 1049 2154 curam
1069 2132 1175 2160 geram.
1190 2134 1199 2150 ι
1213 2124 1280 2157 Quae
1306 2131 1369 2151 cum
1398 2123 1516 2158 benigne
1534 2125 1713 2156 amanterque
1727 2128 1743 2147 a

954 2173 1050 2200 divino
1063 2171 1177 2199 Meletio
1194 2170 1400 2206 proferrentur,
1420 2169 1553 2196 Paulinus
1575 2172 1665 2194 tamett
1687 2175 1743 2194 non

954 2217 1104 2253 acquievit.
1123 2216 1217 2252 Itaque
1235 2215 1366 2249 magister
1387 2214 1514 2246 militum,
1530 2221 1560 2240 re
1579 2212 1743 2247 diiudicata,

115 2252 167 2303 μὲν
177 2253 239 2303 dua
250 2254 298 2281 καὶ
313 2255 481 2291 φιλοφρόνως
494 2258 508 2283 ὁ
524 2257 594 2289 θεῖος
608 2255 669 2284 εἷπε
681 2259 812 2293 Μελέτιος
824 2271 831 2277 ·
845 2264 859 2289 ό
874 2265 899 2292 δὲ

955 2252 1087 2294 ecclesias
1105 2270 1204 2298 magno
1217 2261 1324 2288 Mcletio
1338 2259 1453 2287 tradidit
1470 2268 1476 2286 :
1491 2258 1622 2286 Paulinus
1642 2261 1733 2284 autem

114 2298 249 2331 Παυλῖνος
271 2301 322 2327 οὐκ
345 2300 480 2336 ἔστερξεν.
511 2302 540 2329 '0
563 2303 592 2330 δὲ
615 2305 782 2340 στρατηγὸς,
806 2310 901 2345 κριτὴς

958 2313 1164 2347 sogregataruut
1178 2308 1233 2342 jam
1249 2307 1315 2334 olim
1335 2307 1428 2334 ovium
1449 2306 1563 2332 antistes
1581 2303 1743 2338 permansit.

113 2345 170 2371 τῶν
190 2346 344 2381 εἰρημένων
358 2348 519 2383 γενόμενος,
537 2349 577 2384 τῷ
594 2351 704 2386 μεγάλῳ
719 2352 843 2389 Μελετίῳ
855 2357 905 2389 τὰς
934 2345 1086 2392 emi-natat;
1103 2354 1277 2390 παρέδωκεν·
1295 2353 1309 2378 ὁ
1329 2353 1357 2379 δὲ
1380 2351 1510 2382 Παυλῖνος
1540 2350 1657 2385 διέμεινε
1689 2348 1744 2375 τῶν

114 2392 145 2424 ἐξ
159 2392 247 2428 ἀρχῆς
259 2393 461 2428 ἀποκριθέντων
478 2395 623 2430 προϐάτων
639 2396 801 2432 ἡγούμενος.

423 2442 547 2469 ΚΕΦΛΛ.
566 2445 601 2470 Δ’.

151 2487 174 2503 ⁸³
182 2487 251 2520 Περὶ
263 2488 411 2515 Εὐσεόἰου
427 2489 480 2515 τοῦ
492 2490 661 2517 ἐπισκόπου
676 2492 866 2526 Σαμοσάτων.

157 2533 345 2568 Ἀπολινάριος
368 2533 396 2560 δὲ
422 2535 471 2569 τῆς
496 2535 550 2561 τῶν
569 2535 735 2571 Ἐκκλησιῶν
756 2539 906 2574 ἡγεμονίας

114 2579 285 2615 διαμαρτὼν,
305 2579 452 2616 διαρρήδην
469 2581 567 2608 λοιπὸν.
586 2582 636 2617 τὴν
663 2585 905 2621 καινοτομηθεϊσαν

116 2625 292 2653 διδασκαλίαν
304 2628 447 2662 ἐκήρυττε,
470 2629 517 2655 καὶ
531 2628 581 2663 τῆς
595 2629 726 2665 αἱρέσεως
741 2631 836 2657 ἑαυτὸν
851 2633 904 2659 ἁπ-

117 2671 217 2706 ἑφηνεν
242 2672 374 2707 ἀρχηγόν.
402 2672 457 2699 Καὶ
483 2672 563 2704 αὐτὸς
581 2673 631 2708 μέν
655 2674 684 2699 ἐν
712 2675 855 2711 Λαοδικείᾳ
871 2676 906 2702 τὰ

1098 2446 1175 2474 CAP.
1201 2446 1244 2472 tv.
1266 2444 1307 2481 [Β.
1327 2443 1368 2470 St.
1386 2444 1417 2471 v.
1433 2443 1484 2470 cu.
1501 2443 1528 2470 ι.
1545 2441 1602 2478 85.]

1097 2489 1262 2517 De~Eusebio
1273 2489 1393 2522 episcopo
1410 2487 1604 2515 Samosatensi.

992 2535 1183 2571 Apollinarius
1204 2542 1278 2562 vero
1292 2535 1327 2562 ab
1342 2533 1528 2561 Ecclesiarum
1545 2534 1744 2569 gubernatione

956 2583 1094 2618 repulsus,
1115 2585 1208 2617 aperte
1224 2581 1355 2615 deinceps
1371 2587 1468 2607 novam
1495 2587 1573 2606 suam
1589 2579 1744 2607 doctrinam

958 2628 1119 2662 praedicare,
1136 2627 1291 2661 duceturque
1307 2634 1336 2652 se
1353 2626 1442 2660 ipsunt
1459 2624 1593 2653 haereseos
1611 2625 1744 2660 profiteri.

958 2674 1117 2702 Mnrabatur
1131 2674 1154 2700 is
1167 2672 1289 2708 quidem,
1303 2676 1333 2698 ut
1344 2672 1502 2706 plurimum,
1517 2671 1673 2705 Laodicem;
1687 2671 1743 2698 Λιμ-

754 2733 870 2761 νΑιιιιίΕ
891 2734 1091 2762 LECTIONES.

152 2778 175 2793 "
193 2777 345 2806 εὐσέϐειαν)
362 2777 409 2806 Ste

430 2779 499 2806 lt..2.
514 2779 554 2817 Att
569 2780 775 2817 resqribendum
798 2783 956 2817 συμφωνίαν
970 2790 1001 2810 ex
1016 2781 1225 2817 sequentibus?
1246 2780 1269 2795 ε’
1282 2780 1411 2817 φιλώβῐης-
1421 2779 1486 2817 Ρίηί
1504 2779 1572 2817 "bii"
1584 2784 1610 2817 (Ἰν
1621 2776 1740 2817 MCC?"-

152 2786 175 2793 ι’·
193 2786 345 2806 ευσεοειανι
363 2786 499 2839 :tepn..2.
514 2786 554 2806 An
569 2786 775 2808 rescribendum
798 2786 956 2817 συμφωνίαν
970 2790 1001 2810 ex
1016 2786 1210 2817 sequentibus?
1246 2786 1269 2795 "
1282 2786 1411 2815 φιλωτης.
1427 2786 1486 2806 t'tm
1504 2786 1572 2806 IIUf‘l‘
1584 2786 1610 2806 et
1627 2786 1740 2813 mcepu.

117 2812 142 2855 ξ’
153 2813 266 2855 ἀναίδην
278 2815 311 2848 τῇ
324 2813 405 2855 and:
419 2822 518 2855 “tam.
537 2814 598 2855 Das.
615 2815 700 2844 Gnec.
717 2819 852 2855 c_t_S_teplt.
890 2818 913 2834 5‘
925 2818 1035 2853 σχήσεις
1047 2818 1152 2855 liabenl.
1162 2816 1280 2847 Christ.,
1294 2815 1406 2855 δεξιὴ-οι
1418 2815 1478 2855 Ρίίιί
1490 2815 1589 2855 could...
1602 2814 1740 2855 itiCV‘Doiinll'l

117 2848 140 2874 ὦ
155 2848 287 2883 φιλώτης.

117 2883 146 2910 δὲ
173 2883 259 2918 μέγας
281 2883 421 2915 Εὐσέϐιος,
434 2888 499 2917 cte.,
513 2886 584 2920 quod
602 2886 646 2913 ille
663 2887 769 2920 probat.

336 2841 406 2886 ἑἶειξιιι
420 2841 479 2876 i’iiti
492 2841 596 2876 ncodice
622 2841 854 2881 tamen
878 2841 1397 2886 {paulo
1417 2841 1625 2877 infcriusrelibis
1643 2848 1714 2876 illis:
1727 2849 1741 2874 ὁ
