1998 3121
282 185 349 218 12θ3

789 186 1031 220 THEODORETI
1051 190 1219 221 EPISCOPI
1241 190 1422 221 CYRENSIS

1845 186 1905 219 1204

280 241 390 269 tiocliize
407 244 497 269 tamen
514 242 572 278 jam
585 247 677 277 antea
697 244 840 272 ordinarat
857 245 984 278 Vitalem,
1004 247 1066 274 vita:

1118 245 1230 272 πλεῖστα
1254 246 1386 281 διέτριϐεν
1403 254 1409 262 ⁸
1428 247 1455 272 ὲν
1475 244 1624 280 ’Δντιοχείᾳ
1650 243 1678 270 δὲ
1699 244 1752 278 ἤδη
1781 242 1906 278 πρότερον

280 293 347 315 sane
364 286 511 315 honestate
526 288 672 324 insignem,
696 291 910 326 apostolicisque
931 291 1066 326 dogmati—

279 331 332 359 bus
343 332 518 366 innutritum,
527 333 575 361 sed
587 335 690 362 erroris
702 339 795 370 postea
808 336 868 363 labe
881 337 1064 371 inquinatum.

280 376 394 404 Divinus
419 381 510 405 autem
533 377 660 406 Meletius
676 379 824 407 Diodorum
842 381 929 413 illttm,
952 381 1032 416 cujus
1052 389 1067 408 a

282 429 324 448 me
341 421 398 456 jam
414 422 484 450 facta
500 428 543 451 est
567 425 682 458 mentio,
705 426 752 460 qui
777 434 873 454 navem
891 427 1021 454 Ecclesia:
1041 428 1066 454 in

281 469 446 501 gravissima
471 473 633 504 tempestate
653 471 817 499 incolumem
835 477 969 506 servarat,
987 472 1066 500 Tarsi

281 517 418 547 pastorem
435 514 601 549 designavit,
613 516 784 552 Cilicumque
797 522 905 553 gentem
923 519 982 554 ejus
994 527 1068 546 curae

281 559 431 587 commisit.
467 561 594 595 Apamea:
633 570 697 589 vero
735 556 894 598 episcopum
923 567 933 575 "
965 565 1066 591 creavit

283 604 390 640 1020
413 605 558 639 Joannem,
577 608 650 635 claro
668 608 779 642 quidem
805 609 882 636 illum
898 617 997 644 genere
1021 618 1067 637 or-

281 653 350 682 tum,
374 650 424 679 sed
452 660 502 679 sua
529 653 616 689 magis
645 662 727 689 quam
754 655 888 690 majorum
912 656 1014 683 virtute
1033 656 1067 683 il-

283 695 408 724 lustrem.
424 697 560 726 Doctrina:
576 699 649 726 enim
666 700 767 734 pariter
779 704 807 728 et.
820 701 882 728 vita;
897 701 1068 730 ornamentis

282 742 391 770 enituit.
419 742 469 771 llic
492 747 614 779 tempore
636 746 811 785 tempestatis
835 747 1067 775 consentientium

282 795 376 815 secum
396 789 422 815 in
451 789 502 817 [ide
525 796 690 818 conventum
716 792 890 827 gubernavit,
914 793 1067 827 adjutorem

282 833 385 862 hahcns
407 835 570 863 laudabilem
588 837 770 871 Stephanum.
791 847 872 873 queui
890 839 980 874 ipsunt
996 848 1067 875 quo-

282 887 334 914 que
346 880 457 909 divinus
477 881 600 910 llcletius
616 882 649 909 ad
674 883 725 910 alia
741 885 892 911 certamina
909 885 1066 912 destinavit.

281 925 348 952 Cum
365 927 437 953 enim
456 928 629 962 cngnovisset
646 928 845 956 Germaniciani
862 929 977 958 Eudoxii
993 935 1067 965 peste

280 977 438 1006 corruptam
466 981 538 1006 esse,
566 975 690 1002 sanando
716 976 812 1003 morbo
829 976 964 1003 medicum
993 977 1066 1004 hunc

281 1016 365 1048 misit,
384 1017 431 1051 qui
448 1022 475 1044 ιιι
488 1017 645 1046 Grzccorum
671 1025 746 1048 artes
762 1028 858 1048 omnes
883 1021 1028 1054 didicerat,
1040 1026 1067 1050 et

280 1063 369 1090 sacris
386 1063 539 1099 disciplinis
554 1073 569 1092 a
592 1066 679 1100 prima
699 1070 780 1094 suate
798 1066 887 1094 fuerat
904 1068 1067 1096 instructus.

280 1108 374 1143 Neque
400 1117 462 1136 cmn
481 1115 556 1137 certe
583 1118 645 1146 spes
671 1111 803 1139 frustrata
831 1117 884 1140 est.
910 1112 1066 1148 Spiritalem

279 1154 351 1179 enim
374 1153 527 1182 doctrinam
545 1157 679 1184 exhibens
701 1157 781 1192 lupos
803 1158 830 1185 in
855 1166 921 1186 oves
941 1159 1066 1187 mutavit.

279 1197 314 1223 At
328 1206 442 1233 magnus
459 1199 594 1229 Eusebius
612 1201 646 1228 ab
661 1202 757 1229 exsilio
773 1210 912 1233 reversus.
925 1203 1066 1236 Acacium,

279 1242 361 1276 cujus
382 1244 500 1272 celebris
515 1249 557 1272 cst
581 1245 663 1277 fama,
683 1246 784 1274 Berma:
804 1247 943 1274 ordinavit
958 1249 1068 1283 episco-

279 1295 355 1322 pum,
374 1287 513 1324 llicrapoli
536 1298 600 1317 vero
625 1290 807 1324 Theodotum,
830 1293 912 1327 cujus
938 1293 1067 1328 religiosa

279 1335 452 1361 conversatio
468 1343 542 1362 nunc
566 1336 648 1363 etiam
666 1337 692 1363 in
709 1344 756 1364 ore
771 1343 813 1365 est
832 1338 968 1365 omnium.
983 1339 1066 1366 Chal-

279 1379 349 1406 cidis
371 1387 452 1414 porro
479 1380 637 1415 Eusebium,
660 1388 687 1410 et
710 1383 772 1418 Cyri
803 1389 905 1412 nostra:
920 1384 1067 1418 lsidorum,

279 1430 425 1461 utrumque
442 1427 641 1460 admirabilem,
652 1433 679 1456 et
691 1429 785 1456 divino
798 1431 857 1458 zelo
873 1431 1066 1466 conspicuum.

279 1470 332 1498 Sed
349 1476 376 1499 et
393 1472 536 1506 Eulogium
554 1473 642 1505 illum,
655 1475 700 1509 qui
712 1483 762 1510 pro
774 1476 924 1510 apostolica
939 1477 1067 1504 doctrina

278 1522 391 1545 strenue
411 1518 572 1550 deccrtavit,
589 1523 616 1546 ct
632 1520 799 1547 Autinoncm
825 1530 887 1548 cum
914 1521 1067 1558 Protogene

278 1565 416 1599 relegatus
441 1569 501 1598 cst,
525 1566 560 1592 ab
581 1566 677 1594 eodem
710 1567 801 1595 ferunt
825 1568 954 1601 Edessac,
972 1569 1066 1596 divino

278 1610 362 1638 Barsc
382 1615 501 1643 mortuo,
520 1616 660 1647 pastorem
680 1612 766 1641 fuisse
787 1615 953 1643 ordinatmn.
970 1616 1066 1642 Proto-

278 1664 375 1691 gencm
391 1665 456 1684 vero
481 1659 663 1685 certaminum
678 1663 794 1686 suorum
811 1661 916 1687 socium
937 1661 1068 1696 Eulogius

277 1701 372 1730 Cari-is
390 1701 522 1737 praefecit,
538 1703 609 1730 male
631 1703 736 1730 atii-cla:
753 1704 813 1731 urbi
830 1706 953 1732 curando
971 1706 1068 1732 morbo

277 1747 408 1775 idoneum
449 1749 586 1775 medicum
627 1749 855 1777 subministratis.
896 1751 1067 1778 Postremum

278 1794 400 1820 omnium
422 1793 519 1820 Marini
541 1795 651 1821 divinus
672 1795 807 1822 Eusebius
826 1795 946 1823 Doliclne
965 1798 1069 1824 creavit

277 1839 438 1874 episcopum
457 1849 464 1866 :
481 1840 612 1874 oppidum
631 1839 682 1866 hoc
699 1848 824 1874 panum,
839 1847 867 1868 ct
887 1842 989 1868 Ariana
1008 1842 1068 1870 labe

277 1889 345 1912 tunc
361 1885 465 1919 1021
485 1886 616 1920 temporis
631 1886 773 1914 infectum.
787 1886 865 1914 llunc
882 1895 948 1922 ergo
960 1887 1066 1921 Marini,

276 1930 367 1957 virum
382 1938 448 1957 sane
468 1931 649 1964 laudandum,
663 1936 690 1959 et
707 1932 801 1960 multis
815 1933 946 1960 virtutum
960 1935 1067 1968 generi-

277 1977 330 2004 bus
352 1977 498 2009 illustrem,
523 1977 550 2004 in
572 1978 723 2012 episcopali
741 1979 804 2006 scde
820 1979 958 2007 collocare
974 1981 1067 2008 volens

278 2030 394 2057 magnus
422 2023 570 2056 Eusebius,
604 2023 744 2051 Dolicham
776 2025 861 2052 venit.
892 2025 991 2054 Urbem
1025 2027 1066 2054 iu-

278 2068 397 2094 troeunti
421 2069 522 2095 mulier
543 2068 679 2103 quaedam,
704 2069 800 2096 ariana
824 2076 901 2104 peste
926 2071 1066 2104 laborans,

277 2113 404 2149 conjecta
429 2114 463 2142 de
494 2119 565 2142 tecto
596 2116 686 2151 tegula
712 2119 795 2150 caput
824 2116 911 2148 illisit,
926 2125 1014 2152 eoque
1033 2127 1066 2146 ex

277 2161 392 2189 vulnere
412 2162 483 2189 haud
507 2162 594 2189 multo
612 2167 673 2196 post
698 2163 733 2190 ad
757 2163 895 2190 meliorem
912 2163 994 2190 vitam
1016 2164 1067 2190 mi-

277 2207 376 2241 gravit.
397 2206 478 2234 Morti
498 2211 590 2235 autem
609 2208 716 2236 vicinus
732 2216 780 2236 eos
794 2209 841 2243 qui
860 2209 976 2236 aderant
991 2209 1067 2244 jure-

1117 293 1352 328 ὲκεχειροτονήκει
1379 292 1512 324 Βιτάλιον,
1527 291 1578 326 βίῳ
1605 291 1654 326 μὲν
1675 289 1783 325 ἀρίστῳ
1796 287 1907 322 κοσμού-

1118 345 1208 372 μενον,
1231 337 1278 364 καὶ
1298 338 1355 369 τοῖς
1368 337 1556 368 ἀποστολικοῖς
1569 336 1703 371 δόγμασιν
1719 333 1906 369 ὲντεθραμμέ·

1117 391 1170 414 νον,
1188 382 1299 417 ὕστερον
1311 382 1339 409 δὲ
1356 382 1404 418 τὴν
1415 382 1491 408 νόσον
1505 381 1664 416 δεξάμενον.
1683 380 1712 406 '0
1727 379 1757 405 δὲ
1770 379 1842 409 θεῖος
1855 378 1908 404 Με-

1117 429 1214 460 λέτιος,
1227 428 1358 464 Διόδωρον
1375 428 1489 460 ἐκεῖνον,
1507 424 1537 453 οὗ
1558 427 1606 453 καὶ
1620 425 1740 462 πρόσθεν
1760 424 1907 459 ἐμνήσθην,

1117 475 1162 502 τὸν
1191 463 1219 501 tv
1247 474 1287 510 τῷ
1314 474 1484 510 παγχαλέπῳ
1499 473 1613 500 κλύδωνι
1628 472 1801 500 ἀϐάπτιστον
1819 470 1850 496 τδ
1863 470 1908 504 τῆς

1124 519 1288 554 Ἐκκλησίας
1310 520 1481 546 διασώσαντα
1508 519 1620 554 σκάφος,
1646 517 1780 553 Ταρσέων
1798 516 1822 532 ⁸⁸
1845 524 1908 542 κατ-

1117 565 1215 601 έστησε
1234 565 1362 600 ποιμένα,
1382 566 1429 592 καὶ
1451 565 1480 592 τὸ
1495 565 1615 592 Κιλίκων
1644 562 1720 599 αὑτῷ
1746 562 1908 597 ἐνεχείρισεν

1117 610 1203 643 ἔθνος.
1227 610 1378 646 ’Δπαμείας
1398 611 1427 637 δὲ
1450 610 1499 647 τὴν
1524 609 1724 646 ἀρχιερατικὴν
1750 608 1907 643 ἐπιμέλειαν

1125 656 1235 691 Ἰωάννῃ
1252 656 1443 687 πεπίστευκεν,
1455 656 1485 688 ὃς
1497 653 1554 690 εἶχε
1567 655 1618 690 μὲν
1633 654 1738 682 καὶτοῦ
1753 653 1851 688 γένους
1865 652 1908 688 τὴν

1119 702 1309 737 περιφάνεια-ι,
1325 701 1520 738 κατορθώμασι
1533 702 1561 728 δὲ
1577 701 1676 737 μᾶλλον
1692 700 1807 731 οἰκείοις
1821 699 1837 733 ἢ
1850 707 1908 734 προς

1118 749 1234 783 γονικοῖς
1251 748 1451 786 ὲλαμπρύνετο.
1467 748 1545 775 Κατά
1569 747 1668 774 ταύτὸν
1693 747 1749 782 γὰρ
1771 745 1854 772 αὑτὸν
1869 746 1910 771 καὶ

1117 793 1195 828 λόγος
1207 795 1319 829 ἐκόσμει
1333 794 1381 821 καὶ
1396 793 1462 829 βίος.
1477 791 1562 825 Οὗτος
1577 794 1606 820 ὲν
1616 792 1654 828 τῷ
1663 793 1716 827 τῆς
1727 791 1814 826 ζάλης
1827 791 1910 826 καιρῷ

1117 837 1163 864 τὸν
1179 837 1234 864 τῶν
1259 838 1416 872 ὁμοπίστων
1438 837 1606 873 ἐκυϐέρνησε
1623 837 1764 870 σύλλογον.
1783 836 1909 871 συνεργὸν

1117 882 1147 909 δὲ
1161 879 1217 918 εῐχε
1231 883 1276 909 τὸν
1293 883 1450 916 ἀξιέπαινον
1468 883 1613 917 Στέφανον,
1631 882 1702 910 ἀλλά
1714 882 1764 909 καλ⁵
1779 881 1873 908 τοῦτον
1896 882 1908 906 ὀ

1085 923 1106 949 Β
1120 929 1188 961 θεῖος
1210 929 1340 961 Μελέτιος
1363 930 1403 961 εἰς
1418 930 1530 965 ἑτέρους
1543 929 1652 963 ἀγῶνας
1669 929 1834 964 μετέστησε.
1852 929 1908 955 M1-

1122 973 1176 1000 θὼν
1200 974 1254 1010 γὰρ
1281 974 1333 1001 ὑπὸ
1359 975 1408 1009 τῆς
1430 975 1555 1007 Εὐδοξίου
1573 974 1663 1009 λώϐης
1685 973 1852 1008 διεφθάρθαι
1865 973 1909 1009 τὴν

1120 1019 1319 1055 Γερμανίκειαν
1334 1019 1421 1055 [203],
1433 1019 1527 1046 τοῦτον
1540 1019 1685 1046 ἀπέστειλε
1714 1019 1809 1053 ἰατρὸν
1825 1018 1908 1050 ἀλεξί-

1118 1073 1203 1092 κακον
1216 1073 1223 1080 ·
1254 1065 1301 1092 καὶ
1316 1065 1360 1092 διὰ
1377 1065 1469 1100 πάσης
1482 1064 1536 1100 γὰρ
1552 1063 1619 1100 ἦκτο
1642 1064 1772 1096 παιδείας
1793 1064 1907 1099 Ἐλληνι-

1119 1111 1181 1145 κῆς,
1198 1111 1246 1137 καὶ
1263 1111 1318 1141 τοῖς
1335 1110 1417 1142 θείοις
1428 1110 1610 1146 ὲνετέθραπτο
1624 1110 1755 1144 δόγμασι.
1783 1109 1839 1135 Καὶ
1862 1110 1906 1144 τῆς

1117 1156 1225 1188 ἐλπίδος
1241 1156 1291 1182 οὐκ
1307 1155 1438 1191 ἐψεύσθη.
1454 1156 1493 1191 Τῇ
1509 1155 1563 1190 γὰρ
1580 1156 1756 1190 πνευματικῇ
1773 1154 1906 1189 χρώμενος

1117 1202 1277 1238 διδασκαλίᾳ
1290 1202 1421 1237 μετέλαϐε
1435 1202 1498 1234 τοὺς
1514 1201 1613 1233 λύκους
1627 1202 1668 1232 εἰς
1683 1200 1819 1236 πρόϐατα.
1840 1201 1867 1226 '0
1880 1201 1904 1226 δὲ

1119 1249 1205 1284 μέγας
1222 1248 1359 1282 Εὐσέϐιος,
1373 1250 1406 1275 ὲκ
1420 1249 1469 1283 τῆς
1480 1247 1629 1283 ὑπερορίας
1646 1245 1816 1277 ἐπανελθὼν,
1832 1246 1904 1272 Ἀκά-

1117 1302 1176 1321 κιον
1199 1293 1259 1328 μὲν,
1274 1289 1304 1320 οὗ
1320 1293 1386 1320 πολὺ
1409 1293 1440 1319 τὸ
1456 1292 1545 1324 κλέος,
1562 1293 1590 1318 ἐν
1611 1291 1712 1327 Βεροίᾳ
1723 1291 1902 1326 κεχειροτόνη-

1119 1347 1165 1365 κεν
1181 1347 1187 1354 ·
1213 1340 1242 1365 ὲν
1260 1338 1408 1374 Ἱεραπόλει
1425 1338 1453 1364 δὲ
1470 1337 1598 1365 Θεόδοτον
1611 1338 1655 1371 ιδ’,
1673 1335 1706 1364 οὗ
1729 1337 1782 1372 τὴν
1803 1338 1904 1371 ἀσκητι-

1118 1384 1169 1420 κὴν
1184 1384 1322 1411 πολιτείαν
1338 1384 1418 1419 μέχρι
1433 1384 1480 1410 καὶ
1495 1385 1615 1419 τήμερον
1643 1383 1757 1419 ᾄδουσιν
1784 1383 1902 1412 ἅπαντες.

1118 1430 1248 1457 Εὐσέϐιον
1273 1430 1302 1456 δὲ
1331 1429 1465 1461 Χαλκίδος
1488 1430 1521 1463 ³⁷,
1548 1430 1640 1465 Κύρου
1657 1430 1686 1456 δὲ
1702 1430 1753 1466 τῆς
1779 1429 1904 1465 ἡμετέρας

1125 1478 1268 1514 Ἰσίδωρον·
1282 1478 1440 1512 ἁξιαγὰστω
1449 1478 1477 1504 δὲ
1489 1479 1574 1514 ήστην
1590 1478 1684 1513 ἄμφω,
1700 1478 1748 1504 καὶ
1763 1477 1836 1512 ζήλῳ
1849 1478 1905 1511 θεὶῳ

1118 1524 1330 1559 κεκοσμημένα),
1355 1523 1423 1551 Φασὶ
1437 1524 1465 1550 δὲ
1483 1524 1567 1550 αὐτὸν
1578 1524 1625 1550 καὶ
1640 1523 1773 1557 Εὑλόγιον
1801 1523 1905 1554 ἐκεῖνον,

1118 1570 1163 1597 τὸν
1176 1570 1245 1606 ὑπὲρ
1256 1570 1310 1596 τῶν
1323 1570 1509 1597 ἀποστολικῶν
1520 1569 1709 1605 ἠγωνισμένον
1721 1569 1745 1585 ⁸⁸
1761 1569 1906 1604 δογμάτων,

1119 1617 1166 1643 καί
1186 1617 1226 1648 είς
1248 1617 1298 1651 τὴν
1319 1616 1431 1643 Ἀντινὼ
1449 1616 1518 1651 μετά
1532 1616 1726 1651 Πρωτογένους
1743 1615 1908 1650 ἀπεσταλμέ-

1119 1671 1172 1694 νον,
1185 1662 1235 1697 τῆς
1254 1662 1364 1697 Ἐδέσης
1379 1662 1400 1679 λ’
1413 1662 1668 1698 κεχειροτονηκέναι
1687 1661 1810 1696 ποιμένα
1824 1669 1831 1676 ⁸
1843 1662 1906 1696 Βάρ-

1119 1716 1169 1742 σης
1190 1707 1243 1742 γὰρ
1262 1708 1276 1734 6
1293 1707 1434 1739 θεσπέσιος
1453 1708 1502 1743 ἤδη
1516 1707 1562 1733 τοῦ
1576 1707 1633 1742 βίου
1651 1707 1772 1738 τὸτέλος
1786 1706 1906 1732 ἐδέδεκτο.

1118 1753 1246 1787 Εύλόγιος
1261 1753 1288 1779 δὲ
1314 1753 1503 1788 Προπογένην,
1518 1753 1571 1780 τῶν
1585 1753 1700 1787 ἀγώνων
1716 1753 1764 1779 τὸν
1779 1753 1906 1782 κοινωνὸν,

1118 1800 1177 1830 ταῖς
1195 1799 1301 1834 Κάραις
1313 1799 1336 1815 ⁹⁰
1350 1799 1511 1834 ἐπέστησεν,
1531 1799 1624 1834 ἰατρὸν
1640 1798 1807 1831 ἀλεξίκακον
1821 1799 1867 1824 οὐκ
1881 1796 1906 1824 εὖ

1118 1847 1279 1883 διακειμένῃ
1294 1847 1487 1881 δωρησάμενος
1506 1846 1592 1872 πόλει.
1615 1846 1645 1872 '0
1657 1846 1684 1872 δὲ
1701 1846 1775 1877 θεῖος
1791 1845 1907 1876 Εὐσέϐιος

1118 1893 1233 1928 ἔσχατον
1249 1893 1397 1921 ἐπίσκοπον
1413 1893 1506 1928 Μάριν
1523 1894 1555 1928 τῇ
1572 1893 1668 1928 Δολιχῇ
1693 1892 1905 1927 κεχειροτόνηκε-

1118 1940 1232 1974 πολιχνη
1256 1940 1278 1955 ⁹¹
1302 1939 1330 1965 δὲ
1356 1939 1425 1973 αὕτη
1447 1939 1562 1974 σμικρὰ,
1584 1939 1631 1965 καὶ
1659 1938 1711 1973 τῆς
1743 1937 1906 1973 Ἀρειανικῆς

1116 1984 1196 2010 νόσου
1215 1984 1275 2010 κατ’
1286 1984 1374 2010 έκεῖνο
1387 1982 1435 2010 τοῦ
1454 1983 1550 2018 καιροῦ
1567 1983 1740 2018 μετειλήφει.
1755 1982 1855 2008 τοῦτον
1868 1981 1907 2006 τὸν

1118 2029 1222 2064 Μάριν,
1243 2029 1402 2062 ἀξιέπαινον
1416 2028 1490 2059 ὂντα,
1504 2028 1550 2053 καὶ
1569 2027 1677 2057 πολλοῖς
1694 2026 1795 2052 εἴδεσιν
1814 2024 1909 2059 ἀρετῶν

1118 2075 1302 2110 ἠγλαϊσμένον
1315 2075 1348 2106 ",
1375 2073 1513 2108 ἑνιδρύσαι
1540 2073 1596 2104 τοῖς
1623 2072 1775 2106 ἱερατικοῖς
1790 2070 1910 2099 ἐθελέσας

1120 2121 1217 2152 θώκοις
1234 2121 1248 2147 ὁ
1261 2120 1348 2155 μέγας
1361 2119 1500 2151 Εὐσέϐιος,
1515 2118 1564 2153 τὴν
1581 2117 1696 2152 Δολιχὴν
1713 2117 1737 2132 ’³
1754 2115 1908 2143 κατέλαϐεν.

1119 2167 1235 2195 Εἰσιὸντι
1257 2167 1285 2193 δὲ
1307 2165 1383 2201 αὑτῷ
1408 2165 1476 2200 γυνὴ
1500 2173 1551 2196 τις,
1567 2164 1617 2198 τῆς
1635 2162 1814 2199 ’Λρειανικῆς
1839 2162 1910 2188 νόσω

1118 2212 1346 2248 ὲμπεπλησμένη,
1365 2211 1489 2246 κέραμον
1516 2210 1621 2237 ἄνωθεν
1640 2209 1786 2245 ἐπαφῆκεν
1802 2207 1855 2234 ἀπὺ
1868 2206 1910 2233 τοῦ

275 2253 395 2287 jnrando
412 2253 558 2286 astrinxit,
581 2262 614 2281 nc
630 2261 712 2288 quam
730 2262 745 2280 a
765 2255 878 2282 muliere
902 2255 965 2282 facti
984 2255 1066 2290 hujus

1122 2258 1244 2291 στέγους,
1258 2257 1287 2288 ὃς
1304 2257 1353 2292 τήν
1365 2264 1395 2282 τε
1410 2254 1530 2290 κεφαλὴν
1551 2254 1706 2288 συνέτριψε,
1721 2254 1770 2280 καὶ
1793 2254 1851 2288 μετ’
1862 2251 1910 2277 ὀλί-

278 2306 386 2333 poenam
402 2304 592 2334 reposcerent,
609 2299 755 2327 Dominum
768 2308 866 2335 nempe
880 2309 960 2328 suum
975 2302 1066 2328 imita-

277 2353 332 2378 tus,
346 2346 392 2380 qui
410 2354 459 2382 pro
475 2346 687 2374 cruciiixorilms
702 2346 761 2374 suis
780 2354 864 2374 orans
878 2347 947 2374 dixit
962 2357 968 2374 :
985 2357 995 2374 ι
1015 2348 1067 2374 Pa-

277 2396 330 2423 ter,
345 2393 451 2419 dimitte
466 2392 533 2424 illis,
553 2400 608 2418 non
619 2391 691 2418 enim
709 2393 799 2420 sciunt
813 2393 879 2427 quid
895 2393 996 2421 faciant
1008 2399 1018 2413 ο
1031 2403 1038 2427 ;
1054 2404 1063 2420 ι

277 2443 305 2465 et
328 2446 492 2466 conservum
522 2437 692 2472 Stephanum
723 2442 784 2473 post
811 2439 913 2467 multos
943 2440 1065 2474 lapidum

277 2485 349 2512 ictus
374 2484 537 2511 clamantem
560 2492 566 2510 :
591 2492 600 2509 ι
623 2483 746 2515 Domine,
768 2492 801 2512 ne
816 2489 922 2513 statuas
939 2485 994 2514 illis
1016 2487 1067 2514 hoc

277 2532 422 2564 peccatum
437 2528 462 2555 ιι.
487 2537 496 2553 ι
513 2529 521 2538 “
537 2526 596 2555 Tali
612 2533 700 2556 morte
725 2534 786 2564 post
811 2531 912 2558 multos
930 2535 957 2558 et
978 2532 1068 2559 varios

278 2582 380 2610 agones
398 2574 484 2602 vitam
502 2573 572 2602 ﬁniit
586 2582 702 2610 magnus
719 2575 866 2609 Eusebius,
880 2581 908 2604 et.
930 2577 978 2612 qui
996 2576 1062 2604 Bar-

315 2658 325 2671 ο
341 2651 408 2679 Luc.
422 2660 497 2686 χχιιι,
513 2652 557 2681 54.
596 2651 609 2672 τι
627 2654 687 2681 Act.
709 2662 755 2686 vn,
772 2654 812 2682 59.

1120 2312 1168 2338 γον
1184 2304 1223 2334 είς
1241 2303 1286 2329 τὸν
1301 2303 1406 2338 ἀμείνω
1431 2301 1487 2336 βίον
1512 2300 1706 2335 παρέπεμψεν.
1730 2300 1759 2326 '0
1775 2299 1806 2325 δὲ
1823 2299 1907 2324 τελευ-

1120 2351 1174 2377 τῶν
1191 2349 1389 2386 παρηγγύησεν
1409 2348 1501 2383 ὅρκοις
1523 2348 1587 2378 τοῦς
1613 2346 1752 2381 παρόντας
1782 2345 1907 2379 πεδήσας,

1122 2396 1189 2431 μηδὲ
1221 2395 1285 2430 μίαν
1307 2394 1356 2430 τὴν
1379 2393 1458 2420 τοῦτο
1483 2392 1623 2428 δράσασαν
1645 2390 1795 2426 εἰσπρᾶξαι
1810 2390 1906 2424 ποινήν.

1121 2442 1175 2468 Καὶ
1199 2440 1244 2468 τὸν
1269 2441 1369 2466 οἰκεῖον
1385 2439 1439 2474 γὰρ
1454 2437 1550 2473 ἐζήλου
1565 2436 1717 2470 Δεσπότην,
1733 2436 1763 2466 ὃς
1778 2436 1846 2469 περὶ
1861 2434 1907 2460 τῶν

1119 2486 1331 2523 ἐσταυρωκότων
1355 2485 1407 2519 ἔφη
1421 2492 1427 2498 ·
1445 2493 1454 2509 ι
1474 2484 1576 2518 Πάτερ,
1589 2483 1657 2516 ἄφες
1683 2482 1785 2512 αὐτοῖς,
1807 2481 1837 2506 οὺ
1862 2479 1907 2514 γὰρ

1119 2533 1207 2560 οἴδασι
1234 2531 1260 2558 τί
1288 2531 1414 2558 ποιοῦσι·
1428 2539 1437 2555 i
1456 2529 1502 2555 καὶ
1526 2528 1572 2554 τὸν
1595 2527 1741 2562 ὁμόδουλον
1767 2526 1905 2560 Στέφανον,

1121 2578 1192 2614 μετὰ
1221 2578 1270 2608 τὰς
1298 2577 1399 2608 πολλὰς
1426 2575 1480 2603 τῶν
1509 2574 1591 2602 λὶϐων
1619 2573 1735 2609 νιφάδας
1763 2573 1905 2608 βοήσαντι·

915 2729 1031 2757 VARle
1052 2729 1251 2758 LECTIONES.

311 2775 335 2816 “f
350 2775 570 2816 Tmévﬁode
584 2776 643 2804 ι’ίηί
659 2777 940 2816 ςιιιιιΝίεοριι-Ᾰιίει·
957 2777 1041 2816 Eccl-3
1055 2776 1112 2816 xl'.
1125 2777 1151 2804 5-
1167 2777 1212 2816 ,Ψ
1228 2775 1445 2816 Mamre-.99?-
1462 2774 1548 2816 Grec:
1577 2775 1599 2790 ⁸⁷
1614 2773 1797 2816 “hiem;-
1815 2773 1901 2816 55ft?”-

316 2809 450 2848 ἀγωνισμ.
467 2812 528 2839 Bas.
544 2812 632 2848 Graec.
662 2814 683 2829 ⁸³
702 2809 837 2847 Ἐδέσσης.
854 2813 924 2840 Idem
940 2821 1002 2839 cum
1019 2813 1112 2848 Steph.
1128 2817 1153 2839 et
1167 2811 1282 2848 Niceph.
1296 2846 1301 2848 ἒ
1319 2811 1341 2826 ⁹⁰
1356 2811 1489 2848 Κᾴρῤαις.
1507 2811 1589 2848 Πύριν
1603 2817 1666 2848 (ζιιιιι
1683 2809 1797 2848 Niceyh-
1825 2809 1847 2848 ξ’
1861 2810 1904 2834 Δο-

278 2846 348 2883 λίχῃ.
371 2846 427 2873 Pini
451 2847 533 2883 liber.
557 2847 706 2876 Continuat
735 2846 860 2883 Niceph.,
892 2856 1047 2883 quanquam
1068 2846 1191 2883 ‘scmpcr
1218 2846 1314 2875 scribit
1330 2846 1452 2881 Δολίχνη.

277 2874 431 2918 “Si/1W.
450 2882 507 2909 l’ini
519 2884 614 2910 codex.

1507 2846 1527 2861 "
1541 2844 1733 2880 ἀγλαϊσμενον.
1746 2844 1809 2871 Bas.
1823 2844 1902 2871 Crat.
