1998 3121
110 177 181 211 1205

606 178 902 208 ΕΟΟιΕΞΙΛΞΤῘΟίΕ
920 179 1110 209 IIISTORI/E
1129 181 1201 210 LIB.
1221 182 1251 211 l'.

1662 179 1730 213 1206

112 242 121 258 ι
142 233 241 269 Κύριε,
259 233 295 269 μὴ
311 233 412 269 στήσῃς
428 234 519 265 αὐτοῖς
543 233 592 268 τὴν
605 234 741 269 ἁμαρτίαν
755 232 867 268 ταύτην.
885 241 894 258 ι

950 233 1030 261 baros
1045 234 1072 260 in
1089 233 1204 260 Thracia
1224 238 1358 267 evaserat,
1378 235 1524 270 impiorum
1541 234 1730 263 haereticorum

108 279 222 306 Τοιοῦτο
247 279 317 313 μετὰ
342 279 407 311 τοὺς
432 279 620 311 παντοδαποὺς
645 280 754 314 ἀγῶνας
771 279 786 305 ὁ
813 278 899 313 μέγας

108 325 240 357 Εὐσέϐιος
254 325 362 358 ἐδέξατο
372 325 457 358 τέλος,
476 326 595 357 καὶτοὺς
618 326 647 351 ἐν
669 326 702 360 τῇ
717 325 812 360 Θρᾴκῃ
829 324 897 359 βαρ-

107 370 210 406 εάρους
239 371 387 406 διαφυγὼν,
411 372 461 404 τὰς
484 371 538 398 τῶν
553 371 691 398 δυσσεϐὦν
709 369 855 406 αἰρετικῶν
868 369 898 395 οὺ

106 416 219 451 διέφυγε
245 419 348 454 χεῖρας,
365 417 432 445 ἀλλὰ
446 417 478 444 δι’
490 418 602 445 ἐκείνων
616 418 662 446 τὸν
675 418 723 445 τοῦ
747 415 899 452 μαρτυρίου

108 461 242 496 στέφανον
255 462 413 497 ἀνεδήσατο.
428 463 522 490 Ταῦτα
539 463 588 499 μὲν
603 459 649 490 οὖν
674 462 743 498 μετὰ
770 461 820 496 τὴν
849 461 899 486 ἐπ-

107 506 202 534 άνοδον
229 508 283 534 τῶν
308 508 466 536 ἐπισκόπων
487 509 606 543 ἐγένετο.
620 507 770 544 Γρατιανδς
783 506 822 538 δὲ,
845 505 897 540 τὴν

948 286 1046 306 manus
1069 279 1190 314 eﬂ'ugcrc
1213 287 1266 306 non
1286 280 1386 314 potuit,
1401 280 1447 307 scd
1465 270 1586 316 martyrii
1602 286 1731 306 coronam

948 330 997 358 per
1011 331 1058 351 eos
1072 328 1115 351 cst
1137 324 1264 359 adeptus.
1280 324 1342 352 Ilaec
1359 325 1442 360 igitur
1457 329 1518 359 post
1538 325 1654 351 reditum
1676 325 1733 358 epi-

948 375 1094 403 sc0porum
1121 373 1196 403 gesta
1211 373 1284 395 sunt.
1301 368 1448 396 Gratianus
1465 372 1571 401 autem,
1587 368 1731 395 Thraciam

947 421 962 440 a
979 413 1120 445 Barbaris,
1140 414 1186 449 qui
1214 414 1356 442 Valentem
1376 414 1587 441 combusserant
1601 435 1608 446 ,
1631 413 1732 440 vastari

946 461 1048 487 certior
1060 459 1262 494 factus,relicta
1275 459 1361 492 Italia,
1373 459 1400 487 in
1412 459 1581 487 Pannoniam
1594 458 1733 494 profectus

945 508 996 532 est.

106 553 220 590 Θρᾴκην
233 555 385 591 δῃουμένην
405 555 498 591 μαθὼν
516 556 568 582 ὑπὸ
578 557 633 583 τῶν
651 556 696 582 τὸν
719 554 838 582 Βάλεντα
866 551 1044 578 κεκαυκότων
1069 551 1224 588 βαρϐάρων,
1259 551 1417 579 καταλιπὼν
1446 551 1495 586 τὴν
1534 550 1658 582 Ἰταλίαν,
1694 549 1733 580 είς

106 601 158 636 τὴν
172 601 304 628 Πανονίαν
320 601 342 617 ’⁸
356 600 479 634 ἀφίκετο.

356 648 430 685 ῖεοι]
457 649 582 675 arma.
609 648 647 675 E'.

232 694 301 728 Περὶ
324 694 380 728 τῆς
404 695 564 722 Θεοδοσίου
580 694 772 728 στρατηγίας.

144 740 212 766 Κατ’
227 740 329 780 ἐκεῖνον
344 740 372 767 δὲ
391 740 437 767 τὸν
452 739 547 775 καιρὸν
565 739 714 772 Θεοδόσιος,
736 739 779 766 διὰ
797 747 827 765 τε
846 739 896 774 τὴν

108 784 164 812 τῶν
191 785 330 820 προγόνων
356 786 545 821 περιφάνειαν,
570 785 617 812 καὶ
646 785 689 812 διὰ
717 786 766 821 τὴν
793 785 896 812 οἰκείαν

108 831 244 866 ἀνδρείαν,
271 831 485 872 ὀνομαστότατος
501 829 544 867 ἦν,
563 832 611 858 καὶ
631 831 726 858 τούτου
744 831 824 868 χάριν
843 831 896 858 ὑπὸ

107 860 166 903 τοῦ¹
175 860 272 911 φθόνου
299 860 353 914 tibi;
379 860 518 912 ὁμοτίρῖων
535 860 558 893 1⁵
582 877 628 904 καὶ
642 860 788 913 ὁμοφύλων
802 876 897 913 βαλλό-
909 860 931 889 c

108 930 200 957 μενος,
227 921 256 948 ὲν
277 923 337 953 ταῖς
363 922 494 954 Σπανὶαις
512 922 534 939 ⁸⁸
557 922 691 958 διέτριϐεν
704 931 711 938 ·
731 924 760 949 ἐν
778 923 896 955 ἐκείναις

106 969 161 1004 γὰρ
176 968 227 1003 ἔφυ
245 977 273 995 τε
291 968 338 995 καὶ
349 968 463 1004 ἐτράφη.
489 968 611 1004 ’Δπορῶν
626 967 657 1004 δὴ
677 965 723 994 οὖν
737 968 750 994 ὁ
770 967 896 1002 βασιλεὺς

105 1014 120 1040 ὃ
136 1022 162 1040 τι
181 1013 234 1050 χρὴ
253 1013 361 1049 δράσαι,
382 1013 548 1049 φυσηθέντες
570 1014 624 1050 γὰρ
649 1015 680 1040 ἐκ
702 1014 751 1049 τῆς
773 1014 852 1050 νίκης
871 1016 895 1041 οὶ

106 1059 255 1095 βάρὸαροι,
278 1059 411 1095 δύσμαχοι
427 1057 496 1096 ἦσάν
513 1068 543 1086 τε
565 1059 612 1086 καὶ
626 1059 746 1093 ἐδόκουν,
761 1059 810 1095 τὴν
833 1060 896 1086 Θεο-⁴

105 1105 196 1131 δοσίου
213 1105 379 1140 στρατηγίαν
391 1105 467 1132 λύσιν
476 1105 594 1133 ὑπέλαϐε
605 1105 659 1132 τῶν
674 1105 776 1132 κακῶν.
792 1105 896 1133 Αὐτίκα

104 1151 139 1186 δὴ
156 1149 214 1183 οὖν,
237 1152 270 1178 ἐκ
285 1151 340 1178 τῶν
356 1153 480 1179 Σπανιῶν
502 1152 524 1168 9"
545 1152 591 1179 τὸν
613 1152 696 1187 ἄνδρα
717 1152 896 1187 μεταπεμψά-

106 1204 198 1232 μενος,
216 1197 265 1223 καὶ
291 1197 443 1233 στρατηγὸν
459 1198 662 1233 χειροτονήσας,
680 1198 748 1233 μετὰ
767 1198 816 1233 τῆς
832 1206 895 1225 συν-

103 1242 266 1278 ειλεγμένης
291 1243 428 1278 ἐξέπεμψε
462 1244 600 1278 στρατιᾶς.
631 1243 661 1270 '0
690 1243 719 1269 δὲ
744 1244 776 1279 τῇ
807 1244 896 1270 πίστει

105 1288 278 1323 φραξάμενος
304 1288 462 1324 θαρσαλέως
482 1287 636 1323 ἐξώρμησε,
656 1288 765 1323 καὶτῆς
785 1288 896 1323 Θρᾴκης

103 1334 215 1366 ἐπιϐὰς,
248 1335 296 1361 καὶ
330 1335 394 1366 τοὺς
430 1334 587 1370 βαρϐάρους
611 1334 780 1369 θεασάμενος
812 1334 895 1369 ὁμόσε

103 1379 273 1415 χωροῦντας,
298 1379 377 1412 ἔταξε
402 1379 451 1415 τὴν
475 1379 605 1415 στρατιὰν
629 1380 667 1411 ὡς
687 1380 710 1396 ⁸⁸
731 1380 772 1411 είς
794 1380 894 1415 μάχην.

110 1424 279 1459 ’Δψιμαχίας
301 1424 330 1451 δὲ
349 1425 510 1460 γενομένης,
539 1425 589 1451 οὐκ
615 1425 773 1459 ἐνεγκόντες
798 1426 896 1452 ἐκεῖνοι

102 1469 154 1504 τὴν
179 1469 306 1505 ἐμσολὴν,
330 1470 379 1505 τὴν
397 1469 473 1503 τάξιν
493 1470 637 1496 κατέλιπον
650 1477 657 1484 ·
681 1471 731 1505 τῆς
749 1469 779 1496 δὲ
793 1470 896 1504 τροπῆς

104 1515 266 1550 γενομένης,
292 1515 317 1541 οἱ
339 1515 388 1551 μὲν
405 1515 531 1550 ἔφευγον,
547 1516 571 1542 οε
589 1515 616 1542 δὲ
632 1515 803 1550 κατακράτος
817 1515 895 1542 ἐδίω-

105 1569 165 1588 κον,
194 1561 280 1593 Πολὺς
305 1561 333 1587 δὲ
360 1561 438 1596 φόνος
467 1561 522 1589 τῶν
544 1561 691 1597 βαρϐάρων
714 1562 832 1596 ἐγένετο.
856 1561 894 1587 Οὐ

106 1608 190 1643 μόνον
211 1607 266 1642 γὰρ
290 1607 342 1633 ὑπὺ
361 1607 514 1644 Ῥωμαίων,
535 1608 603 1634 ἀλλὰ
627 1608 675 1635 καὶ
699 1608 745 1634 ὑπ’
772 1608 895 1644 ἀλλήλων

105 1653 268 1680 ἐκτείνοντο.
295 1652 374 1680 Οὕτω
396 1653 425 1680 δὲ
448 1653 502 1680 τῶν
529 1653 663 1680 πλείστων
686 1654 894 1689 ἀναιρεθέντων,

105 1697 206 1732 ὀλίγων
231 1698 260 1724 δὲ
284 1698 340 1725 τῶν
354 1699 446 1725 λαθεῖν
473 1699 642 1734 δυνηθέντων
673 1699 823 1727 διαϐάντων
850 1701 896 1728 τὸν

107 1744 226 1779 Ἴστρον,
243 1744 322 1776 εὐθὺς
335 1745 349 1770 ό
359 1744 468 1780 ἄριστος
479 1745 640 1781 στρατηγὸς,
650 1745 684 1781 ἢν
695 1742 751 1780 εἶχε
766 1754 795 1772 στ
801 1746 896 1781 ρατιὰν

108 1793 139 1818 ἐν
155 1793 218 1822 ταῖς
235 1791 417 1824 πελαζούσαις
435 1792 528 1819 πόλεσι
547 1791 651 1825 διελὼν,
671 1793 751 1824 αὐτὸς
768 1793 835 1828 πρὸς
851 1793 896 1820 τὸν

108 1837 222 1873 βασιλέα
246 1838 395 1873 Γρατιανὺν
424 1839 495 1866 κατὰ
520 1839 601 1874 τάχος
628 1839 747 1866 ἐλαύνων
772 1840 895 1874 ἀφίκετο,

107 1885 164 1912 τῶν
182 1886 290 1912 οἰκείων
312 1885 450 1921 τροπαίων
472 1886 494 1903 ³⁸
523 1886 667 1920 γενόμενος
692 1886 816 1920 ἄγγελος.
843 1887 898 1914 Καὶ

108 1928 195 1954 πιστὰ
223 1929 272 1963 μέν
293 1928 384 1962 λέγειν
415 1929 478 1956 οὐδὲ
502 1929 577 1964 αὺτῷ
603 1929 690 1956 ἐδόκει
717 1930 756 1965 τῷ
783 1930 895 1965 βασιλεῖ,

109 1973 394 2009 ὐπερεκπληττομένῳ
408 1974 438 2001 τδ
454 1974 580 2008 γεγονός·
596 1975 620 2000 οἱ
636 1974 664 2001 δὲ
675 1976 734 2006 ταῖς
743 1975 834 2001 ἁκίσι¹
849 1976 896 2002 τοῦ

110 2019 209 2053 φθόνου
232 2019 401 2055 βαλλόμενοι,
424 2021 471 2047 καὶ
499 2020 666 2054 πεφευγέναι
694 2021 773 2047 αὐτὸν
794 2020 897 2055 ελεγον,

109 2066 158 2092 καὶ
172 2065 365 2101 διεφθαρκέναι
387 2067 437 2101 τὴν
460 2066 602 2102 στρατιάν,
624 2066 653 2093 'U
666 2066 695 2093 δὲ
713 2066 776 2098 τοὺς
793 2067 899 2093 ἀντιτε-

108 2110 264 2145 ταγμένους
288 2110 418 2146 ἐξῄτησεν
446 2110 620 2142 ἀποστεῖλαι,
649 2110 696 2136 καὶ
716 2110 819 2144 γνῶναι
835 2110 899 2136 τῶν

110 2158 295 2194 ἀνῃρημένων
311 2157 459 2193 βαρὸάρων
474 2158 504 2184 τὸ
518 2157 629 2192 πλῆθος,
652 2156 756 2192 Ῥᾴδιον
774 2156 813 2189 δὲ,
835 2156 898 2191 ἔφη,

111 2203 159 2229 καὶ
174 2203 229 2230 ἀπὸ
241 2202 296 2229 τῶν
315 2202 422 2230 σκύλων
444 2202 592 2236 ἐπιγνῶναι
614 2202 659 2229 τὸν
681 2201 807 2237 ἀριθμόν.
830 2200 900 2228 Τού-

111 2257 168 2281 τοις
192 2249 267 2282 εῖξας
289 2251 347 2280 τοῖς
371 2250 459 2284 λόγοις
475 2250 490 2276 ὁ
510 2249 648 2284 βασιλεὺς,
670 2248 814 2275 ἀπέστειλε
836 2248 900 2279 τοὺς

111 2295 263 2331 ὀψομένους
274 2296 309 2322 τὰ
318 2296 510 2331 πεπραγμένα,
521 2297 568 2323 καὶ
581 2291 668 2322 ταῦτα
684 2295 864 2332 μηνύσοντας.

357 2341 432 2378 [-205]
458 2342 583 2370 ΚΕΦΛΛ.
614 2343 658 2375 ς’.

112 2387 182 2421 Περὶ
211 2386 268 2419 τῆς
294 2387 403 2414 τούτου
425 2388 597 2448 ξασῖλείας,
626 2387 676 2414 καὶ
695 2384 739 2415 ὧν
765 2385 902 2420 “posiae,-

459 2431 491 2448 νε
504 2431 572 2448 οων.

459 2431 572 2457 νειρων.

156 2467 186 2493 ’0
200 2467 230 2494 δὲ
244 2466 355 2502 ἄριστος
370 2468 521 2503 στρατηγὸς
540 2467 622 2494 αὑτοῦ
645 2467 749 2502 μείνας,
769 2467 830 2502 δψιν
847 2465 902 2493 εϊδε

114 2510 265 2539 θεσπεσίαν
286 2513 359 2545 τινὰ,
377 2514 424 2540 καὶ
447 2514 513 2549 παρ’
529 2513 612 2540 αὑτοῦ
639 2513 729 2549 σαφῶς
757 2513 831 2548 αὐτῷ
847 2513 902 2540 δει-

114 2556 227 2592 χθεῖσαν
241 2559 251 2574 ²
264 2559 312 2586 τοῦ
325 2559 378 2587 τῶν
396 2560 464 2586 ὅλων
485 2560 562 2587 Θεοῦ,
587 2560 690 2587 Ἐδόκει
706 2560 761 2596 γὰρ
777 2561 843 2596 ὁρᾷν
857 2559 903 2586 τὸν

110 2603 188 2631 θεῖον
212 2605 357 2639 Μελὲτιον,
382 2606 433 2641 τῆς
467 2607 624 2641 Ἀντιοχέων
663 2606 826 2641 Ἐκκλησίας
857 2606 904 2633 τὸν

117 2649 261 2686 πρόεδρον,
296 2651 407 2686 χλανίδα
432 2660 461 2678 τε
491 2652 565 2688 αὑτῴ
585 2651 726 2687 βασιλικὴν
746 2652 902 2687 περιθέντα,

1123 650 1200 678 CAP.
1217 650 1247 678 V.
1274 650 1314 686 [Β.
1334 649 1374 676 St.
1396 649 1428 677 ν.
1445 649 1495 676 Ch.

1091 696 1129 723 De
1148 696 1293 724 Theodosio
1316 696 1444 731 magistro
1467 695 1592 721 militum.

983 745 1035 773 Per
1059 744 1086 772 id
1104 748 1213 778 tempus
1228 741 1401 770 Theodosius
1422 745 1448 769 ct
1468 741 1602 776 majorum
1620 748 1733 779 suorum

948 791 1105 822 nobilitate,
1121 793 1148 816 et
1162 797 1211 816 sua
1233 788 1321 823 ipsius
1339 787 1439 815 virtute
1456 786 1628 814 clarissimus
1649 785 1734 813 habe-

949 837 1030 864 batur
1046 845 1052 862 :
1066 842 1182 869 eamque
1206 834 1242 861 ob
1258 841 1381 865 causam,
1399 840 1460 860 cum
1478 832 1623 867 mqualium
1648 839 1735 866 popu—

949 883 1103 916 lariumque
1118 879 1221 907 invidia
1240 879 1346 914 1022
1361 881 1540 913 premeretur,
1557 877 1584 904 in
1604 876 1734 912 Hispania

947 929 1031 956 vitam
1058 926 1188 957 ducebat,
1209 925 1236 952 in
1257 933 1310 960 qua
1329 929 1409 951 natus
1426 923 1614 958 educatusque
1634 922 1733 950 fuerat.

949 975 1029 1010 Inops
1042 981 1108 1009 ergo
1124 971 1234 1000 consilii
1251 969 1315 1006 qtlid
1332 973 1424 1004 ageret
1444 969 1601 1003 imperator,
1618 976 1650 995 eo
1662 968 1735 1003 quod

947 1020 1060 1048 Barbari
1075 1019 1140 1047 elati
1155 1017 1272 1045 victoria
1287 1024 1358 1051 asgrc
1374 1014 1448 1042 vinci
1466 1018 1588 1049 possent,
1600 1019 1646 1041 aut
1664 1014 1735 1040 vinci

947 1075 1028 1103 posse
1042 1065 1212 1095 viderentur,
1235 1063 1315 1090 linem
1331 1061 1410 1088 malis
1430 1060 1553 1087 futurum
1569 1060 1696 1090 credidit,
1709 1060 1733 1087 si

947 1112 1134 1141 Theodosium
1165 1110 1204 1138 rei
1239 1107 1366 1135 militaris
1405 1107 1503 1135 ducem
1541 1106 1734 1133 constitueret.

946 1159 1036 1193 Quare
1048 1157 1165 1185 accitum
1177 1163 1239 1182 mox
1254 1163 1287 1182 ex
1299 1153 1430 1188 IIispania
1445 1152 1604 1188 magistrum
1620 1152 1736 1178 militum

931 1204 1098 1235 .renuntiat,
1116 1202 1288 1235 collectoque
1305 1207 1367 1227 cum
1393 1199 1514 1226 exercitu
1541 1198 1568 1225 in
1587 1196 1737 1232 expeditio-

945 1258 1006 1278 nem
1023 1248 1148 1277 dimittit.
1165 1247 1212 1274 Ille
1227 1253 1291 1274 vero
1311 1245 1365 1272 fide
1381 1244 1505 1272 nnmitus
1521 1251 1619 1279 magna
1638 1242 1736 1270 fiducia

946 1297 997 1323 iter
1020 1293 1149 1328 suscipit,
1172 1292 1368 1327 ingressusque
1392 1290 1420 1316 in
1435 1289 1582 1316 Thraciam
1618 1291 1645 1314 et
1667 1286 1735 1313 Bar-

945 1340 1030 1368 baros
1054 1346 1088 1366 ex
1116 1337 1233 1364 adverso
1262 1335 1405 1363 venientes
1438 1334 1625 1368 conspicatus,
1650 1332 1737 1359 aciem

946 1387 981 1414 ad
1014 1391 1134 1420 pugnam
1161 1383 1303 1411 instruxit.
1330 1380 1532 1416 Congressione
1560 1379 1642 1411 facta,
1674 1385 1737 1405 cum

946 1432 1076 1466 impetum
1093 1430 1132 1456 illi
1151 1436 1206 1456 non
1222 1428 1335 1459 ferrent,
1353 1426 1466 1454 ordines
1486 1426 1617 1452 deserunt
1633 1434 1640 1451 :
1657 1423 1737 1458 fuga-

946 1485 1000 1511 que
1025 1475 1106 1507 inita,
1121 1474 1168 1500 alii
1193 1477 1269 1507 terga
1287 1476 1411 1504 vertunt,
1433 1471 1479 1497 alii
1504 1477 1555 1505 pro
1577 1470 1682 1496 viribus
1696 1468 1738 1495 in.

948 1526 1112 1557 sequuntur.
1134 1520 1230 1554 Magna
1263 1518 1291 1544 ﬁt
1320 1521 1428 1551 strages
1460 1516 1657 1542 Barbarornm.
1683 1513 1738 1541 Nec

949 1569 1021 1596 enim
1047 1574 1062 1593 a
1086 1565 1219 1593 Ruinanis
1241 1564 1329 1591 solum
1355 1562 1542 1593 caedebantur,
1559 1560 1608 1589 sed
1636 1560 1738 1588 mutuis

949 1613 1002 1648 ipsi
1018 1620 1127 1651 quoque
1145 1610 1306 1638 vulneribus
1325 1608 1516 1636 concidebant.
1535 1607 1665 1634 Plurimis
1687 1614 1738 1633 au-

950 1665 1004 1688 tem
1020 1659 1072 1687 hoc
1087 1658 1168 1685 modo
1182 1655 1347 1687 interfectis,
1360 1655 1509 1690 paucisque
1523 1653 1570 1688 qui
1587 1652 1739 1680 subducere

950 1714 980 1734 se
998 1708 1155 1741 potuerant,
1177 1703 1278 1729 Istrum
1304 1700 1505 1731 transgressis,
1529 1698 1660 1725 continuo
1683 1697 1738 1724 dux

950 1752 1082 1787 optimus,
1100 1757 1173 1781 cum,
1189 1755 1270 1782 quem
1296 1746 1413 1773 habebat
1443 1744 1605 1775 exercitum,
1631 1751 1678 1778 per
1700 1743 1740 1769 vi-

951 1799 1028 1826 cinas
1043 1797 1126 1824 urbes
1142 1794 1330 1829 dispersisset,
1354 1792 1386 1818 ad
1416 1792 1607 1826 imperatorem
1631 1788 1739 1816 Gratia-

951 1853 1028 1876 num,
1051 1848 1081 1870 ut
1102 1849 1214 1870 suorum
1243 1841 1302 1875 ipse
1330 1843 1495 1873 tropreorum
1525 1836 1639 1864 nuntius
1668 1838 1741 1862 esset

951 1896 1059 1918 summa
1087 1886 1265 1914 festinatione
1289 1883 1440 1912 contendit.
1467 1882 1601 1908 Caeterum
1626 1880 1740 1914 impera-

952 1934 1016 1967 tori,
1041 1933 1077 1961 οι)
1102 1931 1142 1959 rei
1172 1928 1390 1965 magnitudinem
1422 1927 1548 1959 attonito,
1571 1924 1742 1952 incredibilia

951 1987 1011 2015 qua!
1027 1978 1159 2006 narrabat
1172 1977 1337 2004 videbantur
1350 1983 1357 2002 :
1369 1974 1428 2005 alii,
1439 1981 1509 2008 quos
1523 1971 1626 1999 stimuli
1640 1979 1742 2006 punge-

953 2027 1019 2053 bant
1041 2024 1164 2055 invidia',
1181 2027 1207 2049 et
1234 2021 1338 2057 fugisse
1353 2021 1443 2056 ipsum
1469 2019 1609 2049 dicebant,
1623 2022 1649 2045 et
1666 2025 1743 2044 excr-

953 2072 1038 2098 eitum
1051 2062 1191 2096 atriisisse.
1206 2067 1276 2094 Tum
1302 2067 1348 2093 ille
1373 2066 1441 2092 istos
1456 2065 1531 2100 ipsos
1547 2063 1593 2099 qui
1613 2063 1742 2089 adversa-

953 2117 1054 2143 bantur
1070 2116 1077 2124 '
1093 2114 1166 2140 mitti
1191 2113 1280 2147 petiit,
1306 2116 1337 2138 ut
1363 2111 1398 2138 de
1417 2117 1550 2138 ca-sorum
1568 2108 1744 2136 multitudine

956 2163 1165 2196 cognoscerent.
1183 2158 1274 2184 Facile
1295 2163 1414 2190 namque
1440 2155 1483 2182 vel
1501 2162 1533 2181 ex
1561 2154 1656 2189 spoliis
1682 2161 1744 2188 per-

917 2214 938 2242 n
954 2207 1021 2242 spici
1050 2205 1139 2233 aiebat
1157 2210 1303 2231 numerum
1331 2208 1422 2237 posse.
1444 2199 1552 2232 Quibus
1567 2199 1657 2226 verbis
1683 2205 1744 2232 per-

955 2260 1054 2281 suasus
1069 2252 1230 2286 imperator.
1243 2248 1317 2275 misit
1333 2247 1380 2282 qui
1396 2253 1440 2273 res
1453 2249 1545 2281 gestas
1557 2245 1742 2280 explorarent,

954 2304 980 2327 et
999 2299 1033 2326 de
1049 2298 1091 2325 his
1108 2300 1201 2331 postea
1219 2294 1362 2322 referrent.

1081 2342 1186 2377 1023
1201 2340 1277 2369 CAP.
1296 2339 1329 2366 Vl
1348 2339 1389 2375 [Β.
1409 2338 1448 2365 St.
1467 2337 1498 2365 V.
1514 2336 1564 2364 Ch.
1581 2336 1620 2371 6.]

1040 2387 1079 2415 De
1094 2388 1210 2422 ejusdem
1226 2385 1347 2419 imperia.
1363 2389 1387 2411 et
1402 2384 1456 2411 viso
1474 2391 1520 2417 per
1531 2389 1661 2410 somnum.

990 2466 1099 2494 Interim
1117 2471 1183 2492 vero
1199 2462 1321 2490 manenti
1341 2460 1412 2496 apud
1429 2459 1591 2487 Gratianum
1614 2460 1744 2492 prmstan-

955 2513 1064 2542 tissime
1090 2510 1248 2538 Theodosio
1272 2507 1464 2536 admirandum
1488 2504 1642 2540 quoddam.
1661 2507 1688 2529 et
1710 2503 1744 2529 ab

956 2561 1017 2596 ipso
1043 2558 1116 2586 haud
1131 2556 1214 2584 dubie
1229 2555 1421 2582 universorum
1442 2552 1498 2579 Deo
1516 2551 1642 2582 missum,
1655 2549 1743 2576 visum

959 2594 1080 2633 oblatum
1103 2607 1155 2631 est.
1169 2601 1319 2629 Videbatur
1340 2599 1413 2627 enim
1438 2597 1532 2626 videre
1550 2596 1672 2623 divinum
1692 2594 1737 2621 ble-

958 2652 1063 2684 Ietium,
1084 2648 1214 2677 Ecclesia:
1229 2645 1407 2674 Antiocheam
1421 2643 1582 2675 antistitem,
1600 2642 1646 2677 qui
1661 2641 1731 2675 impo

759 2728 871 2756 νΑιιιΑῐ
891 2727 1092 2756 LECTIONES.

152 2807 176 2823 ’⁸
191 2806 350 2842 Παννονίαν.
367 2807 429 2834 Bas.
444 2807 530 2834 Gneo.
557 2812 584 2834 ct
603 2807 697 2842 Steph.

123 2850 138 2868 a
151 2842 213 2868 Bas.
229 2841 328 2873 Graux,
339 2843 433 2877 Str-pb.
444 2847 471 2869 et
486 2843 581 2877 Kpiph.
598 2841 668 2870 "isi.
684 2843 744 2877 (rip.
756 2842 801 2875 IX,
814 2843 840 2870 4.

124 2886 139 2904 a
157 2877 208 2904 Bas
236 2877 323 2904 Graec.
380 2879 401 2893 9”
417 2877 548 2912 τροπέων.
567 2877 647 2905 Idem.

743 2808 765 2824 "’
783 2807 820 2834 Ita
838 2807 1007 2842 Christoph..
1024 2807 1096 2834 Scal.
1112 2810 1138 2842 et
1155 2806 1273 2834 Casanb.
1286 2806 1338 2834 Sed
1359 2805 1439 2842 verba
1447 2813 1503 2842 3(th
1519 2802 1632 2842 aitagit;
1647 2802 1746 2842 absunt

896 2843 919 2859 °°
936 2837 1094 2873 ’1σπανὶαις.
1109 2841 1202 2868 Iidem.
1241 2842 1264 2857 "
1278 2841 1429 2868 Ἰσπανιῶν.
1447 2837 1541 2866 Iidem.
1579 2838 1601 2853 9“
1618 2837 1655 2868 ὡς
1671 2837 1746 2864 abest

707 2879 713 2894 ¹
732 2878 832 2905 ἀκτῖσι.
849 2877 931 2906 Idem.
970 2880 978 2894 '
992 2878 1024 2904 ἐκ
1041 2878 1115 2905 addit
1127 2876 1283 2912 lihrisloph.
