1998 3121
206 133 273 168 1211

712 137 954 167 TlIEODORETI
966 137 1134 167 EPISCOPI
1148 138 1331 168 CYRENSIS

1715 120 1717 122 ’
1761 133 1828 166 1212

202 190 355 218 canouibus
381 190 415 217 ad
441 193 544 217 rectam
568 190 697 218 Ecclesia:
715 190 980 217 administrationem

1044 190 1184 225 Ἱεκτάριον
1196 190 1361 225 εὐπατρίδην
1374 190 1468 225 ἄνδρα,
1492 190 1539 217 καὶ
1553 190 1718 224 περιφανεία
1728 190 1828 223 γένους

202 235 294 268 editis,
305 235 454 270 Nicaeaeque
470 236 594 271 exposita
608 236 659 263 tide
674 236 761 271 palam
774 236 944 266 confirmata,
960 235 986 261 in

203 289 280 308 suam
293 281 406 316 quisque
422 282 538 316 patriam
553 281 655 309 reversi
667 285 740 309 sunt.
750 281 887 316 Sequenti
907 285 988 307 aesta-

203 330 240 358 te,
261 334 321 353 cum
352 326 385 353 ad
418 327 540 354 eamdem
556 327 650 354 urbem
668 326 864 354 ecclesiasticis
889 325 988 352 iterum

203 371 319 406 negotiis
335 371 441 399 evocati
460 372 568 406 plurimi
588 372 746 403 rediissent,
762 370 921 406 synodicam
955 370 990 396 ab

203 417 423 445 Occidentalibus
434 417 569 452 episcopis
580 417 722 452 epistolam
737 419 915 450 acceperunt,
936 422 989 449 qua

204 463 402 495 imitabantur,
434 468 464 490 ut
495 462 608 490 Romam
633 463 665 489 ad
691 463 839 498 synodum,
866 469 927 497 quae
945 462 982 488 ibi

208 510 328 535 maxima
355 509 512 544 cogebatur,
531 516 560 535 se
576 509 743 536 conferrem.
764 507 865 535 Verum
886 507 913 534 hi
932 507 991 533 lon-

211 555 341 589 ginquam
360 556 472 590 quidem
491 555 689 590 profectionem
713 555 787 582 velut
804 553 926 581 inutilem
947 552 990 579 fu-

210 603 300 626 turam
316 600 454 635 deprecati
470 605 534 628 sunt
553 610 559 627 :
578 600 721 635 epistolam
736 603 826 626 anteiit
844 598 990 628 miserunt,

206 643 234 670 in
249 651 302 678 qua
316 645 462 679 procellam
482 650 577 672 contra
596 644 732 671 Ecclesias
743 644 892 670 excitatam
906 642 991 676 signi-

209 688 333 720 ﬁcantes,
352 690 460 717 illorum
470 690 519 717 hac
533 689 559 716 in
572 697 601 716 re
613 689 804 724 negligentiam
815 687 990 714 denotabant.

207 735 371 769 Apostolica:
381 744 489 770 quoque
506 736 639 763 doctrina:
659 743 793 763 summam
810 734 905 762 iisdem
921 733 991 760 litte-

207 780 245 807 ris
261 781 427 809 indiderunt.
441 782 493 808 Sed
510 781 690 809 scribentium
702 781 829 808 virtutem
844 788 875 807 ac
885 780 993 814 sapien-

208 825 272 852 tiam
288 827 384 854 litterze
403 827 467 862 ipsa:
483 828 606 862 apertius
621 827 810 854 declarabunt.

208 872 400 907 κροτουμένης.
427 872 506 899 Ἀλλὰ
525 872 573 908 τὴν
607 873 654 908 μὲν
680 871 834 907 ἀποδημίαν
862 869 1073 906 παρῃτήσαντο,
1093 867 1130 898 ὼς
1159 866 1236 892 οὐδὲν
1262 866 1377 901 ἔχουσαν
1414 866 1509 901 κέρδος
1536 874 1542 880 “

1039 236 1236 271 κοσμούμενον,
1252 236 1299 262 καὶ
1318 237 1374 267 τοῖς
1391 236 1439 270 τῆς
1454 236 1553 271 ἀρετῆς
1572 235 1654 262 εἴδεσι
1668 235 1829 270 λαμπρυνό-

1041 290 1130 316 μενον,
1150 281 1298 308 ὲπίσκοπον
1318 281 1368 315 τῆς
1381 281 1512 316 μεγίστης
1529 280 1637 314 ἐκείνης
1655 280 1828 315 ἐχειροτόνη-

1040 335 1090 353 σαν
1104 327 1216 359 πόλεως,
1229 327 1274 354 τὸν
1291 327 1318 353 δὲ
1335 327 1471 361 Μάξιμον,
1496 326 1534 358 ὡς
1566 326 1616 361 τῆς
1637 326 1829 360 Ἀπολιναρίου

1041 372 1250 407 φρενοϐλαϐείας
1269 372 1456 407 μετειληχάτα,
1472 372 1522 406 τῆς
1535 372 1730 407 ἀρχιερατικῆς
1749 371 1830 403 ἀξίας

1040 417 1248 452 γυμνώσαντες,
1269 418 1455 453 ἀπεκήρυξαν.
1484 418 1539 444 Καὶ
1567 417 1682 448 κανόνας
1705 416 1734 442 δὲ
1761 416 1829 451 περὶ

1040 462 1089 496 τῆς
1102 462 1330 497 ὲκκλησιαστικῆς
1352 462 1506 497 γράψαντες
1529 461 1678 496 εὐκοσμίας
1691 480 1700 493 ,
1717 460 1763 487 καὶ
1779 460 1828 495 τὴν

1041 507 1199 533 ὲκτεθεῑσαν
1220 506 1310 533 πίστιν
1334 507 1363 532 ὲν
1377 506 1480 540 Νικιία
1498 506 1608 541 βεϐαίαν
1625 505 1716 540 μένειν
1737 505 1830 538 διαγο-

1042 551 1208 586 ρεύσαντες,
1234 551 1273 581 είς
1301 550 1350 582 τὰς
1373 551 1476 582 οἰκείας
1503 549 1654 584 ἐπανῆλθον
1682 549 1828 584 πατρίδας.

1042 595 1095 622 Τοῦ
1112 596 1141 622 δὲ
1155 595 1348 630 ἐπιγενομένου
1365 594 1477 630 θέρους,
1495 596 1536 627 είς
1557 595 1664 629 ἐκείνην
1683 592 1764 624 αὖθις
1780 593 1830 628 τὴν

1042 642 1119 668 πόλιν
1135 641 1160 668 οἱ
1175 641 1294 667 πλεῖστοι
1311 640 1413 667 τούτων
1434 640 1660 676 παραγενόμενοι,
1680 639 1830 673 ἐκκλησια-

1044 684 1134 710 στικαὶ
1153 684 1207 719 γὰρ
1221 684 1320 716 αὐτοὺς
1340 683 1421 711 πάλιν
1438 684 1620 710 συνεκάλεσαν
1643 684 1749 718 χρεῖαι,
1769 691 1831 708 aw-

1043 729 1135 764 οδικὴν
1161 729 1305 765 ἐπιστολὴν
1335 729 1388 756 τῶν
1425 729 1476 764 τῆς
1510 729 1644 764 Ἐσπέρας
1673 729 1830 755 ἐπισκόπων

1043 774 1177 808 ἐδέξαντο,
1197 775 1236 806 είς
1253 775 1302 810 τὴν
1333 775 1444 810 Ῥώμην
1467 775 1566 805 αὐτοὺς
1592 774 1740 808 ἀφικέσθαι
1765 782 1830 808 προ-

1043 821 1198 856 τρέπουσαν
1210 839 1217 852 .
1234 819 1308 856 [208]
1325 820 1364 852 ὡς
1378 821 1486 847 συνόδου
1506 820 1636 855 μεγίστης
1656 819 1750 846 αὐτόθι
1766 828 1830 852 συγο

1588 865 1747 892 ἐπέστειλαν
1790 865 1828 897 δὲ,

205 915 252 942 τόν
271 925 299 942 τε
323 917 443 944 κλύδωνα
475 918 520 944 τὸν
544 918 613 944 κατὰ
637 917 690 944 τῶν
715 916 880 951 Ἐκκλησιῶν
909 913 1099 942 ἐπαναστάντα
1121 912 1317 946 σημαίνοντες,
1352 912 1400 938 καὶ
1434 912 1483 946 τὴν
1516 910 1710 947 ’γεγενημένην
1743 910 1830 938 αὐτῶν

206 961 334 993 ἀμέλειαν
356 963 544 997 αἰνιττόμενοι.
577 963 621 990 Ἐν
656 963 794 997 κεφαλαίῳ
818 962 878 987 se"
905 960 951 986 καὶ
983 958 1014 984 τὸ
1041 956 1218 984 άποστολικὸν
1246 958 1301 988 τοῖς
1327 956 1489 993 γράμμασιν
1523 956 1656 992 ἐνέθηκαν
1692 955 1827 991 φρόνημα.

207 1009 375 1045 Σαφέστερον
389 1010 417 1036 δὲ
429 1011 476 1045 τὴν
493 1011 546 1037 τῶν
560 1011 737 1046 γεγραφότων
754 1009 879 1044 ἀνδρείαν
897 1016 927 1034 τε
941 1006 988 1033 καὶ
1009 1005 1103 1039 σοφίαν
1116 1004 1186 1031 αὐτὰ
1199 1004 1314 1040 δηλώσει
1328 1003 1363 1030 τὰ
1376 1005 1538 1040 γράμματα.

382 1055 458 1082 car.
475 1055 518 1085 ix.
533 1055 578 1091 [Β.
597 1056 637 1083 St.
653 1055 683 1082 v.
702 1056 751 1082 Ch.
772 1054 817 1090 9.]

243 1099 363 1134 Epistola
382 1101 508 1135 synodica
523 1101 627 1127 concilii
648 1099 945 1129 Constantinopolitani.

242 1176 365 1204 Dominis
384 1177 619 1210 honoratissimis,
640 1182 667 1204 ct
684 1176 924 1204 reverendissimis
941 1176 994 1203 fra-

207 1222 296 1249 tribus
321 1225 348 1249 et
374 1223 500 1257 collegis,
527 1222 655 1253 Damaso,
682 1222 840 1253 Ambrosio,
865 1221 992 1254 Brittoui,

208 1267 369 1299 Valeriano,
387 1267 528 1299 Ascholio,
552 1268 678 1299 Auemio,
710 1268 822 1299 Basilio,
835 1271 861 1294 et
880 1267 995 1302 reliquis

208 1312 314 1339 sanctis
327 1312 464 1346 episcopis
480 1312 506 1338 in
524 1319 621 1346 magna
634 1313 702 1339 urbe
717 1312 801 1338 Roma
812 1313 993 1347 congregatis,

208 1361 303 1385 sancta
326 1357 447 1392 synodus
473 1357 688 1384 orthodoxorum
716 1358 921 1392 episcoporum,
947 1359 994 1392 qui

208 1404 235 1430 in
245 1404 351 1439 1028
360 1411 455 1438 magna
468 1403 535 1430 urbe
545 1403 785 1438 Constantinopoli
797 1408 994 1438 convenerunt,

207 1449 238 1477 in
252 1449 367 1477 Domino
378 1450 504 1477 salutem.

244 1535 446 1563 Multitudinem
471 1536 659 1563 calamitatum
687 1536 767 1563 nobis
781 1535 815 1562 ab
832 1535 995 1562 Arianorum

209 1582 331 1617 potentia
347 1581 520 1609 inflictarum'
533 1583 713 1609 reverentiam
733 1586 849 1608 restrain
867 1582 939 1608 vclut
951 1589 996 1608 cas

208 1628 379 1662 ignorantem
407 1627 516 1658 docere,
549 1630 575 1654 et
601 1635 732 1654 enarrare
762 1635 995 1660 supervacaneum

208 1673 326 1700 videtur.
343 1671 436 1707 Neque
452 1673 525 1700 enim
544 1676 598 1698 tam
614 1672 690 1706 parvi
713 1679 757 1699 res
770 1676 879 1698 nostras
895 1672 997 1698 ducere

1344 1049 1459 1075 ΚΕΦΑΛ
1491 1049 1529 1074 θ’.

1045 1093 1212 1121 Συνοδικὸν
1247 1093 1326 1127 παρὰ
1358 1093 1412 1127 τῆς
1431 1094 1477 1154 far
1513 1094 1828 1120 Κωνσταντινουπόλει

1368 1136 1429 1154 συν
1467 1136 1513 1154 ου.

1368 1136 1513 1155 συνοοου.

1079 1172 1190 1208 Κυρίοις
1205 1173 1380 1208 τιμιωτάτοις
1391 1195 1398 1205 ,
1416 1172 1463 1199 καὶ
1481 1172 1688 1205 εὐλαϐεστάτοις
1710 1173 1827 1207 ἀδελφοῖς

1045 1218 1093 1245 καὶ
1117 1218 1352 1254 συλλειτουργοῖς,
1376 1218 1495 1252 Δαμάσῳ
1510 1238 1517 1249 ,
1552 1217 1728 1252 ’Δμῦροσίῳ,
1755 1218 1828 1253 Βρίτ-

1044 1265 1139 1291 τωνι²⁰
1151 1283 1159 1296 ,
1179 1263 1371 1299 Οὐαλεριανῷ,
1393 1263 1522 1298 ’Λσχολίῳ
1536 1263 1557 1279 ¹¹
1568 1284 1576 1296 ,
1599 1263 1729 1298 Ἀνεμίῳ,
1753 1263 1826 1289 Βασι-

1045 1310 1124 1345 λείῳ,
1152 1311 1197 1336 καὶ
1225 1312 1282 1342 τοῖς
1307 1310 1411 1341 λοιποῖς
1440 1310 1530 1343 ἁγίοις
1561 1309 1741 1340 ὲπισκέποις,
1776 1309 1825 1340 τοῖς

1046 1355 1254 1390 συνεληλυθόσιν
1268 1356 1297 1382 ὲν
1311 1357 1343 1390 τῇ
1361 1355 1466 1390 μεγάλῃ
1481 1355 1557 1381 πόλει
1568 1355 1591 1370 ⁹¹
1611 1354 1718 1390 Ῥώμῃ,
1733 1356 1750 1389 ἡ
1768 1354 1827 1388 ἁγία

1047 1401 1153 1433 σύνοδος
1176 1401 1230 1427 τῶν
1244 1401 1391 1436 ὀρθοδόξων
1417 1401 1574 1427 ἐπισκόπων
1587 1420 1594 1432 ,
1611 1400 1665 1426 τῶν
1689 1400 1829 1435 συνεληλυ-

1045 1447 1129 1474 θότων
1143 1447 1172 1473 ὲν
1187 1448 1218 1482 τῇ
1234 1447 1339 1483 μεγάλῃ
1359 1447 1468 1474 πόλει¹⁹
1487 1446 1783 1478 Κωνσταντινουπόλει,
1801 1446 1828 1471 ὲν

1046 1491 1140 1526 Κυρίῳ
1155 1491 1270 1527 χαίρειν.

1081 1536 1117 1561 Τὸ
1143 1536 1191 1570 μὲν
1216 1537 1252 1567 ὡς
1279 1535 1430 1569 ἁγνοοῦσαν
1451 1535 1501 1571 τὴν
1527 1536 1665 1572 ὑμετέραν
1690 1536 1829 1562 εὐλάϐειαν

1045 1580 1201 1613 διδάσκειν,
1222 1583 1269 1608 καὶ
1296 1581 1447 1616 διηγεῖσθαι
1476 1582 1531 1608 τῶν
1565 1582 1738 1617 παθημάτων
1749 1582 1772 1597 ¹³
1803 1582 1830 1608 τὸ

1047 1627 1159 1660 πλῆθος,
1171 1627 1224 1653 τῶν
1240 1626 1413 1662 ἐπαχθέντων
1427 1627 1492 1661 ἡμῖν
1510 1627 1586 1661 παρὰ
1600 1628 1651 1662 τῆς
1663 1627 1718 1653 τῶν
1730 1628 1830 1662 Ἄρει]-

1047 1671 1100 1697 νῶν
1110 1671 1133 1687 ’⁸
1155 1672 1316 1703 δυναστείας
1329 1691 1337 1704 ,
1366 1671 1493 1706 περιττὸν
1513 1672 1587 1703 ἴσως.
1614 1672 1683 1698 οὔτε
1698 1672 1753 1706 γὰρ
1766 1672 1831 1698 οὕτω

208 1718 378 1746 arbitramur
412 1718 541 1753 pietatem
568 1722 696 1749 vestram,
730 1722 759 1743 ut
776 1717 809 1743 de
827 1717 870 1743 his
901 1716 993 1743 doceri

1048 1718 1186 1752 πάρεργον
1201 1717 1236 1743 τὰ
1248 1717 1309 1743 καθ’
1324 1717 1397 1752 ἡμᾶς
1409 1718 1512 1752 κρίνειν
1532 1717 1580 1751 τὴν
1599 1717 1738 1752 ὑμετέραν
1755 1716 1831 1751 ἡγού-

211 1771 281 1798 opus
294 1763 423 1795 habeant,
440 1763 541 1797 quibus
556 1763 704 1789 condolere
718 1762 864 1796 oportebat
883 1771 889 1788 :
907 1769 996 1796 neque

207 1808 346 1844 ejusmodi
369 1813 448 1835 erant
462 1811 650 1842 tempestates,
665 1808 766 1842 quibus
783 1807 930 1834 conﬂictati
947 1815 995 1834 su-

208 1862 281 1886 mus,
297 1858 326 1881 ut
340 1854 422 1880 latere
440 1854 475 1880 ob
490 1853 656 1880 tenuitatem
675 1853 825 1887 potuerint.
843 1851 896 1879 Sed
912 1856 938 1879 et
953 1860 996 1879 re-

208 1907 276 1926 cens
291 1903 399 1933 tempus
426 1898 649 1932 persecutionum
678 1898 766 1924 vivam
793 1897 882 1924 adhuc
907 1902 996 1924 servat

209 1945 382 1976 memoriam,
401 1952 454 1970 non
473 1945 499 1970 in
516 1944 551 1970 iis
564 1943 645 1970 modo
656 1944 702 1978 qui
720 1944 793 1978 passi
813 1948 887 1976 sunt,
902 1944 949 1971 sed
967 1944 993 1971 in

210 1990 244 2017 iis
261 1991 342 2017 etiam
356 1989 403 2024 qui
418 1997 608 2024 perpessurum
618 1997 754 2016 atruumas
771 1984 819 2024 per
830 1990 994 2017 charitatem

211 2036 389 2071 participant.
413 2035 479 2062 Nam
504 2036 562 2062 heri
590 2035 685 2068 ferme,
716 2035 738 2062 si
765 2035 858 2062 dicere
874 2035 947 2066 licet.
963 2043 996 2062 ac

209 2080 310 2108 nudius
320 2081 419 2107 tertius
432 2081 541 2115 quidam
554 2080 643 2107 exsilii
659 2080 774 2107 vinculis
791 2080 871 2106 soluti
887 2080 920 2106 ad
945 2079 996 2105 lis-

208 2126 306 2154 clesias
321 2134 386 2153 suas
399 2134 446 2162 per
458 2126 530 2153 mille
542 2126 660 2160 pericula
684 2126 798 2157 rediere,
812 2133 997 2152 mortuorum-

212 2178 266 2206 que
280 2172 306 2198 in
323 2172 422 2199 exsilio
440 2171 531 2198 relatae
543 2175 608 2199 sunt
626 2171 749 2205 reliquiae
761 2181 766 2197 :
779 2171 890 2205 quidam
914 2171 996 2197 etiam

208 2221 272 2252 post
289 2216 407 2244 reditum
425 2218 458 2244 ab
471 2218 569 2245 exsilio
593 2218 620 2244 in
633 2218 784 2244 ferventem
801 2217 891 2243 adhuc
909 2218 996 2243 lia-re-

208 2263 325 2289 ticorum
339 2263 458 2290 furorem
470 2264 652 2294 incurrentes,
665 2262 800 2296 lapidibus
818 2262 851 2288 ab
870 2262 911 2289 eis
923 2262 996 2290 sicut

208 2307 306 2335 beatus
326 2307 484 2342 Stephanus
504 2308 609 2340 obruti,
626 2307 751 2341 graviora
768 2308 794 2333 in
812 2308 898 2342 patria
916 2316 997 2343 quam

209 2355 237 2382 in
255 2356 344 2382 alieno
357 2355 416 2381 solo
436 2354 619 2388 pertulerunt.
635 2352 687 2378 Alii
705 2352 824 2380 diversis
855 2354 997 2388 suppliciis

212 2400 414 2431 excarniﬁcati,
433 2400 563 2434 stigmata
580 2398 684 2426 Christi
698 2403 724 2425 et
737 2399 843 2426 vibices
864 2399 954 2427 adhuc
966 2400 994 2427 in

209 2453 326 2480 corpore
351 2443 562 2472 circumferunt.
593 2442 776 2470 Pecuniarum
801 2451 866 2471 vero
883 2444 994 2478 damna,

212 2494 241 2518 et
259 2491 361 2518 multas
388 2489 542 2521 civitatum,
564 2492 591 2515 et
605 2488 724 2523 privatas
747 2489 918 2525 singulorum
931 2498 996 2525 pro-

210 2536 375 2571 scriptiones
391 2554 398 2567 ,
431 2534 544 2562 insidias
562 2553 569 2567 ,
602 2534 800 2568 contumelias,
818 2539 845 2562 et
872 2544 998 2564 carceres

1048 1763 1118 1798 μεθα
1134 1762 1300 1795 θεοσέϐειαν,
1321 1762 1359 1794 ὡς
1371 1762 1476 1789 δεῖσθαι
1496 1762 1542 1789 τοῦ
1566 1763 1663 1797 μαθεῖν
1679 1762 1778 1793 ταῦτα,
1795 1760 1832 1793 οἷς

1046 1809 1129 1844 ἐχρῆν
1157 1808 1318 1842 συναλγεῖν·
1342 1807 1404 1834 οὔτε
1423 1808 1538 1834 τοιοῦτοί
1560 1816 1632 1839 τινες
1659 1808 1831 1843 περισχόντες

1046 1856 1120 1890 ἡμᾶς
1142 1855 1291 1890 χειμῶνες,
1311 1854 1349 1886 ὡς
1364 1854 1504 1881 λανθάνειν
1524 1855 1578 1881 ἀπὸ
1593 1855 1616 1870 ¹¹
1641 1855 1830 1890 σμικρότητος.

1047 1900 1080 1926 "U
1091 1908 1120 1925 τε
1140 1900 1234 1934 χρόνος
1254 1899 1309 1926 τῶν
1326 1899 1454 1935 διωγμῶν
1464 1899 1487 1916 ¹⁶
1513 1900 1629 1935 νεαρὸς,
1657 1900 1771 1926 ἔναυλον
1795 1900 1832 1926 ἑτι

1046 1945 1190 1978 φυλάττων
1219 1945 1267 1980 τὴν
1293 1945 1422 1980 μνήμην,
1447 1944 1478 1971 οὐ
1496 1946 1552 1975 τοῖς
1567 1944 1715 1971 πεπονθόσι
1745 1945 1831 1980 μόνον,

1046 1990 1114 2017 ἀλλὰ
1128 1991 1175 2016 καὶ
1185 1991 1206 2006 ³⁷
1225 1992 1281 2022 τοῖς
1303 1990 1336 2016 δι’
1351 1990 1463 2025 ἀγάπην
1481 1990 1516 2016 τὰ
1530 1990 1584 2016 τῶν
1598 1990 1776 2017 πεπονθότων
1792 1992 1831 2017 οι-

1046 2036 1224 2070 κειουμένοις.
1241 2035 1312 2067 Χθὲς
1328 2035 1381 2071 γὰρ
1403 2035 1441 2065 ὠς
1455 2036 1542 2062 είπεῐν
1565 2035 1605 2062 ἐτι
1626 2036 1673 2062 καὶ
1693 2036 1789 2071 πρώην
1808 2036 1830 2062 οἱ

1048 2082 1097 2117 μὲν
1115 2081 1169 2108 τῶν
1191 2082 1240 2117 τῆς
1255 2081 1362 2116 ἐξορίας
1378 2081 1504 2113 λυθέντες
1521 2082 1628 2116 δεσμῶν
1642 2082 1683 2113 είς
1703 2082 1753 2112 τὰς
1774 2083 1833 2109 ἑαυ-

1046 2127 1098 2154 τῶν
1121 2127 1285 2162 Ἐκκλησίας
1311 2127 1357 2154 διὰ
1383 2127 1488 2163 μυρίων
1517 2128 1672 2162 ὲπανήκασι
1701 2128 1830 2162 θλίψεων

1046 2173 1099 2199 τῶν
1114 2173 1141 2199 δὲ
1156 2173 1202 2199 καὶ
1213 2173 1409 2199 τελειωθέντων
1423 2174 1451 2199 ὲν
1467 2174 1526 2205 ταῖς
1540 2173 1659 2208 ἐξορίαις
1672 2174 1832 2208 ὲπανεκομί-

1047 2218 1098 2253 σθη
1112 2219 1146 2244 τὰ
1163 2218 1277 2252 λείψανα
1290 2227 1297 2234 ·
1315 2218 1387 2250 τινὲς
1403 2218 1432 2245 δὲ
1447 2219 1494 2245 καὶ
1509 2218 1578 2252 μετὰ
1598 2219 1648 2254 τὴν
1663 2219 1712 2254 τῆς
1728 2219 1832 2254 ὲξορὶας

1047 2264 1185 2296 ἐπάνοδον,
1210 2265 1251 2290 ἔτι
1277 2264 1420 2300 βράσσοντι
1439 2265 1477 2300 τῷ
1507 2265 1561 2292 τῶν
1588 2265 1736 2301 αἱρετικῶν
1758 2274 1833 2298 πῑρις

1048 2309 1176 2340 πεσόντες
1198 2309 1292 2344 θυμῷ,
1309 2309 1460 2346 πικρότερα
1480 2310 1535 2340 τῶν
1553 2311 1600 2337 ἐπὶ
1619 2312 1670 2345 τῆς
1691 2311 1832 2346 ἀλλοτρίας
1854 2337 1858 2341 ,

1049 2356 1094 2382 ἐπὶ
1117 2355 1165 2390 τῆς
1191 2355 1294 2386 οῐκειας
1310 2355 1471 2389 ὑπέμειναν,
1494 2355 1578 2387 λίθοις
1594 2356 1658 2390 παρ’
1680 2356 1770 2382 αὐτῶν
1790 2364 1832 2382 τε-

1047 2400 1204 2430 λειωθέντες
1231 2400 1300 2426 κατὰ
1327 2401 1373 2426 τὸν
1406 2401 1540 2435 μακάριον
1565 2401 1712 2434 Στέφανον.
1743 2402 1832 2428 Ἀλλοι

1047 2446 1185 2480 διαφόροις
1208 2445 1420 2478 καταξανθέντες
1443 2445 1556 2478 αἰκίαις,
1583 2445 1623 2472 ἔτι
1639 2446 1674 2472 τὰ
1698 2447 1832 2481 στίγματα

1048 2491 1095 2518 τοῦ
1123 2490 1258 2526 Χριστοῦ,
1285 2491 1414 2522 καὶτοὺς
1442 2490 1579 2526 μώλωπας
1607 2492 1636 2518 ἐν
1662 2492 1703 2526 τῷ
1729 2492 1832 2528 σώματι

1050 2537 1238 2572 περιφέρουσι.
1265 2537 1422 2572 Χρημάτων
1449 2536 1478 2563 δὲ
1501 2537 1602 2572 ζημίας
1630 2538 1678 2564 καὶ
1700 2539 1832 2575 πρστιμὴε

860 2629 976 2657 ΥΑΙΠΔΕ
991 2630 1191 2660 LECTIONLS.

266 2704 286 2720 "
301 2704 365 2745 γάρ
384 2704 547 2745 Βιιελίῖηξθσ.
566 2711 597 2745 μοι
606 2706 706 2745 Steph.
717 2708 768 2745 ﬁ"
781 2708 894 2744 Βριττῳ,
913 2709 997 2736 codex
1013 2709 1054 2737 Jo.
1071 2710 1142 2737 Pini.
1159 2710 1256 2745 Epiph.
1272 2710 1318 2744 IX,
1337 2711 1380 2742 55,
1399 2709 1542 2737 Brittonio.

213 2739 340 2775 Graec._et
354 2739 425 2770 ωε..
439 2739 552 2772 Christ.,
566 2739 667 2775 l‘lpiph;
716 2742 739 2757 "

1595 2710 1616 2725 ¹¹
1632 2710 1757 2744 ’Δχολίῳ.
1774 2709 1830 2738 Bas.

755 2745 944 2780 μεγαλοπόλὲ.
960 2745 1023 2780 Bas.
1041 2749 1068 2772 et
1087 2745 1158 2776 Pini.
1176 2747 1308 2780 probante
1324 2746 1413 2772 Vales.
1451 2746 1474 2761 ’⁸
1488 2745 1533 2772 Sic
1544 2751 1572 2780 et
1588 2745 1673 2772 Savil.
1690 2746 1759 2772 liber
1772 2753 1830 2772 cum

215 2773 339 2815 §icepl|.,
351 2774 420 2815 apud
437 2783 516 2815 quem
540 2773 737 2815 lureepistola
749 2773 837 2815 exstat
855 2778 899 2815 IL,
910 2779 944 2806 E.
958 2779 1013 2811 XII,
1028 2781 1071 2812 i6;
1088 2780 1135 2807 sed
1149 2773 1230 2807 tiasil.
1244 2780 1331 2807 Graec.
1347 2785 1374 2807 et
1387 2780 1444 2807 Lat.
1457 2787 1519 2806 cum
1538 2779 1632 2815 Steph,
1654 2780 1710 2806 τῶν
1727 2780 1830 2807 παθῶν.

216 2807 436 2844 ’δ’Δρειομανῶν.
448 2810 527 2838 Iidem
537 2807 633 2839 coddf
650 2812 672 2828 ³⁸
687 2813 816 2841 ὑπόλὶιιε.
830 2818 856 2841 et
870 2814 981 2850 Niceph.
1009 2807 1037 2831 ’³ο
1050 2807 1221 2849 δὶωγμάτων.
1233 2815 1294 2843 Bas.
1307 2815 1366 2842 Lat.
1401 2815 1422 2831 ’⁷
1442 2815 1486 2841 καί
1503 2807 1608 2842 θυεειά
1618 2814 1829 2849 Bas.ctNiceph.
