1998 3121
174 133 244 166 1213

658 137 952 169 ECCLESlASTlC'E
975 134 1166 166 HISTORIBE
1183 134 1257 165 LIB.
1273 135 1307 166 V.

1736 133 1806 166 1214

173 206 231 229 σεις
249 198 271 213 ³⁸
286 198 405 232 πόλεων,
432 199 478 227 καὶ
492 200 542 233 τὰς
555 201 608 228 τῶν
630 203 691 229 καθ’
706 203 754 231 ἕνα
767 203 913 239 δημεύσεις
924 203 959 235 ’³,

1016 200 1074 235 quis
1088 199 1252 227 enunieret?
1268 199 1370 226 llevera
1395 199 1467 226 eaim
1481 204 1588 227 cunctre
1608 202 1636 229 in
1666 207 1713 228 nos
1738 200 1805 228 allii-

173 243 249 280 [209]
273 246 319 271 καὶ
335 247 484 280 συσκευὰς,
503 248 554 275 ικαὶ
574 248 684 284 ὕϐρεις,
707 250 754 276 καὶ
776 250 962 285 δεσμωτήρια,

173 290 216 320 τίς
233 290 266 316 ἂν
279 290 517 326 ἐξαριθμήσασθαι
530 292 642 320 δύναται
653 294 691 328 ao;
705 295 794 321 Πᾶσαι
810 294 864 330 γὰρ
880 295 964 326 ὅντως

172 336 216 369 ἐφ’
248 337 321 371 ἡμᾶς
355 338 383 363 αἱ
414 337 517 372 θλίψεις
544 339 753 375 ὲπληθύνθησαν
795 341 865 376 ὑπὲρ
903 342 964 376 ἀρι-

172 381 252 416 θμὸν,
273 383 337 413 ἴσως
353 383 401 418 μὲν
422 384 483 411 ἐπεὶ
503 385 524 400 ³¹
548 385 626 417 δίκας
645 387 853 421 ἁμαρτημάτων
877 386 965 414 ὲτίνο-

173 436 226 461 μεν
245 427 277 460 ³⁸,
298 428 362 460 ῐσως
378 429 406 455 δὲ
433 430 480 456 καὶ
500 429 547 457 τοῦ
569 431 760 467 φιλανθρώπου
773 432 841 459 Θεοῦ
857 432 901 460 διὰ
917 432 964 459 τοῦ

172 473 293 508 πλήθους
304 474 359 501 τῶν
373 475 541 510 παθημάτων
556 477 630 512 ἡμᾶς
644 478 838 512 γυμνάζοντος.
856 479 878 504 Τ
879 478 965 505 ούτων

174 519 224 553 μὲν
239 517 286 546 οὖν
302 519 341 555 τῷ
364 520 424 556 Θεῷ
438 521 528 556 χάρις,
542 522 571 554 ὃς
586 523 632 549 καὶ
643 523 687 550 διὰ
700 524 835 550 τοσούτων
849 523 966 558 θλίψεων

171 564 236 595 τοὺς
253 565 351 592 ἑαυτοῦ
373 566 482 598 δούλους
495 567 641 594 ἐπαίδευσε
656 568 689 600 ³³,
708 568 755 594 καὶ
772 569 880 596 κατὰτὸ
897 569 967 604 πλῆ-

172 607 219 639 θος
234 609 290 635 τῶν
304 610 453 645 οἰκτιρμῶν
477 612 562 637 αὐτοῦ
584 611 665 638 πάλιν
685 611 818 646 ἐξήγαγεν
837 613 911 647 ἡμᾶς
927 613 967 643 εἰς

172 653 325 689 ἀναψυχήν.
356 655 438 690 Ἡμῖν
463 656 491 682 δὲ
510 658 617 692 μακρᾶς
638 657 687 692 μὲν
705 658 758 684 ἔδει
784 658 891 693 σχολῆς,
920 658 967 684 καὶ

172 699 271 726 πολλοῦ
285 701 380 736 χρόνου
405 701 452 728 καὶ
469 702 561 734 πόνου,
582 702 650 738 πρὸς
665 702 713 738 τὴν
728 703 783 730 τῶν
800 702 966 738 Ἐκκλησιῶν

171 745 371 782 ἐπανόρθωσιν,
386 748 420 774 ἵν’
439 747 534 784 ὥσπερ
549 749 581 774 ὲκ
599 750 709 784 μακρᾶς
721 749 890 785 ἀρρωστίας,
906 751 967 780 ταῖς

170 791 243 818 κατὰ
266 793 364 827 μικρὸν
384 794 555 829 ἐπιμελείαις
582 796 613 821 τὸ
634 795 713 830 σῶμα
732 796 783 830 τῆς
804 795 967 830 Ἐκκλησίας

170 836 405 873 ὲκνοσηλεύοντες,
437 839 505 875 πρὸς
535 839 584 875 τὴν
606 841 721 875 ἀρχαίαν
746 841 796 876 τῆς
824 841 966 872 εὐσεῦείας

1015 246 1121 273 ctioncs
1146 245 1332 280 multiplicatae
1345 248 1410 272 sunt
1429 252 1511 279 supra
1526 253 1680 278 numerum,
1699 246 1807 281 1029

1015 292 1134 319 fortasse
1165 296 1193 318 ut
1221 295 1394 326 peccatorum
1426 299 1521 325 pcenas
1555 292 1807 325 lueremus,-l‘or—

1016 342 1090 365 tasse
1115 337 1235 372 benigno
1256 336 1312 364 Deo
1335 344 1386 364 nos
1410 344 1457 371 per
1481 345 1666 364 aarutnnarum
1682 338 1807 365 multitu-

1015 385 1106 412 dinem
1130 388 1286 412 exercente.
1324 383 1377 410 Pro
1403 383 1446 410 his
1479 383 1562 418 igitur
1599 383 1654 411 Deo
1681 384 1807 412 habenda

1015 435 1058 460 est
1082 430 1184 466 gratia,
1212 430 1258 464 qui
1293 429 1375 456 tantis
1397 429 1592 456 alllictionibus
1617 437 1712 457 servos
1741 438 1806 458 suos

1015 478 1144 509 erudivit,
1162 480 1189 504 et
1207 475 1358 503 secundum
1377 475 1582 502 multitudinem
1600 475 1806 503 miserationmn

1015 531 1128 551 suarum
1144 530 1244 550 rursus
1257 522 1354 549 eduxit
1374 529 1425 548 nos
1454 521 1481 547 in
1509 520 1695 555 refrigerium.
1720 521 1806 549 Nobis

1016 577 1083 597 sane
1101 569 1134 596 ad
1158 567 1354 595 instaurandas
1383 566 1517 594 ecclesias
1546 566 1678 593 diuturna
1708 574 1805 600 opera,

985 628 995 638 -
1016 617 1153 651 longoque
1169 620 1291 649 tempore
1312 618 1339 641 et
1358 614 1452 641 labore
1479 620 1548 648 opus
1562 616 1633 645 erat,
1653 617 1681 640 ut
1707 620 1808 646 corpus

1017 661 1146 689 Ecclesiae
1161 666 1291 695 tanquatn
1304 668 1337 688 ex
1347 660 1479 687 diuturno
1494 659 1592 686 morbo
1605 658 1686 686 lentis
1703 658 1807 686 sensim

1017 707 1207 735 curationibus
1223 710 1393 737 recreantes,
1410 705 1443 732 ad
1455 705 1599 740 pristinam
1612 704 1721 739 pietatis
1734 704 1809 731 sani-

1017 759 1098 781 tatem
1108 760 1312 780 revocarentus.
1324 751 1457 784 Quamvis
1475 751 1548 778 enim
1582 750 1806 785 persecutionum

1017 799 1165 834 asperitate
1192 798 1300 824 liberati
1318 798 1437 824 maxime
1459 797 1595 826 videmur.
1624 799 1651 823 et
1668 795 1802 823 ecclesias

1017 852 1113 871 omnes
1129 843 1173 870 diu
1188 843 1222 869 ab
1240 842 1377 869 haereticis
1401 845 1550 876 occupatas
1566 841 1688 875 recipere
1708 849 1715 867 :
1737 844 1808 866 atta-

171 882 278 915 ὑγίειαν
303 885 533 920 ἔπαναγάγωμεν.
552 886 607 912 Καὶ
620 887 673 922 γὰρ
688 887 711 912 εί
730 886 762 913 τὰ
781 887 897 922 μάλιστα
920 887 965 913 δο-

1019 898 1080 917 men
1095 889 1204 916 molesti
1220 888 1299 915 nobis
1313 887 1455 922 suntlupi,
1469 887 1515 921 qui
1525 887 1633 914 etiamsi
1644 886 1677 913 ab
1687 886 1808 913 ovilibus

172 928 276 962 κοῦμεν
292 930 341 963 τῆς
359 930 413 956 τῶν
433 931 563 965 διωγμῶν
580 931 753 967 ἀπηλλάχθαι
772 932 962 967 σφοδρότητος,

177 975 225 1001 καὶ
248 976 299 1007 τὰς
318 976 465 1011 ἐκκλησίας
495 977 610 1013 χρονίως
634 978 711 1013 παρὰ
736 978 790 1004 τῶν
819 978 964 1014 αἱρετικῶν

171 1021 386 1056 καταοχεθείσας
408 1023 510 1057 ἀρτίως
541 1024 765 1059 ἀνακομίζεσθαι.
790 1025 859 1060 πλὴν
897 1025 964 1051 ἀλλὰ

171 1065 267 1101 βαρεῖς
279 1068 344 1102 ἡμῖν
358 1068 445 1100 λύκοι,
460 1070 507 1095 καὶ
520 1070 589 1104 μετά
599 1069 629 1096 τὸ
642 1070 691 1104 τῆς
708 1070 828 1106 μάνδρας
845 1070 965 1105 ἐξωσθῆ-

170 1120 226 1145 ναι,
243 1113 315 1140 κατὰ
330 1114 379 1145 τὰς
395 1114 483 1146 νάπας
504 1115 538 1142 τὰ
555 1116 669 1151 ποίμνια
685 1117 891 1152 διαρπάζοντες,
916 1118 964 1143 ἀν-

169 1161 323 1194 τισυνάξεις
347 1162 512 1197 τολμῶντες,
533 1163 628 1199 δήμων
652 1164 790 1197 κινοῦντες
814 1165 965 1192 ἐπαναστά-

171 1207 391 1239 σεις,ὀκνοῦντες
402 1208 478 1236 οὐδὲν
490 1210 529 1241 είς
544 1209 594 1245 τὴν
603 1210 656 1237 τῶν
666 1210 835 1245 Ἐκκλησιῶν
850 1211 961 1247 βλάϐην.

169 1251 226 1279 Ἦν
250 1254 299 1288 μὲν
324 1252 371 1280 οὖν
395 1254 464 1290 ὅπερ
492 1256 643 1291 εἰρήκαμεν
668 1257 825 1291 ἀναγκαῖον,
854 1257 964 1284 πλείονα

171 1300 244 1334 ἡμᾶς
270 1301 526 1336 προσασχοληθῆναι
548 1303 652 1337 χρόνον.
677 1303 785 1339 Ἐπειδὴ
806 1304 896 1338 μέντοι
914 1304 964 1339 τὴν

171 1344 317 1381 ἀδελφικὴν
332 1346 394 1380 περὶ
409 1347 483 1381 ἡμᾶς
495 1346 604 1382 ἀγάπην
616 1348 840 1383 ἐπιδεικνύμενοι,
856 1349 964 1376 σύνοδον

171 1391 219 1417 ἐπὶ
232 1391 283 1425 τῆς
314 1391 424 1426 Ῥώμης
451 1391 518 1418 Θεοῦ
534 1391 660 1429 βουλήσει
674 1395 899 1430 συγκροτοῦντες,
917 1396 964 1422 καὶ

172 1437 245 1471 ἡμᾶς
264 1436 302 1467 ὡς
317 1437 406 1463 οἰκεῖα
425 1437 492 1473 μέλη
522 1439 759 1474 προςεκοιλέσασθε
780 1441 824 1467 διὰ
840 1441 896 1467 τῶν
915 1441 963 1468 τοῦ

172 1483 379 1518 θεοφιλεστάτου
401 1484 532 1519 βασιλέως
547 1486 729 1521 γραμμάτων,
744 1487 777 1513 ἵν’
793 1488 885 1523 ἐπειδὴ
903 1488 963 1514 τότε

172 1528 222 1560 τὰς
234 1529 337 1564 θλίψεις
362 1530 436 1565 μόνοι
465 1531 711 1567 κατεδικάσθημεν,
737 1533 786 1560 νῦν
811 1535 840 1560 ὲν
857 1536 890 1570 τῇ
910 1536 964 1561 τῶν

173 1576 383 1612 αὐτοκρατόρων
402 1577 465 1612 περὶ
478 1577 527 1612 τὴν
542 1577 681 1604 εὐσέϐειαν
695 1579 839 1614 συμφωνίᾳ
860 1580 896 1615 μὴ
912 1589 966 1614 χω-

174 1622 218 1657 ρὶς
239 1621 317 1656 ήμῶν
340 1621 529 1657 βασιλεὺσητε,
551 1623 618 1650 ἀλλὰ
638 1624 685 1650 καὶ
705 1625 785 1659 ἡμεῖς
806 1625 869 1660 ὑμῖν
895 1626 966 1652 κατὰ

172 1667 223 1703 τὴν
247 1668 427 1703 ἅποστολικὴν
444 1669 536 1703 φωνὴν
550 1669 820 1705 συμϐασιλεύσωμεν·
836 1671 901 1706 εὐχὴ
918 1672 966 1706 μὲν

173 1712 208 1749 ἦν
225 1715 301 1749 ἡμῖν,
318 1715 342 1741 εί
357 1714 479 1747 δυνατὸν,
496 1715 596 1742 ἅπασιν
609 1715 714 1751 ἀθρόως
730 1717 909 1743 καταλιποῦσι
917 1717 966 1749 τὰς

180 1760 353 1795 Ὲκκλησίας,
366 1760 404 1795 τῷ
413 1761 487 1796 πόθῳ
499 1761 514 1796 ἢ
526 1762 559 1796 τῇ
576 1762 655 1797 χρείᾳ
668 1762 843 1797 χαρίσασθαι.
853 1763 900 1794 Τίς
912 1763 966 1798 γὰρ

174 1807 240 1841 ἡμῖν
258 1806 337 1833 δώσει
366 1807 506 1841 πτέρυγας
528 1808 594 1834 ὡσεὶ
615 1810 790 1844 περιστερᾶς,
808 1810 855 1836 καὶ
881 1818 966 1836 πετα-

174 1850 341 1886 σθησόμεθα,
354 1851 401 1877 καὶ
420 1852 486 1886 πρὸς
501 1852 572 1887 ὑμᾶς
583 1853 810 1888 καταπαύσομενς
827 1855 888 1881 ἐπεὶ
904 1855 926 1871 ³⁵
938 1854 966 1881 δὲ

174 1896 256 1923 τοῦτο
281 1897 420 1928 παντελῶς
436 1898 553 1932 ἐγύμνου
572 1898 621 1930 τὰς
645 1899 815 1934 Ἐκκλησίας,
832 1900 894 1936 ἄρτι
918 1901 966 1937 τῆς

174 1942 353 1975 ἀνανεώσεως
368 1944 524 1979 ἀρχομένας
539 1945 571 1976 ³⁵,
586 1945 632 1971 καὶ
645 1945 675 1971 τὸ
688 1947 805 1980 πρᾶγμα
825 1947 967 1973 παντάπα-

175 1997 218 2015 σιν
229 1987 263 2024 ἦν
274 1991 329 2020 τοῖς
350 1990 457 2021 πολλοῖς
477 1990 613 2017 ἀδύνατονι
623 1992 901 2027 συνεδεδραμήκειμεν
912 1993 966 2028 γὰρ

174 2035 216 2066 εἰς
228 2035 277 2070 τὴν
290 2036 586 2068 Κωντταντινούπολιν,
606 2038 637 2063 ὲκ
651 2037 704 2063 τῶν
721 2038 819 2072 πέρυσι
837 2039 968 2074 γραμμά-

174 2090 230 2107 των
240 2082 292 2108 τῶν
306 2083 382 2117 παρὰ
396 2084 445 2116 τῆς
463 2083 599 2118 ὑμετέρας
613 2084 770 2118 τιμιότητος
788 2085 856 2118 μετὰ
877 2086 925 2119 τὴν
937 2086 967 2112 ὲν

182 2127 313 2163 ’Δκυληῖξι
332 2128 438 2154 σύνοδον
466 2128 533 2163 πρὸς
548 2128 594 2155 τὸν
609 2128 815 2162 θεοφιλέςτατον
854 2130 967 2163 βασιλέα

175 2173 314 2199 Θεοδόσιον
343 2174 568 2201 ἐπισταὶθέντων·
592 2176 660 2210 πρὸς
685 2176 768 2211 μόνην
794 2177 894 2211 ταύτην
917 2177 967 2212 τὴν

1017 935 1097 970 ejecti
1114 938 1188 966 sunt,
1207 934 1298 961 ovium
1316 940 1412 968 greges
1430 933 1457 959 in
1474 933 1558 967 sylvis
1576 932 1722 966 diripiunt,
1740 939 1807 958 con-

1019 982 1120 1009 trarios
1149 984 1303 1007 conventus
1335 982 1430 1013 agunt,
1463 978 1626 1013 populorum
1659 977 1809 1005 seditiones

1018 1027 1182 1059 concitant,
1209 1026 1277 1052 nihil
1306 1024 1426 1058 denique
1451 1024 1523 1058 quod
1549 1024 1679 1050 Eceiesiis
1711 1031 1809 1050 nocere

1018 1077 1100 1108 queat
1130 1071 1353 1107 prmtermittunt.
1373 1070 1464 1103 Quare
1485 1071 1511 1096 in
1527 1070 1570 1096 his
1591 1077 1706 1097 necesse
1729 1070 1809 1097 nobis

1017 1123 1086 1151 erat,
1104 1122 1134 1145 ut
1149 1118 1278 1147 diximus,
1301 1116 1432 1151 longioris
1450 1115 1582 1149 temporis
1597 1123 1708 1149 operam
1722 1115 1809 1142 collo-

1018 1172 1092 1192 care.
1110 1163 1188 1190 Nunc
1215 1170 1293 1195 vero,
1306 1168 1449 1196 postquam
1481 1161 1616 1196 synodum
1643 1159 1736 1186 Romae
1762 1159 1809 1186 Dei

1019 1215 1085 1237 nutu
1112 1213 1320 1244 congregantes,
1340 1215 1391 1234 nos
1417 1207 1499 1234 etiam
1527 1214 1576 1241 pro
1601 1205 1722 1232 fraterna
1745 1212 1809 1239 erga

1018 1264 1068 1283 nos
1084 1256 1219 1283 charitate
1228 1258 1328 1287 vestra,
1345 1259 1475 1287 tanquam
1488 1252 1611 1279 membra
1623 1251 1744 1286 propria,
1761 1258 1810 1284 per

1018 1300 1217 1337 religiosissimi
1230 1299 1402 1334 imperatoris
1421 1299 1525 1325 litteras
1539 1297 1686 1327 evocastis,
1699 1304 1733 1323 ne
1746 1296 1810 1330 quia

1018 1348 1070 1376 soli
1091 1353 1156 1374 tunc
1183 1346 1217 1373 ad
1243 1344 1402 1372 subeundas
1421 1350 1559 1371 aerumnas
1576 1343 1678 1370 luimus
1694 1342 1808 1374 addicti,

1019 1394 1133 1424 nuncin
1161 1394 1213 1420 ista
1242 1392 1438 1426 imperatorum
1470 1390 1504 1417 de
1532 1390 1633 1424 pietate
1662 1389 1810 1416 concordia

1019 1441 1070 1469 soli
1099 1438 1232 1474 regnetis,
1260 1436 1308 1464 sed
1338 1444 1387 1463 nos
1417 1436 1500 1462 etiam
1518 1435 1679 1465 vobiscum,
1708 1438 1737 1460 ut
1770 1434 1811 1459 ait

1019 1486 1168 1521 Apostolus
1179 1490 1202 1516 ο,
1227 1489 1438 1517 conregnemus,
1468 1481 1643 1515 optabamus,
1661 1479 1768 1513 1030
1785 1479 1808 1505 si

1020 1533 1077 1559 lieri
1094 1534 1195 1566 posset,
1212 1536 1308 1556 omnes
1325 1527 1417 1559 simul,
1437 1526 1542 1552 relictis
1566 1524 1712 1554 Ecclesiis,
1733 1524 1809 1551 desi-

1017 1579 1093 1606 derio
1104 1577 1196 1613 potius
1207 1583 1289 1610 quam
1304 1574 1416 1601 utilitati
1429 1572 1542 1599 servire.
1558 1571 1625 1604 Quis
1635 1571 1708 1598 enim
1729 1571 1809 1598 nobis

1017 1624 1093 1651 dabit
1105 1630 1207 1657 pennas
1223 1621 1295 1647 sicut
1307 1619 1441 1647 eoluntbm
1452 1617 1473 1649 τ,
1485 1621 1514 1644 ut
1529 1618 1663 1648 volemus,
1676 1621 1702 1643 et
1717 1617 1809 1651 requi-

1017 1676 1143 1697 cscamus
1166 1666 1236 1701 apud
1258 1666 1330 1693 v05?
1359 1664 1457 1691 Verum
1486 1663 1550 1698 quia
1573 1663 1625 1690 hoc
1655 1664 1807 1695 Ecclesias,

1017 1724 1164 1752 quaenunc
1179 1715 1298 1750 primum
1319 1712 1466 1746 incipiunt,
1485 1718 1599 1746 prorsus
1625 1710 1751 1739 nudaret,
1780 1713 1809 1736 et

1018 1773 1073 1792 rem
1094 1767 1223 1797 praestare
1247 1760 1361 1787 omnino
1389 1759 1466 1785 multi
1495 1765 1549 1784 non
1566 1760 1703 1791 poterant,
1720 1756 1729 1765 '
1744 1763 1809 1782 eon-

1018 1817 1181 1836 veneramus
1199 1807 1270 1834 cuitu
1294 1804 1585 1838 Constantinopolim,
1610 1803 1643 1829 ad
1665 1802 1770 1828 litteras
1793 1808 1809 1828 a

1018 1854 1171 1883 reverentia
1187 1857 1280 1880 vestra
1296 1851 1440 1886 superiore
1472 1857 1545 1876 anno
1572 1853 1633 1883 post
1662 1848 1809 1874 concilium

1016 1901 1192 1937 Aquileiense
1207 1899 1239 1925 ad
1255 1897 1496 1932 religiosissimum
1510 1896 1705 1930 imperatorem
1720 1893 1810 1921 Theo-

1008 1946 1123 1974 ‘dosium
1142 1946 1251 1977 missas,
1276 1945 1308 1971 ad
1328 1944 1379 1970 hoc
1399 1943 1488 1970 solum
1510 1942 1562 1969 iter
1575 1941 1810 1975 Constantinopo—

1018 1994 1064 2020 lim
1091 2000 1179 2026 usquc
1206 1990 1348 2022 instructi,
1373 1993 1401 2016 et
1432 1988 1466 2015 de,
1497 1988 1547 2015 hac
1572 1992 1679 2014 tantum
1704 1986 1811 2022 synodo

1017 2039 1208 2073 episcoporum
1232 2036 1319 2071 quiin
1342 2035 1492 2070 provinciis
1523 2038 1717 2061 remanserunt
1742 2039 1811 2061 con-

1018 2091 1128 2111 sensum
1147 2082 1303 2113 aﬂ'erentcs,
1323 2089 1384 2108 cum
1412 2081 1446 2107 de
1472 2079 1606 2114 longioris
1628 2078 1809 2113 profectionis

1017 2137 1101 2157 onere
1118 2136 1168 2156 nec
1186 2127 1317 2162 suspicati
1337 2134 1473 2158 essemus,
1492 2133 1542 2152 nec
1566 2129 1629 2151 ante
1658 2124 1808 2158 quidquam

1017 2175 1190 2202 audissemus
1217 2181 1298 2208 qualn
1329 2170 1595 2204 Constantinopolim
1618 2170 1808 2203 pervenimus:

175 2219 329 2254 ἀποδημίαν
363 2221 410 2254 τὴν
444 2221 523 2256 μέχρι
556 2223 864 2255 Κωνστοιντινουπύλεως
899 2232 965 2259 παρ-

1020 2229 1082 2247 cuin
1098 2218 1243 2255 praestituti
1269 2224 1379 2252 quoque
1409 2216 1541 2250 temporis
1562 2215 1699 2250 angustia,
1721 2222 1809 2248 neque

179 2266 373 2300 εσκευασμένοι
387 2267 419 2298 ³⁵,
440 2269 486 2293 καὶ
501 2269 564 2303 περὶ
575 2268 676 2303 ταύτης
693 2269 776 2304 μόνης
792 2270 842 2302 τῆς
859 2270 967 2296 συνόδου

177 2311 231 2338 τῶν
251 2313 278 2338 ὲν
300 2315 359 2344 ταῖς
381 2314 526 2348 ἐπαρχίαις
552 2315 700 2348 μεινάντων
725 2316 880 2341 ἐπισκόπων
906 2324 970 2350 συγ-

177 2357 323 2384 κατάθεσιν
341 2359 515 2393 ἑπαιγόμενοι,
543 2359 617 2395 [210]
640 2360 762 2394 μείζονος
781 2360 808 2386 δὲ
834 2361 853 2376 δτ
870 2361 971 2395 ἀποδη-

180 2404 244 2438 μίας
258 2405 324 2440 μήτε
344 2406 579 2439 προσδοκήσαντες
604 2406 710 2440 χρείαν,
740 2407 808 2441 μήτε
831 2406 971 2441 προακού-

179 2458 274 2481 σαντες
283 2450 362 2483 ὅλως,
372 2453 437 2486 πρὶν
451 2452 479 2478 ὲν
494 2453 776 2479 Κωνσταντινουπόλει
786 2453 807 2468 ³⁸
822 2453 970 2480 συνελθεῖν·

217 2546 228 2560 θ
241 2540 251 2567 l
266 2540 328 2568 Cor.
345 2549 381 2573 ιν,
398 2541 422 2568 8.
467 2542 477 2561 ί
498 2541 571 2570 Psal.
590 2550 644 2575 LIV,
661 2542 687 2571 7.

1020 2267 1052 2293 ad
1070 2266 1177 2300 longius
1196 2265 1248 2291 iter
1274 2262 1474 2292 adornandum,
1497 2268 1585 2295 neque
1610 2260 1643 2288 ad
1664 2260 1809 2295 episcopos

1019 2311 1221 2341 communionis
1239 2314 1340 2338 nostra:
1353 2309 1400 2344 qui
1424 2309 1450 2335 in
1468 2307 1617 2343 provinciis
1642 2311 1719 2333 erant
1737 2313 1809 2333 com-

1020 2359 1246 2387 monet'acicndos
1260 2378 1267 2389 .
1294 2363 1446 2391 eorumque
1470 2362 1624 2382 consensus
1645 2353 1808 2381 obtinendos

1022 2406 1090 2434 satis
1111 2409 1183 2433 esset
1199 2415 1205 2432 :
1221 2404 1352 2440 quoniam
1379 2403 1437 2430 luce
1465 2402 1607 2436 multaque
1639 2400 1733 2427 ﬁt."le
1754 2399 1808 2426 alia

1022 2453 1155 2488 plurimos
1167 2452 1260 2480 venire
1276 2450 1467 2487 prohibebant,
1480 2448 1552 2484 quod
1567 2447 1722 2483 proximum
1738 2451 1808 2478 erat,

829 2621 946 2649 VARI/E
968 2620 1168 2649 LECTIONES.

233 2715 256 2730 “
270 2714 466 2764 προστιμησεις
482 2718 556 2741 recte
568 2714 694 2741 rescribit
704 2713 839 2747 Valesius,
853 2716 1018 2751 προτίμησις
1031 2716 1140 2750 quidem
1151 2715 1253 2742 mullum
1272 2713 1316 2739 hic
1331 2719 1440 2739 sensum
1458 2710 1549 2738 habet.

360 2754 382 2764 ηι
425 2754 447 2764 tu
477 2758 537 2764 mm.
554 2749 637 2764 urunt.
664 2750 674 2764 ι
738 2749 760 2764 ao
772 2749 878 2764 21..-.--
905 2751 986 2764 Im“...
1079 2751 1178 2764 M:,.,...t.
1243 2749 1265 2764 at
1282 2748 1373 2764 ;-—-e:X~:\
1405 2747 1487 2764 Ιὶμιηηι
1539 2747 1548 2762 3

181 2751 242 2777 Bas.
256 2751 342 2778 Graec.
359 2754 386 2777 et
400 2751 460 2776 Lat.
477 2758 538 2776 cum
554 2751 650 2784 Steph.
664 2751 689 2776 1.
738 2751 760 2764 ³⁰
771 2751 889 2777 δύναιτο.
905 2751 987 2778 lidem
1003 2759 1066 2777 cum
1078 2751 1190 2785 Niceph.

181 2785 261 2812 codd.
280 2785 419 2820 Ἐτίνομεν
433 2789 474 2812 est
488 2785 604 2816 Christ.,
620 2785 691 2811 Scal.
705 2789 732 2812 et
744 2785 862 2812 Casaub.
890 2786 1007 2820 itemque
1021 2786 1135 2820 Niceph.
1180 2786 1190 2801 ³

181 2749 242 2777 Bas.
256 2749 342 2778 Graux
359 2754 386 2777 et
400 2749 460 2776 Lat.
477 2758 538 2776 cum
554 2749 650 2784 Steph.
664 2750 689 2776 L

1587 2710 1609 2726 η
1622 2708 1810 2745 δημοσιεύσεις

1539 2747 1560 2762 ³¹
1573 2743 1709 2780 ἐτίναμεν.
1725 2743 1809 2780 Iidem

1243 2749 1265 2765 ³ι
1282 2748 1385 2782 ἐπειδή.
1404 2747 1499 2774 Iidem.
1539 2747 1560 2762 ³¹
1573 2747 1709 2780 ἐτίναμεν.
1725 2747 1795 2771 liden

1243 2783 1401 2806 amisson.
1418 2782 1478 2806 Bas.
1493 2787 1520 2806 et
1530 2781 1623 2806 Steoh.
1666 2780 1689 2796 ³⁵
1703 2779 1795 2806 ἐπειδή

1740 2794 1808 2814 aut!“

1180 2786 1202 2801 ³³
1218 2781 1406 2818 ἐξεπαίδευσεη
1417 2782 1478 2809 Bas.
1493 2787 1520 2818 et
1530 2781 1623 2818 Steph.

181 2820 264 2860 iidem
279 2828 340 2860 cum
357 2814 471 2860 lfiiccphn.
494 2857 500 2860 _
511 2814 714 2860 “uapxopévqg.
737 2820 818 2860 Basil.
895 2814 1180 2860 παρασκευασόζμενοι.
1195 2814 1308 2855 Niceph.
1329 2817 1552 2854 συνηθροισμένοι
1568 2814 1662 2852 Steph.
1678 2814 1705 2842 2.
1744 2814 1766 2830 ’⁷
1781 2814 1810 2841 δὲ

182 2855 259 2883 abi-st
271 2863 286 2883 ει
302 2855 386 2883 Basil.
443 2855 464 2870 ³³
478 2857 516 2887 εἷς
531 2855 826 2883 Κώνσταντινουπόλιν.
842 2855 926 2884 Iidem
940 2864 1001 2884 cum
1015 2855 1110 2893 Steph.
1129 2857 1152 2884 ί.
1826 2858 1835 2865 '
