1998 3121
125 200 192 234 l9.”

636 202 930 232 ECCLESIASTlC/E
946 202 1136 232 HISTORIA?
1152 204 1224 234 LIB.
1238 206 1272 236 V.

1686 209 1755 242 12l8

123 260 340 293 καταξιώσαντες
361 262 491 297 ἐντυχεῖν,
516 261 562 288 καὶ
583 260 621 296 τῷ
644 262 758 296 πέρυσιν
779 262 808 287 ἐν
831 262 908 288 Κων-

961 261 1263 294 clesiasadministrari,
1277 265 1333 289 tum
1352 263 1600 292 illustrissimarum
1620 265 1755 294 Ecclesia-

125 307 343 334 σταντινουπόλει
373 308 448 343 παρὰ
477 308 526 342 τῆς
554 308 745 343 οἰκουμενικῆς
771 308 909 335 ὲκτεθέντι

125 352 243 384 συνέδου,
259 353 288 378 ἐν
307 351 348 384 οἷς
367 353 533 388 πλατύτερον
550 353 599 388 τὴν
619 353 710 380 πίστιν
731 353 909 388 ὡμολογήσα-

124 407 182 433 μεν,
208 400 256 424 καὶ
288 398 342 425 τῶν
363 398 477 434 ἔναγχος
505 399 754 434 καινοτομηοεισῶν
778 399 910 434 αἱρέσεων

122 446 344 481 ἁναθεματισμὸν
360 446 496 482 ἔγγραφον
522 446 721 481 πεποιήκαμεν.
741 446 842 480 Περὶδὲ
857 446 910 472 τῶν

121 491 283 524 οἰκονομιῶν
308 492 362 518 τῶν
388 492 458 519 κατὰ
484 492 568 528 μέρος
592 493 621 519 ὲν
646 493 705 523 ταῖς
722 491 909 527 Ἐκκλησίαις,

123 538 238 570 παλαιός
259 547 297 571 τε,
317 538 354 569 ὡς
375 538 443 570 ἴστε,
471 538 571 573 θεσμὸς
593 539 759 574 κεκράτηκε,
784 539 831 565 καὶ
857 538 911 565 τῶν

124 584 212 618 ἁγίων
229 585 257 610 ὲν
276 584 378 618 Νικαίᾳ
397 584 524 621 Πατέρων
541 585 604 620 ὄρος
620 585 682 611 καθ’
696 584 814 619 ἑκάστην
829 585 911 619 ἐπαρ-

123 626 183 660 χίαν
201 627 262 658 τοὺς
273 627 323 661 τῆς
337 628 481 663 ἐπαρχίας,
506 629 552 654 καὶ
571 628 650 663 εἴπερ
660 628 759 654 ἐκεῖνοι
775 628 912 663 βούλοιντο

124 671 172 697 σὺν
201 671 292 703 αὐτοῖς
306 672 367 704 τοὺς
381 672 510 708 ὁμόρους,
533 673 601 707 πρὸς
615 673 646 699 τὸ
666 674 806 709 συμφέρον
826 675 912 709 ποιεῖ-

124 717 187 743 σθαι
210 717 260 748 τὰς
276 706 451 752 χειροτονίας.
471 715 517 750 οἷς
531 706 766 750 ἀκολούθωςξτεις⁷
774 727 803 744 τε
815 706 912 750 λοιπὰς

122 762 285 798 Ἐκκλήσίας
307 765 371 800 παρ’
384 766 450 799 ἡμῖν
470 763 669 799 οἰκονομεῖσθαι
694 764 853 798 γινώσκετε,
866 764 912 791 καὶ

121 809 174 835 τῶν
191 809 401 844 ἐπισημοτάτων
423 809 592 845 Ἐκκλησιῶν
615 810 803 845 ἀναδεδεῖχθαι
817 811 838 825 ‘9
849 810 911 842 τοὺς

123 856 215 890 ἱερεῖς.
231 856 311 882 Ὅθεν
335 856 384 891 τῆς
401 856 449 891 μὲν
465 857 494 882 ὲν
509 856 796 883 Κωνσταντινουπόλει
813 865 912 883 νεοπα-

121 899 197 932 γοῦς,
212 900 249 931 ὡς
262 900 294 926 ἂν
306 900 377 926 εἴποι
392 909 444 932 τις,
458 900 633 936 Ἑκκλησίας,
645 901 677 936 ῆν
695 900 788 935 ὥσπερ
803 902 834 926 ἐκ
849 901 909 927 στόυ

122 953 207 979 ματος
227 946 333 977 λέοντος
343 946 391 981 τῆς
418 946 472 973 τῶν
493 946 639 981 αἱρετικῶν
656 946 830 981 βλασφημίας
842 946 909 973 ὑπό-

120 1000 187 1025 γυον
198 991 394 1026 ἐξηρπάσαμεν
409 991 453 1019 διὰ
469 991 523 1018 τῶν
537 992 689 1028 οἰκτιρμῶν
702 992 749 1019 τοῦ
763 992 842 1029 Θεοῦ,
864 992 910 1019 τὸν

121 1036 335 1071 αἰδεσιμώτατον
355 1037 402 1063 καὶ
416 1037 622 1072 θεοφιλέστατον
636 1038 788 1070 Νεκτάριον
799 1038 910 1064 ἐπίσκο-

122 1090 172 1108 πον
182 1083 457 1118 κεχειροτονήκαμεν,
475 1082 521 1109 ἐπὶ
529 1083 578 1118 τῆς
592 1083 785 1119 οἰκουμενικῆς
802 1084 910 1111 συνόδου

123 1128 192 1162 μετὰ
205 1129 296 1163 κοινῆς
309 1128 444 1163 ὁμονοίας,
458 1129 504 1155 ὑπ’
516 1128 593 1163 ὕψεσι
617 1129 664 1156 καὶ
678 1128 723 1155 τοῦ
737 1129 910 1164 θεοφιλεστά-

120 1182 167 1200 του
179 1173 311 1208 βασιλέως
334 1175 487 1207 Θεοδοσίου,
503 1174 604 1206 παντός
626 1183 656 1201 τε
672 1174 719 1201 τοῦ
735 1175 849 1210 κλήρου,
864 1175 912 1201 καὶ

122 1220 214 1253 πάσης
227 1219 464 1255 ὲπιψηφιζομένης
483 1219 532 1255 τῆς
544 1220 657 1252 πόλεως.
673 1220 728 1255 Τῆς
739 1220 767 1246 δὲ
790 1221 911 1256 πρεσῧυ-

120 1265 205 1300 τάτης
218 1266 264 1292 καὶ
274 1266 358 1297 ὅντως
378 1266 560 1302 ἀποστολικῆς
573 1266 738 1301 Ἐκκλησίας
753 1267 801 1302 τῆς
821 1267 913 1293 ὲνᾺν-

120 1311 226 1347 τιοχείᾳ
238 1312 286 1346 τῆς
298 1312 406 1347 Συρίας,
424 1313 452 1338 ἐν
500 1311 596 1348 πρώτῃ
610 1312 640 1338 τὸ
655 1312 745 1347 τίμιον
764 1313 819 1338 τῶν
846 1313 913 1348 Χρι-

123 1358 240 1384 στιανῶν
260 1358 444 1393 ἐχρημάτισεν
465 1358 559 1393 ὄνομα,
573 1358 618 1384 τὸν
632 1358 845 1393 αἱδεσιμώτατον
866 1358 912 1384 καὶ¹

122 1402 328 1435 θεοφιλέστατον
351 1403 500 1430 ἐπίσκοπον
510 1403 658 1429 Φλαὸιανὸν
675 1403 702 1429 οἴ
713 1412 742 1429 τε
757 1403 806 1438 τῆς
827 1404 912 1440 ὲπαρ-

121 1448 184 1483 χίας
201 1448 248 1474 καὶ
269 1447 319 1482 τῆς
354 1448 519 1483 ἀνατολικῆς
537 1448 695 1484 διοικήσεως
716 1449 913 1484 συνδραμόντες

122 1493 273 1524 κανονικῶς
288 1494 610 1529 ὲχειροτόνησαν,ατάσης
627 1495 773 1530 συμψήφου
790 1496 838 1530 τῆς
851 1495 913 1522 Ἐκ-

121 1539 238 1574 κλησίας
252 1539 346 1575 ὥσπερ
368 1540 412 1566 διὰ
435 1541 498 1575 μιᾶς
515 1540 608 1576 φωνῆς
628 1541 673 1567 τὸν
689 1541 774 1577 ἄνδρα
794 1541 912 1576 τιμησά-

123 1585 273 1633 σης-ῆνπερ
292 1586 421 1620 ἔνθεσμον
446 1587 614 1621 χειροτονίαν
631 1586 738 1620 ἐδέξατο
756 1588 803 1613 καὶ
816 1588 846 1614 τὸ
861 1587 910 1623 τῆς
924 1604 945 1633 c

124 1631 233 1657 συνόδου
247 1631 345 1659 κοινὸν.
359 1632 414 1666 Τῆς
433 1632 461 1658 δέ
478 1640 509 1665 γε
529 1632 632 1668 μητρὸς
647 1632 760 1659 ἁπασῶν
779 1633 832 1659 τῶν
853 1634 911 1660 Ἐκ-

122 1676 245 1710 κλησιῶν
273 1677 322 1711 τῆς
342 1678 371 1703 ὲν
396 1677 603 1712 Ἱεροσολύμοις,
628 1677 673 1704 τὸν
697 1677 910 1713 αἱδεσιμὼτατον

123 1721 170 1748 καί
185 1721 390 1757 θεοφιλέστατον
404 1723 538 1758 Κύριλλον
559 1723 706 1750 ἐπίσκοπον
727 1722 796 1750 εἶναι
812 1725 911 1759 γνωρί-

122 1767 216 1802 ζομεν,
231 1768 380 1800 κανονικῶς
405 1777 435 1794 τε
453 1769 528 1804 παρὰ
552 1768 606 1795 τῶν
622 1769 672 1804 τῆς
697 1769 831 1804 ἐπαρχίας
857 1778 912 1804 χει-

124 1813 301 1847 ροτονηθέντα
320 1814 414 1845 πάλαι,
433 1815 480 1841 καὶ
495 1814 607 1840 πλεῖστα
632 1815 700 1849 πρὸς
721 1816 783 1846 τοὺς
804 1816 910 1850 ’Λρειε-

123 1859 187 1889 νοὺς
208 1859 237 1885 ὲν
257 1859 393 1895 διαφόροις
422 1860 513 1893 τόποις
540 1861 707 1896 ἀθλήσαντα.
736 1859 784 1893 Οἷς
812 1862 849 1894 ὡς
869 1862 912 1889 ἐν·

124 1903 233 1938 θέσμως
256 1905 303 1931 καὶ
329 1905 479 1938 κανονικῶς
495 1907 561 1941 παρ’
573 1908 639 1942 ἡμῖν
655 1908 849 1943 κεκρατηκόσι,
865 1909 912 1935 καὶ

123 1947 172 1983 τὴν
188 1948 323 1984 ὑμετέραν
339 1951 497 1986 συγχαίρειν
524 1951 736 1986 παρακαλοῦμεν
757 1952 911 1984 εὐλάϐειαν,

123 1994 175 2029 τῆς
205 1998 392 2032 πνευματικῆς
417 1997 611 2032 μεσιτευούσης
637 1998 757 2033 ἀγάπης,
790 1999 836 2024 καὶ
866 1998 912 2025 τοῦ

123 2041 258 2077 κυριακοῦ
281 2042 375 2076 φόϐου,
392 2044 482 2070 πᾶσαν
510 2043 559 2078 μὲν
573 2043 800 2075 καταστέλλοντος
812 2044 915 2079 ἀνθρωο

126 2086 206 2121 πίνην
232 2087 308 2123 [21⁸2]
332 2089 531 2123 προσπάθειαν,
554 2089 602 2125 τὴν
626 2089 654 2116 δὲ
676 2089 730 2116 τῶν
746 2090 914 2125 Ἔκκλησιῶν

125 2130 269 2166 οἰκοδομὴν
290 2133 491 2168 προτιμοτέραν
509 2134 650 2166 ποιοῦντος
662 2134 685 2150 ⁸ο
709 2136 757 2170 τῆς
777 2136 854 2170 πρὺςέ
869 2135 914 2162 τὸν

126 2175 187 2202 καθ’
210 2176 259 2202 ἕνα
284 2177 426 2213 συνηθείας
444 2179 465 2194 “
481 2179 499 2215 ἢ
518 2180 639 2214 χάριτος.
655 2179 732 2206 οὕτω
755 2180 809 2215 γὰρ
823 2180 869 2206 τοῦ
885 2189 914 2206 τε

126 2220 175 2256 τῆς
205 2221 323 2254 πίστεως
343 2225 570 2259 συμφωνηθέντος
591 2225 689 2260 λόγου,
710 2226 757 2252 καὶ
771 2227 820 2262 τῆς
846 2227 915 2262 Χρι-

962 315 1021 333 rum
1034 311 1142 334 creatos
1156 307 1242 334 fuisse
1253 308 1421 336 sacerdotes.
1436 307 1514 336 Unde
1533 314 1656 343 etnovm,
1673 315 1702 338 ut
1713 312 1754 339 sic

960 361 1099 385 vocemus,
1110 353 1233 380 ecclesia:
1246 353 1568 389 Constantinopolitanae,
1577 363 1658 390 quam
1668 364 1755 391 nuper

960 407 992 426 ex
1005 400 1196 426 hasrelicorum
1208 400 1388 434 blasphemia,
1402 404 1533 434 tanquam
1550 408 1581 427 ex
1606 408 1653 428 ore
1666 402 1753 429 leonis

963 445 1068 480 1033
1081 453 1128 480 per
1143 445 1187 472 Dei
1204 445 1424 472 miscricordiam
1441 446 1593 479 eripuimus
1605 467 1612 478 ,
1628 454 1755 474 reveren-

962 492 1107 519 dissimum
1117 491 1412 526 religiosissimumquc
1425 491 1583 518 Ncctarium
1597 492 1623 518 in
1635 494 1754 526 generali

962 538 1096 569 concilio,
1111 537 1250 564 communi
1268 537 1390 564 omnium
1406 545 1562 568 consensu.
1579 541 1605 564 et
1621 542 1755 572 praesente

961 584 1172 618 religiosissime
1189 583 1355 617 imperatore
1368 583 1534 616 Theodosio,
1549 583 1679 618 cleroquc
1694 583 1756 610 uni-

962 637 1060 662 verso,
1078 634 1104 657 et
1126 634 1225 656 cuncta
1251 628 1417 663 sull'ragante
1443 629 1572 662 civitate,
1594 629 1754 663 episcopum

962 675 1169 702 constituimus.
1187 674 1219 701 Et
1236 675 1438 708 antiquissimze
1456 682 1580 708 veraeque
1598 674 1755 708 apostolica:

962 720 1141 747 Antiochenze
1157 721 1183 747 in
1197 720 1277 755 Syria
1295 720 1443 752 Ecclesia,
1457 720 1485 746 in
1500 728 1552 754 qua
1570 720 1658 754 primo
1675 727 1756 746 renc-

962 766 1079 792 randum
1096 765 1319 793 Christianorum
1337 773 1437 793 nomen
1455 766 1579 792 auditum
1598 769 1657 795 est,
1676 772 1754 791 reve-

962 811 1158 839 rendissimum
1175 815 1201 839 ct
1218 811 1459 847 religiosissimum
1474 812 1633 846 episcopum
1648 809 1754 836 Flavia-

962 866 1027 885 num
1045 857 1291 893 provincize‘simul
1307 861 1334 884 et
1350 857 1480 884 dimeesis
1491 857 1639 883 Orientalis
1652 863 1754 882 convc-

962 903 1069 930 nientes
1083 903 1204 938 episcopi
1219 903 1352 930 canonice
1366 903 1548 934 ordinarunt,
1562 906 1618 928 tota
1631 901 1754 928 Ecclesia

962 948 1153 976 consentiente
1165 969 1172 982 ,
1188 952 1215 975 et
1230 949 1309 982 quasi
1328 955 1383 975 uno
1399 956 1447 975 ore
1464 938 1552 974 virum
1567 947 1752 975 collaudante.

961 994 1048 1027 Quam
1078 994 1189 1029 quidem
1220 994 1369 1029 legitimam
1401 993 1602 1020 ordinationem
1633 993 1754 1028 synodus

961 1047 1072 1075 quoque
1098 1040 1263 1067 universalis
1281 1039 1482 1074 comprobavit.
1502 1039 1595 1066 Matris
1623 1047 1688 1065 vero
1707 1039 1755 1065 Ec-

961 1086 1108 1114 clesiarum
1133 1087 1256 1113 onmium
1274 1084 1534 1120 llierosolymitanze
1553 1083 1754 1111 rcverendissi-

961 1140 1035 1159 mum
1050 1136 1077 1159 et
1089 1132 1332 1166 religiosissimum
1349 1131 1481 1166 Cyrillum
1508 1131 1666 1165 episcopum
1692 1138 1754 1158 esse

961 1178 1149 1213 signiﬁcamus
1163 1186 1169 1210 ;
1187 1177 1234 1212 qui
1252 1182 1279 1204 et
1294 1177 1429 1204 canonice
1444 1177 1509 1203 olim
1527 1176 1578 1202 fuit
1596 1177 1629 1202 ab
1645 1176 1754 1210 episco-

962 1224 1005 1259 pis
1021 1223 1170 1259 provinciae
1183 1223 1343 1256 ordinatus,
1360 1226 1387 1249 et
1403 1230 1464 1249 cum
1479 1221 1590 1248 Arianis
1607 1221 1754 1256 plurimum

962 1270 1080 1297 diversis
1096 1269 1123 1296 in
1137 1269 1206 1296 locis
1222 1268 1382 1296 decertavit.
1397 1267 1502 1300 Quibus
1519 1271 1648 1301 tanquam
1664 1266 1754 1300 legiti—
1765 1284 1770 1295 τι

961 1323 1006 1342 me
1020 1319 1046 1342 et
1061 1315 1195 1342 canonice
1208 1316 1279 1349 apud
1294 1321 1345 1341 nos
1363 1313 1521 1340 constitutis
1532 1333 1540 1344 ,
1553 1316 1671 1339 vestram
1687 1316 1765 1345 quo—‘

962 1368 1016 1396 que
1025 1361 1205 1387 reverentiam
1215 1359 1358 1395 ‘gratulari
1366 1358 1557 1389 obsecramus.
1568 1357 1756 1384 intercedente

962 1406 1082 1441 spiritali
1109 1405 1265 1438 cbaritate,
1291 1409 1318 1431 et
1342 1403 1450 1430 Domitii
1479 1403 1579 1430 timore
1604 1403 1754 1429 humanum

962 1459 1071 1478 ornnem
1096 1451 1222 1478 alTectum
1245 1453 1404 1480 coercente.
1440 1449 1673 1483 ccclesiarumque
1687 1447 1747 1475 tedi-

963 1497 1119 1524 ﬁcationem
1138 1496 1228 1532 pluris
1255 1496 1319 1522 duci
1339 1495 1478 1526 faciente,
1506 1502 1588 1528 quam
1615 1495 1754 1528 privatum

962 1550 1029 1578 erga
1056 1549 1281 1575 unumquemque
1309 1541 1477 1567 voluntatem
1505 1544 1533 1566 et
1555 1539 1681 1573 gratiam.
1708 1537 1755 1565 Sic

962 1588 1034 1616 enim
1060 1590 1088 1615 et
1113 1586 1176 1614 ﬁdei
1204 1585 1329 1613 doctrina
1353 1587 1534 1615 consonante,
1552 1587 1580 1610 et
1595 1583 1753 1610 Christiana

962 1635 990 1662 in
1007 1634 1087 1661 nobis
1103 1634 1239 1660 cbaritate
1257 1633 1417 1660 confirmata
1429 1652 1436 1663 ,
1454 1631 1613 1658 desinemus
1631 1629 1697 1657 illud
1713 1629 1755 1656 di-

961 1689 1024 1708 cere
1042 1680 1115 1715 quod
1130 1680 1165 1706 ab
1186 1679 1319 1714 apostolis
1339 1678 1499 1705 damnatum
1513 1680 1573 1704 est:
1592 1687 1600 1702 ι
1617 1677 1672 1712 Ego
1691 1675 1753 1711 qui-

961 1727 1021 1754 dem
1039 1734 1098 1753 sum
1116 1725 1192 1752 Pauli
1203 1745 1209 1757 ,
1229 1724 1336 1760 103aI
1353 1732 1405 1759 ego
1420 1728 1512 1750 autem
1529 1722 1669 1757 Apollonii
1681 1743 1687 1753 ,
1702 1729 1754 1756 ego

961 1780 1028 1800 vero
1037 1772 1136 1807 Ccpbze
1147 1771 1174 1798 δε
1188 1781 1196 1796 ι
1210 1775 1293 1805 atque
1306 1777 1402 1797 omnes
1412 1777 1462 1796 nos
1472 1769 1573 1797 Christi
1588 1777 1649 1795 esse
1662 1773 1754 1795 osten-

962 1817 1126 1852 dentes,qui
1142 1817 1168 1844 in
1187 1817 1267 1844 nobis
1283 1815 1389 1843 divisus
1407 1822 1461 1842 non
1478 1819 1531 1846 est,
1545 1814 1752 1848 indiscerptum.

948 1864 1017 1892 'lleo
1032 1863 1153 1895 favente,
1172 1869 1273 1896 corpus
1282 1861 1411 1889 Ecclesim
1426 1861 1665 1892 conservabimus,
1680 1865 1706 1886 et
1720 1859 1753 1885 ad

962 1908 1068 1935 Domini
1090 1907 1209 1934 tribunal
1230 1915 1293 1933 cum
1315 1905 1414 1933 ﬁducia
1436 1904 1669 1939 comparebimus.
1692 1903 1755 1930 lltec

963 1956 1003 1982 illi
1019 1955 1152 1982 adversus
1164 1953 1234 1985 Arii,
1249 1958 1274 1980 et
1287 1953 1369 1985 Aetii,
1388 1957 1415 1980 et
1426 1951 1553 1978 Eunomii
1569 1950 1734 1978 dementiam
1746 1969 1754 1982 ,

963 2000 1082 2034 itemque
1097 2003 1193 2026 contra
1210 1998 1373 2031 Sabellium,
1389 1997 1583 2028 etPhotiuum,
1595 2001 1622 2023 et
1643 1995 1757 2022 Marcel-

963 2046 1034 2076 lum,
1054 2045 1226 2078 Paulumque
1255 2043 1485 2075 Samosatenum,
1514 2047 1540 2069 et
1566 2041 1755 2068 Macedonium

969 2090 1171 2125 conscripsere.
1188 2089 1344 2122 Quinetiam
1360 2089 1520 2124 Apollinarii
1544 2088 1691 2114 novitatem
1716 2086 1756 2113 si-

964 2137 1066 2164 militer
1082 2139 1176 2170 aperte
1194 2135 1380 2166 damnarunt,
1407 2143 1468 2161 cum
1488 2133 1635 2166 dixerunt,
1664 2133 1757 2159 lucar-

965 2183 1087 2210 nationis
1100 2189 1211 2217 quoque
1224 2181 1379 2207 doctrinam
1396 2181 1586 2214 incorruptam
1603 2186 1755 2209 sertamus,

966 2236 1055 2264 neque
1073 2227 1171 2255 anima?
1181 2247 1188 2259 ,
1206 2234 1295 2262 neque
1309 2226 1410 2252 utentis
1423 2228 1563 2259 expertem
1576 2244 1582 2256 ,
1596 2228 1643 2250 aut
1659 2223 1757 2261 imper-

130 2268 272 2303 στιανικῆς
296 2269 468 2306 κυρωθείσης
490 2272 518 2297 ὲν
536 2273 602 2307 ἡμῖν
619 2272 738 2308 ἀγάπης,
754 2273 912 2307 παυσόμεθα

969 2274 1068 2301 fectant
1085 2273 1178 2299 carnis
1192 2271 1425 2306 dispensationem
1444 2270 1628 2312 susfipicnles

126 2313 252 2347 λέγοντες
265 2315 295 2342 τὸ
306 2317 381 2352 παρὰ
397 2317 450 2343 τῶν
465 2318 622 2346 ἀποστόλων
636 2320 870 2354 κατεγνωσμένον·
884 2330 892 2345 ι
914 2321 985 2355 Ἐγὼ
998 2320 1048 2356 μέν
1064 2320 1121 2354 εἰμι
1138 2318 1258 2349 Παύλου,
1274 2317 1328 2351 ἐγὼ
1339 2317 1367 2343 δὲ
1381 2316 1513 2345 Ἀπολλὼ,
1527 2314 1582 2348 ἐγὼ
1595 2314 1623 2340 δὲ
1638 2314 1730 2348 Κηφεν
1746 2324 1755 2338 ι

128 2361 228 2393 πάντες
240 2361 268 2387 δὲ
290 2362 408 2397 Χριστοῦ
432 2364 572 2398 φανέντες,
585 2362 614 2396 ὃς
631 2364 661 2390 ὲν
681 2365 746 2399 ἡμῖν
762 2365 792 2391 οὑ
810 2365 984 2401 μεμέρισται,
1001 2365 1067 2391 Θεοῦ
1082 2363 1284 2397 κσταξιοῦντος,
1296 2362 1423 2396 ἄσχιστον
1439 2360 1469 2386 τὺ
1485 2359 1565 2395 σῶμα
1579 2359 1628 2394 τῆς
1646 2359 1759 2394 Ἐκκλη-

129 2407 189 2438 σίας
205 2408 369 2442 τηρήσομεν,
389 2410 437 2435 καὶ
463 2409 502 2444 τῷ
526 2409 629 2444 βήματι
640 2410 686 2436 τοῦ
699 2411 800 2445 Κυρίου
818 2410 886 2445 μετὰ
907 2411 1064 2446 παρρησίας
1078 2408 1319 2444 παραστησόμεθα.
1337 2406 1430 2432 Ταῦτα
1449 2406 1520 2432 κατᾶ
1532 2414 1561 2432 τε
1575 2405 1625 2439 τῆς
1642 2404 1758 2439 Ἀρείων

104 2469 106 2471 ι
129 2454 177 2480 καὶ
195 2454 310 2485 Ἀετίου,
338 2455 385 2481 καὶ
413 2455 545 2490 Εὑνομίου
571 2456 678 2490 μανίας,
693 2457 740 2482 καὶ
757 2457 846 2491 μέντοι
862 2456 909 2482 καὶ
930 2456 1002 2483 κατὰ
1017 2455 1173 2486 Σαϐελλίου,
1188 2454 1237 2481 καὶ
1252 2451 1396 2483 Φωτεινοῦ,
1418 2451 1465 2478 καὶ
1498 2451 1671 2486 Μαρκέλλου,
1689 2450 1758 2476 Παύ-

129 2502 177 2528 λου
194 2510 223 2528 τε
237 2502 284 2528 τοῦ
303 2503 484 2537 Σαμοσατέως
514 2504 561 2530 καὶ
587 2504 754 2531 Μακεδονίου
770 2504 951 2539 γεγράφασιν.
981 2503 1118 2535 Ὡσαύτως
1141 2502 1169 2529 δὲ
1188 2502 1235 2528 καὶ
1261 2500 1310 2535 τὴν
1333 2499 1520 2535 ’Άπολιναρίου
1537 2500 1560 2515 ⁵¹
1586 2498 1761 2532 καινοτομίαν

131 2547 280 2582 προφανῶς
299 2548 487 2584 ἀπεκήρυξαν,
509 2549 662 2584 εἰρηκότες,
680 2550 735 2576 Καὶ
762 2550 807 2576 τὸν
827 2550 876 2584 τῆς
906 2549 1140 2585 ὲνανθρωπήσεως
1163 2548 1191 2573 δὲ
1209 2546 1256 2573 τοῦ
1270 2544 1373 2580 Κυρίου
1390 2545 1659 2582 λόγονὰδιάστροφον
1678 2542 1762 2573 σώζο-

133 2601 184 2627 μεν
206 2593 267 2620 οὖτε
278 2595 390 2630 ἄψυχον,
420 2595 481 2622 οὔτε
512 2596 635 2631 ἅνουν,ἢ
659 2597 742 2632 ἀτελῆ
779 2596 828 2632 τὴν
856 2596 905 2632 τῆς
938 2596 1040 2631 σαρκὸς
1065 2594 1221 2630 οἰκονομίαν
1257 2590 1482 2627 παραδεχόμενοι.

169 2683 182 2703 Β
196 2683 205 2709 1
220 2683 284 2710 Cor.
302 2692 320 2716 t,
340 2685 383 2713 ΓΞ,

768 2765 885 2792 VARle
905 2765 1106 2794 LECTIONES.

169 2836 191 2852 ι’
209 2836 284 2863 Hanc
303 2835 445 2863 lectionem
463 2834 571 2862 Valesio
583 2842 692 2870 quoque
707 2839 780 2862 recte
797 2835 938 2869 probatam
956 2835 1057 2862 habent.
1074 2834 1133 2862 Pini
1150 2834 1299 2869 Saviliique
1315 2833 1395 2870 codd.
1408 2839 1472 2870 rum
1489 2831 1648 2870 N_icepli.'_ln
1661 2830 1722 2870 Bas.
1738 2835 1765 2857 et

134 2871 230 2906 Steph.
246 2875 305 2898 erat
321 2870 504 2906 dvaﬁaEéXOat,
522 2870 564 2906 cui
576 2865 681 2906 Epiph.
698 2865 844 2906 consentit.
900 2871 922 2886 ⁸ο
941 2870 1080 2906 ποιούσης.
1101 2871 1182 2898 Basil.
1236 2865 1261 2885 ’ί
1275 2868 1446 2905 συμπαθείας
1461 2867 1552 2894 verius
1570 2867 1670 2894 habent
1683 2865 1764 2894 iidem

134 2905 198 2933 cum
218 2906 312 2941 Steph.
370 2906 392 2921 "
416 2905 524 2931 Ἀπολλ.
546 2905 627 2933 Iidem
648 2905 691 2932 hic
705 2909 731 2932 ct
746 2905 819 2931 alibi.
