1998 3121
243 169 311 205 1223

758 167 1003 200 TIIEODORETI
1021 166 1192 198 EPISCOPI
1213 166 1396 199 CYRENSIS

1814 165 1879 197 H24

243 231 373 267 Spiritum
387 230 524 258 sanctum,
539 225 687 253 anathema
704 224 749 253 sit.
763 224 791 251 Si
804 224 866 259 quis
882 231 936 250 non
953 223 1029 250 dixe-

1091 222 1195 249 ᾱατικοῦ
1205 223 1228 241 ⁷⁰
1248 222 1402 257 ἀξιώματος
1420 223 1435 249 ὁ
1455 222 1504 258 τὴν
1519 222 1585 250 ίδίαν
1605 223 1683 250 πόλιν
1698 222 1876 256 καταλείψας,

242 278 279 304 rit
295 275 393 303 Filium
423 278 516 300 natum
546 280 579 299 ex
611 271 709 303 Patre,
737 271 788 297 hoc
813 274 866 302 est,
893 278 926 297 ex
941 269 1031 297 divina

241 321 302 355 ejus
316 317 482 347 substantia,
509 316 653 343 anathema
678 315 724 342 sit.
750 314 778 341 Si
802 315 863 349 quis
877 322 932 340 non
955 314 1032 341 dixc-

243 367 281 394 rit
314 372 408 393 verum
430 364 513 391 Deum
532 362 632 389 Filium
658 361 719 394 Dei,
740 361 814 388 sicut
831 368 926 387 verum
947 359 1032 387 Demn

242 412 350 439 Patren)
382 410 452 444 ejus,
468 414 497 436 et
512 408 604 435 omnia
633 415 725 439 nosse,
744 410 771 434 et
786 407 877 433 omnia
900 414 991 441 posse,
1007 409 1034 433 et

244 457 316 484 Patri
334 456 465 491 aaqualem
493 462 563 487 esse,
584 454 730 481 anathema
749 452 793 480 sit.
825 451 852 479 Si
874 453 936 487 quis
954 452 1031 479 dixe-

243 503 279 529 rit
299 501 372 536 quod
390 501 416 527 in
446 507 530 527 carne
545 502 647 534 degens
665 498 752 525 Filius
767 497 825 529 Dei,
849 506 912 524 cum
931 501 992 524 erat
1006 496 1033 524 in

243 552 328 581 terra,
345 549 372 575 in
386 548 464 575 cmlis
485 551 512 574 et
527 554 589 573 Cum
609 545 690 572 Patre
705 554 759 572 non
779 545 872 575 fuerit.
888 545 1034 572 anathema

245 595 290 622 sit.
309 593 337 621 Si
353 594 416 629 quis
432 593 533 620 dixerit
563 592 591 618 in
612 591 742 626 passione
758 591 849 617 crucis
869 590 968 617 Filium
986 589 1034 617 Dei

245 641 367 668 dolorem
393 639 538 666 divinitate
560 637 743 668 Sustinuisse.
765 641 793 664 et
822 644 876 664 non
898 644 981 664 carne
1002 643 1034 663 ac

246 686 338 713 anima
363 685 500 717 rationali,
524 692 604 718 quam
625 683 652 710 in
680 683 767 709 forma
784 683 856 710 servi
872 682 1034 716 assumpsit,

247 732 320 759 sicut
337 734 431 758 sancta
447 729 589 764 Scriptura
603 728 683 761 dixit,
698 729 843 755 anathema
863 728 909 755 sit.
928 728 955 754 Si
974 728 1036 762 quis

247 784 303 804 non
334 777 433 803 dixerit
453 776 498 801 Dei
515 776 632 802 Verbum
653 783 736 802 carne
764 783 886 809 passum,
903 779 930 801 et
954 781 1036 801 carne

247 822 422 853 cruciﬁxum,
443 826 469 848 et
492 828 578 848 carne
592 825 742 851 mortuum,
759 821 918 854 factumque
934 820 1036 853 primo-

248 868 369 901 genitum
383 874 414 892 ex
428 867 554 897 mortuis,
567 870 704 900 quatenus
728 866 780 892 vita
801 870 842 892 cst
859 870 885 892 et
900 866 961 892 vitze
987 872 1036 891 att-

249 919 308 940 ctor
336 918 365 939 ttt
391 912 475 945 Deus,
494 912 640 939 anathema
660 912 706 939 sit.
734 911 763 938 Si
787 912 849 945 quis
865 919 919 938 non
935 912 1036 938 dixerit

248 960 320 992 quod
345 960 370 986 in
385 966 468 986 carne
484 967 566 993 quam
581 959 731 993 assumpsit
746 959 823 985 sedet
837 958 871 985 ad
891 957 1033 985 dexteram

247 1005 349 1037 Patris,
371 1005 397 1032 in
415 1012 468 1039 qua
485 1005 567 1031 etiam
582 1010 715 1031 venturus
734 1008 775 1030 est
789 1004 915 1038 judicare
930 1003 1036 1038 1039

247 1052 327 1079 \ivos
351 1056 378 1078 et
403 1055 539 1080 mortuos,
569 1050 715 1077 anathema
750 1050 794 1076 sit.
830 1049 858 1076 Si
888 1050 951 1084 quis
982 1057 1036 1076 non

248 1098 349 1125 dixerit
375 1097 509 1131 Spiritum
536 1101 661 1122 sanctum
685 1103 718 1122 ex
735 1095 814 1122 Patre
829 1103 891 1122 esse
915 1103 979 1122 vere
1005 1102 1036 1121 ac

249 1142 370 1178 proprie,
392 1143 464 1169 sicut
487 1146 513 1168 et
531 1140 630 1167 Filium
652 1148 685 1167 ex
711 1139 804 1166 divina
827 1140 993 1172 substantia,
1010 1144 1037 1166 et

249 1188 333 1215 Deum
365 1188 410 1215 Dei
433 1187 563 1218 Verbum,
587 1186 733 1213 anathema
764 1186 809 1213 sit.
839 1185 867 1213 Si
897 1186 960 1221 quis
982 1194 1037 1212 non

250 1235 352 1263 dixerit
372 1235 463 1261 omnia
487 1242 568 1269 posse
584 1233 718 1268 Spiritum
744 1224 883 1265 sanctuin,
900 1238 927 1259 et
946 1233 1037 1260 omnia

250 1290 343 1315 nosse,
357 1285 384 1309 et
411 1281 513 1315 ubique
539 1279 647 1311 adesse,
679 1280 750 1307 sicut
773 1283 800 1306 ct
827 1278 926 1305 Filium
939 1283 966 1305 et
988 1279 1039 1305 l’a-

251 1331 332 1356 trem.
359 1326 504 1353 anathema
535 1325 580 1352 sit.
613 1324 641 1351 Si
681 1324 743 1360 quis
771 1324 872 1351 dixerit
905 1323 1038 1358 Spiritum

251 1376 378 1399 sanetum
408 1371 554 1401 fat-turam,
579 1375 626 1397 aut
643 1378 692 1404 per
719 1369 818 1397 Filium
844 1369 945 1396 factum
966 1377 1039 1402 esse,

234 1440 236 1442 .
252 1417 399 1443 anathema
417 1416 464 1443 sit.
485 1415 513 1442 Si
534 1416 596 1450 quis
619 1423 674 1443 non
693 1415 793 1442 dixerit
811 1415 919 1442 Patrem
948 1415 1040 1442 omnia

251 1470 301 1497 per
323 1462 421 1488 Filium
447 1462 621 1488 incarnatnm
644 1466 672 1489 et
698 1468 746 1496 per
760 1460 892 1495 Spiritum
913 1464 1039 1487 sanctum

251 1508 419 1540 condidisse,
450 1507 502 1534 hoc
527 1512 580 1540 est,
596 1507 717 1535 visibilia
745 1510 773 1534 et
795 1506 956 1538 invisibilia,
973 1513 1041 1533 ana-

252 1555 344 1581 thema
370 1554 416 1582 sit.
438 1552 466 1580 Si
491 1554 553 1589 quis
570 1562 624 1581 non
641 1553 743 1580 dixerit
761 1553 863 1585 Patris,
881 1556 908 1580 et
921 1552 994 1586 Filii,
1014 1556 1041 1579 et

254 1601 375 1637 Spiritus
401 1601 490 1629 sancti
516 1608 598 1628 unam
625 1601 812 1633 divinitatem,
833 1600 1039 1633 auctoritatem,

252 1651 415 1683 potestatem
435 1654 527 1677 unam.
540 1646 666 1681 gloriam,
688 1646 860 1674 dominatum
886 1653 982 1677 unum,
1000 1653 1044 1673 re-

255 1703 337 1730 gnum
367 1703 462 1726 unum,
486 1695 655 1721 voluntatem
681 1699 707 1721 et
721 1694 876 1725 veritatem,
895 1693 1042 1720 anathema

255 1741 301 1767 sit.
322 1739 351 1767 Si
378 1740 440 1774 quis
457 1747 511 1766 non
536 1740 636 1766 dixerit
652 1743 708 1767 tres
734 1747 813 1767 veras
830 1746 973 1774 personas,
994 1739 1043 1765 Pa-

255 1785 306 1812 tris
331 1789 357 1812 ct
380 1784 441 1811 Filii
455 1788 482 1811 et
508 1783 629 1818 Spiritus
648 1784 747 1815 sancti,
774 1790 882 1817 semper
907 1783 1042 1814 viventes,

255 1832 346 1858 omnia
372 1830 554 1861 continentes,
578 1829 699 1856 visibilia
726 1833 753 1855 et
777 1828 938 1860 invisibilia,
952 1828 1043 1855 omnia

256 1880 393 1913 potentes,
422 1876 512 1903 omnia
537 1875 705 1909 judicantcs,
735 1875 826 1901 omnia
856 1875 1039 1907 viviticantes,

256 1923 350 1950 omnia
374 1925 511 1952 creantes,
543 1921 636 1947 omnia
658 1925 869 1953 conservantes,
900 1921 1045 1948 anathema

257 1970 303 1997 sit.
319 1969 346 1996 Si
364 1969 426 2003 quis
443 1976 496 1995 non
511 1968 611 1996 dixerit
632 1969 803 1996 adorandum
821 1969 952 2004 Spiritum
978 1978 1045 1997 san-

257 2022 331 2046 ctum
355 2017 389 2044 ab
417 2017 490 2044 otnni
519 2021 655 2049 creatura,
681 2017 753 2044 sicut
770 2021 796 2044 et
820 2017 917 2044 Filium
946 2021 973 2045 et
993 2017 1046 2044 Pa-

257 2068 338 2095 trem,
371 2062 515 2089 anathema
547 2062 594 2090 sit.
616 2061 644 2089 Si
676 2063 739 2097 quis
768 2063 803 2090 de
829 2063 931 2090 Patre‘
959 2063 1045 2091 ctFi-

257 2108 295 2135 lio
320 2112 393 2135 recte
420 2107 521 2139 sentit,
549 2108 583 2135 de
610 2107 713 2143 Spiritu
743 2113 834 2135 autem
864 2113 961 2136 sancto
991 2117 1045 2136 non

260 2151 366 2187 1040
379 2156 451 2179 recte
467 2152 561 2184 sentit,
576 2152 734 2185 anathema,
751 2153 813 2186 quia
829 2154 971 2181 haereticus
988 2161 1045 2182 est:

257 2198 321 2233 quia
347 2205 442 2225 onmcs
466 2198 598 2232 hierelici,
621 2198 668 2234 qui
682 2198 715 2226 de
732 2198 801 2226 Filio
816 2199 873 2233 Dei,
886 2204 913 2227 et
927 2200 961 2227 de
976 2200 1039 2236 Spi-

1084 268 1162 304 ἀχρις
1172 266 1203 295 οὗ
1213 270 1226 295 ὁ
1237 268 1307 294 διαδε
1313 267 1427 304 ξάμενος
1436 269 1516 295 αὑτὸν
1526 269 1720 303 ἀναπαύσηται
1732 269 1762 295 ἐν
1774 269 1877 304 Κυρίῳ.

1083 314 1118 340 Εἴ
1127 322 1169 344 τις
1179 313 1216 348 μὴ
1230 313 1294 348 εἴπῃ
1310 314 1354 340 ἀεὶ
1370 314 1415 340 τὸν
1431 314 1552 349 Πατέρα,
1570 315 1618 341 καὶ
1631 314 1675 341 ἀεὶ
1685 314 1731 341 τὸν
1744 314 1822 344 Υίὸν,
1835 314 1880 339 καὶ

1084 360 1128 387 ἀεὲ¹
1138 360 1168 386 τὸ
1180 360 1257 394 ἅγιον
1269 359 1381 395 Πνεῦμα
1390 361 1411 376 ⁷¹
1421 358 1500 392 εἶναι,
1514 361 1638 395 ἀνάθεμα
1652 361 1734 387 ἔστω.
1745 360 1781 386 Εἰ
1789 368 1830 391 τις
1844 359 1879 394 μὴ

1084 406 1148 441 εἴπῃ
1159 406 1204 433 τὸν
1213 407 1276 433 Υίὸν
1286 406 1451 442 γεννηθέντα
1462 407 1494 434 ὲκ
1502 407 1619 443 Πατρὸς,
1626 407 1779 436 τουτέστιν,
1790 407 1823 432 ἐκ
1833 406 1880 440 τῆς

1083 454 1178 486 οὐσίας
1186 454 1235 488 τῆς
1249 454 1324 486 θείας
1335 454 1560 489 αὑτοῦ,ἀνάθεμα
1570 455 1651 481 ἔστω.
1664 455 1747 486 Εἴτις
1760 453 1798 489 μὴ
1806 453 1880 487 εἴπῃ,

1084 501 1210 535 ἀληθινὸν
1227 501 1294 529 Θεὸν
1312 501 1357 529 τὸν
1371 502 1437 529 Υἰὸν
1449 501 1495 528 τοῦ
1510 501 1589 533 Θεοῦ,
1612 501 1650 533 ὡς
1671 501 1801 536 ἀληθινὸν
1817 500 1881 525 Θεὸν

1085 547 1130 573 τὸν
1144 547 1254 583 Πατέρα
1269 546 1362 578 αὑτοῦ,
1379 548 1427 574 καὶ
1442 547 1532 574 πάντα
1555 547 1698 580 δύνασθαι,
1722 547 1772 574 xui.
1792 546 1880 573 πάντα

1085 593 1195 624 ειδέναι,
1218 593 1265 620 καὶ
1284 593 1324 628 τῷ
1346 592 1434 628 Πατρὶ
1461 593 1528 624 ἴσον,
1544 593 1670 628 ἀνάθεμα
1685 592 1767 619 ἔστω.
1792 591 1827 617 Εἴ
1841 599 1881 623 τις

1085 640 1160 674 εἴπῃ,
1179 639 1220 665 ὅτι
1235 639 1264 665 ἐν
1279 639 1361 674 σαρκὶ
1377 639 1479 673 διάγων
1494 639 1509 665 ὁ
1525 638 1590 670 Tib;
1611 639 1659 665 τοῦ
1681 637 1764 668 Θεοῦ,
1790 638 1836 664 ὅτε
1849 634 1882 672 ἦν

1086 685 1114 711 ὲν
1130 686 1163 720 τῇ
1180 687 1226 720 γῇ,
1244 685 1273 711 ὲν
1286 686 1342 716 τοῖς
1355 685 1480 720 οὐρανοῖς
1492 686 1538 711 καὶ
1553 686 1602 712 σὺν
1617 685 1656 719 τῷ
1672 685 1762 719 [turpi
1776 684 1827 710 οὐκ
1837 681 1880 718 ἦν,

1086 730 1211 765 ἀνάθεμα
1236 731 1317 757 ἔστω.
1345 731 1378 756 Εἴ
1401 740 1443 762 τις
1464 731 1540 766 εἴπῃ,
1561 731 1602 757 ὃτι
1626 732 1656 757 ὲν
1676 729 1716 766 τῷ
1738 730 1822 756 πάθει
1837 729 1882 755 τοῦ

1087 776 1204 811 σταυροῦ
1226 776 1275 811 τὴν
1300 776 1427 811 ὀδύνην⁷¹
1451 777 1597 812 ὑπέμεινεν
1619 778 1633 803 ὁ
1656 776 1722 807 Υὶδς
1743 775 1794 802 τοῦ
1815 774 1882 801 Θεοῦ

1087 822 1223 856 θεότητιη
1234 841 1241 852 .
1269 822 1317 848 καὶ
1335 822 1395 857 οὐχὶ
1413 822 1495 860 σαρκὶ
1512 822 1558 848 καὶ
1573 822 1645 857 ψυχῇ
1660 821 1771 855 λογικῇ,
1797 820 1883 854 ἤνπερ

1088 868 1217 894 ἁνέλαῦεν
1239 869 1268 894 ὲν
1283 869 1315 903 τῇ
1334 868 1410 894 τοῡ⁷⁶
1430 868 1524 894 δούλου
1549 869 1653 903 μορφῇ,
1677 867 1716 898 ὼς
1736 866 1850 900 εἴρηκεν
1865 866 1881 899 ή

1090 912 1155 945 ἁγία
1173 913 1279 948 Γραφὴ,
1295 912 1420 947 ἀνάθεμα
1436 913 1516 939 ἔστω.
1542 913 1577 940 Εἴ
1599 921 1641 944 τις
1649 912 1672 928 ⁷³
1689 911 1727 947 μὴ
1747 912 1824 947 εἴπῃ,
1839 910 1883 937 τὸν

1090 959 1136 985 τοῦ
1151 959 1225 995 [215]
1242 958 1308 985 Θεοῦ
1326 959 1412 993 Λόγον
1429 959 1550 986 παθόντα
1568 959 1692 993 cupiti",
1707 958 1756 985 καὶ
1768 957 1882 984 θανάτου

1089 1005 1258 1039 γευσάμενον
1278 1005 1369 1040 σαρκὶ,
1394 1004 1525 1039 γεγονότα
1547 1013 1577 1031 τε
1592 1004 1768 1040 πρωτότοκον
1785 1004 1818 1029 ἐκ
1831 1002 1882 1028 τῶν

1090 1051 1205 1087 νεκρῶν,
1227 1050 1296 1078 καθὸ
1313 1050 1369 1086 ζωή
1385 1051 1442 1078 ἐστι
1457 1051 1504 1077 καὶ
1523 1051 1654 1083 ζωοποιὺς
1668 1051 1682 1077 ὁ
1698 1050 1805 1081 Υίδς⁷⁷,
1821 1049 1883 1076 ἀνά-

1091 1097 1162 1132 θεμα
1184 1097 1264 1124 ἔστω.
1290 1097 1324 1124 Εἴ
1339 1106 1380 1129 τις
1399 1097 1436 1132 μὴ
1461 1098 1540 1133 εἴπῃ,
1566 1097 1608 1124 ὅτι
1631 1098 1660 1123 ὲν
1688 1096 1774 1132 σαρκὶ
1798 1096 1881 1131 ἦνπερ

1091 1143 1206 1170 ἀνέλαϐε
1214 1144 1237 1159 ⁷⁸
1251 1143 1394 1175 καθέζεται
1409 1144 1437 1170 ἐν
1447 1144 1467 1159 ⁷³
1482 1143 1558 1179 δεξιᾷ
1570 1143 1618 1170 τοῦ
1636 1143 1756 1178 Πατρδς,
1772 1144 1800 1169 ἐν
1841 1142 1885 1168 καὶ

1092 1188 1231 1216 ἐλεύσεται
1244 1189 1334 1224 κρῖναι
1346 1188 1450 1220 ζῶντας
1466 1188 1514 1215 καὶ
1527 1189 1652 1224 νεκροὺς,
1667 1187 1795 1222 ἀνάθεμα
1806 1187 1882 1213 ἔστω.

1092 1235 1126 1261 Εἴ
1138 1244 1179 1266 τις
1198 1234 1235 1270 μὴ
1251 1235 1317 1271 εἴπῃ
1334 1234 1365 1261 τὸ
1386 1234 1498 1270 Πνεῦμα
1516 1235 1547 1261 τὸ
1566 1234 1643 1268 ἆγιον
1661 1235 1694 1260 ὲκ
1711 1233 1760 1260 τοῦ
1782 1232 1883 1268 Πατρδς

1092 1276 1161 1306 εἶναι
1177 1279 1284 1314 ἀληθῶς
1305 1279 1352 1305 καὶ
1375 1279 1489 1314 κυρίως,
1514 1280 1552 1311 ὼς
1573 1279 1620 1305 καὶ
1642 1279 1687 1305 τὸν
1709 1278 1775 1304 Υίδν
1795 1278 1825 1303 ὲκ
1838 1278 1882 1312 τῆς

1093 1324 1168 1357 θείας
1181 1325 1286 1357 οὐσίας,
1302 1325 1348 1351 καὶ
1360 1324 1425 1351 Θεὸν
1441 1324 1509 1351 Θεοῦ
1521 1325 1607 1357 Λόγον
1614 1324 1649 1356 ⁸ο,
1665 1324 1792 1359 ἀνάθεμα
1807 1324 1881 1349 ἔστω.

1093 1370 1127 1397 EI
1140 1379 1182 1401 τις
1201 1370 1238 1405 μὴ
1253 1370 1318 1406 εἴπῃ
1329 1370 1417 1396 πάντα
1432 1369 1560 1396 δύνασθαι
1575 1370 1606 1396 τὺ
1622 1370 1737 1405 Πνεῦμα
1755 1370 1787 1396 τὸ
1801 1369 1881 1402 ἅγιον,

1094 1416 1140 1442 xui
1156 1415 1244 1442 πάντα
1259 1415 1369 1448 εἰδέναι,
1387 1415 1434 1441 καὶ
1448 1415 1585 1450 πανταχοῦ
1595 1415 1616 1431 ⁸¹
1636 1416 1777 1451 παρεῖναι,
1790 1415 1827 1446 ὡς
1841 1415 1884 1440 καὶ

1093 1463 1139 1489 τὸν
1159 1461 1224 1488 Υἱδν
1249 1461 1296 1488 καὶ
1321 1461 1367 1487 τὸν
1391 1461 1510 1497 Πατέρα,
1534 1461 1658 1496 ἀνάθεμα
1681 1461 1764 1488 ἔστω.
1793 1460 1827 1487 Εἴ
1846 1469 1884 1492 τις

1095 1507 1158 1542 εἴπῃ
1166 1507 1188 1522 θ’
1203 1506 1234 1532 τὸ
1253 1506 1364 1541 Πνεῦμα
1379 1506 1409 1533 τὸ
1426 1506 1504 1541 ἅγιον
1519 1506 1636 1541 ποίημα,
1664 1506 1681 1542 ἢ
1696 1507 1742 1533 διὰ
1760 1506 1808 1532 τοῦ
1823 1505 1884 1532 Υίοῦ

1095 1554 1271 1588 γεγενῆσθαι,
1289 1553 1411 1589 ἀνάθεμα
1427 1553 1507 1580 ἔστω.
1534 1554 1620 1585 Εἴτις
1643 1553 1680 1589 μὴ
1702 1554 1780 1589 εἴπῃ,
1802 1553 1884 1579 πάντα

1093 1599 1138 1626 διὰ
1151 1599 1199 1625 τοῦ
1210 1599 1276 1626 Υἱοῦ
1290 1600 1336 1626 τοῦ
1348 1599 1536 1635 σαρκωθέντος
1544 1600 1577 1631 ⁵⁸,
1593 1599 1641 1626 καὶ
1652 1598 1701 1625 τοῦ
1714 1599 1795 1632 ἁγίου
1811 1599 1886 1624 lived-

1096 1654 1196 1681 ματος,
1221 1645 1266 1672 τὸν
1294 1646 1403 1681 Πατέρα
1428 1646 1622 1681 πεποιηκέναι,
1650 1645 1724 1672 τοῦτ’
1754 1645 1828 1671 ἐστιν
1855 1645 1886 1670 τὰ

1094 1693 1180 1727 ὁρατὰ
1194 1692 1240 1718 καὶ
1259 1693 1291 1718 τὰ
1306 1692 1419 1727 ἀόρατα,
1433 1692 1558 1726 ἀνάθεμα
1575 1692 1656 1719 ἔστω.
1670 1692 1706 1718 Ei'
1717 1701 1762 1723 τις
1777 1692 1814 1727 μὴ
1827 1693 1886 1727 εἴπῃ

1094 1739 1141 1765 τοῦ
1156 1740 1270 1773 Πατρὸς,
1288 1739 1335 1765 καὶ
1347 1739 1394 1765 τοῦ
1410 1738 1486 1771 Υὶοῦ,
1508 1739 1556 1765 καὶ
1569 1738 1617 1765 τοῦ
1635 1738 1715 1772 ἁγίου
1731 1738 1888 1773 Πνεῦματος

1097 1784 1161 1819 μίαν
1185 1784 1309 1818 Osric-qm,
1332 1784 1467 1816 ἐξουσίαν,
1485 1784 1646 1810 δυναστείαν
1669 1784 1735 1819 μίαν
1744 1784 1779 1815 ⁸⁵,
1802 1783 1903 1815 δόξαν,-

1096 1831 1242 1866 κυριότητα
1265 1831 1340 1865 μίαν,
1364 1830 1502 1866 βασιλείαν
1525 1830 1600 1865 μίαν,
1624 1830 1736 1865 θέλησιν
1761 1830 1809 1856 καὶ
1828 1830 1888 1863 ἀλή-

1097 1877 1180 1909 θειαν,
1203 1878 1325 1911 ἀνάθεμα
1345 1877 1425 1904 ἔστω.
1441 1876 1475 1903 Εἴ
1486 1885 1528 1907 τις
1541 1875 1606 1912 τρία
1623 1876 1762 1911 πρόσωπα
1778 1875 1815 1910 μὴ
1829 1876 1888 1910 εἴπῃ

1097 1924 1222 1958 ἀληθινὰ,
1247 1923 1294 1949 τοῦ
1311 1923 1427 1958 Πατρὺς,
1444 1922 1492 1949 καὶ
1506 1921 1554 1948 τοῦ
1572 1921 1649 1954 Υἱοῦ,
1674 1922 1723 1948 καὶ
1742 1921 1791 1947 τοῦ
1817 1921 1888 1954 ἁγίου

1097 1970 1266 2005 Πνεῦματος,
1291 1970 1331 2001 εἰς
1354 1970 1398 1996 ἀεὶ
1412 1968 1542 2002 Cibyra”,
1568 1968 1602 1995 τὰ
1622 1968 1712 1995 πάντα
1729 1966 1889 2001 κατέχοντα,

1096 2016 1131 2042 τὰ
1150 2016 1235 2050 ὁρατὰ
1254 2016 1301 2042 καὶ
1319 2015 1353 2042 τὰ
1376 2015 1491 2051 ἀόρατα,
1516 2014 1606 2041 πάντα
1628 2014 1779 2049 δυνάμενα,
1807 2013 1890 2039 πάντα

1097 2062 1234 2098 κρίνοντα,
1251 2061 1338 2088 πάντα
1352 2060 1545 2094 ζωοποιοῦντα,
1559 2060 1647 2087 πάντα
1660 2058 1890 2095 δημιουργοῦντι,

1098 2107 1187 2134 πάντα
1211 2106 1354 2140 σώζοντα,
1382 2106 1509 2143 ἀνάθεμα
1532 2106 1613 2134 ἔστω.
1638 2105 1674 2132 Εἴ
1696 2114 1739 2137 τις
1764 2105 1803 2141 μὴ
1829 2105 1893 2139 εἴπῃ

1098 2154 1285 2190 προσκυνητὺν
1302 2154 1331 2181 τὺ
1353 2153 1466 2189 Πνεῦμα
1487 2153 1518 2180 τὸ
1543 2152 1621 2187 ᾶγιον
1637 2152 1714 2187 παρά
1737 2152 1831 2187 πάσης
1846 2150 1894 2184 τῆς

1099 2200 1224 2233 κτίσεως,
1246 2199 1284 2232 ὡς
1306 2200 1353 2227 καὶ
1368 2200 1414 2226 τὸν
1428 2199 1492 2226 Υἱὺν
1505 2199 1553 2226 καὶ
1568 2199 1613 2225 τὸν
1630 2197 1754 2233 Πατέρα,
1770 2196 1895 2231 ἀνάθεμα

903 2277 1018 2305 VARle
1035 2278 1237 2306 LECTIONES.

294 2327 317 2343 ⁷⁸
340 2326 490 2362 ἱερατικοῦ.
514 2325 598 2362 [idem
623 2330 651 2362 et
675 2324 833 2362 Stephanici
863 2333 936 2362 cumr
951 2327 1115 2362 Epiphanio.

1159 2328 1180 2343 '”
1202 2327 1233 2353 τὸ
1265 2328 1313 2354 Πν.
1337 2327 1368 2353 τὸ
1387 2328 1433 2359 ἀγ.
1463 2326 1546 2354 Basil.
1568 2326 1657 2353 Gra‘c.
1685 2331 1712 2352 et
1743 2325 1805 2352 Lat.
1834 2333 1895 2352 cum

257 2362 351 2396 Steph.
366 2360 393 2388 et
408 2362 522 2397 Niceph.
541 2360 600 2397 ΧΠ,
620 2361 674 2397 18η
691 2361 713 2375 “¹¹
728 2360 810 2397 adven
825 2360 907 2388 habet
919 2360 1083 2397 Excer‘ptum
1099 2371 1132 2389 ex
1148 2363 1190 2390 his
1208 2362 1445 2389 analhematismis
1461 2362 1486 2388 in
1507 2362 1672 2397 Theodoreti
1695 2361 1819 2387 Eranist.
1831 2361 1895 2397 dial.

256 2398 299 2429 111,
319 2406 343 2431 p.
364 2397 425 2424 162.
449 2396 599 2431 Sirmondi.

653 2395 738 2440 "7
753 2395 821 2440 [852g
844 2397 890 2439 καὶ
1009 2395 1085 2440 ’σὰρξ
1101 2398 1171 2440 μετά
1195 2398 1244 2440 τῇς
1255 2398 1360 2440 ψυχῆς..
1374 2397 1407 2432 ἣν
1421 2396 1596 2440 ἐνεδύσατο-ῃ
1614 2396 1660 2440 τρῦ
1679 2396 1896 2440 δούλουιμορξξὴ,

256 2434 290 2468 ἣν
307 2430 396 2466 ἑαυτῷ
410 2431 499 2463 ἔλαϐε,
510 2430 607 2468 καθὼς
624 2430 733 2465 εἴρηκεν
783 2431 889 2468 Γραφὴ,
906 2430 1031 2467 ἀνάθεμα
1047 2430 1127 2459 ἔστω.
1145 2433 1191 2460 Sic
1214 2430 1231 2459 Ι’.
1253 2430 1278 2459 c.
1293 2430 1404 2464 "noster,
1421 2432 1501 2467 cujus
1519 2430 1685 2468 verbisfere
1703 2432 1814 2468 accedit
1837 2431 1896 2468 l‘ini

257 2465 355 2509 codex,
373 2465 493 2509 iteinqqe
510 2465 690 2509 Nicephorus,
719 2467 764 2506 qui
792 2465 872 2509 habet

901 2475 907 2492 :
928 2468 975 2494 xui
993 2466 1058 2498 Θεὸς
1078 2468 1163 2502 Λόγος
1175 2488 1181 2499 ,
1201 2468 1293 2503 οὺχὶνὴ
1307 2467 1376 2502 σὰρξ
1406 2466 1461 2493 σὺν
1469 2469 1502 2503 τῇ
1522 2467 1594 2502 ψυχῇ
1608 2467 1863 2503 ἥνπεργενεδύσατο
1881 2466 1896 2499 ἡ

259 2502 352 2537 μορφὴ
372 2501 419 2528 τοῦ
435 2501 527 2527 Ξούλου
539 2521 546 2532 ,
562 2501 649 2536 ἥνπερ
670 2501 758 2536 ἐαυτῷ
775 2501 917 2537 ἀνέλαϐεν,
933 2506 986 2529 etc.
1007 2503 1031 2518 "
1047 2503 1093 2529 τοῦ
1109 2501 1188 2530 abest
1215 2501 1464 2530 aﬂBasilecnsibus
1488 2501 1515 2530 et
1538 2501 1632 2536 Steph.
1666 2501 1757 2537 "llic
1785 2501 1898 2528 anathe-

258 2536 503 2572 inatismusiahest
518 2544 532 2562 a
550 2537 644 2563 codice
668 2537 726 2563 l’ini
761 2540 788 2563 et
817 2536 963 2571 Epiphanii
984 2538 1054 2564 Hist.
1074 2539 1148 2572 trip..
1172 2539 1293 2572 itemque
1321 2546 1335 2564 a
1359 2538 1520 2565 collectione
1548 2537 1671 2563 Romana
1700 2536 1848 2572 llolstenii,
1869 2540 1898 2572 ut

257 2573 387 2599 observat
410 2571 546 2599 Valesius.
577 2573 600 2590 ⁷⁸
619 2571 707 2598 xui—
720 2572 812 2605 σαρκί.
830 2572 894 2599 Haec
914 2580 967 2599 non
987 2573 1088 2600 habent
1107 2571 1187 2600 codd.
1203 2571 1386 2600 Basileenscs.
1419 2573 1441 2588 ⁷⁷
1467 2573 1504 2604 ὡς
1516 2572 1592 2603 Θεὸς.
1611 2572 1696 2599 Iidem
1707 2580 1771 2599 cum
1801 2571 1896 2605 Steph.

257 2608 275 2633 4
299 2610 325 2633 et
355 2606 516 2641 Nicephoro.
548 2607 570 2622 ⁷⁸
588 2607 678 2634 ἔλαϐε.
694 2606 736 2633 Jo.
754 2606 812 2634 Ι)ίηὶ
833 2608 911 2635 liber.

259 2645 336 2676 putat
352 2641 377 2667 in
397 2642 652 2677 arehetypoLatiuo
670 2651 676 2668 :
696 2642 778 2669 Deum
801 2642 924 2669 Verbum.
955 2642 983 2669 ln

954 2609 976 2643 ’ξ’
994 2610 1026 2643 τῇ
1043 2608 1147 2635 addunt
1162 2608 1243 2635 Basil.
1259 2612 1285 2635 ct
1301 2607 1395 2643 Steph.
1420 2608 1442 2622 ⁸⁰
1459 2606 1588 2643 Valesius
1600 2607 1782 2642 interpretem
1801 2607 1898 2641 legisse

1013 2636 1147 2670 l'loislenii
1174 2644 1336 2670 collectione
1350 2636 1402 2670 'est
1420 2643 1531 2678 quidem
1551 2650 1557 2668 :
1575 2642 1657 2678 Deum
1675 2636 1783 2670 'rernm.
1811 2636 1898 2676 ’ῖγῆς

259 2676 600 2717 add"titillasih-enSesget
613 2677 729 2717 Steph:
744 2677 931 2717 abestautenr
944 2686 959 2705 a
975 2677 1036 2705 Pini
1051 2678 1203 2717 Saﬁliiquc
1222 2679 1363 2717 codicibus
1378 2676 1571 2717 ;Al\icephoro,
1590 2677 1746 2717 [Epiphanio
1769 2681 1798 2704 et
1814 2678 1897 2717 colle—

259 2712 349 2739 ctione
367 2711 509 2740 llolstcnii.

558 2713 580 2729 ⁸²
596 2712 678 2749 εἴποι.
705 2713 788 2749 Basil.
808 2712 857 2749 Gr.
874 2717 901 2749 et
921 2713 982 2740 Lat.
998 2722 1060 2740 cum
1080 2712 1173 2749 Steph.
1192 2720 1218 2741 et
1234 2714 1346 2748 Niceph.

259 2746 329 2778 Pini,
347 2747 509 2782 Epiphanio,
531 2747 687 2782 Nicephoro
706 2753 733 2774 et
766 2747 900 2775 llolstenii
922 2749 1093 2776 collectione.

1393 2714 1416 2730 ⁸³
1429 2713 1474 2739 τοῦ
1496 2722 1575 2748 σαρκ.
1596 2712 1658 2740 [huc
1675 2714 1779 2741 absunt
1796 2720 1811 2738 a
1830 2712 1899 2738 libro

1145 2749 1168 2765 ⁸⁵
1185 2749 1358 2776 Basileenses
1384 2753 1412 2776 et
1441 2748 1615 2783 Nicephorus
1639 2748 1676 2775 ita
1693 2748 1896 2782 distinguunt:

259 2782 428 2820 δυναστείαν,
451 2784 515 2818 μίαν
529 2783 596 2815 δοξ.,
609 2791 734 2820 κρίκοι,
752 2783 816 2818 μίαν
831 2782 933 2820 ﬂuuii,
964 2784 1028 2820 μίαν
1046 2784 1137 2819 θελησ.
1155 2793 1182 2810 κ.
1199 2784 1278 2819 ἀλῃθ.
1297 2784 1370 2820 quod
1388 2784 1454 2811 mihi
1466 2782 1562 2820 verius
1580 2784 1700 2811 videtur.
1726 2783 1897 2820 Nicephorus

260 2823 320 2851 post
336 2817 458 2851 ἐξουσίαν
476 2819 558 2846 etiam
583 2817 809 2853 additifletérnru.
840 2818 862 2834 ⁸³
884 2817 1011 2845 Valesius
1027 2817 1353 2846 rescribendum'suadct
1369 2827 1375 2845 :
1396 2820 1442 2846 ἴσα
1462 2819 1506 2845 ἀεὶ
1528 2818 1630 2850 ζῶντα,
1649 2823 1764 2846 secutus
1783 2818 1899 2851 Epipha—

261 2854 333 2889 nium
356 2858 383 2881 ct
408 2853 588 2889 archetypum
607 2853 641 2889 ab
658 2852 793 2881 Holstenii
810 2852 926 2887 editum,
944 2853 971 2881 in
987 2861 1041 2889 quo
1060 2858 1102 2883 cst
1117 2864 1123 2883 :
1140 2854 1254 2885 tl'l'lttalcs
1270 2862 1371 2889 semper
1393 2856 1515 2882 virentes.
1540 2854 1632 2882 Recte.
1659 2854 1793 2881 Eamdun
1821 2854 1899 2887 plane

260 2888 403 2916 lectionem
422 2887 512 2916 habet
525 2887 708 2923 Nicephorus.
