2036 3122
144 184 210 216 1241

658 181 954 212 ECCLESIASTICE
967 179 1158 210 HISTORIIE
1172 179 1243 209 LlB.
1260 180 1291 209 V.

1695 173 1762 206 1252

142 240 192 274 τὴν
208 238 356 274 βασιλείαν,
372 237 439 264 ἀλλά
452 238 498 274 καὶ
514 237 562 273 τὴν
577 237 656 271 φύσιν
671 237 788 270 λογίζου.
805 237 926 272 ’Ἂνθρω-
942 260 944 266 ι

997 239 1075 261 atura
1093 238 1183 262 creata
1205 238 1256 261 est.
1276 232 1315 260 Ne
1330 233 1412 268 igitur
1428 236 1484 259 tam
1503 232 1652 259 crudeliter
1668 231 1763 257 imma-

144 292 194 316 πος
214 283 267 319 γὰρ
290 283 338 314 ὢν,
363 283 491 318 ὁμοφυῶν
514 282 676 317 βασιλεύεις.
703 283 770 309 Κατ’
788 282 880 309 εἰκόνα
900 282 928 308 δὲ

144 329 220 356 θείαν
232 329 278 356 καὶ
294 328 422 364 ὁμοίωσιν
438 330 453 363 ἡ
465 328 520 355 τῶν
534 328 685 364 ἀνθρώπων
701 328 930 363 δεδημιούργηται

145 375 235 410 φύσις.
252 374 297 409 Μὴ
310 374 398 401 τοίνυν
411 374 494 408 ὠμῶς
509 373 595 405 οὕτως
607 375 653 400 καὶ
672 373 786 409 ἀπηνῶς
801 374 848 400 τοῦ
862 373 929 399 Θεοῦ

144 422 193 454 τὴν
210 421 300 447 εἰκόνα
312 421 521 455 κατασφαγῆναι
540 420 682 455 κελεύσῃς.
696 420 861 455 Παροξυνεῖς
876 420 930 454 γὰρ

144 466 190 494 τὸν
207 466 375 501 Δημιουργδν
387 466 436 501 τὴν
450 466 554 492 ἐκείνου
574 466 694 497 κολάζων
708 465 810 492 εἰκόνα.
824 466 930 500 Σκόπη-

146 520 193 538 σον
208 511 262 546 γὰρ
276 511 313 542 ὡς
328 512 375 537 καὶ¹
396 512 428 538 σὺ
446 511 550 546 χαλκῆς
566 511 647 537 ἕνεκα
661 511 846 546 δυσχεραίνων
862 511 931 537 εἰκό-

146 565 190 589 νος
210 557 294 584 ταῦτα
317 558 412 589 ποιείς.
430 558 512 584 Ὅσον
525 557 552 584 δὲ
575 558 623 592 τῆς
655 557 759 592 ἀψύχου
781 557 902 592 διαφέρει
915 557 932 591 ἡ

146 602 267 637 ἔμψυχός
275 611 303 629 τε
321 603 369 629 καὶ
380 602 454 633 ζῶσα
472 603 519 629 καὶ
534 602 639 637 λογικὴ,
658 602 737 637 δῆλον
762 601 848 628 ἅπασι
877 602 933 632 τοῖς

146 656 179 681 γε
190 648 250 674 νοῦν
266 647 368 682 έχουσι.
386 647 458 683 Πρὸς
472 648 499 673 δὲ
516 647 622 679 τούτοις
637 647 791 681 λογισάσθω
808 647 932 678 κάκεῖνα,

146 693 185 724 ὡς
200 694 266 728 ἡμῖν
285 693 334 727 μὲν
357 693 447 728 ῥᾴδιον
461 694 520 719 ἀντὶ
544 693 593 727 τῆς
614 694 677 727 μιᾶς
702 692 805 724 εἰκόνος
832 691 933 723 πολλὰς

147 730 349 770 δημιουργῆσαι
377 736 499 771 χαλκᾶς·
522 736 596 771 αὐτῷ
617 737 645 762 δὲ
672 736 789 771 πάμπαν
802 735 931 762 ἀδύνατον

150 783 215 816 μίαν
239 782 302 816 γοῦν
318 782 372 808 τῶν
386 782 582 817 ἀναιρεθέντων
598 782 796 817 δημιουργῆσαι
813 782 903 817 τρίχα.
922 792 931 808 ι

148 829 243 854 Ταῦτα
261 828 424 860 ἀκούσαντες
443 829 467 854 οἱ
492 828 644 863 θαυμαστοὶ
663 828 757 863 ἄνδρες
771 829 878 860 ἐκεῖνοι,
897 828 936 854 δι-

149 873 340 909 επόρθμευσαν
363 873 397 899 τά
419 873 552 909 εἰρημένα
568 873 608 908 τῷ
622 873 735 908 βασιλεῖ,
760 874 806 900 καὶ
826 873 876 908 τὴν
889 874 934 899 τοῦ

150 920 238 955 θυμοῦ
266 921 433 947 κατέσϐεσαν
460 921 557 954 φλόγα,
583 921 630 946 καὶ
657 921 716 946 ἀντὶ
735 920 790 946 τῶν
815 920 934 947 ἀπειλῶν

151 966 263 992 ἐκείνων
275 966 420 1000 ἀπολογίαν
436 966 550 1001 ἔγραψε,
568 966 614 992 καὶ
626 966 675 1000 τῆς
688 966 772 1001 ὀργῆς
784 966 832 1002 τὴν
846 967 936 993 αἰτίαν

151 1012 293 1047 ἐδήλωσεν.
315 1022 324 1037 ι
336 1013 393 1039 Οὐκ
412 1012 465 1039 ἔδει
480 1013 543 1047 γὰρ,
557 1012 619 1046 ἔφη,
635 1012 701 1046 ἐμοῦ
723 1012 937 1047 πλημμελήσαν-

151 1066 207 1089 τος,
224 1059 340 1091 γυναῖκα
363 1058 453 1092 πάσης
472 1058 609 1093 εὐφημίας
636 1057 789 1092 ἀξιωτάτην
804 1059 936 1092 τοσαύτην

153 1104 224 1138 μετὰ
254 1103 381 1139 τελευτὴν
408 1103 534 1135 δέξασθαι
559 1103 702 1138 παροινίαν
718 1112 724 1118 '
742 1104 801 1130 κατ’
819 1103 885 1138 ἐμοῦ
908 1105 937 1131 δὲ

152 1149 238 1183 ἐχρῆν
266 1149 310 1175 τὸν
337 1149 420 1183 θυμὸν
444 1149 507 1180 τοὺς
536 1148 757 1182 ἀγανακτοῦντας
785 1149 903 1176 ὁπλίσαι.
924 1158 933 1174 ι

153 1194 334 1228 Ιίροστέθεικε
350 1195 376 1220 δὲ
391 1195 427 1226 ὡς
442 1194 518 1221 ἀλύει
534 1195 580 1220 καὶ
595 1195 714 1224 ἀνιᾶται,
729 1195 804 1225 τινας
816 1194 867 1220 ὑπὸ
884 1194 938 1221 τῶν

152 1240 292 1275 ἀρχόντων
304 1241 453 1276 ἀνῃρῆσθαι
472 1240 574 1275 μαθών,
590 1239 744 1276 Ἐγὼβέϋ]
752 1241 883 1276 δὲταῦτα
900 1241 939 1266 δι-

980 281 1106 314 niterqne
1123 279 1168 306 Dei
1185 279 1327 314 imaginem
1343 279 1461 314 jugulari
1474 278 1625 313 praecipias.
1642 277 1763 306 lrritabis

981 326 1052 353 enim
1069 324 1236 356 Creatorem,
1255 325 1281 351 iu
1298 324 1358 358 ejus
1386 325 1500 351 szeviens
1527 323 1683 357 imaginem.
1699 323 1764 350 Per-

982 371 1068 406 pende
1085 371 1155 397 enim
1173 374 1198 396 te
1217 374 1328 404 propter
1354 377 1456 396 teneam
1484 373 1600 396 statuam
1632 368 1763 396 odensum

982 418 1039 444 haec
1054 424 1142 451 agere.
1157 415 1264 448 Quanto
1280 419 1369 442 autem
1384 415 1511 441 inanimae
1526 418 1633 448 praestet
1646 416 1765 440 animata

981 469 1008 491 et
1026 464 1120 491 vivens
1139 471 1170 490 ac
1187 463 1293 489 ratione
1309 462 1434 497 praedita,
1453 461 1579 489 omnibus
1595 461 1639 495 qni
1656 469 1764 487 sensum

983 509 1083 536 habent
1101 512 1143 536 est
1158 508 1344 543 perspicuum.
1361 507 1427 533 Illud
1452 511 1582 540 przeterea
1601 506 1766 537 consideret,

982 555 1062 580 nobis
1076 553 1184 587 quidem
1201 553 1281 579 facile
1296 560 1356 580 esse
1372 560 1419 587 pro
1433 552 1518 586 elligie
1535 559 1588 578 una
1603 558 1689 578 mreas
1703 551 1768 577 mul-

983 602 1025 626 tas
1052 599 1178 626 fabricari
1197 607 1202 624 :
1218 599 1307 634 ipsum
1324 606 1388 625 vero
1405 599 1446 625 vel
1463 606 1545 624 unum
1561 597 1767 624 interfectorum

983 646 1111 679 capillum
1129 653 1224 672 creare
1251 645 1325 672 nullo
1351 645 1432 672 modo
1449 652 1538 679 posse.
1558 654 1567 670 ι
1590 643 1651 670 llaec
1668 642 1768 677 egregii

984 690 1021 717 illi
1047 692 1097 717 viri
1116 699 1178 717 cum
1195 691 1375 723 audivissent,
1397 690 1428 717 ad
1452 691 1642 724 imperatorem
1662 688 1769 722 singula

984 737 1147 768 retulerunt,
1163 742 1189 763 et
1202 738 1248 764 ira:
1263 737 1398 764 llaiumam
1414 737 1614 768 exstinxerunt,
1630 735 1666 762 ita
1681 739 1709 761 ut
1724 741 1771 769 pro

985 783 1068 809 mittis
1080 783 1230 817 apologiam
1243 784 1387 815 scriberet,
1401 784 1501 817 iraeque
1517 790 1628 809 causam
1653 788 1774 815 e\p0ue—

986 832 1038 855 ret.
1051 838 1060 854 ι
1076 829 1132 855 Νοιι
1144 830 1296 863 oportebat,
1309 830 1406 863 inquit,
1420 837 1462 855 me
1476 832 1618 863 peccante,
1632 827 1772 854 mulierem

987 875 1058 900 omni
1073 875 1153 901 laude
1167 875 1368 908 dignissimam,
1384 879 1444 910 post
1460 878 1574 901 mortem
1588 877 1690 900 tantam
1707 879 1775 899 eon~

990 922 1129 948 tumeliam
1151 922 1307 949 sustinere:
1323 922 1370 949 sed
1387 922 1413 948 in
1430 929 1473 948 me
1488 929 1595 948 armare
1610 920 1723 947 decebat
1738 918 1775 944 of-

989 967 1082 994 fensos
1102 967 1312 1002 indignationem
1343 975 1431 995 suam.
1453 977 1461 992 ι
1480 967 1600 994 Addebat
1619 972 1646 993 et
1668 964 1774 999 1055

990 1013 1083 1039 dolere
1107 1021 1136 1040 se
1154 1018 1235 1048 atque
1262 1014 1323 1048 angi
1342 1014 1444 1044 animo,
1461 1013 1533 1047 quod
1550 1013 1657 1046 aliquos
1674 1019 1688 1037 a
1704 1010 1777 1044 judi-

990 1058 1068 1085 cibus
1096 1064 1249 1094 peremptos
1278 1059 1438 1094 accepisset.
1465 1059 1519 1094 Ego
1548 1066 1612 1084 vero
1632 1061 1774 1092 propterea

991 1105 1048 1131 lum:
1065 1106 1286 1137 commemoravi,
1305 1106 1376 1139 quod
1401 1105 1524 1139 iniqumu
1545 1105 1672 1131 ducerem
1687 1102 1778 1129 lauda-

991 1151 1116 1178 bilissimi
1133 1152 1257 1178 monachi
1279 1153 1430 1179 libertatem
1445 1152 1472 1178 in
1490 1151 1652 1178 oblivionem
1672 1148 1776 1180 venire,

992 1201 1020 1223 et
1032 1203 1058 1224 ut
1076 1198 1142 1232 legis
1157 1198 1247 1233 magni
1261 1198 1395 1225 Ambrosii
1410 1205 1493 1225 suasu
1513 1197 1621 1232 scripta:
1633 1195 1777 1223 utilitatem

994 1243 1179 1271 ostenderem.

153 1285 275 1319 εξῆλθον,
291 1285 337 1311 καὶ
350 1285 395 1311 τοῦ
412 1286 589 1320 πανευφήμου
612 1285 774 1320 μονάζοντος
799 1285 846 1320 τὴν
859 1287 1016 1321 παρρησίαν
1032 1289 1080 1323 οὐχ
1097 1289 1272 1324 ἡγησάμενος
1300 1289 1403 1315 δίκαιον
1434 1288 1602 1324 παραδοῦναι
1624 1286 1704 1323 λήθῃ.
1733 1285 1781 1312 καὶ

153 1330 201 1356 τὸν
221 1330 303 1365 νόμον
323 1331 427 1356 ἐκεῖνον
456 1330 563 1361 δεικνὺς
580 1331 752 1366 ὀνησιφόρον,
767 1330 796 1356 ὃν
811 1332 824 1357 ὁ
841 1331 927 1366 μέγας
952 1332 1119 1368 Ἀμϐρόσιος
1135 1334 1274 1370 γραφῆναι
1288 1336 1450 1370 παρῄνεσεν.

453 1376 577 1403 ΚΕΦΑΛ.
599 1377 640 1403 ις’.

156 1422 226 1455 Περί
240 1421 300 1448 τῶν
319 1422 472 1455 πανταχοῦ
496 1422 552 1457 γῆς
573 1422 803 1449 καταλυθέντων
814 1422 893 1449 ναῶν
908 1423 942 1451 ⁸⁷.

197 1468 227 1494 '0
243 1467 272 1494 δὲ
298 1468 455 1499 πιστότατος
481 1467 605 1503 βασιλεὺς
627 1468 698 1494 κατά
714 1468 764 1502 τῆς
785 1467 945 1503 Ἑλληνικῆς

1180 1379 1256 1406 CAP.
1275 1379 1332 1406 xx.
1351 1379 1394 1415 [ν.
1411 1378 1516 1406 21.01..
1533 1376 1591 1414 ρο]

994 1423 1032 1450 De
1060 1425 1162 1459 templis
1196 1425 1328 1451 idolorum
1349 1424 1443 1459 ubique
1473 1428 1606 1449 terrarum
1627 1420 1780 1448 destructis.

1029 1470 1220 1497 Fidelissimus
1248 1478 1330 1505 porro
1363 1470 1512 1503 imperator
1543 1468 1664 1495 studium
1701 1474 1781 1493 suum

157 1514 262 1549 πλάνης
291 1514 425 1549 μετέθηκε
448 1514 497 1549 τὴν
521 1514 649 1550 σπουδὴν,
662 1514 709 1540 καὶ
725 1515 824 1549 νόμους
843 1514 944 1550 ἔγραψε

996 1516 1127 1542 adversus
1154 1515 1297 1550 gentilium
1324 1522 1444 1543 errorem
1478 1513 1630 1545 convertit,
1656 1513 1784 1547 legesque

157 1561 192 1587 τὰ
219 1560 274 1588 τῶν
303 1560 418 1587 εἰδώλων
440 1560 541 1595 τεμένη
568 1559 752 1595 καταλυθῆναι
771 1560 944 1595 “fabalium.

158 1605 361 1636 Κωνσταντῖνος
386 1605 435 1640 μὲν
450 1592 504 1639 γαρ
519 1592 541 1631 ὁ⁷
556 1604 652 1639 μέγας,
667 1604 682 1630 ὁ
697 1592 786 1639 πάσης
799 1592 947 1637 ἀξιώτατος

159 1649 307 1683 εὐφημίας,
317 1649 424 1684 πρῶτος
438 1649 562 1685 εὐσεϐείᾳ
572 1648 621 1684 τὴν
641 1649 777 1683 βασιλείαν
794 1650 946 1685 κοσμήσας,

159 1696 207 1722 καὶ
218 1696 266 1731 τὴν
277 1696 437 1731 οἰκουμένην
459 1695 498 1721 ἔτι
516 1697 668 1730 μεμηνυῖαν
686 1696 768 1731 ὀρῶν,
784 1697 814 1722 τὸ
830 1697 878 1731 μὲν
893 1697 948 1727 τοῖς

160 1743 270 1778 δαίμοσι
287 1743 359 1769 θύειν
376 1743 547 1769 παντάπασιν
567 1742 736 1778 ἀπηγόρευε·
754 1743 817 1774 τοὺς
843 1742 871 1768 δὲ
888 1742 949 1768 τού-

161 1798 216 1816 των
229 1790 308 1821 ναοὺς
321 1789 350 1815 οὐ
376 1789 532 1821 κατέλυσεν,
550 1788 607 1814 ἀλλ’
631 1788 748 1819 ἀϐάτους
772 1786 841 1814 εἶναι
865 1796 948 1822 προσ-

162 1837 252 1869 έταξε.
266 1837 320 1863 Καὶ
332 1836 423 1871 μέντοι
432 1837 478 1863 καὶ
489 1837 512 1863 οἰ
526 1836 621 1862 τούτου
635 1836 728 1867 παῖδες
743 1837 799 1867 τοῖς
815 1835 950 1871 πατρῴοις

161 1881 347 1916 ἠκολούθησαν
374 1881 484 1916 ἴχνεσιν.
506 1881 648 1912 Ἰουλιανὸς
663 1881 691 1907 δὲ
714 1881 881 1907 ἀνενεώσατο
902 1881 950 1915 τὴν

162 1927 304 1958 ὰσέὗειαν,
318 1926 365 1952 καὶ
377 1927 426 1961 τῆς
438 1925 555 1957 παλαιᾶς
572 1925 709 1958 ἐξαπάτης
722 1925 803 1960 ἐξῆψε
819 1926 867 1960 τὴν
886 1925 951 1959 φλό-

163 1980 210 2005 γα.
233 1970 360 2002 Ίοὸιανὺς
383 1971 412 1997 δὲ
442 1971 490 2006 τὴν
515 1970 654 2005 βασιλείαν
683 1969 858 2005 παραλαϐὼν,
872 1970 951 1996 πάλιν

162 2018 213 2053 τὴν
225 2017 279 2043 τῶν
295 2017 411 2043 εἰδώλων
431 2016 551 2042 ἐκώλυσε
574 2015 722 2050 θεραπείαν
733 2023 739 2029 '
753 2015 801 2041 καὶ
825 2014 952 2040 Βαλεντι-

164 2063 254 2094 νιανὺς
268 2063 296 2089 δὲ
311 2064 325 2089 ὁ
338 2062 423 2098 μέγας
443 2062 556 2088 τοιοῖσδε
586 2061 754 2096 κεχρημένος
771 2060 862 2094 νόμοις
880 2059 952 2086 ἴθυνε

163 2109 214 2143 τὴν
243 2108 387 2143 Εὐρώπην.
415 2107 444 2134 '0
458 2107 485 2134 δὲ
500 2107 589 2142 Βάλης
615 2108 682 2133 πᾶσι
710 2107 759 2141 μὲν
774 2107 835 2140 ίτοίς
863 2105 952 2133 ἄλλοις

165 2155 298 2189 ἐπέτρεψε
329 2154 491 2190 Θρησκεύειν
556 2154 691 2188 βούλοιντο
705 2153 737 2186 ⁵³,
758 2153 802 2179 καί
822 2151 855 2178 τὰ
884 2151 952 2186 θρη-

166 2201 319 2235 σκευόμενα
333 2199 492 2236 θεραπεύειν
509 2207 516 2214 ·
534 2199 623 2234 μόνοις
648 2200 675 2226 δὲ
696 2199 821 2234 πολεμῶν
839 2199 952 2225 διετέλει
969 2188 990 2214 Ῑ)

165 2248 222 2278 τοῖς
237 2246 291 2272 τῶν
302 2246 488 2272 ἁποστολικῶν
501 2245 689 2280 ὑπερμαχοῦσι
704 2245 855 2280 δογμάτων.
863 2245 956 2271 Πάντα

166 2292 232 2326 γοῦν
250 2292 295 2318 τὸν
309 2291 360 2326 τῆς
376 2291 479 2318 ἐκείνου
505 2291 641 2326 βασιλείας
658 2291 763 2326 χρόνον,
782 2291 829 2317 καὶ
850 2291 879 2316 τὸ
897 2291 956 2316 ἐπι-

168 2338 272 2372 ϐώμιον
286 2338 387 2373 ἥπτετο
404 2337 470 2373 πῦρ,
487 2338 533 2363 καὶ
552 2337 665 2368 σπονδὰς
680 2337 726 2363 καὶ
740 2337 833 2368 θυσίας
851 2338 906 2367 τοῖς
917 2337 957 2362 εί-

167 2385 261 2415 διίλλοις
283 2384 461 2419 προσέφερον,
475 2384 522 2410 καὶ
541 2384 590 2414 τὰς
614 2383 788 2418 δημοθοινίας
810 2382 880 2409 κατὰ
907 2382 956 2417 τὴν

168 2431 273 2467 ἀγορὰν
290 2430 444 2461 ὲπετέλουν,
462 2430 508 2456 καὶ
523 2431 547 2456 οἰ
557 2429 604 2456 τοῦ
619 2429 745 2455 Διονύσου
763 2429 797 2455 τὰ
811 2429 891 2463 ὄργια
911 2436 955 2454 τε-

168 2476 335 2511 τελεσμένοι,
353 2475 422 2511 μετὰ
446 2475 500 2502 τῶν
527 2475 637 2510 αἰγίδων
658 2475 777 2510 ἔτρεχον,
798 2475 860 2506 τοὺς
872 2475 957 2506 κύνας

170 2521 347 2554 διασπῶντες,
367 2521 414 2548 καὶ
437 2521 600 2556 μεμηνότες,
625 2522 672 2547 καὶ
698 2521 887 2556 βακχεύοντες,
911 2521 957 2547 καὶ

168 2568 256 2594 τᾶλλα
266 2568 288 2583 ⁶⁰
302 2568 428 2603 δρῶντες,
441 2567 458 2594 ἂ
473 2567 522 2602 τὴν
545 2567 592 2594 τοῦ
613 2566 771 2594 διδασκάλου
793 2567 923 2602 πονηρίαν
936 2567 957 2583 ⁶¹

170 2614 254 2649 δηλοῖ.
283 2614 375 2640 Ταῦτα
393 2614 480 2641 πάντα
502 2613 640 2644 Θεοδόσιος
661 2613 749 2648 εὑρὼν
764 2614 778 2639 ὁ
801 2613 959 2644 πιστότατος

172 2659 299 2695 βασιλεὺς
312 2680 320 2692 ,
335 2659 470 2695 πρόρριζά
496 2667 525 2685 τε
552 2659 687 2686 ἀνέσπασε
699 2680 708 2692 ,
727 2659 774 2685 καὶ
795 2659 864 2696 λήθῃ
885 2667 956 2694 παρ-

171 2706 267 2733 eam.

999 1562 1061 1588 tulit
1090 1562 1191 1596 quibus
1220 1562 1354 1589 idolorum
1381 1561 1495 1588 delubra
1527 1560 1631 1587 destrui
1658 1559 1783 1593 jubebat.

998 1609 1197 1636 Constantinus
1232 1608 1304 1635 enim
1332 1615 1462 1642 magnus,
1485 1605 1558 1633 omni
1590 1605 1785 1640 przedicatione

999 1654 1186 1688 dignissimus,
1206 1655 1251 1688 qui
1271 1654 1393 1688 primus‘
1408 1652 1530 1679 omniurn
1549 1651 1651 1686 pietate
1677 1650 1785 1676 ounavit

1000 1700 1156 1734 imperium,
1172 1708 1234 1726 cum
1263 1700 1357 1726 orbem
1385 1702 1520 1726 terrarum
1541 1697 1631 1724 adhuc
1650 1697 1785 1723 furentem

1001 1747 1114 1778 videret,
1138 1747 1291 1774 dmmonum
1320 1746 1429 1781 quidem
1454 1746 1588 1772 sacriﬁcia
1608 1745 1716 1780 penitus
1746 1743 1787 1769 in-

1001 1793 1121 1823 terdixit,
1136 1793 1232 1819 horum
1244 1797 1333 1818 tatuen
1351 1792 1413 1818 l'aua
1431 1799 1483 1817 non
1499 1790 1606 1821 evertit,
1620 1789 1665 1816 sed
1678 1787 1786 1815 oecludi

1001 1839 1138 1872 praecepit.
1159 1837 1246 1870 llujus
1266 1844 1376 1870 quoque
1397 1835 1444 1862 lilii
1470 1841 1582 1869 paterna
1611 1833 1725 1867 vestigia
1742 1840 1786 1859 se-

1001 1883 1057 1910 cuti
1087 1886 1162 1909 sunt.
1191 1882 1226 1908 At
1249 1881 1375 1908 Julianus
1397 1880 1565 1914 impietatem
1598 1878 1733 1909 restituit,
1761 1881 1788 1903 et

1002 1928 1111 1963 pristini
1128 1927 1231 1955 erroris
1257 1927 1392 1953 ﬂammam
1419 1925 1555 1953 accendit.
1571 1924 1701 1951 Iovianus
1724 1930 1789 1950 vero

1003 1973 1143 2008 imperium
1155 1973 1313 2008 excipiens,
1331 1972 1467 1999 idolorum
1484 1978 1580 1998 rursus
1599 1971 1703 1996 cultum
1726 1976 1790 2003 pro-

1003 2020 1090 2047 hibuit
1108 2031 1114 2047 :
1131 2024 1157 2047 et
1180 2020 1388 2047 Valentinianus
1408 2026 1518 2053 quoque
1545 2025 1663 2051 magnus
1693 2016 1787 2043 iisdem

1004 2066 1109 2100 legibus
1132 2066 1203 2092 rexit
1226 2065 1376 2100 Europam.
1400 2065 1434 2090 At
1460 2063 1577 2095 Valens,
1600 2063 1660 2090 aliis
1679 2061 1788 2096 quidem

1004 2111 1132 2138 omnibus
1155 2111 1280 2145 permisit
1299 2110 1460 2144 religionem
1487 2109 1563 2144 sequi
1580 2116 1661 2142 quam
1679 2108 1788 2137 vellent.

1007 2163 1034 2185 et
1054 2159 1088 2185 iis
1107 2159 1210 2185 servire
1222 2164 1292 2191 quos
1310 2156 1445 2182 baberent
1464 2162 1513 2189 pro
1533 2154 1586 2181 diis
1604 2163 1609 2179 :
1632 2154 1706 2180 solos
1726 2161 1791 2179 vero

1006 2206 1157 2233 insectatus
1178 2207 1220 2231 est
1236 2210 1294 2234 eos.
1311 2202 1358 2237 qui
1381 2201 1533 2236 apostolica
1549 2200 1676 2235 dogmata
1694 2199 1790 2225 deferi-

1005 2252 1114 2279 debant.
1132 2249 1224 2284 Itaque
1240 2252 1297 2274 toto
1307 2248 1366 2280 ejus
1380 2246 1488 2281 imperii
1504 2250 1637 2279 tempore,
1650 2249 1677 2271 et
1694 2244 1720 2270 iu
1735 2244 1791 2270 aris

1006 2297 1119 2324 ardebat
1135 2295 1221 2330 ignis,
1248 2298 1274 2321 ct
1299 2293 1444 2320 libationes
1472 2296 1553 2326 atque
1577 2290 1682 2317 hostias
1711 2290 1792 2316 idolis

1005 2343 1168 2373 ol‘ierehant,
1186 2344 1212 2367 et
1229 2340 1355 2376 publicas
1371 2339 1466 2373 epulas
1478 2338 1505 2364 in
1523 2337 1583 2363 foro
1602 2335 1791 2366 celebrabant,

1006 2394 1033 2416 et
1060 2387 1157 2414 Bacchi
1185 2386 1271 2421 orgiis
1301 2385 1402 2412 initiati
1427 2391 1489 2410 cum
1523 2382 1641 2417 pellibus
1673 2380 1794 2415 caprinis

1009 2435 1167 2466 currebant,
1200 2432 1307 2468 1056
1332 2438 1414 2458 canes
1438 2429 1621 2461 dilauiantes,
1653 2427 1794 2459 furentes,

1010 2480 1188 2511 bacchantes,
1203 2483 1229 2505 et
1245 2479 1298 2504 alia
1311 2481 1423 2512 agentes
1442 2483 1502 2510 quae
1517 2473 1639 2510 magistri
1661 2471 1794 2507 improbi--

1011 2532 1093 2554 tatem
1110 2525 1271 2553 ostendunt.
1291 2522 1353 2550 llaec
1378 2522 1469 2550 omnia
1499 2525 1599 2548 nactus
1622 2518 1795 2546 Theodosius

1013 2570 1189 2598 ﬁdelissimus
1217 2569 1378 2603 imperator.
1410 2566 1544 2593 radicitus
1577 2564 1739 2600 etstirpavit
1769 2565 1797 2590 et

1013 2616 1151 2644 oblivione
1165 2618 1295 2650 perpetua
1311 2612 1460 2640 damnavit.

821 2750 937 2778 VARUE
958 2749 1157 2778 LECTIONES.

208 2833 231 2851 ⁵⁷
251 2831 398 2858 εἰδωλικῶν
417 2831 519 2858 addunt
541 2835 655 2859 ca'teraz.
676 2831 753 2858 editt.

795 2830 818 2845 "
833 2830 992 2856 καταλῦσαι.
1008 2828 1090 2855 Basil.
1107 2828 1154 2855 Gr.
1188 2827 1210 2842 ⁵⁸

1229 2826 1378 2861 βούλονται.
1394 2825 1488 2861 ldem._
1525 2824 1547 2840 θ’
1623 2821 1697 2861 aug.
1724 2821 1797 2861 idem

173 2874 236 2905 cuni
709 2866 927 2899 Christophors..
955 2865 1075 2897 itemque
1105 2856 1274 2898 Epiphanius
1287 2861 1319 2888 |.\'
1334 2881 1341 2891 ,
1361 2861 1405 2891 59,
1432 2859 1562 2894 probante
1589 2858 1704 2885 Valcsio.
1721 2856 1796 2889 Quod

173 2907 201 2928 et.
213 2901 299 2928 Meet)
320 2921 328 2928 .
343 2900 390 2928 ΧΗ
403 2921 410 2928 .
431 2901 477 2928 ‘25.
493 2902 656 2928 continuare
673 2901 788 2928 videtur.
809 2901 892 2928 Basil.
910 2899 957 2927 Gr.
980 2903 1006 2926 et
1025 2899 1118 2928 Steph.
1140 2897 1277 2926 habebant
1297 2905 1302 2923 :
1322 2897 1483 2928 πανήγυριν-

173 2907 201 2930 ct
213 2901 299 2936 Nicep

343 2900 390 2928 ΧΗ
403 2921 410 2933 ,
431 2901 477 2933 ‘25,
493 2902 656 2929 conlirmare
673 2901 788 2928 videtur.
809 2897 892 2928 Basil.
910 2899 957 2927 Gr.
980 2903 1006 2926 et
1025 2897 1277 2934 SteplL'halwbaut
1297 2905 1302 2923 :
1322 2897 1483 2931 πανήγυριν.
