2036 3122
170 187 238 218 1245

670 188 965 220 ECCLESIASTICE
983 191 1174 222 ΗΙΞΤΟΒΙᾸΞ
1190 194 1262 224 LIB.
1278 195 1311 224 V.

1721 195 1790 228 1246

165 241 303 278 τυραννίδι
323 241 368 268 τοῦ
382 242 519 276 δαίμονος,
536 242 605 270 ἀλλὰ
624 244 672 270 καὶ
691 245 740 279 τὴν
754 245 894 272 ἀσθένειαν
904 247 951 282 τὴν

1006 249 1117 283 majoris
1132 250 1223 278 damni
1240 253 1387 280 incredulis
1404 252 1450 280 fiat
1463 253 1581 281 occasio.
1601 254 1650 281 llis
1666 257 1693 281 et
1709 255 1788 280 simi-

165 287 271 315 ἐκείνου
280 287 433 322 γυμνῶσαι,
442 288 489 314 καὶ
503 288 551 323 τὴν
564 288 667 315 οἰκείαν
681 289 795 324 δύναμιν
812 291 952 323 ἐπιδεῖξαι,

166 334 209 360 ἵνα
226 333 263 368 μὴ
278 333 414 368 πρόςρασις
427 333 551 359 ἐντεῦθεν
568 335 624 366 τοῖς
635 334 759 367 ἀπίστοις
771 336 893 370 μείζονος
908 337 955 370 γέ-

165 387 242 413 νηται
270 379 381 414 βλάϐης.
404 379 497 406 Ταῦτα
513 379 590 415 [228]
602 380 698 412 εἰπὼν,
715 381 762 407 καὶ
781 382 829 408 ὅσα
850 382 954 414 τούτοις

166 426 323 461 παρόμοια,
337 427 385 453 καὶ
402 427 505 459 ἐπιθεὶς
530 427 577 454 τοῦ
606 429 723 464 σταυροῦ
744 429 789 455 τὸν
811 429 895 456 τύπον
916 430 955 465 τῷ

165 472 254 505 ὖδατι,
277 473 401 500 Ἐκύτιόν
411 474 433 488 ⁷⁷
450 482 511 500 τινα
533 474 672 505 διακονίας
685 474 848 510 ἠξιωμένον,
864 477 953 503 πίστει

165 518 213 545 καὶ
229 517 303 554 ζήλῳ
316 519 519 555 πεφραγμένον,
529 520 620 546 λαϐεῖν
632 529 662 547 τε
681 521 711 547 τὺ
726 520 797 556 ὕδωρ
817 521 953 554 ἐκέλευσε,

166 564 213 589 καὶ
228 564 272 590 διὰ
286 564 384 599 τάχους
394 564 518 600 δραμεῖν,
529 566 575 592 καὶ
586 565 655 599 μετὰ
668 566 786 596 πίστεως
797 566 952 601 διαῤῥᾶναι,

165 610 214 636 καὶ
232 609 281 645 τὴν
303 609 388 644 φλόγα
414 612 617 647 προσενεγκεῖν.
636 611 714 639 Οὕτω
731 611 825 639 τούτου
841 612 954 647 γενομέ-

165 661 224 687 νου,
249 654 407 691 ἀπέδραμεν
422 657 468 682 ⁷λὸ
484 657 589 692 δαίμων
613 658 662 684 οὐκ
686 658 806 691 ἐνεγκὼν
831 658 881 694 τὴν
904 658 951 684 τοῦ

167 697 263 732 ὕδατος
274 700 427 736 προσϐολήν
442 709 450 716 ⁸
463 702 493 727 τὸ
507 702 534 728 δὲ
550 702 605 737 πῦρ
616 702 653 734 ὡς
669 703 751 738 ἐλαίῳ
762 703 800 737 τῷ
813 703 953 738 ἀντιπάλῳ

164 745 338 779 χρησάμενον
361 745 456 778 ὕδατι,
471 746 619 773 ἐπελάϐετό
650 756 680 774 τε
706 748 758 774 τῶν
790 748 891 781 ξύλων,
908 749 954 775 καὶ

164 787 252 814 ταῦτα
265 790 294 815 ὲν
314 790 410 825 ἀκαρεῖ
423 791 622 826 κατηνάλωσεν.
641 793 672 818 Ol
686 793 714 818 δὲ
735 793 823 825 κίονες
838 793 952 829 capp-5309

165 832 213 858 τοῦ
238 833 388 868 ἐρείδοντος
406 836 553 871 γενομένου
577 837 653 863 αὐτοί
671 846 701 863 τε
725 838 884 870 κατέπεσον,
907 840 953 865 καὶ

165 878 262 910 ἄλλους
278 879 405 907 εἵλκυσαν
427 881 597 909 δυοκαίδεκα.
613 883 666 909 Καὶ
685 883 730 909 τοῦ
746 883 798 910 νεὼ
810 884 837 910 δὲ
854 884 883 910 τὺ
898 886 953 916 τοῖς

1005 294 1076 322 libus
1091 295 1181 326 dictis.
1195 302 1221 324 et
1241 297 1319 333 signo
1334 299 1425 326 crucis
1443 306 1521 333 aqua).
1543 299 1686 334 impresso,
1703 299 1788 334 Equi-

1005 340 1072 367 tium
1091 342 1236 376 quemdam
1250 351 1282 371 ex
1300 344 1396 371 ordine
1410 344 1600 375 diaconorum,
1616 345 1668 372 fide
1684 351 1715 371 ac
1730 345 1788 371 zelo

1005 388 1151 419 munitum,
1173 396 1271 422 aquam
1296 390 1421 424 accipere
1446 389 1534 424 jubet,
1551 394 1577 416 et
1594 390 1670 417 ocius
1689 390 1745 422 ire,
1762 394 1789 417 et

1003 439 1066 459 cum
1085 433 1137 460 fide
1157 441 1285 469 spargere
1298 453 1305 466 ,
1325 435 1469 470 ignemque
1499 435 1655 462 admovere.
1672 434 1731 467 Quo
1750 435 1787 461 ita

1006 479 1087 510 facto,
1105 479 1210 506 daemon
1229 481 1346 508 excessit
1371 489 1448 516 aqua:
1472 481 1526 508 vim
1544 488 1599 507 non
1628 481 1786 513 sustinens;

1003 528 1030 550 ct
1043 524 1124 559 ignis,
1140 532 1210 559 aqua
1226 525 1279 553 sibi
1297 526 1435 553 contraria
1458 526 1533 552 velut
1551 525 1613 552 oleo
1637 525 1784 556 excitatus,

1003 569 1076 605 ligna
1098 571 1253 606 apprendit,
1278 579 1364 606 eaque
1384 575 1522 599 momento
1535 571 1716 605 consumpsit.
1731 569 1782 597 Co-

1004 616 1105 644 lumnae
1120 625 1205 650 vero,
1221 618 1336 645 sublatis
1351 626 1366 645 e
1380 617 1469 645 medio
1492 617 1634 645 fulmentis
1649 637 1656 648 ,
1676 621 1703 643 et
1721 616 1787 650 ipsae

1004 662 1133 697 collapsa;
1164 667 1245 695 sunt,
1271 668 1298 691 et
1326 663 1395 691 alias
1422 663 1568 690 duodecim
1594 665 1786 694 attraxerunt,

1004 707 1131 742 latusque
1165 709 1285 741 delubri,
1305 711 1314 720 '
1345 709 1419 744 quod
1450 709 1587 737 columnis
1619 708 1786 737 adhaerebat,

1004 751 1062 785 pari
1081 752 1161 778 ruina
1177 754 1308 780 concidit.
1324 753 1429 789 Fragor
1441 758 1542 786 autem,
1557 753 1603 789 qui
1616 753 1714 788 ingens
1726 751 1786 783 fuit,

1003 800 1086 824 totam
1103 798 1197 824 urbem
1221 803 1388 834 pervagatus
1416 807 1512 826 omnes
1539 799 1571 826 ad
1600 798 1786 833 spectaculum

1002 842 1176 870 convocavit.
1192 842 1243 875 Qui
1257 843 1302 870 ubi
1324 844 1416 871 infesti
1431 844 1565 871 dmmonis
1578 843 1668 878 fugam
1685 849 1788 877 cogno-

1003 894 1076 919 vere,
1092 887 1126 914 ad
1139 887 1223 915 Deum
1239 889 1432 916 universorum
1449 890 1577 917 laudibus
1593 889 1786 916 celebrandum

166 923 238 950 κίοσι
249 927 421 961 συνημμένον
432 928 584 963 κατηνέχθη
601 928 717 964 πλευρὸν
727 949 734 962 ,
748 929 800 956 ὑπὸ
819 930 867 965 τῆς
881 930 951 957 ὲκεί-

1005 932 1123 967 linguam
1136 933 1302 961 excitarunt.
1317 934 1419 962 Eodem
1438 935 1519 962 modo
1537 935 1647 963 divinus
1664 935 1708 961 hic
1719 942 1788 968 pon-

165 977 220 995 νων
244 969 305 1004 βίας
329 971 518 1002 συνελκυσθέν,
551 973 580 999 '0
594 973 622 999 δὲ
648 973 751 1006 κτύπος
770 975 810 1006 εἰς
834 975 906 1002 ἅπαν
924 975 954 1002 τὸ

166 1014 234 1040 ἄστυ
248 1015 413 1050 διαδραμὼν,
427 1018 511 1049 πολὺς
525 1019 578 1054 γὰρ
589 1017 633 1054 ἦν,
648 1019 751 1051 πάντας
763 1021 801 1052 εἰς
816 1020 880 1046 θέαν
892 1029 955 1047 συν-

166 1060 287 1096 ήγειρεν.
317 1062 393 1089 Ἐπεὶ
416 1063 443 1090 δὲ
461 1065 483 1081 ⁷⁹
499 1065 546 1092 καὶ
572 1065 618 1092 τοῦ
654 1066 801 1093 ἀντιπάλου
827 1067 954 1102 δαίμονος

165 1106 267 1140 ἔμαθον
283 1107 333 1144 τὴν
347 1109 495 1144 φυγὴν,είς
509 1111 646 1147 ὑμνῳδίαν
659 1112 706 1138 τοῦ
728 1113 795 1139 Θεοῦ
811 1113 863 1139 τῶν
886 1114 954 1140 ὅλων

164 1152 214 1186 τὴν
229 1151 352 1186 γλῶτταν
364 1155 502 1190 ἐκίνησαν.
520 1157 597 1184 Οὕτω
614 1157 661 1184 καὶ
674 1157 757 1185 τᾶλλα
771 1158 871 1193 τεμένη
887 1168 952 1185 κατ-

164 1197 260 1224 έλυσεν
271 1199 285 1225 ὁ
301 1199 371 1232 θεῖος
387 1202 490 1233 ἐκεῖνος
508 1203 663 1239 ἀρχιερεύς.
677 1204 766 1231 Πολλὰ
782 1205 809 1232 δὲ
826 1205 872 1232 καὶ
883 1205 950 1232 ἄλλα

164 1243 229 1277 περὶ
244 1244 321 1272 τοῦδε
342 1245 389 1272 τοῦ
421 1247 515 1282 ἀνδρὸς
540 1250 586 1276 καὶ
604 1249 664 1277 λίαν
681 1250 833 1284 ἀξιάγαστα
858 1252 953 1287 διηγή-

1003 978 1069 1006 tifex
1089 979 1142 1006 alia
1160 987 1273 1014 quoque
1288 979 1350 1007 fana
1364 980 1510 1007 demolitus
1525 985 1577 1008 est.
1594 980 1718 1014 Cumque
1734 979 1786 1006 alia

1001 1026 1138 1060 permulta
1154 1025 1187 1053 de
1202 1026 1254 1053 hoc
1265 1026 1326 1053 viro
1340 1026 1419 1054 valde
1433 1027 1593 1054 admiranda
1611 1029 1788 1061 suppetereut

1001 1078 1063 1106 quae
1080 1079 1221 1098 narrarem
1243 1071 1314 1107 (nam
1330 1076 1356 1099 et
1373 1072 1482 1100 invictis
1502 1073 1669 1107 martyribus
1684 1071 1787 1099 scribe-

1002 1116 1058 1150 bat,
1085 1121 1112 1144 ct
1138 1125 1273 1153 respousa
1299 1118 1466 1154 accipiebat,
1493 1119 1658 1153 tandemque
1675 1123 1701 1145 et
1730 1118 1787 1152 ipse

1003 1163 1128 1198 martyrii
1156 1171 1284 1190 coronam
1305 1164 1421 1199 adeptus
1447 1166 1511 1199 est),
1529 1165 1585 1191 lucc
1610 1165 1636 1191 in
1668 1171 1786 1199 prmscns

1004 1206 1108 1235 referre
1134 1209 1310 1243 supersedeo,
1335 1217 1369 1237 ne
1396 1210 1553 1245 prolixitate
1577 1210 1690 1237 lectores
1706 1209 1787 1236 ιιηάἰο

1007 1252 1132 1281 alliciam.
1151 1253 1241 1286 Quare
1255 1255 1287 1282 ad
1303 1256 1385 1282 aliam
1409 1256 1593 1283 narrationem
1611 1256 1702 1282 venio.

165 1297 239 1324 ματα
249 1289 385 1325 ἕχων,καὶ
403 1293 457 1328 γὰρ
471 1295 526 1326 τοῖς
540 1296 697 1332 νικηφόροις
720 1297 866 1323 ἐπέστελλε
885 1299 1022 1333 μάρτυσι,
1060 1299 1107 1326 καὶ
1131 1300 1305 1336 ἀντιγράφων
1323 1301 1346 1317 ⁸⁰
1376 1301 1506 1336 ἐτύγχανε
1519 1322 1526 1332 ,
1559 1301 1605 1328 καὶ
1628 1300 1705 1331 τέλος
1743 1300 1789 1327 καὶ

163 1336 245 1367 αὖτδς
274 1337 319 1363 τὸν
343 1338 397 1364 τῶν
426 1340 571 1375 μαρτύρων
594 1342 736 1376 ἀνεδέξατο
748 1343 769 1359 ³¹
795 1344 943 1377 στέφανον,
962 1345 1112 1380 ἀναδύομαι
1128 1346 1214 1374 ταῦτα
1239 1347 1285 1374 νῦν
1305 1348 1429 1382 ἱστορεῖν,
1450 1348 1491 1374 ἵνα
1508 1347 1545 1383 μὴ
1572 1347 1631 1373 λίαν
1662 1345 1788 1381 μηκύνων

162 1383 310 1418 ἁποκνήσω
328 1385 390 1415 τοὶς
405 1385 610 1420 ἐντευξομένους
624 1389 656 1423 τῇ
672 1391 829 1424 συγγραφῇ.
851 1390 910 1424 Ἐφ’
923 1390 1018 1426 ἑτέραν
1043 1391 1132 1418 τοίνυν
1155 1393 1279 1428 διήγησιν
1298 1393 1443 1428 τρέψομαι.

455 1433 581 1460 ΚΕΦΑΛ.
604 1434 667 1462 ΚΒ’.

163 1476 235 1515 Περὶ
263 1477 408 1517 Osos-(.1511
438 1478 607 1517 ἐίτισκόπου
634 1480 882 1517 ξΛλεεανὸρε-ίας,
903 1483 953 1510 καί

197 1519 258 1537 των
284 1514 319 1537 ἐν
337 1514 376 1548 frti
412 1514 580 1548 καθαιρέσει
610 1514 669 1542 τῶν
695 1514 825 1544 εἰδώλων
850 1514 952 1545 αὐτόθι

197 1547 415 1581 γεγενημένων.

203 1593 361 1621 Ἀθανάτων
370 1595 472 1622 ἐκεῖνον
487 1596 533 1622 τὸν
545 1595 762 1632 πολυθρύλλητον
773 1599 788 1624 ό
803 1597 952 1634 θαυμάσιος

161 1639 297 1672 διεδέξατο
310 1640 421 1673 Πέτρος,
439 1641 484 1668 τὸν
502 1642 530 1668 δὲ
546 1642 648 1677 Πέτρον
664 1643 805 1678 Τιμόθεος,
820 1644 950 1679 Τιμόθεον

161 1685 190 1712 δὲ
203 1686 342 1720 Θεόφιλος,
353 1687 421 1722 ἀνὴρ
433 1689 534 1720 πυκνός
549 1698 579 1715 τε
589 1689 638 1720 τὰς
648 1689 759 1724 φρένας,
768 1689 814 1716 καὶ
830 1691 950 1725 ἀνδρεῖος

162 1732 193 1758 τὸ
209 1733 345 1768 φρόνημα.
365 1732 448 1766 Οὗτος
461 1734 509 1769 τὴν
522 1735 698 1770 Ἀλεξάνδρου
715 1736 801 1767 πόλιν,
814 1736 863 1771 τῆς
876 1737 951 1763 εἰδω-

161 1777 241 1814 λικῆς
253 1779 422 1814 ἠλευθέρωσε
442 1781 555 1816 πλάνης.
569 1781 604 1807 Ub
618 1781 671 1816 γὰρ
688 1781 768 1817 μόνον
778 1802 785 1813 ,
800 1782 832 1808 ὲκ
843 1781 950 1817 βάθρων

160 1825 298 1851 ἀνέσπασε
315 1826 348 1852 τὰ
362 1826 417 1853 τῶν
433 1826 549 1853 εἰδώλων
573 1828 684 1863 τεμένη,
702 1828 769 1855 ἀλλὰ
783 1829 830 1855 καὶ
846 1828 880 1855 τὰ
896 1829 950 1855 τῶν

161 1870 358 1901 ἐξαπατώντων
386 1872 479 1906 ἱερέων
504 1873 559 1903 τοῖς
583 1872 801 1908 ὲξηπατημένοις
827 1873 950 1906 ὑπέδειξε

163 1917 356 1951 μηχανήματα.
376 1917 416 1944 Τά
427 1926 456 1944 τε
469 1918 523 1952 γὰρ
543 1918 574 1944 ὲκ
590 1918 690 1953 χαλκοῦ
706 1918 752 1944 καὶ
767 1919 799 1945 τὰ
820 1919 851 1945 ἐκ
865 1918 950 1950 ξύλων

161 1963 227 1990 κενὰ
251 1963 356 1989 ἔνδοθεν
384 1964 636 1996 κατασκευάζοντες
656 1964 746 1997 ξόανα,
761 1964 809 1991 καὶ
825 1966 880 1996 τοῖς
895 1965 950 1991 τοί-

161 2016 219 2043 χοις
230 2009 263 2034 τὰ
276 2009 380 2035 τούτων
395 2010 635 2045 προσαρμόζοντες
650 2009 723 2035 νῶτα
733 2030 740 2041 ,
758 2010 858 2044 πόρους
876 2010 950 2042 τινὰς

159 2055 275 2089 ἀφανεῖς
289 2055 318 2081 ἐν
331 2056 387 2086 τοῖς
396 2055 497 2090 τοίχοις
511 2055 635 2090 ἠτίεςαν.
651 2052 717 2082 Εἶτα
728 2055 771 2081 διὰ
783 2055 837 2081 τῶν
848 2055 950 2081 ἀδύτων

160 2101 290 2132 ἀνιόντες,
304 2101 350 2128 καὶ
364 2101 429 2127 εἴσω
444 2102 498 2127 τῶν
514 2101 614 2133 ξοάνων
627 2101 775 2136 γινόμενοι,
790 2101 861 2137 ἆπερ
872 2101 950 2128 ἐϐού-

159 2146 237 2173 λοντο
256 2147 299 2173 διὰ
316 2147 418 2173 τούτων
433 2147 565 2174 ἐκέλευον.
582 2147 791 2182 Φενακιζόμενοι
812 2147 839 2173 δὲ
859 2148 883 2173 οἱ
903 2148 951 2173 ἐπ-

160 2193 267 2224 αΐοντες
284 2193 368 2228 ἔδρων
394 2194 424 2220 τὸ
439 2193 625 2228 κελευόμενον,
649 2194 740 2219 Ταῦτα
762 2195 776 2220 ό
796 2193 950 2228 σοφώτατος

160 2239 304 2265 καταλύων
314 2239 388 2275 [ΞΞ9]
416 2240 562 2274 ἀρχιερεὺς
584 2241 642 2271 τοῖς
667 2240 876 2275 ἐξαπατηθεῖσιν
899 2240 950 2266 ὐπ-

159 2285 244 2318 έδειξε
258 2285 363 2320 δήμοις.
375 2286 420 2317 Εἰς
436 2287 463 2312 δὲ
475 2286 520 2312 τὸν
532 2286 579 2312 τοῦ
593 2286 744 2321 Σαράπιδος
755 2286 822 2312 νεὼν
835 2286 947 2317 ἀναϐὰς,

159 2330 214 2356 τῶν
232 2330 259 2356 δὲ
274 2330 411 2365 πανταχοῦ
427 2331 487 2364 γῆς,
506 2330 577 2357 καθά
592 2331 658 2364 φασί
681 2339 762 2362 τινες,
780 2330 907 2364 μέγιστός
920 2338 949 2356 τε

159 2373 238 2406 οὗτος
249 2377 296 2402 καὶ
311 2376 463 2407 κάλλιστος,
480 2373 533 2402 εἶδε
548 2375 578 2401 τὸ
592 2376 684 2407 ξόανον
700 2375 887 2410 παμμέγεθες,
903 2375 951 2402 καὶ

159 2421 199 2456 τῷ
217 2421 326 2456 μεγέθει
350 2422 412 2452 τοὺς
433 2421 531 2452 θεατὰς
554 2421 737 2456 δεδιττόμενον
755 2429 761 2436 ·
780 2422 849 2457 πρὶς
868 2422 896 2448 δὲ
912 2421 951 2457 τῷ

162 2467 272 2502 μεγέθει
298 2469 346 2493 καὶ
373 2467 452 2500 λόγος
485 2469 610 2501 κατεῖχεν
629 2467 786 2501 ἀπατηλὸς,
803 2468 839 2498 ὡς
858 2467 884 2493 εί
909 2475 950 2498 τις

159 2512 247 2547 τούτῳ
264 2512 386 2545 πελάσει,
414 2513 609 2547 κλονηοήσεται
624 2513 673 2547 μὲν
717 2513 763 2547 γῆ,
778 2512 951 2548 πανωλεθρία

159 2558 186 2584 δὲ
199 2558 350 2589 ἂπαντας⁸¹
370 2559 566 2594 καταλήψεται.
590 2558 670 2585 Ἀλλὰ
688 2558 799 2589 τούτους
817 2558 865 2594 μὲν
888 2559 951 2590 τοὺς

159 2603 256 2637 λόγους
273 2604 402 2639 γραῖδίων
419 2604 572 2639 μεθυόντων
583 2605 696 2639 νομίσας
707 2604 775 2630 εἶναι
791 2604 822 2639 λη
827 2605 949 2640 ρήματα,

160 2649 208 2677 τοῦ
220 2649 247 2676 δὲ
263 2650 395 2685 μεγέθους
409 2650 447 2683 ὡς
463 2651 567 2686 ἀψύχου
591 2651 811 2686 καταφρονήσας,
823 2650 950 2677 ἐκέλευσέ

1111 1439 1217 1474 1059
1231 1439 1307 1467 CAP.
1324 1439 1406 1467 xxu.
1422 1440 1463 1476 us.
1478 1440 1518 1467 St.
1538 1440 1567 1466 v.
1581 1439 1630 1467 cn.
1646 1439 1704 1475 22.1

1001 1485 1040 1513 De
1055 1485 1195 1521 Theophila
1210 1487 1331 1520 episcopo
1349 1487 1528 1513 Alexandrino
1542 1505 1548 1516 ,
1565 1491 1590 1513 et
1609 1494 1667 1520 qua:
1690 1485 1747 1512 illic
1762 1485 1789 1511 in

1144 1520 1276 1547 idolorum
1294 1521 1463 1548 demolitione
1481 1527 1554 1556 gesta
1575 1525 1646 1548 sunt.

1037 1597 1189 1625 Athanasio
1216 1598 1254 1625 illi
1287 1598 1358 1625 fama
1387 1599 1570 1626 celeberrimo
1608 1597 1789 1625 admirandus

964 1637 986 1668 (ἶ
1001 1645 1100 1672 Petrus
1110 1645 1257 1675 successit.
1271 1645 1351 1671 Petro
1360 1644 1531 1677 Timotheus,
1542 1644 1688 1671 Timotheo
1700 1644 1789 1670 'l'hco-

1001 1690 1104 1725 philus,
1129 1690 1171 1717 vir
1191 1698 1304 1718 summze
1325 1690 1485 1725 prudentiae.
1510 1690 1668 1724 excelsique
1692 1690 1787 1716 animi.

1002 1735 1053 1763 Hic
1086 1736 1180 1763 urbem
1207 1736 1419 1763 Alexandrinam
1448 1736 1661 1763 simulacrorum
1695 1743 1789 1762 errore

1001 1783 1138 1810 liberavit.
1151 1782 1210 1809 Non
1227 1783 1299 1809 enim
1320 1782 1457 1809 idolorum
1484 1781 1565 1808 modo
1582 1781 1643 1808 fana
1664 1781 1789 1807 funditus

1001 1828 1110 1860 evertit,
1130 1828 1176 1856 sed
1195 1828 1325 1855 sul-dolas
1352 1829 1435 1855 etiam
1459 1827 1636 1854 sacerdotum
1653 1831 1726 1854 artes
1740 1834 1787 1853 eo-

1001 1883 1061 1902 rum
1080 1883 1150 1909 quos
1167 1874 1297 1901 fallebant
1310 1874 1397 1901 oculis
1414 1874 1540 1908 subjecit.
1557 1873 1655 1901 (Ercas
1671 1880 1788 1907 namque

1001 1925 1027 1947 et
1055 1921 1159 1955 ligneas
1192 1924 1298 1948 statuas
1326 1928 1407 1947 cavas
1435 1920 1589 1947 intrarsum
1621 1918 1787 1946 fabricantcs

1001 1973 1150 2001 earumque
1180 1966 1262 1994 dorsa
1291 1966 1442 2002 parietibus
1468 1966 1651 2001 applicantes,
1678 1968 1787 1992 meatus

1002 2011 1134 2045 quosdam
1155 2019 1208 2037 non
1226 2000 1438 2046 conspicuos‘in
1465 2011 1621 2046 parietibus
1646 2010 1786 2044 relinque-

1001 2056 1076 2082 bant.
1097 2055 1199 2083 Deinde
1217 2064 1265 2090 per
1279 2057 1360 2092 adyta
1380 2056 1530 2084 subeuntes
1550 2060 1577 2083 et
1592 2056 1618 2082 in
1633 2059 1786 2082 statuarum

1002 2100 1152 2134 penetralia
1174 2101 1300 2135 ingrcssi,
1316 2109 1431 2136 quaeque
1445 2101 1556 2132 vellent,
1572 2109 1621 2136 per
1639 2101 1688 2128 has
1703 2101 1789 2135 impc-

1002 2146 1121 2172 rabant:
1138 2146 1303 2180 deceptique
1317 2147 1363 2181 qui
1383 2146 1532 2174 audiebant
1547 2147 1683 2181 imperata
1706 2147 1788 2173 facie-

1001 2191 1077 2219 bant.
1098 2190 1152 2218 Has
1171 2192 1318 2219 (lestrucns
1345 2192 1566 2226 sapientissimus
1588 2191 1711 2226 pontifex
1734 2192 1788 2218 cir-

1002 2241 1152 2264 cumvento
1173 2236 1274 2271 populo
1300 2244 1357 2263 rem
1377 2236 1517 2271 patefecit.
1538 2235 1680 2270 Serapidis
1696 2239 1786 2262 autem

1003 2283 1135 2316 templum
1161 2282 1315 2316 ingressus,
1345 2282 1418 2317 quod
1445 2282 1567 2308 omnium
1597 2288 1659 2315 quae
1685 2281 1711 2307 in
1730 2285 1788 2306 toto

1003 2332 1138 2354 terrarum
1168 2327 1236 2354 orbe
1268 2331 1333 2354 sunt
1364 2327 1512 2354 maximum
1539 2335 1553 2353 a
1580 2326 1787 2361 quibusdatnct

1001 2374 1218 2409 pulcherrimum
1247 2373 1334 2401 fuisse
1367 2373 1536 2408 perhibetur,
1567 2377 1686 2400 statuam
1721 2372 1788 2399 vidit

999 2420 1079 2454 lou‘ge
1089 2419 1248 2448 maximam.
1264 2422 1363 2453 ctqua:1
1380 2417 1571 2452 magnitudine
1589 2425 1638 2445 sua
1652 2422 1785 2444 terrorem

999 2465 1191 2500 spectantibus
1207 2465 1344 2492 incuteret
1361 2473 1367 2491 :
1388 2471 1422 2490 ac
1446 2467 1544 2498 praeter
1570 2463 1785 2498 magnitudinem

999 2511 1085 2539 falsus
1097 2511 1207 2546 quidam
1233 2517 1329 2537 rumor
1358 2510 1536 2542 obtinuerat,
1555 2513 1635 2536 terra:
1662 2512 1785 2541 motum,

998 2558 1019 2585 si
1034 2558 1098 2593 quis
1112 2557 1225 2592 propius
1248 2556 1403 2589 accederet,
1419 2556 1597 2587 exstiturum,
1617 2555 1786 2588 exitiumque

998 2605 1128 2632 omnibus
1159 2604 1318 2631 allaturum.
1340 2603 1375 2629 At
1406 2610 1530 2630 rumores
1556 2602 1624 2629 istos
1648 2601 1784 2629 ebriarum

998 2650 1170 2678 anicularum
1184 2658 1247 2678 esse
1263 2649 1444 2677 deliramenta
1465 2654 1610 2684 reputans,
1626 2651 1653 2676 et
1680 2647 1785 2682 magui-
1802 2639 1806 2646 ’

827 2739 944 2766 VARIIE
964 2737 1167 2767 LECTlONES.

195 2817 219 2834 "
245 2817 386 2845 Ἐκοίτιον.
411 2816 471 2844 Ρίιιὶ
496 2816 565 2844 liber

605 2817 752 2843 Ἐκκοίτιον
777 2815 894 2850 appellat
915 2814 1096 2849 Nicephorus.
1125 2816 1148 2831 ⁷³
1162 2815 1264 2850 ἀπέδρα
1280 2814 1328 2849 μέν
1344 2813 1472 2849 proponit
1487 2812 1635 2850 Valesius._
1651 2812 1676 2850 "_
1690 2810 1783 2846 ἐπειδὴ

159 2853 200 2880 δέ.
214 2852 297 2881 Βιιδὶι.
321 2854 368 2881 Gr.
387 2858 413 2881 ct
436 2852 530 2886 Steph.
563 2852 586 2868 ⁸ο
601 2848 1005 2887 ἀντιγραφῶν,’διξὰ-ἦτιγραιέὴ
1030 2859 1196 2885 responsum,
1214 2848 1449 2887 niutatoaccentu
1469 2848 1572 2887 fter-ibit
1590 2848 1724 2887 Valesius.
1737 2855 1782 2887 rm

162 2889 245 2921 ctius,
260 2893 289 2916 ut
313 2894 389 2924 puto.

434 2887 456 2903 ⁹¹
470 2881 627 2923 ἀνεδήσατο.
644 2881 729 2915 Βεξιὲὶιί
753 2886 812 2919 GL,
830 2885 887 2914 ἰηιιί
901 2881 1049 2922 δἰίγίινὶἰιμιο
1066 2881 1159 2918 ἐοιιιιη
1178 2881 1308 2921 probante
1326 2885 1443 2913 Valcsio.
1469 2885 1490 2900 ⁸²
1509 2884 1621 2911 ἅπαντα.
1640 2883 1719 2910 liasil.
1734 2881 1781 2909 Gr.
