2036 3122
189 175 259 208 1269

686 173 982 205 ECCLESIASTIC/E
991 173 1182 204 ΗΙὸΤΟΚΙίΕ
1198 174 1260 203 LLB
1288 174 1322 203 ν.

1741 165 1808 198 ῙΞἿΓ)

189 234 236 261 καὶ
249 232 406 269 πρηστῆρσι
422 232 519 268 βαλὼν,
538 232 585 259 καὶ
601 232 681 259 αὑτὸν
697 232 854 266 κατέφλεξε,
869 231 916 258 καὶ
928 231 976 266 τὴν

1031 230 1156 266 quiddam
1174 231 1255 257 etiam
1270 229 1297 255 in
1309 228 1380 256 bello
1394 226 1505 255 Persico
1519 225 1654 260 praestitit.
1667 222 1733 250 Nam
1748 231 1809 250 cum

190 279 320 315 στρατιὰν
334 278 524 305 κατανάλωσεν
538 279 656 306 ἅπασαν.
673 277 798 305 Τοιοῦτον
805 279 827 296 ⁷⁵
844 278 872 304 δέ
885 286 911 304 τι
926 277 976 304 κάν

188 326 229 361 τῷ
241 325 367 360 Περσικῷ
378 325 490 360 πολέμῳ
503 325 662 360 πεποίηκεν.
682 323 792 360 Ἐπειδὴ
802 324 857 359 γὰρ
866 324 976 355 ἐκεῖνοι,

189 372 239 407 τὴν
265 371 408 406 Ῥωμαίων
434 370 563 405 ἀσχολίαν
594 370 802 406 μεμαθηκότες,
827 369 896 396 κατὰ
923 369 977 396 τῶν

190 417 388 451 ἀστυγειτόνων
402 417 600 452 ἐστράτευσαν,
615 417 665 448 τὰς
683 416 787 452 napi"
802 416 852 447 τῖις
867 416 978 452 εἰρήνης

190 463 414 499 παραϐεϐηκότες
430 463 558 495 σπονδὰς,
575 462 719 498 ἐπεκούρει
735 462 764 489 δὲ
778 464 833 493 τοῖς
848 462 978 496 ιολεμου-

192 510 282 542 μένοις
296 509 399 541 οὐδείς’
425 510 458 545 τῇ
474 509 528 544 γὰρ
540 509 636 545 εἰρήνῃ
653 507 859 545 τεθαρῤηκὼς⁷⁴
876 509 888 535 ἑ
905 507 980 543 βασι-

190 554 264 587 λεὺς,
286 556 326 587 εἰς
342 555 453 591 ὲτὲρους
470 555 615 590 πολέμους,
641 555 689 582 καὶ
709 555 772 585 τοὺς
797 555 977 590 στρατηγοὺς,

190 601 314 632 καὶτοὺς
339 601 507 636 στρατιώτας
530 600 683 636 ἐξέπεμψεν
695 609 702 617 ο
734 599 805 635 ὑετῷ
821 600 979 635 λαυροτάτῳ

192 647 240 673 καὶ
253 647 358 682 χαλάζῃ
384 647 499 682 μεγίστῃ
518 646 617 681 βαλὼν,
634 647 684 682 τὴν
703 647 749 673 ἐπὶ
768 646 803 673 τὰ
819 646 911 681 πρόσω
931 653 978 671 πο-

194 693 256 728 ρίαν
271 693 400 726 ἐκώλυσε,
427 693 474 720 καὶ
493 693 538 720 τὸν
554 692 606 719 τῶν
624 693 715 719 ἵππων
729 693 843 728 ἐπέδησε
857 692 956 727 δρόμον
971 700 977 706 “

193 739 241 766 καὶ
255 741 283 766 ὲν
301 740 387 766 εῐκοσι
402 739 520 774 ἡμέραις
537 738 696 774 ἰσαρίθμους
714 738 840 770 ἐξανῦσαι
857 738 980 770 σταδίους

192 785 243 812 οὐκ
256 785 382 820 ἴσχυσαν,
395 785 448 817 ἕως
461 786 485 812 oi
502 785 649 821 στρατηγοί
665 793 694 811 τε
709 785 847 818 ἀφίκοντο,
860 785 980 816 καὶτοὺς

193 831 362 867 στρατιώτας
392 831 581 866 συνήθροισαν.
608 830 664 856 Καὶ
691 831 720 857 ὲν
741 831 780 866 τῷ
805 831 930 866 προτέρῳ
952 831 981 858 δὲ

193 877 315 912 πολέμῳ,
334 876 444 908 τούτους
461 877 559 908 αὐτοὺς
572 876 621 912 τὴν
636 876 778 911 ἐπώνυμον
790 877 836 904 τοῦ
850 877 981 912 βασιλέως

192 922 405 958 πολιορκοῦντας
416 922 492 949 πόλιν
500 922 716 956 καταγελάστους
726 923 858 958 ἀπέφηνε.
868 923 980 955 Πλείους

192 968 275 1004 γὰρ’⁸
288 969 435 1005 τριάκοντα
451 968 557 1004 ἡμέρας
579 969 709 995 πασσυδεὶ
725 968 883 1004 Βαραράνον
891 970 914 986 ⁷³
931 970 981 1005 τὴν

192 1014 398 1050 προειρημένην
420 1014 612 1046 κυκλώσαντος
636 1014 723 1047 πόλιν,
747 1016 793 1042 καὶ
808 1015 908 1047 πολλὰς
932 1016 982 1051 μὲν

192 1061 328 1093 ἑλεπόλεις
349 1061 588 1096 προσενεγκόντος,
615 1063 751 1097 μηχαναῖς
765 1062 793 1088 δὲ
808 1062 980 1097 χρησαμένου

194 1107 316 1142 μυρίαις,
327 1108 373 1133 καὶ
387 1107 506 1142 πύργους
520 1107 621 1140 ἔξωθεν
635 1107 754 1143 ὑψηλοὺς
764 1108 980 1143 ἀντεγείραντος,

193 1153 273 1188 μόνος
284 1153 411 1188 ἀντέσχεν
426 1154 439 1179 ό
453 1153 524 1185 θεῖος
539 1153 694 1189 ἀρχιερεὺς,
710 1153 842 1188 Εὑνόμιος
858 1154 885 1179 δὲ
895 1154 981 1190 τούτῳ

191 1198 278 1234 ῦνομα
291 1197 335 1234 ἢν,
352 1199 397 1225 καὶ
412 1199 465 1226 τῶν
476 1200 706 1235 προσφερομένων
718 1201 923 1235 μηχανημάτων
933 1201 982 1237 τὴν

195 1245 286 1280 ῥύμην
301 1245 404 1272 διέλυσε
417 1254 423 1261 ’
443 1247 490 1272 καὶ
513 1245 568 1271 τῶν
587 1246 749 1281 στρατηγῶν
770 1246 824 1272 τῶν
839 1247 982 1283 ἡμετέρων

194 1290 328 1326 τῆν’πρὸς
352 1292 416 1323 τοὺς
439 1291 585 1327 πολεμίους
610 1292 800 1328 ἀπειρηκότων
816 1293 917 1328 μάχην,
936 1294 983 1320 καὶ

194 1338 251 1369 τοῖς
265 1337 502 1373 πολιορκουμένοις
516 1339 647 1373 ὲπαρκεῖν
667 1338 697 1365 ού
719 1338 890 1374 τολμώντων,
907 1335 983 1372 οὗτος

193 1382 496 1419 ἀντιπαραταττόμενος
512 1383 588 1420 [2M]
615 1383 771 1420 ἀπόρθητον
784 1385 806 1401 ³⁸
829 1385 879 1421 τὴν
906 1385 983 1412 πόλιν

192 1429 334 1463 ἐφύλαξεν.
353 1430 428 1462 Ἐνὺς
441 1430 470 1456 δὲ
484 1430 536 1457 τῶν
550 1431 601 1457 ὑπὸ
612 1430 665 1457 τῶν
677 1431 822 1469 βαρϐάρων
831 1431 979 1459 τελούντων

194 1474 325 1509 βασιλέων
339 1475 387 1512 τὴν
405 1476 508 1512 συνήθη
523 1476 695 1512 βλασφημίαν
713 1477 920 1514 τετολμηκότος,
935 1478 983 1505 καὶ

192 1520 227 1549 τὰ
252 1521 390 1556 Ῥαψάκου
421 1523 470 1549 καὶ
499 1523 681 1558 Σενναχηρεὶϐ
712 1523 910 1559 φθεγξαμένου,
936 1524 982 1551 καὶ

1027 277 1079 308 illi,
1096 275 1170 311 quod
1185 275 1331 302 districtos
1349 273 1414 300 alibi
1443 272 1582 300 Romanos
1607 278 1669 298 esse
1698 269 1809 300 scirent,

1027 322 1055 350 in
1077 322 1183 350 vicinos
1200 321 1263 351 sibi,
1287 320 1375 355 ruptis
1396 318 1504 354 1080
1536 316 1697 349 foederibus,
1714 316 1810 342 arma“

1028 367 1188 400 movissent,
1203 375 1254 394 nec
1269 367 1417 402 quisquam
1434 368 1507 393 esset
1518 364 1563 400 qui
1581 363 1717 392 lacessitis
1733 368 1812 396 opem

1029 413 1199 448 ferret,quia
1217 419 1283 447 pace
1309 411 1397 440 fretus
1413 411 1566 445 imperator
1594 409 1679 437 duces
1706 414 1771 435 suos
1784 411 1812 433 et

1028 460 1129 487 milites
1141 459 1174 486 ad
1188 459 1240 486 alia
1255 458 1326 485 bella
1339 457 1494 489 dimiserat,
1524 454 1611 481 imbre
1625 452 1810 480 vehementis-

1028 505 1098 532 simo
1110 509 1137 532 et
1151 504 1283 539 grandine
1297 502 1414 529 maxima
1425 500 1540 528 all'lictos
1553 499 1667 526 ulterius
1686 496 1811 532 progredi

1029 551 1126 582 vetuit,
1142 556 1332 584 equorumque
1346 554 1459 574 cursum
1475 545 1606 574 inhibuit,
1622 544 1658 570 ita
1675 547 1702 569 ut
1715 542 1812 569 diebus

1030 596 1127 631 viginti
1143 595 1256 623 totidem
1271 594 1354 621 millia
1365 599 1492 628 passuum
1503 590 1639 618 conﬁcere
1651 596 1707 616 non
1718 592 1812 621 potue-

1030 642 1096 674 rint,
1117 641 1207 676 quoad
1227 641 1312 668 duces
1324 639 1519 669 adventarunt,
1532 640 1558 664 et
1574 635 1684 663 militem
1698 633 1814 667 college,-

1031 692 1105 715 runt.
1127 687 1180 714 Sed
1195 692 1221 714 et
1235 686 1372 714 anteriore
1386 685 1458 712 bello
1475 684 1525 711 hos
1540 683 1626 718 ipsos,
1644 688 1707 708 cum
1720 679 1814 706 urbem

1031 733 1188 767 imperatori
1203 732 1396 767 cognominem
1413 729 1598 760 obsedissent,
1618 726 1737 754 ludibrio
1767 732 1816 756 ex-

1032 777 1131 813 posuit.
1152 777 1218 804 Nam
1231 784 1292 804 cum
1305 776 1417 812 triginta
1429 779 1456 803 et
1469 775 1587 809 amplius
1600 773 1706 801 dierum
1727 770 1816 806 spatio

1031 824 1190 860 praedictam
1204 823 1299 850 urbem
1317 821 1472 849 Vararanes
1496 828 1557 848 cum
1583 819 1712 847 omnibus
1727 816 1816 851 copiis

1031 870 1173 903 cinxisset,
1199 868 1395 902 helepolesque
1409 867 1522 899 multas,
1544 865 1704 893 etonmimn
1733 870 1816 898 gene—

1033 924 1092 944 rum
1107 915 1252 943 machinas
1270 913 1450 944 admovisset.
1467 917 1552 947 atqne
1568 910 1710 946 oppositas
1726 913 1817 936 turres

1032 962 1178 998 praecisas
1195 960 1369 988 extrinsecus
1390 959 1550 991 excitasset,
1573 957 1648 984 solus
1663 954 1761 983 restitit
1776 954 1817 981 di-

1031 1009 1114 1036 vinus
1127 1006 1260 1042 pontifex,
1278 1005 1429 1033 Eunomius
1446 1004 1566 1036 nomine,
1585 1002 1815 1037 objectarumque

1032 1054 1221 1081 machinarum
1251 1051 1356 1080 retudit
1384 1051 1542 1085 impetum:
1566 1053 1592 1076 et
1621 1055 1682 1075 cum
1718 1046 1817 1072 milites

1032 1100 1120 1127 nostri
1140 1105 1260 1133 pugnare
1277 1105 1339 1125 cum
1357 1096 1436 1123 hoste
1458 1099 1615 1124 renuerent,
1641 1092 1817 1126 obscssisquc

1032 1152 1109 1179 opem
1123 1143 1194 1171 ferre
1210 1150 1264 1169 non
1280 1141 1423 1173 auderent,
1441 1140 1486 1167 hic
1500 1147 1560 1167 sese
1576 1137 1702 1165 hostibus
1727 1143 1816 1170 oppo-

1033 1197 1101 1217 nens
1116 1188 1210 1216 urbem
1228 1186 1350 1215 servavit
1370 1186 1547 1213 incolumem.
1565 1184 1598 1210 Et
1612 1191 1674 1210 cum
1698 1189 1770 1209 unus
1783 1180 1817 1208 de

1032 1235 1154 1270 regibus,
1172 1233 1218 1269 qui
1232 1233 1302 1260 inter
1318 1232 1449 1260 barbaros
1464 1235 1553 1263 erant,
1572 1231 1729 1257 consuctatn
1744 1227 1817 1253 blas-

1033 1283 1169 1319 pltcmiam
1194 1281 1359 1309 insolentius
1385 1279 1507 1314 jactans,
1538 1281 1566 1304 et
1594 1275 1748 1310 Rbapsacis
1780 1280 1817 1300 ac.

1034 1327 1230 1357 Sennachcribi
1247 1327 1328 1354 verba
1343 1332 1491 1360 usurpans,
1505 1323 1627 1351 divinum
1641 1321 1772 1356 templum
1788 1327 1817 1347 se

1033 1377 1211 1403 incensurum
1238 1374 1333 1401 rabide
1353 1373 1514 1403 minaretur,
1543 1369 1646 1397 rabiem
1674 1368 1745 1395 banc
1762 1373 1818 1393 non

1033 1422 1125 1450 ferens
1156 1420 1266 1448 divinus
1299 1419 1343 1446 ille
1367 1419 1419 1450 vir,
1443 1417 1582 1447 balistam,
1604 1415 1648 1442 cui
1669 1421 1684 1440 a
1714 1412 1818 1440 Thoma

1034 1466 1157 1502 apostolo
1185 1473 1283 1492 nomen
1298 1467 1369 1495 erat,
1393 1463 1420 1490 in
1437 1462 1509 1489 muri
1523 1462 1605 1496 pinna
1630 1459 1725 1491 statui,
1747 1457 1818 1492 lapi-

1034 1514 1151 1547 demque
1166 1512 1303 1545 ingentcm
1334 1508 1451 1543 imponi,
1478 1511 1560 1541 atque
1588 1507 1614 1533 in
1634 1506 1693 1540 ejus
1708 1503 1819 1530 nomine

197 1567 318 1602 μανικῶς
331 1569 528 1604 ἀπειλήσαντος
547 1549 599 1596 τδί
611 1549 682 1596 θεῖον
996 1569 1018 1597 C
1035 1566 1115 1594 ιιυεω
1127 1557 1230 1591 1081
1245 1555 1448 1590 Μδδρηθηιθτθῑ
1466 1551 1655 1602 ειηίιῑίίιιδδξι·
1671 1549 1730 1605 ΟΠΞ
1739 1553 1816 1576 rec“!

194 1613 244 1639 οὐκ
266 1614 385 1648 ἐνεγκὼν
408 1615 456 1651 τὴν
479 1615 578 1642 λύτταν
599 1616 613 1642 6
636 1615 707 1649 θεῖος
731 1616 833 1648 ἐκεῖνος
852 1617 932 1652 ἀνὴρ,
952 1617 982 1643 τὸ

193 1658 329 1687 λιθοϐόλον
343 1660 468 1696 ὄργανον,
486 1661 562 1697 παρὰ
576 1663 625 1697 τὴν
642 1661 753 1694 ἔπαλξιν
767 1664 877 1697 τεθῆναι
891 1662 984 1689 κελεύ-

195 1712 254 1737 σας,
275 1706 289 1732 ὃ
312 1707 359 1733 τοῦ
387 1707 537 1734 ἀποστόλου
561 1708 679 1743 Θωμᾶῖθι
703 1709 847 1744 ἐπώνυμον
868 1707 913 1744 ἦν,
938 1709 984 1735 καὶ

193 1751 268 1778 λίθον
285 1753 372 1788 μέγαν
385 1754 544 1789 ἐπιτεθῆναι
559 1755 766 1791 παρεγγυήσας,
781 1756 809 1781 ἐν
823 1755 861 1790 τῷ
872 1755 984 1790 ὀνόματι

193 1798 243 1824 τοῦ
273 1798 517 1835 βλασφημηθέντος
545 1802 652 1835 ἀφεῖναι
684 1801 861 1836 προσέταξεν.
902 1801 931 1828 '0
956 1801 984 1828 δὲ

195 1844 312 1872 κατευθὺ
322 1845 368 1872 τοῦ
379 1846 526 1877 δυσσεϐοῦς
537 1847 668 1882 βασιλέως
681 1847 786 1874 ἐκείνου
801 1847 984 1882 κατενεχθεὶς,

194 1890 242 1917 καὶ
261 1891 298 1926 τῷ
313 1892 426 1927 στόματι
455 1893 575 1924 πελάσας
598 1893 637 1928 τῷ
654 1893 776 1928 μυσαρῷ,
791 1893 822 1919 τό
834 1894 890 1920 τε⁸¹
905 1893 985 1928 πρόσ-

194 1945 269 1963 ωπον
284 1937 431 1973 διέφθειρε,
440 1939 487 1965 καὶ
498 1939 547 1974 τὴν
556 1939 677 1974 κεφαλὴν
691 1939 849 1974 συνέτριψεν
865 1939 982 1972 ἅπασαν,

195 1982 241 2009 καὶ
254 1983 299 2010 τὸν
315 1984 467 2019 ἐγκέφαλον
483 1985 588 2021 διέρανε
604 1986 637 2020 τῇ
654 1986 700 2020 γῇ.
718 1985 803 2011 Τοῦτο
818 1985 984 2020 θεασάμενος

195 2027 210 2053 6
236 2029 286 2065 τὴν
311 2031 442 2065 στρατιὰν
463 2031 587 2067 ἀγείρας,
614 2032 659 2057 καὶ
683 2031 731 2066 τὴν
758 2031 834 2058 πόλιν
859 2031 983 2066 αἱρήσειν

1032 1606 1060 1633 in
1077 1604 1189 1638 impium
1212 1602 1290 1629 illum
1320 1607 1410 1634 regem
1441 1599 1561 1630 delatus,
1577 1601 1604 1624 et
1622 1596 1648 1623 in
1683 1595 1819 1623 nefarium

1031 1660 1063 1679 os
1080 1651 1226 1685 impactus,
1241 1650 1270 1674 et
1280 1646 1385 1674 vultum
1407 1644 1468 1679 ejus
1482 1643 1661 1674 deionnavit,
1677 1646 1703 1669 et
1731 1645 1818 1669 totum

1032 1700 1115 1732 caput
1141 1693 1315 1725 comminuit,
1340 1690 1541 1724 cerebrumque
1571 1689 1646 1716 humi
1677 1687 1818 1722 dispersit.

1033 1743 1111 1777 Quod
1126 1748 1243 1769 cernens
1259 1739 1306 1774 qui
1321 1738 1472 1765 exercitum
1500 1739 1639 1770 coegerat,
1667 1740 1695 1762 et
1719 1734 1814 1762 urbem

1034 1798 1065 1818 se
1080 1794 1225 1824 capturum
1254 1789 1388 1821 sperarat,
1405 1791 1468 1810 mox
1491 1783 1633 1816 discessit,
1663 1789 1746 1817 reque
1761 1781 1820 1816 ipsa

1036 1844 1067 1865 se
1081 1836 1183 1863 vietum
1209 1831 1368 1862 confessus,
1385 1833 1459 1857 metu
1476 1830 1624 1864 perculsus
1639 1827 1820 1863 pacisl'cedus

1035 1880 1180 1917 percussit.
1195 1878 1235 1906 Ad
1261 1877 1335 1904 hunc
1352 1875 1463 1902 modum
1478 1874 1534 1902 Rex
1549 1875 1738 1902 universorum
1755 1873 1821 1900 lide-

1036 1927 1132 1955 lissimi
1146 1923 1318 1960 imperatoris
1345 1928 1439 1948 curam
1456 1921 1537 1954 gerit.
1553 1920 1621 1947 Nam
1639 1925 1665 1948 et
1680 1921 1737 1955 ipse
1752 1925 1820 1954 quo-

1033 1980 1086 2008 que
1102 1972 1175 1998 illius
1193 1975 1302 1998 servum
1315 1974 1345 1995 se
1356 1966 1490 2002 agnoscit,
1510 1969 1537 1993 et
1550 1966 1671 1994 debitum
1695 1965 1813 1993 Domino

1033 2017 1142 2045 exhibet
1153 2015 1326 2049 obsequium.

194 2073 318 2109 ἐλπίσας,
335 2076 420 2112 ᾤχετο
432 2077 481 2112 τὴν
495 2074 581 2112 ἧτταν
594 2077 639 2103 διὰ
657 2077 710 2103 τῶν
739 2076 909 2112 πραγμάτων
930 2075 1078 2112 ὁμολογῶν,
1100 2076 1147 2103 καὶ
1164 2076 1254 2107 δείσας
1275 2075 1325 2110 τὴν
1359 2075 1468 2110 εἰρήνην
1497 2073 1650 2100 ἐσπείσατο.
1678 2071 1775 2102 οὕτως
1804 2071 1818 2097 ό

195 2121 248 2148 τῶν
260 2122 328 2149 ὅλων
342 2123 529 2158 παμϐασιλεὺς
542 2122 588 2149 τοῦ
603 2123 764 2150 πιστοτάτου
781 2123 892 2158 κήδεται
910 2122 1052 2158 βασιλέως.
1079 2121 1134 2148 Καὶ
1155 2122 1209 2158 γὰρ
1227 2121 1259 2157 δὴ
1279 2121 1325 2147 καὶ
1352 2117 1429 2152 οὗτος
1457 2119 1506 2155 τὴν
1535 2118 1655 2146 δουλείαν
1685 2117 1820 2152 ὁμολογεῖ,

196 2169 242 2196 καὶ
255 2168 304 2204 τὴν
320 2168 507 2204 ἁρμόττουσαν
521 2168 561 2202 τῷ
585 2168 706 2205 Δεσπότῃ
730 2168 877 2204 θεραπείαν
892 2168 1050 2204 προσφέρει.

485 2214 609 2241 ΚΕΦΔΛ.
632 2215 690 2240 AZ'.

265 2260 335 2294 Περὶ
358 2259 502 2286 Θεοδότου
523 2260 693 2287 ἐπισκόπου
721 2260 912 2294 Ἀντιοχείας.

229 2305 312 2338 Οὗτος
324 2306 371 2332 τοῦ
398 2306 516 2341 μεγάλου
548 2307 690 2342 φωστῆρος
710 2306 758 2342 τῆς
774 2306 935 2342 οἰκουμένης
950 2306 984 2333 τὰ

195 2351 309 2387 λείψανα
325 2353 358 2387 τῇ
378 2351 497 2388 ποθούσῃ
516 2352 669 2379 ἀποδέδωκε
692 2352 778 2379 πόλει.
802 2352 881 2378 Ἀλλὰ
898 2351 985 2379 ταῦτα

197 2398 247 2434 μὲν
259 2397 320 2423 ὖστε
325 2406 371 2432 ρον
383 2398 501 2431 ἐγένετο.

238 2443 408 2470 Ὶννοκέντιον
424 2443 453 2469 δὲ
485 2444 597 2476 ἐκεῖνον,
613 2442 658 2470 τδν
675 2443 786 2479 ἄριστον
807 2444 857 2479 τῆς
874 2443 983 2478 Ῥώμης

198 2489 356 2522 ὶπίσκοπον,
378 2488 534 2522 Βονιφάτιος
559 2488 709 2520 διεδέξατο⁶
723 2488 845 2524 Ζώσιμος
855 2489 895 2520 δὲ,
909 2489 983 2515 Βονι-

199 2535 293 2570 φάτιον
304 2542 311 2549 ·
325 2534 369 2560 τὸν
381 2534 410 2561 δὲ
424 2534 559 2569 Ζώσιμον,
579 2535 748 2566 Κελεστῖνος.
771 2535 815 2561 Ἐν
836 2534 985 2570 Ἰεροσολύ-

201 2587 259 2614 μοις
272 2578 311 2609 δὲ,
326 2578 395 2613 μετά
414 2578 460 2605 τὸν
491 2579 641 2615 θαυμάσιον
665 2579 801 2614 Ἰωάννην,
815 2579 950 2614 Πραΰλιος
961 2579 985 2595 ⁸³

200 2625 246 2660 τὴν
260 2624 309 2660 τῆς
321 2624 482 2660 Ἑκκλησίας
493 2625 639 2661 ἐπιστεύθη
651 2625 825 2661 κηδεμονίαν,
834 2625 902 2661 ἀνὴρ
913 2625 951 2660 τῷ
963 2625 986 2642 ³⁸

1157 2211 1234 2240 CAP.
1246 2210 1377 2239 XXXVII.
1391 2210 1438 2246 [Β.
1458 2209 1498 2236 St.
1517 2210 1561 2237 58.
1643 2207 1701 2243 57.]

1173 2257 1211 2284 De
1221 2257 1353 2284 Theodoto
1370 2257 1491 2290 episcopo
1506 2254 1662 2281 Antiochia).

1068 2301 1118 2330 llic
1132 2310 1198 2338 ergo
1216 2302 1307 2338 magni
1328 2302 1405 2329 orbis
1425 2300 1573 2328 luminat-is
1599 2298 1731 2332 reliquias
1746 2298 1820 2325 desi-

1033 2348 1139 2376 deranti
1156 2355 1203 2376 eas
1219 2348 1325 2376 civitati
1350 2347 1477 2376 reddidit.
1497 2345 1551 2374 Sed
1575 2345 1629 2372 hoc
1645 2349 1739 2379 postea
1763 2344 1819 2371 l'ac-

1033 2399 1090 2422 tum
1100 2395 1110 2406 ⁶
1125 2398 1178 2421 est.

1069 2440 1119 2477 [V,
1133 2440 1176 2468 58.
1190 2439 1199 2476 ]
1216 2439 1377 2467 innocentia
1405 2441 1496 2465 autem
1514 2436 1743 2473 praestantissimo
1764 2434 1818 2461 Ro-

1032 2494 1119 2515 manat
1129 2486 1205 2514 urbis
1215 2486 1345 2520 episcopo
1356 2484 1490 2512 successit
1498 2482 1667 2512 Bonifacius,
1680 2479 1820 2507 Bonifacio

1033 2533 1170 2566 Zosimus,
1195 2531 1305 2559 Zosimo
1323 2530 1501 2558 Coalestinus.
1530 2526 1729 2562 Hierosolymis
1755 2533 1819 2552 vero

1034 2583 1095 2614 post
1110 2578 1302 2606 admirandum
1323 2576 1456 2604 Joannem
1474 2574 1609 2602 Ecclesiae
1627 2580 1720 2600 curam
1736 2571 1820 2598 subiit

1034 2625 1170 2661 Praylius,
1189 2625 1230 2651 vir
1245 2623 1289 2652 sui
1316 2631 1379 2651 vere
1401 2621 1530 2650 nominis.
1555 2620 1732 2648 Antiochena:
1756 2618 1820 2644 item

838 2702 954 2731 VARUS
972 2701 1170 2730 LECTIONES.

233 2783 257 2798 "
272 2782 481 2821 Τοιουτότροπόν
490 2792 526 2810 τι.
537 2782 606 2821 Pipi.
634 2783 658 2798 "
669 2782 742 2821 mel,
755 2781 890 2821 Idem._"
906 2780 1061 2821 θαρρηκώς.
1076 2780 1232 2821 Ba§i_l._Gr_._
1253 2780 1306 2821 ⁷⁸ιῆ
1326 2779 1402 2806 addit
1416 2779 1486 2821 idem
1501 2785 1563 2821 Etim
1577 2777 1669 2821 §teplt.
1693 2777 1715 2792 "
1729 2783 1817 2821 “quia:

200 2817 361 2853 [οροράνου.
385 2812 478 2853 Iidem,
507 2817 688 2853 conﬂi-mante
705 2812 824 2853 'Nicepb.
847 2812 966 2853 Πανσμδῐ
988 2812 1088 2853 Γοροιρξ
1115 2815 1188 2853 Ρῇιιίἒ
1213 2812 1350 2853 Γοράνξφην
1378 2814 1474 2853 scribit
1501 2812 1679 2853 Nicqpltorus.

1729 2811 1751 2826 5°
1773 2811 1820 2839 Est

199 2845 358 2887 Clu-istopb.
382 2856 408 2879 et
426 2845 567 2887 Scaligeri.
594 2845 792 2887 Ἀπόρθμητον.
811 2852 893 2879 Basil.
910 2851 957 2878 Gr.
972 2855 998 2879 et
1014 2845 1109 2887 Ste'pl].
1125 2851 1156 2887 ξ)
1172 2845 1268 2887 Θῳμά.
1286 2845 1375 2887 [idem
1387 2850 1467 2887 codd.
1481 2856 1542 2876 cum
1558 2845 1669 2883 Niceph.
1714 2846 1736 2862 "
1749 2845 1818 2872 τότε.

201 2886 281 2915 Basil.

323 2895 342 2914 r.
372 2887 395 2903 ⁸³
410 2884 541 2922 apum;
563 2887 622 2915 Pini
636 2884 735 2917 co'tléL'
749 2887 896 2923 Πραύλλιος
908 2887 1018 2922 Niceph.
1038 2884 1169 2919 XIV,V50.
1189 2884 1288 2913 "raw.
1304 2885 1386 2913 Basil.
1403 2884 1449 2913 Gr.
