2036 3122
162 199 231 230 1⁸273

650 195 946 229 ΕΟΩιΕδΙΑΒΤΙωΕ
964 195 1158 228 HISTORLE
1177 199 1249 230 LIB.
1267 199 1302 230 V.

1721 198 1789 231 19.74

159 255 245 290 τιμὰς
258 254 297 289 τῷ
311 253 417 289 σώματι
440 255 692 290 προσαρμόσαντες,
714 253 774 282 εἶτα
791 253 879 289 δεσμὰ
892 260 949 279 στε-

1006 252 1127 286 clusere,
1144 253 1311 289 pietatisque
1326 254 1444 282 athletas
1459 254 1513 282 illis
1526 254 1699 282 devorandos
1713 254 1790 289 obje-

159 300 229 332 γανὰ
243 299 298 327 ἀπὸ
308 299 357 334 τῆς
374 300 494 336 κεφαλῆς
511 300 591 335 μέχρι
603 299 658 326 τῶν
681 299 769 326 ποδῶν
780 300 948 335 περιθέντες,

161 346 208 381 βίᾳ
221 346 337 372 ἕκαστον
355 345 408 372 τῶν
437 346 569 382 καλαμῶν
583 346 713 379 ἐξεῖλκον,
730 347 773 373 ἴνα
788 346 818 373 τὸ
833 346 949 379 πελάζον

159 393 208 419 τοῦ
226 392 360 427 δέρματος
383 392 588 429 παρασύροντες
611 393 713 430 πικρὰς
744 393 794 425 τὰς
804 393 827 409 '°
853 392 950 424 ὀδύνας

160 437 330 472 ἐργάζωνται
343 439 376 464 ⁸³.
394 439 450 466 Καὶ
460 439 578 471 λάκκους
595 439 624 466 δὲ
641 439 797 476 ὀρύξαντες,
812 440 859 466 καὶ
889 439 950 466 τού-

160 492 224 514 τους
236 483 358 518 ἁκριῦῶς
370 485 587 519 καταχρίσαντες
600 486 633 518 ⁹¹,
651 486 728 520 μυῶν
743 486 870 521 μεγάλων
883 485 950 519 ἀγέ-

160 529 210 560 λας
219 530 248 555 ὲν
259 529 363 561 τούτοις
378 529 536 565 καθεῖρξαν,
545 533 593 558 καὶ
608 532 711 567 τροφὴν
725 531 885 562 αὐτοῖςτοὺς
899 531 951 566 τῆς

161 575 301 607 εὐσεϐείας
316 575 483 611 προσέφερον
509 577 639 613 ἀθλητὰς,
661 578 708 604 καὶ
725 577 774 609 τὰς
793 578 888 612 χεῖρας
903 577 950 603 αὐ-

160 619 248 645 τῶν⁹³
261 619 308 646 καὶ
328 620 390 651 τοὺς
412 621 494 652 πόδας
524 621 696 656 δεσμοῦντες,
718 622 791 654 ὅπως
803 622 857 648 ἀπὸ
875 621 950 655 σφῶν

159 664 325 691 ἀπελαύνειν
337 665 372 692 τὰ
396 666 479 702 θηρία
506 666 544 702 μὴ
566 668 708 695 δύνωνται.
729 669 759 695 Ol.
772 668 799 694 δὲ
817 667 883 703 μῦες
898 668 950 693 ὑπὸ

159 709 209 736 τοῦ
237 710 316 745 λιμοῦ
346 711 511 746 πιεζόμενοι,
535 713 695 748 καταϐραχὺ
719 713 770 745 τὰς
786 713 839 740 τῶν
864 713 950 747 ἁγίων

160 757 360 792 κατανήλισκον
388 757 502 793 σάρκας,
529 759 638 795 μακρὰν
662 761 752 790 αὐτοῖς
766 759 813 786 καὶ
824 758 950 794 ἀλγεινὴν

158 802 210 837 τὴν
238 803 372 838 τιμωρίαν
394 805 604 840 προσφέροντες.
634 805 689 832 Καὶ
711 805 792 836 ἄλλας
805 805 834 831 δὲ
848 805 949 830 τούτων

158 847 354 884 χαλεπωτέρας
382 850 531 885 ἐπενόησαν
550 851 698 886 τιμωρίας,
714 852 760 878 τὸν
776 851 826 885 τῆς
844 851 949 885 φύσεως

158 893 307 929 ἀλάστορα,
331 895 377 922 καὶ
406 895 456 930 τῆς
479 896 608 931 ἀληθείας
632 897 763 932 πολέμιον
794 897 949 924 διδάσκαλον

157 940 277 975 ἔχοντες.
289 940 360 967 Ἀλλ’
374 942 423 968 οὐκ
436 942 551 977 ἤλεγξαν
561 943 614 971 τῶν
621 931 745 979 ἀθλητῶν
758 944 806 978 τὴν
817 944 950 979 ἀνδρείαν.
968 931 989 960 Β

158 987 313 1022 Αὐτόματω
340 988 394 1023 γὰρ
421 988 541 1024 ἔτρεχον,
570 990 616 1017 τὸν
637 992 685 1025 τῆς
715 991 866 1026 ἀνωλέθρου
879 990 952 1025 ζωῆς

157 1031 290 1066 πρόξενον
304 1032 396 1059 λαὸεἰν
414 1033 584 1069 ἱμειρόμενοι
596 1034 726 1062 θάνατον.
742 1035 793 1062 Δύο
805 1036 856 1070 δὲῆ
871 1036 952 1071 τριῶν

158 1077 364 1113 μνησθήσομαι,
379 1079 422 1105 ἵνα
433 1079 476 1106 διὰ
492 1079 594 1106 τούτων
620 1081 748 1113 ἐπιδείξω
766 1081 814 1108 καὶ
829 1081 877 1117 τὴν
900 1081 952 1107 τῶν

157 1123 247 1149 ἄλλων
260 1123 395 1159 ἀνδρείαν.
419 1125 567 1162 ὀρμίσδης
585 1135 627 1157 τις
642 1126 695 1153 τῶν
714 1127 783 1161 ἄγαν
795 1127 952 1163 περιφανῶν

157 1168 237 1204 παρὰ
252 1170 369 1205 Πέρσαις
390 1170 537 1206 ἐτύγχανεν
552 1171 600 1205 ὣν,
615 1173 791 1208 ’Δχεμενίδης
807 1174 885 1210 ἀνὴρ,
902 1183 952 1201 πα-

156 1216 228 1251 τέρα
241 1216 364 1252 ὕπαρχον
377 1217 512 1253 ἐσχηκώς.
531 1219 632 1246 Τοῦτον
645 1220 807 1255 Χριστιανὸν
819 1218 889 1247 εἶναι
903 1229 951 1255 με-

159 1263 292 1298 μαθηκὼς
303 1265 316 1290 ὁ
331 1264 458 1299 βασιλεὺς
472 1266 560 1300 ἤγαγέ
573 1274 603 1292 τε
617 1267 663 1293 καὶ
684 1267 850 1302 προσέταξεν
869 1268 952 1303 ἀρνη-

157 1308 242 1343 θῆναι
257 1309 302 1337 τὸν
317 1310 457 1338 σεσωκότα
481 1311 559 1339 Θεόν.
583 1312 612 1338 '0
639 1312 668 1338 δὲ
683 1313 747 1347 ἔφη.
766 1314 834 1348 μήτε
850 1313 950 1346 δίκαια,

159 1355 231 1390 μήτε
253 1355 426 1390 συμφέροντα
454 1359 676 1394 προστεταχέναι
687 1359 731 1386 τὸν
749 1359 878 1394 βασιλέα·
893 1369 902 1386 ι
921 1360 952 1386 'U

157 1401 215 1436 γάρ
234 1409 275 1427 τοι
300 1401 491 1436 παιδευόμενος
519 1403 617 1438 ῥᾳδίως
648 1405 695 1431 τοῦ
719 1404 787 1431 θεοῦ
810 1405 864 1432 τῶν
880 1405 951 1432 ὅλων

157 1449 352 1483 καταφρονεῖν,
370 1449 418 1475 καλ⁸
437 1449 530 1476 τοῦτον
547 1450 698 1484 ἀρνεῖσθαι,
717 1451 783 1486 ῥᾷον
793 1451 826 1478 ἂν
839 1452 886 1478 καὶ
904 1451 951 1487 βακ

157 1494 256 1525 σιλέως
273 1496 489 1531 καταφρονήσει·
507 1495 650 1531 ἄνθρωπος
671 1496 725 1532 γὰρ
741 1497 773 1532 δὴ
787 1495 874 1530 οὗτος,
888 1498 951 1534 Θνη-

155 1541 209 1575 τὴν
230 1540 310 1576 φύσιν
331 1541 549 1577 κεκληρωμένος.
575 1543 606 1569 Εἰ
627 1543 656 1570 δὲ
679 1545 815 1579 τιμωρίας
832 1545 950 1581 ἐσχάτης

1003 296 1081 328 cere,
1101 299 1230 327 manibus
1249 307 1344 327 eorum
1365 307 1396 326 ac
1416 299 1531 335 pedibus
1551 299 1732 332 constrictis,
1754 308 1790 328 ne

1003 344 1116 379 abigere
1138 353 1153 372 a
1179 353 1209 373 se
1232 346 1337 374 bestias
1363 350 1487 380 possent.
1515 345 1607 373 Mures
1628 354 1692 373 vero
1718 346 1789 373 fame

1003 391 1092 426 pressi
1119 399 1218 420 carnes
1246 396 1404 419 sanctorum
1429 392 1534 420 sensim
1559 392 1788 427 depascebantur,

1003 437 1116 471 longum
1135 438 1190 465 illis
1206 442 1233 465 et
1249 445 1314 464 acre
1338 438 1503 472 supplicium
1532 437 1690 465 inferentes.
1716 437 1788 470 Quin

1003 488 1029 510 et
1047 484 1115 511 alias
1131 492 1240 519 quoque
1255 484 1297 511 his
1309 485 1450 520 graviores
1472 483 1578 520 1084
1593 491 1689 518 poenas
1706 491 1788 511 exco-

1002 540 1140 574 gitarunt,
1168 539 1261 567 infesti
1292 545 1398 567 natura:
1428 540 1580 573 daemonis,
1609 540 1789 575 veritatisque

1004 586 1092 612 hostis
1110 586 1268 620 magisterio
1281 585 1395 612 eruditi.
1412 585 1586 612 Athletaruin
1601 589 1692 613 tamen
1709 585 1789 612 forti-

1003 631 1128 658 tudinem
1145 640 1199 658 non
1222 631 1336 666 fregere.
1364 631 1419 658 Sua
1445 632 1518 659 enim
1544 637 1640 666 sponte
1663 639 1790 659 accurre-

1003 677 1086 711 bant,
1106 681 1221 705 mortem
1237 685 1300 712 qua:
1317 678 1500 705 immortalem
1519 678 1602 704 vitam
1620 678 1691 713 parit
1707 685 1791 712 oppe-

1003 726 1061 750 tere
1084 722 1239 757 cupientes.
1264 722 1338 750 Duos
1352 731 1417 758 ergo
1435 728 1525 751 tresve
1549 723 1788 754 commemorabo,

1004 771 1033 794 ut
1048 775 1080 794 ex
1098 767 1142 795 his
1161 768 1278 795 aliorum
1295 775 1406 803 quoque
1426 767 1583 794 constantia
1605 767 1788 802 intelligatur.

1004 813 1151 840 Hormisda
1178 813 1292 847 quidam
1317 818 1396 845 erat,
1424 815 1567 848 praecipuae
1594 813 1666 848 apud
1692 813 1789 840 Persas

1004 858 1175 889 nobilitatis.
1196 858 1405 886 Aclmmenides
1423 867 1542 893 genere,
1567 858 1696 893 praefecto
1713 862 1790 892 patre

1005 907 1097 931 natus.
1113 903 1192 930 Ilunc
1206 911 1268 931 esse
1281 903 1470 931 Christianum
1488 912 1536 932 rex
1550 911 1613 931 cum
1628 903 1771 931 didicisset
1782 925 1789 937 ,

1003 949 1148 982 evocavit,
1167 949 1309 984 Deumque
1328 950 1501 977 Servatorcm
1522 950 1631 985 ejurare
1649 949 1789 984 praecepit.

1003 994 1052 1021 Cui
1071 995 1140 1022 ille:
1158 1003 1167 1020 ι
1185 994 1241 1022 Nec
1265 995 1358 1029 jnsta,
1384 995 1491 1029 inquit,
1519 1003 1570 1022 nec
1594 996 1690 1026 utilia,
1721 1002 1788 1026 rex,

1003 1040 1161 1074 imperasti.
1203 1040 1256 1072 Qui
1281 1040 1353 1067 enim
1381 1041 1571 1068 universorum
1596 1040 1680 1068 Deum
1708 1039 1790 1067 facile

1003 1086 1148 1121 aspernari
1178 1090 1206 1114 et
1232 1087 1369 1123 abnegarp
1394 1086 1539 1118 didicerit,
1568 1087 1653 1113 multo
1681 1086 1790 1113 facilius

1002 1139 1093 1166 regem
1108 1135 1284 1164 contemnet,
1301 1139 1363 1158 cum
1382 1132 1404 1158 is
1420 1133 1501 1159 homo
1519 1133 1555 1159 sit
1577 1133 1718 1159 mortalem
1738 1139 1790 1158 na-

1004 1183 1092 1204 turam
1111 1177 1240 1205 sortitus.
1255 1177 1334 1210 Quod
1351 1178 1373 1204 si
1397 1185 1505 1205 summo
1530 1177 1665 1212 supplicio
1689 1177 1790 1211 dignus

1001 1228 1044 1250 est
1056 1242 1063 1253 ,
1081 1223 1127 1257 qui
1146 1222 1263 1257 sceptris
1280 1223 1354 1254 tuis,
1373 1230 1420 1250 res
1432 1243 1438 1255 ,
1466 1222 1595 1254 obsistit,
1620 1222 1700 1256 longe
1725 1228 1789 1255 gra-

1003 1270 1096 1296 viores
1110 1276 1206 1304 pmnas
1221 1272 1353 1300 meretur,
1365 1269 1412 1302 qui
1429 1276 1520 1295 rerum
1535 1268 1657 1294 omnium
1674 1268 1790 1302 abnegat

1001 1315 1192 1342 Conditorem.
1205 1324 1213 1340 ›
1227 1313 1282 1341 Rex
1302 1322 1378 1346 vero,
1397 1322 1477 1349 quem
1497 1313 1643 1341 verborum
1664 1314 1724 1347 ejus
1741 1313 1791 1340 ad-

1002 1361 1098 1388 mirari
1126 1360 1290 1396 sapientiam
1313 1369 1362 1396 par
1387 1365 1467 1394 erat,
1491 1365 1635 1388 strenuum
1658 1359 1789 1386 athletam

1002 1407 1179 1435 facultatibus
1205 1407 1413 1441 honoribusque
1428 1408 1437 1418 '
1454 1407 1603 1441 spoliavit,
1630 1406 1790 1440 nuduqu

1002 1453 1175 1488 subligaculo
1182 1453 1241 1480 solo
1249 1452 1398 1480 incinctum
1409 1453 1530 1480 camelos
1540 1453 1677 1480 exercitus
1689 1452 1791 1479 ducere

1001 1499 1143 1534 praecepit.
1156 1498 1294 1526 Plusculis
1306 1498 1403 1526 diebus
1420 1498 1575 1532 inlerjectis
1586 1519 1593 1530 ,
1608 1502 1789 1533 prospectans

1002 1553 1049 1573 rex
1064 1553 1079 1572 e
1096 1545 1241 1580 laquealo,
1258 1545 1398 1580 egregium
1419 1545 1511 1571 virum
1529 1544 1604 1571 videt
1621 1544 1706 1571 radiis
1723 1543 1789 1571 solls

156 1587 235 1620 ἄξιος
247 1588 261 1614 ό
277 1587 311 1613 τὰ
321 1587 365 1618 σὰ,
377 1585 400 1614 ὦ
411 1589 532 1623 βασιλεῦ,
548 1589 712 1624 ἀρνούμενος
730 1591 866 1626 σκῆπτρα,
881 1593 946 1619 πολ-

1002 1591 1131 1619 adustum
1142 1613 1149 1624 ,
1166 1596 1191 1618 οι
1215 1592 1326 1625 pulvere
1342 1598 1522 1625 conspersum
1533 1610 1540 1621 ,
1554 1594 1581 1617 et
1598 1594 1719 1625 paterna:
1734 1597 1790 1617 rne-

155 1634 316 1661 λαπλασίων
329 1635 466 1662 κολάσεων
479 1636 625 1671 ἀξιώτερος
645 1638 658 1663 ό
677 1637 730 1663 τῶν
749 1638 772 1653 ³⁵
784 1638 830 1664 τοῦ
849 1640 949 1672 παντὸς

154 1679 325 1714 ἀρνούμενος
342 1681 472 1716 Ποιητήν.
491 1690 500 1706 ι
525 1681 553 1708 '0
569 1682 597 1708 δὲ
613 1682 746 1716 βασιλεὺς,
760 1683 818 1710 δέον
831 1684 880 1719 τὴν
894 1684 948 1711 τῶν

155 1725 312 1759 εἰρημένων
330 1725 469 1760 θαυμάσαι
494 1728 600 1761 σοφίαν,
621 1728 762 1763 ἐγύμνωσε
781 1730 830 1764 μὲν
844 1730 948 1756 καὶτοῦ

156 1770 275 1797 πλούτου
289 1771 400 1797 καὶτῶν
411 1771 574 1807 ἀξιωμάτων
598 1773 645 1800 τὸν
664 1776 786 1808 γενναῖον
808 1775 928 1811 ἀθλητήν
939 1784 946 1791 ·

155 1816 261 1851 γυμνὸν
270 1816 298 1843 δὲ
309 1817 399 1844 ἕλκειν
405 1817 455 1852 τῆς
468 1819 598 1854 στρατιᾶς
605 1819 654 1850 τὰς
666 1820 805 1855 καμήλους
821 1821 948 1847 ἐκέλευσε

155 1860 312 1896 διαζώματι
327 1863 468 1898 χρώμενον
495 1864 585 1898 μόνον.
603 1865 712 1892 Πολλῶν
731 1865 761 1891 δὲ
789 1866 949 1894 διελθουσῶν

156 1908 282 1943 ἡμερῶν,
299 1908 432 1943 διακύψας
442 1909 496 1936 ἀπὸ
503 1906 551 1945 τῆς
563 1910 701 1946 καμάρας,
713 1909 766 1938 εἶδε
778 1913 822 1938 τὸν
838 1912 948 1947 ἄριστον

155 1952 241 1987 ἄνδρα
252 1953 354 1980 ἐκεῖνον
363 1954 416 1980 ὑπὸ
427 1954 477 1989 τῆς
488 1955 595 1986 ἀκτῖνος
606 1955 781 1990 φλεγόμενον,
791 1957 837 1982 καὶ
849 1956 948 1988 κόνεως

156 1998 454 2033 ἁναπιπλάμενοψκαι
471 2002 521 2035 τῆς
540 2000 670 2035 πατρῴας
687 2001 864 2036 περιφανείας
883 2003 949 2028 ἀνα-

162 2044 295 2080 μνησθεὶς
308 2045 395 2080 ἤγαγέ
408 2055 437 2072 τε
452 2047 500 2074 καὶ
513 2046 675 2073 ἐνδύσασθαι
692 2047 851 2082 χιτωνίσκον
867 2048 898 2074 ἐκ
910 2048 949 2073 λί-

159 2100 207 2117 νου
223 2092 407 2127 πεποιημένον
423 2092 574 2119 ἐκέλευσεν.
590 2091 654 2119 Εἶτα
669 2093 782 2128 νομίσας
796 2094 848 2120 ὑπό
860 2102 888 2120 τε
902 2094 948 2120 τοῦ

158 2137 293 2172 προτέρου
305 2138 387 2164 πόνου
405 2139 452 2164 καὶ
464 2139 513 2174 τῆς
533 2140 719 2175 γεγενημένης
745 2139 949 2175 φιλανθρωπίας

159 2184 362 2223 μαλακισθῆναι
373 2185 403 2215 τὸ
415 2185 552 2220 φρόνημα·
567 2195 575 2211 ι
586 2185 643 2212 Νῦν
652 2186 726 2220 γοῦν,
736 2185 798 2221 ἔφη,
809 2186 950 2222 τῆςὲριδος

157 2230 266 2265 ἐκείνης
275 2231 443 2265 ἀπαλλαγεὶς
454 2231 588 2267 ἁρνήθητι
599 2231 645 2258 τοῦ
655 2231 732 2268 [247]
749 2231 874 2263 τέκτονος
904 2232 951 2259 τὸν

1001 1645 1062 1664 mor
1077 1638 1229 1665 nobilitatis
1246 1645 1308 1664 eum
1323 1637 1467 1668 accersiit,
1481 1640 1508 1664 et
1523 1637 1594 1663 linea
1611 1637 1700 1663 tunica
1714 1635 1789 1663 indui

998 1683 1100 1718 jussit:
1117 1687 1172 1709 tum
1187 1689 1221 1709 ex
1236 1682 1373 1716 praeterita
1387 1689 1510 1708 aerumna
1525 1684 1551 1708 et
1565 1685 1700 1715 praesente
1714 1680 1790 1708 heni-

999 1729 1105 1765 gnitate
1123 1728 1245 1755 animum
1263 1727 1324 1761 ejus
1343 1727 1494 1754 emollitum
1518 1731 1604 1758 ratus,
1618 1736 1627 1752 ι
1642 1725 1718 1753 Nunc
1735 1726 1790 1753 sal-

1000 1779 1072 1806 tem,
1090 1773 1138 1805 ait.
1154 1771 1357 1799 contentionem
1373 1771 1448 1798 illam
1467 1778 1547 1805 pone,
1561 1770 1685 1804 fahrique
1703 1770 1788 1797 ﬁliuni

1002 1819 1109 1854 1085
1126 1818 1216 1852 ejura.
1235 1826 1244 1843 ι
1274 1817 1381 1848 Atille,
1412 1817 1505 1843 divino
1534 1816 1592 1842 zelo
1622 1823 1788 1847 SllcCCllSllS.

1001 1865 1125 1892 tunicam
1152 1863 1272 1898 disrupit
1300 1867 1326 1890 et
1349 1862 1450 1896 abjecit
1479 1871 1485 1888 :
1511 1861 1563 1888 «Si
1590 1861 1674 1895 hujus
1703 1869 1788 1888 causa

1000 1910 1129 1945 pietatem
1149 1917 1192 1936 me
1219 1909 1394 1936 deserturum
1409 1911 1508 1942 putas,
1531 1907 1601 1934 habe
1617 1907 1664 1934 tibi
1687 1907 1788 1934 donum

1000 1964 1062 1982 cum
1086 1956 1236 1990 impietate.
1251 1964 1260 1980 ι
1279 1953 1334 1981 [Iac
1357 1953 1417 1988 ejus
1433 1954 1492 1980 visa
1510 1953 1673 1980 fortitudine
1685 1973 1692 1984 ,
1711 1961 1756 1980 rex
1773 1962 1789 1981 e

1000 2002 1074 2036 regia
1092 2001 1195 2028 nudum
1210 2001 1323 2035 expulit.
1341 1999 1459 2026 Sucnem
1480 2004 1621 2034 prmterea,
1636 1999 1709 2026 mille
1727 2007 1786 2027 ser-

999 2055 1096 2074 vorum
1123 2047 1284 2077 dominum,
1304 2046 1477 2073 resistentem
1501 2045 1565 2077 sibi,
1589 2044 1790 2080 Factoremque

1001 2101 1082 2121 suum
1124 2099 1225 2127 negare
1256 2091 1433 2123 abnuentem,
1464 2095 1640 2125 percontatus
1675 2091 1788 2126 quinam

1001 2140 1123 2167 onmium
1142 2139 1230 2173 ipsius
1252 2145 1393 2165 servorum
1418 2142 1490 2164 esset
1509 2137 1705 2172 nequissimus,
1723 2137 1789 2164 huic

1000 2190 1161 2213 caaterorum
1180 2184 1350 2211 dominatum
1375 2182 1508 2214 tradidit,
1528 2187 1554 2210 et
1578 2183 1719 2209 dominum
1748 2183 1787 2210 illi

1000 2231 1110 2259 servire
1124 2230 1219 2265 jussit,
1232 2229 1374 2263 eidemque
1396 2228 1535 2256 dominam
1560 2227 1662 2255 domini
1691 2229 1789 2263 conju-

158 2276 228 2304 υἱόν.
241 2285 251 2301 ι
260 2277 290 2303 ’0
304 2277 333 2303 δὲ
344 2275 424 2311 ζήλου
441 2276 514 2303 θείου
530 2276 659 2313 πλησθεὶς
671 2277 797 2313 διέρρηξέ
807 2287 837 2304 τε
849 2278 894 2304 τὸν
904 2287 946 2312 χι-

1003 2285 1063 2313 gem
1096 2276 1246 2312 copulavit,
1275 2283 1391 2310 sperans
1416 2275 1468 2301 hoc
1499 2279 1578 2309 pacto
1606 2283 1636 2302 se
1663 2275 1789 2303 Verilatis

156 2322 300 2354 ¹ιωνίσκον,
317 2323 364 2349 καὶ
379 2323 561 2358 προσέρριψεν
577 2323 701 2352 ὑπειπών
715 2332 722 2339 ·
738 2333 747 2349 ι
769 2324 800 2350 Ei.
813 2323 857 2350 διὰ
868 2323 947 2359 τοῦτό

159 2377 194 2404 με
214 2369 265 2396 οἴει
282 2369 331 2404 τῆς
356 2369 497 2402 εὐσεϐείας
526 2370 717 2405 ὲκστήσεσθαι,
743 2370 788 2406 ἔχε
814 2370 844 2397 τὸ
860 2370 946 2405 δῶρον

159 2414 230 2449 μετὰ
254 2415 305 2449 τῆς
320 2415 487 2448 δυσσεὸείας.
507 2426 518 2442 ι
532 2416 640 2452 Ταύτην
659 2416 742 2443 αὐτοῦ
755 2417 805 2452 τὴν
820 2417 946 2452 ἀνδρείαν

157 2460 172 2485 ὁ
195 2459 320 2494 βασιλεὺς
334 2460 510 2496 θεασάμενος,
528 2463 630 2497 γυμνὸν
649 2461 721 2489 οὕτω
737 2461 785 2496 τῆς
808 2462 946 2498 βασιλείας

159 2506 285 2541 ἐξήλασε,
312 2508 366 2534 Καὶ
383 2509 503 2544 Σουήνην
518 2508 546 2534 δὲ
562 2508 654 2543 χιλίων
668 2509 781 2536 οἰκετῶν
801 2509 944 2544 δεσπότην,

159 2551 321 2579 ἀντειπόντα
349 2552 434 2587 αὐτῷ,
452 2553 499 2580 καὶ
515 2553 666 2589 ἀρνηθῆναι
687 2554 732 2580 τὸν
753 2554 870 2589 Ποιητὴν
897 2554 947 2581 οὐκ

158 2597 354 2633 ἀνασχόμενον,
370 2598 498 2634 ἐρόμενος
519 2599 592 2631 ὅστις
609 2599 652 2634 εἴη
667 2599 721 2626 τῶν
736 2599 849 2627 οἰκετῶν
866 2601 880 2627 ὁ
898 2600 947 2627 κά.-

158 2652 262 2677 κιστος,
273 2643 369 2680 ἐκεινῳ
378 2644 432 2671 τῶν
449 2644 535 2672 ἄλλων
548 2644 597 2681 τὴν
613 2645 771 2672 δεσποτείαν
788 2645 944 2682 παρέδωκε,

1003 2327 1241 2358 propugnatorem
1258 2321 1291 2349 de
1303 2320 1437 2349 sententia
1455 2320 1637 2354 deiecturum.
1661 2319 1713 2347 Sed
1738 2328 1788 2355 spe

1000 2378 1049 2398 sua
1069 2369 1220 2397 frustratus
1247 2372 1313 2396 est:
1338 2368 1450 2395 domum
1480 2367 1581 2402 quippe
1608 2366 1728 2394 habebat
1757 2368 1786 2394 in

998 2421 1075 2450 petra
1092 2414 1267 2442 adificatam.
1289 2412 1480 2448 Benjaminum
1499 2419 1609 2446 quoque
1636 2411 1785 2438 diaconum

998 2461 1025 2489 in
1043 2461 1154 2488 vincula
1181 2460 1355 2495 coniecerat:
1372 2458 1539 2492 hiennioque
1563 2458 1666 2492 elapso,
1686 2456 1786 2483 Roma-

999 2515 1099 2535 norum
1119 2506 1228 2541 legatus
1242 2526 1248 2538 ,
1266 2505 1312 2540 qui
1332 2504 1393 2532 aliis
1412 2505 1445 2532 de
1465 2504 1558 2531 causis
1577 2507 1700 2535 venerat,
1722 2511 1786 2530 cum

997 2553 1031 2581 de
1046 2553 1164 2580 diacono
1183 2551 1370 2586 cognovisset,
1396 2550 1587 2578 liberationem
1609 2549 1670 2584 ejus
1690 2557 1704 2575 ιι
1723 2557 1786 2584 rege

998 2598 1088 2635 petiit.
1104 2597 1163 2625 Rex
1182 2605 1197 2624 a
1217 2596 1380 2632 Benjamino
1402 2596 1528 2631 promitti
1551 2595 1652 2630 jussit,
1669 2595 1737 2622 nulli
1755 2602 1786 2621 se

999 2652 1141 2681 magorum
1156 2643 1310 2671 doctrinam
1327 2643 1512 2671 Christianam
1527 2643 1728 2678 expositurum.
1751 2640 1782 2668 Et

793 2732 909 2761 νΑιιιΑς
921 2732 1126 2762 LECTlONES.

204 2788 229 2804 9°
243 2787 291 2818 τὰς
306 2787 423 2815 addebat
439 2792 466 2816 et
485 2788 546 2816 Pini
562 2790 640 2823 liber,
653 2790 701 2817 sed
715 2790 792 2818 abest
810 2797 823 2816 a
837 2790 919 2818 Basil.
936 2789 982 2817 Gr.
998 2793 1023 2816 et
1045 2789 1139 2824 Steph.
1183 2789 1204 2805 "

204 2823 228 2860 u_i_.
250 2857 257 2860 _
274 2823 298 2838 ’³
315 2822 360 2860 §ic
375 2823 597 2860 benerrescrjpsit
609 2825 781 2860 Christopb..
799 2825 921 2859 Scaliger
934 2830 961 2853 et
976 2823 1113 2856 Valesius,
1133 2828 1207 2860 pust

158 2821 228 2850 I‘ini.

1183 2789 1204 2805 "
1220 2788 1391 2822 ἐργάσωνται
1404 2795 1412 2802 ·
1430 2787 1546 2819 λάκκους
1563 2787 1639 2822 ὁρύξ.
1652 2787 1724 2815 Idem
1737 2786 1782 2814 Jo.

1251 2823 1325 2850 avilii
1342 2823 1475 2851 codicem.
1490 2823 1726 2858 ιςαταφρήσαντες
1741 2830 1782 2849 rc-

160 2857 297 2884 srribehat
312 2858 498 2886 Cattterarius.
525 2857 608 2888 Basil.
630 2860 678 2888 Gr.
694 2857 731 2887 ρι’
750 2860 796 2887 Ste
818 2861 845 2886 h.
867 2857 1102 2895 καταχρήσαντες.
1133 2857 1248 2893 Niceph.
1271 2858 1488 2894 ἀποφράξαντες.
1504 2857 1603 2894 Ερίριι⁸
1618 2857 1772 2885 obturantes

164 2892 188 2914 "
207 2892 292 2922 αὐτῆς
304 2892 385 2922 (forte
397 2893 512 2922 αὐτοῖς).
527 2894 610 2922 Basil.
625 2896 672 2922 Gr:
690 2900 717 2922 et
729 2868 828 2922 Steug.
843 2895 867 2911 “
882 2894 938 2922 τόν.
958 2894 1039 2922 Basil.
1053 2894 1114 2922 Gr..
1129 2893 1244 2922 Niceoh.
1263 2893 1281 2922 Ι.
1300 2901 1325 2921 c.
1341 2901 1366 2921 c.
1381 2893 1428 2920 20.

164 2892 188 2914 "
207 2892 292 2926 αὐτῆς
304 2892 385 2928 (forte
397 2893 512 2926 αὐτοῖς).
527 2894 610 2923 Basil.
625 2896 672 2923 Gr:
690 2900 717 2923 et
729 2895 795 2930 Step

843 2895 867 2911 “
882 2893 1039 2922 τόνᾞΒιιεὶΙ.
1053 2894 1114 2927 Gr.,
1129 2893 1244 2930 Niceph.
1263 2893 1281 2922 Ι.
1300 2901 1325 2921 c.
1341 2893 1366 2921 c.
1381 2893 1428 2920 20.

1816 706 1835 714 κ
