2036 3122
252 193 322 226 1275

254 299 354 334 recepit
373 309 379 327 :
401 305 428 326 at
446 299 588 333 Beniamin
615 301 697 337 legali
714 303 894 330 suasionibus
911 303 1013 330 auditis
1028 312 1034 329 :

257 354 266 369 ι
280 344 360 377 Fieri,
380 345 478 380 inquit.
495 354 549 374 non
564 352 664 382 potest.
686 352 716 375 ut
738 349 828 375 lumen
856 349 928 384 quod
945 349 1037 383 ιιι-οι·ρὶ

255 398 309 417 non
325 392 492 426 impertiam.
507 392 617 425 Quanto
630 394 703 420 enim
721 394 856 428 suppiieio
877 395 988 430 dignum
1004 394 1040 422 sit

255 437 387 463 talentum
405 438 591 469 abscondere,
611 445 754 465 sacrortuu
772 438 981 474 Evangeliorum
999 439 1041 466 hi-

255 482 340 509 storia
354 482 443 509 docet.
457 492 467 509 ›
484 483 536 510 Sed
564 484 661 510 horutu
691 484 813 510 omnium
835 488 900 511 tunc
930 484 1040 519 ignarus

257 535 314 559 rex,
344 529 459 557 vinculis
493 530 562 556 solvi
580 530 727 557 diaconum
753 530 880 564 imperat.
907 529 954 557 Ille
975 538 1042 558 vero

254 573 329 607 quod
361 579 440 601 antra
471 575 580 602 solebat
605 575 696 602 facere
721 575 853 611 perstitit.
872 575 899 602 in
922 575 1043 602 tenebris

257 618 420 653 ignorantiae
433 619 558 647 detentus
582 620 715 655 eripiens,
741 625 768 648 et
793 620 826 647 ad
854 620 1044 654 intelligentia:

256 665 344 692 lucem
374 666 524 694 adducens.
549 667 629 694 Anno
656 671 816 699 transacto,
841 674 902 693 cum
924 666 1044 694 indit-ata

257 711 314 746 regi
347 710 466 738 fuissent
496 719 557 746 quae
582 713 690 747 agebat.
717 712 778 740 sisti
799 712 881 746 jusso
907 712 1046 747 abut-gare

258 756 381 791 praecipit
400 757 506 792 1086
520 765 600 792 quem
631 758 774 785 adorabat.
802 758 835 784 Et
866 758 924 790 ille,
953 765 1046 792 regem

258 807 467 838 percunctatus,
494 811 616 838 quonam
635 804 748 839 dignum
781 804 864 830 ducat
889 811 970 834 eum,
999 804 1046 838 qui

258 848 369 876 deserto
384 847 470 882 ipsius
495 855 580 883 regno
602 849 718 875 alterum
742 851 903 883 anteponat,
929 855 992 875 cum
1023 848 1046 875 is

260 897 348 921 moue
360 893 548 929 respondisset
563 899 745 929 extremoque
766 894 914 929 supplicio,
930 897 986 919 tum
1006 893 1047 920 vir

761 200 1005 231 THEODORETI
1018 199 1189 231 EPISCOPI
1208 201 1393 231 CYRENSIS

253 251 358 286 legatus
388 253 499 287 quidem
524 254 612 287 jussis
636 254 831 283 obsecuturum
858 257 1046 292 Benjaminum

1099 257 1146 284 καὶ
1163 257 1208 283 τὸν
1224 257 1357 292 δεσπότην
1370 255 1468 290 ἐκείνῳ
1479 253 1614 281 δουλεύειν
1629 253 1782 289 προσέταξε
1798 261 1805 267 ·

1820 195 1885 227 Ῑῒίϐ

1827 261 1886 278 συν-

1092 303 1184 336 έζευξε
1198 303 1227 330 δὲ
1244 302 1320 338 αὐτῷ
1332 302 1378 330 καὶ
1393 302 1441 338 τὴν
1455 301 1601 327 δέσποιναν
1622 301 1673 335 τὴν
1691 299 1738 326 τοῦ
1755 299 1886 325 δεσπότου

1089 347 1223 382 ὁμόζυγα,
1239 347 1326 383 ταύτῃ
1344 346 1519 382 μεταπείσειν
1547 345 1724 380 ὑποτοπήσας
1750 344 1803 378 τῆς
1821 343 1887 378 ἀλη-

1089 392 1165 425 θείας
1180 393 1226 420 τὸν
1240 393 1393 428 πρόμαχον·
1413 391 1470 419 ἀλλ’
1486 390 1604 426 ὲψεύσθη
1621 391 1670 425 τῆς
1687 390 1805 421 ἐλπίδος.
1828 389 1889 418 Ἐπὶ

1091 439 1146 474 γὰρ
1162 439 1211 473 τῆς
1226 439 1328 474 πέτρας
1354 437 1569 474 ᾡκοδομημένην
1586 434 1643 471 εἶχε
1655 436 1704 471 τὴν
1721 436 1823 462 οἰκίαν.
1842 436 1888 462 Βε-

1090 485 1191 519 νιαμὴν
1204 485 1233 511 δέ
1247 493 1306 511 τινα
1329 484 1452 511 διάκονον
1470 482 1608 509 συλλαϐὼν
1624 482 1753 517 καθεῖρξε
1767 489 1773 496 ·
1796 483 1845 508 δύο
1861 482 1888 508 δὲ

1091 529 1288 564 διεληλυθότων
1305 529 1385 561 ἐτῶν,
1403 528 1574 565 πρεσϐευτὴς
1595 528 1740 562 Ῥωμαίων
1761 527 1889 561 ἀᾳὶκετο,

1093 576 1158 612 περὶ
1176 576 1278 612 ἐτέρων
1291 575 1451 611 πρεσϐεύων
1466 575 1636 610 πραγμάτων
1646 583 1652 589 ·
1667 572 1728 600 εἷτα
1742 574 1824 600 τοῦτο
1838 583 1890 608 μα-

1093 621 1157 654 θὼν,
1169 621 1254 658 ᾔτησε
1268 621 1314 648 τὸν
1327 621 1438 656 βασιλέα
1453 621 1500 647 τοῦ
1518 621 1642 647 διακόνου
1657 620 1706 656 τὴν
1727 620 1838 654 ἄφεσιν.
1863 620 1890 646 '0

1093 668 1120 694 δὲ
1140 667 1266 702 βασιλεὺς
1280 668 1447 703 ὑποσχέσθαι
1459 667 1611 702 προσέταξε
1627 667 1672 693 τὴν
1691 667 1841 702 Βενιαμὴν,
1855 667 1891 699 ὡς

1094 714 1182 741 οὐδενὶ
1203 714 1258 741 τῶν
1284 714 1378 749 μάγων
1405 715 1454 749 τὴν
1484 713 1681 749 Χριστιανικὴν
1714 713 1891 740 διδασκαλίαν

1096 760 1246 795 προσοίσει.
1259 761 1314 786 Καὶ
1331 761 1344 786 6
1361 760 1411 796 μὲν
1426 759 1599 795 πρεσϐευτὴς
1609 759 1740 793 φυλάξειν
1755 759 1790 786 τὰ
1809 767 1894 794 προς-

1095 806 1228 840 ταχϐέντα
1242 805 1287 832 τὸν
1304 805 1441 841 Βενιαμὴν
1456 804 1650 840 ἐπηγγείλατοο
1666 805 1680 831 6
1693 804 1722 830 δὲ
1740 804 1893 838 Βενιαμὴν,

1097 850 1216 882 ἀκούσας
1225 850 1280 877 τῶν
1295 851 1342 877 τοῦ
1356 850 1525 886 πρεσϐευτοῦ
1540 851 1730 886 παραινέσεων
1748 858 1757 866 ’
1781 859 1790 875 ι
1818 850 1894 876 Ἀδύ-

1097 905 1186 928 νατον,
1201 896 1264 932 ἔφη,
1282 897 1320 932 μὴ
1337 897 1498 932 μεταδοῦναί
1515 905 1549 932 με
1564 896 1610 923 τοῦ
1623 897 1712 931 φωτὸς
1729 893 1761 923 οὗ
1778 896 1894 931 μετέλα-

259 939 502 974 sapientissimus:
520 941 602 973 «Qua
633 948 698 975 ergo
729 947 821 975 pmna,
857 940 958 974 inquit,
991 946 1045 966 non

1099 952 1154 978 χον.
1174 943 1294 978 Ὀπὸσης
1323 942 1378 978 γὰρ
1402 943 1477 976 ἄξιον
1499 943 1634 977 τιμωρίας
1657 942 1837 977 κατακρύψαι
1862 942 1894 968 τὸ

259 986 358 1012 merito
383 986 518 1020 plectatur
535 986 569 1019 is,
588 987 635 1021 qui
664 986 806 1014 Factorem
828 990 855 1013 et
887 986 1045 1013 Creatorem

256 1031 402 1062 deserens,
416 1035 499 1066 atque
511 1040 594 1059 unum
608 1040 640 1059 ex
657 1032 797 1060 conservis
811 1031 896 1059 Deum
909 1035 1047 1063 statuens,

259 1079 363 1106 cultum
378 1079 424 1114 qui
444 1079 481 1105 illi
497 1078 613 1105 debetur
626 1078 690 1105 huic
710 1077 860 1105 exhibeat?
873 1088 882 1103 ι
902 1076 962 1104 Tali
984 1085 1048 1104 ora-

258 1125 333 1152 tione
349 1133 396 1152 rex
415 1124 557 1156 oli‘ensus,
587 1124 682 1159 viginti
709 1124 862 1151 arundines
894 1128 1047 1159 prmacutas

259 1178 390 1197 manuum
418 1170 479 1205 ejus
507 1170 664 1205 pedumque
685 1170 824 1206 unguibus
854 1169 928 1204 inﬁgi
950 1169 1047 1204 jussit.

260 1214 293 1242 Et
309 1215 373 1250 quia
399 1223 449 1250 pro
473 1216 537 1243 ludo
561 1215 714 1243 cruciatum
743 1215 816 1242 hunc
842 1215 944 1243 habere
970 1215 1047 1242 illum

259 1261 379 1293 videbat.
400 1262 481 1289 aliam
497 1270 595 1290 rursus
611 1267 720 1289 acutam
741 1263 902 1289 arundinem
921 1262 1048 1290 verendis

261 1307 360 1338 infixit.
375 1315 435 1342 qua:
446 1308 595 1336 identidem
611 1312 730 1335 retracta
746 1308 787 1336 vel
808 1308 927 1343 impulsa
939 1309 1048 1336 dolores

260 1352 415 1381 inellabiles
433 1354 593 1381 incutiebat.
610 1354 675 1382 Post
690 1354 741 1382 hoc
757 1355 932 1389 supplicium,
949 1355 1049 1390 impius

260 1401 288 1425 et
303 1398 431 1426 immanis
442 1406 567 1427 crassum
591 1399 710 1434 stipitem
727 1408 788 1433 cum
816 1399 985 1428 haerentibus
1005 1407 1049 1426 ra-

262 1444 314 1471 ntis
329 1451 376 1479 per
390 1445 472 1472 imam
488 1444 580 1472 sedem
601 1445 673 1480 adigi
693 1445 798 1480 jussit:
818 1451 901 1480 atque
915 1446 951 1472 ita
969 1453 1049 1481 gene-

262 1497 343 1518 rosus
356 1490 459 1517 athleta
476 1491 605 1526 spiritum
623 1491 771 1519 exhalavit.
790 1491 899 1518 Inﬁnita
917 1492 943 1518 id
961 1499 1049 1527 genus

261 1537 314 1563 alia
329 1535 468 1571 abimpiis
485 1537 540 1564 illis
558 1542 666 1572 patrata
693 1541 767 1565 sunt.
786 1537 842 1565 Nec
859 1545 923 1565 vero
944 1538 1047 1565 miran-

260 1582 326 1610 dum
336 1588 388 1615 est,
402 1583 466 1610 ferri
483 1584 518 1611 ab
531 1584 652 1611 omnium
665 1583 837 1611 Moderatorc
854 1589 960 1611 tantam
981 1585 1049 1612 isto-

261 1635 322 1655 rum
348 1627 482 1656 leritatettt
510 1633 594 1663 atque
629 1630 807 1664 impietatem.
831 1629 899 1656 Nam
929 1635 958 1657 et
987 1635 1050 1658 ante

260 1674 406 1710 imperium
429 1674 605 1703 Constantini
630 1675 742 1711 Magni,
773 1681 907 1712 quotquot
933 1676 1050 1704 Romani

261 1721 440 1756 imperatores
458 1721 578 1755 fuerunt,
593 1726 688 1750 contra
699 1722 818 1750 veritatis
832 1726 969 1749 amatores
978 1722 1053 1749 insa-

261 1767 381 1800 nierunt,
397 1771 424 1795 et
440 1767 622 1797 Diocletianus
638 1769 698 1804 ipso
714 1769 844 1796 salutaris
858 1769 994 1804 passionis
1009 1768 1052 1796 die

261 1814 347 1841 totius
379 1812 493 1842 Romani
513 1815 618 1850 imperii
643 1815 775 1842 ecclesias
791 1822 888 1842 omnes
902 1815 1050 1842 destruxit.

1096 989 1236 1021 τάλαντον,
1264 990 1280 1023 ἡ
1299 988 1352 1015 τῶν
1378 988 1458 1024 ίερῶν
1486 988 1660 1023 Εὐαγγελίων
1680 988 1788 1022 ἱστορία
1814 986 1888 1014 διδά-

1099 1039 1168 1058 σκει.
1184 1041 1193 1057 ι
1217 1031 1296 1058 Ἀλλὰ
1317 1031 1420 1058 τούτων
1443 1031 1493 1066 μὲν
1517 1031 1592 1057 οὐδὲν
1607 1030 1760 1066 τηνικαῦτα
1783 1030 1894 1064 γνοὺςό

1099 1077 1237 1113 βασιλεὺς,
1261 1077 1402 1104 ἐκέλευσεν
1425 1077 1507 1104 αὑτὸν
1532 1077 1587 1104 τῶν
1614 1076 1723 1111 δεσμῶν
1746 1076 1891 1110 ἀφεθῆναι.

1105 1124 1222 1155 Ἐκεῖνος
1235 1123 1263 1149 δὲ
1277 1123 1311 1149 τὰ
1324 1123 1426 1158 συνήθη
1440 1122 1564 1155 διετέλει,
1578 1123 1625 1149 καὶ
1643 1121 1763 1157 ζωγρῶν
1777 1122 1841 1152 τοὺς
1853 1121 1893 1156 τῷ

1098 1169 1172 1205 ζόφῳ
1184 1169 1233 1204 τῆς
1247 1169 1356 1203 ἀγνοίας
1369 1168 1577 1203 κατεχομένους,
1589 1168 1638 1194 καὶ
1652 1167 1692 1202 τῷ
1707 1167 1795 1202 νοερῷ
1808 1175 1893 1202 προσ-

1099 1216 1172 1250 άγων
1196 1216 1276 1250 φωτί.
1298 1214 1438 1242 Ἐνιαυτοῦ
1461 1214 1490 1241 δὲ
1515 1214 1677 1245 διελθόντος,
1700 1212 1826 1248 ἐμηνύθη
1855 1211 1893 1247 τῷ

1100 1261 1205 1297 βασιλεῖ
1217 1261 1250 1287 τὰ
1275 1260 1340 1296 παρ’
1355 1261 1461 1287 ἐκείνου
1473 1260 1631 1295 γιγνόμενα
1648 1259 1697 1286 καὶ
1717 1258 1831 1292 ἀγαγὼν
1842 1259 1892 1284 αὗ-

1098 1309 1153 1339 τὸν,
1170 1307 1320 1342 ἀρνηθῆναι
1337 1306 1486 1342 προσέταξε
1507 1306 1552 1332 τὸν
1565 1306 1611 1332 ὑπ’
1627 1304 1710 1331 αὑτοῦ
1723 1303 1891 1339 προσκυνοὺ-

1101 1361 1190 1388 μενον.
1215 1352 1245 1379 ’0
1269 1352 1296 1378 δὲ
1311 1352 1394 1387 ῆρετο
1413 1351 1458 1377 τὸν
1483 1350 1605 1385 βασιλέα,
1620 1349 1694 1380 τίνος
1710 1350 1826 1384 τιμᾶται
1849 1350 1893 1374 τὴν

1099 1400 1149 1435 τὴν
1172 1399 1269 1426 ἑαυτοῦ
1294 1398 1343 1434 μὲν
1371 1398 1556 1425 καταλιπόντα
1583 1397 1736 1432 βασιλείαν,
1754 1396 1851 1429 ἑτέραν
1867 1395 1892 1421 δὲ

1100 1444 1231 1480 προαιρού
1237 1452 1330 1478 μενον·
1347 1443 1451 1470 ἐκείνου
1465 1442 1493 1469 δὲ
1505 1442 1637 1473 εἰπόντος,
1655 1441 1774 1468 θανάτου
1790 1441 1843 1467 καὶ
1857 1449 1894 1466 τι·

1101 1490 1208 1525 μωρίας
1233 1489 1362 1525 ὶσχάτης,
1378 1486 1454 1516 εἶπεν
1465 1489 1480 1515 6
1491 1487 1646 1522 σοφώτατος
1661 1487 1750 1522 ἁνήρ·
1771 1497 1780 1512 ι
1799 1487 1833 1512 Τί
1850 1484 1894 1512 (ὧν

1100 1536 1150 1562 οὐκ
1173 1536 1207 1563 ἃν
1223 1535 1308 1563 πάθοι
1319 1535 1431 1566 δικαίως
1457 1534 1611 1569 ἄνθρωπος,
1636 1534 1682 1560 τὸν
1703 1534 1754 1568 μὲν
1778 1533 1896 1568 Ποιητὴν

1100 1582 1148 1609 καὶ
1172 1581 1343 1616 Δημιουργδν
1371 1579 1595 1615 καταλιμπάνων,
1617 1579 1666 1606 ἕνα
1695 1579 1723 1605 δὲ
1751 1579 1808 1605 τῶν
1834 1580 1896 1612 ὁμο⁹

1103 1629 1205 1656 δούλων
1224 1627 1366 1659 θεοποιῶν,
1388 1628 1436 1653 καὶ
1457 1626 1487 1653 τὸ
1502 1626 1675 1661 ὀφειλόμενον
1699 1625 1799 1660 ἐκείνῳ
1815 1625 1895 1656 σέϐας

1103 1676 1191 1710 τούτῳ
1215 1673 1398 1709 προσφέρων;
1418 1681 1428 1698 ι
1451 1673 1614 1706 Χαλεπήνας
1628 1671 1660 1707 δὴ
1680 1670 1728 1698 οὖν
1751 1672 1822 1706 πρὸς
1835 1671 1897 1703 τοὺς

1104 1721 1241 1750 τοιούτους
1253 1719 1348 1752 λόγους
1361 1719 1374 1744 6
1384 1717 1519 1752 βασιλεὺς,
1534 1716 1620 1743 εἴκοσι
1634 1715 1778 1750 καλάμους
1790 1714 1898 1747 όξῦνας,

1105 1768 1160 1797 τοῖς
1182 1766 1236 1792 τῶν
1261 1763 1361 1799 χειρῶν
1389 1764 1436 1790 καὶ
1463 1762 1518 1789 τῶν
1534 1761 1623 1788 ποδῶν
1649 1760 1728 1798 [248]
1756 1761 1898 1794 ὲνέπειρεν

1105 1812 1206 1844 δνυξιν.
1229 1810 1337 1845 *Επειδὴ
1350 1809 1378 1836 δὲ
1395 1809 1468 1844 ἑώρα
1484 1809 1610 1842 παίγνιον
1619 1808 1668 1843 τὴν
1682 1807 1823 1842 τιμωρίαν
1835 1807 1898 1832 ὐπο-

261 1859 450 1894 λαμϐἁνοκντα.
470 1859 563 1896 ἕτερον
596 1858 630 1887 αὖ
655 1860 735 1888 πάλιν
755 1860 879 1895 κάλαμον
902 1859 1010 1892 ὁξύνας,
1046 1859 1158 1887 ἐνέϐαλε
1179 1857 1219 1893 τῷ
1245 1856 1396 1891 παιδογόνῳ
1423 1855 1528 1890 μορίῳ,
1565 1855 1612 1881 καὶ
1636 1853 1732 1880 τοῦτον
1774 1852 1897 1887 συνεχῶς

262 1905 378 1940 ἐξαίρων
392 1906 440 1932 καὶ
452 1907 574 1942 ὲνείρων,
590 1907 725 1943 ἀρρήτους
739 1907 813 1939 τινὰς
827 1908 975 1943 ἀλγηδόνας
991 1908 1144 1943 εἰργάζετο.
1171 1905 1248 1933 Μετὰ
1261 1905 1341 1941 τήνδε
1373 1904 1424 1940 τὴν
1445 1902 1591 1938 τιμωρίαν,
1623 1903 1638 1928 6
1670 1901 1810 1935 δυσσεϐὴς
1853 1903 1898 1927 καὶ

263 1950 400 1986 θηριώδης
417 1951 514 1986 ράὂδον
535 1953 750 1987 παχεῖαν,δζους
767 1953 899 1980 πάντοθεν
926 1953 1049 1988 ἔχουσαν,
1085 1953 1152 1979 εἵσω
1178 1952 1266 1978 θεῖναι
1279 1951 1303 1967 ⁹¹
1331 1950 1377 1977 διὰ
1400 1950 1449 1985 τῆς
1471 1948 1553 1984 ἔδρας
1578 1947 1742 1975 ἐκέλευσεν·
1772 1947 1845 1973 οὔτω
1868 1947 1898 1973 τὸ

263 1997 371 2033 πνεῦμα
384 1998 542 2034 παρέδωκεν
557 2000 571 2026 6
585 2001 708 2034 γενναῖος
720 1995 883 2037 ἀγωνιστής.
910 2001 964 2028 Καὶ
984 2000 1052 2028 ἄλλα
1070 2000 1098 2027 δὲ
1117 2000 1201 2036 μυρία
1216 1998 1330 2026 τοιαῦτα
1347 1998 1412 2033 παρ’
1426 1997 1539 2024 ἐκείνων
1573 1995 1711 2031 ἐτολμήθη
1741 1995 1798 2022 τῶν
1835 1995 1898 2021 8-m-

265 2042 361 2070 σεϐῶν,
379 2043 422 2069 Οὑ-
431 2044 485 2079 χρὴ
502 2044 531 2071 δὲ
543 2045 692 2081 θαυμάζειν
708 2046 749 2073 ὅτι
762 2046 812 2082 τῆς
828 2047 940 2074 ἐκείνων
953 2047 1099 2082 θηριωδίας
1115 2047 1163 2073 καὶ
1183 2045 1342 2076 δυσσεϐείας
1357 2044 1482 2079 ἀνέχεται
1514 2044 1529 2070 6
1559 2042 1612 2069 τῶν
1644 2042 1715 2068 ὅλων
1749 2041 1898 2076 Πρύτανις.

265 2088 319 2114 Καὶ
335 2089 389 2124 γὰρ
408 2090 462 2125 πρὺ
502 2092 552 2126 τῆς
577 2091 784 2119 Κωνσταντίνου
820 2093 866 2119 τοῦ
909 2094 1029 2128 μεγάλου
1063 2092 1224 2128 βασιλείας,
1250 2092 1306 2119 ὅσοι
1338 2091 1468 2126 Ῥωμαῖοι
1497 2089 1623 2124 ἐγένοντο
1650 2087 1795 2123 βασιλεῖς,
1828 2087 1900 2113 κατα

263 2134 317 2160 τῶν
347 2134 487 2163 θιασωτῶν
516 2139 565 2173 τῆς
584 2137 714 2173 ἀληθείας
743 2138 904 2174 ὲλύττησαν.
935 2138 1125 2173 Διοκλητιανὺς
1147 2138 1176 2164 δὲ
1196 2139 1226 2164 ἐν
1251 2139 1284 2174 τῇ
1315 2137 1362 2164 τοῦ
1387 2136 1524 2171 σωτηρίου
1577 2135 1681 2167 πάθους
1717 2135 1814 2170 ἡμέρᾳ
1851 2134 1901 2166 τὰς

263 2183 292 2208 ὲν
308 2183 399 2219 ἁπάσῃ
413 2185 445 2219 τῇ
469 2184 611 2220 Ῥωμαίων
626 2187 759 2222 ἡγεμονία
785 2186 933 2213 κατέλυσεν
948 2186 1105 2221 ἐκκλησίας.

301 2229 342 2265 [Β.
364 2229 403 2257 St.
417 2229 474 2266 40]
492 2230 544 2258 Sed
560 2231 640 2258 annis
664 2240 761 2259 novem
779 2233 895 2265 exactis,
911 2233 966 2260 illa:
988 2241 1048 2260 rnr-
1065 2233 1090 2262 υ

264 2282 313 2302 sus
328 2275 492 2308 ﬂoruerunt,
522 2277 663 2311 multoque
694 2277 827 2311 majorem
845 2284 871 2305 et
891 2278 1050 2314 amplitudi-

264 2330 326 2350 nem
340 2327 367 2349 et
382 2326 510 2349 ornatum
524 2322 630 2357 adeptae
648 2328 723 2355 sunt,
736 2328 762 2350 et
783 2328 916 2358 tyrannus
928 2325 972 2351 ille
987 2332 1051 2351 cum

1145 2231 1216 2258 Ἀλλ’
1231 2230 1308 2258 ἐννέα
1333 2230 1528 2265 διεληλυθότων
1542 2229 1620 2260 ἑτῶν,
1639 2229 1721 2256 αὐταὶ
1750 2229 1802 2263 μὲν
1818 2228 1899 2263 ἤνθη-

1103 2286 1161 2310 σαν,
1176 2277 1222 2303 καὶ
1236 2276 1436 2303 πολλαπλάσιον
1454 2275 1577 2307 ἐδέξαντο
1596 2274 1713 2310 μέγεθός
1724 2282 1758 2300 τε
1775 2274 1825 2300 καὶ
1841 2274 1900 2300 καλ-

1107 2325 1157 2355 λος·
1179 2324 1282 2354 ἐκεῖνος
1299 2323 1327 2349 δὲ
1341 2322 1409 2357 μετὰ
1421 2322 1470 2357 τῆς
1485 2320 1644 2352 δυσσεϐείας
1659 2320 1833 2355 ἀπεσϐέσθη.
1847 2321 1899 2347 Καὶ

265 2369 406 2404 impietate
436 2376 486 2395 sua
508 2369 600 2403 periit.
630 2369 703 2396 Bella
726 2377 810 2404 porro
835 2370 1002 2405 hujusmodi.
1025 2373 1049 2397 et

1103 2370 1166 2401 τοὺς
1186 2369 1321 2404 πολέμους
1337 2368 1366 2395 δὲ
1382 2369 1494 2400 τούτους
1517 2367 1684 2404 προείρηκεν
1706 2367 1720 2393 6
1748 2367 1898 2401 Δεσπότης,

264 2413 394 2441 Ecclesiae
418 2413 504 2440 robur
532 2413 662 2440 invictum
694 2414 817 2447 praedixit
843 2413 985 2443 Dominus.
1013 2416 1053 2443 Ac

265 2466 308 2486 res
324 2459 391 2494 ipsa:
416 2465 467 2485 nos
492 2457 602 2490 docent,
625 2459 730 2494 1087
751 2459 812 2494 plus
833 2460 972 2487 commodi
994 2460 1054 2488 bel-

265 2505 317 2531 Ιυιιτ
348 2504 427 2531 nobis
446 2503 560 2537 aﬂerre,
588 2512 669 2540 quam
694 2513 800 2541 pacem.
826 2505 889 2533 Haec
914 2506 1050 2541 siquidem

266 2549 362 2589 molles
377 2556 428 2576 nos
449 2553 476 2576 et
494 2549 624 2582 immites,
640 2555 668 2578 et
685 2551 796 2578 timidos
820 2551 910 2578 reddit
924 2560 930 2577 :
951 2551 1050 2579 bellum

266 2601 331 2621 vero
354 2594 461 2622 animos
488 2596 572 2627 acuit,
598 2602 625 2624 et
652 2598 799 2632 praesentia
826 2601 956 2631 tanquam
979 2597 1051 2624 litua

265 2646 397 2674 spernere
416 2639 505 2668 docet.
525 2641 623 2669 Verum
652 2643 709 2670 haec
730 2649 780 2670 nos
799 2643 827 2670 in
845 2642 908 2670 aliis
923 2649 994 2678 saepe
1017 2643 1048 2670 Ii-

266 2684 324 2712 bris
337 2685 528 2714 disseruimus.

1104 2414 1192 2441 καὶτὸ
1205 2415 1255 2449 τῆς
1275 2414 1439 2449 Ἐκκλησίας
1455 2414 1601 2449 ἀήττητον.
1617 2413 1671 2439 Καὶ
1691 2412 1764 2438 αὐτὰ
1778 2413 1809 2439 δὲ
1828 2413 1900 2447 ἡμᾶς

1104 2461 1225 2487 διδάσκει
1241 2460 1275 2487 τὰ
1287 2460 1448 2496 πράγματα,
1465 2460 1503 2491 ὡς
1519 2459 1630 2486 πλείονα
1645 2459 1712 2493 ἡμῖν
1721 2459 1774 2494 τῆς
1790 2460 1900 2494 εἰρήνης

1104 2507 1118 2533 6
1148 2506 1266 2541 πόλεμος
1299 2506 1404 2542 πορίζει
1438 2506 1488 2542 τὴν
1522 2505 1666 2540 ὠφέλειαν.
1698 2505 1730 2531 'H
1763 2505 1815 2540 μὲν
1849 2505 1899 2539 γὶρ

1106 2553 1207 2586 ἁδροὺς
1220 2553 1241 2567 ’⁷
1257 2553 1343 2587 ἡμᾶς,
1355 2552 1402 2578 καὶ
1415 2552 1570 2588 ἀνημέρους
1584 2552 1617 2583 ³⁸,
1633 2551 1680 2578 καὶ
1695 2551 1804 2582 δειλοὺς
1819 2552 1899 2586 ἀπερ-

1105 2597 1230 2631 γάζεταιο
1242 2599 1256 2624 ό
1271 2597 1298 2623 δὲ
1318 2597 1435 2632 πόλεμος
1451 2598 1486 2624 τά
1500 2606 1529 2624 τε
1544 2599 1710 2634 φρονήματα
1728 2597 1896 2632 παραθήγει,

1105 2644 1153 2670 καὶ
1171 2643 1227 2670 τῶν
1252 2644 1393 2680 παρόντων
1415 2644 1452 2675 ὡς
1464 2644 1580 2679 ῥεόντων
1594 2644 1806 2679 παρασκευάζει
1819 2651 1897 2670 κατα-

1105 2690 1224 2724 φρονεῖν.
1248 2689 1327 2716 Ἀλλὰ
1352 2689 1438 2716 ταῦτα
1463 2690 1513 2724 μὲν
1537 2689 1582 2716 καὶ
1598 2690 1627 2716 ὲν
1641 2689 1753 2725 ἑτέραις
1770 2697 1895 2724 πραγμα-

1107 2736 1193 2768 τείαις
1208 2736 1336 2768 πολλάκις
1352 2736 1512 2772 εἰρήκαμεν.

915 2823 1030 2851 νΑιιιιΕ
1046 2823 1245 2852 LECTIONES.

302 2866 324 2903 ξ’
337 2867 483 2903 εἰσῳθῆναι
494 2876 543 2903 pro
554 2868 736 2900 εἰσωθεϊσθαι,
754 2869 823 2896 bene
841 2877 903 2896 cutn
913 2870 1006 2897 Savilii
1024 2870 1116 2898 codice
1128 2872 1252 2898 rescribit
1270 2870 1403 2898 Valesius.

267 2901 289 2918 "
301 2901 468 2938 ἀνειμένους.

1452 2871 1475 2888 ⁸⁷
1494 2871 1604 2906 ἁϐρούς.
1622 2871 1707 2898 Basil.
1731 2879 1772 2906 gr.
1806 2870 1893 2905 Steph.

514 2904 576 2931 avil.
598 2903 695 2939 Epiph.
712 2903 747 2937 Χ,
764 2904 798 2931 54
813 2905 947 2938 remissos,
960 2905 1033 2940 quod
1051 2910 1123 2934 recte
1144 2907 1254 2941 prwlert
1267 2905 1402 2935 Valesius.
1415 2905 1436 2934 Δ
1455 2903 1567 2942 Nicepb.
1586 2907 1702 2934 omnino
1730 2903 1820 2933 abest.
