2036 3122
143 187 213 220 1285

751 184 953 216 RELlGIOSA
967 186 1160 221 HISTORIA.

1708 190 1776 223 1286

141 246 190 279 τὴν
207 243 317 278 μνήμην
335 242 492 278 ὰμὸλύνων,
507 242 558 268 οὐκ
575 241 607 269 ἄν
623 249 663 272 τις
680 240 745 275 ἡμῖν
767 240 878 272 εἰκότως
891 248 932 266 νε-

991 243 1070 271 rebus
1085 249 1176 272 autem
1193 250 1267 274 recte
1284 247 1369 281 gestis
1379 267 1386 279 ,
1401 246 1568 274 oblivionem
1587 247 1712 274 inferens
1725 267 1733 278 .
1747 251 1774 274 t-t

143 289 274 324 μεσήσειε
285 288 339 315 τῶν
367 287 497 322 φιλοθέων
522 286 627 322 ἀνδρῶν
645 286 693 321 τὴν
708 285 844 312 πολιτείαν
868 294 934 320 συγ-

143 333 262 369 γράφειν
282 331 477 368 ἐπιχειροῦσιν.
501 331 606 366 Ὥσπερ
633 330 687 365 γὰρ
709 330 733 356 οἱ
758 329 793 356 τὰ
821 328 935 363 σώματα

144 378 307 414 θεραπεύειν
317 377 530 412 πεπιστευμένοι
545 376 679 411 φάρμακα
688 374 933 407 κατασκευάζουσι,

143 426 179 460 τῇ
196 424 266 459 νόσῳ
277 423 468 459 πολεμοῦντες,
486 422 531 450 καὶ
549 423 603 453 τοῖς
617 421 766 456 κάμνουσιν
781 420 934 455 ἐπαμύνον-

143 478 190 501 τες
201 478 208 484 ·
228 470 314 501 οὕτως
324 469 371 496 καὶ
389 469 406 504 ἡ
423 469 473 504 τῆς
483 467 588 495 τοιᾶσδε
606 466 767 502 συγγραφῆς
782 465 937 500 φιλοπονία,

143 513 201 542 οἷόν
224 524 250 542 τι
276 515 421 550 φάρμακον
449 513 610 547 ἀλεξίκακον
634 512 756 547 γίνεται,
775 511 860 547 λήθης
876 511 932 538 ἐπί-

145 562 252 594 ϐουλον,
270 561 316 588 καὶ
346 560 454 595 μνήμης
483 559 639 594 ἐπίκουρον.
665 557 726 589 Πῶς
751 557 804 592 γὰρ
830 556 862 583 ἂν
888 555 937 583 οὐκ

145 609 256 638 ἄτοπον,
277 605 391 641 ποιητὰς
409 606 457 640 μέν
485 605 532 631 καὶ
559 604 733 639 συγγραφέας
749 602 798 634 τὰς
812 603 840 628 ἐν
859 601 938 628 πολέ-

148 660 209 687 μοις
226 650 409 684 ἀνδραγαθίας
423 649 593 685 συγγράψαι,
608 648 826 683 τραγῳδοποιοὺς
846 646 874 673 δὲ
888 646 937 678 τὰς

146 698 238 730 καλῶς
254 697 448 733 κεκρυμμένας
474 695 616 732 συμφορὰς
636 695 781 730 προφανῶς
796 693 938 729 τραγῳδῆ-

147 745 257 778 σαι,κα“ι
272 744 375 770 τούτων
387 742 434 778 τὴν
451 743 560 778 μνήμην
578 742 750 778 ἀνάγραπτον
763 740 936 767 καταλιπεῖν·

146 791 243 822 ἄλλους
268 790 297 816 δέ
327 798 403 821 τινας
427 789 467 821 είς
500 788 646 824 κωμῳδίαν
673 788 719 815 καὶ
741 787 846 822 γέλωτα
873 794 940 813 κατ-

147 836 284 863 αναλῶσαι
295 836 358 867 τοὺς
370 835 480 869 λόγους·
495 835 569 869 ἡμᾶς
581 834 609 860 δέ
621 834 750 869 περιιδεῖν
765 833 836 870 λήθῃ
852 841 940 869 παρα-

148 882 304 917 διδομένους
320 881 419 916 ἄνδρας
442 881 470 907 ὲν
487 880 593 914 σώματι
609 879 698 915 θνητῷ
710 888 740 906 τε
762 879 809 906 καὶ
825 877 939 913 παθητῷ

148 928 283 955 ἀπάθειαν
297 926 542 962 ἐπιδεδειγμένους,
559 927 607 952 καὶ
629 926 678 961 τὴν
691 926 836 960 ἀσώματον
854 925 935 959 φύσιν
952 915 972 943 Β

147 973 338 1009 ἐζηλωκότας
355 972 438 998 Ποίαν
461 971 488 998 δὲ
505 971 556 998 οὐκ
583 971 616 997 ἂν
631 971 742 1003 δικαίως
761 970 885 1006 τίσαιμεν
899 969 936 996 δί-

148 1028 199 1055 κην
216 1019 271 1046 τῶν
300 1018 474 1052 ὰξιαγάστων
499 1016 601 1043 τούτων
617 1016 730 1051 ἀγώνων
755 1016 936 1052 περιορῶντες

148 1063 363 1100 ἀμαυρουμένην
374 1063 424 1099 τὴν
439 1063 570 1098 μνήμην;
588 1063 613 1089 εί
625 1063 679 1097 γὰρ
694 1063 769 1089 αὐτοὶ
782 1062 836 1089 τῶν
854 1061 938 1089 πάλαι

149 1110 342 1145 γεγενημένων
357 1109 444 1144 ἁγίων
457 1109 506 1144 τὴν
518 1110 607 1144 ἄκραν
623 1108 783 1143 φιλοσοφίαν
798 1107 937 1144 ζηλώσαν-

148 1165 203 1188 τες,
219 1156 249 1182 οὐ
270 1155 363 1191 χαλκῷ
379 1156 426 1182 καὶ
444 1155 589 1190 γράμμασι
605 1154 655 1190 τὴν
677 1155 789 1182 ἐκείνων
814 1154 939 1181 ἐνεκόλα-

148 1203 201 1237 dav
233 1202 354 1237 μνήμην,
370 1201 438 1228 ἀλλὰ
464 1201 554 1228 πᾶσαν
569 1200 659 1227 αὐτῶν
674 1200 722 1236 τὴν
737 1199 837 1236 ἀρετὴν
857 1200 940 1235 ἐκμα-

148 1247 269 1282 Εάμενοι,
286 1243 341 1273 οἷόν
357 1254 432 1278 τινας
443 1245 549 1277 εἰκόνας
563 1245 652 1272 αὐτῶν
662 1245 800 1280 ἐμψύχους
814 1245 860 1271 καὶ
872 1245 937 1281 στή-

148 1292 196 1324 λας
210 1293 280 1326 σφᾶς
289 1293 388 1324 αὐτοὺς
403 1292 578 1328 πεποιήκασι,
586 1291 666 1323 ποίας
680 1291 713 1318 ἂν
722 1292 802 1327 ἡμεῖς
811 1291 939 1326 τύχοιμεν

149 1338 262 1370 εἰκότως
289 1336 465 1372 συγγνώμης,
487 1336 555 1372 μηδὲ
581 1336 726 1372 γράμμασι
746 1336 790 1363 τὸν
818 1336 939 1370 ἀοίδιμον

148 1385 250 1410 τούτων
262 1384 439 1419 γεραίροντες
470 1382 544 1416 βίον;
559 1383 613 1409 Καὶ
622 1382 709 1409 ταῦτα
719 1382 773 1408 τῶν
787 1382 816 1408 ἐν
839 1381 938 1417 Ὀλυμ·-

149 1429 243 1456 πίασιν
255 1428 462 1464 ἀγωνιζομένων
475 1427 599 1463 ἀθλητῶν
609 1436 638 1454 τε
652 1428 698 1454 καὶ
709 1427 939 1463 παγκρατιαστῶν

150 1475 237 1502 εἰκόσι
251 1474 424 1510 τιμωμένων,
434 1474 481 1501 καὶ
499 1474 589 1509 μέντοι
605 1474 657 1500 κᾶν
669 1474 729 1505 ταῖς
747 1473 938 1508 ἱπποδρομίαις

148 1520 204 1548 τῶν
218 1519 374 1555 νικηφόρων
395 1519 619 1554 ἀναφαινομένων
642 1519 758 1554 ἡνιόχων
782 1519 862 1546 τοῦτο
874 1519 939 1545 αὐτὸ

148 1566 302 1602 δεχομένων
315 1565 346 1592 τὸ
357 1565 452 1601 γέρας.
465 1565 501 1592 Οὐ
521 1566 600 1600 μόνον
615 1565 642 1591 δέ
661 1564 787 1597 τούτους·
801 1564 868 1591 ἀλλὰ
892 1564 938 1591 καὶ

151 1613 293 1646 συγγενεῖς
316 1611 426 1647 ἄνδρας,
452 1612 499 1639 καὶ
529 1611 684 1647 θηλυδρίας,
702 1612 748 1638 καὶ
771 1611 939 1646 ἀμφιϐόλους

149 1658 205 1685 εἴτε
221 1658 315 1694 ἄνδρες
329 1655 383 1684 εἷεν
405 1658 460 1684 εἴτε
491 1659 630 1692 γυναῖκες,
649 1658 673 1684 οἱ
692 1658 742 1692 τῆς
758 1657 859 1684 τούτων
870 1657 939 1684 θεω-

152 1704 215 1739 ρίας
235 1703 429 1739 φιλοθεάμονες
452 1704 510 1735 ταῖς
542 1703 647 1730 σανίσιν
675 1703 877 1738 ἐγγράφουσιν,
893 1703 940 1729 ἐπὶ

151 1750 278 1777 πλεῖστον
295 1750 384 1777 αὐτῶν
398 1750 446 1784 τὴν
465 1749 575 1785 μνήμην
599 1749 741 1784 διαρκέσαι
757 1748 939 1782 φιλονεικοῦν-

150 1804 207 1827 τες.
224 1796 319 1822 Καίτοι
331 1796 379 1831 τῆς
395 1796 506 1831 μνήμης
520 1794 610 1830 λώὸην
623 1796 683 1826 ταῖς
699 1794 798 1830 ψυχαῖς
811 1795 860 1822 οὐκ
876 1794 939 1830 ὄνη-

153 1850 196 1868 σιν
219 1841 404 1877 ἐμποιούσης·
421 1841 477 1868 ἄλλ’
494 1842 568 1876 ὅμως
582 1842 607 1867 οἱ
628 1841 677 1875 μὲν
701 1841 802 1867 τούτων
824 1840 941 1876 ἐρῶντες

152 1887 274 1919 τούτους,
294 1889 318 1914 οἱ
333 1887 361 1914 δὲ
392 1887 503 1914 ἐκείνων
526 1886 657 1920 ἐκείνους,
676 1886 722 1914 καὶ
747 1886 832 1913 ταῦτα
844 1886 941 1922 λυμαί-

153 1940 259 1964 νοντας,
272 1934 304 1967 τῇ
317 1932 461 1968 ζωγραφίᾳ
476 1931 646 1966 γεραίρουσι.
666 1932 720 1958 Καὶ
736 1931 828 1966 ἐπειδὴ
842 1931 941 1967 θνητὴν

152 1976 234 2004 οὖσαν
247 1978 261 2004 ὸ
271 1977 384 2010 θάνατος
398 1978 446 2013 τὴν
461 1977 541 2012 φύσιν
554 1976 688 2012 λητζεται,
698 1975 831 2013 χρώματα
845 1985 942 2012 κεραν-

153 2023 258 2055 νύντες,
279 2024 324 2051 καὶ
346 2023 381 2050 τὰ
397 2023 509 2050 ἐκείνων
532 2024 590 2054 ταῖς
617 2023 721 2049 σανίσιν
738 2022 886 2054 ὲντιθέντες
908 2023 943 2050 ἱν-

152 2068 289 2104 δάλματα,
305 2068 394 2104 πολλῷ
412 2069 460 2104 τῆς
476 2068 549 2103 ζωῆς
565 2068 738 2104 μακροτέραν
752 2067 878 2102 γενέσθαι
892 2067 942 2103 τὴν

157 2116 267 2151 μνήμην
285 2114 448 2150 σοφίζονται.
465 2115 561 2150 Ἡμεῖς
573 2114 602 2141 δὲ
613 2115 670 2150 βίον
681 2115 732 2149 μὲν
749 2114 942 2151 συγ-γράφομεν

155 2161 314 2196 φιλοσοφίας
340 2160 508 2193 διδάσκαλον,
529 2161 576 2187 καὶ
596 2160 645 2196 τὴν
669 2162 697 2187 ἐν
723 2160 846 2196 οὐρανοῖς
868 2160 944 2187 πολι-

155 2204 230 2233 τείαν
248 2206 421 2241 ἐζηλωκότα’
439 2207 639 2243 ζωγραφοῦμεν
653 2206 681 2233 δὲ
693 2206 722 2233 οὐ
741 2206 794 2233 τῶν
809 2208 942 2242 σωμάτων

986 287 1142 316 obscuratis
1154 290 1314 317 memoriam
1325 310 1332 322 ,
1350 298 1431 317 nemo
1442 290 1506 324 jure
1521 298 1570 318 nos
1589 291 1773 326 reprehende—

985 332 1043 364 rit,
1067 332 1141 367 quod
1158 333 1264 368 piorum
1281 335 1403 361 virorum
1421 333 1523 368 Deique
1543 335 1693 362 amantium
1713 336 1775 363 vitae

986 378 1110 405 instituta
1123 380 1244 407 scribere
1259 379 1444 415 aggredimur.
1455 379 1690 413 Quemadmodum
1700 382 1774 409 enim

987 424 1024 456 ii,
1046 432 1164 460 quorum
1189 425 1251 453 ﬁdei
1277 425 1381 453 credita
1406 433 1553 461 corporum
1581 430 1624 453 est
1649 428 1773 459 curatio,

987 471 1185 499 medicamenta
1209 476 1389 507 comparant,
1407 479 1469 498 cum
1487 471 1583 498 morbo
1605 472 1706 500 bellqu
1728 480 1774 507 ge-

991 520 1083 544 rentes
1095 536 1102 549 ,
1120 520 1146 543 et
1163 517 1197 543 iis
1216 517 1262 551 qui
1279 516 1405 543 laborant
1424 516 1542 544 ferentes
1564 517 1695 544 auxilium
1710 527 1717 544 :
1736 518 1774 544 ita

988 569 1049 596 quae
1063 562 1091 589 in
1108 562 1151 590 his
1163 562 1372 590 conscribendis
1397 562 1508 597 ponitur
1525 562 1662 590 industria
1675 583 1683 595 ,
1702 564 1776 590 salu-

989 606 1057 633 taris
1084 607 1227 642 cujusdam
1251 607 1339 634 instar
1359 610 1403 634 est
1427 606 1641 639 medicamenti,
1663 607 1733 642 quod
1749 613 1777 635 et

990 652 1122 680 oblivioni
1138 653 1294 684 insidiatur,
1310 657 1338 680 et
1359 661 1436 688 opem
1462 653 1515 681 fert
1534 654 1682 680 memoriae.
1701 654 1777 687 Quo-

989 698 1071 726 modo
1087 699 1159 726 enim
1177 698 1326 727 absurdum
1345 706 1400 726 non
1418 700 1467 731 sit,
1483 703 1511 726 ut
1525 703 1611 733 poeta:
1623 699 1734 734 quidem
1749 703 1777 726 ct

990 744 1115 771 historici
1133 752 1164 772 ea
1180 745 1359 772 conscribant
1377 753 1438 780 qua:
1453 746 1479 771 ir.
1492 745 1563 772 bello
1577 744 1684 772 fortiter
1700 749 1776 779 gesta

991 794 1055 817 sunt
1070 810 1077 823 ,
1095 794 1122 818 et
1139 791 1234 826 tragici
1252 797 1324 819 recte
1336 791 1440 818 celatas
1456 791 1626 818 calamitates
1638 791 1666 818 in
1685 791 1778 825 publi-

991 843 1053 862 eum
1076 835 1235 870 proferant,
1254 843 1404 871 earumque
1423 835 1537 871 scriptis
1561 835 1716 862 mandatam
1732 843 1778 862 re—

992 878 1119 913 linquant
1134 879 1296 905 memoriam
1313 887 1320 911 ;
1343 879 1467 905 nonnulli
1483 879 1564 905 etiam
1582 878 1608 904 in
1633 878 1778 905 corntediis

987 925 1125 960 rebusque
1141 924 1267 952 ridiculis
1283 925 1424 952 orationes
1444 929 1609 952 consumant
1624 933 1631 952 ς
1646 932 1697 952 nos
1712 932 1778 952 vero

986 971 1116 999 oblivioni
1129 971 1199 998 tradi
1213 972 1336 999 sinamus
1350 971 1424 998 viros
1435 992 1442 1002 ,
1457 971 1505 1005 qui
1522 970 1549 997 in
1571 979 1686 1005 corpore
1703 978 1778 998 mor-

989 1018 1036 1045 tali
1055 1018 1199 1053 et1101
1216 1017 1322 1053 patibili
1339 1017 1572 1052 impatibilitatem
1585 1017 1776 1048 ostenderunt,

988 1069 1015 1092 et
1030 1064 1224 1099 incorpoream
1250 1063 1373 1091 aamulati
1406 1067 1472 1091 sunt
1497 1062 1644 1090 naturam?
1670 1062 1779 1098 Ecquas

989 1118 1054 1138 vero
1072 1118 1169 1146 poenas
1196 1118 1252 1138 non
1276 1111 1374 1137 merito
1391 1110 1548 1138 dederimus
1559 1130 1566 1143 ,
1586 1110 1610 1137 si
1627 1110 1776 1138 admirabi-

987 1158 1054 1185 lium
1078 1157 1193 1186 istorum
1209 1157 1393 1184 certaminum
1417 1157 1494 1184 nihili
1522 1156 1658 1184 faciamus
1676 1157 1778 1184 obscu-

988 1203 1043 1230 rari
1062 1203 1241 1230 memoriam?
1266 1202 1334 1230 Nam
1362 1210 1425 1230 cum
1451 1203 1503 1238 ipsi
1525 1203 1679 1238 priscorum
1706 1210 1773 1230 san-

987 1253 1098 1277 ctorum
1119 1257 1255 1276 summam
1273 1249 1396 1276 aemulati
1410 1249 1612 1284 philosophiam
1626 1268 1634 1281 ,
1651 1256 1705 1276 non
1725 1256 1781 1277 aere

988 1302 1021 1322 ac
1042 1294 1142 1322 litteris
1169 1294 1278 1321 illorum
1307 1293 1506 1328 insculpserint
1523 1294 1702 1327 memoriam,
1730 1294 1777 1321 sed

988 1347 1095 1368 omnem
1119 1340 1228 1367 illorum
1258 1340 1447 1375 exprimentes
1467 1338 1617 1369 virtutem.
1642 1339 1780 1367 animatas

988 1385 1121 1420 quasdam
1136 1392 1232 1412 eorum
1255 1384 1389 1419 imagines
1408 1388 1436 1412 et
1455 1387 1563 1411 statuas
1587 1384 1694 1419 seipsos
1714 1383 1780 1411 effe-

988 1430 1076 1457 cerint
1093 1439 1099 1457 :
1120 1436 1245 1464 quzeuam
1272 1429 1353 1456 nobis
1373 1429 1437 1463 jure
1454 1427 1564 1456 dabitur
1578 1428 1677 1460 venia.
1700 1429 1722 1456 si
1746 1435 1780 1456 ne

989 1475 1089 1502 litteris
1109 1475 1219 1510 quidem
1247 1475 1380 1510 insignem
1400 1482 1495 1502 eorum
1520 1475 1604 1501 vitam
1627 1482 1780 1510 prosequa-

990 1520 1070 1548 mur?
1092 1521 1177 1556 quue
1199 1528 1262 1547 cum
1280 1520 1390 1547 athletae
1404 1525 1430 1547 et
1444 1519 1654 1554 pancratiastae,
1681 1519 1728 1554 qui
1751 1520 1779 1546 in

989 1566 1143 1602 Olympieis
1166 1566 1330 1598 decertant,
1355 1565 1526 1593 honorentur
1552 1567 1670 1598 statuis,
1698 1570 1726 1593 et
1751 1565 1780 1592 in

990 1620 1123 1645 equorum
1139 1612 1301 1645 curriculis,
1317 1613 1326 1623 θ
1341 1612 1388 1647 qui
1409 1612 1528 1639 victores
1548 1611 1652 1639 fuerint
1678 1612 1781 1647 auriga:

990 1659 1060 1686 idem
1092 1658 1233 1693 praemium
1269 1657 1415 1692 accipiant.
1459 1656 1551 1692 Neque
1590 1657 1640 1685 hos
1671 1658 1779 1687 solum.

990 1705 1036 1733 sed
1056 1705 1203 1732 muliebres
1227 1703 1309 1731 etiam
1328 1704 1403 1731 viros
1425 1707 1452 1731 et
1477 1703 1667 1736 effeminatos,
1695 1708 1723 1731 et
1747 1704 1783 1731 de

989 1751 1090 1786 quibus
1119 1750 1206 1779 virine
1239 1750 1295 1778 sint
1327 1757 1361 1777 an
1390 1750 1519 1777 mulieres
1548 1749 1704 1782 incertum,
1734 1750 1780 1784 qui

990 1796 1086 1824 horum
1115 1796 1279 1831 spectaculis
1316 1795 1504 1828 delectantur,
1543 1795 1572 1822 in
1601 1794 1701 1822 tabulis
1734 1795 1782 1822 de-

990 1841 1123 1876 pingunt,
1154 1841 1319 1875 illorumque
1349 1840 1507 1867 memoriam
1535 1839 1695 1874 longissimo
1714 1843 1784 1867 tem—

991 1894 1057 1922 pore
1088 1892 1254 1913 conservare
1281 1885 1400 1912 student.
1418 1883 1450 1911 Et
1468 1884 1532 1912 licet
1563 1885 1693 1912 memoria
1723 1886 1779 1913 haec

991 1933 1090 1960 animis
1126 1931 1258 1959 damnum
1294 1930 1407 1963 εστι-ιιι,
1447 1938 1501 1958 non
1534 1931 1780 1958 emolumentum:

991 1983 1112 2006 attamen
1134 1978 1185 2006 hos
1210 1977 1320 2012 quidem
1346 1977 1393 2012 qui
1417 1977 1468 2006 hos
1496 1981 1608 2010 amant,
1632 1977 1692 2004 illos
1717 1985 1782 2005 vero

991 2024 1038 2058 qui
1068 2023 1146 2056 illos,
1187 2022 1314 2058 quamvis
1344 2023 1474 2048 damnum
1498 2020 1658 2052 afferentes.
1695 2022 1782 2057 pictil-

992 2070 1032 2097 ris
1062 2069 1201 2096 honorant
1229 2077 1237 2095 :
1265 2071 1293 2095 et
1321 2068 1450 2102 quoniam
1481 2068 1625 2094 mortalem
1657 2071 1782 2095 naturam

992 2122 1068 2141 mors
1094 2113 1279 2148 depraedatur,
1301 2112 1408 2139 colorer
1437 2115 1639 2146 temperantes,
1664 2112 1780 2147 efﬁgies-

992 2168 1044 2195 que
1058 2159 1168 2186 illorum
1185 2158 1287 2185 tabulis
1303 2157 1476 2192 imponentes
1489 2178 1496 2190 ,
1516 2157 1652 2184 rationem
1671 2158 1782 2192 excogi-

992 2209 1051 2233 tant
1065 2212 1119 2240 qua
1150 2204 1195 2231 fiat
1224 2210 1321 2230 eorum
1350 2202 1481 2230 memoria
1509 2202 1590 2237 longe
1616 2210 1699 2237 quam
1727 2204 1782 2230 vita

155 2252 218 2282 τοὺς
229 2251 416 2288 χαρακτῆρας,
431 2251 489 2277 οὐδὲ
510 2251 544 2278 τὰ
567 2251 671 2278 τούτων
689 2251 874 2286 ἐκτυπώματα
886 2252 940 2283 τοῖς

994 2250 1163 2278 diuturnior.
1191 2248 1248 2276 Nos
1262 2252 1354 2275 autem
1381 2248 1466 2275 vitam
1492 2249 1640 2276 scribimus
1660 2249 1782 2283 philoso-

157 2297 298 2330 ἀγνοοῦσιν
323 2297 525 2333 ἐπιδείκνυμεν
540 2297 608 2324 ἀλλὰ
626 2297 679 2324 τῶν
703 2297 826 2333 ἀοράτων
849 2297 942 2333 ψυχῶν

157 2342 206 2373 τὰς
224 2342 294 2373 ίδέας
320 2342 559 2378 σκιαγραφοῦμεν,
578 2341 625 2368 καὶ
651 2342 783 2377 πολέμους
813 2342 943 2374 ἀθεάτους

159 2387 205 2414 καὶ
225 2387 384 2423 συμπλοκάς
399 2389 512 2422 ἀφανεῖς
524 2386 724 2422 ἐπιδείκνυμεν.
743 2387 878 2423 Τοιαύτην
891 2388 944 2424 γὰρ

158 2436 250 2466 αὐτοῖς
267 2435 314 2462 καὶ
338 2435 387 2471 τὴν
414 2435 578 2470 παντευχίαν
599 2435 614 2461 ὁ
628 2434 678 2469 τῆς
693 2434 832 2468 φάλαγγος
855 2434 944 2461 αὐτῶν

161 2481 312 2515 στρατηγὸς
349 2481 395 2507 καὶ⁴
429 2480 575 2516 πρόμαχος
609 2480 779 2515 περιτέθεικε
821 2479 943 2511 Παῦλος·

163 2535 171 2551 ι
202 2525 362 2553 ’Λναλάϐετε
377 2526 430 2562 γὰρ
443 2547 450 2559 ,
468 2526 545 2562 φησὶ,
568 2525 617 2560 τὴν
642 2525 792 2552 πανοπλίαν
806 2525 853 2551 τοῦ
866 2524 944 2558 Θεοῦ,

160 2571 205 2599 ἴνα
223 2572 356 2607 δυνηθῆτε
383 2571 542 2607 ἀντιστῆναι
569 2572 597 2597 ἐν
625 2572 657 2606 τῇ
672 2571 763 2607 ἡμέρᾳ
783 2572 816 2606 τῇ
829 2571 944 2606 πονηρᾷ,

161 2618 209 2644 καὶ
233 2617 340 2644 ἅπαντα
361 2617 598 2653 κατεργασάμενοι
625 2617 730 2650 στῆναι.
751 2625 759 2641 i
777 2617 830 2643 Καὶ
845 2617 925 2643 πάλιν
938 2625 944 2631 ”

165 2673 174 2689 ι
195 2663 278 2698 Στῆτε
292 2661 338 2690 οὖν
352 2663 570 2699 περιζωσάμενοι
581 2662 630 2697 τὴν
647 2662 731 2695 ὀσφὺν
745 2661 822 2696 ὑμῶν
841 2662 869 2688 ἐν
879 2661 945 2696 άλη-

163 2709 234 2744 θείξι,
252 2710 300 2736 καὶ
317 2709 491 2744 ἐνδυσάμενοι
508 2708 552 2735 τὸν
571 2706 682 2742 θώρακα
701 2708 748 2741 τῆς
764 2707 945 2743 δικαιοσύνης,

163 2756 210 2782 καὶ
221 2755 418 2791 ὑποδησάμενοι
443 2756 505 2787 τοὺς
521 2754 602 2786 πόδας
622 2755 650 2780 ἐν
668 2754 812 2789 ἑτοιμασίᾳ
832 2753 880 2780 τοῦ
895 2754 931 2780 Εὐ

163 2801 290 2835 αγγελίου
305 2802 354 2836 τῆς
369 2802 496 2838 εἰρήνης,
518 2801 564 2828 ἐπὶ
587 2803 670 2829 πᾶσιν
697 2801 876 2834 ἀναλαϐόντες
903 2802 948 2828 τὸν

164 2847 260 2882 θυρεδν
275 2848 325 2883 τῆς
345 2848 509 2879 πίστεως.ὲν
528 2844 550 2882 ᾧ
571 2848 716 2884 δυνήσεσθε
734 2849 822 2876 πάντα
838 2849 870 2874 τὰ
884 2847 948 2884 βέλη

163 2892 211 2919 τοῦ
228 2892 346 2928 πονηροῦ
361 2893 396 2919 τά
413 2893 598 2928 πεπυρωμένα
620 2894 724 2927 σεέσαι,
743 2894 790 2921 καὶ
804 2894 853 2928 τὴν
873 2902 950 2929 περι-

994 2297 1064 2332 phiaz
1086 2296 1242 2331 magistram
1257 2315 1263 2328 ,
1290 2298 1318 2321 et
1332 2302 1393 2329 qua:
1411 2294 1484 2321 illam
1504 2293 1566 2321 vitae
1583 2294 1781 2321 institutionem

994 2343 1100 2371 imitata
1128 2345 1170 2368 est
1200 2348 1262 2375 qua:
1295 2340 1387 2375 agitur
1411 2338 1439 2366 in
1464 2339 1566 2366 cmlis:
1598 2338 1785 2367 describimus

995 2392 1085 2416 autem
1099 2394 1152 2414 non
1170 2386 1273 2421 ﬁguras
1290 2392 1438 2420 corporum
1453 2405 1460 2417 ,
1476 2392 1567 2420 neque
1582 2384 1639 2412 haec
1652 2392 1784 2419 expressa

996 2435 1030 2462 iis
1046 2432 1218 2462 ostendimus
1234 2432 1282 2467 qui
1309 2432 1437 2459 nesciunt
1454 2441 1461 2458 :
1488 2431 1537 2459 sed
1553 2431 1657 2458 formas
1683 2431 1783 2457 invisi-

995 2481 1090 2508 bilium
1107 2480 1264 2508 animarum
1282 2479 1493 2510 adumbrantus,
1510 2483 1536 2506 et
1552 2478 1622 2505 bella
1636 2484 1696 2512 qua:
1708 2476 1784 2503 cerni

996 2534 1050 2554 non
1071 2529 1204 2561 possunt,
1224 2526 1330 2561 1102
1345 2525 1544 2559 conflictusquc
1560 2524 1606 2559 qui
1623 2531 1676 2550 non
1701 2530 1784 2558 appa-

997 2577 1072 2605 rent,
1092 2572 1274 2599 ostendimus.
1290 2571 1347 2598 Tali
1365 2571 1437 2598 enim
1451 2579 1499 2598 eos
1516 2576 1656 2597 armatura
1674 2570 1785 2597 illorum

997 2618 1140 2653 phalangis
1159 2618 1214 2644 dux
1233 2623 1261 2645 et
1278 2618 1407 2652 princeps
1424 2617 1527 2644 Paulus
1552 2616 1642 2644 induit
1662 2617 1758 2644 dicetis
1775 2626 1783 2643 :

1001 2674 1009 2690 ι
1030 2664 1152 2698 Accipite
1169 2668 1336 2691 armaturam
1355 2664 1402 2691 Dei
1417 2685 1425 2697 ,
1445 2668 1473 2691 ut
1487 2663 1600 2698 possitis
1613 2664 1742 2691 resistere
1755 2664 1785 2691 in

998 2709 1042 2737 die
1055 2710 1127 2737 malo
1137 2731 1144 2743 ,
1160 2713 1187 2738 et
1204 2710 1332 2737 omnibus
1344 2710 1478 2737 confectis
1492 2713 1577 2737 stare.
1601 2719 1610 2734 ι
1626 2709 1655 2736 Et
1668 2717 1782 2737 rursus:

1002 2765 1011 2781 ι
1032 2755 1109 2782 State
1138 2756 1272 2783 succincti
1289 2755 1398 2783 lumbos
1415 2760 1522 2783 vestros
1544 2755 1675 2788 veritate,
1695 2759 1721 2782 et
1741 2755 1784 2782 in-

999 2801 1056 2829 duti
1071 2802 1183 2829 loricam
1200 2802 1316 2836 juslitia:
1329 2823 1336 2834 ,
1353 2806 1379 2830 et
1402 2801 1518 2829 calceati
1539 2801 1621 2836 pedes
1635 2801 1661 2828 in
1680 2809 1785 2836 praepa-

1000 2848 1108 2875 ratione
1137 2847 1278 2883 Evangelii
1308 2847 1400 2883 pacis,
1432 2848 1458 2874 in
1487 2847 1617 2874 omnibus
1644 2850 1783 2875 sumentes

1001 2899 1109 2922 scutum
1127 2893 1207 2929 (idci,
1225 2895 1252 2922 in
1276 2901 1331 2929 quo
1349 2894 1474 2930 poteritis
1488 2893 1580 2921 omnia
1598 2892 1651 2921 tela
1670 2891 1785 2929 maligni
