2036 3122
166 174 238 209 1289

768 175 974 208 RELIGIOSA
1006 175 1196 208 HISTORIA.

1721 175 1788 207 1290

168 236 260 270 aegon;
273 234 305 261 τὶ
326 234 489 270 αἰσθητήρια
502 234 668 266 κλείσαντες,
680 234 717 269 τῷ
738 234 776 269 νῷ
788 235 837 266 τὰς
852 235 952 261 τούτων

1006 235 1179 262 tradiderunt
1196 243 1203 260 :
1223 238 1250 261 et
1269 241 1356 268 neque
1373 233 1466 268 lingua
1485 239 1572 266 neque
1590 232 1661 259 labia
1683 233 1788 268 aperie-

168 281 336 316 ἐνεχείρισαν
369 279 461 311 κλεῖς·
488 280 536 306 καὶ
562 279 623 306 οὔτε
651 280 759 314 γλῶσσα
788 280 848 307 οὔτε
875 281 951 316 χείλη

168 327 321 361 ἀνεῴγνυτο
346 326 392 352 τοῦ
417 325 462 352 νοῦ
489 326 526 362 μὴ
551 326 724 357 κελεύοντος,
741 326 802 353 οὔτε
828 327 895 362 κόρη
916 327 952 361 μὴ

169 371 369 407 ἐπιτρεπομένη
398 371 564 407 προκύπτειν
578 372 631 398 τῶν
649 371 791 406 βλεφάρων
811 373 950 406 ἠνείχετο·

167 418 236 453 ἀκοὴ
255 418 282 444 δὲ
300 418 442 453 βλεφάροις
458 417 474 452 ἢ
492 417 608 453 χείλεσιν
629 417 801 452 ἀποτειχίσαι
874 417 953 444 δυνα-

170 463 238 499 μένη
251 464 299 499 τὴν
310 464 421 494 εἴσοδον,
437 464 500 495 τοὺς
515 464 644 498 ἀνοήτους
666 463 816 490 ἀπεωθεῖτο
833 464 887 490 τῶν
909 464 954 490 λό-

169 518 235 543 γων,
247 509 388 542 κάκείνους
413 510 520 544 ἐδέχετο
548 510 655 544 μόνους,
673 508 714 541 οἷς
728 511 742 536 ὁ
763 510 824 540 νοῦς
839 510 953 544 ἐπετέρ-

169 564 244 583 πετο.
260 556 336 582 Οὕτω
363 556 412 591 τὴν
436 556 569 591 ὄσφρησιν
585 556 748 582 ἐπαίδευσαν
770 556 806 591 μὴ
819 556 852 582 τὰ
866 555 952 591 εὐώδη

169 602 271 636 ποθεῖν,
284 601 332 628 ἆτε
348 602 380 637 δὴ
396 601 511 636 χαυνοῦν
527 602 573 628 καὶ
600 601 683 636 χαλᾷν
704 602 855 636 πεφυκότα.
875 601 953 628 υῦτω

167 648 217 682 τῆς
233 648 348 682 γαστρὸς
365 647 411 674 τὸν
426 647 507 683 κόρον
529 647 675 682 ἐξήλασαν,
687 647 734 674 καὶ
755 647 867 674 τοιαῦτα
883 647 952 682 λοιμ-

168 692 261 720 6ἀνειν
288 693 420 726 ἐδίδαξαν,
435 691 478 720 οἷα
493 693 541 728 οὐχ
561 693 668 728 ἡδονὴν,
681 693 750 719 ἀλλὰ
762 693 856 728 χρείαν
872 693 954 728 ἐπλή-

169 747 227 774 ρεο,
244 740 291 766 καὶ
312 739 397 766 ταῦτα
419 738 548 772 τοσαῦτα,
559 739 609 766 ὃσα
633 739 679 765 τὸν
696 739 729 766 ἐκ
742 739 822 774 λιμοῦ
838 738 953 766 κωλύειν

168 785 283 819 ἠδύνατο
299 785 421 812 θάνατον.
438 784 516 812 Οὕτω
539 785 589 820 τὴν
604 785 733 819 γλυκεῖαν
748 785 795 812 τοῦ
809 785 894 812 ὕπνου
907 793 953 811 τυ-

168 831 279 866 ραννίδα
289 831 449 863 κατέλυσαν,
466 832 513 858 καὶ
530 830 563 858 τὰ
580 831 704 866 βλέφαρα
726 831 773 866 τῆς
785 830 880 858 τούτου
893 831 953 857 δου-

166 876 242 909 λείας
268 876 510 911 ἐλευθερώσαντες,
526 878 638 912 κρατεῖν
662 877 722 903 ἀντὶ
741 876 789 903 τοῦ
817 876 952 903 δουλεύειν

165 921 341 953 ἐπαίδευσαν,
367 921 414 948 καὶ
443 921 569 956 δέχεσθαι
597 921 646 957 τὴν
661 922 727 956 παρ’
744 922 827 949 αὐτοῦ
847 922 950 958 χρείαν,

164 967 215 1001 οὐχ
240 967 304 993 ὅταν
329 965 408 997 αὐτὸς
424 966 505 998 ἐπίοι,
519 966 577 993 ἀλλ’
592 967 655 995 ὅταν
674 967 752 994 αὐτοὶ
769 967 888 994 καλῶσιν
912 968 952 999 είς

165 1012 295 1047 βραχεῖαν
317 1011 476 1047 ἐπικουρίαν
497 1012 546 1047 τῆς
570 1012 686 1046 φύσεως.
709 1012 786 1039 Οὕτω
808 1013 952 1047 τοιγαροῦν

165 1057 215 1092 τῆς
231 1057 284 1084 τῶν
299 1057 394 1092 τειχῶν
408 1057 454 1083 καὶ
467 1056 520 1082 τῶν
538 1057 629 1084 πυλῶν
656 1058 847 1093 φροντίσαντες
868 1058 952 1092 φυλα-

166 1104 227 1138 κῆς.
243 1104 290 1130 καὶ
314 1105 369 1135 τοῖς
395 1103 467 1130 ἔνδον
491 1103 630 1138 λογισμοῖς
645 1104 693 1139 τὴν
709 1105 833 1140 ὁμόνοιαν
849 1113 952 1140 πρυτα-

164 1149 320 1182 νεύσαντες,
334 1151 396 1182 τοὺς
411 1151 510 1183 ἔξωθεν
523 1151 648 1182 ἐπιόντας
663 1151 825 1182 ἀντιπάλους
839 1150 950 1184 ἐγέλων,

164 1195 313 1222 ἐπεισιέναι
328 1196 376 1230 μὲν
391 1196 436 1232 βίᾳ
447 1196 490 1223 διὰ
498 1197 546 1232 τὴν
556 1197 602 1232 τῆς
619 1197 693 1228 θείας
704 1197 813 1232 χάριτος
830 1197 860 1223 οὐ
871 1197 951 1224 δυνα-

166 1241 265 1275 μένους
295 1242 454 1276 ἀσφάλειαν,
477 1243 572 1269 οὐδένα
586 1243 615 1269 δὲ
632 1243 764 1278 προδότην
779 1243 952 1279 εὑρίσκοντες

164 1287 334 1322 εἰσδέχεσθαι
358 1289 421 1319 τοὺς
437 1288 577 1323 δυσμενεῖς
595 1287 807 1323 προαιρούμενον
819 1296 825 1302 “
843 1288 889 1315 καὶ
903 1288 952 1324 τὴν

164 1332 246 1366 φύσιν
261 1333 377 1368 ἀόρατον
391 1333 498 1368 ἔχοντες
510 1335 535 1360 οι
551 1333 682 1368 πολέμιοι,
702 1332 827 1368 σώματος
847 1333 952 1369 ὁρωμέ-

163 1386 220 1409 νου,
237 1379 282 1404 καὶ
306 1381 365 1410 ταῖς
394 1380 442 1414 τῆς
470 1379 576 1414 φύσεως
602 1379 734 1413 ἀνάγκαις
758 1379 950 1415 ὑποκειμένου,

165 1426 276 1459 κρατεῖν
297 1424 346 1451 οὐκ
364 1425 504 1460 ἠδύναντο.
527 1426 555 1452 '0
582 1426 636 1461 γὰρ
656 1426 761 1461 ἡνίοχος
776 1426 882 1458 τούτου,
903 1426 952 1453 καὶ

165 1470 305 1504 μουσικῆς,
321 1471 367 1497 καὶ
382 1471 563 1506 κυϐερνήτης,
578 1471 678 1506 ἄριστα
703 1472 751 1507 μὲν
764 1472 888 1508 κατέχων
902 1471 952 1504 τὰς

164 1514 262 1549 ἡνίας,
276 1515 308 1542 ἐν
336 1515 409 1547 τάξει
436 1515 568 1551 φέρεσθαι
590 1518 652 1548 τοὺς
675 1517 775 1547 ἵππους
803 1518 949 1544 ὰνέπεισε⁹

165 1560 261 1595 ῥυθμῷ
277 1561 304 1587 δὲ
321 1561 370 1593 τὰς
387 1561 441 1588 τῶν
454 1561 609 1597 αἰσθήσεων
625 1562 724 1598 χορδὰς
747 1562 796 1598 τὴν
812 1563 952 1599 παναρμό-

163 1614 220 1632 νιον
234 1607 303 1641 ἠχὴν
321 1606 461 1634 ἀποτελεῖν
482 1607 688 1643 παρεσκεύασεν
699 1615 705 1621 ·
722 1609 909 1643 ἐπιστημόνως
923 1608 952 1635 δὲ

164 1653 248 1679 κινῶν
258 1653 291 1679 τὰ
308 1653 435 1687 πηδάλια,
451 1653 497 1680 καὶ
513 1654 565 1680 τῶν
580 1655 710 1689 κυμάτων
724 1655 773 1689 τὴν
787 1654 950 1690 προσϐολὴν,

164 1698 212 1726 καὶ
225 1698 274 1734 τὴν
288 1698 342 1725 τῶν
355 1699 517 1735 πνευμάτων
529 1700 649 1727 διέλυσεν
664 1700 793 1736 ἐμϐολήν.

200 1745 316 1776 Tauro-4.;
338 1745 427 1772 τοίνυν
438 1746 500 1777 τοὺς
523 1745 567 1772 διὰ
591 1746 679 1773 πόνων
705 1746 809 1781 μυρίων
836 1746 880 1773 τὸν
898 1746 953 1782 βίον

163 1788 336 1822 ὁδεύσαντας,
362 1790 456 1826 ίδρῶσι
476 1790 505 1817 δὲ
528 1791 575 1818 καὶ
595 1791 794 1826 ταλαιπωρίαις
815 1792 845 1818 τὸ
872 1791 953 1826 σῶμα

162 1835 349 1870 δαμάσαντας,
364 1836 410 1863 καὶ
426 1836 544 1870 γέλωτος
559 1836 608 1872 μὲν
618 1837 648 1863 τὸ
663 1837 748 1868 πάθος
757 1837 951 1872 ἀγνοήσοντας,

163 1881 194 1908 ἐν
208 1881 336 1916 κλαυθμῷ
345 1881 374 1908 δὲ
389 1881 437 1908 καὶ
454 1881 585 1917 δάκρυσιν
606 1882 715 1909 ἅπαντα
732 1882 777 1908 τὸν
798 1882 855 1917 βίον
866 1882 953 1909 δαπα-

165 1927 308 1962 νήσαντας·
339 1927 386 1954 καὶ
408 1927 513 1963 τρυφὴν
537 1927 586 1962 μὲν
609 1927 792 1963 Συϐαριτικὴν
816 1928 867 1962 τὴν
889 1928 949 1955 ἀσι-

165 1973 226 1999 τίαν
251 1972 424 2008 νομίσαντας,
453 1973 537 2000 ὕπνον
560 1973 588 1999 δὲ
614 1973 721 2008 ἣδιστον
751 1973 800 2008 τὴν
828 1973 953 1999 ἐπίπονον

164 2019 328 2054 ἀγρυπνίαν,
347 2019 490 2055 στρωμνὴν
510 2020 539 2046 δὲ
563 2019 686 2054 μαλακὴν
707 2018 755 2054 τὴν
777 2018 824 2045 τοῦ
841 2018 955 2052 ἐδάφους

165 2066 335 2098 ἀντιτυπίαν,
358 2066 454 2101 ἡδονὴν
469 2065 588 2102 ἀμετρόν
605 2073 635 2091 τε
658 2065 705 2092 καὶ
722 2065 881 2097 ἄπλειστον,
893 2065 954 2100 ’τὴν

164 2110 195 2137 ὲν
207 2113 267 2142 ταῖς
283 2112 450 2146 προσευχαῖς
468 2111 515 2137 καὶ
532 2110 703 2146 ψαλμῳδίαις
718 2110 871 2145 διατριϐήν·
892 2109 954 2136 τού-

165 2164 228 2188 τους
248 2157 311 2188 τοὺς
334 2157 387 2184 πᾶν
413 2154 482 2188 εἶδος
507 2157 608 2192 ἀρετῆς
631 2156 821 2191 σονειληχότας
846 2155 887 2186 τίς
905 2155 955 2182 οὐκ

167 2201 201 2229 ἂν
227 2203 341 2234 εἰκότως
374 2203 543 2237 θαυμάσειες
574 2202 672 2238 μᾶλλον
699 2202 727 2229 δὲ
753 2203 795 2233 τίς
823 2203 857 2228 ἃν
886 2202 954 2237 πρὸς

166 2249 245 2281 ἀξίαν
277 2249 476 2284 εὐφημήσειεν;
506 2246 571 2275 οἶδα
594 2249 642 2284 μὲν
667 2246 713 2275 οῦν
739 2248 816 2282 κάγὼ
843 2247 954 2282 σαφῶς,

167 2295 206 2326 ὡς
220 2295 269 2329 τῆς
295 2296 395 2321 τούτων
413 2296 511 2331 ἀρετῆς
539 2295 625 2326 οὐδεὶς
653 2295 686 2321 ἂν
716 2295 837 2328 ἐφίκοιτο
865 2293 954 2328 λόγος’

169 2341 342 2375 ἐγχειρητέον
355 2341 375 2366 δ’
391 2341 474 2375 ὅμως.
497 2341 534 2367 Οὐ
550 2340 603 2376 γὰρ
622 2341 656 2367 ἂν
675 2340 764 2372 καλῶς
785 2340 852 2375 ἔχοι,
869 2341 892 2367 εί
915 2340 956 2367 ὅτι

169 2386 266 2417 τελέως
280 2386 375 2421 ἄνδρες
388 2386 512 2420 ἐγένοντο
525 2386 685 2422 φιλοσοφίας
695 2387 744 2421 τῆς
759 2386 875 2422 ἀληθοῦς
889 2388 954 2421 ἐρα-

169 2433 242 2463 σταὶ,
255 2431 300 2458 διὰ
313 2432 391 2458 τοῦτο
412 2432 479 2466 μηδὲ
497 2432 610 2466 μειόνων
625 2432 730 2467 τύχοιεν
745 2432 871 2458 ἐπαίνων.
884 2432 956 2467 Γρά-

167 2475 254 2510 ψομεν
269 2475 296 2502 δὲ
311 2476 359 2511 τὴν
369 2476 506 2511 εὐφημίαν
516 2477 546 2502 οὗ
564 2478 640 2512 κοινῇ
657 2478 723 2503 πᾶσι
743 2476 816 2512 μίαν·
839 2477 954 2511 διάκτορα

169 2512 224 2556 γὰρ
243 2521 334 2553 αὐτοῖς
358 2521 450 2548 θεόθεν
469 2521 546 2557 ἐδόθη
571 2522 737 2558 χαρίσματα,
755 2523 802 2549 καὶ
819 2523 897 2550 τοῦτο
912 2523 954 2550 δι-

170 2567 278 2594 δάσκων
297 2567 311 2593 ὁ
327 2567 460 2602 μακάριος
475 2567 549 2601 ἔλεγε
568 2567 682 2599 Παῦλος·
701 2576 711 2593 ι
725 2565 760 2603 Ὦ
783 2568 832 2603 μὲν
849 2568 892 2596 διὰ
907 2569 954 2595 τοῦ

170 2613 326 2647 Πνεῦματος
337 2613 439 2640 δέδοται
458 2613 535 2647 λόγος
549 2614 654 2648 σοφίας
674 2613 746 2649 ἄλλῳ
756 2614 784 2641 δὲ
796 2613 871 2648 λόγος
883 2614 955 2649 γνώ-

171 2665 238 2688 σεως
263 2657 333 2684 κατὰ
343 2658 373 2683 τὺ
383 2658 448 2684 αὐτὸ
462 2658 583 2693 Πνεῦμα·
601 2658 672 2694 ἄλλῳ
690 2659 719 2686 δὲ
735 2660 889 2694 χαρίσματα
914 2661 955 2687 ία-

173 2702 265 2737 μάτων
279 2703 308 2729 ἐν
323 2702 363 2737 τῷ
381 2703 454 2738 αὐτῷ
474 2703 624 2739 Πνεύματι·
647 2704 718 2740 ἄλλῳ
737 2705 766 2731 δὲ
782 2706 956 2741 ἐνεργήματα

170 2748 322 2783 δυνάμεων·
338 2748 409 2784 ἄλλῳ
434 2749 462 2776 δὲ
474 2751 635 2785 προφητεία·
656 2750 729 2786 ἄλλῳ
744 2750 773 2778 δὲ
788 2751 854 2787 γένη
866 2751 957 2784 γλωσ-

172 2793 237 2826 σῶν,
267 2793 338 2829 ἄλλῳ
351 2794 379 2820 δὲ
393 2795 526 2830 ἑρμηνεία
535 2795 673 2829 γλωσσῶν.
696 2805 706 2822 ι
724 2797 779 2824 Καὶ
790 2797 896 2830 δεικνὺς
908 2797 958 2834 τὴν

215 2888 227 2900 ’
245 2881 254 2909 Ι
270 2881 333 2909 Cor.
358 2875 500 2914 νίζε-10.
589 2906 591 2908 τ

329 2928 460 2958 PATROL.
480 2928 538 2958 Gn.
558 2927 697 2959 LXXXII.

1004 280 1113 311 bantur,
1140 282 1191 308 nisi
1218 289 1295 308 mens
1317 281 1498 314 imperasset,
1521 287 1571 306 nec
1592 279 1702 314 pupillm
1725 287 1788 314 pcr-

1003 326 1162 353 mittebatur
1178 330 1208 353 ut
1225 334 1255 353 se
1267 330 1344 353 citra
1357 325 1501 360 palpebras
1516 325 1670 359 porrigeret
1688 332 1694 351 :
1710 324 1788 351 audi-

1004 376 1048 399 tus
1073 376 1182 404 autem,
1204 372 1341 406 palpebris
1365 375 1392 397 et
1413 370 1493 397 labiis
1512 370 1616 396 aditum
1638 371 1786 397 obstruere

1003 427 1058 445 non
1088 419 1196 450 valens.
1228 419 1327 446 stultas
1353 418 1500 453 repellebat
1528 417 1683 450 orationes,
1712 417 1787 444 illas-

1003 472 1058 498 que
1073 464 1146 491 solas
1165 464 1336 495 admittebat,
1362 464 1463 498 quibus
1487 470 1563 490 mons
1589 462 1786 490 delectabatur.

1004 510 1050 538 Sic
1076 511 1219 538 odoratum
1247 511 1401 538 docuerunt
1428 518 1512 538 suave
1541 510 1643 536 olentia
1665 516 1722 536 non
1738 509 1788 536 de-

1004 556 1146 589 siderare,
1179 560 1208 583 ut
1236 563 1296 592 quae
1322 560 1420 583 natura
1448 563 1498 583 sua
1528 555 1655 582 molliant
1690 559 1718 582 et
1745 562 1789 581 re-

1002 602 1107 631 laxeut.
1136 602 1181 630 Sic
1205 604 1312 631 ventris
1339 603 1493 637 rejecerunt
1518 602 1691 634 satietatem,
1714 605 1741 627 et
1757 608 1788 628 ea

1003 655 1112 675 sumere
1128 649 1301 681 docuerunt,
1319 657 1374 676 non
1398 656 1460 684 qua:
1484 648 1637 682 voluptati,
1658 647 1705 674 sed
1728 654 1789 681 quze

1004 693 1066 720 usui
1080 692 1189 727 forent,
1217 701 1307 729 eaque
1332 702 1462 722 mensura
1489 701 1551 729 quae
1569 694 1639 721 satis
1661 696 1735 720 esset
1755 701 1789 719 ne

1003 738 1075 766 fame
1102 745 1279 767 necarentur.
1298 739 1344 768 Sic
1369 741 1458 768 somni
1475 740 1587 767 dulcem
1613 739 1787 775 tyrannidem

1003 789 1178 818 everterunt,
1204 787 1405 821 palpebrasque
1425 787 1460 813 ab
1481 786 1541 821 ejus
1564 787 1696 814 servitute
1721 786 1789 813 libc-

1003 835 1097 859 rantes
1107 852 1115 865 ,
1130 839 1184 859 non
1200 832 1255 866 jam
1268 832 1373 860 servire
1385 854 1392 865 ,
1412 832 1458 860 sed
1473 833 1609 860 dominari
1622 832 1787 864 docuerunt,

1003 882 1034 905 ut
1048 879 1108 913 ejus
1126 886 1206 905 usum
1232 878 1424 911 admitterent,
1451 885 1506 906 non
1534 886 1595 906 cum
1625 878 1787 910 invaderet,

1003 923 1049 950 sed
1070 931 1132 952 cum
1157 923 1233 951 illum
1264 924 1315 959 ipsi
1348 924 1383 952 ad
1407 924 1491 951 breve
1517 928 1624 952 natura:
1655 925 1788 951 attxilium

1003 973 1186 996 accerserent.
1217 968 1310 1003 Itaque
1327 977 1389 996 cum
1416 976 1559 997 murorum
1590 974 1789 1004 portarumque

1003 1015 1135 1042 custodiae
1152 1022 1211 1042 eam
1230 1023 1323 1043 curam
1340 1019 1487 1051 gererent,
1505 1020 1532 1043 et
1548 1017 1669 1044 internas
1684 1017 1789 1051 cogita-

1003 1061 1094 1088 tiones
1110 1061 1264 1088 concordes
1283 1061 1432 1095 fecissent,
1457 1062 1631 1090 adversarios
1647 1063 1788 1090 extrinse-

1001 1113 1053 1134 cus
1070 1105 1231 1134 invadentes
1247 1107 1401 1134 irt'idebaltt
1413 1127 1421 1139 ,
1440 1108 1526 1142 quivi
1551 1108 1661 1143 quidem
1686 1109 1788 1135 intrare

1002 1154 1114 1186 propter
1136 1150 1235 1178 divina
1261 1153 1357 1186 gratiae
1383 1152 1542 1187 praesidium
1567 1161 1621 1180 non
1643 1158 1786 1189 poterant;

1002 1197 1108 1224 nullum
1130 1201 1224 1224 autem
1248 1197 1424 1226 inveniebant
1450 1199 1638 1234 proditorem,
1665 1199 1712 1234 qui
1735 1199 1788 1225 ini-

1003 1243 1089 1271 micos
1105 1244 1185 1271 vellet
1202 1244 1347 1271 admittere
1363 1253 1369 1272 :
1389 1248 1415 1272 et
1434 1252 1496 1272 cum
1513 1246 1605 1273 hostes
1629 1249 1722 1273 essent
1739 1253 1789 1271 na-

1002 1293 1064 1316 tura
1082 1289 1236 1317 invisibiles
1246 1310 1252 1322 ,
1268 1297 1371 1325 corpus
1386 1294 1494 1324 tamen,
1508 1291 1582 1325 quod
1599 1291 1686 1320 oculis
1699 1291 1788 1317 cerni-

1003 1339 1048 1362 tur
1075 1339 1102 1361 et
1119 1339 1229 1362 naturae
1248 1336 1463 1363 necessitatibus
1484 1337 1632 1364 obnoxium
1653 1340 1694 1364 cst
1707 1357 1714 1370 ,
1729 1337 1788 1363 vin-

1002 1387 1065 1408 cere
1078 1388 1133 1407 non
1150 1385 1310 1416 potuerunt.
1329 1381 1418 1416 Hujus
1433 1382 1535 1418 quippe
1554 1383 1668 1417 auriga,
1685 1386 1711 1409 et
1729 1390 1788 1409 mu-

1000 1427 1078 1455 sicus
1091 1446 1098 1458 ,
1120 1430 1147 1454 et
1167 1427 1347 1462 gubernator,
1366 1432 1393 1455 et
1408 1429 1510 1463 optime
1533 1428 1654 1455 habenas
1673 1432 1787 1460 tenens.

1004 1472 1110 1507 1105
1123 1472 1202 1507 equis
1225 1472 1366 1507 persuasit
1390 1476 1420 1500 ut
1447 1477 1521 1500 recte
1537 1473 1719 1508 procederent
1736 1482 1742 1500 :
1760 1478 1788 1499 et

1001 1525 1149 1545 numerose
1174 1518 1292 1546 chordas
1318 1519 1431 1553 pulsans
1461 1526 1610 1550 sensuum,
1631 1518 1733 1546 ’eﬂ‘ecit
1758 1524 1789 1545 ut

1003 1569 1102 1590 sonum
1126 1563 1202 1591 omni
1226 1571 1258 1590 ex
1286 1566 1366 1598 parte
1382 1563 1549 1591 concinnum
1567 1563 1713 1591 redderent
1737 1569 1789 1591 :et

1004 1609 1125 1636 scienter
1148 1609 1258 1636 clavum
1285 1616 1412 1642 movens,
1440 1609 1573 1637 ﬂuctuum
1600 1610 1735 1645 procellas
1762 1614 1789 1638 et

1002 1658 1149 1682 ventorum
1164 1654 1282 1690 impetus
1299 1655 1392 1691 fregit.

1040 1744 1095 1773 Hos
1112 1745 1205 1779 igitur,
1218 1745 1265 1780 qui
1278 1752 1325 1779 per
1341 1745 1502 1773 innumeros
1518 1745 1626 1773 labores
1646 1746 1707 1774 vitae
1729 1746 1789 1774 iter

1003 1790 1122 1825 ingressi
1140 1795 1215 1822 sunt,
1243 1790 1449 1826 sudoribusque
1464 1796 1492 1818 et
1515 1791 1708 1820 atllictionibus
1727 1799 1790 1819 cor-

1004 1842 1057 1870 pus
1081 1835 1277 1868 edomuerunt,
1304 1843 1336 1863 ac
1360 1836 1434 1863 risus
1461 1836 1571 1870 quidem
1592 1835 1765 1864 aﬂ'ectionem
1780 1842 1789 1853 '

1004 1882 1179 1916 ignorarunt.
1203 1882 1230 1908 in
1251 1882 1326 1909 luctu
1351 1886 1444 1909 autem
1471 1885 1498 1909 et
1527 1882 1656 1918 lacrymis
1681 1890 1789 1910 omnem

1003 1927 1088 1953 vitam
1114 1934 1367 1961 consumpserunt;
1399 1927 1445 1962 qui
1480 1927 1594 1955 delicias
1619 1927 1789 1963 Sybariticas

1002 1971 1138 2006 jejunium
1155 1973 1362 2004 existimarunt,
1381 1979 1507 2000 somnum
1535 1977 1626 2000 autem
1655 1974 1791 2001 suavissi—

1005 2025 1079 2045 mum
1089 2019 1243 2046 laboriosas
1258 2018 1376 2053 vigilias.
1393 2019 1474 2046 molle
1488 2019 1640 2053 stragulum
1660 2019 1790 2047 duritiem

1005 2064 1077 2094 soli,
1104 2063 1266 2090 immensam
1290 2068 1317 2090 et
1339 2064 1558 2099 inexplicabilem
1575 2065 1744 2100 voluptatem
1762 2066 1791 2094 in

1005 2109 1180 2136 orationibus
1193 2108 1423 2144 Psalmorumque
1445 2111 1574 2137 cantibus
1586 2112 1692 2138 versari
1705 2121 1711 2138 :
1722 2112 1773 2140 hos
1782 2131 1790 2143 ,

1006 2156 1129 2190 inquam,
1145 2154 1191 2190 qui
1210 2162 1291 2182 omne
1313 2163 1399 2189 genus
1424 2155 1534 2183 virtutis
1560 2156 1696 2190 complexi
1714 2161 1790 2190 sunt,

1007 2202 1070 2236 quis
1085 2208 1138 2229 non
1158 2202 1221 2236 jure
1235 2200 1395 2234 admiretur,
1409 2202 1451 2228 vel
1470 2202 1561 2235 potius
1585 2202 1648 2236 quis
1673 2210 1722 2237 pro
1749 2203 1791 2230 di-

970 2252 992 2280 n
1007 2247 1111 2283 guitate
1127 2246 1263 2273 eollaudet
1274 2245 1286 2272 ?
1299 2245 1374 2273 Satis
1388 2245 1516 2281 equidem
1532 2245 1667 2280 intelligo,
1686 2246 1789 2273 nullam

1008 2298 1089 2327 posse
1115 2292 1268 2318 orationem
1291 2284 1400 2317 illorum
1425 2291 1553 2318 virtutem
1579 2291 1711 2326 assequi:
1743 2291 1790 2319 sed

1008 2338 1223 2374 aggrediendum
1237 2340 1280 2364 est
1295 2340 1399 2364 tamen.
1417 2336 1473 2364 Nec
1485 2337 1558 2364 enim
1573 2344 1682 2372 aequum
1697 2337 1790 2370 fuerit,

1007 2384 1031 2412 si
1055 2383 1186 2418 quoniam
1207 2389 1300 2409 veram
1317 2381 1519 2417 philosophiam
1537 2375 1658 2417 perfecte
1678 2382 1791 2409 adama-

1006 2434 1084 2462 runt,
1099 2429 1161 2456 ideo
1177 2436 1229 2456 nec
1242 2429 1366 2456 minores
1381 2427 1476 2456 laudes
1492 2431 1709 2462 consequantur.
1722 2427 1794 2455 Scri-

1008 2476 1071 2504 bam
1085 2483 1151 2503 vero
1162 2474 1269 2502 laudem
1281 2481 1335 2502 non
1347 2482 1428 2502 unam
1444 2474 1627 2502 communiter
1642 2474 1769 2501 omnibus
1784 2482 1791 2500 :

1009 2522 1117 2549 diversa
1134 2521 1206 2548 enim
1224 2521 1296 2548 dona
1309 2521 1440 2548 divinitus
1458 2520 1497 2548 eis
1521 2519 1584 2547 data
1601 2524 1674 2553 sunt,
1696 2526 1794 2555 quem-

1009 2568 1158 2595 admodum
1174 2567 1276 2594 doeens
1293 2566 1402 2594 dicebat
1426 2566 1522 2594 beatus
1549 2565 1674 2594 Paulus:
1704 2575 1713 2592 ι
1739 2565 1792 2592 Alii

1008 2615 1082 2642 enim
1103 2620 1152 2649 per
1181 2613 1314 2648 Spiritum
1338 2613 1421 2640 datur
1446 2620 1537 2641 sermo
1556 2612 1716 2648 sapientize:
1745 2612 1793 2640 alii

1010 2663 1102 2686 autem
1127 2666 1219 2685 sermo
1244 2657 1366 2685 scientiae
1386 2658 1537 2685 secundum
1563 2657 1688 2685 eumdem
1705 2656 1794 2692 Spiri-

1010 2709 1086 2732 tum:
1100 2705 1145 2732 alii
1160 2704 1233 2732 dona
1244 2704 1429 2737 curationum,
1439 2710 1489 2739 per
1500 2704 1625 2732 eumdem
1641 2703 1793 2739 Spiritum:

1012 2751 1058 2778 alii
1078 2751 1253 2786 operationes
1267 2750 1420 2777 virtutum:
1438 2749 1484 2777 alii
1502 2749 1669 2784 prophetia:
1687 2749 1734 2777 alii
1749 2756 1795 2784 ge-

1012 2803 1078 2825 nera
1106 2797 1272 2832 linguarum,
1291 2796 1338 2824 alii
1365 2795 1555 2832 interpretatio
1571 2795 1727 2831 linguarum
1744 2800 1766 2822 ε.
1779 2804 1792 2838 ἰ

1577 2915 1608 2942 ιι
