2036 3122
265 196 330 229 i291

752 195 996 226 THEODORETI
1017 194 1191 226 EPISCOPI
1225 194 1407 226 CYRENSIS

1819 196 1887 228 1292

265 256 368 281 Horum
381 258 469 280 autem
479 252 603 280 omnium
614 251 764 280 ostendens
778 251 893 285 fontem,
905 252 1024 286 subjecit
1037 260 1044 278 :

1099 253 1198 280 τούτων
1214 253 1340 280 ἁπάντων
1357 253 1448 288 πηγὴν
1462 253 1593 289 ἐπήγαγε·
1609 263 1618 279 ι
1641 254 1734 282 Ταῦτα
1752 254 1782 280 δὲ
1797 253 1887 281 πάντα

266 310 275 326 ι
295 300 392 327 Om'nia
403 305 494 326 autem
509 300 567 327 hazc
584 303 717 334 operatur
733 307 806 327 unus
823 304 850 326 et
866 299 938 326 idem
959 298 1047 333 Spiri-

264 345 586 381 tus,dividensprivatim
599 345 716 379 singulis
730 350 810 379 prout
821 344 928 380 1106
938 344 995 371 vult
1005 343 1026 370 ί.
1035 353 1044 370 ι

264 392 398 426 Quoniam
415 400 480 427 ergo
499 392 607 419 diversa
623 395 689 418 sunt
710 391 784 418 dona
811 391 964 422 consecuti,
990 397 1047 417 me~

264 439 318 467 vito
334 442 490 474 separatam
514 437 686 472 singulorum
705 436 896 464 narrationem
918 435 1048 463 institue-

264 491 345 511 mus:
373 490 427 510 non
449 489 621 517 quaecunque
645 481 679 508 ab
703 482 744 508 eis
765 485 841 516 gesta
861 484 931 508 sunt
954 487 1048 515 perse-

262 532 379 564 quentes
405 528 450 563 (ad
468 528 526 555 hzec
547 528 622 555 enim
643 526 790 555 scribenda
805 533 840 553 ne
853 530 910 553 tota
937 524 1047 559 quidem

261 575 319 602 vita
334 573 496 609 suiiiceret),
512 573 561 602 sed
586 573 633 600 ubi
659 579 747 607 pauca
771 571 805 599 de
827 570 1048 605 uniuscujusque

262 621 318 649 vita
347 621 486 655 rebusque
507 619 593 655 gestis
615 617 833 650 narrat'erimus,
852 621 878 644 et
891 624 930 644 ex
944 615 1048 651 ipaucis

263 666 348 694 totius
369 666 432 693 vita:
449 665 565 692 formam
579 663 810 695 indicaverimus,
835 662 869 690 ad
885 661 968 689 alium
978 668 1048 696 .pro-

263 712 431 746 grediemur.
461 710 556 745 Neque
573 718 638 737 vero
666 713 824 736 sanctorum
849 707 984 739 omnium,
1000 706 1048 742 qui

262 758 364 793 ubique
393 756 514 793 gentium
530 756 701 788 claruerunt,
717 755 780 782 vita:
807 753 950 782 historiam
979 753 1049 780 scri-

262 804 328 832 bere
342 803 524 830 conabimur:
539 809 589 830 nec
606 802 679 829 enim
693 808 789 828 omnes
806 800 853 835 qui
869 799 969 834 ubique
980 798 1047 826 clari

262 850 339 878 fuere
353 850 492 882 novimus,
508 855 560 876 nec
580 847 638 875 ﬁeri
659 851 750 882 potest
773 850 803 874 ut
817 847 851 874 ab
867 853 921 874 uno
950 852 1047 873 omnes

261 895 465 924 describantur.
493 894 594 922 Eorum
612 901 679 928 ergo
701 893 791 920 solum
819 892 903 918 vitam
925 891 1048 919 conscri-

262 942 336 975 bam,
354 941 401 975 qui
424 940 559 968 luminum
576 939 663 967 instar
678 939 706 966 in
725 938 835 965 Oriente
859 937 1002 968 fulserunt,
1020 941 1048 964 et

261 988 333 1016 ﬁnes
363 987 439 1014 orbis
455 991 591 1014 terrarum
616 984 703 1012 radiis
717 984 776 1011 suis
798 982 952 1017 complexi'
971 986 1045 1010 sunt.

261 1032 405 1060 Narrando
420 1036 511 1059 autem
526 1030 655 1066 procedet
671 1029 772 1060 oratio.
790 1036 844 1055 non
858 1028 1048 1055 encomiorum

261 1079 367 1114 legibus
384 1081 476 1110 utens,
496 1077 544 1104 sed
562 1083 649 1112 pauca
660 1079 771 1102 tantum
795 1074 920 1109 quaedam
942 1072 1049 1108 simpli-

261 1125 332 1152 citer
345 1131 496 1159 exponens.
513 1121 590 1158 Rogo
605 1126 696 1148 autem
714 1127 762 1148 eos
786 1120 832 1155 qui
845 1121 873 1146 in
891 1119 963 1146 hanc
983 1118 1047 1146 reli-

261 1171 368 1205 giosam
379 1168 538 1199 Historiam,
552 1175 600 1195 seu
614 1166 761 1194 asceticam
777 1165 887 1192 vivendi
914 1164 1047 1192 rationem

262 1215 411 1243 inciderint
425 1213 555 1249 (appellet
569 1213 642 1240 enim
657 1213 777 1248 quisque
793 1211 845 1238 hoc
863 1217 934 1245 opus
949 1215 978 1237 ut
1001 1216 1050 1236 voc

262 1261 320 1295 let),
336 1267 371 1287 ne
388 1259 424 1286 iis
439 1266 500 1294 qua:
515 1258 648 1285 dicuntur
672 1257 764 1285 minus
793 1258 917 1288 credant,
933 1257 955 1283 si
983 1255 1048 1290 quid

262 1306 376 1333 audiant
391 1305 465 1340 quod
487 1305 610 1339 ipsorum
627 1304 705 1331 vires
723 1303 858 1330 excedat:
883 1309 972 1336 neque
988 1302 1050 1329 illo-

262 1358 323 1378 rum
338 1350 468 1377 virtutem
480 1357 512 1376 ex
527 1349 628 1383 seipsis
641 1349 801 1381 metiantur,
817 1348 865 1375 sed
876 1349 1049 1382 exploratum

261 1393 382 1421 habeant
405 1393 493 1421 solere
516 1392 601 1420 Deum
623 1393 733 1420 coalitus
758 1401 791 1420 ex
813 1393 921 1427 piorum
950 1393 1049 1420 animis

263 1439 354 1466 sancti
371 1438 491 1474 Spiritus
503 1437 576 1465 dona
596 1438 699 1470 metiri,
715 1442 742 1466 et
757 1438 861 1473 majora
881 1438 973 1473 largiri
989 1446 1050 1473 per-

262 1484 434 1512 fectioribus.
451 1483 514 1511 Haec
525 1488 616 1511 autem
631 1483 686 1511 illis
702 1491 717 1510 a
733 1491 776 1511 me
786 1483 859 1511 dicta
875 1483 943 1515 sint,
959 1484 1005 1518 qui
1023 1483 1049 1510 in

262 1538 356 1558 rerum
368 1530 524 1558 divinarum
541 1529 680 1565 mysteriis
694 1537 748 1557 non
761 1530 829 1557 satis
842 1533 971 1556 accurate
984 1533 1050 1556 sunt

1097 299 1204 334 ένεργεῑ
1214 299 1245 326 to
1259 299 1288 326 ἓν
1302 299 1350 326 καὶ
1359 299 1389 326 τὸ
1401 299 1467 326 αὐτὸ
1480 299 1602 334 Πνεῦμα,
1616 299 1738 335 διαιροῦν
1755 299 1810 335 ιδῑᾳ
1819 299 1887 326 ἑκά-

1098 353 1153 380 στῳ
1163 344 1254 376 καθὼς
1271 343 1405 380 βούλεται.
1426 353 1436 370 ι
1455 343 1563 380 Ἐπειδὴ
1582 345 1673 371 τοίνυν
1691 345 1831 379 διαφόρων
1845 352 1889 371 τε·

1098 390 1233 425 τυχήκασι
1245 389 1366 425 δωρεῶν,
1381 390 1494 422 εἰκότως
1511 391 1564 426 ἰδίᾳ
1580 391 1698 417 ἑκάστου
1716 389 1889 424 ποιησόμεθα

1097 435 1128 462 τὸ
1140 435 1271 472 διήγημα·
1283 436 1332 471 οὐχ
1345 436 1452 463 ἅπαντα
1462 436 1603 468 διεξιόντες
1611 437 1645 463 τὰ
1656 436 1887 471 πεπολιτευμένα·

1097 484 1138 514 si;
1155 482 1211 518 γὰρ
1225 482 1275 518 τὴν
1297 482 1425 518 τθιαύτην
1449 483 1608 519 συγγραφὴν
1634 483 1695 510 οὐδὲ
1721 483 1795 515 ἄπας
1817 483 1851 509 ἂν
1875 484 1890 509 6

1098 528 1156 564 βίος
1174 528 1328 564 ἀρκέσειεν
1342 528 1400 555 ἀλλ’
1416 527 1494 562 όλίγα
1510 528 1565 554 τῶν
1583 528 1692 562 ἑκάστῳ
1713 527 1890 562 βεϐιωμένων

1129 573 1331 610 πεπραγμένων
1346 574 1552 609 διηγησάμενοι,
1570 573 1619 600 καὶ
1640 573 1684 600 διὰ
1707 573 1763 599 τῶν
1790 573 1891 606 ὀλίγων

1097 621 1144 648 τοῦ
1160 620 1262 652 παντὸς
1280 619 1337 654 βίου
1350 619 1396 646 τδν
1411 619 1574 654 χαρακτῆρα
1596 617 1820 653 παραδείξαντες,
1846 618 1890 651 ἐφ’

1097 666 1190 701 ἓτερον
1205 664 1382 700 βαδιούμεθα.
1399 664 1436 690 Οὐ
1463 663 1572 690 πάντων
1595 663 1624 690 δὲ
1649 663 1704 690 τῶν
1729 662 1890 697 ἁπανταχοῦ

1090 711 1303 747 ’διαπρεψάντων
1314 710 1400 745 ἁγίων
1417 709 1466 745 τὴν
1481 709 1617 737 πολιτείαν
1632 708 1738 745 ἱστορία
1753 708 1891 743 παραδοῦ-

1097 765 1142 785 ναι
1161 755 1360 792 πειρασόμεθα’
1384 754 1447 782 οὔτε
1471 754 1527 790 γὰρ
1552 755 1632 789 ῐσμεν
1656 754 1721 785 τοὺς
1748 757 1890 788 πανταχου

1098 803 1313 838 διαλάμψαντας,
1330 801 1393 828 οὗτε
1406 801 1519 828 δυνατὸν
1540 801 1664 832 ἅπαντας
1679 800 1726 834 ὑφ’
1746 799 1808 831 ἑνὸς
1823 808 1890 833 συγ-

1098 849 1248 885 γραφῆναι.
1262 847 1358 875 Μόνων
1371 847 1460 874 τοίνυν
1473 847 1527 874 τῶν
1541 847 1612 874 κατὰ
1623 847 1673 882 τὴν
1684 846 1722 873 ἕω
1736 847 1891 880 φωστήρων

1098 895 1177 929 δίκην
1190 892 1393 928 ἁναφανέντων,
1415 892 1463 919 καὶ
1482 894 1542 924 ταῖς
1558 892 1648 919 ἀκτῖσι
1669 892 1706 918 τὰ
1727 892 1779 927 τῆς
1798 892 1890 918 οίκου-

1100 941 1185 976 μένης
1208 940 1332 976 τέρματα
1346 939 1560 974 κατειληφότων,
1580 938 1731 974 ἀναγράψω
1753 938 1800 964 τὸν
1823 937 1888 973 βίον.

1105 985 1336 1022 Ἆφηγημιτικῶς
1357 985 1385 1012 δὲ
1401 985 1418 1012 ό
1433 984 1512 1020 λόγος
1537 984 1715 1020 πρόδήσεται,
1739 984 1773 1011 οὐ
1796 984 1890 1018 νόμοις

1096 1031 1244 1067 ἐγκωμίων
1271 1029 1422 1067 χρώμενος,
1444 1030 1502 1057 ἀλλ’
1531 1030 1628 1065 ὀλίγων
1651 1029 1735 1056 τινῶν
1768 1030 1890 1064 ἀτεχνῶς

1098 1077 1259 1112 ποιούμενος
1274 1077 1324 1112 τὴν
1342 1077 1479 1112 διήγησιν.
1505 1076 1585 1108 ’Λξιῶ
1597 1076 1626 1103 δὲ
1650 1076 1713 1107 τοὺς
1729 1076 1892 1110 ἐντευξομέ-

1099 1131 1161 1154 νους
1173 1122 1235 1158 τῇδε
1251 1123 1284 1157 τῇ
1301 1121 1418 1157 φιλοθέῳ
1431 1122 1549 1157 ἱστορίᾳ,
1570 1121 1586 1156 ἢ
1603 1121 1740 1156 ἀσκητικῇ
1755 1121 1888 1156 πολιτεία·

1098 1169 1136 1200 ὡς
1149 1169 1202 1203 γὰρ
1228 1167 1352 1203 βούλεταί
1377 1176 1420 1198 τις
1444 1167 1560 1194 καλείτω
1580 1167 1611 1194 τὸ
1638 1167 1822 1202 σύγγραμμω
1855 1166 1891 1201 μὴ

1099 1215 1224 1241 ἀπιστεῖν
1254 1215 1311 1245 τοῖς
1335 1214 1502 1249 λεγομένοις.
1524 1213 1551 1240 εί
1571 1221 1597 1239 τι
1619 1213 1690 1248 ὑπὲρ
1711 1213 1764 1248 τὴν
1787 1213 1891 1239 ἑαυτῶν

1097 1261 1224 1288 ἀκούοιεν
1238 1260 1363 1296 δύναμιν,
1392 1260 1458 1296 μηδὲ
1487 1259 1578 1294 σφίσιν
1591 1260 1684 1292 αὐτοῖς
1708 1260 1759 1294 τὴν
1779 1259 1891 1286 ἐκείνων

1101 1308 1210 1343 μετρεῖν
1229 1307 1340 1343 ἀρετήν·
1365 1306 1422 1333 ἀλλ’
1443 1306 1541 1333 ειδέναι
1565 1305 1669 1340 σαφῶς,
1694 1305 1732 1338 ὡς
1752 1306 1814 1337 ταῖς
1838 1305 1890 1331 τῶν

1099 1352 1220 1379 εὐσεϐῶν
1236 1351 1360 1387 γνώμαις
1373 1352 1482 1386 μετρεῖν
1501 1349 1597 1377 εεωθεν
1616 1351 1630 1377 ό
1644 1350 1714 1382 Θεὸς
1744 1349 1793 1377 τοῦ
1815 1349 1890 1383 ἁγίου

1099 1397 1258 1433 Πνεὺματος
1272 1397 1307 1424 τὰ
1316 1396 1483 1432 χαρίσματα,
1501 1396 1548 1423 καὶ
1566 1397 1625 1427 ταῖς
1647 1395 1834 1430 τελειοτέραις
1858 1395 1892 1421 τὰ

1101 1439 1214 1475 μείζονα
1238 1439 1340 1467 δίδωσι.
1368 1439 1460 1466 Ταῦτα
1474 1439 1502 1466 δέ
1520 1448 1565 1474 μοι
1589 1439 1658 1473 πρὸς
1685 1440 1751 1471 τοὺς
1775 1439 1807 1465 οὺ
1834 1439 1892 1465 λίαν

1101 1486 1222 1522 άκριὸῶς
1235 1486 1270 1513 τά
1287 1485 1348 1512 θεῖα
1365 1485 1558 1520 μεμυημένους
1573 1484 1702 1520 εἰρήσθω.
1716 1486 1750 1511 Οἱ
1770 1485 1826 1520 γὰρ
1845 1484 1891 1519 μύ-

1102 1541 1162 1560 σται
1176 1532 1231 1559 τῶν
1251 1531 1355 1559 ἀδύτων
1369 1532 1416 1558 τοῦ
1436 1531 1594 1566 Πνιύματος
1625 1531 1699 1557 ἴσασι
1721 1531 1773 1562 τὰς
1790 1531 1890 1566 φιλοτι-

261 1577 374 1605 initiali.
390 1576 484 1612 Mysta:
497 1576 571 1604 enim
584 1575 719 1603 aditorum
732 1575 853 1611 Spiritus
868 1575 1048 1611 magniﬁcen-

1103 1579 1166 1614 μίας
1180 1579 1227 1606 τοῦ
1252 1578 1420 1614 Πνεύματος,
1442 1579 1489 1605 καὶ
1513 1575 1557 1605 οἷα
1577 1577 1612 1604 δι’
1626 1577 1780 1613 ἀνθρώπων
1800 1579 1830 1603 ὲν
1847 1578 1891 1604 άν-

262 1623 329 1649 tiam
345 1621 406 1657 ejus
421 1625 536 1654 norunt,
552 1625 578 1648 et
593 1625 696 1656 quanta
709 1628 756 1654 per
773 1621 899 1647 homines
913 1621 940 1647 in
958 1619 1048 1647 homi-

263 1668 345 1695 nibus
361 1666 498 1694 miracula
515 1665 610 1699 faciat,
625 1671 655 1694 ut
670 1666 830 1694 incredulos
844 1666 878 1694 ad
892 1666 940 1694 Dei
952 1665 1049 1702 cogni-

263 1714 365 1740 tionem
381 1711 512 1739 adducat.
532 1710 585 1744 Qui
605 1714 694 1738 autem
713 1711 747 1739 iis
762 1719 822 1746 quae
839 1719 853 1738 a
870 1718 913 1738 me
931 1711 1048 1739 dicenda

262 1761 328 1786 sunt
343 1756 500 1784 crediturus
520 1763 574 1783 non
599 1761 650 1788 est,
671 1756 756 1791 liquet
775 1764 837 1784 eum
858 1764 894 1784 ne
910 1757 956 1783 illa
984 1757 1047 1791 qui-

263 1804 324 1832 dem
340 1809 403 1830 vera
418 1802 599 1833 crediturum,
613 1809 674 1836 quae
693 1809 741 1836 per
763 1801 878 1835 Mosem,
894 1807 922 1830 et
940 1801 1046 1834 Jesum,

262 1853 288 1875 et
307 1848 402 1879 tiliam,
423 1851 450 1874 et
467 1846 594 1874 Elisaeum
609 1851 685 1882 gesta
714 1848 819 1883 1107
847 1853 923 1881 sunt,
953 1853 980 1876 et
997 1856 1047 1884 pro

264 1893 365 1920 fabulis
384 1892 486 1920 habere
506 1891 651 1925 miracula,
669 1900 730 1928 qua:
748 1900 763 1919 a
789 1894 894 1920 sanctis
915 1894 1049 1928 apostolis

264 1943 369 1974 patrata
384 1941 459 1965 sunt.
477 1937 556 1970 Quod
576 1937 599 1964 si
616 1945 680 1965 vera
694 1938 741 1965 illa
761 1945 824 1966 esse
842 1942 970 1971 testatur,
990 1940 1048 1967 haec

264 1991 373 2018 quoque
390 1991 405 2010 a
425 1982 496 2010 falso
524 1983 615 2010 aliena
637 1991 698 2010 esse
713 1983 819 2011 credat.
839 1983 906 2017 Quae
919 1985 993 2012 enim
1019 1985 1049 2013 in

265 2031 320 2057 illis
335 2033 448 2065 operata
464 2033 506 2057 est
527 2030 626 2064 gratia,
643 2029 739 2057 eadem
755 2030 878 2065 penhos
891 2038 1002 2066 quoque
1019 2035 1049 2058 ut

265 2078 362 2102 Iierent
382 2074 484 2102 eﬂ‘ccit.
501 2074 636 2102 Perennis
653 2079 744 2102 autem
762 2077 860 2110 gratia,
875 2083 923 2103 eos
938 2077 985 2112 qui
1004 2077 1048 2104 di-

264 2122 309 2157 gni
327 2125 392 2149 sunt
404 2121 519 2156 eligens,
533 2129 580 2156 per
596 2121 646 2149 hos
659 2122 745 2149 veluti
761 2130 809 2156 per
821 2123 950 2150 salientes
965 2130 1050 2158 quos-

265 2171 326 2195 dam
341 2168 457 2196 elIundit
471 2168 572 2195 ilncnla
589 2169 758 2203 operationis
776 2177 842 2196 suae.
861 2169 900 2196 Ex
917 2170 952 2197 iis
968 2177 1049 2205 porro

263 2221 324 2248 qua:
341 2213 457 2241 dicenda
476 2217 552 2246 sunt,
578 2214 669 2248 aliqua
685 2214 743 2248 ipse
773 2214 848 2242 vidi:
871 2223 932 2250 qua:
957 2221 1048 2243 autem

1101 1624 1220 1658 θρώποις
1235 1624 1448 1660 θαυματουργετ,
1459 1624 1491 1658 τῇ
1505 1623 1560 1650 τῶν
1571 1623 1690 1657 τεράτων
1707 1623 1893 1657 μεγαλουργία

1100 1670 1165 1701 τοὺς
1179 1670 1310 1702 ἀπίστους
1336 1670 1376 1702 είς
1403 1668 1568 1703 θεογνωσίαν
1596 1667 1790 1704 ἐφελκόμενον.
1815 1669 1844 1695 '0
1865 1669 1892 1694 δί

1101 1717 1156 1747 τοῖς
1166 1716 1230 1751 παρ’
1246 1715 1324 1750 ήμῶν
1338 1713 1530 1751 ῥηθησομένων
1545 1713 1714 1747 άπιστήσων,
1725 1713 1840 1747 εὗόηλον
1856 1714 1892 1744 ὡς

1101 1758 1161 1785 οὐδὲ
1176 1759 1234 1789 τοῖς
1247 1757 1292 1784 διὰ
1307 1757 1439 1790 Μωσέως,
1456 1757 1504 1784 καὶ
1526 1756 1626 1792 Ἰησοῦ,
1652 1757 1700 1783 καὶ¹
1723 1757 1815 1788 Ἠλία,
1847 1758 1892 1783 καὶ

1108 1803 1259 1831 Ἐλισσαίου
1273 1803 1466 1838 γεγενημένοις
1480 1802 1518 1834 ὠς
1528 1802 1641 1837 ἀληθέσι
1656 1802 1827 1834 πιστεύσειε,
1845 1802 1892 1837 μῦ-

1102 1849 1147 1876 θον
1173 1849 1202 1876 δὲ
1218 1849 1326 1884 ἡγεῖται
1352 1849 1399 1875 καὶ
1422 1848 1472 1880 τὰς
1486 1847 1532 1874 διὰ
1555 1848 1611 1874 τῶν
1634 1847 1715 1882 ἱερῶν
1736 1848 1890 1874 ἀποστόλων

1101 1895 1285 1930 γεγενημένας
1296 1893 1524 1929 Θαυματουργίας.
1539 1893 1571 1920 Εί
1587 1893 1616 1924 δὲ
1633 1894 1749 1924 ἐκείνοις
1764 1894 1891 1930 ἀλήθειαν

1103 1941 1244 1976 μαρτυρεῖ,
1269 1940 1382 1975 ψεύδους
1412 1940 1543 1975 ὲλεύθερα
1569 1939 1641 1967 εἶναι
1663 1941 1819 1967 πιστευέτω
1846 1940 1890 1967 καὶ

1101 1986 1198 2013 ταῦτα.
1221 1986 1253 2012 Ἦ
1268 1986 1323 2021 γὰρ
1335 1986 1364 2012 ὲν
1378 1985 1492 2017 ἐκείνοις
1506 1985 1680 2021 ὲνεργήσασα
1699 1986 1795 2020 χάρις,
1823 1985 1887 2019 αὕτη

1102 2031 1149 2058 καὶ
1159 2031 1203 2058 διὰ
1217 2031 1320 2058 τούτων
1337 2031 1515 2067 ὲνεργηκέναι
1533 2031 1693 2066 πεποίηκεν.
1724 2031 1852 2063 Ἀένναος
1864 2031 1888 2057 δὲ

1102 2078 1119 2113 ὴ
1134 2078 1223 2113 χάρις,
1237 2078 1286 2104 καὶ
1305 2078 1368 2108 τοὺς
1377 2077 1469 2109 ἀξίους
1486 2076 1665 2112 ὲκλεγομένη,
1684 2074 1742 2103 οἷον
1755 2077 1801 2104 διά
1815 2086 1889 2104 τινων

1103 2123 1224 2158 κρουνῶν
1238 2123 1386 2154 ἀναϐλύζει
1406 2123 1451 2150 διὰ
1480 2122 1581 2149 τούτων
1597 2123 1647 2157 τῆς
1669 2123 1833 2157 εὐεργεσίας
1858 2123 1888 2148 τὰ

1102 2170 1220 2205 νάματα.
1238 2170 1299 2196 Τῶν
1312 2169 1340 2196 δὲ
1360 2169 1568 2204 λεχθησομένων
1588 2169 1667 2195 ὲνίων
1684 2169 1735 2204 μὲν
1755 2169 1889 2203 αὐτόπτης

1103 2216 1233 2250 ἐγενόμην
1245 2214 1310 2249 ἐγώ·
1327 2215 1376 2241 ὅσα
1392 2215 1420 2241 δὲ
1440 2215 1476 2249 μὴ
1499 2213 1643 2248 τεθέαμαι,
1662 2214 1739 2249 παρὰ
1752 2214 1808 2240 τῶν
1823 2214 1889 2239 ἐκεί-

263 2267 319 2286 uou
337 2258 403 2291 vidi,
418 2258 454 2286 ab
472 2259 506 2286 iis
521 2258 615 2286 audivi
632 2260 678 2293 qui
695 2260 831 2291 viderant.
849 2261 919 2288 viris
938 2261 1048 2289 virtutis

1101 2270 1162 2292 νους
1178 2261 1349 2295 τεθεαμένων
1373 2261 1490 2295 ἀκήκοα,
1506 2259 1610 2294 ἀνδρῶν
1629 2260 1730 2294 ἀρετῆς
1758 2259 1887 2294 ἐραστῶν,

263 2303 430 2335 amantibus,
449 2302 596 2338 dignisque
618 2303 723 2331 habitis
737 2304 786 2338 qui
804 2305 867 2332 illos
884 2305 1008 2333 viderent
1023 2312 1049 2334 et

263 2355 359 2375 eorum
373 2348 498 2374 doctrina
513 2346 684 2375 fruerentur.
695 2347 760 2376 Fide
773 2354 866 2377 autent
879 2350 955 2385 digni
970 2359 1049 2378 evan-

263 2394 356 2429 gelicae
375 2393 508 2420 doctrinae
533 2393 684 2428 scriptores
704 2398 780 2427 sunt,
801 2403 856 2422 non
880 2397 969 2423 solum
986 2395 1050 2423 Mat-

264 2439 352 2466 tltaeus
362 2444 388 2465 et
401 2437 531 2469 Joannes,
546 2438 627 2472 primi
652 2443 679 2466 et
695 2440 785 2474 magni
799 2442 983 2476 evangelista,
1001 2442 1049 2476 qui

264 2484 373 2512 Domini
391 2483 485 2511 videre
499 2483 633 2510 miracula
646 2493 652 2510 :
670 2484 718 2512 sed
733 2485 816 2512 etiam
831 2485 920 2514 Lucas
934 2491 961 2515 et
977 2488 1048 2515 Mar-

264 2535 324 2561 cus,
337 2535 410 2562 quos
430 2528 450 2555 ii
461 2528 510 2563 qui
524 2529 558 2556 ab
576 2529 654 2557 initio
678 2529 816 2563 viderant,
830 2535 857 2558 et
876 2533 952 2560 verbi
967 2533 1049 2560 mini-

263 2574 314 2601 stri
331 2573 448 2606 fuerant,
464 2581 520 2601 non
536 2581 568 2602 ea
584 2575 664 2603 modo
675 2583 736 2612 quas
749 2584 847 2612 passus
862 2581 915 2609 est,
939 2583 966 2606 et
987 2587 1049 2614 qua

264 2620 330 2648 fecit
347 2619 490 2654 Dominus,
508 2621 554 2648 sed
580 2628 612 2649 ea
628 2622 712 2650 etiam
737 2630 798 2657 quae
812 2623 923 2651 assidue
942 2624 1048 2659 docuit,

263 2668 392 2693 accurate
408 2664 570 2694 docuerunt.
597 2666 665 2695 Nam
690 2672 719 2695 et
744 2668 844 2697 beatus
864 2669 924 2704 ipse
948 2670 1048 2705 Lucas,

262 2712 309 2746 qni
329 2715 467 2745 spectator
483 2719 538 2742 non
569 2712 668 2746 fuerat,
685 2714 714 2741 in
739 2715 877 2750 principio
894 2718 987 2751 operis
1004 2718 1048 2746 sui

263 2754 330 2781 dicit
349 2762 379 2783 se
392 2763 423 2783 ea
434 2763 556 2787 narrare.
572 2756 606 2785 de
617 2758 719 2793 quibus
736 2760 743 2768 '
760 2760 863 2787 certior
878 2760 970 2789 tactus
992 2763 1046 2789 sit:

262 2804 289 2826 et
304 2807 365 2834 nos,
387 2800 452 2830 licet
474 2802 619 2830 audiamus
634 2811 697 2831 eum
713 2804 759 2831 illa
790 2813 846 2833 nou
869 2806 973 2835 vidisse
986 2815 1048 2843 quae

263 2850 367 2878 narrat,
383 2846 431 2874 sed
445 2846 515 2875 h'anc
529 2848 682 2877 doctrinam
698 2850 733 2877 ab
749 2850 811 2880 aliis
825 2853 974 2888 accepisse,
991 2861 1046 2883 non

301 2903 414 2933 ‘lCor.
432 2914 480 2944 xtl,
496 2906 543 2936 Η.

1100 2306 1211 2341 καὶτῆς
1236 2306 1348 2332 ἐκείνων
1374 2305 1437 2337 θέας
1458 2305 1505 2332 καὶ
1526 2304 1701 2336 διδασκαλίας
1718 2304 1887 2340 ἠξιωμένων·

1100 2352 1248 2387 ἀξιόχρεως
1259 2351 1288 2378 δὲ
1303 2352 1351 2378 καὶ
1375 2351 1424 2386 τὴν
1439 2351 1620 2386 εὑαγγελικὴν
1638 2351 1806 2385 συγγράφων
1821 2351 1888 2376 διδα-

1101 2397 1214 2425 σκαλίαν
1229 2397 1260 2424 οὐ
1281 2398 1360 2433 μόνον
1377 2397 1515 2428 Ματθαῖυς
1532 2397 1578 2423 καὶ
1595 2397 1735 2431 Ἰωάννης,
1750 2397 1775 2422 οἰ
1789 2396 1888 2431 πρῶτοι

1100 2442 1148 2468 καὶ⁵
1163 2441 1275 2476 μεγάλοι
1303 2442 1357 2468 τῶν
1374 2441 1584 2475 εὐαγγελιστῶν,
1606 2442 1631 2468 οἱ
1645 2441 1700 2467 τῶν
1717 2442 1889 2468 Δεσποτικών

1102 2487 1247 2522 θαυμάτων
1259 2487 1401 2514 αὑτόπται·
1422 2486 1488 2513 ἀλλὰ
1503 2487 1551 2513 καὶ
1566 2487 1686 2519 Λουκᾶς,
1704 2488 1754 2513 καὶ
1768 2487 1888 2522 Μάρκος.

1103 2532 1150 2564 οὓς
1163 2534 1188 2559 οἱ
1199 2533 1230 2565 ἐξ
1246 2533 1334 2568 ἀρχῆς
1347 2533 1489 2564 αὐτόπται,
1510 2532 1556 2558 καὶ
1577 2531 1714 2567 ὑπηρέται
1725 2531 1776 2558 τοῦ
1802 2532 1887 2565 λόγον.

1101 2579 1131 2606 οὐ
1145 2579 1224 2613 μόνον
1240 2578 1259 2605 ἃ.
1282 2578 1401 2605 πέπονθέ
1426 2585 1456 2604 τε
1480 2577 1527 2604 καὶ
1550 2577 1679 2613 δέδρακεν
1701 2579 1716 2604 ό
1741 2578 1887 2611 Δεσπότης,

1102 2625 1169 2652 ἀλλὰ
1185 2625 1232 2651 καὶ
1241 2623 1260 2651 ὃ.
1274 2624 1407 2651 διδάσκων
1422 2623 1581 2656 διετέλεσεν,
1595 2623 1718 2658 ἀκρισῶς
1733 2623 1888 2656 ἐξεπαίδευ-

1102 2679 1162 2697 σαν.
1176 2670 1231 2697 Καὶ
1251 2670 1289 2705 μὴ
1302 2669 1483 2705 γεγενημένος
1498 2669 1552 2703 γὰρ
1565 2668 1703 2703 αὐτόπτης
1717 2668 1732 2694 ό
1759 2668 1889 2703 μακάριος

1101 2717 1220 2748 Λουκᾶς,
1233 2716 1283 2752 τῆς
1303 2716 1465 2751 συγγραφῆς
1489 2714 1642 2751 ἀρξάμενος
1668 2715 1735 2749 περὶ
1755 2714 1887 2748 πεπληρο·

1102 2773 1171 2800 φορη
1176 2763 1265 2799 μένων
1281 2764 1453 2799 πραγμάτων
1462 2763 1595 2791 ποιεῖσθαί
1610 2771 1676 2798 φησι
1690 2763 1741 2798 τὴν
1754 2763 1885 2798 διήγησιν·

1101 2810 1149 2838 καὶ
1173 2811 1254 2846 ἡμεῖς
1267 2810 1307 2843 δὲ,
1322 2810 1466 2842 ἀκούοντες
1492 2811 1533 2837 ὃτι
1551 2810 1601 2837 οὐκ
1629 2809 1774 2845 αὐτόπτης
1786 2809 1886 2844 ἐγένετο

1101 2856 1204 2885 τούτων
1214 2857 1304 2885 αὐτῶν
1318 2857 1504 2894 διηγημάτων,
1522 2855 1588 2883 am
1602 2856 1667 2892 παρ’
1681 2855 1773 2884 ἄλλων
1790 2854 1885 2890 ταύτην

1379 2947 1419 2969 l'g'
1461 2964 1465 2968 .
