2036 3122
180 197 250 232 1293

787 197 988 230 RELIGIOSA
1006 197 1197 228 HISTORIA.

1733 201 1802 234 1295

180 257 229 292 τὴν
243 257 415 283 διδασκαλίαν
436 257 600 292 παρέλαϐεν,
619 257 698 284 ὀὐδὲν
722 255 803 294 ἧττον
831 258 904 293 αὐτῷ
920 263 954 285 και

1016 254 1107 281 minus
1130 255 1170 282 illi
1186 261 1212 282 et
1234 255 1324 283 Marco
1354 257 1503 290 credimus,
1523 266 1605 294 quam
1630 259 1756 289 Matutam
1774 265 1801 288 et

180 304 286 338 Μάρκῳ
299 303 478 338 προσέχομεν,
496 304 512 338 ἢ
526 303 656 340 Ματθαίῳ
669 305 716 330 καὶ
737 304 856 341 Ἰωάννῃ.
881 306 965 339 Ἀξιό-

180 357 268 384 χρεως
294 348 348 383 γὰρ
362 349 490 384 ἑκάτερος
506 348 693 385 διηγούμενος,
711 351 758 377 ἅτε
777 351 808 386 δὴ
825 352 900 387 παρὰ
911 351 965 378 τῶν

179 394 353 428 τεθεαμένων
379 394 581 429 δεδιδαγμένος.
608 396 754 431 Τοιγάρτοι
778 397 825 423 καὶ
839 398 920 432 ἡμεῖς
930 397 965 424 τά

181 440 231 475 μὲν
245 440 362 475 ἐροῦμεν
375 440 412 472 ὡς
427 441 570 474 αὐτόπται,
593 441 628 468 τὰ
639 442 668 468 δὲ
682 443 738 473 τοῖς
759 442 905 475 αὐτόπταις
923 443 964 469 δι-

179 486 363 520 ηγησαμένας
389 487 613 519 πεπιστευκότες,
646 487 757 522 ἀνδράσι
780 487 826 514 τὸν
853 488 964 516 ἐκείνων

180 529 237 565 βίον
251 530 410 565 ἐζηλωκόσι.
428 531 553 563 Πλείονας
567 531 595 558 δὲ
610 532 674 567 περὶ
683 532 778 559 τούτου
786 533 963 568 δεδαπάνηκα

177 575 284 610 λόγους,
297 578 389 603 πεῖσαι
400 574 559 611 βουλόμενος
572 578 609 609 ὼς
623 577 709 613 ἀληθῆ
719 578 964 615 διηγήσομαι.“Ἀρ-

179 620 260 656 ξομαι
274 622 303 648 δὲ
318 622 367 657 τῆς
391 622 544 658 διηγήσεως
558 623 633 650 ἐνθεν
648 623 726 651 ἑλών,

165 692 171 701 ε
435 667 475 693 Αι.
491 681 526 686 —
541 667 698 694 ΙΑΚΩΒΟΣ.

168 712 171 735 Ξ
212 711 332 746 Μωῦσῆς
345 713 358 738 ὁ
379 712 450 743 θεῖος
465 713 479 739 ὁ
500 713 657 749 νομοθέτης,
673 715 687 740 ὁ
700 713 749 748 τῆς
768 713 902 749 θαλάττης
916 715 962 741 τὸν

175 755 301 791 πυθμένα
324 755 480 791 γυμνώσας,
508 757 555 783 καὶ
568 757 618 792 τὴν
635 757 747 793 ἄνυδρον
765 757 866 793 ἔρημον
884 758 960 785 ὕδασι

175 801 358 834 κατακλύσας,
380 803 426 828 καὶ
447 803 480 829 τὰ
497 802 565 829 ἄλλα
590 804 678 831 πάντα
705 804 959 841 Θαυματουργήσας,

174 848 229 875 τῶν
244 848 328 876 πάλαι
353 849 542 884 γεγενημένων
560 849 645 883 ἁγίων
669 849 717 885 τὴν
742 850 878 877 πολιτείαν
899 859 961 878 συν-

175 894 304 929 ἔγραψεν,
316 895 346 920 οὐ
359 896 391 929 τῇ
412 894 492 930 σοφίᾳ
505 894 686 930 χρησάμενος,
704 896 736 931 ἣν
751 896 826 931 παρὰ
841 896 894 923 τῶν
910 896 958 923 Αί-

173 941 296 975 γυπτίων
309 941 476 976 μεμάθηκεν,
499 941 568 968 ἀλλὰ
584 941 632 976 τῆς
653 942 754 968 ἄνωθεν
777 943 886 978 χάριτος
911 943 960 978 τὴν
972 941 990 976 ,ξ

173 987 270 1022 αέγλην
284 987 438 1022 δεξάμενος.
459 987 543 1014 Πόθεν
561 987 614 1023 γὰρ
628 988 661 1014 ἂν
673 988 773 1023 ἔμαθεν
792 988 901 1015 ἄλλοθεν
914 989 961 1016 τοῦ

175 1033 259 1060 Ι’Δόελ
277 1034 326 1068 τὴν
338 1033 447 1070 ἀρετὴν,
467 1033 569 1060 καὶτοῦ
590 1033 674 1069 Ἑνὼχ
694 1034 724 1060 τὸ
751 1033 883 1068 φιλόθεον,
915 1036 961 1062 καὶ

172 1078 220 1104 τοῦ
250 1078 312 1106 Νῶε
336 1079 367 1105 τὸ
382 1078 496 1112 δίκαιον,
519 1079 566 1105 καὶ
593 1079 642 1114 τὴν
661 1079 759 1115 εὐσεϐῆ
787 1079 834 1106 τοῦ
857 1081 961 1115 Μελχι-

175 1125 252 1151 σεδὲκ
269 1125 426 1161 ἱερωσύνην,
447 1124 553 1152 καὶτοῦ
567 1125 693 1161 Ἀδραὰμ
715 1125 763 1161 τὴν
785 1126 889 1161 κλῆσιν,
912 1126 960 1163 τὴν

170 1170 277 1202 πίστιν,
293 1170 343 1205 τὴν
358 1171 514 1206 καρτερίαν,
532 1170 581 1206 τὴν
601 1170 716 1206 ἐπιμελῆ
734 1171 896 1205 φιλοξενίαν,
911 1171 959 1207 τὴν

175 1216 391 1252 πολυθρύλλητον
402 1218 449 1244 τοῦ
469 1216 563 1248 παιδὸς
588 1217 753 1253 ἱερουργίαν,
765 1218 812 1244 καὶ
834 1218 878 1245 τὸν
905 1218 959 1245 τῶν

171 1261 261 1288 ἄλλων
282 1261 499 1297 κατορθωμάτων
521 1262 681 1297 κατάλογον,
699 1263 745 1290 καὶ
761 1264 899 1298 συντόμως
917 1265 957 1291 εἰ-

173 1307 244 1339 πεῖν,
256 1307 309 1333 τῶν
332 1307 480 1334 θεσπεσίων
499 1307 610 1334 ἐκείνων
627 1308 729 1344 ἀνδρῶν
750 1309 813 1341 τοὺς
838 1310 956 1343 ἀγῶνας,

172 1351 219 1377 καὶ
233 1352 321 1383 νίκας,
345 1352 392 1384 τὰς
412 1352 586 1388 ἀναρρήσεις,
608 1354 633 1379 εἰ
662 1353 700 1388 μὴ
723 1353 770 1380 τοῦ
794 1354 887 1390 νοεροῦ
910 1355 957 1381 καὶ

169 1397 246 1424 θείου
268 1397 426 1433 Πνεύματος
441 1397 490 1429 τὰς
507 1399 619 1430 ἀκτῖνας
641 1399 763 1432 ὲδέξατος
779 1399 887 1434 Ταύτης
910 1400 957 1427 ἐπὶ

171 1442 218 1469 τοῦ
233 1443 363 1478 παρόντος
378 1443 460 1477 κάμοὶ
487 1443 526 1469 δεῖ
549 1444 598 1478 τῆς
621 1444 775 1478 συνεργίας,
798 1445 852 1470 τῶν
867 1443 956 1478 ὀλίγον

171 1487 225 1522 πρὸ
237 1487 314 1522 ήμῶν
331 1489 379 1514 καὶ
400 1487 443 1522 ἐφ’
467 1488 544 1522 ἡμῶν
561 1488 589 1514 δὲ
611 1487 776 1522 λαμψάντων
803 1488 888 1522 ἁγίων
910 1488 956 1516 τὸν

172 1530 228 1566 βίον
248 1531 411 1567 πειρωμένῳ
427 1532 593 1567 συγγράψαι,
616 1533 664 1558 καὶ
683 1529 737 1558 οἷον
765 1541 825 1558 τινα
842 1532 954 1567 νομοθε-

1015 298 1123 326 Joanni.
1134 299 1228 328 Fidem
1243 302 1327 333 enim,
1340 302 1403 330 dum
1421 307 1544 336 narrant,
1554 310 1695 332 merentur
1708 306 1800 339 ambo,

1016 348 1046 371 ut
1063 346 1097 371 ab
1114 345 1148 373 iis
1173 346 1265 373 edocti
1291 347 1337 381 qui
1352 348 1489 375 viderant.
1509 349 1600 382 Quare
1624 359 1675 378 nos
1691 359 1801 386 quoque

1016 391 1191 419 narrabimus
1203 399 1233 418 ea
1250 399 1310 426 quae
1323 393 1423 427 partim
1442 394 1495 428 ipsi
1511 395 1639 428 vidimus,
1651 397 1748 431 partim
1765 397 1800 425 iis

1014 436 1062 470 qui
1085 436 1220 469 viderant,
1246 446 1397 473 eorumque
1427 440 1510 467 vitam
1530 441 1717 474 imitabantur,
1736 451 1801 471 nar-

1014 483 1142 510 rantibus
1155 484 1335 512 credidimus.
1351 484 1390 512 De
1413 485 1456 513 bis
1472 491 1563 514 autem
1592 488 1654 515 ideo
1673 489 1797 523 pluribus

1015 529 1106 556 verbis
1117 529 1245 562 disserui,
1263 535 1290 557 ut
1307 538 1351 558 me
1367 539 1430 558 vera
1453 537 1627 560 narraturum
1648 537 1797 569 persuade-

1013 575 1167 603 rem..iiine
1188 584 1253 604 vero
1268 577 1397 613 deinceps
1412 586 1526 606 narrare
1542 579 1683 615 incipiam.

1227 666 1334 702 1108
1352 667 1413 694 1.-
1427 667 1590 697 JACOBUS.

1049 706 1140 738 Moses
1154 711 1263 739 divinus
1279 713 1431 748 legislator,
1442 715 1489 750 qui
1503 717 1586 744 maris
1602 716 1717 745 fundum
1733 727 1798 754 ape-

1014 757 1078 788 ruit,
1099 761 1127 784 et
1146 758 1224 793 aquis
1237 759 1328 786 obruit
1344 760 1448 788 aridam
1474 762 1663 796 solitudinem,
1692 769 1719 792 et
1745 767 1798 794 alia

1014 803 1105 830 omnia
1119 802 1184 831 fecit
1201 805 1346 838 miracula,
1362 812 1485 835 veterum
1502 813 1660 837 sanctorum
1683 819 1726 839 res
1751 820 1796 847 ge-

1013 853 1072 877 stas
1084 850 1266 885 conscripsit,
1281 860 1336 879 non
1353 860 1384 880 ea
1404 858 1483 882 utens
1499 856 1644 890 sapientia,
1667 866 1748 892 quarti
1764 859 1798 886 ab

1014 895 1152 932 Egyptiis
1168 897 1313 932 didicerat,
1331 899 1379 927 sed
1404 901 1549 936 splendore
1572 903 1668 937 gratim
1689 905 1796 933 cmlitus

1013 947 1136 978 accepto.
1160 944 1305 972 Undenam
1330 945 1402 973 enim
1431 947 1531 982 alioqui
1549 948 1642 977 Abelis
1667 950 1795 978 virtutem

1012 990 1198 1023 cognovisset,
1211 995 1259 1018 aut
1279 991 1384 1019 Enocbi
1398 1000 1520 1020 amorem
1536 994 1670 1027 divinum,
1686 1001 1713 1024 ct
1725 996 1797 1024 Noa-

1012 1034 1057 1061 cbi
1072 1035 1219 1069 justitiam,
1235 1041 1263 1064 et
1288 1037 1482 1066 Melchisedeci
1497 1040 1572 1074 pium
1597 1042 1795 1075 sacerdotium,

1011 1082 1037 1106 et
1051 1079 1166 1108 Abrahae
1180 1081 1362 1114 vocationem,
1377 1082 1469 1115 ﬁdem,
1499 1084 1687 1114 fortitudinem
1706 1091 1733 1114 et
1746 1095 1796 1115 ex-

1011 1125 1141 1159 quisitam
1168 1126 1393 1162 hospitalitatem,
1417 1129 1592 1158 decantatum
1619 1125 1668 1159 ﬁlii
1686 1133 1795 1160 sacriﬁ-

1010 1171 1093 1204 cium,
1110 1176 1138 1199 et
1151 1173 1265 1200 aliorum
1278 1173 1337 1207 ejus
1351 1174 1515 1203 eximiorum
1527 1176 1681 1205 facinorum
1691 1179 1795 1205 catalo-

1006 1225 1085 1252 gum,
1101 1221 1195 1252 atque,
1215 1223 1245 1246 ut
1260 1219 1287 1246 in
1303 1227 1409 1248 summa
1424 1220 1525 1254 dicam,
1543 1221 1699 1250 divinorum
1722 1224 1795 1251 viro-

1009 1271 1070 1290 rum
1092 1264 1204 1292 illorum
1231 1265 1394 1299 certamina,
1420 1267 1562 1301 victorias,
1575 1270 1723 1304 praeconia,
1741 1269 1795 1298 nisi

1009 1309 1190 1344 intelligentis
1203 1310 1345 1347 divinique
1361 1312 1480 1348 Spiritus
1507 1315 1601 1343 radios
1622 1317 1794 1352 accepisset?

1008 1353 1068 1382 Hoc
1081 1355 1148 1382 mihi
1161 1364 1269 1392 quoque
1282 1358 1467 1392 inpraesentia
1484 1367 1554 1395 opus
1565 1365 1608 1390 est
1620 1362 1733 1394 auxilio,
1745 1364 1792 1399 qui

1008 1407 1091 1428 coner
1107 1400 1189 1428 vitam
1201 1403 1376 1432 conscribere
1392 1409 1562 1438 sanctorum,
1576 1407 1622 1442 qui
1637 1408 1718 1443 paulo
1729 1413 1793 1436 ante

1006 1453 1068 1478 nos,
1085 1451 1112 1474 et
1128 1448 1231 1475 nostris
1255 1449 1424 1483 temporibus
1449 1450 1582 1484 claruere,
1610 1455 1637 1480 et
1659 1453 1791 1487 quasdam

1006 1492 1092 1520 veluti
1105 1492 1178 1527 leges
1203 1494 1286 1522 velim
1308 1495 1410 1523 imitari
1427 1504 1474 1524 eos
1489 1497 1666 1533 cupientibus
1689 1506 1790 1533 propo-

1008 1546 1083 1566 nere.
1101 1539 1212 1567 Illorum
1229 1548 1295 1576 ergo
1310 1542 1468 1570 invocanda:
1483 1547 1548 1571 sunt
1560 1551 1666 1579 preces,
1686 1550 1713 1572 et
1725 1544 1790 1572 inci-

171 1576 231 1603 σίαν
250 1579 304 1607 τοῖς
329 1576 426 1612 ζηλοῦν
437 1577 556 1603 ἐθέλουσι
572 1576 724 1612 βουλομένῳ
737 1579 887 1612 προτεῖναι.
898 1579 954 1610 Τὰς
968 1595 989 1625 c
1008 1583 1106 1619 pianda
1122 1585 1254 1613 nan-auo,

169 1622 270 1650 τούτων
280 1623 368 1650 τοίνυν
379 1622 531 1659 προσευχὰς
543 1622 714 1658 ἐπικλητέον,
729 1623 776 1651 καὶ
795 1624 844 1659 τῆς
858 1624 953 1660 διηγή-

171 1677 239 1700 σεως
256 1669 380 1703 ἀρκτέον.

203 1714 310 1746 Νίσιΰίς
332 1715 391 1741 ἐστι
409 1715 484 1747 πόλις
497 1715 524 1741 ἐν
539 1715 657 1751 μεθορίῳ
679 1716 728 1750 τῆς
752 1716 894 1751 Ῥωμαίων
907 1717 954 1744 κα)⁵

169 1759 281 1794 Περσῶν
296 1760 445 1795 βασιλείας,
466 1760 482 1796 ἢ
500 1761 582 1788 πάλαι
600 1761 649 1796 μὲν
672 1761 816 1796 Ῥωμαίοις
836 1763 952 1797 ἐδασμο-

167 1806 255 1840 φόρει,
279 1807 326 1832 καὶ
343 1805 395 1832 ὑπὸ
418 1806 467 1841 τὴν
491 1807 593 1833 τούτων
624 1807 770 1842 ἡγεμονίαν
790 1807 885 1834 ἐτέλει.
906 1808 952 1834 Ἐκ

166 1850 267 1886 ταύτης
277 1850 436 1886 ὁρμώμενος
457 1852 470 1877 ὁ
497 1853 582 1886 μέγας
600 1852 736 1884 Ἰάκωϐος,
751 1852 797 1879 τὸν
820 1853 952 1889 ὲρημικὸν

167 1897 213 1922 καὶ
228 1896 337 1931 ἡσύχιον
362 1897 502 1931 ἠσπάσατο
525 1896 591 1932 βίον,
612 1898 658 1924 καὶ
680 1897 727 1929 τὰς
743 1897 797 1925 τῶν
818 1899 952 1934 ὑψηλοτά-

165 1950 218 1968 των
234 1941 303 1976 ὀρῶν
322 1941 481 1968 καταλαϐὼν
505 1943 635 1977 κορυφὰς,
656 1943 685 1969 ἐν
707 1943 826 1975 ἐκείναις
848 1944 949 1980 διῆγεν’

166 1988 194 2013 ὲν
208 1987 268 2023 ἔαρι
287 1987 347 2023 μὲν,
363 1988 409 2014 καὶ
426 1987 509 2023 θέρει,
530 1988 576 2014 καὶ
594 1988 744 2023 μετοπώρῳ
760 1990 819 2020 ταῖς
838 1989 951 2025 λόχμαις

165 2033 314 2068 χρώμενος,
332 2034 378 2059 καὶ
393 2033 488 2069 ὄροφον
506 2033 630 2068 ἔχωντὸν
654 2034 779 2068 οὐρανόν·
802 2035 885 2062 zemas
903 2035 950 2062 τοῦ

164 2078 296 2113 χειμῶνος
313 2079 408 2114 καιρὸν
435 2079 532 2114 ἄντρον
548 2078 629 2105 αὐτὸν
646 2079 803 2114 ὑπεδέχετο,
821 2081 950 2115 βραχεῖαν

165 2124 269 2160 σκέπην
280 2125 410 2160 παρέχον.
424 2124 532 2160 Τροφὴν
543 2124 571 2151 δὲ
580 2122 662 2159 εἶχεν,
672 2125 702 2151 οὐ
722 2125 771 2160 τὴν
785 2125 853 2160 μετὰ
868 2125 949 2152 πόνου

164 2171 345 2206 σπειρομένην
354 2171 400 2196 καὶ
414 2170 563 2206 φυομένην,
578 2170 645 2197 ἀλλὰ
657 2170 705 2205 τὴν
715 2170 874 2206 αὐτομάτως
887 2171 950 2206 βλαι

164 2217 325 2242 στάνουσαν.
345 2216 405 2243 Τῶν
419 2215 473 2251 γὰρ
487 2216 590 2252 ἀγρίων
599 2215 715 2251 δένδρων
730 2217 792 2248 τοὺς
805 2216 947 2251 αὐτοφυεῖς

164 2261 299 2296 συλλέγων
317 2263 450 2297 καρποὺς,
464 2261 510 2288 καὶ
534 2261 589 2288 τῶν
604 2261 723 2296 βοτανῶν
737 2261 786 2293 τὰς
802 2262 947 2298 ἐδωδίμους

163 2311 208 2337 καὶ
220 2310 392 2345 λαχανὼδεις,
414 2311 446 2336 ὲκ
469 2309 571 2337 τούτων
589 2310 674 2337 ἐδίδου
683 2310 721 2345 τῷ
735 2310 840 2345 σώματι
853 2311 887 2337 τὰ
907 2311 947 2343 είς

160 2357 191 2384 τὸ
206 2357 254 2392 ζῇν
281 2356 454 2392 ἀποχρῶντα,
478 2356 526 2392 τὴν
548 2358 595 2383 τοῦ
623 2357 707 2392 πυρὸς
732 2357 946 2393 παραιτούμενος

161 2404 265 2437 χρείαν.
282 2403 399 2438 Περιττὴ
422 2402 450 2428 δὲ
465 2400 499 2437 ἦν
519 2402 592 2437 αὐτῷ
608 2403 654 2429 καὶ
674 2403 728 2429 τῶν
744 2403 825 2438 ἐρίων
843 2405 858 2439 ὴ
879 2405 946 2439 χρῆ-

161 2456 213 2480 in:
227 2449 254 2475 al
268 2451 321 2484 γὰρ
335 2448 499 2484 τραχύτατοι
512 2448 566 2475 τῶν
585 2449 670 2483 αἰγῶν
682 2448 772 2485 τρίχες
787 2450 821 2477 τὰ
832 2450 945 2477 ἐκείνων

160 2494 305 2530 ἐπλήρουν.
328 2495 376 2521 Ἐκ
386 2494 486 2521 τούτων
502 2494 577 2529 αὐτῷ
596 2495 641 2521 καὶ
660 2495 741 2529 χιτὼν
757 2496 875 2530 ἐγένετο,
901 2497 947 2524 καὶ

159 2540 190 2566 τδ
199 2540 301 2567 ἁπλοῦν
324 2540 504 2576 περιὸόλαιον.
520 2540 596 2567 Οὕτω
612 2542 642 2567 τὸ
660 2540 738 2576 σῶμα
757 2541 944 2577 κατατρύχων,

160 2587 207 2613 καὶ
217 2586 266 2622 τὴν
281 2587 467 2622 πνευματικὴν
475 2587 577 2623 τροφὴν
587 2587 717 2622 διηνεκῶς
734 2588 886 2623 προσέφερε
910 2591 943 2624 τῇ

159 2631 243 2667 ψυχῇ.
265 2633 311 2659 καὶ
323 2632 353 2659 τὸ
382 2630 426 2666 τῆς
437 2633 556 2664 διανοίας
579 2632 689 2660 ὀπτικδν
700 2633 882 2670 ἐκκαθαίρων,
897 2636 943 2662 καὶ

160 2677 312 2712 κάτοπτρον
326 2678 453 2712 διαφανὲς
472 2677 519 2705 τοῦ
535 2677 608 2705 θείου
630 2679 841 2711 κατασκευάζων
858 2680 942 2707 Πνεύ-

161 2730 255 2756 ματος,
270 2722 521 2758 ἀνακεκαλυμμένῳ
543 2722 692 2759 προσώπῳ,
713 2723 781 2751 κατὰ
807 2723 853 2751 τὸν
872 2724 943 2752 θεῖον

167 2767 335 2801 ’Δπὸστολον,
352 2777 361 2794 ι
380 2768 435 2804 Τὴν
454 2768 532 2801 δόξαν
557 2769 660 2806 Κυρίου
685 2770 941 2806 κατοπτριζόμενος,

160 2812 209 2848 τὴν
225 2813 308 2849 αὐτὴν
321 2813 413 2841 (indvat
429 2815 628 2851 μετεμορφοῠτο
642 2815 695 2843 ἀπὺ
707 2815 786 2852 δόξης
799 2817 839 2849 εἰς
852 2817 940 2852 δόξαν,

198 2901 210 2921 ³
233 2899 253 2927 ll
269 2900 331 2928 Cor.
350 2908 391 2933 ιιι,
406 2900 448 2928 ί8.

1040 1720 1142 1750 Nisibis
1162 1722 1228 1750 urbs
1250 1722 1337 1750 estin
1355 1722 1475 1751 confinio
1495 1724 1572 1759 regni
1597 1723 1787 1752 Romanorum

1004 1772 1030 1795 et
1043 1767 1188 1796 Persarum
1203 1769 1302 1803 posita,
1317 1777 1377 1804 quat
1403 1770 1535 1797 Romanis
1553 1770 1618 1797 olim
1645 1770 1788 1805 vectigalis

1003 1818 1074 1845 erat,
1095 1822 1245 1848 eorumque
1270 1815 1383 1849 parebat
1414 1815 1541 1849 imperio.
1567 1814 1607 1842 Ex
1631 1815 1682 1842 hac
1710 1820 1787 1844 ortus

1003 1869 1119 1896 magnus
1132 1861 1263 1894 Iacobus,
1287 1861 1439 1889 solitariam
1455 1866 1483 1889 et
1508 1861 1629 1896 quietam
1645 1861 1728 1888 vitam
1745 1867 1788 1890 est

1004 1906 1164 1940 amplexus;
1194 1906 1448 1941 altissimorumque
1481 1905 1614 1934 montium
1643 1906 1786 1941 occupatis

1003 1950 1164 1984 verticibus,
1177 1950 1205 1977 in
1222 1950 1265 1978 his
1279 1950 1362 1978 vitam
1376 1951 1442 1985 egit,
1453 1958 1515 1978 vere
1531 1950 1642 1985 quidem
1655 1954 1682 1978 et
1694 1954 1787 1978 aestate

1002 1999 1084 2030 atque
1099 2000 1234 2023 autumno
1249 1996 1333 2024 silvas
1345 2001 1452 2031 petens,
1468 2001 1494 2024 et
1507 2004 1556 2031 pro
1568 1998 1577 2007 ‘
1596 2001 1668 2024 tecto
1680 1996 1785 2024 habens

1002 2040 1111 2073 cmlum,
1127 2040 1225 2067 hiemis
1247 2048 1311 2068 vero
1338 2045 1461 2077 tempore
1487 2041 1513 2068 in
1528 2045 1638 2068 antrum
1670 2049 1699 2069 se
1712 2041 1784 2069 reci-

1001 2085 1089 2120 piens,
1105 2086 1177 2120 quod
1191 2093 1304 2120 parvum
1325 2087 1349 2114 ei
1367 2087 1506 2121 praebebat
1528 2091 1724 2123 tegumentum.
1739 2087 1784 2114 Ci-

1001 2130 1052 2158 bus
1065 2127 1172 2166 1109
1185 2131 1223 2157 illi
1244 2135 1314 2163 erat,
1339 2139 1393 2158 non
1408 2133 1455 2166 qui
1473 2139 1534 2159 cum
1551 2133 1644 2159 labore
1661 2132 1784 2159 nascitur

1000 2179 1027 2203 et
1041 2176 1154 2207 seritur,
1170 2176 1218 2203 sed
1229 2177 1276 2211 qui
1292 2184 1342 2203 sua
1366 2180 1466 2211 sponte
1480 2176 1650 2211 producitur.
1682 2177 1720 2204 Ex
1734 2177 1783 2204 sil-

1000 2220 1136 2248 vestribus
1150 2220 1223 2247 enim
1243 2220 1389 2247 arboribus
1415 2225 1512 2255 sponte
1540 2225 1620 2248 natos
1650 2221 1782 2256 colligens

964 2259 985 2287 Ῐ)
1000 2264 1116 2297 fructus,
1128 2269 1155 2292 et
1167 2272 1200 2292 ex
1212 2264 1304 2292 herbis
1315 2265 1483 2297 esculentas,
1498 2269 1524 2292 et
1537 2273 1598 2300 qua:
1618 2266 1704 2292 instar
1718 2271 1782 2293 sunt

999 2311 1116 2343 olerum,
1135 2318 1168 2338 ex
1184 2310 1226 2339 bis
1246 2311 1358 2346 corpori
1378 2311 1459 2338 dabat
1475 2319 1535 2347 qua:
1555 2311 1589 2339 ad
1607 2312 1687 2339 vitam
1703 2316 1782 2339 tuen-

999 2357 1061 2385 dam
1086 2358 1153 2386 satis
1182 2362 1268 2390 erant,
1295 2357 1366 2392 ignis
1394 2365 1474 2384 usum
1503 2357 1612 2392 penitus
1639 2365 1781 2386 recusans.

1001 2403 1083 2431 Usum
1102 2411 1212 2438 quoque
1243 2403 1366 2430 lanarum
1395 2396 1627 2437 supervacaneum
1654 2402 1780 2433 ducebat.

997 2456 1149 2483 earumque
1164 2448 1252 2475 vicem
1274 2448 1418 2482 asperrimi
1451 2455 1597 2483 caprarum
1615 2448 1671 2476 villi
1687 2449 1781 2483 exple-

1002 2494 1079 2526 bant,
1102 2501 1134 2521 ex
1154 2494 1253 2528 quibus
1269 2498 1296 2521 et
1324 2493 1418 2520 tunica
1446 2494 1483 2521 illi
1502 2493 1595 2532 ﬁebat,
1617 2498 1644 2521 et
1664 2494 1780 2529 simplex

1000 2539 1160 2566 amiculum.
1174 2539 1213 2565 ita
1225 2546 1325 2573 corpus
1337 2537 1469 2573 aﬂligens,
1485 2539 1609 2574 spiritale
1620 2539 1780 2566 alimentum

1000 2584 1110 2612 assidue
1126 2583 1320 2619 suppeditabat
1337 2583 1445 2617 animae,
1462 2584 1617 2619 mentisque
1632 2585 1717 2612 aciem
1733 2592 1781 2611 ex—

997 2638 1130 2666 purgans,
1156 2635 1183 2657 et
1208 2629 1294 2657 divini
1310 2629 1431 2665 Spiritus
1459 2631 1632 2666 perspicuum
1660 2630 1779 2658 etiicieus

997 2675 1151 2712 speculum,
1175 2675 1293 2703 revelata
1317 2676 1403 2708 facie,
1420 2677 1498 2711 juxta
1519 2676 1642 2704 divinum
1665 2677 1779 2712 Apostow

998 2723 1052 2750 lum
1066 2725 1089 2756 ε,
1109 2732 1118 2748 ι
1148 2721 1268 2750 Gloriam
1292 2722 1398 2750 Domini
1419 2723 1574 2758 speculans,
1601 2723 1629 2750 in
1655 2722 1778 2751 eamdem

997 2768 1247 2797 transformabantur
1270 2768 1416 2803 imaginem
1446 2777 1459 2796 a
1493 2769 1578 2804 gloria
1606 2768 1634 2796 in
1660 2768 1775 2804 gloriam

996 2821 1126 2851 tanquam
1140 2821 1156 2842 a
1182 2814 1287 2850 Spiritu
1304 2813 1446 2843 Domini.»
1471 2814 1540 2843 lliuc
1557 2815 1619 2851 ejus
1634 2815 1664 2844 in
1689 2814 1776 2844 Deum
