2036 3122
254 207 322 239 1295

745 205 990 237 THEODORETI
1006 206 1175 238 EPISCOPI
1194 207 1378 238 CYRENSIS

1814 210 1880 244 1296

251 265 349 292 titlucia
367 264 517 298 augebatur
534 264 561 291 in
576 264 646 295 dies,
660 267 687 290 et
708 271 722 290 a
737 263 791 290 Deo
804 268 900 298 petens
918 272 978 300 qua!
993 273 1036 300 pe-

1088 265 1212 301 κσθάπερ
1225 266 1279 293 ἀπὸ
1294 265 1394 300 Κυρίου
1408 267 1574 303 Πνεῦματος.
1596 276 1607 294 s
1629 269 1799 305 Ἑντεῦθενὴ
1815 271 1881 306 πρὸς

248 315 305 338 tere
318 310 478 345 oportebat,
496 317 528 337 ea
551 309 645 337 statim
664 309 816 336 obtinebat.
848 309 917 338 Hinc
943 311 1034 337 futura

249 363 359 391 quoque
379 355 573 390 prophetarum
603 361 680 382 more
718 354 895 389 praevidebat,
933 360 959 383 et
1003 356 1035 382 ad

249 400 376 428 facienda
391 401 525 428 miracula
543 401 671 428 vinutem
694 407 709 427 a
725 399 892 427 sanctissimi
918 400 1037 436 Spiritus

249 447 338 481 gratia
352 446 533 482 percipiebat.
546 445 585 473 Ex
603 446 647 473 his
663 453 750 480 pauca
764 445 998 477 commemorabo,
1009 449 1038 472 et

251 492 398 528 apostolici
415 492 476 528 ejus
497 491 653 528 splendoris
670 491 777 519 radium
794 491 828 518 iis
845 491 891 526 qui
909 492 1037 519 nesciunt

249 546 382 574 apertam.

288 629 400 666 Vigebat
415 631 461 657 illo
478 634 601 666 tempore
617 630 759 658 hominum
784 629 894 657 insania
917 636 982 664 erga
1000 628 1038 656 si-

249 677 388 709 mulacra.
403 681 430 704 et
448 677 576 705 inanimae
591 676 703 712 quidem
718 680 818 704 statua:
837 675 961 703 divinum
982 675 1038 702 sibi

249 723 354 750 cultum
380 723 577 755 vindicabant.
599 721 647 750 Dei
666 726 759 749 autem
776 721 868 749 cultus
887 721 970 756 vulgo
987 728 1038 748 ne-

248 769 403 806 gligebatur
420 776 434 795 a
451 768 578 804 plurimis
595 777 602 795 :
621 768 848 804 contemptuique
865 766 1038 795 habebantur

248 815 295 850 qui
325 814 466 842 ebrietatis
492 821 589 842 eorum
615 813 750 841 nolebant
776 820 838 841 esse
865 812 1035 847 participes,

247 859 351 895 quique
367 859 488 894 perfecta
509 859 612 886 virtute
631 858 738 894 praediti
756 865 801 885 res
821 856 1035 891 discernebant,

247 910 274 933 et
291 906 502 933 simulacrorum
525 905 646 932 ridentes
667 903 889 932 imbecillitatem
903 924 909 936 ,
923 903 1036 930 univer-

1087 311 1132 337 τὸν
1147 311 1213 337 Θεὸν
1228 311 1302 346 αὑτῷ
1326 312 1468 348 παρρησία
1493 313 1555 339 καθ’
1573 313 1692 349 ἑκάστην
1706 315 1808 349 ηὖξετο
1833 317 1882 352 τὴν

1087 356 1208 392 ἡμέραν,
1227 358 1274 384 καὶ
1290 358 1373 384 αἰτῶν
1393 357 1411 385 ἆ
1425 359 1471 385 τὸν
1486 359 1552 385 Θεὸν
1573 361 1660 386 αἰτεῖν
1670 360 1734 391 ἔδει,
1747 362 1883 396 παραυτί-

1088 411 1123 429 κα
1139 403 1301 438 ἐλάμϐανεν.
1314 404 1455 430 Ἐντεῦθεν
1474 405 1521 431 καὶ
1545 405 1579 431 τὰ
1606 405 1724 440 ἐσόμενα
1746 415 1883 442 προφητι-

1088 449 1145 480 κῶς
1168 448 1307 484 προεώρα,
1331 450 1379 477 καὶ
1408 449 1522 485 δύναμιν
1541 451 1582 482 είς
1603 451 1829 487 θαυματουργίαν
1850 453 1883 479 ἑκ

1087 493 1137 529 τῆς
1153 493 1200 520 τοῦ
1216 494 1296 529 ἁγίου
1311 495 1470 530 Πνεύματος
1493 495 1601 529 ἐδέξατο
1625 497 1747 531 χάριτος.
1772 498 1883 525 Τούτων

1086 539 1167 575 ὀλίγα
1184 541 1361 577 διηγήσομαι,
1386 542 1432 569 καὶ
1446 542 1495 578 τῆς
1516 543 1698 578 ἁποστολικῆς
1711 543 1796 571 αὐτοῦ
1813 544 1884 580 λαμ-

1089 585 1202 620 πηδόνος
1213 588 1270 618 τοῖς
1280 586 1409 620 ἀγνοοῦσι
1428 587 1477 622 τὴν
1490 587 1586 613 ἀκτῖνα
1602 587 1726 621 δηλώσω.

1125 631 1253 665 Ἤκμαζε
1265 632 1325 658 κατ’
1338 633 1441 659 ἐκεῖνον
1456 632 1501 659 τδν
1517 633 1613 668 καιρὸν
1627 633 1644 668 ή
1657 633 1721 668 περὶ
1737 633 1775 660 τὰ
1783 631 1884 660 εἴδωλα

1087 676 1142 703 τῶν
1156 677 1309 712 ἀνθρώπων
1337 678 1432 713 μανία,
1457 678 1505 705 καὶ
1525 678 1560 705 τὰ
1577 678 1626 713 μὲν
1641 679 1734 714 ἄψυχα
1749 679 1833 711 ξόανα
1853 679 1884 706 τδ

1087 721 1161 748 θετον
1177 723 1258 755 σέσας
1280 723 1480 760 ισφιτερίζετο,
1493 725 1510 760 ἡ
1533 725 1562 752 δι
1584 726 1631 752 τοῦ
1655 724 1724 752 Θεοῦ
1745 725 1883 761 θεραπεία

1088 767 1142 795 ὑπὸ
1158 768 1214 796 τῶν
1232 769 1367 796 πλείστων
1382 770 1573 805 ητημελεῖτο·
1590 771 1827 806 εὐκαταφρόνητοι
1854 772 1883 798 δὲ

1086 811 1158 850 ἦσαν
1171 815 1196 841 οι
1210 816 1350 842 κοινωνεῖν
1367 815 1416 850 μὲν
1427 816 1478 843 οὐκ
1492 816 1630 848 ἐθέλοντες
1644 817 1761 849 ἐκείνοις
1772 816 1823 851 τῆς
1835 817 1884 852 μέ-

1088 859 1148 894 θης,
1164 859 1264 895 ἀκρισῆ
1280 859 1319 892 δὲ,
1332 859 1379 887 ἆτε
1393 859 1425 895 δὴ
1439 860 1649 896 καθεστηκότες,
1658 861 1709 896 τὴν
1721 861 1778 888 τῶν
1793 862 1882 888 δντων

1087 904 1221 940 διάκρισιν
1249 905 1367 941 ἔχοντες,
1383 905 1430 932 καὶ
1442 906 1492 942 τὴν
1507 907 1557 942 μὲν
1572 907 1627 934 τῶν
1645 907 1764 935 εἰδώλων
1778 907 1883 942 γελῶν-

252 958 346 978 sorum
363 950 497 986 Opiﬁcem
514 950 678 979 adorabant.
695 950 909 977 Veneratautem
929 949 1036 984 ιιιο

1088 958 1133 982 τες
1147 950 1302 983 ἀσθένειαν,
1317 951 1363 978 τδν
1376 952 1431 978 τῶν
1451 952 1520 979 ὅλων
1537 953 1566 979 δὲ
1581 953 1803 988 προσκυνοῦντες
1828 955 1882 989 Δη-

254 996 300 1023 ille
321 1004 370 1030 per
390 995 416 1022 id
436 1000 544 1031 tempus
563 996 590 1022 in
611 994 751 1022 Persidem
765 1013 772 1026 ,
795 995 905 1021 visurus
930 994 1040 1028 plantas

248 1049 320 1070 verte
338 1041 482 1077 religionis
494 1062 501 1074 ,
520 1046 547 1069 et
562 1046 761 1076 congruentem
782 1040 823 1068 eis
843 1047 938 1066 curam
958 1039 1038 1066 exhi-

247 1088 376 1116 biturus:
392 1096 512 1124 cumque
528 1087 630 1116 fontem
645 1087 791 1123 quemdam
807 1086 877 1114 forte
893 1086 1037 1114 transmit-

249 1140 334 1168 teret,
350 1135 448 1170 puellae
463 1142 524 1170 quae
541 1135 570 1162 in
588 1142 621 1162 eo
643 1141 749 1169 pannos
770 1133 918 1164 lavabant,
937 1136 964 1160 et
985 1140 1039 1159 ve-

247 1185 305 1209 stes
329 1181 446 1216 pedibus
469 1181 681 1213 emundabant,
709 1187 810 1207 novum
838 1187 871 1206 ac
894 1179 1038 1206 decentem

247 1226 309 1262 ejus
337 1227 462 1254 habitum
488 1227 559 1254 nihil
585 1226 729 1258 reverita,
754 1229 838 1253 exuto
860 1225 983 1260 pudore,
1011 1228 1039 1252 et

247 1271 381 1306 perfricta
397 1271 487 1299 fronte
499 1293 506 1305 ,
523 1271 787 1306 impudentibusque
804 1270 895 1298 oculis
913 1270 1038 1297 divinum

247 1316 387 1344 hominem
412 1317 643 1352 conspiciebant.
672 1325 722 1345 nec
743 1317 835 1352 capita
858 1317 1036 1352 operientes,

246 1371 298 1391 nec
313 1368 405 1391 vestes
432 1371 501 1399 quas
527 1363 726 1391 succinxerant
748 1363 935 1390 demittentes.
958 1361 1037 1395 Quod

247 1417 319 1444 aegre
334 1409 425 1437 terens
443 1410 525 1437 homo
554 1409 620 1442 Dei,
647 1414 835 1444 opportunum
861 1413 938 1436 ratus
958 1408 967 1419 '
987 1407 1036 1435 Dei

246 1455 377 1482 virtutem
402 1455 570 1488 ostendere,
596 1458 625 1482 ut
649 1455 750 1482 illustri
775 1454 909 1482 miraculo
931 1453 965 1481 ab
986 1453 1038 1480 im-

246 1500 349 1535 pietate
365 1500 512 1533 liberaret,
532 1499 634 1528 t‘ontem
653 1505 692 1528 cst
708 1504 871 1528 exsecratus
882 1520 889 1532 ,
904 1505 931 1527 et
948 1499 1037 1527 ﬂuen-

246 1550 304 1573 tum
318 1546 465 1574 contestim
480 1546 593 1574 evanuit
605 1555 612 1573 :
628 1547 733 1581 puellas
747 1553 859 1581 quoque
873 1550 1036 1574 exsecratus

245 1596 306 1626 est,
329 1597 357 1620 et
381 1592 568 1628 impudentem
597 1599 692 1620 earum
718 1592 861 1627 juventam
886 1592 1070 1640 immaturac

245 1638 347 1666 canitie
361 1638 523 1674 castigavit,
541 1644 574 1665 ac
596 1637 680 1666 verba
698 1637 843 1665 confestim
862 1637 964 1665 factum
991 1641 1034 1665 est

245 1689 424 1713 consecutum
435 1705 443 1716 ,
457 1688 636 1719 mutatusque
650 1688 693 1711 cst
710 1683 788 1718 niger
803 1683 880 1710 color
895 1683 1012 1718 pilorum
1024 1702 1032 1716 ,

245 1735 274 1758 et
293 1730 398 1758 similes
415 1733 563 1758 evaseruut
585 1729 702 1757 novellis
717 1729 867 1756 arb0ribus
885 1737 946 1764 qua:
969 1736 1034 1756 vere

245 1779 347 1811 operta:
363 1779 430 1803 sunt
445 1775 520 1803 foliis
542 1774 760 1803 autumnalibus.
782 1773 821 1801 Ita
846 1782 930 1802 sensu
954 1778 1034 1802 tacta:

245 1820 372 1856 supplicii
391 1820 474 1855 (nam
491 1824 519 1847 et
535 1820 619 1847 fontis
635 1819 737 1846 tluenta
754 1818 921 1854 etiagerant,
937 1823 964 1846 et
983 1826 1033 1847 sua

245 1865 364 1893 invicem
383 1865 474 1900 capita
489 1865 646 1898 intuentes,
664 1864 836 1899 repentinam
852 1864 927 1891 illam
942 1868 1033 1891 muta-

246 1910 348 1938 tionem
361 1910 521 1945 videbant).
534 1910 639 1938 cursim
653 1909 688 1937 ad
704 1909 801 1937 urbem
815 1909 1032 1942 contenderunt,

246 1956 444 1984 renuntiatum
456 1956 529 1991 quod
542 1956 691 1984 acciderat.
704 1955 756 1989 Qui
768 1963 830 1983 mox
843 1960 1033 1988 aecurrentes.

246 2005 276 2028 ut
290 2001 324 2029 ad
341 2008 469 2036 magnum
489 1999 623 2029 Jacobum
646 2001 806 2033 venerunt.’
819 2006 989 2037 rogaverunt
1003 2006 1034 2030 ut

245 2048 314 2074 iram
333 2052 538 2082 compesceret,
554 2051 581 2076 et
598 2055 709 2084 poenam
727 2049 892 2076 remitteret.
906 2048 953 2076 llle
968 2056 1034 2076 vero

247 2092 317 2119 nihil
333 2096 492 2124 cunctatus,
512 2092 631 2121 Domino
647 2100 746 2129 preces
761 2093 872 2127 obtulit,
889 2099 916 2121 et
931 2093 1033 2122 ﬂuenta

244 2145 343 2166 rursus
358 2141 466 2166 scatere
478 2137 562 2172 jussit
576 2147 582 2166 :
598 2143 655 2166 tum
674 2139 720 2166 illa
735 2138 826 2166 denuo
842 2147 858 2167 e
872 2139 931 2167 suis
947 2147 1033 2174 pene-

244 2182 362 2211 tralibus
375 2183 441 2218 justi
457 2185 571 2212 nutibus
586 2183 711 2212 derivata
728 2190 890 2220 eruperunt.
906 2184 964 2213 Hoc
981 2185 1033 2213 im-

244 2233 365 2263 petrato,
379 2229 509 2265 petebant
523 2235 551 2257 ut
569 2230 651 2258 etiam
667 2231 786 2258 tiliarum
799 2231 924 2259 crinibus
939 2231 1034 2267 pristi-

244 2284 296 2304 nus
310 2277 385 2304 color
396 2277 569 2305 redderetur.
583 2276 687 2304 Ferunt
702 2282 791 2304 autem
807 2277 883 2304 illum
900 2278 952 2305 hoc
964 2285 1033 2312 quo-
1049 2288 1072 2316 ι)

243 2328 297 2355 que
312 2321 502 2354 concessisse,
519 2327 546 2349 et
559 2321 665 2356 puellas
679 2321 853 2356 requisiisse,
872 2328 933 2356 quae
948 2321 1034 2356 plexa:

244 2366 294 2392 hac
311 2373 390 2401 poena
410 2366 537 2394 fuerant:
555 2366 660 2400 1111
679 2369 707 2394 et
724 2367 855 2401 quoniam
877 2374 931 2394 non
951 2374 1033 2394 vene-

243 2415 325 2444 runt,
351 2411 516 2446 supplicium
544 2410 710 2445 reliquisse,
739 2411 812 2446 quod
838 2411 1033 2439 documentum

243 2455 314 2483 foret
329 2456 538 2491 temperantiae,
554 2460 582 2483 et
596 2461 788 2492 argumentum
804 2456 973 2491 honestatis,
989 2457 1033 2484 di-

243 2500 367 2536 vinaeque
385 2501 496 2529 virtutis
514 2506 677 2536 perpetuum
698 2506 726 2530 et
744 2501 858 2530 evidens
878 2503 1033 2530 monimen-

244 2550 313 2573 tum.
329 2545 397 2574 Tale
412 2546 464 2574 i'uit
478 2547 542 2574 novi
560 2547 644 2583 hujus
661 2547 746 2577 Mosis
761 2549 925 2576 miraculum
936 2569 943 2582 ,
959 2549 1033 2585 quod

243 2590 354 2626 quidem
375 2599 430 2619 non
447 2591 533 2628 virgae
551 2593 747 2628 percussione,
765 2594 813 2622 sed
839 2594 920 2629 signo
942 2594 1033 2622 crucis

243 2635 396 2671 perfectum
412 2641 465 2664 est.
485 2636 550 2665 Mihi
564 2645 631 2666 vero
647 2643 748 2674 praeter
763 2639 928 2667 miraculum
947 2640 1034 2667 admi-

244 2679 299 2707 rari
315 2680 390 2709 subit
403 2681 658 2710 mansuetudinem.
675 2683 769 2719 Neque
783 2685 855 2711 enim
872 2688 902 2711 ut
916 2691 1033 2720 magnus

244 2724 357 2755 Elisazus
374 2727 547 2762 impudentes
562 2728 624 2757 illas
641 2729 747 2764 puellas
762 2729 836 2757 ursis
852 2728 965 2757 tradidit
981 2731 1033 2759 im-

243 2771 390 2800 manibus:
406 2773 473 2808 sed,
492 2774 606 2802 innoxia
625 2775 745 2810 quadam
765 2775 914 2811 disciplina
931 2779 958 2803 et
973 2783 1033 2811 qua

242 2816 387 2846 dedecoris
405 2826 503 2854 parum
523 2819 660 2853 habebat,
676 2820 807 2855 pietatem
826 2821 909 2848 simul
928 2825 955 2848 et
971 2829 1033 2848 mo-

242 2863 411 2892 derationem
425 2865 546 2893 edocuit.
563 2865 632 2899 Quae
647 2865 759 2901 quidem
780 2873 835 2893 non
857 2874 890 2894 eo
908 2867 982 2898 dixi.
1002 2871 1032 2894 ut

243 2910 401 2945 prophetam
422 2911 535 2938 servitia:
554 2919 682 2940 accusem
707 2912 801 2947 (absit
820 2917 849 2940 ut
869 2913 936 2940 adeo
956 2913 1033 2940 iusa—

1094 997 1234 1031 μιουργόν.
1266 997 1336 1024 Κατ’
1359 998 1464 1025 ἐκεῖνον
1488 998 1535 1024 τὸν
1566 999 1661 1034 καιρὸν
1689 999 1739 1034 τὴν
1761 1000 1882 1035 Περσίδα

1091 1041 1238 1074 κατέλαϐε,
1252 1042 1287 1069 τὰ
1303 1042 1374 1077 φυτὰ
1388 1043 1437 1077 τῆς
1451 1043 1592 1075 εὐσεϐείας
1608 1044 1752 1079 ὀψόμενος,
1770 1043 1819 1070 καὶ
1836 1044 1882 1079 τὴν

1090 1087 1283 1122 προσήκουσαν
1307 1087 1400 1119 αὐτοῖς
1424 1088 1571 1122 θεραπείαν
1600 1089 1764 1125 προσοίσων·
1790 1087 1881 1123 πηγὴν

1089 1132 1117 1160 δὲ
1129 1132 1212 1160 αὑτοῦ
1233 1141 1294 1160 τινα
1307 1133 1430 1168 διιόντος,
1445 1134 1524 1170 κόραι
1540 1135 1612 1167 τινες
1638 1135 1750 1166 πλυνοῖς
1761 1134 1882 1169 ὲιρεστῶ-

1090 1186 1146 1210 σαι,
1168 1178 1216 1205 καὶ
1231 1179 1328 1213 ίμάτια
1340 1180 1398 1211 τοῖς
1408 1180 1487 1207 ποσὶν
1507 1180 1745 1216 ἀπορρύπτρυσαι,
1762 1180 1824 1207 οὐδὲ
1835 1179 1881 1206 τοῦ

1089 1224 1229 1258 σχήματος
1248 1224 1278 1250 τὺ
1305 1224 1490 1260 καινοπρεπὲς
1507 1225 1724 1261 κατῃδέσθησαν,
1750 1225 1820 1251 ἀλλὰ
1834 1225 1882 1259 τὴν

1088 1268 1154 1294 αίδὼ
1173 1268 1372 1304 ἁπὸρῤίψασαι,
1396 1269 1648 1306 ἁπηρυθριασμένῳ
1666 1271 1820 1305 προσώπῳ,
1836 1270 1881 1297 καὶ

1087 1313 1224 1341 ἀναιδέσιν
1237 1314 1388 1350 ὀφθαλμοῖς
1410 1315 1454 1341 τὸν
1479 1315 1550 1342 θετον
1566 1315 1711 1351 ἄνθρωπον
1729 1315 1879 1351 ἐθεώρουν,

1087 1359 1149 1386 οὔτε
1163 1360 1213 1391 τὰς
1237 1361 1360 1395 κεφαλὰς
1378 1360 1628 1395 συγκαλύπτουσαι,
1642 1362 1703 1388 οὐδὲ
1725 1361 1761 1388 τὰ
1781 1362 1881 1394 ἀνεζω-

1089 1406 1176 1440 σμένα
1187 1405 1309 1440 χαλῶσαι
1323 1406 1428 1441 ἱμάτια.
1445 1407 1530 1434 Τοῦτο
1545 1407 1713 1443 δυσχεράνας
1725 1408 1741 1434 ὁ
1753 1407 1801 1434 τοῦ
1814 1407 1880 1434 Θεοῦ

1087 1449 1241 1486 ἅνθρωπος,
1261 1451 1308 1477 καὶ
1321 1451 1406 1483 δεῖξαι
1421 1451 1468 1478 τοῦ
1485 1451 1551 1478 Θεοῦ
1565 1452 1615 1487 τὴν
1629 1451 1745 1487 δύναμιν
1761 1453 1802 1484 είς
1821 1461 1880 1479 και-

1087 1496 1135 1530 ρὸν
1161 1496 1304 1532 ἐθελήσας,
1332 1497 1376 1524 ἵνα
1392 1499 1426 1532 τῇ
1450 1497 1660 1533 θαυματουργία
1673 1498 1726 1533 τῆς
1753 1498 1881 1530 ἁσεὸείας

1087 1540 1270 1577 ἐλευθερώσῃ,
1286 1542 1444 1577 ἐπηράσατο
1469 1543 1518 1577 μὲν
1532 1544 1566 1578 τῇ
1583 1544 1669 1579 πηγῇ,
1698 1544 1746 1569 καὶ
1766 1543 1881 1579 φροῦδον

1086 1587 1245 1623 παραυτίκα
1260 1587 1291 1614 τὸ
1318 1587 1425 1624 ῥεῖθρον
1448 1587 1566 1622 ἐγένετο·
1583 1589 1744 1624 ἐπηράσατο
1764 1589 1794 1616 δὲ
1822 1589 1881 1619 ταῖς

1088 1632 1208 1668 μείραξι,
1221 1632 1269 1659 καὶ
1284 1634 1334 1669 τὴν
1344 1633 1522 1668 ἀναίσχυντον
1532 1633 1622 1661 αὐτῶν
1634 1634 1751 1669 νεότητα
1765 1635 1882 1669 προώρῳ

1087 1678 1198 1704 ἐκόλασε
1216 1678 1308 1714 πολιᾷ,
1332 1679 1380 1705 καὶ
1396 1679 1488 1705 εἵπετο
1512 1678 1552 1713 τῷ
1570 1678 1642 1714 λόγῳ
1667 1679 1698 1705 τὺ
1714 1679 1813 1714 ἔργονο
1834 1680 1881 1706 καὶ

1086 1724 1117 1750 τὺ
1152 1724 1236 1759 μέλαν
1255 1724 1309 1750 τῶν
1336 1724 1438 1759 τριχῶν
1460 1723 1646 1759 ἔνηλλάττετο,
1678 1725 1726 1750 καὶ
1747 1724 1881 1751 είώκεσαν

1087 1770 1226 1804 νεοφύτοις
1243 1769 1364 1805 δένδροις
1381 1769 1411 1795 ἐν
1425 1768 1486 1804 ἔαρι
1503 1770 1676 1804 μετοπωρινὰ
1695 1769 1787 1804 φύλλα
1806 1778 1882 1805 περι-

1088 1815 1236 1850 κειμένοις.
1248 1815 1342 1846 οὕτως
1358 1815 1519 1850 αἰσθόμεναι
1532 1816 1582 1851 τῆς
1597 1815 1744 1850 τιμωρίας·
1770 1815 1823 1850 τῆς
1852 1825 1881 1843 τε

1086 1861 1141 1896 γὰρ
1164 1863 1256 1897 πηγῆς
1271 1862 1377 1898 ἀπέδρα
1405 1863 1439 1889 τὰ
1466 1862 1586 1898 νάματα,
1613 1862 1660 1888 καὶ
1682 1861 1731 1893 τὰς
1756 1861 1880 1896 ἀλλήλων

1087 1907 1221 1942 θεώμενοι
1257 1909 1398 1942 κεφαλὰς,
1434 1909 1528 1945 ἑώρων
1557 1908 1608 1943 τὴν
1641 1907 1743 1944 ἀθρόαν
1772 1907 1880 1942 ἐκείνην

1088 1954 1241 1990 μεταϐολήν
1258 1962 1265 1969 ·
1298 1955 1415 1991 ἔδραμον
1443 1956 1484 1987 είς
1508 1955 1557 1991 τὴν
1595 1954 1671 1981 πόλιν
1703 1955 1735 1981 τὸ
1770 1954 1879 1990 συμϐὰν

1086 2000 1316 2034 ἁπαγγέλλουσαι.
1348 2001 1379 2028 οι
1408 2001 1437 2027 δὲ
1458 2000 1618 2037 δραμόντες,
1647 2000 1694 2026 καὶ
1714 1999 1764 2026 τδν
1795 1999 1879 2034 μέγαν

1086 2045 1286 2078 καταλαϐόντες
1295 2046 1433 2079 Ἰάκωϐον,
1447 2046 1570 2073 ἱκέτευον
1585 2046 1704 2081 χαλᾶσαι
1717 2045 1771 2081 τὴν
1784 2046 1877 2080 ὀργὴν,

1085 2091 1134 2117 καὶ
1155 2090 1234 2117 λῦσαι
1259 2090 1308 2125 τὴν
1334 2091 1481 2126 τιμωρίαν.
1498 2092 1528 2118 '0
1546 2091 1575 2117 δὲ
1590 2091 1658 2126 μηδὲ
1674 2091 1764 2126 βραχὺ
1782 2089 1878 2125 μελλή-

1087 2144 1147 2168 σας,
1163 2136 1315 2173 προσέφερε
1339 2137 1388 2172 μὲν
1407 2137 1445 2173 τῷ
1462 2137 1584 2173 Δεσπότῃ
1611 2137 1662 2172 τὴν
1679 2136 1798 2169 ἱκεσίαν,
1819 2135 1878 2162 ἔκι-

1085 2179 1148 2207 λευε
1170 2181 1199 2208 δὲ
1214 2181 1294 2208 πάλιν
1315 2181 1466 2208 ἀναϐλῦσαι
1485 2181 1519 2208 τὰ
1533 2182 1652 2216 νάματα·
1668 2182 1705 2208 τὰ
1723 2181 1753 2208 δὲ
1773 2190 1878 2216 παραυ-

1085 2226 1150 2253 τίκα
1172 2227 1253 2254 πάλιν
1281 2228 1313 2254 ἐκ
1337 2227 1391 2254 τῶν
1413 2226 1521 2254 οἰκείων
1550 2227 1713 2261 ἀνεφαίνετο
1729 2227 1875 2262 ταμιείων,

1084 2273 1142 2304 τοῖς
1159 2272 1206 2299 τοῦ
1219 2272 1321 2300 δικαίου
1338 2273 1568 2308 μετοχετευόμενα
1579 2272 1721 2308 νεύμασιν.
1734 2272 1768 2299 οι
1781 2272 1809 2298 δὲ
1820 2271 1879 2298 τοὺ-

1084 2327 1139 2345 των
1155 2318 1346 2354 τετυχηκότες,
1359 2319 1406 2345 καὶ
1420 2320 1476 2350 τοῖς
1485 2319 1639 2354 πλοκάμοις
1653 2318 1709 2344 τῶν
1719 2318 1822 2352 θυγατέ
1828 2327 1879 2353 ρων

1083 2363 1134 2398 τὴν
1151 2364 1288 2399 προτέραν
1301 2365 1459 2399 ἠντιϐόλουν
1480 2365 1564 2401 χρόαν
1584 2364 1760 2400 ἀποδοθῆναι.
1780 2364 1832 2391 Τὸν
1851 2364 1878 2390 δὲ

1084 2406 1154 2441 εἶξαι
1171 2409 1220 2444 μὲν
1234 2409 1280 2436 καὶ
1296 2410 1375 2436 τοῦτό
1388 2418 1481 2444 φασιν,
1494 2409 1658 2445 ἐπιζητῆσαι
1675 2409 1705 2436 δὲ
1718 2410 1770 2441 τὰς
1785 2410 1876 2445 κόρας.

1083 2453 1133 2484 τὰς
1143 2453 1192 2489 τὴν
1207 2453 1332 2481 παιδείαν
1346 2454 1454 2490 ἐκείνην
1477 2454 1637 2490 δεξαμένας·
1654 2455 1702 2481 καὶ
1714 2454 1812 2490 ιπειδὴ
1831 2455 1877 2481 οὐχ

1083 2497 1222 2532 ἀφίκοντο,
1236 2499 1316 2527 ἐᾶσαι
1334 2499 1384 2535 τὴν
1399 2500 1545 2536 τιμωρίαν,
1558 2500 1676 2536 δίδαγμα
1688 2501 1876 2536 σωφροσύνης,

1085 2544 1132 2571 καὶ
1151 2545 1301 2580 εὐκοσμίας
1323 2545 1463 2578 ὑπόθεσιν,
1481 2546 1529 2573 καὶ
1549 2547 1601 2582 τῆς
1626 2545 1705 2577 θείας
1735 2546 1878 2581 δυνάμεως

1084 2589 1233 2626 ὑπόμνημα
1259 2590 1381 2626 διηνεκές
1400 2599 1430 2618 τε
1459 2591 1506 2618 καὶ
1535 2591 1658 2628 ιναργές.
1680 2591 1812 2618 Τοιοῦτον
1831 2591 1876 2618 τοῦ

1084 2635 1145 2662 νόου
1161 2635 1258 2662 τούτου
1277 2636 1419 2668 Μωῦσέως
1442 2636 1474 2663 τὺ
1489 2636 1592 2672 θαῦμα,
1615 2637 1646 2663 οὐ
1666 2636 1760 2672 πληγῇ
1780 2637 1876 2672 ράὃδου

1083 2681 1239 2717 γενόμενον,
1254 2681 1323 2708 ἀλλὰ
1347 2682 1386 2717 τῷ
1404 2682 1452 2709 τοῦ
1471 2683 1591 2718 σταυροῦ
1612 2682 1720 2718 σημείῳ
1732 2683 1876 2717 δεξάμενον

1083 2727 1133 2763 τὴν
1157 2727 1306 2764 ἐνέργειαν.
1334 2728 1404 2762 Ἐγὼ
1421 2729 1450 2756 δὲ
1469 2729 1537 2764 πρὸς
1556 2730 1588 2764 τῇ
1607 2729 1822 2765 θαυματουργία
1833 2737 1876 2755 κο-

1085 2774 1149 2809 μιδῇ
1165 2773 1298 2809 θαυμάζω
1320 2775 1366 2801 καὶ
1395 2774 1444 2810 τὴν
1459 2774 1611 2810 πραότητα.
1638 2775 1707 2801 Οὐδὲ
1725 2776 1782 2810 γὰρ
1802 2775 1840 2806 ὡς
1863 2775 1876 2801 ὁ

1085 2819 1174 2855 μέγας
1205 2820 1356 2853 Ἐλιοσατος
1382 2820 1477 2856 ἄρχοις
1500 2820 1658 2856 αίμοὸόροις
1681 2821 1733 2853 τὰς
1760 2821 1875 2852 ἀναιδεῖς

1084 2866 1192 2899 ὲκείνας
1218 2867 1359 2903 παρέδωκε
1384 2867 1481 2903 κόρας’
1509 2867 1567 2894 ἀλλ’
1590 2867 1704 2898 ἀὸλαὸεῖ
1733 2877 1789 2894 τινι
1814 2876 1875 2899 τιται-

1084 2911 1153 2948 δείᾳ,
1166 2913 1212 2940 καὶ
1230 2913 1349 2948 σμικρὰν
1362 2913 1461 2950 ἐχούσῃ
1473 2913 1522 2950 τὴν
1537 2914 1674 2949 ἀκοσμίαν
1692 2915 1872 2950 χρησάμενος.
