2036 3122
168 178 233 212 1297

779 179 983 210 RELIGIOSA
1010 179 1202 210 HISTORIA.

1728 177 1797 211 1298

167 235 306 263 εὐσέϐειαν
320 233 388 270 όμοῦ
411 233 457 261 ml
478 233 627 270 εὐκοσμίαν
650 232 762 266 ἐδίδαξε.
787 233 843 260 Καὶ
868 233 954 260 ταῦτα

1018 233 1076 260 liam
1091 233 1120 268 i).
1137 232 1184 260 sed
1205 235 1235 259 ut
1254 232 1398 260 ostendam
1420 232 1584 264 illum,cum
1605 232 1727 261 eamdem
1748 232 1797 260 ba-

167 281 245 316 Εφην,
264 280 313 306 οὐκ
332 279 467 314 ἀπήνειαν
484 278 531 305 τοῦ
551 279 692 314 προφήτου
721 278 893 313 κατηγορῶν,
917 278 955 313 μὴ

167 325 238 352 οὕτω
258 323 382 359 μανείην·
407 322 475 350 ἀλλὰ
497 323 602 355 δεικνὺς
619 323 656 354 ὡς
681 322 788 358 ἐκείνην
813 322 882 358 ἔχων
906 323 955 358 τὴν

167 370 291 405 δύναμιν,
312 370 344 405 τῇ
368 369 414 396 τοῦ
435 368 552 404 Χριστοῦ
579 369 724 404 πραότητι,
748 370 796 396 καὶ
817 371 849 404 τῇ
865 369 954 405 Καινῇ

168 416 291 451 Διαθὴκῃ
316 415 440 442 ἐπετέλει.
453 415 488 442 τὰ
509 415 660 450 πρόσφορα.
678 411 761 446 Οὗτος
782 415 877 442 ἄλλοτέ
892 423 956 442 ποτε

167 462 298 496 δικαστὴν
315 461 425 497 Πέρσην
435 461 520 496 ἀδίκῳ
536 461 619 496 ψήφῳ
631 461 803 497 χρησάμενον
820 461 956 496 θεασάμε-

167 514 222 537 νος,
241 504 307 539 λίθῳ
318 506 371 532 τινὶ
388 505 509 540 μεγίστῳ
524 505 720 540 παρακειμένῳ
734 506 955 540 ἐπαρασάμενος,

169 550 344 586 συντριϐῆναι
364 551 410 577 καὶ
434 550 627 586 σκεδασθῆναι,
652 552 700 578 καὶ
721 551 807 586 τούτῳ
822 551 956 585 διελέγξαι

167 595 218 631 τὴν
233 595 324 622 ἄδικον
350 596 455 622 ἐκείνου
471 596 652 631 παρηγγύησε
674 596 775 631 ψῆφον.
796 596 958 632 Παραυτίκα

167 641 196 667 δέ
219 640 266 668 τοῦ
291 641 366 668 λίθου
388 641 429 673 είς
455 642 538 676 μυρία
566 642 647 676 μόρια
663 641 846 677 μερισθέντος,
860 641 958 674 ἐξεδει-

170 685 335 721 ματώθησαν
350 686 375 712 οί
393 686 537 721 παρόντεςι
557 685 658 721 φρίκης
679 686 708 713 δὲ
723 686 863 718 ἀνάπλεως
880 687 895 713 ό
917 686 959 714 δι-

169 732 273 767 καστὴς
289 731 444 767 γενόμενος,
473 731 657 758 ἀνεκαλέσατο
674 731 724 766 μὲν
744 731 794 766 τὴν
811 732 958 767 προτέραν.

169 778 265 813 ἑτέραν
293 777 322 804 δὲ
346 777 455 805 δικαίαν
471 777 609 812 ἐπήνεγκε
630 777 729 812 ψῆφον
750 777 891 804 κάνταῦθα
914 777 959 804 τὸν

167 825 268 850 οίκείον
282 823 421 858 Δεσπότην
453 823 598 858 ἐζήλωσεν·
614 822 643 854 ὃς
659 822 745 855 δεῖξαι
760 821 899 857 βουληθεὶς
921 821 960 853 ὡς

169 869 240 896 ἑκὼν
264 869 393 905 ὑπομένει
421 868 451 895 τὸ
467 869 562 901 πάθος,
587 869 635 895 καὶ
652 868 751 904 ῥᾳδίως
776 868 809 894 ἂν
829 867 959 903 ἐθελήσας

1011 279 1088 306 beret
1104 279 1232 305 virtutem
1245 298 1252 308 .
1268 285 1301 305 ea
1317 278 1409 313 potius
1424 278 1515 312 egisse
1527 286 1588 313 qua:
1602 278 1705 306 Christi
1719 286 1797 307 man.

1007 324 1150 363 suetudini
1168 327 1195 351 et
1219 323 1295 351 Novo
1317 323 1494 352 Testamento
1507 328 1700 359 congruerent.
1725 323 1798 353 idem

1009 378 1073 398 cum
1100 370 1214 398 vidisset
1240 370 1388 404 aliquando
1414 371 1537 406 iniquam
1561 377 1576 397 a
1597 370 1690 404 judice
1713 369 1797 399 Persa

1009 416 1145 451 prolatam
1168 415 1254 443 fuisse
1278 416 1463 448 sententiam,
1486 415 1635 442 maximum
1650 417 1797 451 quemdam

1009 461 1148 496 lapidem,
1168 462 1215 496 qui
1236 461 1379 496 proximus
1399 464 1476 492 erat,
1493 466 1669 493 exsecratus,
1693 463 1799 488 conteri

1010 515 1042 534 ac
1060 507 1191 542 dissipari
1207 507 1310 542 jussit,
1327 507 1458 541 illiusque
1484 506 1606 540 iniquam
1631 507 1798 534 sententiam

1011 560 1146 588 arguere:
1163 552 1252 588 lapide
1269 556 1361 580 autem
1377 551 1404 578 in
1419 551 1570 586 particulas
1585 551 1799 580 innumerabiles

1011 599 1105 625 statim
1125 597 1311 629 comminuto,
1329 596 1473 624 conterriti
1491 598 1498 606 '
1515 601 1579 624 sunt
1598 597 1646 631 qui
1665 596 1798 629 aderant,

1011 649 1039 671 et
1055 645 1171 671 horrore
1186 645 1285 679 plenus
1297 643 1382 679 judex
1399 643 1518 678 priorem
1531 643 1689 675 revocavit,
1712 646 1740 670 et
1761 643 1800 669 al-

1012 693 1098 717 teram
1112 690 1229 725 protulit
1243 689 1419 718 sententiam.
1434 689 1522 724 Atque
1536 689 1581 716 hic
1594 695 1705 724 quoque
1719 696 1799 716 suum

1012 736 1136 764 imitatus
1153 740 1195 764 est
1211 735 1358 763 Dominum
1370 755 1378 768 ,
1393 735 1441 770 qui
1457 739 1485 762 ut
1504 735 1663 762 ostenderet
1679 741 1708 762 se
1726 734 1801 761 ultro

1012 786 1038 809 et
1052 788 1102 809 sua
1116 785 1214 817 sponte
1223 782 1380 816 passionem
1397 779 1656 814 subire,facileque,
1670 779 1694 807 si
1709 779 1802 811 vellet,

1013 827 1112 862 punire
1130 827 1282 854 sceleratos
1296 826 1420 862 potuisse
1430 846 1437 858 ,
1456 825 1620 860 supplicium
1634 824 1675 852 eis
1689 831 1745 851 non
1761 823 1802 851 in-

1014 872 1094 906 tulit,
1111 872 1160 900 sed
1179 872 1261 899 ﬁcum
1279 871 1429 899 inanimam
1444 871 1529 898 verbo
1544 869 1715 902 arefaciens,
1735 869 1802 904 quid

168 916 232 948 τοὺς
243 915 398 951 ἀλιτηρίους
409 915 547 947 ἐκόλασεν,
564 914 614 942 οὐκ
625 915 715 946 αὐτοῖς
731 915 865 950 ἐπήνεγκε
878 923 960 949 τιμω·

1018 922 1105 953 posset
1118 916 1330 944 demonstravit.
1343 915 1430 949 Quam
1444 920 1471 943 et
1483 915 1543 950 ipse
1559 915 1668 942 imitans
1682 915 1801 942 clemen-

172 964 243 999 ρίαν,
262 963 330 990 ἀλλά
348 962 398 998 τὴν
417 962 521 997 ἄψυχον
549 961 636 996 συκῆν
659 960 732 996 λόγῳ
756 960 886 996 ξηράνας,
911 959 960 994 τὴν

169 1010 273 1036 οἰκείαν
285 1008 369 1041 ἔδειξε
380 1008 505 1043 δύναμιν,
521 1007 631 1041 Ταύτην
651 1006 700 1034 καὶ
726 1006 808 1038 αὐτὸς
833 1005 882 1040 τὴν
899 1005 961 1039 φιλ-

1015 964 1097 996 liam,
1115 963 1249 998 injustum
1264 962 1385 997 judieem
1401 968 1455 989 non
1470 960 1560 996 puniit
1574 979 1581 992 ,
1599 959 1647 988 sed
1663 960 1719 987 ictu
1731 959 1801 994 lapi-

1015 1009 1058 1036 dis
1072 1009 1209 1044 justitiam
1226 1008 1305 1036 illum
1323 1007 1476 1042 perdocuit.

169 1055 329 1092 ανθρωπίαν
361 1055 539 1092 μιμούμενος,
552 1054 582 1081 οὐ
609 1053 655 1081 τὸν
683 1053 776 1080 ἄδικον
804 1053 918 1081 ἐκόλασε
937 1054 1077 1091 δικαστὴν,
1096 1055 1165 1082 ἀλλά
1189 1057 1222 1091 τῇ
1241 1054 1288 1082 τοῦ
1317 1054 1391 1082 λίθου
1415 1053 1505 1089 πληγῇ
1524 1053 1697 1088 δικαιοσύνην
1721 1053 1803 1080 αὐτὸν

171 1102 300 1134 ἐδίδαξεν.

212 1148 257 1174 Ἐν
274 1145 380 1178 τούτοις
395 1145 556 1180 διαπρέπων
574 1144 622 1171 καὶ
640 1145 723 1172 πᾶσιν
744 1145 898 1181 ἐπέραστος
914 1144 963 1177 ὢν,

172 1193 220 1220 καὶ
235 1193 263 1219 ὲν
284 1193 345 1224 ταῖς
362 1191 490 1218 ἁπάντων
514 1189 731 1225 περιφερόμενος
755 1189 904 1224 γλώσσαις,
925 1191 965 1222 εἰς

171 1239 223 1274 τὴν
235 1237 283 1273 τῆς
301 1235 508 1273 ἀρχιερωσύνης
521 1235 632 1271 ἔρχεται
651 1235 834 1270 λειτουργίαν,
850 1235 897 1261 καὶ
915 1235 966 1270 τῆς

175 1285 306 1322 πατρίδος
327 1284 457 1319 λαγχάνει
476 1283 526 1318 τὴν
552 1283 731 1318 προστασίαν.
756 1282 920 1316 Ἐναλλάξας
936 1283 965 1310 δὲ

174 1332 223 1367 τὴν
242 1332 331 1368 ὕρειον
344 1331 452 1365 ἐκείνην
468 1329 620 1365 διατριϐὴν,
639 1329 687 1356 καὶ
700 1329 750 1365 τὴν
771 1330 800 1356 ἐν
815 1330 891 1356 ἄστει
908 1329 964 1357 δια-

175 1377 268 1412 γωγὴν
283 1377 313 1403 οὐ
329 1376 399 1403 κατά
416 1375 527 1411 γνώμην
549 1375 685 1410 ἑλόμενος,
701 1375 763 1402 οὔτε
781 1376 830 1410 τὴν
849 1374 962 1411 τροφὴν,

175 1422 239 1449 οὕτε
251 1422 300 1458 τὴν
316 1421 474 1457 ἀμπεχόνην
493 1420 638 1456 ἐνήλλαξεν
648 1428 656 1436 ·
671 1420 740 1447 ἀλλὰ
758 1420 792 1447 τὰ
813 1420 862 1455 μὲν
877 1419 965 1455 χωρία

176 1465 318 1501 ἠμείϐετο,
337 1467 354 1501 ἡ
371 1465 398 1491 δὲ
415 1465 538 1492 πολιτεία
557 1464 709 1501 μεταϐολὴν
728 1466 779 1492 οὐκ
798 1465 915 1499 ἐδέχετο.
933 1464 965 1491 Ol

175 1511 204 1538 δὲ
224 1511 300 1538 πόνοι
318 1510 480 1546 προσθήκην
510 1509 674 1545 ἐλάμϐανον,
695 1510 742 1536 καὶ
769 1509 965 1537 πολλαπλάσιοι

175 1556 229 1583 τῶν
245 1556 385 1591 προτέρων
400 1554 534 1589 ἐγένοντο.
555 1555 594 1590 Τῇ
610 1555 664 1590 γὰρ
674 1554 786 1591 νηστείᾳ
800 1554 847 1581 καὶ
862 1563 966 1590 χαμευ-

177 1603 231 1638 νίᾳ,
247 1602 294 1628 καὶ
310 1603 343 1637 τῇ
362 1601 409 1628 τοῦ
432 1601 534 1628 σάκκου
548 1600 689 1637 περιϐολῇ,
710 1601 873 1637 Errata-ﬁse”
885 1601 912 1628 αι
930 1600 964 1628 δι’

176 1647 238 1674 ὅλου
254 1647 308 1674 τῶν
337 1646 472 1682 δεομένων
498 1647 768 1682 φροντίδεςοχηρῶν,
799 1647 880 1682 φημὶ,
906 1648 966 1673 ἐπι-

176 1693 294 1728 μέλειαι,
310 1693 356 1719 καὶ
370 1693 495 1727 ὀρφανῶν
512 1693 684 1728 κηδεμονίαι,
707 1693 754 1719 καὶ
770 1692 825 1720 τῶν
846 1692 967 1720 ἀδικούν·

175 1748 232 1766 των
246 1740 270 1766 οί
285 1739 401 1774 ἔλεγχοι,
413 1738 503 1765 τῶνδὲ
516 1738 704 1774 ἀδικουμένων
714 1740 731 1774 ὴ
746 1738 838 1765 δικαία
853 1739 965 1765 ἐπικου-

178 1783 235 1819 ρία.
252 1784 308 1810 Καὶ
330 1783 356 1810 τί
372 1784 413 1810 δεῖ
429 1783 497 1818 πρὸς
516 1783 621 1815 εἰδότας
633 1783 740 1811 ἅπαντα
756 1784 965 1819 καταλέγεσθαι,

176 1829 196 1857 ἃ
220 1830 283 1862 τοὺς
309 1829 411 1865 ταύτην
437 1829 666 1865 ἀναδεδεγμένον-ις
700 1829 893 1866 περιστοιχίζει
917 1830 967 1865 τὴν

178 1875 322 1911 πρόνοιαν;
346 1875 536 1910 Διαφερόντως
554 1875 583 1901 δὲ
609 1875 714 1907 ἐκεῖνος
737 1876 801 1908 τοὺς
829 1876 966 1909 τοιούτους

179 1921 278 1953 πόνους
311 1921 461 1956 ἠσπάζετο,
486 1920 533 1947 ἂτε
550 1920 582 1955 δὴ
597 1920 778 1956 διαφερόντως
802 1922 849 1948 καὶ
875 1921 967 1948 ποθῶν

179 1968 227 1994 καὶ
252 1967 345 1998 δεδιὼς
371 1967 418 1993 τὸν
449 1966 502 1993 τῶν
530 1966 676 2001 προϐάτων
702 1966 814 2001 Κύριον.
836 1967 912 2002 ’Ὀσῳ
939 1967 968 1994 δὲ

180 2012 293 2040 πλείονα
307 2014 355 2048 τῆς
369 2012 472 2048 ἀρετῆς
488 2011 534 2038 τὸν
554 2011 670 2038 πλοῦτον
687 2012 826 2047 συνέλεγε,
846 2013 968 2048 τοσούτῳ

183 2058 313 2094 μειζόνως
331 2058 439 2093 καὶτῆς
454 2057 501 2084 τοῦ
514 2057 649 2092 παναγίου
664 2057 824 2093 Πνεύματος
842 2059 968 2093 ἁπήλαυε

182 2104 303 2140 χάριτος.
319 2103 373 2130 Καὶ
388 2104 419 2138 δή
437 2110 502 2129 ποτε
521 2102 561 2134 είς
575 2111 636 2129 τινα
653 2103 750 2138 κώμην
766 2103 840 2138 αὐτῷ
861 2103 878 2138 ἢ
893 2103 970 2130 πόλιν

182 2151 341 2187 ἀπαίροντι·
355 2151 385 2176 οὒ
403 2150 457 2184 γὰρ
472 2149 526 2185 ἔχω
544 2149 635 2183 λέγειν
658 2149 782 2185 ἀκριϐῶς
802 2149 833 2176 τὸ
851 2150 968 2186 χωρίον·

183 2197 312 2234 προσίασί
328 2205 399 2228 τινες
420 2196 545 2231 πένητες,
570 2196 618 2222 Eva.
632 2195 692 2222 τινὰ
710 2195 764 2222 τῶν
787 2196 921 2222 συνόντων
933 2196 971 2228 ὡς

183 2244 318 2271 τεθνεῶτα
342 2242 550 2278 προτεθεικότες

183 2289 271 2324 ταφὴν
301 2288 441 2323 ἐπιτήδεια
469 2287 561 2314 λαϐεῖν
587 2287 765 2320 ἱκετεύοντες.
792 2288 821 2314 '0
847 2287 875 2314 δὲ
900 2285 972 2320 εἶξεν

184 2333 352 2360 ἁντιϐολοῢσι
369 2341 377 2348 ο
397 2332 436 2368 τῷ
468 2332 527 2368 Θεῷ
549 2332 577 2359 δὲ
605 2333 643 2364 ὡς
666 2332 737 2366 ὑπὲρ
761 2332 908 2364 τεθνεῶτος
923 2333 973 2368 τὴν

186 2381 292 2407 ἱκεσίαν
316 2379 497 2415 προσέφερεν,
525 2378 634 2413 ἀφεῖναι
664 2378 832 2414 παρακαλῶν
851 2378 886 2406 τὰ
902 2378 973 2406 κατὰ

186 2427 231 2454 τὸν
243 2426 300 2462 βίον
311 2424 551 2462 πλημμεληθέντα,
567 2425 615 2452 καὶ
630 2423 678 2452 τοῦ
693 2423 747 2451 τῶν
761 2423 874 2451 δικαίων
889 2423 970 2457 ἀξιῶ-

188 2481 233 2500 σαι
248 2471 339 2508 χοροῦ.
356 2471 465 2498 Τούτων
485 2470 650 2506 λεγομένων,
677 2470 814 2505 ἀφίπτατο
836 2469 884 2497 τοῦ
905 2470 975 2502 τέως

189 2518 379 2555 σκηπτομένου
397 2517 444 2545 τὸν
455 2517 570 2545 θάνατον
586 2517 602 2552 ή
616 2516 700 2552 ψυχὴ,
720 2517 880 2552 ἐχορηγεῖτο
892 2517 920 2543 δέ
935 2516 974 2552 τῷ

190 2565 296 2600 σώματι
314 2564 349 2591 τὰ
374 2563 541 2599 καλύμματα
554 2571 562 2578 ο
577 2562 614 2593 ὡς
635 2562 663 2588 δὲ
690 2562 786 2598 μικρὸν
813 2561 948 2598 προῆλθεν
962 2563 977 2589 ὁ

190 2612 333 2643 θεσπέσιος
360 2610 513 2647 ἄνθρωπος,
538 2609 686 2644 ἀναστῆναι
705 2608 750 2635 τὸν
773 2609 898 2645 κείμενον
915 2608 975 2636 ἐκέ-

190 2658 268 2686 λευον
287 2658 313 2684 οἱ
332 2657 363 2684 τὸ
374 2657 467 2693 δρᾶμα
484 2655 563 2683 τοῆτο
586 2654 788 2687 συντεθεικότες
800 2664 806 2670 ·
821 2655 859 2687 ὡς
870 2655 899 2682 δὲ
925 2655 977 2682 ἐώ-

194 2714 248 2740 ρων
258 2704 308 2731 οὑκ
322 2704 462 2735 ἐπαΐοντα,
470 2702 528 2730 ἀλλ’
539 2701 668 2738 ἀλήθειαν
677 2701 707 2728 τὸ
719 2702 811 2737 σχῆμα
825 2702 977 2737 γεγενημέ-

193 2758 247 2782 νον,
265 2749 312 2776 ml
333 2750 373 2781 εἰς
389 2749 536 2785 πρόσωπον
549 2747 578 2774 τδ
600 2748 771 2783 προσωπεῖον
798 2747 977 2783 μεταϐληθὲν,

194 2795 433 2830 καταλαμϐάνουσι
451 2794 500 2829 μὲν
519 2793 563 2820 τὸν
592 2794 678 2829 μέγαν
700 2793 840 2827 Ἰάκωϐον,
863 2793 978 2820 ποτνιώη

197 2850 270 2876 μενοι
285 2841 312 2867 δὲ
329 2841 376 2867 καὶ
400 2840 454 2867 τῶν
480 2839 567 2866 ποδῶν
593 2840 842 2876 προκαλινδόμενοι,
868 2840 916 2867 καὶ
931 2840 978 2867 τοῦ

197 2887 376 2922 «amem;
409 2886 546 2921 δράματος
573 2887 661 2914 αἰτίαν
692 2884 762 2915 εἶναι
791 2886 916 2921 λέγοντες
930 2886 979 2921 τὴν

1050 1147 1214 1182 Hujusmodl
1241 1153 1307 1182 ergo
1337 1148 1421 1174 rebus
1449 1145 1588 1182 insignis,
1618 1146 1802 1181 omnibusque

1015 1193 1144 1220 amabilis
1168 1200 1231 1220 cum
1249 1196 1343 1224 esset,
1361 1196 1445 1228 atque
1469 1192 1499 1219 in
1523 1199 1572 1220 ore
1597 1191 1723 1220 omnium
1742 1192 1804 1226 ejus

1016 1238 1086 1265 fama
1103 1243 1272 1270 versaretur,
1292 1237 1413 1265 trahitur
1432 1238 1467 1265 ad
1485 1245 1586 1265 munus
1607 1236 1802 1272 pontiﬁcatus,

1017 1284 1124 1319 1112
1141 1287 1168 1311 et
1183 1286 1277 1318 patria
1292 1291 1349 1310 suae
1365 1283 1524 1318 praeﬁcitur.
1539 1283 1695 1310 Montanam
1713 1286 1803 1309 autem

1019 1329 1093 1356 illam
1109 1329 1304 1356 habitationem
1315 1335 1378 1356 cum
1392 1332 1537 1362 mutasset,
1546 1328 1736 1362 urbanamque
1749 1333 1804 1354 non

1018 1381 1051 1402 ex
1074 1373 1158 1400 animi
1183 1373 1321 1401 sententia
1345 1373 1532 1408 suscepisset,
1551 1379 1603 1400 nec
1627 1372 1718 1400 cibum
1741 1379 1804 1398 mu-

1018 1419 1105 1451 tavit,
1123 1426 1175 1446 nec
1191 1419 1322 1447 vestitum
1333 1438 1340 1452 ,
1358 1418 1407 1446 sed
1425 1418 1538 1446 mutatis
1556 1418 1626 1445 locis
1642 1418 1706 1445 vitae
1722 1417 1805 1445 insti-

1019 1465 1092 1492 tutio
1110 1465 1214 1492 nullam
1244 1466 1318 1500 cepit
1346 1465 1538 1492 mutationem.
1555 1463 1723 1492 Crescebaut
1740 1470 1806 1491 vero

1019 1511 1144 1544 labores,
1162 1516 1191 1539 ut
1203 1511 1289 1539 multo
1304 1511 1397 1546 plures
1413 1514 1494 1538 erant
1511 1509 1661 1545 prioribus.
1679 1508 1720 1536 Ad
1733 1508 1806 1544 jeju-

1019 1559 1095 1585 nium
1111 1558 1183 1585 enim
1197 1578 1204 1591 ,
1223 1561 1250 1585 et
1263 1556 1341 1584 hunii
1357 1556 1531 1584 cubalionem
1542 1575 1550 1588 ,
1573 1560 1600 1583 et
1616 1562 1729 1583 saccum
1752 1561 1807 1589 quo

1017 1604 1196 1636 induebatur,
1219 1606 1396 1631 accesserant
1421 1602 1502 1630 etiam
1527 1609 1600 1628 cura:
1623 1601 1806 1636 indigentium

1016 1650 1140 1678 omnium
1152 1669 1159 1682 ,
1177 1653 1206 1676 ut
1219 1654 1246 1677 et
1261 1649 1296 1676 de
1309 1648 1401 1676 viduis
1416 1652 1490 1676 esset
1504 1646 1654 1678 sollicitus,
1668 1651 1695 1674 et
1707 1645 1809 1680 orpha-

1018 1696 1062 1724 nis
1078 1695 1254 1731 provideret,
1275 1698 1302 1722 et
1319 1694 1448 1730 injuriam
1467 1693 1603 1721 facientes
1621 1695 1764 1727 argueret,
1781 1695 1809 1719 et

1017 1742 1121 1777 injuria
1136 1742 1279 1777 oppressis
1291 1740 1398 1776 justum
1414 1739 1523 1768 atIerret
1536 1739 1681 1765 auxilium.
1694 1737 1728 1764 Et
1741 1736 1807 1772 quid

1018 1793 1090 1821 opus
1117 1789 1160 1813 est
1186 1785 1279 1812 omnia
1300 1791 1447 1812 recensere
1467 1783 1540 1819 apud
1563 1791 1611 1811 eos
1631 1782 1678 1818 qui
1705 1786 1809 1809 norunt

1017 1839 1145 1867 quaenam
1161 1831 1218 1858 illis
1231 1833 1407 1866 competant,
1420 1830 1467 1865 qui
1480 1830 1550 1857 hanc
1564 1829 1734 1864 provinciam
1746 1834 1809 1855 sus-

1018 1878 1138 1914 cepere?
1160 1877 1308 1913 lnsigniter
1333 1882 1425 1904 autem
1450 1876 1497 1903 ille
1520 1875 1571 1902 hos
1587 1874 1807 1910 amplectebatur

1018 1923 1145 1955 labores,
1161 1926 1191 1950 ut
1207 1921 1254 1957 qui
1269 1922 1362 1949 ovium
1377 1921 1523 1949 Dominum
1539 1920 1684 1955 insigniter
1695 1923 1723 1946 et
1736 1925 1811 1946 ama-

1018 1973 1060 1997 ret
1075 1973 1103 1997 et
1121 1969 1242 1997 timeret.
1260 1969 1320 2002 Quo
1336 1972 1428 1996 autem
1445 1967 1557 1994 virtutis
1573 1973 1640 2001 opes
1663 1965 1811 2000 colligebat

1019 2015 1149 2050 majores,
1159 2022 1193 2042 eo
1203 2014 1307 2050 majore
1319 2014 1487 2042 sanctissimi
1500 2012 1622 2047 Spiritus
1632 2011 1719 2047 gratia
1734 2010 1811 2038 frue-

1021 2061 1112 2088 batur.
1129 2059 1197 2086 Nam
1212 2068 1274 2087 cum
1292 2060 1332 2087 illi
1347 2059 1495 2094 aliquando
1510 2060 1538 2086 in
1556 2061 1646 2086 vicum
1662 2055 1810 2092 quemdam

1021 2105 1064 2133 vel
1077 2105 1208 2140 oppidum
1226 2104 1278 2132 iter
1298 2109 1372 2132 esset
1397 2105 1506 2140 (locum
1530 2105 1602 2131 cnim
1624 2108 1700 2130 certo
1720 2101 1812 2129 dicere

1022 2160 1077 2179 nou
1094 2151 1217 2186 habeo),
1237 2155 1418 2178 aceesserunt
1439 2149 1473 2177 ad
1499 2157 1561 2176 eum
1587 2155 1721 2183 pauperes
1747 2147 1811 2181 qui-

1023 2198 1103 2230 dam,
1129 2204 1215 2224 unum
1245 2197 1402 2231 quempiam
1431 2204 1463 2223 ex
1490 2195 1631 2222 sodalibus
1655 2194 1713 2220 suis
1738 2193 1812 2220 velut

553 2263 560 2275 ,
579 2243 625 2268 καί
638 2251 698 2268 τινα
714 2242 783 2278 πρὸς
797 2242 845 2278 τὴν
864 2242 965 2269 ἐκείνου

1022 2250 1160 2272 mortuum
1177 2247 1362 2278 proponeutes
1373 2262 1380 2273 ,
1393 2246 1420 2269 et
1434 2241 1558 2276 qumdam
1572 2240 1605 2267 ad
1633 2240 1710 2267 illum
1734 2246 1811 2274 sepe—

1024 2288 1147 2317 liendum
1164 2287 1320 2316 necessaria
1338 2287 1521 2322 postulantes.
1545 2286 1592 2312 ille
1607 2290 1698 2312 autem
1714 2283 1812 2310 annuit

1024 2335 1206 2371 rogantibus,
1225 2333 1335 2369 Deoque
1349 2340 1447 2368 preces
1464 2332 1585 2360 oll‘erens
1607 2335 1740 2365 tanquam
1763 2337 1813 2365 pro

1025 2387 1152 2414 mortuo,
1171 2380 1279 2416 rogavit
1295 2384 1325 2407 ut
1342 2380 1367 2407 ei
1383 2379 1536 2406 remitteret
1552 2385 1613 2412 qum
1635 2377 1663 2404 i-u
1679 2377 1734 2403 vita
1750 2383 1814 2411 pec-

1025 2433 1119 2461 carat,
1149 2433 1269 2462 eumque
1295 2426 1323 2453 in
1346 2425 1486 2461 iustorum
1517 2428 1619 2452 emtum
1646 2422 1812 2450 admitteret.

1025 2472 1092 2507 Quae
1107 2473 1141 2500 ab
1158 2480 1191 2500 eo
1204 2479 1267 2499 cum
1286 2470 1456 2504 dicerentur,
1473 2468 1592 2498 evolavit
1609 2467 1684 2496 illius
1701 2467 1792 2494 anima
1805 2488 1812 2500 ,

1026 2519 1075 2556 qui
1100 2522 1217 2546 mortem
1243 2517 1410 2548 simulabat,
1432 2519 1460 2544 et
1475 2514 1650 2551 suppeditata
1672 2517 1738 2542 sunt
1751 2520 1814 2541 cor-

1027 2565 1087 2601 pori
1103 2567 1270 2600 tegumenta.
1295 2562 1440 2590 Paululum
1463 2561 1563 2589 deinde
1586 2567 1733 2597 progresso
1754 2559 1814 2588 viro

1028 2614 1142 2643 sancto,
1159 2610 1235 2637 illum
1259 2609 1308 2644 qui
1331 2608 1442 2644 jacebat
1467 2614 1580 2643 surgere
1594 2606 1745 2642 ‘jubentes
1767 2606 1813 2640 qui

1029 2656 1148 2684 I'abulam
1164 2658 1387 2689 composuerant,
1411 2658 1442 2680 ut
1460 2660 1522 2681 eum
1539 2653 1665 2681 viderunt
1691 2659 1746 2678 non
1767 2658 1815 2678 ex-

1029 2702 1132 2733 audire,
1163 2705 1191 2729 et
1221 2700 1312 2736 reipsa
1341 2700 1467 2728 evenisse
1495 2699 1569 2734 quod
1609 2698 1814 2727 simulabatur,

1031 2748 1076 2783 1]
1086 2747 1137 2782 13
1152 2753 1299 2781 veramque
1312 2754 1339 2773 in
1357 2745 1454 2773 faciem
1469 2748 1602 2772 mutatam
1616 2750 1677 2771 esse
1694 2743 1797 2770 larvam
1807 2761 1814 2771 .

1030 2794 1063 2822 ad
1080 2801 1210 2829 maguum
1230 2792 1400 2821 contendunt
1417 2790 1548 2818 Iacobum
1560 2811 1567 2824 ,
1584 2790 1770 2820 obtestantes,
1788 2791 1818 2815 et

1030 2840 1063 2867 ad
1079 2839 1139 2875 ejus
1156 2839 1241 2874 pedes
1260 2838 1415 2874 provoluti,
1434 2837 1601 2871 audacisque
1621 2835 1684 2862 facti
1702 2840 1815 2862 causam

1030 2885 1153 2914 dicentes
1169 2885 1253 2913 l'uisse
1266 2887 1471 2920 paupertatem,
1486 2882 1621 2918 rogabant
1638 2886 1667 2908 ut
1683 2881 1814 2908 delictum
