2036 3122
177 188 243 225 1301

789 185 993 218 RELIGI'OSA
1007 186 1198 218 HISTORIA.

1731 181 1801 216 1301

179 245 315 282 Ίιριμίου
342 243 435 282 φωνὴν
453 242 505 278 τὴν
523 241 673 278 διαρρήδην
695 238 800 275 βοῶσαν
811 247 817 254 ·
838 249 848 265 ‹
864 239 962 273 Ἐγγὺς

1019 239 1082 267 iixit
1097 248 1103 266 :
1122 248 1132 264 ‹
1152 237 1206 266 Ore
1218 244 1269 265 luo
1283 236 1494 269 benedicebant,
1507 239 1535 263 et
1549 235 1633 264 corde
1643 242 1694 265 tuo
1713 237 1799 264 male-

175 289 202 319 ιῖ
217 292 249 318 σὺ
263 289 310 317 τοῦ
324 289 458 324 στόματος
471 287 572 321 αὐτῶν,
586 286 634 314 καὶ
657 286 752 321 πόρρω
771 285 824 312 ἀπὸ
850 284 906 311 τῶν
921 293 964 310 νε-

175 336 250 372 φρῶν
265 335 365 363 αὐτῶν.
376 344 385 360 ι
404 334 542 369 Σύμφωνα
558 333 587 359 δὲ
600 331 705 362 τούτοις
720 331 785 367 περὶ
800 330 902 357 τούτων
914 330 962 356 καὶ

174 384 189 409 6
205 382 340 417 μακάριος
365 380 417 415 ἔφη
435 379 531 406 Δαϐίδ·
549 388 558 405 ι
569 378 613 414 Τῷ
630 377 746 412 στόματι
776 377 865 403 αὐτῶν
884 375 964 412 ηὐλό-

175 437 251 463 γουν,
275 429 322 455 καὶ
338 428 371 463 τῇ
388 426 486 462 καρδίᾳ
504 425 592 452 αὐτῶν
618 423 789 459 κατηρῶντο.
807 432 816 448 ι
839 422 894 448 Καὶ
909 422 963 448 πά-

174 475 233 501 λινι
255 483 265 499 ε
287 470 498 506 Ἦπαλύνθησαν
511 471 536 497 οἱ
553 470 628 504 λόγοι
657 468 748 496 αὐτῶν
766 468 836 503 ὑπὲρ
861 467 970 500 ἔλαιον,

178 521 226 547 καὶ
239 519 316 546 αὐτοί
331 520 383 546 εισι
395 518 507 553 βολίδες.
526 526 535 543 ι
551 514 629 543 Οὗτοι
639 515 685 542 τὸν
699 515 748 550 τῆς
767 513 965 548 Ἀλεξανδρέων

175 565 324 592 ἐπίσκοπον
345 564 390 590 τὸν
410 563 496 598 μέγαν
522 560 698 595 Ἀλέξανδρον
728 557 911 592 παρεκάλουν,
924 557 965 583 οἰ-

175 612 282 646 κτεῖραι
305 610 352 636 τὸν
378 610 488 644 Ἀρειον
506 607 558 634 ὑπὸ
575 606 665 641 πάσης
694 605 801 639 ἐκείνης
828 603 967 637 ἀποκηρυ-

176 657 275 692 χθέντα
289 656 340 691 τῆς
354 655 491 690 φάλαγγος
502 662 508 669 ·
522 652 569 680 τοῦ
585 652 614 679 δὲ
627 651 675 679 καὶ
687 651 717 677 τὸ
731 650 832 676 τούτων
848 648 965 675 ὓπουλον

176 702 287 735 εἰδότος,
301 702 347 728 καὶ
361 701 410 735 τὴν
434 700 539 726 ἐκείνου
558 697 689 733 πονηρίαν
718 694 905 731 ὑφορωμένου,
919 694 966 720 καὶ

175 748 271 775 τούτου
289 747 368 782 χάριν
378 747 408 773 οὺ
425 745 570 781 δεχομένου
583 743 633 778 τὴν
650 742 758 777 αἴτησιν
774 750 780 756 ι
795 740 868 766 ἄλλοι
892 739 965 770 τινὲς

175 793 229 820 τῶν
237 792 369 827 ἁπλότητι
380 790 576 825 συνεζηκότων,
585 787 685 818 πολλὰς
700 786 749 821 τῆς
762 783 966 820 φιλανθρωπίας

176 840 320 875 διεξῄεσαν
334 838 481 873 εὐφημίας,
502 835 589 871 ταύτῃ
602 834 706 870 χαίρειν
718 832 842 866 λέγοντες
860 830 906 857 καὶ
920 830 966 857 τὺν

175 887 229 913 τῶν
240 886 307 912 ὅλων
322 884 399 911 Θεόν.
426 883 534 916 Ἐπειδὴ
544 882 573 909 δὲ
588 883 603 908 6
618 881 704 916 μέγας
725 877 899 913 Ἀλέξανδρος
915 877 965 912 τὴν

174 933 266 960 ἄδικον
276 932 339 966 περὶ
347 931 393 957 ἕνα
407 928 610 965 φιλανθρωπίαν
621 926 819 961 ἀπανθρωπίαν
828 922 963 958 ὠνόμαζε,
981 916 1002 943 Β

176 980 281 1007 πολλῶν
315 976 399 1006 οὖσαν
422 975 611 1012 λυμαντικὴν,
639 974 686 1001 καὶ
715 973 804 1008 λώϐης
831 971 966 1008 πρόφασιν

176 1026 285 1053 ἔσεσθαι
301 1026 357 1055 τοῖς
367 1022 502 1058 ποιμνίοις
517 1021 618 1049 ἅπασιν
639 1020 715 1054 ἔλεγε
728 1028 734 1034 ·
751 1018 869 1054 παρῄνει
884 1017 967 1043 πᾶσιν

174 1074 189 1099 6
205 1072 277 1103 θεῖος
297 1070 434 1101 Ἰάκωϐος,
455 1069 488 1104 τῇ
515 1068 564 1103 μὲν
578 1067 630 1102 τῆς
658 1066 788 1100 νηστείας
813 1062 967 1099 χρήσασθαι

173 1117 320 1152 κακουχίᾳ,
350 1115 421 1142 ἑπτὰ
439 1115 468 1141 δὲ
493 1114 564 1141 κατὰ
580 1112 680 1140 ταύτὸν
708 1111 816 1146 ἡμέρας
834 1110 879 1136 τὸν
901 1108 966 1135 Θεὸν

176 1165 312 1192 ἱκετεῦσαι
324 1163 353 1190 τὺ
365 1163 426 1194 ταῖς
436 1160 613 1196 Ἑκκλησὶαις
631 1160 753 1185 συνοῖσον
771 1156 965 1193 πρυτανεῦσαι.

174 1209 333 1245 Δεξαμένων
342 1209 370 1235 δὲ
385 1208 513 1235 ἁπάντων
523 1206 571 1232 τοῦ
590 1205 662 1232 θείου
676 1204 772 1239 ἀνδρὸς
786 1203 835 1239 τὴν
851 1202 967 1237 εἰσήγη-

176 1264 237 1284 σιν·
265 1255 376 1291 ᾔδεισαν
403 1254 458 1289 γὰρ
485 1252 565 1279 αὐτὸν
598 1251 789 1282 ἀποστολικοῖς
814 1249 967 1285 χαρίσμασι

174 1304 333 1338 λάμποντα·
354 1301 520 1335 ἐκεράννυτο
535 1299 583 1333 μὲν
598 1298 614 1333 ή
628 1297 740 1332 νηστεία
753 1297 786 1332 τῇ
804 1296 942 1331 προσευχῇ
957 1303 965 1311 ο

174 1349 322 1385 ἐψηφίζετο
338 1348 366 1374 δὲ
377 1348 436 1379 ταῖς
458 1344 634 1379 Ἐκκλησίαις
648 1345 663 1370 6
673 1343 777 1370 τούτων
794 1342 861 1369 κυὸε
867 1342 966 1377 ρνήτης

174 1396 206 1423 τδ
229 1395 377 1431 συμφέρον.
403 1393 459 1420 Καὶ
484 1391 579 1426 ἐπειδὴ
604 1390 759 1431 ᾁπήντησεν
783 1389 800 1424 ὴ
826 1387 966 1423 Κυριακὴ,

175 1442 235 1469 καθ’
251 1442 285 1477 ἣν
299 1440 411 1476 ἤλπιζον
425 1440 450 1465 οι
470 1438 579 1469 πλείους
599 1436 643 1463 τὸν
669 1435 810 1471 ἀλιτήριον
829 1433 968 1469 εἰσδεχθῆ-

176 1488 282 1519 σεσθαι,
299 1487 347 1514 καὶ
360 1486 409 1521 τῆς
420 1485 497 1516 θείας
512 1482 686 1517 λειτουργίας
702 1481 844 1517 ἔφθασενὸ
859 1479 965 1516 καιρὸς,

173 1534 223 1562 καὶ
237 1533 405 1569 προσέμενον
437 1530 558 1561 ἅπαντες
571 1530 637 1556 ἰδεῖν
657 1528 703 1556 τὸν
728 1527 851 1555 ἀντίθεον
876 1525 966 1552 ἐλεού-

178 1589 269 1616 μενον,
282 1577 432 1614 τηνικαῦτα
448 1576 554 1611 γίνεται
567 1572 639 1601 θεῖον
654 1574 739 1606 ὗντως
754 1574 800 1601 καὶ
814 1571 966 1608 παράδοξον
979 1588 1003 1620 c

177 1627 281 1662 θαῦμα.
299 1625 344 1652 Ἑν
368 1623 523 1659 βδελυκτοῖς
535 1622 589 1657 γὰρ
605 1620 653 1647 καὶ
673 1620 805 1647 δυσώδεσι
827 1618 936 1655 χωρίοις
951 1617 965 1643 ὁ

175 1673 305 1707 ἀλάστωρ
319 1671 423 1701 ἐκεῖνος
442 1668 493 1704 τῆς
508 1667 648 1703 ἀπλήστου
671 1666 775 1702 τροφῆς
789 1664 924 1700 ὲκκρίνων
933 1664 968 1691 τὰ

175 1717 381 1755 περιττώματα,
399 1715 447 1742 καὶ
460 1714 495 1741 τὰ
507 1713 611 1740 τούτων
629 1712 699 1748 μετὰ
713 1713 818 1739 τούτων
844 1711 967 1746 ὲξέκρινε

173 1766 277 1800 δοχεῖα.
306 1763 384 1791 Οὕτω
397 1762 425 1789 δὲ
440 1761 495 1788 τῶν
510 1760 658 1795 σπλάγχων
669 1759 753 1786 αὑτοῦ
768 1757 963 1790 διαλυθέντων,

175 1813 224 1839 καὶ
239 1812 287 1838 σὺν
301 1812 334 1846 τῇ
350 1809 447 1844 κόπρῳ
461 1807 671 1843 κεχωρηκότων,
682 1805 810 1838 ἐξέπεσεν
824 1805 838 1831 ὁ
851 1804 967 1835 δείλαιος

176 1859 362 1894 παραχρῆμα,
392 1856 440 1882 καὶ
460 1855 506 1881 τδν
532 1854 672 1889 αἴσχιστον
705 1853 808 1879 ἐκεῖνον
839 1851 968 1886 ὑπέμεινε

176 1905 301 1935 θάνατον,
314 1903 362 1938 τῆς
374 1901 509 1932 δυσώδους
521 1898 602 1927 αὐτοῦ
613 1897 788 1934 βλασφημίας
800 1898 828 1923 ὲν
838 1896 968 1924 δυσώδεσι

178 1950 287 1987 χωρίοις
308 1947 485 1983 εἰσ-πραχθεὶς
505 1946 554 1977 τὰς
578 1944 703 1977 εὐθύνας,
725 1943 773 1970 καὶ
789 1942 833 1970 διὰ
849 1943 899 1977 τῆς
919 1942 969 1968 Ἰα-

177 1996 267 2025 κώϐου
278 1995 324 2022 τοῦ
342 1994 459 2030 μεγάλου
473 1991 598 2027 γλώττης
614 1989 763 2024 δεξάμενος
783 1987 833 2022 τὴν
849 1987 967 2022 σφαγήν.

177 2041 319 2077 Θαυμάζει
343 2040 392 2075 μὲν
412 2036 486 2073 οὖνὴ
502 2036 561 2063 θεία
580 2034 677 2071 Γραφὴ
692 2034 784 2065 Φινεὲς
805 2032 850 2060 τὸν
872 2032 948 2068 ἱερέα
961 2052 968 2065 ,

178 2089 226 2116 καὶ
237 2088 349 2119 εἰκότως
375 2083 520 2120 θαυμάζει,
537 2083 576 2109 ὅτι
591 2081 636 2108 τὸν
652 2080 762 2115 ὀλέθρου
788 2078 845 2114 λαῷ
860 2079 970 2113 γινόμε-

178 2142 224 2160 νον
245 2132 374 2168 πρόξενον
394 2128 560 2164 κατέσφαξε,
572 2128 616 2154 τὸν
630 2126 744 2161 Ζαμϐρή
756 2134 762 2140 ·
780 2125 820 2152 διὸ
835 2124 881 2151 καὶ
903 2124 971 2159 ψάλ-

179 2180 234 2207 λων
248 2179 262 2205 ὀ
277 2177 411 2214 μακάριος
437 2176 514 2210 ἔλεγε
543 2173 625 2200 Δαὸίδ
643 2180 649 2186 ·
676 2182 685 2198 ι
701 2172 786 2206 Ἔστη
807 2171 900 2202 Φινεὲς
925 2170 972 2196 καὶ

179 2225 331 2258 ὲξιλὰσατο,
359 2222 406 2249 καὶ
429 2222 564 2248 ἐκόπασεν
579 2220 596 2254 ἡ
616 2218 747 2254 θραῦσις·
766 2217 813 2243 καὶ
838 2216 967 2251 ἐλογίσθη

1013 284 1143 312 dicebant
1161 283 1188 317 i;
1206 293 1215 310 ι
1237 288 1265 311 et
1283 283 1402 310 iterum:
1423 292 1432 307 ι
1453 281 1548 308 Molliti
1575 286 1640 310 sunt
1658 289 1800 309 sermones

1013 339 1110 359 eorum
1133 338 1217 366 super
1250 331 1353 362 oleum,
1370 334 1397 357 et
1426 330 1478 365 ipsi
1498 333 1563 357 sunt
1575 329 1667 364 jacula
1688 328 1712 357 ι.
1728 338 1737 355 ›
1754 329 1800 357 Isti

1013 377 1199 405 Alexandrum
1215 384 1322 411 magme
1345 375 1519 403 Alexandria
1543 376 1800 410 episcopum..roga-

1013 424 1090 456 bant,
1112 427 1142 450 ut
1159 423 1218 450 Arii
1239 423 1429 453 misereretur,
1457 422 1490 448 ab
1517 422 1647 449 universa
1666 421 1711 448 illa
1732 421 1799 456 pha-

1014 468 1094 504 lange
1112 468 1299 496 exauctorati.
1317 467 1367 495 Hic
1391 475 1535 495 vero‘cum
1555 472 1583 494 et
1603 466 1745 494 subdolam
1762 467 1802 493 is-

1014 518 1106 541 torum
1121 518 1238 541 mentem
1260 517 1414 546 nosset,.et
1437 517 1594 548 suspectam
1611 512 1684 539 illius
1706 512 1801 547 nequi,

1014 560 1080 587 tiam
1097 560 1223 591 haberet,
1241 567 1273 588 ac
1288 563 1433 595 propterea
1453 559 1565 586 illorum
1579 558 1727 593 postulatis
1747 565 1801 585 non

1015 609 1162 638 annueret,
1180 606 1226 633 alii
1251 606 1363 641 quidam
1383 605 1562 640 simplicioris
1587 604 1689 639 ingenii
1716 604 1801 631 multa

1015 651 1048 678 de
1065 651 1219 679 clementia:
1231 651 1358 679 laudibus
1371 652 1554 683 disserentes,
1565 651 1623 678 hac.
1633 651 1716 678 etiam
1734 658 1803 685 pra:-

1015 697 1094 732 cipue
1102 698 1233 725 delectari
1249 698 1442 725 universorum
1457 697 1541 725 Deum
1554 696 1757 732 suggerebant-z
1776 700 1804 723 et

1015 751 1078 771 cum
1088 743 1201 779 Magnus
1210 744 1365 772 Alexander
1374 744 1505 779 injustam
1514 751 1578 778 erga
1591 750 1675 770 unum
1686 743 1804 770 clemen-

1016 788 1084 816 tiam
1091 789 1292 816 inclementiam
1300 790 1523 824 appellaret,qua:
1532 789 1705 816 multisessct
1714 787 1805 822 perni-

1016 835 1090 863 ciosa
1105 835 1254 871 damnique
1268 837 1440 863 occasionem
1455 836 1562 863 cunctis
1576 835 1707 871 gregibus
1728 834 1806 860 futu-

1016 889 1074 909 ram
1087 881 1234 909 aiiirmaret
1245 902 1252 914 ,
1267 883 1393 909 hortatur
1404 890 1500 910 omnes
1510 882 1621 909 divinus
1631 881 1761 911 Jacobus,
1776 885 1804 906 ut

1015 927 1114 963 jejunii
1131 928 1312 954 macerationi
1327 935 1357 955 se
1373 928 1484 961 dedant,
1514 933 1674 963 septemque
1693 934 1755 954 cum
1773 934 1805 953 eo

1017 975 1123 1002 dierum
1142 974 1231 1009 spatio
1252 973 1337 1001 Deum
1361 978 1452 1007 orent,
1471 977 1501 1001 ut
1521 974 1707 1001 Ecclesiarum
1731 971 1806 999 utili-

1018 1020 1067 1047 tati
1086 1021 1245 1047 consultum
1265 1020 1338 1047 velit.
1354 1019 1474 1048 Probato
1497 1020 1532 1047 ab
1560 1019 1691 1047 omnibus
1716 1018 1804 1046 sancti

1017 1066 1070 1094 viri
1085 1067 1202 1094 consilio
1218 1066 1361 1101 (sciebant
1377 1066 1461 1100 enim]
1475 1066 1552 1092 illum
1575 1065 1725 1100 apostolica
1741 1071 1807 1100 gra-

1018 1111 1056 1138 tia
1073 1110 1219 1146 praeditum
1232 1113 1254 1145 ),
1268 1110 1376 1145 jejunio
1389 1109 1490 1144 juncta:
1506 1113 1571 1137 sunt
1586 1117 1694 1144 preces,
1710 1115 1737 1137 et
1755 1110 1805 1136 Ec-

1017 1156 1164 1184 clesiarnm
1192 1155 1303 1182 utilitati
1327 1154 1470 1190 prospexit
1497 1154 1594 1181 harum
1626 1154 1805 1189 gubernator.

1017 1202 1142 1236 Cumque
1156 1200 1312 1228 advenisset
1324 1200 1385 1229 dies
1400 1200 1580 1230 Dominicus..
1593 1199 1705 1235 quodie
1720 1199 1806 1234 pleri.

1017 1255 1072 1284 que
1092 1252 1233 1282 receptum
1254 1247 1372 1281 impium
1386 1246 1421 1274 iri
1439 1246 1599 1282 sperabant,
1615 1249 1643 1274 et
1660 1246 1761 1273 divinae
1771 1245 1807 1273 ιι-

1019 1294 1116 1329 turgiaa
1128 1298 1243 1328 tempus
1257 1293 1381 1327 adesset,
1396 1296 1648 1328 exspectarentque
1667 1299 1763 1319 omnes
1778 1294 1807 1318 ut

1018 1340 1162 1368 inimicum
1181 1340 1227 1367 Dei
1250 1340 1344 1368 venia,
1358 1340 1490 1367 donatum
1515 1338 1659 1371 viderent,
1682 1338 1807 1365 divinum

1018 1394 1135 1422 prorsus
1154 1394 1187 1413 ac
1214 1386 1384 1421 stupendum
1411 1385 1515 1413 accidit
1539 1384 1714 1412 miraculum.
1739 1382 1807 1410 Nam

1018 1439 1081 1460 cum
1112 1432 1139 1460 in
1170 1432 1280 1467 spurcis
1307 1431 1514 1466 fetentibusque
1538 1430 1615 1458 locis-
1631 1429 1747 1464 impius-
1764 1428 1809 1456 ille

1018 1479 1192 1514 inexplebilis
1207 1478 1277 1514 gulae
1289 1481 1466 1505 excrementa
1480 1479 1614 1512 egereret.
1630 1482 1692 1503 cum
1705 1474 1749 1501 his
1762 1474 1807 1501 in-

1018 1526 1120 1554 testina
1138 1525 1220 1553 etiam
1240 1523 1343 1559 quibus
1362 1522 1581 1550 continebantur
1605 1521 1715 1556 1116
1727 1527 1807 1555 eges-

1020 1572 1066 1605 sit,
1085 1571 1241 1607 solutisque
1257 1571 1310 1598 hoc
1326 1570 1410 1597 modo
1428 1569 1597 1600 visceribus,
1609 1572 1710 1595 etcum
1735 1571 1807 1595 ster-

1020 1626 1085 1647 core
1102 1616 1208 1649 ell'usis,
1228 1618 1237 1627 ‘
1252 1616 1374 1643 concidit
1397 1619 1508 1650 repente
1527 1613 1635 1646 infelix,
1654 1617 1682 1641 et
1703 1613 1810 1647 turpis-

1019 1664 1118 1692 simam
1134 1663 1210 1690 illam
1231 1666 1347 1689 mortem
1363 1660 1445 1692 obiit,
1464 1659 1653 1695 graveolentis
1677 1657 1809 1693 blasphe-

1020 1711 1081 1738 miae
1099 1716 1156 1737 suae
1174 1709 1201 1736 in
1217 1706 1441 1744 grareolentibus
1460 1707 1528 1734 locis
1549 1713 1646 1741 poenas
1665 1705 1757 1736 luens.
1783 1709 1811 1732 et

1021 1764 1069 1792 per
1089 1755 1180 1790 magni
1195 1753 1289 1782 Jacobi
1301 1754 1423 1789 linguam
1436 1752 1543 1780 letalem
1556 1752 1641 1779 ictum
1656 1751 1809 1787 excipiens.

1022 1802 1184 1829 Admiratur
1200 1808 1268 1828 sane
1291 1799 1384 1827 divina
1404 1798 1550 1833 Scriptura
1574 1798 1694 1826 Phinees
1720 1804 1811 1825 sacer-

1023 1848 1126 1881 dotem,
1142 1851 1170 1874 et
1188 1846 1250 1881 jure
1266 1846 1431 1877 admiratur,
1452 1844 1526 1879 quod
1541 1844 1651 1871 Zambri
1668 1843 1811 1879 popularis

1023 1893 1098 1920 exitii
1115 1896 1263 1919 auctorem.
1274 1890 1447 1918 interfecerit
1462 1897 1469 1917 :
1487 1889 1558 1917 unde
1569 1893 1595 1917 et
1606 1889 1727 1924 psallens
1744 1888 1811 1916 bea—

1023 1944 1068 1966 tus
1086 1938 1172 1966 David
1190 1937 1300 1964 aiebat:
1318 1946 1327 1962 l
1341 1936 1423 1964 Stetit
1434 1936 1564 1968 Phinces,
1580 1938 1607 1963 et
1618 1935 1744 1970 placatus
1757 1939 1809 1965 est.

1023 1989 1050 2012 et
1069 1984 1189 2012 cessavit
1207 1983 1370 2019 quassatio,
1389 1987 1415 2011 et
1432 1986 1648 2018 reputatum,est
1664 1982 1703 2010 illi
1719 1982 1752 2009 ad
1767 1982 1812 2017 ju-

1023 2030 1144 2063 stitiam,
1163 2030 1189 2057 in
1215 2029 1420 2065 generationem
1440 2033 1468 2056 ct
1486 2029 1705 2064 generationem,
1726 2036 1813 2063 usque

1024 2076 1051 2103 in
1063 2076 1192 2104 szeeulum
1206 2075 1229 2102 1.
1246 2085 1255 2101 ι
1270 2075 1371 2103 Verum
1387 2076 1432 2103 ille
1447 2076 1546 2103 bellico
1561 2083 1628 2103 usus
1640 2075 1695 2102 telo
1707 2075 1811 2110 justam

1023 2127 1051 2150 et
1070 2122 1209 2149 celebrem
1229 2122 1301 2148 illam
1322 2122 1424 2149 caedem
1444 2122 1564 2157 patravit
1579 2131 1586 2149 :
1604 2122 1669 2149 huic
1685 2130 1750 2149 vero
1763 2129 1813 2157 pro

1024 2169 1101 2202 hasta
1116 2172 1143 2195 et
1160 2167 1252 2202 gladio
1266 2168 1361 2203 lingua
1376 2168 1444 2195 satis
1458 2167 1519 2200 fuit,
1539 2175 1600 2202 qua:
1619 2167 1732 2202 impium
1751 2175 1812 2202 per-

1025 2215 1102 2248 emit,
1121 2222 1156 2241 ne
1172 2213 1276 2241 videret
1293 2214 1407 2248 gloriam
1426 2213 1544 2241 Domini.
1556 2214 1645 2249 Atque
1659 2214 1711 2241 hoc
1726 2222 1811 2240 unum

181 2271 254 2307 αὐτῷ
269 2271 308 2302 εἰς
321 2268 506 2303 δικαιοσύνην,
522 2267 562 2298 είς
576 2265 672 2300 γενεὰν
685 2264 732 2291 καὶ
745 2263 843 2297 γενεὰν
858 2262 912 2294 ἕως
920 2261 969 2289 τοῦ

1023 2259 1147 2295 profecto
1163 2258 1308 2287 suﬂecerit
1327 2259 1360 2286 ad
1376 2259 1487 2286 Arianae
1502 2259 1654 2294 impietatis
1670 2260 1812 2286 revincen-

180 2318 286 2348 αἰῶνος.
301 2326 309 2342 ι
334 2315 402 2342 Ἀλλ’
416 2315 490 2349 ὅμως
501 2314 605 2343 ἐκεῖνος
622 2311 697 2346 ὅπλῳ
714 2308 853 2344 πολεμικῷ
869 2308 974 2345 χρησά-

183 2371 262 2398 μενος
283 2382 292 2395 ,
323 2361 372 2395 τὴν
405 2359 512 2386 δικαίαν
541 2358 588 2384 καὶ
623 2355 842 2392 πολυθρύλλητον
862 2354 971 2389 ἐκείνην

182 2408 326 2444 εἰργάσατο
340 2406 447 2442 σφαγήν
458 2412 465 2421 ⁸
485 2404 572 2439 τούτῳ
589 2403 616 2429 δὲ
641 2402 758 2438 ἧρκεσεν
774 2401 834 2428 ἀντὶ⁵
859 2400 972 2436 δόρατος

183 2455 229 2481 καὶ
244 2454 336 2488 ξίφους
353 2453 370 2487 ἡ
384 2451 503 2486 γλῶττα,
525 2449 572 2476 καὶ
584 2448 674 2476 ἀνεῖλε
688 2448 734 2474 τὸν
750 2446 848 2482 ἀσεϐῆ,
872 2447 915 2473 [va
932 2446 969 2482 μὴ

184 2500 226 2535 ἴδῃ
245 2498 294 2534 τὴν
311 2495 390 2529 δόξαν
406 2495 523 2529 Κυρίου.
542 2493 662 2528 Ἀπόχρη
679 2492 707 2518 δὲ
732 2491 812 2518 τοῦτο
825 2491 905 2527 μόνον
918 2490 972 2518 τῶν

182 2544 233 2579 τῆς
252 2542 357 2579 Ἀρείου
375 2540 542 2570 δυσσεϐείας·
568 2537 744 2574 κληρονόμων
763 2536 897 2571 διελέγξαι
922 2537 974 2572 τὴν

183 2591 284 2617 ἄνοιαν.
314 2589 343 2615 '0
365 2588 418 2623 γὰρ
437 2585 564 2616 τοσοῦτος
587 2584 668 2619 ἀνὴρ,
689 2583 742 2610 τῶν
760 2583 810 2618 μὲν
832 2583 878 2618 ὑφ’
895 2584 973 2618 ήμῶν

184 2634 406 2672 πρεσϐευομένων
422 2632 567 2668 δογμάτων
583 2630 677 2666 κῆρυξ·
689 2628 722 2664 ἦν
736 2629 783 2656 καὶ
803 2630 952 2665 συνήγορος
965 2638 972 2645 ·

184 2681 256 2708 οὕτω
268 2681 294 2707 δὲ
311 2679 408 2715 κομιδῇ
434 2678 483 2713 τὴν
508 2675 611 2702 τούτων
636 2673 764 2701 ἀσέϐειαν
789 2674 973 2707 ἐϐδελύττετο,

185 2728 225 2754 ὃτι
243 2726 352 2753 καὶτὸν
376 2724 462 2759 αὐτῆς
488 2722 593 2757 πατέρα
612 2720 819 2755 κατηκόντισεν,
840 2721 913 2756 ὅπλῳ
937 2722 971 2757 τῇ

186 2773 292 2809 γῖὡττῃ
303 2768 498 2808 χρησάμενος.]
512 2767 622 2802 Ἐπειδὴ
634 2766 663 2792 δὲ
677 2767 687 2782 ¹
703 2768 717 2792 ὁ
730 2766 859 2801 σύλλογος
868 2768 882 2793 ὁ
898 2767 970 2803 ἱερὸς

220 2843 423 2874 iPsal.Lxr.V.
463 2842 474 2862 ι
487 2841 559 2870 Psal.
583 2848 657 2872 Lxrv,
673 2840 723 2867 22.
766 2840 773 2859 ι
795 2840 866 2867 Psal.
881 2849 925 2874 cv,
943 2841 986 2869 50.

1024 2306 1086 2333 dam
1107 2304 1254 2337 insaniam,
1269 2304 1341 2340 quod
1357 2305 1401 2332 hic
1416 2309 1511 2333 tantus
1523 2305 1567 2332 vir
1581 2299 1740 2340 dogmatnm
1751 2314 1812 2341 qua:

1024 2359 1039 2379 a
1056 2352 1138 2379 nobis
1156 2352 1335 2380 celebrantur
1351 2359 1443 2387 praeco
1459 2351 1544 2379 fuerit
1559 2355 1588 2379 et
1606 2351 1747 2384 defensor,
1773 2352 1813 2379 is~

1024 2401 1115 2425 torum
1130 2401 1223 2425 autem
1240 2398 1410 2433 impietatem
1426 2398 1467 2425 sic
1482 2396 1639 2426 detestatus
1654 2398 1702 2429 sit,
1716 2403 1744 2424 ut
1754 2398 1814 2433 ejus

1024 2448 1167 2480 parentem
1185 2444 1286 2480 linguae
1305 2451 1364 2472 suae
1378 2452 1513 2472 mucrone
1527 2444 1716 2481 confoderit.]
1732 2444 1815 2472 Post-

1027 2497 1109 2526 quam
1121 2494 1213 2518 autem
1228 2491 1361 2518 dimissus
1376 2490 1427 2517 fuit
1442 2498 1521 2518 sacer
1538 2490 1587 2519 ille
1605 2495 1771 2522 conventus,
1788 2495 1815 2518 et

1029 2537 1221 2573 unusquisque
1235 2537 1262 2564 in
1282 2537 1393 2565 domum
1409 2544 1487 2565 suam
1504 2541 1546 2565 cst
1570 2545 1709 2569 reversus,
1732 2537 1816 2564 rediit

1028 2583 1074 2610 hic
1100 2590 1221 2618 quoque,
1251 2582 1327 2609 velut
1351 2586 1484 2610 strenuus
1510 2582 1602 2609 victor
1618 2582 1762 2610 exsultans
1779 2582 1816 2610 ob

1027 2634 1130 2664 tropaza
1150 2628 1271 2663 pietatis.
1285 2628 1456 2656 Procedente
1471 2636 1535 2656 vero
1551 2632 1684 2663 tempore.
1698 2636 1815 2664 magnus

1028 2676 1074 2704 ille
1095 2675 1329 2709 admirandusque
1341 2675 1491 2709 imperator
1512 2681 1574 2702 cum
1595 2675 1708 2703 coronis
1728 2676 1815 2711 pieta-

1028 2723 1063 2750 tis
1078 2723 1200 2750 excessit
1218 2730 1233 2749 e
1245 2722 1312 2754 vita,
1324 2721 1457 2757 orbisque
1477 2725 1612 2749 terrarum
1628 2722 1744 2757 imperio
1755 2722 1815 2757 ejus

1028 2769 1076 2796 ﬁlii
1094 2776 1264 2796 successere.
1291 2768 1369 2796 Tunc
1389 2776 1434 2796 rex
1461 2767 1620 2800 Persarum,
1644 2769 1693 2796 cui
1716 2777 1815 2796 nomen

861 2898 977 2926 \Z.\Rl1E
997 2896 1203 2927 LECTION‘ES.

226 2951 236 2967 ³
257 2951 354 2977 lia-lem
369 2954 461 2976 narrat
477 2948 573 2976 Noster
585 2948 655 2975 ΙΙΞςι.
676 2948 739 2974 eccl.
758 2955 787 2978 ιι,
804 2947 848 2973 σὲϐ.
