2036 3122
143 198 211 231 I305

755 198 960 231 RELIGIOSA
970 201 1160 233 HISTORIA.

1703 203 1778 236 1306-

141 256 192 291 γῆς
201 263 209 272 ⁸
224 254 286 283 ἰδὼν
298 254 325 282 δὲ
341 254 444 282 καὶτὸν
456 254 528 282 θεῖον
543 254 686 290 ἄνθρωπον
699 254 746 282 Eni.
759 257 807 283 τοῦ
825 257 930 292 τείχους

983 258 1101 290 minora,
1110 257 1158 285 sed
1172 256 1277 291 majora
1288 264 1350 284 meo
1360 257 1469 292 quidem
1479 257 1597 292 judicio.
1608 258 1685 292 Quod
1696 262 1768 288 enim

143 301 296 336 βαδίζοντα,
321 300 500 332 καὶτοπάσας
529 300 610 327 αὐτὸν
639 300 787 335 ἔφεστάναι
803 301 842 336 τῷ
859 302 933 338 ἔργῳ

142 348 187 374 τὸν
207 346 329 382 βασιλέα,
345 346 491 382 ἁλουργίδα
508 346 562 382 γὰρ
580 347 629 373 καὶ
642 346 760 382 διάδημα
774 348 933 384 περικείμε-

141 402 185 424 νος
197 394 311 428 ἑωρᾶτο,
327 393 476 428 ἠγανάκτει
491 393 539 428 μὲν
549 393 619 420 κατὰ
629 393 683 420 τῶν
697 393 932 429 ἐξαπατησάντων

143 439 190 467 καὶ
204 439 369 474 στρατεῦσαι
382 440 546 471 πεισάντων,
560 440 607 466 καὶ
619 440 665 466 τὸν
677 439 788 474 βασιλέα
808 440 844 475 μὴ
863 450 934 477 παρ-

142 486 214 512 εῖναι
229 485 383 520 φησάντων.
404 486 525 513 Θανάτου
543 485 571 511 δὲ
583 485 673 520 ψῆφον
688 486 757 513 κατὰ
769 486 872 513 τούτων
888 488 933 520 ἐξ-

144 531 275 564 ενεγκὼν,
287 531 366 557 ἔλυσε
380 531 410 557 τὺ
426 531 596 567 στράτευμα,
609 532 697 559 καὶτὰ
708 533 798 559 οἰκεῖα
811 532 934 568 βασίλεια

143 577 295 605 κατέλαϐεν
314 577 354 603 ὅτι
372 577 498 612 τάχιστα.
529 572 648 604 Τοιαῦτα
671 578 719 604 καὶ¹
734 579 780 605 ἐπὶ
796 578 872 605 τοῦδε
886 577 933 605 τοῦ

149 623 271 655 Ἐζεκίου
283 623 561 659 τεθαυματούργηκεν
571 625 586 650 ό
596 623 673 655 Θεὸς,
690 624 720 650 οὐ
740 624 835 659 μείονα.
861 625 934 651 ἑκεί-

141 679 208 703 νων,
223 669 290 696 ἀλλὰ
304 670 351 696 καὶ
367 670 487 705 μείζονα,
507 670 546 701 ὡς
563 670 656 704 ἔμοιγε
667 671 750 697 δοκεῖ.
762 671 798 696 Τὸ
813 671 867 705 γὰρ
888 672 935 697 καὶ

141 716 190 743 τοῦ
217 717 322 751 τείχους
346 716 546 748 καταπεσόντος
577 717 614 752 μὴ
640 716 740 743 ἁλῶναι
765 716 814 750 τὴν
844 717 935 750 πόλιν,

142 763 224 788 ποίαν
235 761 372 796 θαύματος
387 761 541 797 ὑπερϐολὴν
553 762 725 795 “colaﬁzet;
745 762 813 796 Ἐγὼ
827 762 854 788 δὲ
866 761 935 798 πρὸς

141 807 231 842 τούτῳ
242 808 358 841 ,κάκεῖνο
385 807 454 842 ἄγαν
470 807 613 843 θαυμάζω,
633 809 674 835 ὅτι
694 809 740 835 καὶ
760 809 840 844 ἀραῖς
868 817 936 844 χρη-

143 852 272 887 σάμενος,
286 852 316 878 οὐ
332 853 470 886 σκηπτοὺς
482 852 583 888 ᾔτησεν
596 853 750 887 ἐνεχθῆναι,
764 853 813 879 καὶ
831 861 934 888 κεραυ-

141 898 216 931 νοὺς,
235 898 303 933 ὅπερ
327 898 419 929 Ἠλίας
434 899 448 925 ὁ
464 898 550 934 μέγας
580 899 683 930 ἐκεῖνος
698 899 840 934 ἐποίησεν,
853 898 934 934 ἡνίκα

984 304 1108 338 collapso
1126 311 1207 330 muro
1220 304 1286 330 urbs
1301 308 1379 339 capta
1393 311 1448 331 non
1462 303 1556 337 fuerit,
1568 306 1705 340 quodnam
1722 314 1771 341 po-

983 352 1036 378 tnit
1053 351 1141 386 majus
1155 359 1218 379 esse
1232 350 1418 377 miraculum?
1430 350 1485 386 Ego
1499 359 1562 378 vero
1577 357 1708 386 praeterea
1720 352 1772 380 hoc

984 398 1106 425 admiror
1124 397 1231 432 1119
1255 404 1439 431 summopere,
1457 397 1541 432 quod,
1559 405 1620 424 cum
1644 406 1772 426 exsecra-

984 443 1107 470 tionibus
1122 447 1257 474 uteretnr,
1272 450 1324 469 non
1341 443 1419 476 petiit
1439 448 1469 469 ut
1485 442 1596 475 fulgura
1609 448 1635 469 et
1652 444 1769 471 fulmina

984 489 1011 515 in
1031 496 1080 516 eos
1092 488 1188 515 ecmlo
1204 488 1390 519 mitterentur,
1412 487 1485 522 quod
1509 495 1623 522 magnus
1641 487 1715 515 Elias
1737 488 1773 515 fe-

985 534 1033 566 cit,
1058 534 1168 569 quando
1193 534 1226 560 ad
1256 533 1347 568 ipsum
1372 537 1490 568 uterque
1515 533 1780 568 quinquagenarius

985 586 1047 607 cum
1069 581 1202 608 militibus
1219 580 1277 607 suis
1301 579 1385 606 venit.
1411 579 1560 606 Audivcrat
1585 579 1658 605 enim
1679 579 1773 606 Domi-

984 633 1050 653 nnm
1066 625 1168 653 ,ἱεροὶιο
1183 630 1211 654 et
1222 625 1333 657 Joanni,
1358 633 1420 652 cum
1445 625 1515 652 idem
1540 628 1672 659 praestare
1692 632 1774 651 cona-

984 672 1092 700 rentur,
1114 674 1208 704 aperte
1225 669 1348 696 dixisse:
1367 677 1376 694 ‹
1402 668 1523 696 Nescitis
1550 668 1631 703 cujus
1656 668 1778 702 spiritus.

985 715 1046 742 sitis
1058 716 1097 742 -?
1116 725 1125 741 ι
1144 715 1176 742 Ει
1191 715 1254 743 ideo
1273 723 1327 743 non
1341 715 1420 750 petiit
1435 719 1465 742 ut
1481 719 1555 742 terra
1582 716 1622 742 eis
1646 714 1773 742 dehisce-

985 764 1037 793 ret,
1060 768 1110 788 nec
1130 762 1237 793 rogavit
1254 766 1283 788 ut
1305 761 1424 795 phalanx
1451 761 1513 796 igne
1535 763 1772 792 consumeretur,

985 807 1032 835 sed
1051 813 1079 835 ut
1094 808 1128 835 ab
1142 807 1318 835 animalculis
1336 807 1390 834 illis
1406 808 1590 837 saueiarelnr,
1614 806 1688 833 unde
1703 806 1773 833 divi-

985 861 1048 880 nam
1065 853 1216 888 potentiam
1231 857 1414 888 agnoscentes
1427 853 1536 880 tandem
1553 852 1702 887 aliquando
1716 852 1773 886 pie-

987 903 1069 926 tatem
1094 899 1299 926 condiscerent.
1327 898 1415 925 Tanta
1439 898 1492 924 fuit
1518 898 1568 924 viri
1595 897 1677 932 hujus
1700 897 1772 932 apud

140 944 296 978 πρὸςαιῖηὺν
304 944 538 980 πεντηκόνταρχος
550 944 681 980 ἑκάτερος
692 945 760 980 μετὰ
771 945 820 980 τῆς
832 952 930 979 πεντη-

985 945 1072 973 Deum
1089 945 1198 977 fiducia,
1218 948 1325 971 tantam
1338 945 1451 971 emlitus
1473 947 1641 971 consecutus
1658 947 1701 971 est
1711 950 1774 978 gra-

140 988 256 1020 κοστύος
286 988 409 1023 ἀφίκετο.
428 989 547 1015 Ἤκουσε
578 989 631 1023 γὰρ
665 988 712 1015 τοῦ
739 989 840 1024 Κυρίου
865 989 932 1024 πρὸς

146 1034 276 1061 Ἰάκωϐον
290 1034 338 1061 καὶ
353 1034 479 1070 Ἰωάννην
490 1035 553 1066 τοὺς
569 1035 641 1061 τοῦτ’
660 1035 726 1061 αὐτὸ
750 1035 933 1070 πειραθέντας

139 1080 254 1115 ποιῆσαι
276 1079 425 1116 διαρρήδην
456 1080 580 1111 είπόντος
596 1088 604 1096 ”
634 1090 643 1106 ε
660 1081 717 1108 Οὐκ
740 1081 826 1108 οἴδατε
854 1081 931 1107 ποίου

140 1125 299 1160 πνεύματός
320 1127 382 1153 ἐστε
399 1135 406 1159 ;
426 1135 436 1152 ι
460 1126 509 1153 Διὰ
526 1125 605 1152 τοῦτο
621 1126 651 1153 οὑ
669 1127 750 1161 χᾶναι
777 1126 869 1156 αὐτοῖς
883 1125 932 1160 τὴν

138 1171 193 1206 γῆν
209 1171 320 1206 ᾔτησεν,
351 1171 411 1198 οὐδὲ
435 1171 501 1206 πυρὶ
525 1171 710 1207 παρώοθῆναι
734 1171 783 1206 τὴν
804 1171 932 1205 φάλαγγα

138 1216 340 1250 παρεκάλεσεν,
356 1217 423 1243 ἀλλὰ
438 1218 494 1249 τοῖς
509 1217 640 1252 ζωῡφίοις
654 1217 769 1248 ἐκείνοις
788 1226 932 1252 κατατρω-

139 1259 232 1296 θῆναι,
244 1262 291 1288 καὶ
307 1261 354 1288 τοῦ
363 1261 430 1288 Θεοῦ
444 1262 603 1296 διαγνόντας
615 1262 666 1297 τὴν
680 1262 794 1297 δύναμιν
805 1262 854 1297 ὀψέ
866 1271 931 1289 ποτε

140 1306 312 1341 μεταμαθεῖν
334 1306 383 1342 τὴν
410 1306 563 1333 εὐσέϐειαν.
588 1307 730 1341 Τοσαύτην
746 1305 840 1341 εἷχενὸ
859 1308 931 1339 θεῖος

138 1347 220 1382 οὗτος
233 1352 376 1387 ἄνθρωπος
387 1353 455 1388 πρὸς
471 1353 516 1379 τὸν
529 1353 594 1379 Θεὸν
608 1354 765 1389 παρρησίαν
776 1361 783 1369 ⁸
793 1354 932 1388 τοσαύτης

137 1395 244 1423 ἄνωθεν
258 1397 381 1432 ὰπὴλαυε
398 1398 520 1433 χάριτος.
539 1397 584 1424 Ἑν
597 1398 701 1430 τούτοις
721 1398 861 1430 διατελῶν,
884 1399 932 1424 καὶ

137 1441 203 1468 καθ’
227 1442 344 1478 ἑκάστην
365 1444 394 1470 ὲν
420 1445 478 1476 τοῖς
507 1444 590 1476 θείοις
611 1444 792 1479 αὐξανόμενος
815 1444 932 1479 ἡμέραν,

139 1488 212 1522 μετὰ
228 1491 279 1524 τῆς
295 1491 426 1526 μεγίστης
441 1491 566 1523 εὐκλείας
579 1491 653 1518 τόνδε
671 1491 716 1518 τὸν
733 1490 788 1526 βίον
802 1491 929 1523 ἀπέθετο,

986 993 1062 1019 tiam.
1081 991 1109 1018 In
1124 991 1167 1018 bis
1192 998 1386 1026 perseverans,
1412 996 1495 1025 alque
1522 991 1550 1017 in
1570 990 1671 1017 divinis
1691 990 1773 1017 rebus

987 1038 1159 1065 incrementa
1180 1038 1294 1072 capiens
1322 1036 1350 1063 in
1369 1036 1440 1068 dies,
1465 1043 1572 1064 summa
1597 1043 1660 1062 cum
1688 1035 1772 1070 gloria

985 1084 1069 1111 vitam
1084 1083 1196 1115 clausit,
1215 1087 1242 1110 et
1261 1090 1296 1110 ex
1315 1082 1359 1110 his
1375 1082 1444 1109 locis
1461 1080 1635 1116 demigravit.
1655 1079 1774 1115 Tempo-

985 1129 1025 1156 ris
1040 1132 1133 1155 antem
1147 1134 1278 1154 successu
1288 1148 1297 1160 ,
1312 1134 1374 1154 cum
1396 1126 1425 1153 in
1446 1125 1584 1154 Persicam
1610 1125 1775 1152 dominatio-

985 1182 1047 1201 nem
1063 1174 1096 1200 ab
1108 1182 1141 1201 eo
1151 1174 1198 1209 qui
1216 1178 1283 1201 tunc
1294 1173 1447 1208 imperabat
1463 1172 1563 1199 tradita
1581 1172 1646 1199 urbs
1662 1171 1771 1204 fuisset,

985 1223 1167 1246 excesserunt
1197 1218 1295 1245 incolas
1325 1217 1459 1249 universi,
1484 1221 1512 1245 et
1547 1217 1702 1244 defensoris
1729 1217 1775 1244 sui

985 1271 1087 1297 corpus
1099 1263 1270 1294 extulerunt,
1288 1262 1480 1297 migrationem
1505 1262 1617 1297 quidem
1642 1269 1714 1297 aegre
1737 1261 1775 1289 fe-

985 1312 1077 1335 rentes
1095 1313 1122 1335 et
1136 1308 1271 1340 dolentes,
1289 1309 1336 1335 sed
1354 1306 1497 1334 fortissimi
1515 1306 1629 1333 victoris
1644 1306 1774 1333 virtutem

984 1354 1118 1381 laudibus
1138 1354 1320 1380 celebrantes.
1341 1352 1396 1380 Nec
1413 1353 1486 1379 enim
1504 1352 1551 1379 illo
1575 1352 1725 1386 superstite
1745 1351 1781 1378 im

985 1399 1164 1426 barbarorum
1195 1402 1356 1434 potestatem
1373 1398 1526 1424 venissent.
1543 1396 1592 1424 llis
1607 1398 1640 1424 de
1654 1397 1715 1424 viro
1729 1396 1773 1423 di-

987 1446 1051 1472 vino
1065 1445 1211 1480 expasitis,
1236 1445 1296 1479 ejus
1323 1444 1543 1471 benedictionem
1572 1443 1724 1478 implorans
1739 1442 1774 1469 ad

984 1491 1065 1517 aliam
1083 1490 1270 1517 narrationem
1286 1490 1458 1525 progrediar.

138 1535 189 1563 καὶ
201 1536 250 1571 τὴν
275 1537 399 1564 ἐντεῦθεν
425 1538 579 1573 ἀποδημίαν
613 1538 762 1576 ἐστείλατο.
782 1539 886 1573 Χρόνου
907 1538 935 1564 δὲ
951 1538 1111 1569 διελθόντος,
1127 1537 1173 1563 καὶ
1188 1536 1322 1563 τοῦδετοῦ
1336 1536 1431 1567 ἄστεος
1465 1535 1517 1562 ὑπὸ
1541 1534 1589 1561 τοῦ
1623 1532 1777 1569 τηνικαῦτα

137 1581 308 1616 κρατοῦντος
333 1584 366 1618 τῇ
395 1583 518 1618 Περσικῇ
551 1583 676 1618 βασιλείᾳ
711 1583 932 1617 παραδοθέντος,

969 1582 1082 1617 ἐξῄεσαν
1098 1582 1147 1617 μὲν
1160 1582 1279 1613 ἅπαντες
1294 1581 1318 1607 oi
1332 1581 1381 1616 τὴν
1411 1580 1488 1607 πόλιν
1503 1580 1652 1613 οἰκοῦντες,
1674 1579 1778 1615 ἔφερον

136 1627 168 1654 δὲ
192 1626 240 1654 τοῦ
266 1628 407 1663 προμάχου
430 1629 460 1655 τὸ
483 1629 573 1664 σῶμα,
601 1629 781 1664 ἀσχάλλοντες
805 1629 854 1664 μὲν
882 1629 929 1655 καὶ
946 1628 1140 1663 ὀλοφυρόμενοι
1154 1627 1203 1662 τὴν
1223 1627 1374 1662 μετοικίαν,
1391 1627 1498 1662 ᾅδοντες
1527 1626 1556 1652 δὲ
1582 1625 1630 1653 τοῦ
1660 1625 1775 1662 νικηφό-

139 1683 189 1708 ρου
203 1674 336 1709 ἀριστέως
349 1675 398 1710 τὴν
416 1675 540 1709 δύναμιν.
557 1675 594 1701 Οὐ
607 1675 661 1710 γὰρ
672 1675 706 1702 ἂν
722 1675 828 1702 ἐκείνου
852 1675 993 1710 περιόντος
1008 1674 1060 1701 ὑπὸ
1077 1674 1225 1711 βαρϐάροις
1241 1674 1375 1708 ἐγένοντο.
1407 1673 1500 1700 Ταῦτα
1526 1673 1591 1707 περὶ
1622 1671 1700 1699 τοῦδε
1726 1671 1778 1700 τοῦ

138 1718 214 1745 θείου
232 1717 385 1752 διεξελθὼν,
401 1720 441 1751 εἰς
455 1719 552 1754 ἑτέραν
574 1718 699 1755 διήγησιν
726 1719 929 1755 μεταϐήσομαι,
946 1720 995 1754 τῆς
1010 1718 1106 1746 τούτου
1125 1719 1288 1754 μεταλαχεῖν
1303 1717 1429 1751 εὐλογίας
1447 1717 1615 1745 ἀντιϐολῶν..

386 1786 466 1813 B’.—-
484 1787 681 1815 ιΟΥΛΙΑΝΟΣ.

179 1843 334 1876 Ἰουλιανὸς,
356 1843 385 1870 ὃν
403 1844 511 1871 Σάϐϐαν
529 1845 540 1860 ⁸
554 1844 669 1879 ἐπίκλην
689 1845 713 1870 οί
732 1843 873 1879 ἐπιχώριοι
889 1852 930 1870 τι-

139 1889 245 1924 μῶντες
256 1889 407 1924 ὠνόμαζον,
423 1890 468 1916 τὸν
481 1890 509 1916 δὲ
522 1890 677 1925 πρεσϐύτην
691 1891 724 1925 τῇ
737 1889 842 1916 Ἐλλάδι
853 1891 928 1925 φωνῇ

138 1935 270 1970 σημαίνει
292 1935 322 1960 τὺ
344 1934 440 1970 ὄνομα,
459 1936 487 1961 ἐν
504 1936 538 1970 τῇ
557 1935 639 1962 πάλαι
656 1935 705 1969 μὲν
723 1934 886 1970 Παρθυαίων
908 1934 929 1967 ⁸,

136 1980 185 2006 νῦν
201 1980 229 2006 δὲ
242 1979 394 2015 Ὀσροηνῶν
408 1981 607 2016 ὀνομαζομένῃ,
622 1981 670 2015 τὴν
682 1980 835 2014 ἀσκητικὴν
848 1980 929 2006 καλύ-

135 2025 189 2060 ϐην
207 2025 338 2060 ἐπήξατο.
363 2026 496 2053 Διατείνει
521 2026 550 2053 δὲ
572 2026 642 2061 αὕτη
661 2026 728 2059 πρὸς
744 2025 792 2060 μὲν
810 2025 929 2060 ἑσπέραν

95 2110 98 2112 _
137 2070 238 2106 μέχρις
262 2071 341 2098 αὑτοῦ
364 2071 410 2098 τοῦ
432 2071 555 2107 ποταμοῦ
577 2072 627 2106 τῆς
650 2071 733 2106 ὄχθης
749 2079 755 2086 ·
783 2071 929 2106 Εὐφράτης

136 2115 165 2142 δὲ
186 2115 273 2149 ὄνομα
286 2115 373 2151 τούτῳ
386 2124 393 2132 ”
403 2115 470 2152 πρὸς
485 2116 560 2151 ἥλιον
576 2116 604 2142 δὲ
623 2116 778 2151 ἀνίσχοντα,
797 2116 826 2142 τὸ
841 2116 929 2151 τέρμα

135 2160 194 2195 ἔχει
225 2161 276 2196 τῆς
308 2161 453 2196 Ῥωμαίων
482 2162 686 2197 ἡγεμονίας-ἡ
719 2161 774 2197 γὰρ
798 2161 928 2196 Ἀσσυρία

135 2207 300 2243 διαδέχεται,
320 2207 407 2243 πέρας
429 2205 495 2235 οὖσα
513 2209 639 2245 ἑσπέριον
658 2209 707 2244 τῆς
723 2209 860 2243 Περσικῆς
879 2207 928 2243 βα-

136 2252 253 2284 σιλείας,
269 2254 301 2289 ἣν
316 2253 476 2290 Ἀδιαϐηνὴν
493 2255 517 2281 oi
534 2254 604 2289 μετὰ
616 2253 700 2281 ταῦτα
711 2254 865 2289 ὠνόμασαν.
885 2254 928 2282 Ἐν

135 2297 226 2332 τούτῳ
244 2297 283 2332 τῷ
304 2297 376 2324 ἔθνει
399 2297 495 2325 πολλαὶ
510 2299 559 2335 μὲν
575 2299 667 2332 πόλεις
682 2299 800 2336 μεγάλαι
813 2299 861 2326 καὶ
878 2307 928 2325 πον

135 2343 320 2379 λυάνθρωποι,
353 2344 429 2379 χώρα
457 2344 485 2371 δὲ
513 2345 660 2380 παμπόλλη
693 2345 742 2381 μὲν
767 2345 931 2380 οἰκουμένη,

135 2390 285 2426 παμπόλλη
298 2391 326 2417 δὲ
338 2391 466 2427 ἀοίκητός
480 2400 510 2418 τε
525 2392 572 2418 καὶ
588 2391 700 2428 ἔρημος.
717 2391 825 2428 Ταύτης
844 2392 926 2427 ὲσχα-

1239 1787 1269 1814 ll.
1286 1801 1320 1806 —
1334 1784 1514 1814 JULIANUS.

1019 1843 1155 1875 Julianus,
1175 1850 1256 1878 quem
1273 1842 1409 1878 indigena:
1430 1842 1561 1873 Sabbam,
1580 1841 1652 1877 quod
1669 1849 1780 1869 nomen-

983 1899 1070 1918 :euem
1087 1889 1180 1918 Graeca
1206 1890 1298 1925 lingua
1317 1889 1464 1925 signiﬁcat,
1483 1888 1596 1916 honoris
1616 1895 1702 1915 causa
1726 1895 1775 1915 co-

983 1937 1192 1972 gnominabant,
1206 1936 1233 1962 in
1255 1936 1378 1970 regione,
1396 1942 1458 1970 quae
1471 1935 1534 1961 olim
1547 1933 1752 1969 Parthyaeorum
1765 1953 1774 1965 ,

985 1982 1092 2017 1120
1103 1989 1176 2008 nunc
1195 1982 1382 2009 Osroenorum
1399 1981 1513 2011 dicitur,
1529 1981 1712 2007 monasticum
1729 1984 1774 2005 tu~

984 2029 1092 2062 gurium
1109 2027 1215 2055 deﬁxit.
1233 2026 1369 2062 Pertingit
1391 2029 1482 2053 autem
1500 2025 1575 2061 regio
1595 2025 1653 2056 illaI
1675 2032 1776 2052 versus

983 2081 1112 2100 ocuasum
1145 2073 1268 2107 quidem,
1294 2072 1327 2099 ad
1345 2072 1433 2107 ripam
1459 2079 1548 2106 USquc
1568 2070 1702 2102 ﬂuminis,
1730 2070 1773 2096 cui

983 2127 1084 2146 nomen
1103 2118 1258 2153 Euphrates
1274 2127 1280 2144 :
1297 2117 1330 2145 ad
1359 2118 1496 2144 orientem
1512 2124 1577 2143 vero
1592 2116 1689 2148 solem,
1700 2115 1775 2142 llmi-

983 2169 1036 2191 tem
1061 2163 1143 2191 habet
1168 2162 1287 2189 Romani
1321 2161 1446 2197 imperii;
1477 2161 1578 2196 excipit
1599 2161 1673 2188 enim
1698 2160 1774 2187 illam

981 2209 1105 2245 Assyria,
1131 2217 1192 2243 quae
1205 2208 1309 2235 Persici
1329 2208 1406 2243 regni
1424 2207 1607 2235 occidentalis
1623 2210 1665 2234 est
1678 2205 1775 2233 termi-

982 2264 1045 2287 nus,
1061 2263 1142 2291 quam
1156 2254 1261 2290 posteri
1283 2254 1452 2281 Adiabenem
1470 2253 1659 2289 appellarunt.
1678 2252 1707 2279 ln
1725 2252 1776 2280 hac

982 2305 1062 2337 gente
1075 2301 1167 2329 multat
1181 2301 1189 2310 '
1200 2299 1312 2336 quidem
1328 2304 1392 2327 sunt
1411 2299 1495 2327 urbe:
1523 2306 1630 2334 magna
1645 2302 1673 2326 et
1689 2305 1777 2333 popu-

981 2349 1047 2376 losae
1065 2347 1210 2382 :regionis
1230 2350 1323 2373 autem
1344 2349 1438 2381 partes
1453 2345 1581 2380 plurima:
1600 2344 1701 2372 incolis
1721 2343 1778 2371 fre-

981 2395 1106 2427 quentes,
1135 2391 1259 2426 plurimaa
1280 2390 1396 2418 desertae
1409 2394 1434 2417 et
1446 2389 1566 2417 incultae.
1593 2388 1634 2416 Ad
1653 2393 1778 2416 extrema

135 2435 198 2462 τιὰν
223 2436 272 2470 τῆς
300 2436 403 2472 ἐρήμου
430 2436 591 2463 καταλαϐὼν
614 2438 627 2464 ό
647 2437 716 2469 θεῖος
742 2434 819 2469 οὗτος
846 2436 925 2473 ἀνὴρ,

983 2437 1064 2472 lmjns
1079 2436 1237 2464 solitudinis
1253 2437 1293 2463 vir
1308 2435 1353 2463 hic
1369 2435 1480 2462 divinus
1498 2442 1560 2462 cum
1589 2434 1773 2470 pervenisset,

135 2482 186 2508 καὶ
207 2481 304 2517 ἄντρον
322 2482 410 2517 εὑρὼν
424 2483 455 2509 οὺ
474 2483 674 2518 χειροποίητον,
690 2483 750 2509 οὐδὲ
765 2481 794 2510 εὖ
813 2483 860 2510 καὶ
874 2492 926 2509 κα-

134 2526 191 2558 λῶς
207 2527 398 2563 ὀρωρυγμένον
414 2536 421 2543 ·
435 2528 503 2555 ἀλλὰ
518 2528 646 2564 βραχεῖάν
663 2538 723 2555 τινα
735 2529 839 2565 σκέπην
857 2538 928 2565 παρ-

136 2573 211 2607 έχειν
232 2573 383 2609 δυναμένην
410 2576 465 2607 τοῖς
481 2575 663 2610 καταφεύγειν
676 2575 824 2607 ἐθέλουσιν,
839 2576 928 2602 ἀσπα-

138 2620 204 2651 σίως
228 2619 319 2656 ᾤκησε
333 2621 362 2647 τὸ
377 2621 486 2657 χωρίον,
502 2622 555 2648 τῶν
569 2621 673 2657 χρυσίῳ
687 2621 733 2647 καὶ
750 2621 865 2657 ἀργύρῳ
878 2630 928 2648 κα-

137 2665 357 2701 ταλαμπομένων
385 2667 526 2702 βασιλείων
548 2668 665 2703 νομίζων
691 2667 925 2703 πολυτελέστερον.

145 2710 191 2737 Ἐν
214 2712 300 2747 τούτῳ
317 2713 420 2747 διῆγεν,
436 2713 510 2746 ἅπαξ
526 2714 576 2749 τῆς
599 2714 743 2748 ἑϐδομάδος
767 2713 857 2740 σιτίων
876 2723 925 2749 με-

139 2757 330 2792 ταλαμϐάνων.
347 2759 434 2787 Σιτίον
451 2760 477 2786 δὲ
491 2758 524 2795 ἦν
540 2760 614 2795 αὐτῷ
636 2761 716 2795 ἄρτος
730 2761 744 2786 ό
758 2759 924 2795 κεγχριδίας,

178 2830 198 2844 πι
213 2825 279 2854 Luc.
292 2835 330 2860 ιιι,

980 2490 1090 2511 antrum
1109 2488 1211 2510 naclns
1233 2489 1286 2510 non
1307 2490 1391 2509 manu
1411 2481 1528 2514 factum,
1554 2488 1644 2515 neque
1656 2480 1726 2508 bene
1742 2487 1775 2508 ac

982 2530 1097 2566 pulchre
1117 2534 1293 2561 excavatum,
1313 2528 1362 2556 sed
1381 2527 1455 2563 quod
1472 2526 1688 2554 adventantibus
1714 2526 1773 2553 exi-

978 2583 1060 2612 g-nnm
1075 2579 1262 2610 tegumentum
1277 2574 1399 2610 praebere
1415 2578 1519 2609 posset,
1548 2573 1640 2601 locum
1656 2572 1774 2600 libenter

980 2622 1157 2654 inhabitavit,
1177 2629 1244 2648 anro
1268 2626 1296 2649 et
1319 2625 1438 2656 argento
1460 2619 1634 2655 fulgentibus
1661 2618 1773 2654 palatiis

981 2668 1248 2703 tnagnilicentiorem
1264 2667 1438 2695 existimans.
1456 2667 1485 2694 In
1497 2667 1548 2694 hoc
1563 2666 1676 2702 degens,
1689 2665 1773 2692 semel

980 2715 1007 2741 in
1021 2715 1189 2742 hebdomada
1202 2715 1293 2742 cibum
1302 2714 1443 2748 capiebat:
1456 2713 1536 2741 cibus
1549 2717 1639 2741 autem
1651 2716 1709 2741 erat
1723 2719 1771 2746 pa-

979 2761 1023 2788 nis
1035 2762 1186 2795 miliaceus,
1200 2761 1278 2796 isque
1290 2760 1477 2793 l’urfuraceus,
1487 2764 1513 2788 et
1524 2760 1670 2788 obsonium
1686 2759 1774 2787 sales.

778 2875 893 2903 νΑιιιΑῖ
912 2876 1112 2904 LECTIO‘NES.

179 2918 190 2935 ³
201 2919 298 2946 Μὸαν.
318 2920 451 2948 llervctus
465 2925 537 2948 recte
551 2931 557 2955 ;
571 2930 706 2957 quaquam
719 2926 745 2950 et
761 2922 867 2955 Σάϐϐας
885 2923 1056 2952 scribebatur
1074 2923 1146 2950 Hist.
1159 2924 1223 2951 εισι.
1235 2932 1276 2959 ιιι,
1299 2925 1337 2952 l9.

1397 2925 1406 2940 ‘
1425 2925 1551 2960 Πάρθων.
1570 2923 1682 2951 llcruot-
