2036 3122
254 191 321 225 1307

251 248 338 276 Polus
363 255 428 276 vero
449 248 781 282 suavissimul,nativnm
797 257 876 285 aqua:
885 249 1040 278 ﬂuentum:
1056 253 1079 281 Α

251 301 302 322 nec
317 298 412 329 potum
441 294 517 322 hunc
533 295 660 323 satietate
677 296 853 329 metiebatur,
873 296 921 324 sed
936 297 1040 330 sumpti

251 345 314 369 ante
333 340 386 368 cibi
409 341 575 368 necessitate
591 341 748 369 definiebat.
768 341 878 369 Delicia:
895 350 977 377 porro
990 342 1043 374 illi,

251 390 279 414 et
296 387 378 413 lauta:
396 391 478 421 atque
493 387 614 422 opiparas
639 387 724 422 dapes
737 392 825 421 erant,
847 388 1041 415 Davidicorum

252 432 420 467 hymnorum
443 432 615 464 decantatio,
632 439 659 460 et
673 433 786 460 assidua
802 441 864 460 cum
883 433 936 460 Deo
954 434 1042 461 collo-

251 478 330 513 quia.
343 479 390 506 llis
409 478 615 513 inexplebiliter
632 487 695 506 cum
720 479 871 512 frueretur,
887 481 1041 508 satietatem

252 531 351 558 capere
363 524 486 555 nolebat,
501 524 548 551 sed
559 532 622 551 cum
639 532 746 559 semper
766 525 926 560 impleretur
937 533 1044 560 semper

253 570 412 596 clamabat:
436 570 543 602 (Quam
567 570 661 597 dulcia
688 570 814 598 faucibus
838 571 907 598 meis
934 571 1044 606 eloquia

252 620 298 642 tua
317 617 324 643 ί
343 624 426 651 super
443 617 496 644 mel
517 620 543 644 et
556 616 647 644 [avum
658 617 700 643 ori
714 625 776 644 meo
785 621 810 643 η.
826 626 835 642 ι
851 617 963 644 Beatum
976 625 1045 652 quo-

253 670 306 696 que
321 663 404 689 David
418 662 524 690 audivit
537 662 673 690 dicentem
689 672 696 690 :
717 661 844 689 «Iudicia
863 663 970 690 Domini
981 670 1046 690 vera

251 709 402 742 iustiﬁcata
418 709 445 736 in
472 709 607 743 idipsum,
629 709 826 736 desiderabilia
844 716 929 743 super
944 717 1042 736 aurum

253 760 281 783 et
310 756 429 791 lapidem
448 758 600 791 pretiosum
626 756 755 788 multum,
774 759 800 782 et
820 755 947 783 dulciora
964 763 1047 790 super

254 803 306 830 mel
322 807 349 830 et
365 802 457 830 favum
473 807 493 828 °.
507 812 516 828 ›
536 802 648 829 Audivit
662 802 739 829 illum
758 809 856 829 rursus
884 801 1022 828 dicentem
1038 811 1047 829 ;

259 858 268 873 1
283 848 424 876 Delectare
443 848 546 882 1121
574 849 601 875 in
622 847 751 880 Domino.
771 851 799 874 et
823 847 901 874 dabit
914 847 962 874 tibi
979 847 1047 882 peti-

254 895 343 922 tiones
360 893 453 921 cordis
468 894 508 920 tui
521 899 564 927 Ρ;ι
577 897 605 920 et
621 894 722 921 iterum
736 902 743 919 ε
761 903 771 920 ί
782 893 902 921 Lzetetnr
913 901 961 920 cor
972 901 1047 928 quie-

254 941 375 968 rentium
391 939 594 972 Dominuan
614 943 659 967 et:
679 938 819 966 «Letiﬁca
841 946 890 966 cor
906 946 1006 971 meum,
1019 944 1047 966 nt
1065 928 1086 955 Β

254 987 351 1013 timeat
359 993 459 1013 nomen
470 990 546 1012 tuum
556 991 567 1004 τ
575 994 582 1017 ;
590 995 598 1010 ι
613 990 639 1012 et
652 993 658 1011 ε
677 995 687 1011 ι
698 985 811 1012 Gustate
821 989 848 1011 et
857 984 956 1016 videteI
965 993 1050 1019 quam

254 1032 390 1067 benignus
411 1032 446 1059 sit
467 1031 619 1058 Dominus!
633 1040 656 1064 μ
674 1035 717 1058 et:
736 1040 745 1056 ι
762 1030 856 1058 Sitivit
883 1031 974 1057 anima
988 1039 1048 1058 mea

254 1077 290 1105 ad
316 1077 399 1105 Deum
418 1077 518 1105 fortem
529 1082 556 1105 et
566 1078 656 1104 vivum
670 1079 678 1095 ι
689 1086 712 1110 ;ι
731 1081 757 1104 et
773 1087 780 1104 :
805 1086 815 1102 ι
826 1076 948 1104 Adhaesit
958 1078 1048 1104 anima

255 1130 317 1151 mea
331 1128 393 1159 post
408 1127 435 1150 te
446 1130 470 1151 ιι.
485 1133 494 1149 ι
514 1123 603 1158 Atque
617 1123 693 1150 illius
703 1123 748 1158 qui
769 1123 826 1150 hac
841 1122 911 1149 dixit
925 1130 1047 1150 amorem

257 1168 284 1196 in
299 1176 329 1196 se
349 1168 503 1196 transtulit.
524 1168 586 1196 Ideo
610 1168 684 1195 enim
704 1176 822 1202 magnus
849 1167 932 1195 David
947 1175 1050 1195 canens

257 1214 386 1247 docebat,
396 1217 426 1240 ut
439 1214 543 1240 amoris
552 1213 638 1240 divini
651 1213 802 1248 participes
814 1213 966 1248 sociosque
978 1213 1051 1241 mul-

257 1265 302 1287 tos
310 1259 436 1288 ell'iceret.
447 1259 541 1295 Neque
549 1267 613 1287 vero
622 1267 670 1294 spe
681 1259 766 1286 falsus
777 1259 881 1291 est,sed
890 1263 918 1287 et
926 1259 1050 1286 divinum

257 1305 332 1333 hunc
347 1306 448 1338 virum,
465 1311 494 1333 et
517 1306 586 1333 alios
613 1305 831 1332 innumerabiles
847 1305 942 1332 divino
958 1313 1052 1333 amore

258 1351 406 1379 sauciavit.
423 1350 473 1378 Hic
487 1351 560 1379 enim
587 1354 664 1378 tanto
681 1351 787 1378 amoris
806 1351 869 1386 igne
886 1351 939 1378 fuit
957 1351 1053 1378 incen-

258 1403 319 1427 sus,
335 1400 366 1423 ut
378 1396 516 1424 desiderio
529 1396 760 1428 inebriaretur,et
773 1400 944 1423 terrenarum
959 1403 1052 1423 rerum

258 1442 328 1471 nihil
343 1443 460 1476 videret,
478 1443 568 1470 solum
585 1442 717 1470 dilectum
746 1448 773 1470 et
789 1447 872 1470 noctu
898 1442 1048 1471 somnians.

258 1493 286 1516 et
304 1488 441 1516 meditans
458 1489 587 1516 interdiu.

729 192 973 223 THEODORETI
995 191 1166 224 EPISCOPI
1185 192 1369 224 CYRENSIS

1092 251 1139 277 καὶ
1161 250 1243 282 αὐτὸς
1259 249 1388 287 πιτυρίας
1403 258 1410 266 ⁸
1425 250 1490 285 δψον
1505 250 1533 277 δι
1546 250 1570 277 οι
1587 249 1650 283 ἃλις
1663 259 1670 266 ·
1684 249 1764 286 πόμα
1780 250 1811 277 ὀὶ
1824 250 1883 284 ἦδι-

1093 305 1155 324 στον
1169 295 1199 323 τδ
1211 296 1344 331 αὐτοφυὲς
1360 295 1415 322 τῶν
1439 295 1542 323 ὑδάτων
1555 297 1640 332 νᾶμα,
1654 296 1703 323 καὶ
1713 294 1798 322 τοῦτο
1811 295 1840 321 δὲ
1852 296 1882 322 οὗ

1091 342 1130 378 τῷ
1158 342 1231 378 κόρῳ
1251 341 1445 378 μετρούμενον,
1470 342 1538 370 ἀλλὰ
1557 344 1590 378 τῇ
1605 342 1687 378 χρεία
1704 343 1756 377 τῆς
1778 350 1884 377 «pona-

1092 388 1273 423 ταὸληθείσης
1288 389 1390 424 τροφῆς
1403 388 1570 424 ὁριζόμενον.
1592 388 1688 424 Τρυφὴ
1705 388 1734 415 δὲ
1748 385 1783 422 ἦν
1799 386 1882 422 αὐτῷ,

1093 434 1141 461 καὶ
1165 433 1251 469 χλιδὴ,
1275 434 1322 460 καὶ
1339 433 1485 460 πανδαισία
1508 434 1676 468 παντοδαπὴ,
1694 434 1711 468 ἡ
1732 433 1782 459 τοῦ
1802 432 1885 459 Δασιδ

1093 480 1226 515 ύμνῳδία,
1245 481 1322 515 καὶὴ
1342 479 1469 515 διηνεκὴς
1482 480 1549 515 πρὸς
1570 480 1636 506 Θεδν
1650 479 1757 515 ὁμιλία.
1775 478 1886 505 Τούτων

1094 526 1239 560 ἀπλήστως
1261 525 1416 556 ἀπολαύων,
1442 525 1522 560 κόρον
1541 524 1636 551 λαὸεῑν
1654 524 1704 550 οὐκ
1733 523 1864 550 ἐϐούλετο
1878 531 1885 538 υ

1095 571 1152 598 ἀλλ’
1168 571 1212 596 ἀεὶ
1227 569 1277 604 μὲν
1292 570 1486 605 ἐνεπίμπλατο,
1499 570 1543 596 ἀεὶ
1557 570 1586 596 δὲ
1598 570 1673 602 ἐϐόα,
1691 578 1701 595 ι
1723 569 1768 600 Ὡς
1784 567 1887 602 γλυκέα

1094 616 1133 651 τῷ
1160 615 1276 650 λάρυγγί
1295 623 1346 650 μου
1369 616 1404 642 τὰ.
1416 615 1494 649 λόγια
1511 616 1576 642 suo!
1592 615 1662 650 ὑπὲρ
1682 614 1744 650 μὲλι
1762 614 1812 641 καὶ
1831 622 1883 649 κη-

1096 661 1153 697 ρίον
1174 661 1214 695 τῷ
1239 660 1353 696 στόματί
1369 669 1429 696 μου.
1445 661 1564 687 Ἤκουσε
1587 661 1615 688 δὲ
1633 661 1715 688 πάλιν
1731 660 1781 687 τοῦ
1802 669 1888 695 μακαρ-

1097 707 1155 743 ρίου
1171 706 1252 733 Δαὸὶό
1266 707 1390 740 λέγοντος
1400 714 1406 721 ‘
1423 716 1432 732 ι
1450 707 1490 733 Τὰ
1503 707 1623 741 κρίματα
1637 706 1742 741 Κυρίου
1762 705 1889 740 ἀληθινὰ.

1096 753 1292 788 δεδικαιωμένα
1315 753 1361 779 ἐπὶ
1375 753 1405 779 τὸ
1428 753 1502 785 αὐτὸ,
1520 752 1676 788 ἐπιθυμητὰ
1695 752 1768 786 ὑπὲρ
1779 751 1890 786 χρυσίον

1097 800 1145 826 καὶ
1168 798 1240 825 λίθον
1263 799 1352 833 τίμιον
1374 798 1468 831 πολὺν,
1493 798 1539 824 καὶ
1560 798 1717 832 γλυκύτερα
1737 798 1812 830 ὑπὲρ
1832 796 1891 831 μέλι

1098 845 1146 872 καὶ
1159 845 1254 880 κηρίον
1263 865 1270 874 .
1290 854 1299 870 ›
1315 845 1451 871 Ἤκουσεν
1459 844 1541 871 αὐτοῦ
1551 844 1632 870 πάλιν
1644 844 1771 878 λέγοντος
1786 853 1793 858 ·
1812 853 1822 869 ι
1836 843 1892 870 Κα-

1098 891 1270 926 τατρύφησον
1290 890 1338 917 τοῦ
1353 891 1466 925 Κυρίου,
1488 891 1534 917 καὶ
1559 890 1617 925 δῴη
1633 898 1673 916 σοι
1695 890 1729 916 τὰ
1751 890 1892 923 αἰτήματα

1101 937 1152 971 τῆς
1183 937 1298 972 καρδίας
1327 944 1391 963 σου·
1412 946 1421 962 ι
1445 937 1494 963 καὶ
1518 934 1619 968 αὖθις,
1638 945 1647 962 ι
1671 935 1892 972 Εὑφρανθήτωή

1103 983 1203 1018 καρδία
1227 982 1380 1017 ζητούντων
1403 983 1450 1009 τὸν
1467 983 1586 1018 Κύριον·
1604 993 1613 1009 ι
1635 984 1682 1010 καὶ
1694 1002 1701 1013 ,
1719 991 1728 1008 ι
1751 981 1893 1016 Εὖφρανον

1101 1029 1151 1063 τὴν
1179 1028 1294 1064 καρδίαν
1321 1037 1381 1064 μου,
1397 1028 1445 1055 τοῦ
1473 1029 1614 1063 φοϐεῖσθαι
1639 1028 1669 1055 τὸ
1690 1027 1780 1062 ονομα
1804 1035 1862 1054 σου.
1880 1037 1890 1054 ι

1102 1076 1158 1102 Καί
1175 1084 1182 1090 ι
1200 1085 1208 1100 ι
1228 1075 1364 1102 Γεύσασθε
1382 1076 1429 1103 καὶ
1451 1076 1520 1102 ἴδετε
1534 1076 1576 1103 ὅτι
1593 1075 1712 1111 χρηστὸς
1728 1077 1743 1102 ὁ
1758 1074 1870 1108 Κύριος.
1881 1083 1890 1100 ι

1102 1121 1156 1148 Καί
1168 1127 1175 1135 ”
1194 1130 1204 1147 ‹
1226 1121 1369 1156 Ἐδίψησεν
1387 1122 1403 1157 ἠ
1420 1121 1492 1156 ψυχή
1511 1131 1561 1157 μου
1573 1122 1640 1157 πρὸς
1652 1122 1730 1154 Θεὸν,
1747 1122 1795 1148 τὸν
1817 1123 1892 1156 ἰσχυ-

1105 1166 1150 1200 ρὸν
1178 1165 1225 1192 καί
1249 1166 1349 1198 ζῶντα.
1370 1176 1379 1192 ι
1403 1167 1457 1194 Καί
1474 1175 1480 1182 ·
1498 1176 1509 1192 ι
1533 1168 1683 1202 Ἐκολλήθη
1704 1169 1720 1202 ἠ
1750 1167 1825 1202 ψυχή
1845 1175 1893 1201 μου

1104 1212 1192 1238 ὀπίσω
1213 1220 1270 1239 σου.
1289 1221 1298 1238 ι
1317 1213 1372 1239 Καὶ
1394 1212 1545 1248 μετέθηκεν
1561 1213 1602 1245 είς
1621 1214 1718 1240 ἑαυτὸν
1736 1213 1785 1239 τοῦ
1808 1212 1894 1239 ταῦτα

1105 1259 1247 1294 εἰρηκότος
1269 1259 1315 1286 τὸν
1337 1259 1437 1295 ἔρωτα.
1453 1260 1555 1287 Τούτου
1569 1261 1624 1296 γὰρ
1644 1261 1725 1296 χάριν
1754 1260 1826 1286 αὐτὰ
1850 1260 1894 1286 καὶ

1104 1304 1188 1331 Δασὶδ
1203 1306 1217 1332 ό
1243 1305 1330 1340 μέγας
1348 1306 1418 1341 ᾄδων
1435 1306 1584 1339 ἐδίδασκεν,
1601 1306 1638 1338 ὡς
1660 1306 1694 1333 ἂν
1707 1306 1825 1337 πολλοὺς
1839 1315 1895 1331 κοι-

1105 1351 1206 1382 νωνοὺς
1230 1351 1277 1377 καὶ
1300 1351 1468 1386 συνεραστὰς
1484 1352 1531 1378 τοῦ
1549 1351 1617 1379 Θεοῦ
1631 1353 1827 1386 καταστήσειε.
1842 1351 1895 1378 Ka‘.

1104 1397 1135 1423 οὺ
1151 1396 1284 1432 διήμαρτε
1309 1398 1359 1433 τῆς
1375 1399 1482 1430 ἐλπίδος
1497 1407 1503 1412 ·
1518 1399 1586 1425 ἀλλὰ
1610 1399 1657 1425 καὶ
1679 1399 1778 1426 τοῦτον
1796 1399 1842 1425 τδν
1855 1398 1895 1424 ϐε-

1106 1443 1217 1471 σπέσιον
1244 1444 1339 1480 ἄνδρα,
1357 1445 1405 1472 καὶ
1427 1445 1542 1482 μυρίους
1557 1445 1667 1480 ἐτέρους
1682 1445 1722 1480 τῷ
1743 1445 1811 1479 Θεῐῳ
1833 1451 1895 1470 κατ-

1105 1488 1226 1524 έτρωσεν
1241 1488 1334 1524 ἔρωτι.
1351 1490 1483 1517 Τοσοῦτον
1494 1491 1549 1526 γὰρ
1563 1487 1640 1523 οὗτος
1660 1490 1772 1523 ἐδέξατο
1787 1490 1896 1524 φίλτρου

258 1536 372 1572 πυρσὸν,
393 1536 431 1567 ὡς
451 1536 560 1572 μεθύειν
576 1536 615 1572 τῷ
642 1536 726 1572 πόθῳ,
745 1537 793 1563 καὶ
813 1536 896 1572 μηδὲν
921 1537 987 1572 όρᾷν
1002 1535 1057 1562 τῶν
1076 1536 1190 1571 γηΐνων,
1221 1537 1302 1572 μόνον
1324 1537 1353 1564 δὲ
1376 1538 1421 1564 τὸν
1457 1538 1596 1574 ἐρώμενον
1617 1539 1663 1566 καὶ
1685 1539 1797 1574 νύκτωρ
1832 1537 1898 1564 ὀνει-

261 1583 395 1619 ροπολεῖν,
417 1583 463 1610 καὶ
479 1583 538 1618 μεθ’
557 1583 665 1619 ἡμέραν
682 1583 880 1618 φαντάζεσθαι.

297 1631 374 1660 Hanc
395 1639 530 1659 summam
547 1632 608 1666 ejus
633 1632 834 1666 philosophiam
855 1632 947 1665 multi,
968 1635 1024 1658 tum
1039 1638 1054 1658 e
1067 1633 1089 1662 (ζ

260 1679 370 1711 vicinis,
399 1681 458 1704 tum
474 1685 490 1705 e
515 1678 624 1712 longius
654 1677 772 1710 dissitis,
797 1685 860 1704 cum
877 1677 1050 1705 audivissent

261 1727 270 1760 (
288 1725 360 1752 alata
371 1724 444 1751 enim
460 1723 532 1750 fama
545 1731 609 1750 oras
624 1730 720 1751 omnes
736 1728 893 1758 pervaserat
909 1723 937 1758 ).
957 1730 1055 1750 accur-

261 1771 370 1803 rebant,
388 1773 500 1796 orantes
512 1773 542 1796 ut
554 1769 689 1804 palaestra:
705 1769 855 1804 participes
878 1769 985 1801 ﬁerent,
1003 1768 1056 1796 sub

261 1823 349 1851 eoque
364 1817 515 1850 ‘tanqnam
539 1815 674 1850 gymnasii
694 1815 827 1848 magistro
855 1819 882 1841 et
906 1814 1055 1849 pandotriba

262 1862 290 1889 in
312 1865 453 1896 posterum
470 1860 603 1888 viverent.
632 1859 692 1887 Non
711 1860 783 1887 enim
813 1868 877 1887 aves
906 1861 971 1887 scite
991 1868 1056 1887 can-

264 1907 348 1934 tando
362 1913 426 1934 aves
443 1909 589 1936 venantur,
604 1909 737 1940 cognatas
756 1905 789 1932 ad
804 1913 833 1933 se
848 1905 1004 1938 evocantes,
1030 1910 1058 1933 et

265 1952 398 1986 subjectis
414 1951 520 1986 laqueis
533 1951 708 1985 implicantes
727 1960 734 1978 :
757 1951 805 1978 sed
831 1951 955 1979 homines
974 1952 1056 1978 etiam

264 2002 371 2025 natura:
391 2005 447 2024 sua:
458 1997 548 2024 socios
561 2001 683 2032 captant,
695 1997 740 2024 alii
753 1997 862 2032 quidem
879 1999 911 2024 ad
929 1999 1056 2029 exilium,

265 2042 312 2069 alii
333 2049 397 2070 vero
407 2041 439 2068 ad
471 2041 600 2069 salutem.
633 2041 691 2069 [loc
709 2043 790 2069 modo
809 2043 966 2078 congregati
983 2043 1056 2070 brevi

265 2088 359 2115 decem
377 2087 462 2119 luere,
479 2087 579 2115 deliine
591 2087 675 2123 duplo
688 2091 714 2115 et
725 2088 807 2122 triplo
824 2089 928 2123 plures,
945 2088 1009 2115 inde
1021 2088 1056 2115 ad

265 2133 445 2161 centesimum
464 2137 560 2169 postea
584 2141 729 2161 numerum
753 2141 913 2169 pervenere,
937 2137 975 2166 et,
1002 2139 1057 2161 tam

268 2179 347 2207 multi
368 2187 430 2207 cum
442 2184 545 2212 essent,
557 2183 637 2206 antro
654 2179 700 2206 illo
714 2179 936 2206 continebantur.
957 2181 977 2206 Α
994 2187 1059 2207 sene

266 2225 367 2261 quippe
383 2225 535 2252 didicerant
552 2232 646 2252 curam
657 2226 782 2259 corporis
794 2225 901 2260 1122
910 2225 1055 2261 negligere.

268 2270 454 2299 Vcscehantur
481 2276 572 2298 autem
596 2271 648 2306 ipsi
668 2279 788 2305 quoque,
820 2271 892 2298 sicut
919 2272 1057 2307 magister,

266 2317 419 2345 hordeaceo
431 2325 500 2352 pane
517 2317 573 2344 sale
586 2317 706 2344 condito.
723 2316 857 2345 Snecessu
874 2325 938 2345 vero
953 2322 1057 2353 tempo-
1072 2305 1096 2336 Β

267 2362 306 2390 ris
320 2363 394 2390 olera
407 2366 503 2396 sponte
516 2361 658 2388 nascentia
670 2362 831 2397 colligentes
842 2367 868 2390 et
885 2363 979 2389 ﬁctilia
992 2370 1057 2390 vasa

268 2409 430 2444 implemes,
448 2407 543 2434 muria:
567 2411 700 2442 quantum
722 2408 790 2435 satis
807 2412 866 2436 erat
894 2409 1057 2443 miscebant,

269 2454 414 2482 obsonium
431 2454 465 2480 iis
480 2452 601 2480 futurum
613 2453 660 2488 qui
675 2461 744 2489 opus
759 2454 891 2482 baberent
903 2456 1056 2484 curatione.

270 2499 340 2527 Huic
355 2505 445 2526 autem
460 2500 565 2526 olerum
582 2500 674 2534 generi
701 2501 811 2528 humida
837 2501 994 2529 habitacula
1014 2502 1057 2530 in-

272 2546 340 2573 festa
362 2550 442 2573 sunt:
458 2546 541 2573 situm
558 2546 630 2573 enim
652 2546 689 2573 illi
701 2552 727 2574 et
743 2546 913 2581 pntredincm
928 2547 1060 2576 inducere

271 2593 371 2620 solent.
383 2591 448 2625 Qum
470 2592 545 2620 labes
561 2592 625 2620 huic
640 2593 756 2620 obsonio
772 2601 834 2620 cum
853 2593 999 2621 accidisset
1012 2595 1057 2629 (in

271 2641 380 2664 antrum
403 2637 475 2664 enim
494 2637 596 2665 multus
623 2638 746 2672 undique
763 2638 860 2664 humor
875 2637 1030 2672 inﬂuebat)
1050 2659 1057 2670 ,

272 2686 405 2717 rogarunt
426 2689 517 2710 senem
537 2683 674 2718 discipuli.
693 2687 723 2710 ut
740 2683 792 2711 sibi
809 2690 919 2718 parvam
939 2683 1057 2718 aliquam

272 2727 396 2754 cellulam
409 2733 550 2756 exstruere
565 2729 668 2761 liceret,
679 2733 780 2764 quanta
793 2729 934 2765 capiendls
950 2729 1057 2757 obsonii

273 2774 355 2808 hujus
370 2775 442 2802 vasis
457 2775 524 2803 satis
535 2778 620 2803 esset.
646 2775 692 2802 Ille
718 2780 807 2803 autem
834 2777 921 2811 primo
949 2776 1058 2812 quidem

309 2871 321 2886 η
337 2867 406 2894 Psal.
421 2875 514 2897 cum.
532 2866 591 2894 105.
632 2871 643 2885 θ
659 2867 731 2895 Psal.
744 2876 820 2899 nni.
836 2868 861 2895 9.
879 2868 919 2894 ll).
960 2873 973 2892 Ρ
985 2867 1056 2896 Psal.
1075 2878 1168 2902 xum,
1185 2871 1211 2898 4,

275 2905 283 2918 ³
302 2902 372 2930 l‘sal.
389 2911 484 2937 xum,
497 2903 523 2930 9.
563 2904 573 2922 ⁸
591 2903 663 2931 Psal.
677 2912 729 2935 tu,
743 2903 768 2930 3.
809 2903 903 2929 υΡ.-ἎῘ.
921 2904 1021 2935 eum).

1143 1629 1251 1664 Ταύτην
1271 1629 1354 1656 αὑτοῦ
1387 1629 1435 1664 τὴν
1451 1629 1539 1664 ἄκραν
1555 1629 1717 1664 φιλοσοφίαν
1743 1629 1839 1656 πολλοὶ
1853 1637 1899 1665 μιν

1108 1675 1270 1710 μαθηκὸτες,
1297 1675 1322 1701 οἱ
1357 1674 1406 1709 μὲν
1429 1675 1461 1700 ἐκ
1487 1674 1615 1708 γειτόνων
1639 1675 1802 1707 οἰκοῦντες,
1825 1676 1850 1701 οί
1873 1675 1899 1702 δὲ

1106 1721 1246 1757 πόρρωθεν
1262 1730 1268 1736 ·
1287 1721 1439 1756 ὑπόπτερος
1453 1721 1507 1756 γὰρ
1527 1722 1543 1756 ἡ
1560 1721 1636 1756 φήμη
1652 1721 1740 1747 διέθεε
1762 1721 1879 1748 πάντοσε
1892 1729 1898 1734 ·

1107 1767 1223 1802 ἔδραμον
1255 1767 1422 1797 ἱκετεύοντες
1449 1766 1498 1801 τῆς
1526 1766 1695 1802 παλαίστρας
1722 1767 1899 1802 μεταλαχεῖν,

1107 1814 1153 1840 καὶ
1181 1813 1226 1839 ὑπ’
1245 1813 1318 1848 αὐτῷ
1340 1811 1396 1839 οἷόν
1418 1821 1471 1839 τινι
1493 1813 1636 1848 γυμναστῇ
1659 1813 1706 1839 καὶ
1738 1812 1900 1850 παιδοτρίῦῃ

1107 1858 1137 1884 τὸ
1150 1857 1243 1884 λοιπὸν
1267 1857 1406 1891 βιοτεύειν.
1419 1856 1571 1893 Θηρεύουσι
1585 1857 1639 1893 γὰρ
1653 1857 1683 1883 ού
1699 1858 1782 1893 μόνον
1797 1858 1899 1893 δρνιθες

1107 1903 1215 1939 ὅρνιοας
1228 1903 1346 1938 ᾅδοντες,
1363 1903 1408 1930 καὶ
1417 1903 1485 1938 πρὸς
1495 1903 1607 1934 ἑαυτοὺς
1623 1904 1685 1934 τοὺς
1699 1904 1844 1937 ὁμογενεῖς
1856 1904 1899 1929 ἐκ·

1108 1949 1277 1984 καλούμενοι,
1287 1950 1333 1976 καὶ
1343 1950 1402 1981 ταῖς
1416 1948 1621 1984 περικειμέναις
1631 1948 1844 1984 περιπείροντες
1853 1949 1900 1976 πά-

1107 2004 1169 2030 γειις
1184 2004 1190 2010 ·
1209 1995 1276 2022 ἀλλὰ
1289 1998 1336 2022 καὶ
1348 1995 1486 2031 ἄνθρωποι
1511 1996 1576 2029 τοὺς
1592 1996 1733 2032 ὁμοφυεῖς,
1752 1997 1779 2023 οἱ
1799 1996 1849 2031 μὲν
1863 1997 1904 2028 εἰς

1108 2041 1208 2077 λώϐην,
1217 2042 1242 2068 οἱ
1255 2041 1283 2068 δὲ
1297 2042 1337 2074 είς
1354 2043 1491 2078 σωτηρίαν
1505 2043 1677 2079 ἀγρεύουσιν.
1688 2043 1768 2069 Οὕτω
1779 2051 1900 2077 συναγει-

1111 2087 1218 2121 ρόμενοι
1233 2087 1299 2113 δέκα
1312 2087 1361 2122 μὲν
1375 2088 1480 2123 ταχέως
1494 2088 1626 2123 ἐγένοντο,
1638 2086 1699 2115 εἶτα
1707 2088 1846 2115 διπλάσιοι
1856 2089 1901 2115 καὶ

1108 2132 1261 2170 τριπλάσιοι
1274 2131 1334 2159 εἶτα
1348 2133 1393 2159 τὸν
1409 2134 1505 2160 ἑκατὸν
1524 2133 1687 2169 ἐπλήρωσαν
1703 2134 1834 2169 ἀριθμόν.
1849 2135 1907 2162 Καὶ.

1107 2178 1251 2210 τοσούτους
1261 2179 1290 2205 δὲ
1307 2179 1469 2215 γενομένους
1492 2180 1580 2206 έκεῖνο
1603 2181 1632 2206 τὺ
1651 2180 1752 2215 ἄντρον
1778 2181 1898 2216 ἐδέχετο·

1108 2224 1209 2259 ἔμαθον
1229 2225 1283 2260 γὰρ
1305 2224 1380 2260 παρὰ
1397 2225 1445 2252 τοῦ
1462 2225 1616 2261 πρεσϐύτου
1634 2225 1685 2260 τῆς
1701 2225 1749 2252 τοῦ
1777 2226 1907 2261 σώματος,

1110 2273 1271 2309 κατηγορεῖν
1284 2271 1443 2307 θεραπείας.
1462 2272 1614 2298 Ἐσιτοῦντο
1641 2272 1669 2298 δὲ
1695 2273 1743 2299 καὶ
1769 2273 1848 2299 αὐτοὶ
1866 2272 1901 2307 τῷ

1110 2317 1270 2352 παιδοτρίΰῃ
1287 2317 1486 2353 παραπλησίως
1501 2317 1546 2344 τὸν
1571 2318 1736 2353 κεγχρνδίαν
1753 2319 1838 2353 ἄρτον
1849 2319 1906 2349 τοῖς.

1111 2362 1205 2389 ἇλασιν
1223 2363 1395 2398 ἡδυνόμξνον.
1416 2363 1512 2399 Χρόνῳ
1533 2363 1561 2389 δὲ
1583 2363 1696 2399 ὕστερον
1714 2363 1763 2390 καὶ
1787 2363 1844 2390 τῶν
1857 2364 1902 2390 αὖ·

1110 2408 1217 2442 τοφυῶν
1241 2408 1365 2444 λαχάνων
1386 2409 1572 2444 συλλέγοντες,
1593 2407 1653 2436 εἶτα
1678 2410 1822 2445 κεράμυυς
1856 2411 1903 2445 ὲμ-

1111 2453 1266 2488 φοροῦντες,
1279 2455 1327 2480 καὶ
1351 2454 1400 2489 τῆς
1423 2455 1513 2491 ἅλμης
1538 2455 1600 2481 ὅσον
1619 2455 1729 2491 ἀπόχρη
1747 2455 1902 2491 μιγνύντες,

1111 2495 1183 2533 εἶχον
1201 2498 1266 2533 ww
1283 2500 1308 2525 οἱ
1332 2500 1480 2536 θεραπείας
1494 2501 1627 2536 δεόμενοι.
1647 2501 1742 2537 Τούτῳ
1756 2502 1786 2528 δὲ
1805 2502 1845 2537 τῷ
1859 2503 1903 2529 λα-

1111 2544 1185 2579 χάνῳ
1204 2544 1239 2570 τὰ
1261 2547 1436 2581 νενοτισμένα
1456 2545 1510 2573 τῶν
1533 2547 1693 2582 οἰκημάτων
1706 2547 1829 2582 πολέμια
1842 2557 1849 2563 ·
1861 2548 1902 2574 εύ-

1113 2590 1186 2625 ρῶτα
1207 2590 1261 2626 γὰρ
1289 2591 1361 2626 αὐτῷ
1386 2592 1433 2618 καὶ
1457 2592 1594 2628 σηπεδόνα
1624 2592 1748 2627 πέφυκεν
1764 2594 1896 2628 ἐμποιεῖν.

1112 2635 1214 2662 Τούτου
1241 2636 1387 2672 τοιγαροῦν
1416 2637 1463 2664 τοῦ
1488 2637 1592 2669 πάθους
1614 2637 1679 2673 περ),
1705 2637 1766 2664 τάδε
1788 2638 1821 2664 τὸ
1841 2638 1901 2672 garo,

1111 2681 1294 2716 γεγενημένου
1309 2691 1316 2698 ι
1343 2683 1442 2719 πολλὴν
1466 2683 1519 2719 γὰρ
1551 2684 1720 2720 πανταχόθεν
1752 2684 1783 2710 τὸ
1807 2684 1900 2719 ἄντρον

1111 2728 1262 2764 είσεδέχετο
1281 2729 1330 2765 τὴν
1351 2730 1440 2757 νοτίδα
1455 2738 1461 2745 ·
1485 2731 1606 2758 ἱκέτευον
1628 2732 1674 2758 τὸν
1699 2730 1859 2768 πρεσϐύτην
1877 2731 1898 2756 οἱ

1113 2777 1254 2811 θιασῶται,
1281 2779 1401 2806 οἰκίσκον
1423 2780 1482 2807 τινὰ
1501 2779 1604 2816 βραχὺν
1631 2780 1724 2814 σφίσιν
1753 2780 1897 2815 ἐπιτρέζιι

1265 2876 1278 2896 ιι
1295 2871 1366 2899 Psal.
1387 2880 1440 2904 CIV,
1469 2872 1494 2899 5.
1563 2876 1574 2890 ι
1592 2871 1666 2898 Psal.
1688 2878 1790 2901 μην,
1809 2870 1834 2901 ι,
1858 2867 1896 2894 Η.
