2036 3122
146 178 216 218 i309

755 187 958 221 RELIGIOSA
976 189 1167 222 HISTORIA.

1695 186 1770 221 rato

145 242 302 278 δείμασθαι,
335 244 391 276 τοῖς
417 244 494 272 τοῦδε
523 245 569 273 τοῦ
594 247 660 282 ὄψου
696 248 859 284 ἀποχρῶντα
881 249 931 282 ἀγ-

996 255 1036 276 ιοη
1052 247 1189 284 acquievit
1213 245 1361 282 petitioni:
1389 245 1498 273 tandem
1528 251 1593 273 vero
1615 252 1773 280 persuasus-

146 288 242 322 γείοις.
263 289 292 316 '0
306 289 335 316 δὲ
359 291 393 317 τὰ
415 290 465 326 μὲν
489 293 583 328 πρῶτα
603 293 653 328 τὴν
677 294 783 329 αἴτησιν
803 295 852 321 οὐκ
873 294 930 321 ἑδέ-

146 341 210 367 χετο
225 341 232 347 ·
245 333 292 368 ὀψὲ
309 334 336 360 δέ
351 343 415 361 ποτε
432 337 551 368 πεισθείς
564 345 570 351 ·
591 337 716 373 ἐδιδάχθη
737 339 797 373 γὰρ
812 339 865 365 ὑπὸ
883 337 929 365 τοῦ

150 379 268 413 μεγάλου
282 381 398 412 Παύλου,
412 382 449 417 μὴ
462 384 495 409 τὰ
507 383 603 409 ἑαυτοῦ
621 384 722 419 ζητεῖν,
739 385 807 411 ἀλλὰ
821 387 875 417 τοῖς
888 393 932 411 τα-

149 425 253 456 πεινοῖς
277 427 499 460 συναπάγεσθαι”
517 428 601 454 ἐδίδου
621 429 670 463 μὲν
693 429 739 456 τοῦ
753 430 874 457 οἰκίσκου
898 430 931 456 τὰ

151 471 239 506 μέτρα
256 470 357 506 βραχέα
369 473 430 499 τινὰ
448 473 495 499 καὶ
511 474 623 510 σμικρὰ,
639 475 759 510 ἀπῄειδὲ
774 475 869 511 πόρρω
884 474 931 501 τοῦ

150 515 259 550 ἄντρον,
281 517 330 547 τὰς
356 517 473 553 συνήθας
495 518 533 553 τῷ
547 519 606 554 ϐεῷ
628 520 779 554 προσοίσων
805 519 931 550 ἱκετείας.

150 560 250 587 Εἰώθει
264 561 317 596 γὰρ
331 563 499 597 πεντήκοντα
515 563 564 596 μὲν
580 563 710 596 πολλάκις
728 565 861 596 σταδίους,
876 565 932 591 ἐστι

150 605 175 631 δ’
189 606 234 632 ὅτε
250 607 296 633 καὶ
318 606 357 638 δὶς
381 608 525 640 τοσούτους
541 608 612 636 κατὰ
627 610 676 645 τὴν
690 610 791 646 ἔρημον
807 610 933 645 βαδίζων,

152 651 200 677 καὶ
226 652 315 687 πάσης
330 653 426 680 ἑαυτὸν
444 654 619 689 ἀνθρωπίνης
644 656 786 688 συνουσίας
811 656 934 692 χωρίζων

153 697 201 722 καὶ
217 698 257 728 εἰς
272 698 366 724 ἑαυτὸν
385 698 479 733 νεύων,
499 700 561 726 καθ’
583 701 678 728 ἑαυτὸν
692 701 795 737 ὁμιλεῖν
812 702 850 737 τῷ
865 702 934 738 Θεῷ,

154 741 201 766 καὶ
227 741 258 766 τὸ
283 741 353 768 θεῖον
379 744 466 769 ἐκεῖνο
490 744 536 770 καὶ
563 744 681 780 ἄρρητον
704 745 936 781 κατοπτρίζεσθαι

154 785 263 818 κάλλος.
280 787 388 821 Ταύτης
402 788 546 824 λαϐόμενοι
555 791 602 825 τῆς
618 790 716 826 σχολῆς
732 791 756 817 οἱ
770 791 819 826 τῆς
833 791 937 819 ἐκείνου

155 831 318 866 κηδεμονίας
344 833 501 868 ἠξιωμένοι,
529 837 563 871 τῇ
590 836 640 870 μὲν
666 837 744 872 χρείᾳ
768 837 936 872 σύμμετρον,

158 877 269 910 μείζονα
289 878 317 904 δὲ
339 878 356 913 ἢ
370 880 561 915 ἐπετάχθησαν
581 881 628 907 τὸν
644 882 763 909 οἰκίσκον
785 883 937 918 ὲδείμαντο.

985 294 1020 329 (a
1042 301 1139 328 magno
1156 293 1227 320 cnim
1244 292 1329 319 Paulo
1343 291 1476 319 didicerat
1491 298 1548 318 non
1563 299 1611 318 sua
1632 298 1764 326 quaerere,

984 338 1031 366 sed
1046 338 1252 365 accommodare
1274 344 1304 364 se
1320 336 1470 363 humilibus
1485 335 1519 370 ').
1536 335 1639 363 cellula:
1657 336 1773 363 brevem-

983 388 1011 411 et
1028 384 1154 419 exiguam
1174 390 1332 410 mensuram
1347 382 1442 415 dedit,
1461 381 1614 416 proculque
1634 381 1668 408 ab
1689 385 1776 407 antro-

985 429 1129 461 discessit,
1152 429 1248 456 solitas
1278 427 1333 455 Deo
1361 435 1456 463 preces
1482 427 1636 454 oblaturus.
1665 426 1768 453 Solitus

985 476 1056 502 enim
1065 479 1133 507 erat,
1159 475 1192 502 ad
1208 473 1408 510 quinquaginta
1421 473 1561 500 interdum
1580 472 1680 504 stadia,
1699 479 1773 498 non-

985 528 1124 555 nunquam
1145 520 1182 547 ad
1197 520 1279 555 duplo
1297 520 1376 554 plura
1396 526 1444 554 per
1460 518 1598 545 desertum
1614 517 1768 547 ambulans.

986 570 1013 594 et
1028 574 1058 594 se
1066 566 1100 593 ab
1117 567 1191 593 omni
1203 566 1320 593 humana
1328 563 1526 592 consuetudine
1536 570 1678 597 separans,
1689 565 1777 596 atque-

987 613 1015 639 in
1032 613 1151 647 seipsum
1168 612 1289 644 rediens,
1303 611 1431 646 privatim
1451 609 1555 638 versari
1571 617 1633 636 cum
1648 608 1714 642 Deo,
1740 615 1776 634 ac

987 657 1106 684 divinam
1125 657 1201 684 illam
1221 662 1249 685 et
1268 657 1424 684 inetfabilcn
1447 655 1679 691 pulchritudinem
1709 661 1773 687 spe-

989 703 1085 730 culari.
1101 702 1159 730 Hoc
1170 703 1256 730 otium
1271 702 1342 730 nacti
1358 702 1418 737 ejus
1434 701 1570 736 discipuli,
1588 699 1649 727 usui
1664 698 1779 733 quidem-

988 753 1017 777 et
1037 749 1192 776 necessitati
1205 752 1414 783 congruentem,
1427 748 1474 775 sed
1492 747 1595 782 majore
1609 753 1689 780 quam
1704 744 1773 779 jussi

991 792 1098 819 fuerant
1117 799 1245 819 mensura
1262 793 1387 819 cellulam
1401 797 1575 819 exstruxere.
1591 790 1701 817 Decimo
1713 792 1780 823 post

990 838 1035 865 die
1052 845 1191 871 reversus,
1205 837 1281 864 velut
1302 837 1390 864 Moses
1416 837 1529 872 quidam
1542 855 1550 868 ,
1574 835 1608 862 de
1636 838 1728 861 monte
1749 837 1783 861 et-

992 883 1225 918 contemplatione
1249 883 1296 910 illa
1334 882 1487 915 ineil‘abili,
1523 881 1655 916 majorem
1694 886 1776 915 quam

164 921 334 949 Ἐπανελθὼν
355 924 384 950 δὲ
400 926 468 959 μετὰ
480 926 597 960 δεκάτην
611 927 727 962 ἡμέραν,
744 926 788 954 οἷά
805 937 846 960 τις
860 929 943 955 Μωῠ-

996 930 1101 957 volebat
1125 933 1291 957 structuram
1317 928 1417 955 factam
1446 927 1646 962 conspiciens:
1665 925 1785 957 Vercor,.

158 968 209 1001 σῆς
226 969 280 995 ἀπδ
296 969 343 996 τοῦ
365 970 446 1005 ὅρους
463 972 509 998 καὶ
525 972 577 1006 τῆς
593 972 733 1008 ἀφράστου
752 973 878 1009 θεωρίας,
894 974 941 1001 καὶ

158 1013 326 1049 θεασάμενος
349 1016 491 1052 μείζονα-ἢ
513 1018 639 1045 ἐϐούλετο
661 1019 709 1053 τὴν
732 1019 875 1056 οἰκοδομὴν
894 1029 942 1054 γε-

157 1059 310 1094 γενημένην
324 1068 332 1076 ·
351 1070 359 1086 ί
377 1061 500 1095 Δέδοικα,
522 1062 585 1097 ἔφη,
609 1059 632 1089 ὦ
647 1063 753 1098 ἄνδρες,
779 1063 816 1099 μὴ
838 1065 873 1090 τὰ
897 1065 943 1091 ἐπὶ

157 1104 210 1140 γῆς
230 1105 387 1140 εὐρύνοντες
410 1108 569 1143 καταγώγια
597 1109 790 1145 σμικρύνωμεν
809 1110 844 1137 τὰ
861 1111 943 1145 οὐρά-

157 1159 203 1177 νια
215 1159 223 1166 ·
234 1151 321 1178 καίτοι
333 1153 418 1179 ταῦτα
431 1154 481 1188 μέν
496 1154 554 1180 ἐστι
565 1154 731 1189 πρόσκαιρα,
747 1155 793 1181 καὶ
809 1156 876 1190 πρὸς
888 1157 943 1182 ὀλί-

158 1203 207 1228 γον
229 1196 295 1230 ἡμῖν
318 1197 458 1232 ἐπιτήδεια
473 1206 479 1212 ·
498 1199 589 1225 ἐκεῖνα
615 1199 642 1225 δὲ
663 1198 772 1230 αἰώνια,
792 1201 839 1227 καὶ
857 1200 945 1236 πέρας

158 1239 251 1266 λαϐεῖν
266 1240 296 1266 οὺ
315 1240 462 1276 δυνάμενα.
481 1252 492 1268 ι
510 1243 564 1268 Καὶ
578 1242 664 1269 ταῦτα
679 1243 728 1277 μὲν
748 1243 835 1277 ἔλεγε,
851 1243 885 1270 τὰ
899 1253 944 1271 τε-

158 1284 279 1320 λεώτερα
302 1286 347 1312 τὸν
369 1287 448 1322 χορὸν
468 1287 645 1314 ἑκπαιδεύων.
667 1288 804 1323 Ἦνείχετο
819 1289 848 1315 δὲ
860 1289 943 1325 ὅμως,

159 1331 210 1365 τῆς
231 1332 413 1368 ἀποστολικῆς
433 1333 590 1365 ἐπακούσας
613 1333 705 1368 φωνῆς
717 1342 725 1350 ·
744 1343 753 1359 ι
770 1334 807 1360 οὐ
824 1334 898 1369 ζητῶ
915 1335 945 1361 τὺ

159 1378 277 1413 ἐμαυτοῦ
296 1377 445 1413 συμφέρον,
465 1378 534 1406 ἀλλὰ
550 1378 581 1406 τὸ
600 1378 654 1406 τῶν
673 1379 788 1412 πολλῶν,
801 1380 844 1406 ῖνα
855 1380 946 1407 σωθῶ-

160 1432 212 1450 σιν.
229 1434 239 1449 ι
263 1424 451 1457 Ἐξεπαίδευσε
472 1425 501 1451 δὲ
523 1426 675 1458 κάκείνους,
694 1426 767 1452 ἔνδον
790 1427 838 1462 μὲν
854 1427 946 1462 κοινὴν

159 1470 199 1503 τῷ
221 1470 280 1504 Θεῷ
294 1471 343 1505 τὴν
367 1471 504 1507 ὑμνῳδίαν
526 1472 703 1507 προσφέρειν,
722 1473 790 1508 μετὰ
806 1473 834 1499 δὲ
848 1473 896 1508 τὴν
909 1473 946 1500 ἕω

160 1514 213 1540 ἀνὰ
233 1514 279 1541 δύο
300 1515 369 1541 κατὰ
389 1516 437 1551 τὴν
453 1515 555 1552 ἔρημον
576 1516 686 1549 ἐξιέναι,
713 1517 760 1543 καὶ
777 1517 822 1543 τον
846 1518 895 1552 luév
912 1518 946 1544 τὰ

160 1560 262 1594 γόνατα
274 1561 506 1595 κατακάμπτοντα
520 1562 569 1596 τὴν
582 1561 760 1598 ὀφειλομένην
774 1563 813 1598 τῷ
825 1564 946 1600 Δεσπότῃ

160 1608 325 1643 προσφέρειν
349 1607 546 1643 προσκύνησιν,
564 1609 609 1635 τὸν
628 1609 656 1635 δὲ
667 1609 741 1644 ᾄδειν
764 1610 868 1636 ἑστῶτα
880 1610 947 1645 ψαλ-

162 1654 230 1688 μοὺς
250 1654 409 1684 Δαυῖίτικοῦς
432 1654 637 1687 πεντεκαίδεκα,
656 1652 715 1681 εἶτα
728 1655 900 1682 ἐναλλάττειν
915 1656 946 1682 τὸ

161 1698 253 1733 ἔργον,
275 1698 323 1724 καὶ
344 1698 390 1724 τὸν
415 1698 464 1732 μὲν
488 1698 668 1733 ἀνιστάμενον
691 1699 775 1734 ᾄδειν,
797 1699 842 1725 τὸν
862 1699 890 1725 δὲ
906 1701 946 1731 είς

161 1743 213 1778 γῆν
233 1743 442 1770 κατακύπτοντα
460 1746 621 1778 προσκυνεῖν
640 1752 646 1759 ·
661 1745 708 1771 καὶ
731 1745 809 1771 τοῦτο
827 1744 855 1778 ἐξ
871 1745 949 1772 ἑωθι-

161 1788 208 1815 νοῦ
222 1789 302 1823 μέχρι
320 1789 409 1824 δείλης
431 1789 509 1824 ὀψίας
527 1789 662 1816 διετέλουν
683 1789 832 1822 ποιοῦντες.
848 1790 905 1825 Πρὸ
918 1790 946 1817 δὲ

161 1834 238 1868 ἡλίου
254 1834 364 1869 δυσμῶν
385 1835 472 1870 βραχύ
485 1843 512 1861 τι
532 1835 772 1870 διαναπαυόμενοι,
794 1837 835 1867 είς
857 1836 887 1862 τὸ
902 1835 949 1862 ἄν-

161 1889 225 1916 τρον
251 1877 322 1908 οὗτοι
347 1881 395 1917 μὲν
414 1881 500 1913 ἔνθεν,
523 1877 596 1908 οὗτοι
618 1881 646 1908 δὲ
665 1881 779 1913 ἐκεῖθεν,
797 1881 898 1913 πάντες
921 1882 950 1909 δὲ

163 1926 234 1953 κατὰ
249 1927 344 1953 ταυτὸν
356 1927 394 1962 τῷ
410 1927 535 1962 Δεσπὸτῃ
552 1927 731 1963 προσέφερον.

199 1974 296 2000 Είώθει
314 1974 342 2001 δὲ
372 1974 419 2000 καὶ
436 1973 518 2005 αὐτὸς
543 1975 558 2000 ὁ
579 1974 736 2009 πρεσϐύτης
758 1974 806 2000 ἕνα
820 1975 880 2001 τινὰ
895 1974 952 2001 τῶν

164 2021 372 2055 ἑπισημοτέρων
390 2020 517 2047 κοινωνὸν
541 2020 590 2055 τῆς
605 2020 778 2055 λειτουργίας
792 2020 951 2054 λαμϐάνειν.

165 2066 264 2093 Εἵπετο
277 2066 305 2092 δὲ
320 2065 394 2101 αὐτῷ
418 2066 577 2101 συχνότερον
590 2065 639 2100 ὰνή
645 2074 660 2101 ρ
677 2074 728 2097 τις,
757 2065 788 2092 τὸ
813 2066 862 2101 μὲν
878 2066 953 2100 γένος

164 2113 283 2148 Πέρσης,
300 2111 330 2138 τὸ
352 2112 380 2138 δὲ
395 2109 464 2143 εἶδος
484 2111 569 2147 μέγας
591 2112 638 2138 καὶ
660 2111 832 2145 ἀξιάγαστος,
849 2112 954 2147 θαυμα-

166 2159 298 2194 σιωτέραν
314 2158 341 2184 δὲ
358 2157 404 2184 τοῦ
425 2157 510 2189 εἴδους
525 2159 573 2192 τὴν
588 2157 676 2192 ψυχὴν
698 2158 877 2193 κεκτημένος,
903 2158 953 2185 Ἰά-

166 2205 253 2236 κωϐος
267 2204 351 2238 ϐνομα
367 2203 486 2239 αὺτῷ,ὃς
504 2203 550 2230 καὶ
564 2203 634 2238 μετὰ
648 2204 698 2238 τὴν
710 2203 813 2230 ἐκείνου
825 2203 952 2239 τελευτὴν

994 976 1092 1010 inquit.
1104 983 1120 1002 ο
1129 975 1190 1007 viri,
1203 983 1247 1006 ne,
1258 975 1321 1001 dum
1330 979 1437 1003 terrena
1448 974 1595 1001 dilatamus
1608 971 1776 1001 habitacula.

993 1021 1147 1048 minuamus
1167 1021 1300 1050 caelestia.
1316 1026 1343 1047 et
1367 1024 1461 1047 tamen
1492 1018 1655 1053 temporaria
1671 1016 1781 1051 1123

994 1070 1059 1093 sunt
1083 1066 1146 1099 ista,
1163 1073 1214 1093 nec
1234 1066 1280 1092 diu
1299 1065 1376 1093 nobis
1399 1066 1460 1093 usui
1480 1065 1592 1092 futura:
1622 1064 1668 1091 illa
1690 1068 1782 1091 autem

993 1114 1105 1142 aeterna,
1137 1111 1299 1144 nullumque
1328 1110 1408 1137 linem
1439 1110 1574 1137 habitura.
1607 1109 1694 1143 Atque
1722 1108 1782 1135 haec

995 1156 1105 1191 quidem
1129 1155 1209 1188 dixit,
1226 1156 1282 1182 ‘ad
1310 1155 1473 1190 perfectiora
1501 1155 1614 1182 chorum
1639 1154 1789 1186 erudiens;

994 1201 1122 1228 toleravit
1148 1206 1262 1234 tamen,
1286 1208 1381 1228 vocem
1409 1200 1560 1228 exaudiens
1586 1200 1779 1236 apostolicam,

997 1257 1007 1273 ‹
1027 1247 1086 1274 Non
1104 1254 1196 1282 quaero
1210 1246 1282 1282 quod
1300 1247 1366 1274 mihi
1382 1247 1448 1274 utile
1460 1251 1512 1279 est,
1530 1246 1577 1274 sed
1588 1245 1661 1281 quod
1674 1245 1780 1276 multis.-

995 1299 1025 1320 ut
1039 1293 1105 1321 salvi
1122 1293 1198 1320 ﬁant.
1221 1302 1230 1318 ι
1247 1292 1367 1320 Docebat
1382 1297 1473 1321 autem
1487 1293 1560 1325 illos,
1578 1293 1654 1320 intus
1671 1291 1782 1327 quidem

996 1345 1168 1366 communem
1185 1337 1239 1365 Deo
1255 1337 1432 1374 hymnodiam
1445 1337 1545 1365 oﬂ‘erre
1560 1346 1566 1364 :
1579 1341 1641 1372 post
1653 1343 1786 1363 auroram

995 1391 1060 1412 vero
1082 1383 1162 1412 binos
1181 1384 1258 1412 exire
1279 1385 1306 1411 in
1323 1384 1512 1416 solitudinem,
1529 1387 1556 1411 et
1569 1391 1654 1410 unum
1669 1382 1785 1417 quidem

996 1436 1083 1464 genua
1093 1428 1245 1456 ﬂectentem
1263 1429 1382 1456 debitam
1404 1428 1518 1456 Domino
1533 1428 1663 1455 exhibere
1681 1427 1781 1454 adora-

997 1475 1235 1506 tioncm,alterum
1251 1482 1317 1501 vero
1340 1478 1458 1502 stantem
1482 1475 1602 1509 psalmos
1625 1473 1782 1508 quindecim

998 1526 1095 1547 canere
1106 1519 1263 1547 Davidicos:
1277 1523 1335 1546 tum
1346 1519 1455 1552 deinde,
1470 1520 1563 1554 operis
1576 1519 1647 1546 facta
1657 1525 1782 1545 commu-

999 1564 1115 1597 tatione,
1133 1565 1208 1592 illum
1221 1569 1380 1600 surgentem
1400 1573 1509 1597 canere,
1526 1566 1599 1592 hunc
1619 1571 1685 1592 vero
1706 1564 1781 1591 humi

997 1611 1221 1646 procumbentem
1232 1611 1356 1639 adorare.
1379 1611 1468 1646 Atque
1482 1611 1534 1638 hoc
1549 1611 1590 1638 illi
1616 1609 1784 1644 crepusculo

998 1655 1134 1683 matutino
1150 1657 1254 1688 exorsi,
1282 1657 1316 1683 ad
1341 1657 1530 1691 vespertinum
1557 1663 1644 1690 usque
1673 1655 1786 1683 assidue

994 1700 1146 1728 faciebant.
1166 1701 1236 1729 Ante
1258 1709 1386 1729 occasum
1400 1710 1465 1729 vero
1485 1702 1551 1729 solis
1563 1702 1704 1736 paululum
1717 1701 1783 1736 qui-

997 1751 1134 1779 escentes,
1155 1747 1220 1774 hinc
1234 1748 1282 1779 illi,
1299 1748 1376 1775 illinc
1401 1748 1459 1780 alii,
1484 1755 1579 1776 omnes
1607 1747 1728 1781 undique
1757 1747 1785 1773 in

996 1797 1104 1820 antrum
1121 1793 1335 1826 conveniebant,
1351 1798 1377 1820 et
1390 1794 1506 1828 hymnos
1532 1784 1707 1828 vespertiuos
1735 1792 1787 1819 Do-

1000 1837 1076 1866 mino
1086 1839 1168 1865 simul
1183 1839 1343 1866 oll‘erebant.

968 1885 1138 1920 πανταχόθεν
1169 1885 1313 1920 συνῄεσαν,
1340 1885 1387 1912 καὶ
1403 1885 1453 1919 τὴν
1487 1883 1632 1920 ἑσπερινὴν
1651 1882 1787 1918 ὑμνῳδίαν

1038 1974 1250 2007 Solebat/autem
1269 1975 1328 2010 ipse
1343 1982 1452 2011 quoque
1472 1982 1554 2003 senex
1570 1981 1655 2002 unum
1668 1974 1787 2009 aliquem

1001 2029 1034 2048 ex
1046 2021 1244 2056 insignioribus
1255 2021 1336 2048 oll'lcii
1349 2022 1454 2049 socium
1466 2028 1618 2049 assumere.
1643 2020 1783 2055 Sequeba-

1003 2070 1102 2101 turque
1118 2067 1193 2093 illum
1208 2067 1379 2102 frequentius
1392 2068 1434 2094 vir
1445 2067 1568 2102 quidam,
1580 2066 1664 2093 Persa
1677 2073 1787 2101 genere,

1003 2111 1089 2139 forma
1105 2112 1215 2146 quidem
1232 2120 1349 2147 magnus
1363 2117 1390 2140 et
1406 2112 1596 2145 admirandus,
1624 2111 1673 2139 sed
1700 2112 1788 2139 admi-

1005 2157 1133 2184 rabiliore
1148 2157 1240 2184 anima
1255 2157 1386 2191 praeditus
1402 2165 1484 2192 quam
1512 2157 1610 2188 l‘nrma,
1627 2157 1671 2183 cui
1690 2164 1788 2184 nomen

1004 2202 1135 2230 Jacubus.
1151 2202 1204 2235 Qui
1224 2202 1306 2229 etiam
1333 2208 1396 2237 post
1421 2203 1495 2229 illius
1513 2207 1626 2229 mortem
1657 2202 1684 2228 in
1715 2203 1788 2228 omni

165 2251 195 2276 ἐν
212 2251 285 2286 πάσῃ
305 2251 352 2285 μὲν
366 2250 513 2284 διέλαμψεν
529 2250 623 2284 ἀρετῇ,
640 2249 773 2285 ἐπίσημος
788 2249 817 2276 δὲ
832 2250 878 2276 καὶ
903 2258 937 2276 πε

1005 2248 1106 2275 virtute
1116 2247 1286 2282 resplenduit
1299 2255 1306 2274 :
1323 2247 1439 2282 insignis
1455 2251 1545 2274 autem
1560 2251 1587 2274 et
1599 2247 1715 2274 illustris
1727 2247 1788 2277 fuit.

168 2299 310 2334 ρίϐλεπτος
322 2296 366 2333 ἦν,
384 2298 414 2324 οὐ
425 2299 481 2329 τοῖς
495 2297 588 2324 αὐτόθι
612 2297 711 2332 μόνοις,
728 2296 796 2324 ἀλλὰ
822 2296 870 2322 καὶ
897 2297 953 2327 τοῖς

167 2346 245 2380 ὲν-τῇ
265 2344 350 2379 Συρίᾳ
369 2345 418 2379 τῆς
433 2344 592 2380 φιλοσοφίας
608 2344 837 2380 φροντιστηρίοις,
864 2343 892 2369 ὲν
913 2340 953 2374 οἷς

166 2392 213 2418 καὶ
228 2391 354 2417 ἐτελεύτα
371 2390 481 2425 βιώσας,
500 2391 538 2422 ὡς
554 2390 673 2424 λέγεται,
687 2391 804 2426 τέτταρα
818 2389 866 2416 καὶ
883 2389 954 2415 ἐκα-

166 2438 211 2463 τῖτν
233 2437 291 2472 Em;
316 2434 399 2467 Οὗτος
425 2436 462 2471 τῷ
481 2436 591 2472 μεγάλῳ
607 2436 745 2472 πρεσϐύτῃ
762 2436 812 2471 τῆς
838 2436 884 2462 ἐπὶ
904 2435 954 2469 τὴν

167 2484 270 2518 ἔρημον
298 2483 464 2518 κοινωνήσας
487 2482 557 2514 ὀδοῦ,
574 2482 714 2518 πόρρωθεν
729 2482 830 2508 εἵπετο.
846 2482 882 2508 Οὺ
899 2483 954 2517 γὰρ

168 2531 210 2556 εία
234 2529 361 2561 πελάζειν
378 2531 392 2554 ὁ
407 2528 577 2560 διδάσκαλος,
595 2529 639 2554 ἵνα
654 2528 689 2563 μὴ
708 2528 844 2564 πρόφασιν
863 2528 954 2559 αὐτοῖς

167 2576 247 2602 τοῦτο
268 2575 412 2608 διαλέξεως
437 2575 559 2610 γένηται,
576 2576 592 2610 ἡ
620 2574 647 2600 δὲ
668 2574 783 2606 διάλεξις
807 2574 894 2610 κλέψῃ
909 2573 954 2599 τὴν

168 2622 231 2648 νοῦν
241 2622 290 2656 τῆς
307 2621 369 2655 περὶ
383 2621 429 2647 τοῦ
444 2620 511 2647 Θεοῦ
523 2620 682 2654 φαντασίας.
698 2620 844 2654 Ἐπόμενος
860 2619 888 2645 δὲ
904 2620 956 2655 ὁρᾷ

169 2667 239 2694 κατὰ
254 2667 303 2702 τὴν
324 2667 381 2693 ὁδὸν
402 2666 536 2702 δράκοντά
551 2674 611 2693 τινα
627 2666 793 2701 παμμεγέθη
819 2665 953 2700 κείμενον.

171 2713 238 2741 Εἶτα
253 2714 418 2749 θεασάμενος
435 2714 568 2749 προϐῆναι
594 2715 641 2749 μὲν
661 2714 711 2740 οὐκ
734 2712 895 2748 ἐθάρρησεν,
911 2713 956 2738 ὲκ-

169 2761 259 2787 κλῖναι
271 2761 298 2786 δὲ
314 2760 442 2791 πολλάκις
460 2761 512 2786 ὑπὸ
536 2761 582 2786 τοῦ
606 2760 681 2791 δέους
692 2759 818 2794 θελήσας,
835 2757 956 2794 ἀνερῤὡι

170 2806 222 2842 σθη
239 2806 319 2833 πάλιν
333 2807 376 2832 τὸν
389 2806 527 2842 λογισμόν.
544 2807 658 2833 Ἔπειτα
673 2806 771 2840 κύψας,
791 2805 838 2831 7.1".
853 2803 956 2838 ψηφῖδα

207 2903 221 2916 ν
242 2897 321 2926 Rom.
337 2906 382 2930 xu,
398 2897 440 2925 16.
491 2897 527 2926 ἰῐ
545 2897 647 2929 Cora,
664 2897 706 2924 53.

1006 2302 1060 2320 non
1080 2293 1106 2320 in
1125 2293 1179 2320 illis
1195 2293 1276 2320 modo
1292 2301 1354 2328 qua:
1374 2294 1431 2320 illic
1445 2297 1535 2326 erant,
1549 2292 1596 2320 sed
1612 2293 1639 2319 in
1656 2293 1690 2319 iis
1701 2292 1784 2319 etiam

1007 2347 1067 2374 quae
1076 2339 1101 2366 in
1110 2338 1381 2374 Syria,pbilosophi:e
1389 2339 1537 2374 gymnasiis
1546 2346 1594 2366 seu
1604 2338 1789 2368 monasteriis.

1007 2384 1035 2411 in
1049 2384 1148 2419 quibus
1156 2385 1239 2411 vitam
1249 2384 1327 2414 finiit.
1337 2392 1399 2412 cum
1413 2384 1632 2415 viaissetannos.
1643 2388 1671 2411 ut
1682 2384 1782 2413 ferunt.

1007 2434 1119 2457 centum
1130 2434 1157 2457 et
1170 2433 1299 2464 quatuor.
1314 2429 1410 2457 lscnm
1425 2437 1524 2465 magno
1536 2438 1601 2457 sene
1615 2430 1668 2456 iter
1685 2428 1790 2456 faciens

1007 2483 1056 2511 per
1083 2475 1231 2506 desertum,
1261 2475 1369 2503 eminus
1396 2475 1572 2509 sequebatur.
1602 2474 1661 2501 Non
1685 2473 1791 2501 sinebat

1007 2522 1080 2549 enim
1102 2521 1231 2556 magister
1250 2520 1327 2547 illum
1361 2521 1475 2556 propius
1500 2519 1643 2551 accedere,
1671 2526 1706 2546 ne
1737 2525 1792 2553 qua

1007 2571 1069 2599 inde
1081 2571 1251 2606 colloquendi
1259 2575 1331 2598 esset
1342 2570 1461 2603 occasio,
1470 2574 1497 2597 et
1510 2569 1790 2606 llzﬁcolloquium

1007 2622 1125 2645 mentem
1140 2624 1154 2643 a
1169 2617 1213 2644 Dei
1229 2617 1460 2651 contemplatione
1468 2616 1647 2644 abstraheret.
1665 2615 1789 2650 Sequens

1007 2665 1100 2700 igitur,
1116 2663 1263 2691 draconem
1280 2663 1430 2690 maximum
1445 2662 1582 2696 conspicit
1599 2662 1626 2688 in
1638 2661 1693 2688 via.
1705 2660 1791 2693 Quem

1006 2711 1142 2745 jaccntem
1168 2709 1378 2743 contemplans,
1406 2707 1533 2743 progredi
1570 2714 1624 2734 non
1652 2706 1791 2734 audebat:

1009 2756 1146 2783 declinare
1162 2758 1253 2781 autem
1274 2761 1328 2788 pm
1350 2757 1423 2781 metu
1456 2761 1519 2780 cum
1547 2753 1639 2785 vellet,
1669 2751 1791 2778 animum

1011 2807 1107 2827 rursus
1136 2799 1317 2826 continuavit.
1359 2799 1460 2826 Deinde
1493 2798 1616 2833 lapillum
1644 2797 1792 2824 inclinatus
