  <div class='ocr_page' id='page_1' title='image "/cluster/home/n/w/nwhite01/storage/ocr_20150623/82/njp.32101077772802/717.png"; bbox 0 0 2036 3122; ppageno 0'>
   <div class='ocr_carea' id='block_1_1' title="bbox 270 175 335 208">
    <p class='ocr_par' dir='ltr' id='par_1_1' title="bbox 270 175 335 208">
     <span class='ocr_line' id='line_1_1' title="bbox 270 175 335 208; baseline -0.015 0"><span class='ocrx_word' id='word_1_1' title='bbox 270 175 335 208; x_wconf 69' lang='grc' dir='ltr'>ιδιι</span> 
     </span>
    </p>
   </div>
   <div class='ocr_carea' id='block_1_2' title="bbox 779 172 1409 206">
    <p class='ocr_par' dir='ltr' id='par_1_2' title="bbox 779 172 1409 206">
     <span class='ocr_line' id='line_1_2' title="bbox 779 172 1409 206; baseline -0.003 0"><span class='ocrx_word' id='word_1_2' title='bbox 779 175 1023 206; x_wconf 80' lang='lat' dir='ltr'><strong>THEODORETI</strong></span> <span class='ocrx_word' id='word_1_3' title='bbox 1038 174 1208 206; x_wconf 81' lang='lat' dir='ltr'><strong>EPISGOPI</strong></span> <span class='ocrx_word' id='word_1_4' title='bbox 1225 172 1409 205; x_wconf 83' lang='lat' dir='ltr'><strong>CYRENSIS</strong></span> 
     </span>
    </p>
   </div>
   <div class='ocr_carea' id='block_1_3' title="bbox 1835 173 1898 207">
    <p class='ocr_par' dir='ltr' id='par_1_3' title="bbox 1835 173 1898 207">
     <span class='ocr_line' id='line_1_3' title="bbox 1835 173 1898 207; baseline -0.016 0"><span class='ocrx_word' id='word_1_5' title='bbox 1835 173 1898 207; x_wconf 73' lang='lat' dir='ltr'><strong>I31!</strong></span> 
     </span>
    </p>
   </div>
   <div class='ocr_carea' id='block_1_4' title="bbox 269 229 1054 270">
    <p class='ocr_par' dir='ltr' id='par_1_4' title="bbox 269 231 1054 270">
     <span class='ocr_line' id='line_1_4' title="bbox 269 231 1054 270; baseline -0.004 -8"><span class='ocrx_word' id='word_1_6' title='bbox 269 234 416 269; x_wconf 68' lang='lat' dir='ltr'><strong>arripiens,</strong></span> <span class='ocrx_word' id='word_1_7' title='bbox 433 233 462 261; x_wconf 89' lang='lat' dir='ltr'><strong>in</strong></span> <span class='ocrx_word' id='word_1_8' title='bbox 481 240 600 270; x_wconf 80' lang='lat' dir='ltr'><strong>eumque</strong></span> <span class='ocrx_word' id='word_1_9' title='bbox 626 231 793 268; x_wconf 66' lang='lat' dir='ltr'><strong>conﬁciens,</strong></span> <span class='ocrx_word' id='word_1_10' title='bbox 811 233 908 261; x_wconf 89' lang='lat' dir='ltr'><strong>eodem</strong></span> <span class='ocrx_word' id='word_1_11' title='bbox 927 234 956 260; x_wconf 90' lang='lat' dir='ltr'><strong>in</strong></span> <span class='ocrx_word' id='word_1_12' title='bbox 983 236 1054 261; x_wconf 84' lang='lat' dir='ltr'><strong>statu</strong></span> 
     </span>
    </p>
   </div>
   <div class='ocr_carea' id='block_1_5' title="bbox 1106 229 1900 270">
    <p class='ocr_par' dir='ltr' id='par_1_5' title="bbox 1108 229 1900 267">
     <span class='ocr_line' id='line_1_5' title="bbox 1108 229 1900 267; baseline 0.001 -9"><span class='ocrx_word' id='word_1_13' title='bbox 1108 230 1209 264; x_wconf 74' lang='grc' dir='ltr'>λαϐὼν,</span> <span class='ocrx_word' id='word_1_14' title='bbox 1233 231 1279 258; x_wconf 80' lang='grc' dir='ltr'>καὶ</span> <span class='ocrx_word' id='word_1_15' title='bbox 1303 230 1405 266; x_wconf 85' lang='grc' dir='ltr'>ταύτην</span> <span class='ocrx_word' id='word_1_16' title='bbox 1422 229 1578 264; x_wconf 74' lang='grc' dir='ltr'><strong>ἀκοντίσας,</strong></span> <span class='ocrx_word' id='word_1_17' title='bbox 1604 230 1679 266; x_wconf 75' lang='grc' dir='ltr'>ἑώρα</span> <span class='ocrx_word' id='word_1_18' title='bbox 1705 230 1753 257; x_wconf 81' lang='grc' dir='ltr'><strong>τδν</strong></span> <span class='ocrx_word' id='word_1_19' title='bbox 1766 230 1900 267; x_wconf 75' lang='grc' dir='ltr'>δράκοντα</span> 
     </span>
    </p>
   </div>
   <div class='ocr_carea' id='block_1_6' title="bbox 269 278 1056 313">
    <p class='ocr_par' dir='ltr' id='par_1_6' title="bbox 269 278 1056 313">
     <span class='ocr_line' id='line_1_6' title="bbox 269 278 1056 313; baseline -0.001 -8"><span class='ocrx_word' id='word_1_20' title='bbox 269 286 379 307; x_wconf 84' lang='lat' dir='ltr'><strong>nnmere</strong></span> <span class='ocrx_word' id='word_1_21' title='bbox 393 278 552 313; x_wconf 85' lang='lat' dir='ltr'><strong>draconem,</strong></span> <span class='ocrx_word' id='word_1_22' title='bbox 572 285 623 307; x_wconf 91' lang='lat' dir='ltr'><strong>nec</strong></span> <span class='ocrx_word' id='word_1_23' title='bbox 633 285 807 306; x_wconf 83' lang='lat' dir='ltr'><strong>commovere</strong></span> <span class='ocrx_word' id='word_1_24' title='bbox 825 286 854 306; x_wconf 90' lang='lat' dir='ltr'><strong>se</strong></span> <span class='ocrx_word' id='word_1_25' title='bbox 867 285 948 313; x_wconf 85' lang='lat' dir='ltr'><strong>posse</strong></span> <span class='ocrx_word' id='word_1_26' title='bbox 967 278 1056 305; x_wconf 83' lang='lat' dir='ltr'><strong>anim-</strong></span> 
     </span>
    </p>
   </div>
   <div class='ocr_carea' id='block_1_7' title="bbox 268 324 1056 360">
    <p class='ocr_par' dir='ltr' id='par_1_7' title="bbox 268 324 1056 360">
     <span class='ocr_line' id='line_1_7' title="bbox 268 324 1056 360; baseline 0.001 -8"><span class='ocrx_word' id='word_1_27' title='bbox 268 325 386 352; x_wconf 83' lang='lat' dir='ltr'><strong>advertit</strong></span> <span class='ocrx_word' id='word_1_28' title='bbox 406 334 413 353; x_wconf 87' lang='lat'><strong>:</strong></span> <span class='ocrx_word' id='word_1_29' title='bbox 429 333 462 353; x_wconf 86' lang='lat' dir='ltr'><strong>ex</strong></span> <span class='ocrx_word' id='word_1_30' title='bbox 482 333 538 360; x_wconf 93' lang='lat' dir='ltr'><strong>quo</strong></span> <span class='ocrx_word' id='word_1_31' title='bbox 555 329 693 352; x_wconf 86' lang='lat' dir='ltr'><strong>mortuum</strong></span> <span class='ocrx_word' id='word_1_32' title='bbox 708 332 770 352; x_wconf 90' lang='lat' dir='ltr'><strong>esse</strong></span> <span class='ocrx_word' id='word_1_33' title='bbox 796 324 964 359; x_wconf 75' lang='lat' dir='ltr'><strong>intelligens,</strong></span> <span class='ocrx_word' id='word_1_34' title='bbox 981 325 1056 353; x_wconf 86' lang='lat' dir='ltr'><strong>senis</strong></span> 
     </span>
    </p>
   </div>
   <div class='ocr_carea' id='block_1_8' title="bbox 267 370 1056 406">
    <p class='ocr_par' dir='ltr' id='par_1_8' title="bbox 267 370 1056 406">
     <span class='ocr_line' id='line_1_8' title="bbox 267 370 1056 406; baseline -0.003 -7"><span class='ocrx_word' id='word_1_35' title='bbox 267 379 337 406; x_wconf 88' lang='lat' dir='ltr'><strong>opus</strong></span> <span class='ocrx_word' id='word_1_36' title='bbox 355 379 416 399; x_wconf 88' lang='lat' dir='ltr'><strong>esse</strong></span> <span class='ocrx_word' id='word_1_37' title='bbox 438 377 554 398; x_wconf 88' lang='lat' dir='ltr'><strong>mortem</strong></span> <span class='ocrx_word' id='word_1_38' title='bbox 571 371 668 398; x_wconf 70' lang='lat' dir='ltr'><strong>bellua:</strong></span> <span class='ocrx_word' id='word_1_39' title='bbox 685 371 836 398; x_wconf 72' lang='lat' dir='ltr'><strong>arbitratus</strong></span> <span class='ocrx_word' id='word_1_40' title='bbox 861 375 914 398; x_wconf 87' lang='lat' dir='ltr'><strong>est.</strong></span> <span class='ocrx_word' id='word_1_41' title='bbox 938 370 1056 398; x_wconf 89' lang='lat' dir='ltr'><strong>Peracto</strong></span> 
     </span>
    </p>
   </div>
   <div class='ocr_carea' id='block_1_9' title="bbox 267 415 1055 452">
    <p class='ocr_par' dir='ltr' id='par_1_9' title="bbox 267 415 1055 452">
     <span class='ocr_line' id='line_1_9' title="bbox 267 415 1055 452; baseline -0.001 -9"><span class='ocrx_word' id='word_1_42' title='bbox 267 416 377 450; x_wconf 85' lang='lat' dir='ltr'><strong>itinere,</strong></span> <span class='ocrx_word' id='word_1_43' title='bbox 393 417 583 452; x_wconf 74' lang='lat' dir='ltr'><strong>completoque</strong></span> <span class='ocrx_word' id='word_1_44' title='bbox 601 416 765 451; x_wconf 81' lang='lat' dir='ltr'><strong>hymnorum</strong></span> <span class='ocrx_word' id='word_1_45' title='bbox 782 415 883 447; x_wconf 83' lang='lat' dir='ltr'><strong>ollicio,</strong></span> <span class='ocrx_word' id='word_1_46' title='bbox 904 423 968 442; x_wconf 88' lang='lat' dir='ltr'><strong>cum</strong></span> <span class='ocrx_word' id='word_1_47' title='bbox 985 419 1055 442; x_wconf 79' lang='lat' dir='ltr'><strong>tem—</strong></span> 
     </span>
    </p>
   </div>
   <div class='ocr_carea' id='block_1_10' title="bbox 266 460 1055 496">
    <p class='ocr_par' dir='ltr' id='par_1_10' title="bbox 266 460 1055 496">
     <span class='ocr_line' id='line_1_10' title="bbox 266 460 1055 496; baseline -0.003 -8"><span class='ocrx_word' id='word_1_48' title='bbox 266 468 319 496; x_wconf 88' lang='lat' dir='ltr'><strong>pus</strong></span> <span class='ocrx_word' id='word_1_49' title='bbox 339 461 441 496; x_wconf 75' lang='lat' dir='ltr'><strong>quietis</strong></span> <span class='ocrx_word' id='word_1_50' title='bbox 475 460 644 493; x_wconf 86' lang='lat' dir='ltr'><strong>advenisset,</strong></span> <span class='ocrx_word' id='word_1_51' title='bbox 673 464 700 488; x_wconf 89' lang='lat' dir='ltr'><strong>et</strong></span> <span class='ocrx_word' id='word_1_52' title='bbox 726 460 827 488; x_wconf 87' lang='lat' dir='ltr'><strong>sedens</strong></span> <span class='ocrx_word' id='word_1_53' title='bbox 855 468 938 487; x_wconf 82' lang='lat' dir='ltr'><strong>senex</strong></span> <span class='ocrx_word' id='word_1_54' title='bbox 966 460 1055 494; x_wconf 83' lang='lat' dir='ltr'><strong>ipsum</strong></span> 
     </span>
    </p>
   </div>
   <div class='ocr_carea' id='block_1_11' title="bbox 267 504 1056 541">
    <p class='ocr_par' dir='ltr' id='par_1_11' title="bbox 267 504 1056 541">
     <span class='ocr_line' id='line_1_11' title="bbox 267 504 1056 541; baseline -0.001 -9"><span class='ocrx_word' id='word_1_55' title='bbox 267 507 349 533; x_wconf 86' lang='lat' dir='ltr'><strong>etiam</strong></span> <span class='ocrx_word' id='word_1_56' title='bbox 379 506 493 533; x_wconf 66' lang='lat' dir='ltr'><strong>modica:</strong></span> <span class='ocrx_word' id='word_1_57' title='bbox 522 506 608 541; x_wconf 89' lang='lat' dir='ltr'><strong>quieti</strong></span> <span class='ocrx_word' id='word_1_58' title='bbox 634 512 737 540; x_wconf 84' lang='lat' dir='ltr'><strong>corpus</strong></span> <span class='ocrx_word' id='word_1_59' title='bbox 766 504 876 532; x_wconf 91' lang='lat' dir='ltr'><strong>tradere</strong></span> <span class='ocrx_word' id='word_1_60' title='bbox 902 504 1056 538; x_wconf 83' lang='lat' dir='ltr'><strong>jussisset,</strong></span> 
     </span>
    </p>
   </div>
   <div class='ocr_carea' id='block_1_12' title="bbox 266 549 1056 587">
    <p class='ocr_par' dir='ltr' id='par_1_12' title="bbox 266 549 1056 587">
     <span class='ocr_line' id='line_1_12' title="bbox 266 549 1056 587; baseline -0.001 -9"><span class='ocrx_word' id='word_1_61' title='bbox 266 552 387 587; x_wconf 88' lang='lat' dir='ltr'><strong>primum</strong></span> <span class='ocrx_word' id='word_1_62' title='bbox 418 552 527 587; x_wconf 91' lang='lat' dir='ltr'><strong>quidem</strong></span> <span class='ocrx_word' id='word_1_63' title='bbox 553 551 654 579; x_wconf 85' lang='lat' dir='ltr'><strong>tacitus</strong></span> <span class='ocrx_word' id='word_1_64' title='bbox 681 551 803 578; x_wconf 76' lang='lat' dir='ltr'><strong>sedebat.</strong></span> <span class='ocrx_word' id='word_1_65' title='bbox 824 553 834 562; x_wconf 89' lang='grc'><strong>·</strong></span> <span class='ocrx_word' id='word_1_66' title='bbox 863 549 966 578; x_wconf 86' lang='lat' dir='ltr'><strong>Deinde</strong></span> <span class='ocrx_word' id='word_1_67' title='bbox 993 557 1056 578; x_wconf 91' lang='lat' dir='ltr'><strong>cum</strong></span> 
     </span>
    </p>
   </div>
   <div class='ocr_carea' id='block_1_13' title="bbox 266 596 1056 634">
    <p class='ocr_par' dir='ltr' id='par_1_13' title="bbox 266 596 1056 634">
     <span class='ocr_line' id='line_1_13' title="bbox 266 596 1056 634; baseline -0.001 -10"><span class='ocrx_word' id='word_1_68' title='bbox 266 604 349 625; x_wconf 82' lang='lat' dir='ltr'><strong>senex</strong></span> <span class='ocrx_word' id='word_1_69' title='bbox 361 605 515 625; x_wconf 86' lang='lat' dir='ltr'><strong>sermonem</strong></span> <span class='ocrx_word' id='word_1_70' title='bbox 528 597 673 634; x_wconf 82' lang='lat' dir='ltr'><strong>quemdam</strong></span> <span class='ocrx_word' id='word_1_71' title='bbox 683 604 799 625; x_wconf 78' lang='lat' dir='ltr'><strong>exorsus</strong></span> <span class='ocrx_word' id='word_1_72' title='bbox 812 601 894 630; x_wconf 85' lang='lat' dir='ltr'><strong>esset,</strong></span> <span class='ocrx_word' id='word_1_73' title='bbox 910 600 967 624; x_wconf 93' lang='lat' dir='ltr'><strong>tum</strong></span> <span class='ocrx_word' id='word_1_74' title='bbox 980 596 1056 623; x_wconf 92' lang='lat' dir='ltr'><strong>illum</strong></span> 
     </span>
    </p>
   </div>
   <div class='ocr_carea' id='block_1_14' title="bbox 265 641 1056 678">
    <p class='ocr_par' dir='ltr' id='par_1_14' title="bbox 265 641 1056 678">
     <span class='ocr_line' id='line_1_14' title="bbox 265 641 1056 678; baseline -0.001 -8"><span class='ocrx_word' id='word_1_75' title='bbox 265 643 364 671; x_wconf 87' lang='lat' dir='ltr'><strong>leniter</strong></span> <span class='ocrx_word' id='word_1_76' title='bbox 380 644 529 672; x_wconf 85' lang='lat' dir='ltr'><strong>subridens</strong></span> <span class='ocrx_word' id='word_1_77' title='bbox 552 643 673 671; x_wconf 70' lang='lat' dir='ltr'><strong>Iacobus</strong></span> <span class='ocrx_word' id='word_1_78' title='bbox 694 643 813 678; x_wconf 77' lang='lat' dir='ltr'><strong>rogavit,</strong></span> <span class='ocrx_word' id='word_1_79' title='bbox 842 643 895 670; x_wconf 86' lang='lat' dir='ltr'><strong>sibi</strong></span> <span class='ocrx_word' id='word_1_80' title='bbox 928 646 958 669; x_wconf 91' lang='lat' dir='ltr'><strong>ut</strong></span> <span class='ocrx_word' id='word_1_81' title='bbox 982 641 1056 677; x_wconf 90' lang='lat' dir='ltr'><strong>quod</strong></span> 
     </span>
    </p>
   </div>
   <div class='ocr_carea' id='block_1_15' title="bbox 266 688 1056 724">
    <p class='ocr_par' dir='ltr' id='par_1_15' title="bbox 266 688 1056 724">
     <span class='ocr_line' id='line_1_15' title="bbox 266 688 1056 724; baseline 0 -8"><span class='ocrx_word' id='word_1_82' title='bbox 266 688 411 724; x_wconf 75' lang='lat' dir='ltr'><strong>ignombat</strong></span> <span class='ocrx_word' id='word_1_83' title='bbox 428 689 556 724; x_wconf 88' lang='lat' dir='ltr'><strong>aperiret.</strong></span> <span class='ocrx_word' id='word_1_84' title='bbox 570 689 602 716; x_wconf 86' lang='lat' dir='ltr'><strong>Et</strong></span> <span class='ocrx_word' id='word_1_85' title='bbox 620 688 881 724; x_wconf 77' lang='lat' dir='ltr'><strong>cuminterrogandi</strong></span> <span class='ocrx_word' id='word_1_86' title='bbox 893 690 1056 724; x_wconf 85' lang='lat' dir='ltr'><strong>potestatem</strong></span> 
     </span>
    </p>
   </div>
   <div class='ocr_carea' id='block_1_16' title="bbox 266 734 1056 771">
    <p class='ocr_par' dir='ltr' id='par_1_16' title="bbox 266 734 1056 771">
     <span class='ocr_line' id='line_1_16' title="bbox 266 734 1056 771; baseline -0.003 -9"><span class='ocrx_word' id='word_1_87' title='bbox 266 734 389 766; x_wconf 79' lang='lat' dir='ltr'><strong>fecisset.</strong></span> <span class='ocrx_word' id='word_1_88' title='bbox 412 743 422 760; x_wconf 84' lang='grc' dir='ltr'><strong>ι</strong></span> <span class='ocrx_word' id='word_1_89' title='bbox 444 734 517 768; x_wconf 85' lang='lat' dir='ltr'><strong>Vidi,</strong></span> <span class='ocrx_word' id='word_1_90' title='bbox 531 735 631 771; x_wconf 82' lang='lat' dir='ltr'><strong>inquit,</strong></span> <span class='ocrx_word' id='word_1_91' title='bbox 643 735 671 762; x_wconf 88' lang='lat' dir='ltr'><strong>in</strong></span> <span class='ocrx_word' id='word_1_92' title='bbox 688 735 742 766; x_wconf 87' lang='lat' dir='ltr'><strong>via,</strong></span> <span class='ocrx_word' id='word_1_93' title='bbox 755 734 892 769; x_wconf 83' lang='lat' dir='ltr'><strong>jacentem</strong></span> <span class='ocrx_word' id='word_1_94' title='bbox 906 734 1056 761; x_wconf 81' lang='lat' dir='ltr'><strong>maximum</strong></span> 
     </span>
    </p>
   </div>
   <div class='ocr_carea' id='block_1_17' title="bbox 266 772 1056 814">
    <p class='ocr_par' dir='ltr' id='par_1_17' title="bbox 266 772 1056 814">
     <span class='ocr_line' id='line_1_17' title="bbox 266 772 1056 814; baseline -0.001 -8"><span class='ocrx_word' id='word_1_95' title='bbox 266 779 425 811; x_wconf 86' lang='lat' dir='ltr'><strong>draconem,</strong></span> <span class='ocrx_word' id='word_1_96' title='bbox 441 787 473 807; x_wconf 85' lang='lat' dir='ltr'><strong>ac</strong></span> <span class='ocrx_word' id='word_1_97' title='bbox 484 779 721 814; x_wconf 87' lang='lat' dir='ltr'><strong>primumquidem</strong></span> <span class='ocrx_word' id='word_1_98' title='bbox 745 772 823 806; x_wconf 72' lang='lat' dir='ltr'><strong>timui</strong></span> <span class='ocrx_word' id='word_1_99' title='bbox 847 779 939 805; x_wconf 91' lang='lat' dir='ltr'><strong>vivum</strong></span> <span class='ocrx_word' id='word_1_100' title='bbox 962 778 1056 806; x_wconf 84' lang='lat' dir='ltr'><strong>existi-</strong></span> 
     </span>
    </p>
   </div>
   <div class='ocr_carea' id='block_1_18' title="bbox 265 824 1056 857">
    <p class='ocr_par' dir='ltr' id='par_1_18' title="bbox 265 824 1056 857">
     <span class='ocr_line' id='line_1_18' title="bbox 265 824 1056 857; baseline -0.001 -6"><span class='ocrx_word' id='word_1_101' title='bbox 265 832 354 853; x_wconf 87' lang='lat' dir='ltr'><strong>mans.</strong></span> <span class='ocrx_word' id='word_1_102' title='bbox 371 824 407 852; x_wconf 91' lang='lat' dir='ltr'><strong>Ut</strong></span> <span class='ocrx_word' id='word_1_103' title='bbox 419 832 483 852; x_wconf 89' lang='lat' dir='ltr'><strong>vero</strong></span> <span class='ocrx_word' id='word_1_104' title='bbox 497 831 634 852; x_wconf 85' lang='lat' dir='ltr'><strong>mortuum</strong></span> <span class='ocrx_word' id='word_1_105' title='bbox 651 824 844 857; x_wconf 83' lang='lat' dir='ltr'><strong>animadverti,</strong></span> <span class='ocrx_word' id='word_1_106' title='bbox 865 831 979 852; x_wconf 87' lang='lat' dir='ltr'><strong>securus</strong></span> <span class='ocrx_word' id='word_1_107' title='bbox 1003 824 1056 851; x_wconf 87' lang='lat' dir='ltr'><strong>iter</strong></span> 
     </span>
    </p>
   </div>
   <div class='ocr_carea' id='block_1_19' title="bbox 265 870 1055 906">
    <p class='ocr_par' dir='ltr' id='par_1_19' title="bbox 265 870 1055 906">
     <span class='ocr_line' id='line_1_19' title="bbox 265 870 1055 906; baseline 0.003 -10"><span class='ocrx_word' id='word_1_108' title='bbox 265 877 327 897; x_wconf 87' lang='lat' dir='ltr'><strong>sum</strong></span> <span class='ocrx_word' id='word_1_109' title='bbox 359 870 512 905; x_wconf 79' lang='lat' dir='ltr'><strong>ingressus.</strong></span> <span class='ocrx_word' id='word_1_110' title='bbox 531 870 579 897; x_wconf 92' lang='lat' dir='ltr'><strong>Dic</strong></span> <span class='ocrx_word' id='word_1_111' title='bbox 603 878 668 906; x_wconf 79' lang='lat' dir='ltr'><strong>ergo</strong></span> <span class='ocrx_word' id='word_1_112' title='bbox 685 870 763 902; x_wconf 87' lang='lat' dir='ltr'><strong>mihi,</strong></span> <span class='ocrx_word' id='word_1_113' title='bbox 781 874 859 905; x_wconf 88' lang='lat' dir='ltr'><strong>pater</strong></span> <span class='ocrx_word' id='word_1_114' title='bbox 873 890 881 903; x_wconf 85' lang='lat'><strong>,</strong></span> <span class='ocrx_word' id='word_1_115' title='bbox 911 871 970 904; x_wconf 89' lang='lat' dir='ltr'><strong>ait,</strong></span> <span class='ocrx_word' id='word_1_116' title='bbox 992 871 1055 906; x_wconf 87' lang='lat' dir='ltr'><strong>quis</strong></span> 
     </span>
    </p>
   </div>
   <div class='ocr_carea' id='block_1_20' title="bbox 1108 276 1898 313">
    <p class='ocr_par' dir='ltr' id='par_1_20' title="bbox 1108 276 1898 313">
     <span class='ocr_line' id='line_1_20' title="bbox 1108 276 1898 313; baseline 0.001 -9"><span class='ocrx_word' id='word_1_117' title='bbox 1108 278 1154 304; x_wconf 73' lang='grc' dir='ltr'><strong>ἐπὶ</strong></span> <span class='ocrx_word' id='word_1_118' title='bbox 1172 278 1310 313; x_wconf 84' lang='grc' dir='ltr'>σχήματος</span> <span class='ocrx_word' id='word_1_119' title='bbox 1328 277 1453 312; x_wconf 83' lang='grc' dir='ltr'>μένοντα,</span> <span class='ocrx_word' id='word_1_120' title='bbox 1469 276 1517 303; x_wconf 78' lang='grc' dir='ltr'>καὶ</span> <span class='ocrx_word' id='word_1_121' title='bbox 1542 276 1676 304; x_wconf 84' lang='grc' dir='ltr'>κινεῖσθαι</span> <span class='ocrx_word' id='word_1_122' title='bbox 1704 277 1850 309; x_wconf 76' lang='grc' dir='ltr'><strong>παντελῶς</strong></span> <span class='ocrx_word' id='word_1_123' title='bbox 1871 279 1898 305; x_wconf 72' lang='lat'><strong>0&#39;3</strong></span> 
     </span>
    </p>
   </div>
   <div class='ocr_carea' id='block_1_21' title="bbox 1106 319 1899 358">
    <p class='ocr_par' dir='ltr' id='par_1_21' title="bbox 1106 319 1899 358">
     <span class='ocr_line' id='line_1_21' title="bbox 1106 319 1899 358; baseline 0 -9"><span class='ocrx_word' id='word_1_124' title='bbox 1106 322 1263 358; x_wconf 84' lang='grc' dir='ltr'>δυνάμενον.</span> <span class='ocrx_word' id='word_1_125' title='bbox 1277 321 1382 353; x_wconf 76' lang='grc' dir='ltr'>Συνιεὶς</span> <span class='ocrx_word' id='word_1_126' title='bbox 1393 321 1421 348; x_wconf 81' lang='grc' dir='ltr'>δὲ</span> <span class='ocrx_word' id='word_1_127' title='bbox 1437 321 1475 353; x_wconf 77' lang='grc' dir='ltr'>ὡς</span> <span class='ocrx_word' id='word_1_128' title='bbox 1485 322 1581 357; x_wconf 76' lang='grc' dir='ltr'>νεκρὸς</span> <span class='ocrx_word' id='word_1_129' title='bbox 1593 322 1649 358; x_wconf 72' lang='grc' dir='ltr'>εἴη,</span> <span class='ocrx_word' id='word_1_130' title='bbox 1665 321 1747 357; x_wconf 75' lang='grc' dir='ltr'>ἔργον</span> <span class='ocrx_word' id='word_1_131' title='bbox 1764 319 1899 349; x_wconf 69' lang='grc' dir='ltr'>ὗπέλαϐιν</span> 
     </span>
    </p>
   </div>
   <div class='ocr_carea' id='block_1_22' title="bbox 1107 366 1900 404">
    <p class='ocr_par' dir='ltr' id='par_1_22' title="bbox 1107 366 1900 404">
     <span class='ocr_line' id='line_1_22' title="bbox 1107 366 1900 404; baseline -0.001 -9"><span class='ocrx_word' id='word_1_132' title='bbox 1107 366 1178 396; x_wconf 78' lang='grc' dir='ltr'>εἶναι</span> <span class='ocrx_word' id='word_1_133' title='bbox 1193 368 1239 396; x_wconf 85' lang='grc' dir='ltr'>τοῦ</span> <span class='ocrx_word' id='word_1_134' title='bbox 1257 367 1412 404; x_wconf 77' lang='grc' dir='ltr'>πρεσῦύτου</span> <span class='ocrx_word' id='word_1_135' title='bbox 1427 367 1474 394; x_wconf 85' lang='grc' dir='ltr'>τοῦ</span> <span class='ocrx_word' id='word_1_136' title='bbox 1487 367 1584 403; x_wconf 85' lang='grc' dir='ltr'>θηρίου</span> <span class='ocrx_word' id='word_1_137' title='bbox 1599 368 1645 395; x_wconf 73' lang='grc' dir='ltr'><strong>τὸν</strong></span> <span class='ocrx_word' id='word_1_138' title='bbox 1660 368 1789 396; x_wconf 82' lang='grc' dir='ltr'>θάνατον.</span> <span class='ocrx_word' id='word_1_139' title='bbox 1805 368 1863 404; x_wconf 76' lang='grc' dir='ltr'>Τὴν</span> <span class='ocrx_word' id='word_1_140' title='bbox 1875 369 1900 395; x_wconf 65' lang='grc' dir='ltr'>δὲ</span> 
     </span>
    </p>
   </div>
   <div class='ocr_carea' id='block_1_23' title="bbox 1107 414 1900 450">
    <p class='ocr_par' dir='ltr' id='par_1_23' title="bbox 1107 414 1900 450">
     <span class='ocr_line' id='line_1_23' title="bbox 1107 414 1900 450; baseline -0.001 -8"><span class='ocrx_word' id='word_1_141' title='bbox 1107 415 1165 442; x_wconf 80' lang='grc' dir='ltr'>ὁδὸν</span> <span class='ocrx_word' id='word_1_142' title='bbox 1183 415 1324 447; x_wconf 74' lang='grc' dir='ltr'>ἐξανύσας,</span> <span class='ocrx_word' id='word_1_143' title='bbox 1346 414 1395 441; x_wconf 70' lang='grc' dir='ltr'>καὶ</span> <span class='ocrx_word' id='word_1_144' title='bbox 1421 414 1470 450; x_wconf 80' lang='grc' dir='ltr'>τῆς</span> <span class='ocrx_word' id='word_1_145' title='bbox 1494 414 1628 449; x_wconf 82' lang='grc' dir='ltr'>ὑμνῳδίας</span> <span class='ocrx_word' id='word_1_146' title='bbox 1653 415 1703 450; x_wconf 83' lang='grc' dir='ltr'>τὴν</span> <span class='ocrx_word' id='word_1_147' title='bbox 1728 415 1900 449; x_wconf 78' lang='grc' dir='ltr'>λειτουργίαν</span> 
     </span>
    </p>
   </div>
   <div class='ocr_carea' id='block_1_24' title="bbox 1107 457 1902 497">
    <p class='ocr_par' dir='ltr' id='par_1_24' title="bbox 1107 457 1902 497">
     <span class='ocr_line' id='line_1_24' title="bbox 1107 457 1902 497; baseline -0.001 -10"><span class='ocrx_word' id='word_1_148' title='bbox 1107 460 1309 497; x_wconf 78' lang='grc' dir='ltr'><strong>πεπληρωκὼς,</strong></span> <span class='ocrx_word' id='word_1_149' title='bbox 1320 461 1358 492; x_wconf 80' lang='grc' dir='ltr'>ὡς</span> <span class='ocrx_word' id='word_1_150' title='bbox 1375 461 1389 487; x_wconf 99' lang='lat'><strong>6</strong></span> <span class='ocrx_word' id='word_1_151' title='bbox 1403 460 1452 495; x_wconf 82' lang='grc' dir='ltr'>τῆς</span> <span class='ocrx_word' id='word_1_152' title='bbox 1471 460 1630 495; x_wconf 80' lang='grc' dir='ltr'>ἀναπαύλης</span> <span class='ocrx_word' id='word_1_153' title='bbox 1646 457 1698 496; x_wconf 79' lang='grc' dir='ltr'>ἧκε</span> <span class='ocrx_word' id='word_1_154' title='bbox 1713 461 1821 496; x_wconf 67' lang='grc' dir='ltr'>καιρὸς,</span> <span class='ocrx_word' id='word_1_155' title='bbox 1837 460 1902 487; x_wconf 74' lang='grc' dir='ltr'>καθα</span> 
     </span>
    </p>
   </div>
   <div class='ocr_carea' id='block_1_25' title="bbox 1109 506 1899 542">
    <p class='ocr_par' dir='ltr' id='par_1_25' title="bbox 1109 506 1899 542">
     <span class='ocr_line' id='line_1_25' title="bbox 1109 506 1899 542; baseline -0.001 -8"><span class='ocrx_word' id='word_1_156' title='bbox 1109 507 1170 540; x_wconf 87' lang='grc' dir='ltr'>ίσας</span> <span class='ocrx_word' id='word_1_157' title='bbox 1190 508 1204 534; x_wconf 91' lang='lat'><strong>6</strong></span> <span class='ocrx_word' id='word_1_158' title='bbox 1226 506 1394 542; x_wconf 79' lang='grc' dir='ltr'>πρεσϐύτης,</span> <span class='ocrx_word' id='word_1_159' title='bbox 1412 506 1460 533; x_wconf 66' lang='grc' dir='ltr'>καὶ</span> <span class='ocrx_word' id='word_1_160' title='bbox 1475 506 1549 541; x_wconf 82' lang='grc' dir='ltr'>αὐτῷ</span> <span class='ocrx_word' id='word_1_161' title='bbox 1564 508 1595 532; x_wconf 81' lang='grc' dir='ltr'><strong>τδ</strong></span> <span class='ocrx_word' id='word_1_162' title='bbox 1609 507 1689 540; x_wconf 81' lang='grc' dir='ltr'>σῶμα</span> <span class='ocrx_word' id='word_1_163' title='bbox 1703 506 1899 542; x_wconf 80' lang='grc' dir='ltr'>προσαναπαῦ-</span> 
     </span>
    </p>
   </div>
   <div class='ocr_carea' id='block_1_26' title="bbox 1108 552 1901 589">
    <p class='ocr_par' dir='ltr' id='par_1_26' title="bbox 1108 552 1901 589">
     <span class='ocr_line' id='line_1_26' title="bbox 1108 552 1901 589; baseline -0.003 -9"><span class='ocrx_word' id='word_1_164' title='bbox 1108 562 1154 580; x_wconf 89' lang='grc' dir='ltr'><strong>σαι</strong></span> <span class='ocrx_word' id='word_1_165' title='bbox 1184 553 1281 589; x_wconf 73' lang='grc' dir='ltr'>μικρὸν</span> <span class='ocrx_word' id='word_1_166' title='bbox 1310 552 1502 588; x_wconf 81' lang='grc' dir='ltr'><strong>παρηγγύησε,</strong></span> <span class='ocrx_word' id='word_1_167' title='bbox 1520 552 1552 578; x_wconf 83' lang='grc' dir='ltr'><strong>τδ</strong></span> <span class='ocrx_word' id='word_1_168' title='bbox 1574 552 1623 588; x_wconf 72' lang='grc' dir='ltr'>μὲν</span> <span class='ocrx_word' id='word_1_169' title='bbox 1647 552 1758 588; x_wconf 80' lang='grc' dir='ltr'>πρῶτον</span> <span class='ocrx_word' id='word_1_170' title='bbox 1782 553 1901 587; x_wconf 81' lang='grc' dir='ltr'>καθῆστο</span> 
     </span>
    </p>
   </div>
   <div class='ocr_carea' id='block_1_27' title="bbox 1108 599 1900 636">
    <p class='ocr_par' dir='ltr' id='par_1_27' title="bbox 1108 599 1900 636">
     <span class='ocr_line' id='line_1_27' title="bbox 1108 599 1900 636; baseline -0.001 -9"><span class='ocrx_word' id='word_1_171' title='bbox 1108 600 1203 636; x_wconf 83' lang='grc' dir='ltr'><strong>σιγῶν.</strong></span> <span class='ocrx_word' id='word_1_172' title='bbox 1227 599 1337 636; x_wconf 77' lang='grc' dir='ltr'><strong>Ἐπειδὴ</strong></span> <span class='ocrx_word' id='word_1_173' title='bbox 1347 600 1375 626; x_wconf 77' lang='grc' dir='ltr'>δὲ</span> <span class='ocrx_word' id='word_1_174' title='bbox 1391 600 1406 626; x_wconf 88' lang='lat'><strong>6</strong></span> <span class='ocrx_word' id='word_1_175' title='bbox 1431 599 1590 635; x_wconf 78' lang='grc' dir='ltr'>πρεσϐύτης</span> <span class='ocrx_word' id='word_1_176' title='bbox 1601 599 1674 631; x_wconf 81' lang='grc' dir='ltr'>τινὸς</span> <span class='ocrx_word' id='word_1_177' title='bbox 1691 600 1783 636; x_wconf 76' lang='grc' dir='ltr'>ἥψατο</span> <span class='ocrx_word' id='word_1_178' title='bbox 1813 599 1900 626; x_wconf 85' lang='grc' dir='ltr'>διαλέ-</span> 
     </span>
    </p>
   </div>
   <div class='ocr_carea' id='block_1_28' title="bbox 1109 645 1899 681">
    <p class='ocr_par' dir='ltr' id='par_1_28' title="bbox 1109 645 1899 681">
     <span class='ocr_line' id='line_1_28' title="bbox 1109 645 1899 681; baseline -0.003 -8"><span class='ocrx_word' id='word_1_179' title='bbox 1109 645 1188 680; x_wconf 81' lang='grc' dir='ltr'>ξεως,</span> <span class='ocrx_word' id='word_1_180' title='bbox 1209 646 1280 681; x_wconf 86' lang='grc' dir='ltr'>μετά</span> <span class='ocrx_word' id='word_1_181' title='bbox 1296 654 1368 677; x_wconf 88' lang='grc' dir='ltr'>τινος</span> <span class='ocrx_word' id='word_1_182' title='bbox 1382 645 1561 681; x_wconf 77' lang='grc' dir='ltr'><strong>μειδιάματος</strong></span> <span class='ocrx_word' id='word_1_183' title='bbox 1576 646 1715 672; x_wconf 70' lang='grc' dir='ltr'>ἱκέτευσεν</span> <span class='ocrx_word' id='word_1_184' title='bbox 1739 646 1754 672; x_wconf 86' lang='grc' dir='ltr'><strong>ὀ</strong></span> <span class='ocrx_word' id='word_1_185' title='bbox 1774 645 1899 678; x_wconf 72' lang='grc' dir='ltr'>Ἰάκωϐος</span> 
     </span>
    </p>
   </div>
   <div class='ocr_carea' id='block_1_29' title="bbox 1108 690 1900 727">
    <p class='ocr_par' dir='ltr' id='par_1_29' title="bbox 1108 690 1900 727">
     <span class='ocr_line' id='line_1_29' title="bbox 1108 690 1900 727; baseline -0.003 -8"><span class='ocrx_word' id='word_1_186' title='bbox 1108 692 1187 727; x_wconf 83' lang='grc' dir='ltr'>δῆλον</span> <span class='ocrx_word' id='word_1_187' title='bbox 1204 691 1279 726; x_wconf 79' lang='grc' dir='ltr'>αὐτῷ</span> <span class='ocrx_word' id='word_1_188' title='bbox 1292 691 1404 727; x_wconf 84' lang='grc' dir='ltr'>ποιῆσαι</span> <span class='ocrx_word' id='word_1_189' title='bbox 1416 691 1447 718; x_wconf 74' lang='grc' dir='ltr'>τὸ</span> <span class='ocrx_word' id='word_1_190' title='bbox 1462 691 1653 726; x_wconf 85' lang='grc' dir='ltr'>ἀγνοούμενον.</span> <span class='ocrx_word' id='word_1_191' title='bbox 1673 691 1728 718; x_wconf 80' lang='grc' dir='ltr'><strong>Τοῦ</strong></span> <span class='ocrx_word' id='word_1_192' title='bbox 1741 690 1772 717; x_wconf 79' lang='grc' dir='ltr'>δὲ</span> <span class='ocrx_word' id='word_1_193' title='bbox 1791 691 1900 726; x_wconf 72' lang='grc' dir='ltr'>ἔρεσθαι</span> 
     </span>
    </p>
   </div>
   <div class='ocr_carea' id='block_1_30' title="bbox 1108 735 1901 773">
    <p class='ocr_par' dir='ltr' id='par_1_30' title="bbox 1108 735 1901 773">
     <span class='ocr_line' id='line_1_30' title="bbox 1108 735 1901 773; baseline -0.001 -9"><span class='ocrx_word' id='word_1_194' title='bbox 1108 737 1315 772; x_wconf 66' lang='grc' dir='ltr'>ἔπιτρέψαντος·</span> <span class='ocrx_word' id='word_1_195' title='bbox 1328 746 1338 763; x_wconf 75' lang='grc' dir='ltr'><strong>ι</strong></span> <span class='ocrx_word' id='word_1_196' title='bbox 1357 735 1444 770; x_wconf 80' lang='grc' dir='ltr'>Εἶδον,</span> <span class='ocrx_word' id='word_1_197' title='bbox 1465 737 1530 772; x_wconf 76' lang='grc' dir='ltr'>ἐφη,</span> <span class='ocrx_word' id='word_1_198' title='bbox 1542 737 1613 764; x_wconf 83' lang='grc' dir='ltr'>κατὰ</span> <span class='ocrx_word' id='word_1_199' title='bbox 1624 737 1673 773; x_wconf 81' lang='grc' dir='ltr'>τὴν</span> <span class='ocrx_word' id='word_1_200' title='bbox 1689 736 1749 763; x_wconf 73' lang='grc' dir='ltr'>ἁδὺν</span> <span class='ocrx_word' id='word_1_201' title='bbox 1765 737 1901 772; x_wconf 78' lang='grc' dir='ltr'>δράκοντα</span> 
     </span>
    </p>
   </div>
   <div class='ocr_carea' id='block_1_31' title="bbox 1110 782 1901 819">
    <p class='ocr_par' dir='ltr' id='par_1_31' title="bbox 1110 782 1901 819">
     <span class='ocr_line' id='line_1_31' title="bbox 1110 782 1901 819; baseline -0.001 -10"><span class='ocrx_word' id='word_1_202' title='bbox 1110 783 1239 818; x_wconf 83' lang='grc' dir='ltr'>μέγιστον</span> <span class='ocrx_word' id='word_1_203' title='bbox 1262 783 1438 818; x_wconf 74' lang='grc' dir='ltr'>ἐρριμμένον,</span> <span class='ocrx_word' id='word_1_204' title='bbox 1467 783 1514 810; x_wconf 84' lang='grc' dir='ltr'>καὶ</span> <span class='ocrx_word' id='word_1_205' title='bbox 1530 783 1560 809; x_wconf 82' lang='grc' dir='ltr'><strong>τδ</strong></span> <span class='ocrx_word' id='word_1_206' title='bbox 1586 783 1635 818; x_wconf 82' lang='grc' dir='ltr'>μὲν</span> <span class='ocrx_word' id='word_1_207' title='bbox 1652 783 1762 819; x_wconf 82' lang='grc' dir='ltr'>πρῶτον</span> <span class='ocrx_word' id='word_1_208' title='bbox 1791 782 1901 809; x_wconf 70' lang='grc' dir='ltr'>ἐδεδίειν</span> 
     </span>
    </p>
   </div>
   <div class='ocr_carea' id='block_1_32' title="bbox 1108 828 1900 865">
    <p class='ocr_par' dir='ltr' id='par_1_32' title="bbox 1108 828 1900 865">
     <span class='ocr_line' id='line_1_32' title="bbox 1108 828 1900 865; baseline 0.001 -10"><span class='ocrx_word' id='word_1_209' title='bbox 1108 829 1158 864; x_wconf 86' lang='grc' dir='ltr'><strong>ζῇν</strong></span> <span class='ocrx_word' id='word_1_210' title='bbox 1177 828 1272 856; x_wconf 76' lang='grc' dir='ltr'>τοῦτον</span> <span class='ocrx_word' id='word_1_211' title='bbox 1285 829 1496 865; x_wconf 77' lang='grc' dir='ltr'>ὑπολαμϐάνων·</span> <span class='ocrx_word' id='word_1_212' title='bbox 1515 829 1608 864; x_wconf 76' lang='grc' dir='ltr'>ἐπειδὴ</span> <span class='ocrx_word' id='word_1_213' title='bbox 1625 829 1655 856; x_wconf 77' lang='grc' dir='ltr'>δὲ</span> <span class='ocrx_word' id='word_1_214' title='bbox 1668 829 1808 856; x_wconf 79' lang='grc' dir='ltr'>τεθνεῶτα</span> <span class='ocrx_word' id='word_1_215' title='bbox 1822 829 1900 856; x_wconf 82' lang='grc' dir='ltr'>ὲθεα-</span> 
     </span>
    </p>
   </div>
   <div class='ocr_carea' id='block_1_33' title="bbox 1110 873 1900 910">
    <p class='ocr_par' dir='ltr' id='par_1_33' title="bbox 1110 873 1900 910">
     <span class='ocr_line' id='line_1_33' title="bbox 1110 873 1900 910; baseline -0.003 -8"><span class='ocrx_word' id='word_1_216' title='bbox 1110 875 1210 910; x_wconf 85' lang='grc' dir='ltr'>σάμην,</span> <span class='ocrx_word' id='word_1_217' title='bbox 1224 873 1365 910; x_wconf 71' lang='grc' dir='ltr'>θαρρήσας</span> <span class='ocrx_word' id='word_1_218' title='bbox 1375 875 1426 909; x_wconf 82' lang='grc' dir='ltr'>τὴν</span> <span class='ocrx_word' id='word_1_219' title='bbox 1441 874 1554 910; x_wconf 80' lang='grc' dir='ltr'>πορείαν</span> <span class='ocrx_word' id='word_1_220' title='bbox 1569 875 1743 910; x_wconf 69' lang='grc' dir='ltr'><strong>ἐποιησάμην</strong></span> <span class='ocrx_word' id='word_1_221' title='bbox 1754 882 1760 888; x_wconf 87' lang='grc'><strong>¹</strong></span> <span class='ocrx_word' id='word_1_222' title='bbox 1777 874 1839 901; x_wconf 77' lang='grc' dir='ltr'>είπέ</span> <span class='ocrx_word' id='word_1_223' title='bbox 1858 883 1900 910; x_wconf 81' lang='grc' dir='ltr'><strong>μοι</strong></span> 
     </span>
    </p>
   </div>
   <div class='ocr_carea' id='block_1_34' title="bbox 265 912 1054 955">
    <p class='ocr_par' dir='ltr' id='par_1_34' title="bbox 265 915 1054 951">
     <span class='ocr_line' id='line_1_34' title="bbox 265 915 1054 951; baseline 0 -9"><span class='ocrx_word' id='word_1_224' title='bbox 265 915 339 942; x_wconf 83' lang='lat' dir='ltr'><strong>hunc</strong></span> <span class='ocrx_word' id='word_1_225' title='bbox 355 915 493 943; x_wconf 79' lang='lat' dir='ltr'><strong>interfecit</strong></span> <span class='ocrx_word' id='word_1_226' title='bbox 505 915 516 942; x_wconf 76' lang='lat'><em>‘2</em></span> <span class='ocrx_word' id='word_1_227' title='bbox 529 919 558 941; x_wconf 92' lang='lat' dir='ltr'><strong>tu</strong></span> <span class='ocrx_word' id='word_1_228' title='bbox 571 915 644 943; x_wconf 90' lang='lat' dir='ltr'><strong>enim</strong></span> <span class='ocrx_word' id='word_1_229' title='bbox 657 915 841 951; x_wconf 80' lang='lat' dir='ltr'><strong>praecedebas,</strong></span> <span class='ocrx_word' id='word_1_230' title='bbox 857 915 950 943; x_wconf 89' lang='lat' dir='ltr'><strong>nullus</strong></span> <span class='ocrx_word' id='word_1_231' title='bbox 965 920 1054 943; x_wconf 87' lang='lat' dir='ltr'><strong>autem</strong></span> 
     </span>
    </p>
   </div>
   <div class='ocr_carea' id='block_1_35' title="bbox 1106 912 1900 955">
    <p class='ocr_par' dir='ltr' id='par_1_35' title="bbox 1109 915 1900 955">
     <span class='ocr_line' id='line_1_35' title="bbox 1109 915 1900 955; baseline -0.003 -7"><span class='ocrx_word' id='word_1_232' title='bbox 1109 921 1209 952; x_wconf 82' lang='grc' dir='ltr'>τοίνυν,</span> <span class='ocrx_word' id='word_1_233' title='bbox 1222 915 1245 946; x_wconf 80' lang='grc' dir='ltr'>ὦ</span> <span class='ocrx_word' id='word_1_234' title='bbox 1260 920 1363 955; x_wconf 85' lang='grc' dir='ltr'>Πάτερ,</span> <span class='ocrx_word' id='word_1_235' title='bbox 1375 919 1416 951; x_wconf 90' lang='grc' dir='ltr'><strong>τίς</strong></span> <span class='ocrx_word' id='word_1_236' title='bbox 1428 919 1522 946; x_wconf 83' lang='grc' dir='ltr'>τοῦτον</span> <span class='ocrx_word' id='word_1_237' title='bbox 1535 920 1680 947; x_wconf 78' lang='grc' dir='ltr'>ἀπέκτεινε</span> <span class='ocrx_word' id='word_1_238' title='bbox 1692 928 1699 951; x_wconf 90' lang='lat'><strong>;</strong></span> <span class='ocrx_word' id='word_1_239' title='bbox 1717 920 1750 946; x_wconf 84' lang='grc' dir='ltr'>σὺ</span> <span class='ocrx_word' id='word_1_240' title='bbox 1764 920 1820 955; x_wconf 72' lang='grc' dir='ltr'>γὰρ</span> <span class='ocrx_word' id='word_1_241' title='bbox 1833 919 1900 954; x_wconf 83' lang='grc' dir='ltr'><strong>ήγοῦ</strong></span> 
     </span>
    </p>
   </div>
   <div class='ocr_carea' id='block_1_36' title="bbox 265 961 1054 997">
    <p class='ocr_par' dir='ltr' id='par_1_36' title="bbox 265 961 1054 997">
     <span class='ocr_line' id='line_1_36' title="bbox 265 961 1054 997; baseline 0.001 -9"><span class='ocrx_word' id='word_1_242' title='bbox 265 962 336 989; x_wconf 86' lang='lat' dir='ltr'><strong>alius</strong></span> <span class='ocrx_word' id='word_1_243' title='bbox 351 961 403 989; x_wconf 86' lang='lat' dir='ltr'><strong>hac</strong></span> <span class='ocrx_word' id='word_1_244' title='bbox 427 961 569 997; x_wconf 64' lang='lat' dir='ltr'><strong>praeteriit.</strong></span> <span class='ocrx_word' id='word_1_245' title='bbox 590 970 599 987; x_wconf 77' lang='grc' dir='ltr'><strong>ι</strong></span> <span class='ocrx_word' id='word_1_246' title='bbox 619 961 689 989; x_wconf 91' lang='lat' dir='ltr'><strong>Tum</strong></span> <span class='ocrx_word' id='word_1_247' title='bbox 706 970 802 994; x_wconf 83' lang='lat' dir='ltr'><strong>senex,</strong></span> <span class='ocrx_word' id='word_1_248' title='bbox 821 971 830 988; x_wconf 83' lang='grc' dir='ltr'><strong>ι</strong></span> <span class='ocrx_word' id='word_1_249' title='bbox 846 962 942 995; x_wconf 89' lang='lat' dir='ltr'><strong>Cessa,</strong></span> <span class='ocrx_word' id='word_1_250' title='bbox 954 962 1054 997; x_wconf 88' lang='lat' dir='ltr'><strong>inquit,</strong></span> 
     </span>
    </p>
   </div>
   <div class='ocr_carea' id='block_1_37' title="bbox 264 1007 1055 1042">
    <p class='ocr_par' dir='ltr' id='par_1_37' title="bbox 264 1007 1055 1042">
     <span class='ocr_line' id='line_1_37' title="bbox 264 1007 1055 1042; baseline 0 -8"><span class='ocrx_word' id='word_1_251' title='bbox 264 1007 330 1034; x_wconf 84' lang='lat' dir='ltr'><strong>talia</strong></span> <span class='ocrx_word' id='word_1_252' title='bbox 355 1007 548 1042; x_wconf 85' lang='lat' dir='ltr'><strong>perscrutari,</strong></span> <span class='ocrx_word' id='word_1_253' title='bbox 579 1015 640 1042; x_wconf 74' lang='lat' dir='ltr'><strong>qua:</strong></span> <span class='ocrx_word' id='word_1_254' title='bbox 676 1007 881 1035; x_wconf 84' lang='lat' dir='ltr'><strong>sciscitantibus</strong></span> <span class='ocrx_word' id='word_1_255' title='bbox 909 1008 1055 1035; x_wconf 89' lang='lat' dir='ltr'><strong>utilitatem</strong></span> 
     </span>
    </p>
   </div>
   <div class='ocr_carea' id='block_1_38' title="bbox 264 1053 1055 1088">
    <p class='ocr_par' dir='ltr' id='par_1_38' title="bbox 264 1053 1055 1088">
     <span class='ocr_line' id='line_1_38' title="bbox 264 1053 1055 1088; baseline 0.001 -7"><span class='ocrx_word' id='word_1_256' title='bbox 264 1053 363 1081; x_wconf 70' lang='lat' dir='ltr'><strong>alferre</strong></span> <span class='ocrx_word' id='word_1_257' title='bbox 380 1054 483 1081; x_wconf 83' lang='lat' dir='ltr'><strong>nullam</strong></span> <span class='ocrx_word' id='word_1_258' title='bbox 498 1058 621 1088; x_wconf 88' lang='lat' dir='ltr'><strong>possunt.</strong></span> <span class='ocrx_word' id='word_1_259' title='bbox 643 1063 651 1080; x_wconf 77' lang='grc' dir='ltr'><strong>ι</strong></span> <span class='ocrx_word' id='word_1_260' title='bbox 665 1053 718 1081; x_wconf 82' lang='lat' dir='ltr'><strong>Sed</strong></span> <span class='ocrx_word' id='word_1_261' title='bbox 730 1054 948 1082; x_wconf 83' lang='lat' dir='ltr'><strong>inslabatnihilo</strong></span> <span class='ocrx_word' id='word_1_262' title='bbox 962 1054 1055 1082; x_wconf 88' lang='lat' dir='ltr'><strong>secius</strong></span> 
     </span>
    </p>
   </div>
   <div class='ocr_carea' id='block_1_39' title="bbox 264 1100 1055 1132">
    <p class='ocr_par' dir='ltr' id='par_1_39' title="bbox 264 1100 1055 1132">
     <span class='ocr_line' id='line_1_39' title="bbox 264 1100 1055 1132; baseline -0.001 -3"><span class='ocrx_word' id='word_1_263' title='bbox 264 1101 444 1129; x_wconf 82' lang='lat' dir='ltr'><strong>admirandus</strong></span> <span class='ocrx_word' id='word_1_264' title='bbox 463 1100 596 1132; x_wconf 83' lang='lat' dir='ltr'><strong>Jacobus,</strong></span> <span class='ocrx_word' id='word_1_265' title='bbox 617 1108 711 1129; x_wconf 89' lang='lat' dir='ltr'><strong>verum</strong></span> <span class='ocrx_word' id='word_1_266' title='bbox 736 1101 808 1128; x_wconf 88' lang='lat' dir='ltr'><strong>scire</strong></span> <span class='ocrx_word' id='word_1_267' title='bbox 833 1100 1004 1128; x_wconf 82' lang='lat' dir='ltr'><strong>desiderans.</strong></span> <span class='ocrx_word' id='word_1_268' title='bbox 1023 1100 1055 1128; x_wconf 77' lang='lat' dir='ltr'><strong>Et</strong></span> 
     </span>
    </p>
   </div>
   <div class='ocr_carea' id='block_1_40' title="bbox 264 1147 1054 1182">
    <p class='ocr_par' dir='ltr' id='par_1_40' title="bbox 264 1147 1054 1182">
     <span class='ocr_line' id='line_1_40' title="bbox 264 1147 1054 1182; baseline -0.003 -6"><span class='ocrx_word' id='word_1_269' title='bbox 264 1155 350 1176; x_wconf 81' lang='lat' dir='ltr'><strong>senex</strong></span> <span class='ocrx_word' id='word_1_270' title='bbox 366 1147 413 1175; x_wconf 86' lang='lat' dir='ltr'><strong>diu</strong></span> <span class='ocrx_word' id='word_1_271' title='bbox 428 1147 541 1182; x_wconf 83' lang='lat' dir='ltr'><strong>quidem</strong></span> <span class='ocrx_word' id='word_1_272' title='bbox 557 1147 650 1175; x_wconf 87' lang='lat' dir='ltr'><strong>celare</strong></span> <span class='ocrx_word' id='word_1_273' title='bbox 667 1151 783 1175; x_wconf 85' lang='lat' dir='ltr'><strong>conatus</strong></span> <span class='ocrx_word' id='word_1_274' title='bbox 796 1167 803 1180; x_wconf 86' lang='lat'><strong><em>.</em></strong></span> <span class='ocrx_word' id='word_1_275' title='bbox 838 1147 942 1175; x_wconf 87' lang='lat' dir='ltr'><strong>diutius</strong></span> <span class='ocrx_word' id='word_1_276' title='bbox 963 1150 1054 1175; x_wconf 89' lang='lat' dir='ltr'><strong>autem</strong></span> 
     </span>
    </p>
   </div>
   <div class='ocr_carea' id='block_1_41' title="bbox 264 1192 1056 1228">
    <p class='ocr_par' dir='ltr' id='par_1_41' title="bbox 264 1192 1056 1228">
     <span class='ocr_line' id='line_1_41' title="bbox 264 1192 1056 1228; baseline 0.001 -8"><span class='ocrx_word' id='word_1_277' title='bbox 264 1193 383 1220; x_wconf 77' lang='lat' dir='ltr'><strong>amicum</strong></span> <span class='ocrx_word' id='word_1_278' title='bbox 395 1193 457 1228; x_wconf 78' lang='lat' dir='ltr'><strong>angi</strong></span> <span class='ocrx_word' id='word_1_279' title='bbox 473 1200 528 1220; x_wconf 90' lang='lat' dir='ltr'><strong>non</strong></span> <span class='ocrx_word' id='word_1_280' title='bbox 545 1192 652 1221; x_wconf 81' lang='lat' dir='ltr'><strong>ferens:</strong></span> <span class='ocrx_word' id='word_1_281' title='bbox 672 1202 681 1219; x_wconf 81' lang='grc' dir='ltr'><strong>ι</strong></span> <span class='ocrx_word' id='word_1_282' title='bbox 704 1192 773 1228; x_wconf 80' lang='lat' dir='ltr'><strong>Ego,</strong></span> <span class='ocrx_word' id='word_1_283' title='bbox 799 1193 900 1228; x_wconf 86' lang='lat' dir='ltr'><strong>inquit,</strong></span> <span class='ocrx_word' id='word_1_284' title='bbox 930 1194 954 1221; x_wconf 90' lang='lat' dir='ltr'><strong>si</strong></span> <span class='ocrx_word' id='word_1_285' title='bbox 983 1194 1056 1222; x_wconf 89' lang='lat' dir='ltr'><strong>scire</strong></span> 
     </span>
    </p>
   </div>
   <div class='ocr_carea' id='block_1_42' title="bbox 264 1239 1055 1275">
    <p class='ocr_par' dir='ltr' id='par_1_42' title="bbox 264 1239 1055 1275">
     <span class='ocr_line' id='line_1_42' title="bbox 264 1239 1055 1275; baseline 0.001 -10"><span class='ocrx_word' id='word_1_286' title='bbox 264 1247 341 1272; x_wconf 87' lang='lat' dir='ltr'><strong>aves,</strong></span> <span class='ocrx_word' id='word_1_287' title='bbox 356 1239 406 1266; x_wconf 85' lang='lat' dir='ltr'><strong>tibi</strong></span> <span class='ocrx_word' id='word_1_288' title='bbox 421 1239 528 1266; x_wconf 87' lang='lat' dir='ltr'><strong>dicam:</strong></span> <span class='ocrx_word' id='word_1_289' title='bbox 548 1239 598 1266; x_wconf 88' lang='lat' dir='ltr'><strong>sed</strong></span> <span class='ocrx_word' id='word_1_290' title='bbox 618 1243 680 1267; x_wconf 88' lang='lat' dir='ltr'><strong>veto</strong></span> <span class='ocrx_word' id='word_1_291' title='bbox 696 1247 731 1267; x_wconf 91' lang='lat' dir='ltr'><strong>ne</strong></span> <span class='ocrx_word' id='word_1_292' title='bbox 758 1239 832 1275; x_wconf 84' lang='lat' dir='ltr'><strong>quod</strong></span> <span class='ocrx_word' id='word_1_293' title='bbox 858 1239 948 1267; x_wconf 81' lang='lat' dir='ltr'><strong>dicam</strong></span> <span class='ocrx_word' id='word_1_294' title='bbox 969 1247 1003 1267; x_wconf 90' lang='lat' dir='ltr'><strong>ex</strong></span> <span class='ocrx_word' id='word_1_295' title='bbox 1029 1244 1055 1267; x_wconf 90' lang='lat' dir='ltr'><strong>te</strong></span> 
     </span>
    </p>
   </div>
   <div class='ocr_carea' id='block_1_43' title="bbox 265 1290 1056 1326">
    <p class='ocr_par' dir='ltr' id='par_1_43' title="bbox 265 1290 1056 1326">
     <span class='ocr_line' id='line_1_43' title="bbox 265 1290 1056 1326; baseline 0.003 -9"><span class='ocrx_word' id='word_1_296' title='bbox 265 1291 337 1318; x_wconf 78' lang='lat' dir='ltr'><strong>alius</strong></span> <span class='ocrx_word' id='word_1_297' title='bbox 356 1297 400 1317; x_wconf 91' lang='lat' dir='ltr'><strong>me</strong></span> <span class='ocrx_word' id='word_1_298' title='bbox 416 1290 478 1317; x_wconf 90' lang='lat' dir='ltr'><strong>vivo</strong></span> <span class='ocrx_word' id='word_1_299' title='bbox 499 1290 646 1325; x_wconf 83' lang='lat' dir='ltr'><strong>quisquam</strong></span> <span class='ocrx_word' id='word_1_300' title='bbox 675 1290 797 1318; x_wconf 81' lang='lat' dir='ltr'><strong>resciat:</strong></span> <span class='ocrx_word' id='word_1_301' title='bbox 816 1290 907 1318; x_wconf 87' lang='lat' dir='ltr'><strong>celare</strong></span> <span class='ocrx_word' id='word_1_302' title='bbox 935 1298 1056 1326; x_wconf 77' lang='lat' dir='ltr'><strong>namque</strong></span> 
     </span>
    </p>
   </div>
   <div class='ocr_carea' id='block_1_44' title="bbox 264 1336 1054 1372">
    <p class='ocr_par' dir='ltr' id='par_1_44' title="bbox 264 1336 1054 1372">
     <span class='ocr_line' id='line_1_44' title="bbox 264 1336 1054 1372; baseline 0.004 -10"><span class='ocrx_word' id='word_1_303' title='bbox 264 1336 331 1362; x_wconf 82' lang='lat' dir='ltr'><strong>talia</strong></span> <span class='ocrx_word' id='word_1_304' title='bbox 346 1337 486 1367; x_wconf 82' lang='lat' dir='ltr'><strong>convenit.</strong></span> <span class='ocrx_word' id='word_1_305' title='bbox 511 1343 572 1371; x_wconf 73' lang='lat' dir='ltr'><strong>quae</strong></span> <span class='ocrx_word' id='word_1_306' title='bbox 603 1337 787 1372; x_wconf 69' lang='lat' dir='ltr'><strong>arrogantiam</strong></span> <span class='ocrx_word' id='word_1_307' title='bbox 804 1343 875 1371; x_wconf 61' lang='lat' dir='ltr'><strong>sape</strong></span> <span class='ocrx_word' id='word_1_308' title='bbox 898 1344 930 1364; x_wconf 90' lang='lat' dir='ltr'><strong>ac</strong></span> <span class='ocrx_word' id='word_1_309' title='bbox 953 1337 1054 1365; x_wconf 82' lang='lat' dir='ltr'><strong>fastum</strong></span> 
     </span>
    </p>
   </div>
   <div class='ocr_carea' id='block_1_45' title="bbox 264 1381 1055 1417">
    <p class='ocr_par' dir='ltr' id='par_1_45' title="bbox 264 1381 1055 1417">
     <span class='ocr_line' id='line_1_45' title="bbox 264 1381 1055 1417; baseline 0.004 -10"><span class='ocrx_word' id='word_1_310' title='bbox 264 1381 388 1408; x_wconf 68' lang='lat' dir='ltr'><strong>excitant</strong></span> <span class='ocrx_word' id='word_1_311' title='bbox 402 1390 409 1408; x_wconf 86' lang='lat'><strong><em>:</em></strong></span> <span class='ocrx_word' id='word_1_312' title='bbox 422 1388 484 1408; x_wconf 90' lang='lat' dir='ltr'><strong>cum</strong></span> <span class='ocrx_word' id='word_1_313' title='bbox 493 1389 559 1408; x_wconf 87' lang='lat' dir='ltr'><strong>vero</strong></span> <span class='ocrx_word' id='word_1_314' title='bbox 575 1381 639 1408; x_wconf 90' lang='lat' dir='ltr'><strong>hinc</strong></span> <span class='ocrx_word' id='word_1_315' title='bbox 653 1389 809 1414; x_wconf 78' lang='lat' dir='ltr'><strong>excessero,</strong></span> <span class='ocrx_word' id='word_1_316' title='bbox 826 1386 855 1409; x_wconf 86' lang='lat' dir='ltr'><strong>et</strong></span> <span class='ocrx_word' id='word_1_317' title='bbox 868 1381 903 1410; x_wconf 89' lang='lat' dir='ltr'><strong>ab</strong></span> <span class='ocrx_word' id='word_1_318' title='bbox 920 1382 1055 1417; x_wconf 83' lang='lat' dir='ltr'><strong>ejusmodi</strong></span> 
     </span>
    </p>
   </div>
   <div class='ocr_carea' id='block_1_46' title="bbox 266 1427 1056 1463">
    <p class='ocr_par' dir='ltr' id='par_1_46' title="bbox 266 1427 1056 1463">
     <span class='ocr_line' id='line_1_46' title="bbox 266 1427 1056 1463; baseline 0.001 -10"><span class='ocrx_word' id='word_1_319' title='bbox 266 1427 372 1462; x_wconf 72' lang='lat'><strong>1125</strong></span> <span class='ocrx_word' id='word_1_320' title='bbox 389 1427 643 1462; x_wconf 81' lang='lat' dir='ltr'><strong>perturbationibus</strong></span> <span class='ocrx_word' id='word_1_321' title='bbox 659 1427 791 1454; x_wconf 85' lang='lat' dir='ltr'><strong>liberatus</strong></span> <span class='ocrx_word' id='word_1_322' title='bbox 803 1427 892 1460; x_wconf 80' lang='lat' dir='ltr'><strong>fuero,</strong></span> <span class='ocrx_word' id='word_1_323' title='bbox 903 1435 958 1455; x_wconf 88' lang='lat' dir='ltr'><strong>non</strong></span> <span class='ocrx_word' id='word_1_324' title='bbox 972 1435 1056 1463; x_wconf 85' lang='lat' dir='ltr'><strong>repu-</strong></span> 
     </span>
    </p>
   </div>
   <div class='ocr_carea' id='block_1_47' title="bbox 264 1465 1054 1508">
    <p class='ocr_par' dir='ltr' id='par_1_47' title="bbox 264 1465 1054 1508">
     <span class='ocr_line' id='line_1_47' title="bbox 264 1465 1054 1508; baseline 0.004 -9"><span class='ocrx_word' id='word_1_325' title='bbox 264 1480 318 1507; x_wconf 68' lang='lat' dir='ltr'><strong>gno</strong></span> <span class='ocrx_word' id='word_1_326' title='bbox 332 1473 398 1507; x_wconf 87' lang='lat' dir='ltr'><strong>quin</strong></span> <span class='ocrx_word' id='word_1_327' title='bbox 413 1472 502 1504; x_wconf 81' lang='lat' dir='ltr'><strong>dicas,</strong></span> <span class='ocrx_word' id='word_1_328' title='bbox 517 1473 670 1508; x_wconf 71' lang='lat' dir='ltr'><strong>divinreque</strong></span> <span class='ocrx_word' id='word_1_329' title='bbox 681 1475 777 1508; x_wconf 69' lang='lat' dir='ltr'><strong>gratiae</strong></span> <span class='ocrx_word' id='word_1_330' title='bbox 790 1465 918 1502; x_wconf 76' lang='lat' dir='ltr'><strong>virtutem</strong></span> <span class='ocrx_word' id='word_1_331' title='bbox 931 1481 1054 1502; x_wconf 88' lang='lat' dir='ltr'><strong>enarres.</strong></span> 
     </span>
    </p>
   </div>
   <div class='ocr_carea' id='block_1_48' title="bbox 265 1517 1055 1554">
    <p class='ocr_par' dir='ltr' id='par_1_48' title="bbox 265 1517 1055 1554">
     <span class='ocr_line' id='line_1_48' title="bbox 265 1517 1055 1554; baseline 0.003 -9"><span class='ocrx_word' id='word_1_332' title='bbox 265 1518 341 1545; x_wconf 89' lang='lat' dir='ltr'><strong>Scito</strong></span> <span class='ocrx_word' id='word_1_333' title='bbox 354 1525 429 1553; x_wconf 79' lang='lat' dir='ltr'><strong>ergo,</strong></span> <span class='ocrx_word' id='word_1_334' title='bbox 445 1519 483 1545; x_wconf 85' lang='lat' dir='ltr'><strong>ait</strong></span> <span class='ocrx_word' id='word_1_335' title='bbox 497 1526 611 1554; x_wconf 77' lang='lat' dir='ltr'><strong>magnus</strong></span> <span class='ocrx_word' id='word_1_336' title='bbox 628 1517 766 1552; x_wconf 76' lang='lat' dir='ltr'><strong>Julianus,</strong></span> <span class='ocrx_word' id='word_1_337' title='bbox 793 1520 911 1547; x_wconf 88' lang='lat' dir='ltr'><strong>belluam</strong></span> <span class='ocrx_word' id='word_1_338' title='bbox 929 1519 1004 1546; x_wconf 88' lang='lat' dir='ltr'><strong>illam</strong></span> <span class='ocrx_word' id='word_1_339' title='bbox 1026 1519 1055 1547; x_wconf 90' lang='lat' dir='ltr'><strong>in</strong></span> 
     </span>
    </p>
   </div>
   <div class='ocr_carea' id='block_1_49' title="bbox 264 1563 1052 1600">
    <p class='ocr_par' dir='ltr' id='par_1_49' title="bbox 264 1563 1052 1600">
     <span class='ocr_line' id='line_1_49' title="bbox 264 1563 1052 1600; baseline 0.003 -10"><span class='ocrx_word' id='word_1_340' title='bbox 264 1572 307 1591; x_wconf 81' lang='lat' dir='ltr'><strong>me</strong></span> <span class='ocrx_word' id='word_1_341' title='bbox 321 1563 416 1591; x_wconf 84' lang='lat' dir='ltr'><strong>eadem</strong></span> <span class='ocrx_word' id='word_1_342' title='bbox 434 1565 461 1592; x_wconf 95' lang='lat' dir='ltr'><strong>in</strong></span> <span class='ocrx_word' id='word_1_343' title='bbox 487 1565 529 1592; x_wconf 83' lang='lat' dir='ltr'><strong>via</strong></span> <span class='ocrx_word' id='word_1_344' title='bbox 557 1565 683 1597; x_wconf 81' lang='lat' dir='ltr'><strong>irruisse.</strong></span> <span class='ocrx_word' id='word_1_345' title='bbox 701 1572 788 1600; x_wconf 82' lang='lat' dir='ltr'><strong>osque</strong></span> <span class='ocrx_word' id='word_1_346' title='bbox 805 1565 838 1592; x_wconf 91' lang='lat' dir='ltr'><strong>ad</strong></span> <span class='ocrx_word' id='word_1_347' title='bbox 864 1565 1052 1593; x_wconf 84' lang='lat' dir='ltr'><strong>devorandum</strong></span> 
     </span>
    </p>
   </div>
   <div class='ocr_carea' id='block_1_50' title="bbox 263 1610 1054 1647">
    <p class='ocr_par' dir='ltr' id='par_1_50' title="bbox 263 1610 1054 1647">
     <span class='ocr_line' id='line_1_50' title="bbox 263 1610 1054 1647; baseline 0.004 -11"><span class='ocrx_word' id='word_1_348' title='bbox 263 1610 437 1646; x_wconf 75' lang='lat' dir='ltr'><strong>patefecisse.</strong></span> <span class='ocrx_word' id='word_1_349' title='bbox 453 1610 488 1637; x_wconf 78' lang='lat' dir='ltr'><strong>At</strong></span> <span class='ocrx_word' id='word_1_350' title='bbox 507 1618 558 1646; x_wconf 73' lang='lat' dir='ltr'><strong>ego</strong></span> <span class='ocrx_word' id='word_1_351' title='bbox 573 1611 619 1638; x_wconf 84' lang='lat' dir='ltr'><strong>Dei</strong></span> <span class='ocrx_word' id='word_1_352' title='bbox 637 1618 736 1639; x_wconf 90' lang='lat' dir='ltr'><strong>nomen</strong></span> <span class='ocrx_word' id='word_1_353' title='bbox 745 1612 899 1647; x_wconf 86' lang='lat' dir='ltr'><strong>appellans,</strong></span> <span class='ocrx_word' id='word_1_354' title='bbox 912 1611 1054 1647; x_wconf 76' lang='lat' dir='ltr'><strong>digitoque</strong></span> 
     </span>
    </p>
   </div>
   <div class='ocr_carea' id='block_1_51' title="bbox 262 1655 1054 1689">
    <p class='ocr_par' dir='ltr' id='par_1_51' title="bbox 262 1655 1054 1689">
     <span class='ocr_line' id='line_1_51' title="bbox 262 1655 1054 1689; baseline 0.003 -7"><span class='ocrx_word' id='word_1_355' title='bbox 262 1660 396 1689; x_wconf 68' lang='lat' dir='ltr'><strong>tropaeum</strong></span> <span class='ocrx_word' id='word_1_356' title='bbox 407 1655 497 1682; x_wconf 85' lang='lat' dir='ltr'><strong>crucis</strong></span> <span class='ocrx_word' id='word_1_357' title='bbox 510 1656 670 1688; x_wconf 85' lang='lat' dir='ltr'><strong>ostendens,</strong></span> <span class='ocrx_word' id='word_1_358' title='bbox 691 1659 718 1684; x_wconf 92' lang='lat' dir='ltr'><strong>et</strong></span> <span class='ocrx_word' id='word_1_359' title='bbox 743 1663 852 1684; x_wconf 89' lang='lat' dir='ltr'><strong>omnem</strong></span> <span class='ocrx_word' id='word_1_360' title='bbox 876 1660 979 1684; x_wconf 89' lang='lat' dir='ltr'><strong>metum</strong></span> <span class='ocrx_word' id='word_1_361' title='bbox 1006 1665 1054 1685; x_wconf 86' lang='lat' dir='ltr'><strong>ex-</strong></span> 
     </span>
    </p>
   </div>
   <div class='ocr_carea' id='block_1_52' title="bbox 262 1701 1056 1736">
    <p class='ocr_par' dir='ltr' id='par_1_52' title="bbox 262 1701 1056 1736">
     <span class='ocr_line' id='line_1_52' title="bbox 262 1701 1056 1736; baseline 0.001 -7"><span class='ocrx_word' id='word_1_362' title='bbox 262 1702 350 1734; x_wconf 85' lang='lat' dir='ltr'><strong>cussi,</strong></span> <span class='ocrx_word' id='word_1_363' title='bbox 366 1705 393 1728; x_wconf 85' lang='lat' dir='ltr'><strong>et</strong></span> <span class='ocrx_word' id='word_1_364' title='bbox 412 1701 531 1729; x_wconf 88' lang='lat' dir='ltr'><strong>belluam</strong></span> <span class='ocrx_word' id='word_1_365' title='bbox 546 1702 684 1736; x_wconf 83' lang='lat' dir='ltr'><strong>extemplo</strong></span> <span class='ocrx_word' id='word_1_366' title='bbox 700 1707 877 1731; x_wconf 83' lang='lat' dir='ltr'><strong>corruentem</strong></span> <span class='ocrx_word' id='word_1_367' title='bbox 889 1703 955 1736; x_wconf 87' lang='lat' dir='ltr'><strong>vidi,</strong></span> <span class='ocrx_word' id='word_1_368' title='bbox 979 1711 1056 1731; x_wconf 82' lang='lat' dir='ltr'><strong>com-</strong></span> 
     </span>
    </p>
   </div>
   <div class='ocr_carea' id='block_1_53' title="bbox 262 1746 1052 1781">
    <p class='ocr_par' dir='ltr' id='par_1_53' title="bbox 262 1746 1052 1781">
     <span class='ocr_line' id='line_1_53' title="bbox 262 1746 1052 1781; baseline 0 -7"><span class='ocrx_word' id='word_1_369' title='bbox 262 1747 395 1781; x_wconf 85' lang='lat' dir='ltr'><strong>munique</strong></span> <span class='ocrx_word' id='word_1_370' title='bbox 422 1746 533 1774; x_wconf 87' lang='lat' dir='ltr'><strong>laudato</strong></span> <span class='ocrx_word' id='word_1_371' title='bbox 560 1746 718 1780; x_wconf 88' lang='lat' dir='ltr'><strong>Servatore,</strong></span> <span class='ocrx_word' id='word_1_372' title='bbox 749 1747 858 1781; x_wconf 87' lang='lat' dir='ltr'><strong>perrexi</strong></span> <span class='ocrx_word' id='word_1_373' title='bbox 893 1748 1019 1776; x_wconf 87' lang='lat' dir='ltr'><strong>ulterius.</strong></span> <span class='ocrx_word' id='word_1_374' title='bbox 1041 1757 1052 1774; x_wconf 75' lang='grc' dir='ltr'><strong><em>ι</em></strong></span> 
     </span>
    </p>
   </div>
   <div class='ocr_carea' id='block_1_54' title="bbox 264 1792 978 1827">
    <p class='ocr_par' dir='ltr' id='par_1_54' title="bbox 264 1792 978 1827">
     <span class='ocr_line' id='line_1_54' title="bbox 264 1792 978 1827; baseline 0.001 -7"><span class='ocrx_word' id='word_1_375' title='bbox 264 1793 311 1820; x_wconf 87' lang='lat' dir='ltr'><strong>Sic</strong></span> <span class='ocrx_word' id='word_1_376' title='bbox 322 1793 397 1819; x_wconf 84' lang='lat' dir='ltr'><strong>ﬁnita</strong></span> <span class='ocrx_word' id='word_1_377' title='bbox 410 1792 580 1823; x_wconf 85' lang='lat' dir='ltr'><strong>narratione.</strong></span> <span class='ocrx_word' id='word_1_378' title='bbox 599 1792 632 1820; x_wconf 88' lang='lat' dir='ltr'><strong>ad</strong></span> <span class='ocrx_word' id='word_1_379' title='bbox 648 1797 758 1820; x_wconf 89' lang='lat' dir='ltr'><strong>antrum</strong></span> <span class='ocrx_word' id='word_1_380' title='bbox 774 1793 913 1827; x_wconf 81' lang='lat' dir='ltr'><strong>profectus</strong></span> <span class='ocrx_word' id='word_1_381' title='bbox 927 1799 978 1821; x_wconf 84' lang='lat' dir='ltr'><strong>est.</strong></span> 
     </span>
    </p>
   </div>
   <div class='ocr_carea' id='block_1_55' title="bbox 1107 966 1901 1002">
    <p class='ocr_par' dir='ltr' id='par_1_55' title="bbox 1107 966 1901 1002">
     <span class='ocr_line' id='line_1_55' title="bbox 1107 966 1901 1002; baseline -0.001 -8"><span class='ocrx_word' id='word_1_382' title='bbox 1107 967 1156 1002; x_wconf 83' lang='grc' dir='ltr'>τῆς</span> <span class='ocrx_word' id='word_1_383' title='bbox 1182 967 1253 994; x_wconf 83' lang='grc' dir='ltr'><strong>όδοῦ·</strong></span> <span class='ocrx_word' id='word_1_384' title='bbox 1268 967 1363 1002; x_wconf 68' lang='grc' dir='ltr'>ἕτερος</span> <span class='ocrx_word' id='word_1_385' title='bbox 1378 966 1406 992; x_wconf 85' lang='grc' dir='ltr'>δὲ</span> <span class='ocrx_word' id='word_1_386' title='bbox 1427 966 1515 998; x_wconf 76' lang='grc' dir='ltr'>οὐδεὶς</span> <span class='ocrx_word' id='word_1_387' title='bbox 1537 966 1640 1001; x_wconf 81' lang='grc' dir='ltr'>ταύτην</span> <span class='ocrx_word' id='word_1_388' title='bbox 1655 966 1825 1002; x_wconf 78' lang='grc' dir='ltr'>διελήλυθεν.</span> <span class='ocrx_word' id='word_1_389' title='bbox 1842 975 1853 993; x_wconf 75' lang='grc' dir='ltr'><strong>ι</strong></span> <span class='ocrx_word' id='word_1_390' title='bbox 1874 967 1901 993; x_wconf 90' lang='lat'><strong>&#39;0</strong></span> 
     </span>
    </p>
   </div>
   <div class='ocr_carea' id='block_1_56' title="bbox 1105 1011 1900 1048">
    <p class='ocr_par' dir='ltr' id='par_1_56' title="bbox 1105 1011 1900 1048">
     <span class='ocr_line' id='line_1_56' title="bbox 1105 1011 1900 1048; baseline -0.003 -8"><span class='ocrx_word' id='word_1_391' title='bbox 1105 1013 1134 1040; x_wconf 81' lang='grc' dir='ltr'>δὲ</span> <span class='ocrx_word' id='word_1_392' title='bbox 1157 1013 1313 1048; x_wconf 77' lang='grc' dir='ltr'>πρεσϐύτης</span> <span class='ocrx_word' id='word_1_393' title='bbox 1329 1020 1335 1028; x_wconf 82' lang='grc'><em>’</em></span> <span class='ocrx_word' id='word_1_394' title='bbox 1355 1021 1364 1038; x_wconf 79' lang='grc' dir='ltr'><strong>ι</strong></span> <span class='ocrx_word' id='word_1_395' title='bbox 1384 1011 1501 1043; x_wconf 81' lang='grc' dir='ltr'>Παῦσαι,</span> <span class='ocrx_word' id='word_1_396' title='bbox 1524 1011 1587 1047; x_wconf 71' lang='grc' dir='ltr'>ἔφη,</span> <span class='ocrx_word' id='word_1_397' title='bbox 1615 1011 1858 1047; x_wconf 78' lang='grc' dir='ltr'>πολυπραγμονῶν</span> <span class='ocrx_word' id='word_1_398' title='bbox 1869 1012 1900 1038; x_wconf 69' lang='grc' dir='ltr'>τὰ</span> 
     </span>
    </p>
   </div>
   <div class='ocr_carea' id='block_1_57' title="bbox 1105 1057 1900 1093">
    <p class='ocr_par' dir='ltr' id='par_1_57' title="bbox 1105 1057 1900 1093">
     <span class='ocr_line' id='line_1_57' title="bbox 1105 1057 1900 1093; baseline -0.001 -8"><span class='ocrx_word' id='word_1_399' title='bbox 1105 1058 1228 1090; x_wconf 78' lang='grc' dir='ltr'>τοιαῦτα,</span> <span class='ocrx_word' id='word_1_400' title='bbox 1246 1058 1340 1093; x_wconf 82' lang='grc' dir='ltr'>φέρειν</span> <span class='ocrx_word' id='word_1_401' title='bbox 1357 1057 1450 1091; x_wconf 74' lang='grc' dir='ltr'>Βνησιν</span> <span class='ocrx_word' id='word_1_402' title='bbox 1466 1059 1523 1089; x_wconf 86' lang='grc' dir='ltr'>τοῖς</span> <span class='ocrx_word' id='word_1_403' title='bbox 1538 1058 1691 1093; x_wconf 82' lang='grc' dir='ltr'>χρωμένοις</span> <span class='ocrx_word' id='word_1_404' title='bbox 1711 1058 1844 1091; x_wconf 69' lang='grc' dir='ltr'>οὐδεμίαν</span> <span class='ocrx_word' id='word_1_405' title='bbox 1857 1058 1900 1084; x_wconf 82' lang='grc' dir='ltr'>δυ-</span> 
     </span>
    </p>
   </div>
   <div class='ocr_carea' id='block_1_58' title="bbox 1106 1098 1901 1138">
    <p class='ocr_par' dir='ltr' id='par_1_58' title="bbox 1106 1098 1901 1138">
     <span class='ocr_line' id='line_1_58' title="bbox 1106 1098 1901 1138; baseline 0 -9"><span class='ocrx_word' id='word_1_406' title='bbox 1106 1102 1220 1138; x_wconf 84' lang='grc' dir='ltr'>νάμενα.</span> <span class='ocrx_word' id='word_1_407' title='bbox 1240 1112 1250 1128; x_wconf 72' lang='grc' dir='ltr'><strong><em>ι</em></strong></span> <span class='ocrx_word' id='word_1_408' title='bbox 1277 1101 1346 1128; x_wconf 77' lang='grc' dir='ltr'>Ἃλλ¹</span> <span class='ocrx_word' id='word_1_409' title='bbox 1361 1102 1437 1128; x_wconf 77' lang='grc' dir='ltr'>οὐδὲν</span> <span class='ocrx_word' id='word_1_410' title='bbox 1450 1098 1530 1137; x_wconf 66' lang='grc' dir='ltr'>ἧττον</span> <span class='ocrx_word' id='word_1_411' title='bbox 1561 1103 1575 1128; x_wconf 86' lang='lat'><strong>6</strong></span> <span class='ocrx_word' id='word_1_412' title='bbox 1600 1102 1754 1137; x_wconf 74' lang='grc' dir='ltr'>θαυμάσιος</span> <span class='ocrx_word' id='word_1_413' title='bbox 1776 1103 1901 1133; x_wconf 72' lang='grc' dir='ltr'>Ἰάκωϐος</span> 
     </span>
    </p>
   </div>
   <div class='ocr_carea' id='block_1_59' title="bbox 1105 1147 1902 1184">
    <p class='ocr_par' dir='ltr' id='par_1_59' title="bbox 1105 1147 1902 1184">
     <span class='ocr_line' id='line_1_59' title="bbox 1105 1147 1902 1184; baseline 0 -10"><span class='ocrx_word' id='word_1_414' title='bbox 1105 1148 1242 1180; x_wconf 87' lang='grc' dir='ltr'>ὲπέκειτο,</span> <span class='ocrx_word' id='word_1_415' title='bbox 1259 1147 1354 1183; x_wconf 81' lang='grc' dir='ltr'>μαθεῖν</span> <span class='ocrx_word' id='word_1_416' title='bbox 1365 1147 1481 1182; x_wconf 76' lang='grc' dir='ltr'>τάληθὲς</span> <span class='ocrx_word' id='word_1_417' title='bbox 1502 1147 1657 1182; x_wconf 74' lang='grc' dir='ltr'>ἐφιέμενος.</span> <span class='ocrx_word' id='word_1_418' title='bbox 1676 1149 1707 1174; x_wconf 84' lang='lat'><strong>&#39;0</strong></span> <span class='ocrx_word' id='word_1_419' title='bbox 1728 1148 1758 1175; x_wconf 85' lang='grc' dir='ltr'>δὲ</span> <span class='ocrx_word' id='word_1_420' title='bbox 1783 1148 1902 1184; x_wconf 78' lang='grc' dir='ltr'>πρεσὸύ-</span> 
     </span>
    </p>
   </div>
   <div class='ocr_carea' id='block_1_60' title="bbox 1106 1193 1901 1229">
    <p class='ocr_par' dir='ltr' id='par_1_60' title="bbox 1106 1193 1901 1229">
     <span class='ocr_line' id='line_1_60' title="bbox 1106 1193 1901 1229; baseline 0.001 -9"><span class='ocrx_word' id='word_1_421' title='bbox 1106 1202 1165 1229; x_wconf 85' lang='grc' dir='ltr'>της,</span> <span class='ocrx_word' id='word_1_422' title='bbox 1192 1195 1324 1229; x_wconf 82' lang='grc' dir='ltr'>κρύπτειν</span> <span class='ocrx_word' id='word_1_423' title='bbox 1344 1194 1393 1228; x_wconf 77' lang='grc' dir='ltr'>μὲν</span> <span class='ocrx_word' id='word_1_424' title='bbox 1416 1194 1464 1220; x_wconf 74' lang='grc' dir='ltr'><strong>ἐπὶ</strong></span> <span class='ocrx_word' id='word_1_425' title='bbox 1489 1193 1556 1219; x_wconf 79' lang='grc' dir='ltr'>πολὺ</span> <span class='ocrx_word' id='word_1_426' title='bbox 1580 1193 1764 1229; x_wconf 85' lang='grc' dir='ltr'>πειρώμενος,</span> <span class='ocrx_word' id='word_1_427' title='bbox 1782 1194 1862 1228; x_wconf 80' lang='grc' dir='ltr'>ἀνιᾷν</span> <span class='ocrx_word' id='word_1_428' title='bbox 1874 1194 1901 1221; x_wconf 59' lang='lat' dir='ltr'><strong>is</strong></span> 
     </span>
    </p>
   </div>
   <div class='ocr_carea' id='block_1_61' title="bbox 1106 1238 1900 1274">
    <p class='ocr_par' dir='ltr' id='par_1_61' title="bbox 1106 1238 1900 1274">
     <span class='ocr_line' id='line_1_61' title="bbox 1106 1238 1900 1274; baseline 0 -9"><span class='ocrx_word' id='word_1_429' title='bbox 1106 1240 1151 1266; x_wconf 78' lang='grc' dir='ltr'>τὸν</span> <span class='ocrx_word' id='word_1_430' title='bbox 1167 1239 1286 1274; x_wconf 72' lang='grc' dir='ltr'>ἐραστὴν</span> <span class='ocrx_word' id='word_1_431' title='bbox 1303 1239 1351 1265; x_wconf 73' lang='grc' dir='ltr'><strong>ἐπὶ</strong></span> <span class='ocrx_word' id='word_1_432' title='bbox 1378 1238 1470 1266; x_wconf 81' lang='grc' dir='ltr'>πλεῖον</span> <span class='ocrx_word' id='word_1_433' title='bbox 1495 1239 1546 1265; x_wconf 82' lang='grc' dir='ltr'>οὑκ</span> <span class='ocrx_word' id='word_1_434' title='bbox 1572 1239 1759 1274; x_wconf 82' lang='grc' dir='ltr'><strong>ἀνασχόμενος</strong></span> <span class='ocrx_word' id='word_1_435' title='bbox 1774 1247 1782 1255; x_wconf 86' lang='grc'>·</span> <span class='ocrx_word' id='word_1_436' title='bbox 1803 1249 1814 1265; x_wconf 85' lang='grc'><strong><em>‹</em></strong></span> <span class='ocrx_word' id='word_1_437' title='bbox 1834 1239 1900 1273; x_wconf 79' lang='grc' dir='ltr'><strong>Ἐγώ</strong></span> 
     </span>
    </p>
   </div>
   <div class='ocr_carea' id='block_1_62' title="bbox 1107 1284 1900 1321">
    <p class='ocr_par' dir='ltr' id='par_1_62' title="bbox 1107 1284 1900 1321">
     <span class='ocr_line' id='line_1_62' title="bbox 1107 1284 1900 1321; baseline 0 -9"><span class='ocrx_word' id='word_1_438' title='bbox 1107 1294 1159 1316; x_wconf 82' lang='grc' dir='ltr'>σοι,</span> <span class='ocrx_word' id='word_1_439' title='bbox 1173 1285 1235 1320; x_wconf 79' lang='grc' dir='ltr'>ἔφη,</span> <span class='ocrx_word' id='word_1_440' title='bbox 1254 1284 1320 1321; x_wconf 75' lang='grc' dir='ltr'><strong>ἐρῶ,</strong></span> <span class='ocrx_word' id='word_1_441' title='bbox 1338 1285 1362 1311; x_wconf 85' lang='grc' dir='ltr'><strong>εί</strong></span> <span class='ocrx_word' id='word_1_442' title='bbox 1377 1285 1472 1320; x_wconf 81' lang='grc' dir='ltr'>μαθεῖν</span> <span class='ocrx_word' id='word_1_443' title='bbox 1485 1285 1590 1319; x_wconf 69' lang='grc' dir='ltr'>ἐφίεσαι</span> <span class='ocrx_word' id='word_1_444' title='bbox 1608 1293 1614 1300; x_wconf 91' lang='grc'><strong>·</strong></span> <span class='ocrx_word' id='word_1_445' title='bbox 1630 1285 1789 1320; x_wconf 83' lang='grc' dir='ltr'>παρεγγυῶ</span> <span class='ocrx_word' id='word_1_446' title='bbox 1804 1285 1834 1312; x_wconf 86' lang='grc' dir='ltr'>δὲ</span> <span class='ocrx_word' id='word_1_447' title='bbox 1851 1294 1900 1321; x_wconf 66' lang='grc' dir='ltr'>μηα</span> 
     </span>
    </p>
   </div>
   <div class='ocr_carea' id='block_1_63' title="bbox 1105 1330 1901 1366">
    <p class='ocr_par' dir='ltr' id='par_1_63' title="bbox 1105 1330 1901 1366">
     <span class='ocr_line' id='line_1_63' title="bbox 1105 1330 1901 1366; baseline -0.003 -8"><span class='ocrx_word' id='word_1_448' title='bbox 1105 1331 1169 1358; x_wconf 82' lang='grc' dir='ltr'>δὲνα</span> <span class='ocrx_word' id='word_1_449' title='bbox 1183 1331 1277 1366; x_wconf 79' lang='grc' dir='ltr'>ἓτερον</span> <span class='ocrx_word' id='word_1_450' title='bbox 1292 1330 1359 1366; x_wconf 71' lang='grc' dir='ltr'>ἐμοῦ</span> <span class='ocrx_word' id='word_1_451' title='bbox 1388 1330 1489 1362; x_wconf 80' lang='grc' dir='ltr'>ζῶντος</span> <span class='ocrx_word' id='word_1_452' title='bbox 1503 1330 1667 1366; x_wconf 79' lang='grc' dir='ltr'>ποιήσασθαι</span> <span class='ocrx_word' id='word_1_453' title='bbox 1683 1331 1732 1357; x_wconf 84' lang='grc' dir='ltr'>τοῦ</span> <span class='ocrx_word' id='word_1_454' title='bbox 1749 1331 1901 1366; x_wconf 79' lang='grc' dir='ltr'>ῥηθησομέ-</span> 
     </span>
    </p>
   </div>
   <div class='ocr_carea' id='block_1_64' title="bbox 1107 1375 1901 1412">
    <p class='ocr_par' dir='ltr' id='par_1_64' title="bbox 1107 1375 1901 1412">
     <span class='ocr_line' id='line_1_64' title="bbox 1107 1375 1901 1412; baseline -0.001 -8"><span class='ocrx_word' id='word_1_455' title='bbox 1107 1385 1152 1404; x_wconf 87' lang='grc' dir='ltr'><strong>νου</strong></span> <span class='ocrx_word' id='word_1_456' title='bbox 1163 1377 1318 1412; x_wconf 74' lang='grc' dir='ltr'>συνίστορα·</span> <span class='ocrx_word' id='word_1_457' title='bbox 1329 1375 1462 1411; x_wconf 81' lang='grc' dir='ltr'>κρύπτειν</span> <span class='ocrx_word' id='word_1_458' title='bbox 1476 1376 1530 1412; x_wconf 84' lang='grc' dir='ltr'><strong>γὰρ</strong></span> <span class='ocrx_word' id='word_1_459' title='bbox 1546 1377 1581 1403; x_wconf 76' lang='grc' dir='ltr'><strong>τὰ.</strong></span> <span class='ocrx_word' id='word_1_460' title='bbox 1596 1377 1685 1403; x_wconf 81' lang='grc' dir='ltr'>τοιάδε</span> <span class='ocrx_word' id='word_1_461' title='bbox 1699 1378 1849 1412; x_wconf 80' lang='grc' dir='ltr'>προσήκει.</span> <span class='ocrx_word' id='word_1_462' title='bbox 1865 1378 1901 1408; x_wconf 83' lang='grc' dir='ltr'><strong>είς</strong></span> 
     </span>
    </p>
   </div>
   <div class='ocr_carea' id='block_1_65' title="bbox 1106 1422 1902 1459">
    <p class='ocr_par' dir='ltr' id='par_1_65' title="bbox 1106 1422 1902 1459">
     <span class='ocr_line' id='line_1_65' title="bbox 1106 1422 1902 1459; baseline -0.003 -9"><span class='ocrx_word' id='word_1_463' title='bbox 1106 1423 1266 1455; x_wconf 77' lang='grc' dir='ltr'>ἀλαζονείαν</span> <span class='ocrx_word' id='word_1_464' title='bbox 1280 1423 1327 1450; x_wconf 85' lang='grc' dir='ltr'>καὶ</span> <span class='ocrx_word' id='word_1_465' title='bbox 1337 1422 1420 1457; x_wconf 76' lang='grc' dir='ltr'>τῦφον</span> <span class='ocrx_word' id='word_1_466' title='bbox 1436 1423 1565 1454; x_wconf 84' lang='grc' dir='ltr'>πολλάκις</span> <span class='ocrx_word' id='word_1_467' title='bbox 1579 1423 1721 1459; x_wconf 85' lang='grc' dir='ltr'>ἐγείροντα</span> <span class='ocrx_word' id='word_1_468' title='bbox 1731 1432 1738 1437; x_wconf 89' lang='grc'>·</span> <span class='ocrx_word' id='word_1_469' title='bbox 1758 1423 1793 1459; x_wconf 82' lang='grc' dir='ltr'>ἢν</span> <span class='ocrx_word' id='word_1_470' title='bbox 1805 1423 1835 1449; x_wconf 81' lang='grc' dir='ltr'>δὲ</span> <span class='ocrx_word' id='word_1_471' title='bbox 1850 1422 1902 1456; x_wconf 74' lang='grc' dir='ltr'><strong>ἐγὼ</strong></span> 
     </span>
    </p>
   </div>
   <div class='ocr_carea' id='block_1_66' title="bbox 1107 1467 1902 1503">
    <p class='ocr_par' dir='ltr' id='par_1_66' title="bbox 1107 1467 1902 1503">
     <span class='ocr_line' id='line_1_66' title="bbox 1107 1467 1902 1503; baseline 0.001 -9"><span class='ocrx_word' id='word_1_472' title='bbox 1107 1468 1213 1496; x_wconf 76' lang='grc' dir='ltr'>ἐνθένδε</span> <span class='ocrx_word' id='word_1_473' title='bbox 1236 1468 1358 1500; x_wconf 77' lang='grc' dir='ltr'>ἀπέλθω,</span> <span class='ocrx_word' id='word_1_474' title='bbox 1375 1467 1421 1494; x_wconf 78' lang='grc' dir='ltr'><strong>καὶ</strong></span> <span class='ocrx_word' id='word_1_475' title='bbox 1445 1467 1499 1494; x_wconf 81' lang='grc' dir='ltr'><strong>τῶν</strong></span> <span class='ocrx_word' id='word_1_476' title='bbox 1523 1468 1633 1495; x_wconf 84' lang='grc' dir='ltr'>τοιῶνδε</span> <span class='ocrx_word' id='word_1_477' title='bbox 1650 1469 1747 1495; x_wconf 83' lang='grc' dir='ltr'>παθῶν</span> <span class='ocrx_word' id='word_1_478' title='bbox 1761 1469 1902 1503; x_wconf 76' lang='grc' dir='ltr'>ἐλεύθερος</span> 
     </span>
    </p>
   </div>
   <div class='ocr_carea' id='block_1_67' title="bbox 1106 1513 1902 1550">
    <p class='ocr_par' dir='ltr' id='par_1_67' title="bbox 1106 1513 1902 1550">
     <span class='ocr_line' id='line_1_67' title="bbox 1106 1513 1902 1550; baseline 0.001 -10"><span class='ocrx_word' id='word_1_479' title='bbox 1106 1515 1239 1549; x_wconf 82' lang='grc' dir='ltr'>γένωμαι,</span> <span class='ocrx_word' id='word_1_480' title='bbox 1266 1514 1354 1548; x_wconf 80' lang='grc' dir='ltr'>λέγειν</span> <span class='ocrx_word' id='word_1_481' title='bbox 1376 1515 1407 1541; x_wconf 83' lang='grc' dir='ltr'>οὐ</span> <span class='ocrx_word' id='word_1_482' title='bbox 1433 1513 1540 1545; x_wconf 78' lang='grc' dir='ltr'>κωλύω,</span> <span class='ocrx_word' id='word_1_483' title='bbox 1557 1515 1667 1548; x_wconf 74' lang='grc' dir='ltr'>καὶτῆς</span> <span class='ocrx_word' id='word_1_484' title='bbox 1692 1514 1772 1546; x_wconf 81' lang='grc' dir='ltr'>θείας</span> <span class='ocrx_word' id='word_1_485' title='bbox 1795 1515 1902 1550; x_wconf 80' lang='grc' dir='ltr'>χάριτος</span> 
     </span>
    </p>
   </div>
   <div class='ocr_carea' id='block_1_68' title="bbox 1106 1558 1902 1596">
    <p class='ocr_par' dir='ltr' id='par_1_68' title="bbox 1106 1558 1902 1596">
     <span class='ocr_line' id='line_1_68' title="bbox 1106 1558 1902 1596; baseline 0.003 -11"><span class='ocrx_word' id='word_1_486' title='bbox 1106 1559 1259 1593; x_wconf 79' lang='grc' dir='ltr'>διηγεῖσθαι</span> <span class='ocrx_word' id='word_1_487' title='bbox 1271 1559 1320 1595; x_wconf 84' lang='grc' dir='ltr'>τὴν</span> <span class='ocrx_word' id='word_1_488' title='bbox 1335 1559 1460 1595; x_wconf 78' lang='grc' dir='ltr'>δύναμιν.</span> <span class='ocrx_word' id='word_1_489' title='bbox 1475 1558 1512 1587; x_wconf 79' lang='grc' dir='ltr'><strong>Εὖ</strong></span> <span class='ocrx_word' id='word_1_490' title='bbox 1528 1559 1584 1586; x_wconf 82' lang='grc' dir='ltr'>ἴσθι</span> <span class='ocrx_word' id='word_1_491' title='bbox 1597 1561 1698 1593; x_wconf 80' lang='grc' dir='ltr'>τοίνυν,</span> <span class='ocrx_word' id='word_1_492' title='bbox 1714 1561 1769 1595; x_wconf 75' lang='grc' dir='ltr'>ἔφη</span> <span class='ocrx_word' id='word_1_493' title='bbox 1787 1562 1802 1587; x_wconf 80' lang='grc' dir='ltr'>ὁ</span> <span class='ocrx_word' id='word_1_494' title='bbox 1822 1561 1902 1596; x_wconf 74' lang='grc' dir='ltr'>μέγας</span> 
     </span>
    </p>
   </div>
   <div class='ocr_carea' id='block_1_69' title="bbox 1068 1595 1903 1642">
    <p class='ocr_par' dir='ltr' id='par_1_69' title="bbox 1068 1595 1903 1642">
     <span class='ocr_line' id='line_1_69' title="bbox 1068 1595 1903 1642; baseline 0.001 -10"><span class='ocrx_word' id='word_1_495' title='bbox 1068 1595 1092 1626; x_wconf 78' lang='lat' dir='ltr'>c</span> <span class='ocrx_word' id='word_1_496' title='bbox 1113 1605 1267 1637; x_wconf 73' lang='grc' dir='ltr'>Ἰουλιανὸς,</span> <span class='ocrx_word' id='word_1_497' title='bbox 1288 1605 1326 1637; x_wconf 83' lang='grc' dir='ltr'><strong>ὡς</strong></span> <span class='ocrx_word' id='word_1_498' title='bbox 1341 1605 1475 1640; x_wconf 79' lang='grc' dir='ltr'>βαδίζοντί</span> <span class='ocrx_word' id='word_1_499' title='bbox 1494 1614 1539 1641; x_wconf 85' lang='grc' dir='ltr'><strong>μοι</strong></span> <span class='ocrx_word' id='word_1_500' title='bbox 1567 1606 1637 1633; x_wconf 77' lang='grc' dir='ltr'>κατὰ</span> <span class='ocrx_word' id='word_1_501' title='bbox 1658 1607 1708 1641; x_wconf 79' lang='grc' dir='ltr'>τὴν</span> <span class='ocrx_word' id='word_1_502' title='bbox 1733 1595 1827 1633; x_wconf 69' lang='grc' dir='ltr'>ὁδὸνο</span> <span class='ocrx_word' id='word_1_503' title='bbox 1853 1606 1903 1642; x_wconf 73' lang='grc' dir='ltr'>θὴρ</span> 
     </span>
    </p>
   </div>
   <div class='ocr_carea' id='block_1_70' title="bbox 1108 1651 1902 1688">
    <p class='ocr_par' dir='ltr' id='par_1_70' title="bbox 1108 1651 1902 1688">
     <span class='ocr_line' id='line_1_70' title="bbox 1108 1651 1902 1688; baseline 0 -9"><span class='ocrx_word' id='word_1_504' title='bbox 1108 1653 1211 1684; x_wconf 68' lang='grc' dir='ltr'>ἐκεῖνος</span> <span class='ocrx_word' id='word_1_505' title='bbox 1221 1651 1311 1688; x_wconf 73' lang='grc' dir='ltr'>ἐπῄει,</span> <span class='ocrx_word' id='word_1_506' title='bbox 1321 1652 1367 1679; x_wconf 65' lang='grc' dir='ltr'><strong>καὶ¹</strong></span> <span class='ocrx_word' id='word_1_507' title='bbox 1381 1652 1412 1679; x_wconf 85' lang='grc' dir='ltr'><strong>τὺ</strong></span> <span class='ocrx_word' id='word_1_508' title='bbox 1424 1652 1511 1687; x_wconf 83' lang='grc' dir='ltr'>στόμα</span> <span class='ocrx_word' id='word_1_509' title='bbox 1525 1651 1647 1686; x_wconf 84' lang='grc' dir='ltr'>ἁνεώγνυ</span> <span class='ocrx_word' id='word_1_510' title='bbox 1658 1655 1808 1679; x_wconf 81' lang='grc' dir='ltr'>καταπιεῖν</span> <span class='ocrx_word' id='word_1_511' title='bbox 1827 1654 1902 1687; x_wconf 65' lang='grc' dir='ltr'>ἐφιέ-</span> 
     </span>
    </p>
   </div>
   <div class='ocr_carea' id='block_1_71' title="bbox 1109 1697 1903 1735">
    <p class='ocr_par' dir='ltr' id='par_1_71' title="bbox 1109 1697 1903 1735">
     <span class='ocr_line' id='line_1_71' title="bbox 1109 1697 1903 1735; baseline 0.001 -10"><span class='ocrx_word' id='word_1_512' title='bbox 1109 1707 1198 1735; x_wconf 80' lang='grc' dir='ltr'>μενος.</span> <span class='ocrx_word' id='word_1_513' title='bbox 1216 1698 1286 1733; x_wconf 83' lang='grc' dir='ltr'><strong>Ἐγὼ</strong></span> <span class='ocrx_word' id='word_1_514' title='bbox 1296 1698 1325 1725; x_wconf 82' lang='grc' dir='ltr'>δὲ</span> <span class='ocrx_word' id='word_1_515' title='bbox 1337 1700 1368 1734; x_wconf 84' lang='grc' dir='ltr'>τῇ</span> <span class='ocrx_word' id='word_1_516' title='bbox 1382 1698 1428 1725; x_wconf 86' lang='grc' dir='ltr'>τοῦ</span> <span class='ocrx_word' id='word_1_517' title='bbox 1441 1697 1509 1725; x_wconf 80' lang='grc' dir='ltr'><strong>Θεοῦ</strong></span> <span class='ocrx_word' id='word_1_518' title='bbox 1525 1699 1702 1735; x_wconf 70' lang='grc' dir='ltr'>προσηγορίᾳ</span> <span class='ocrx_word' id='word_1_519' title='bbox 1719 1700 1903 1735; x_wconf 77' lang='grc' dir='ltr'>χρησάμενος,</span> 
     </span>
    </p>
   </div>
   <div class='ocr_carea' id='block_1_72' title="bbox 1107 1743 1902 1780">
    <p class='ocr_par' dir='ltr' id='par_1_72' title="bbox 1107 1743 1902 1780">
     <span class='ocr_line' id='line_1_72' title="bbox 1107 1743 1902 1780; baseline -0.003 -8"><span class='ocrx_word' id='word_1_520' title='bbox 1107 1745 1156 1772; x_wconf 69' lang='grc' dir='ltr'>καὶ</span> <span class='ocrx_word' id='word_1_521' title='bbox 1170 1745 1208 1780; x_wconf 89' lang='grc' dir='ltr'>τῷ</span> <span class='ocrx_word' id='word_1_522' title='bbox 1217 1744 1341 1779; x_wconf 81' lang='grc' dir='ltr'>δακτύλῳ</span> <span class='ocrx_word' id='word_1_523' title='bbox 1353 1744 1383 1770; x_wconf 80' lang='grc' dir='ltr'>τὸ</span> <span class='ocrx_word' id='word_1_524' title='bbox 1396 1743 1444 1770; x_wconf 80' lang='grc' dir='ltr'><strong>τοῦ</strong></span> <span class='ocrx_word' id='word_1_525' title='bbox 1461 1743 1581 1780; x_wconf 81' lang='grc' dir='ltr'>σταυροῦ</span> <span class='ocrx_word' id='word_1_526' title='bbox 1596 1744 1730 1780; x_wconf 82' lang='grc' dir='ltr'>τρόπαιον</span> <span class='ocrx_word' id='word_1_527' title='bbox 1747 1744 1902 1776; x_wconf 81' lang='grc' dir='ltr'>ὑποδείξας,</span> 
     </span>
    </p>
   </div>
   <div class='ocr_carea' id='block_1_73' title="bbox 1107 1789 1903 1826">
    <p class='ocr_par' dir='ltr' id='par_1_73' title="bbox 1107 1789 1903 1826">
     <span class='ocr_line' id='line_1_73' title="bbox 1107 1789 1903 1826; baseline -0.004 -7"><span class='ocrx_word' id='word_1_528' title='bbox 1107 1792 1182 1820; x_wconf 75' lang='grc' dir='ltr'>ἅπαν</span> <span class='ocrx_word' id='word_1_529' title='bbox 1208 1791 1257 1826; x_wconf 71' lang='grc' dir='ltr'>μὲν</span> <span class='ocrx_word' id='word_1_530' title='bbox 1281 1791 1340 1822; x_wconf 85' lang='grc' dir='ltr'>δέος</span> <span class='ocrx_word' id='word_1_531' title='bbox 1357 1789 1559 1825; x_wconf 83' lang='grc' dir='ltr'>ἀπεσεισάμην,</span> <span class='ocrx_word' id='word_1_532' title='bbox 1583 1791 1666 1817; x_wconf 74' lang='grc' dir='ltr'>πεσὸν</span> <span class='ocrx_word' id='word_1_533' title='bbox 1697 1791 1727 1817; x_wconf 77' lang='grc' dir='ltr'>δὲ</span> <span class='ocrx_word' id='word_1_534' title='bbox 1753 1790 1785 1817; x_wconf 80' lang='grc' dir='ltr'>τὸ</span> <span class='ocrx_word' id='word_1_535' title='bbox 1812 1790 1903 1826; x_wconf 78' lang='grc' dir='ltr'>θηρίον</span> 
     </span>
    </p>
   </div>
   <div class='ocr_carea' id='block_1_74' title="bbox 263 1836 1904 1874">
    <p class='ocr_par' dir='ltr' id='par_1_74' title="bbox 263 1836 1904 1874">
     <span class='ocr_line' id='line_1_74' title="bbox 263 1836 1904 1874; baseline 0 -11"><span class='ocrx_word' id='word_1_536' title='bbox 263 1837 421 1873; x_wconf 81' lang='grc' dir='ltr'>παραυτίκα</span> <span class='ocrx_word' id='word_1_537' title='bbox 442 1838 481 1869; x_wconf 82' lang='grc' dir='ltr'><strong>είς</strong></span> <span class='ocrx_word' id='word_1_538' title='bbox 501 1837 554 1872; x_wconf 83' lang='grc' dir='ltr'>γῆν</span> <span class='ocrx_word' id='word_1_539' title='bbox 570 1838 737 1873; x_wconf 78' lang='grc' dir='ltr'>ἐθεασάμην,</span> <span class='ocrx_word' id='word_1_540' title='bbox 759 1839 807 1865; x_wconf 79' lang='grc' dir='ltr'>καὶ</span> <span class='ocrx_word' id='word_1_541' title='bbox 826 1839 872 1865; x_wconf 74' lang='grc' dir='ltr'>τὸν</span> <span class='ocrx_word' id='word_1_542' title='bbox 891 1839 980 1866; x_wconf 78' lang='grc' dir='ltr'>κοινὸν</span> <span class='ocrx_word' id='word_1_543' title='bbox 1000 1839 1159 1874; x_wconf 83' lang='grc' dir='ltr'>άνυμνήσας</span> <span class='ocrx_word' id='word_1_544' title='bbox 1185 1837 1301 1871; x_wconf 78' lang='grc' dir='ltr'>Σωτῆρα</span> <span class='ocrx_word' id='word_1_545' title='bbox 1317 1837 1366 1872; x_wconf 81' lang='grc' dir='ltr'>τὴν</span> <span class='ocrx_word' id='word_1_546' title='bbox 1385 1837 1432 1862; x_wconf 71' lang='grc' dir='ltr'><strong>ἐπὶ</strong></span> <span class='ocrx_word' id='word_1_547' title='bbox 1446 1837 1477 1863; x_wconf 79' lang='grc' dir='ltr'>τὸ</span> <span class='ocrx_word' id='word_1_548' title='bbox 1508 1836 1603 1872; x_wconf 82' lang='grc' dir='ltr'>πρόσω</span> <span class='ocrx_word' id='word_1_549' title='bbox 1629 1836 1744 1872; x_wconf 83' lang='grc' dir='ltr'>πορείαν</span> <span class='ocrx_word' id='word_1_550' title='bbox 1770 1838 1904 1871; x_wconf 75' lang='grc' dir='ltr'>ἐποιησά-</span> 
     </span>
    </p>
   </div>
   <div class='ocr_carea' id='block_1_75' title="bbox 265 1883 1429 1922">
    <p class='ocr_par' dir='ltr' id='par_1_75' title="bbox 265 1883 1429 1922">
     <span class='ocr_line' id='line_1_75' title="bbox 265 1883 1429 1922; baseline 0.001 -13"><span class='ocrx_word' id='word_1_551' title='bbox 265 1890 329 1918; x_wconf 84' lang='grc' dir='ltr'>μην.</span> <span class='ocrx_word' id='word_1_552' title='bbox 344 1893 353 1909; x_wconf 74' lang='grc' dir='ltr'><strong>ι</strong></span> <span class='ocrx_word' id='word_1_553' title='bbox 366 1883 444 1912; x_wconf 75' lang='grc' dir='ltr'>Οὕτω</span> <span class='ocrx_word' id='word_1_554' title='bbox 460 1885 491 1911; x_wconf 75' lang='lat'><strong>1‘0</strong></span> <span class='ocrx_word' id='word_1_555' title='bbox 504 1884 624 1920; x_wconf 86' lang='grc' dir='ltr'>διήγημα</span> <span class='ocrx_word' id='word_1_556' title='bbox 640 1886 830 1920; x_wconf 85' lang='grc' dir='ltr'>συμπεράνας,</span> <span class='ocrx_word' id='word_1_557' title='bbox 839 1887 958 1919; x_wconf 75' lang='grc' dir='ltr'>ἀναστὰς</span> <span class='ocrx_word' id='word_1_558' title='bbox 971 1887 1061 1922; x_wconf 73' lang='grc' dir='ltr'>εἴχετο</span> <span class='ocrx_word' id='word_1_559' title='bbox 1074 1886 1125 1921; x_wconf 82' lang='grc' dir='ltr'><strong>τῆς</strong></span> <span class='ocrx_word' id='word_1_560' title='bbox 1141 1885 1187 1912; x_wconf 68' lang='grc' dir='ltr'><strong>ἐπὶ</strong></span> <span class='ocrx_word' id='word_1_561' title='bbox 1201 1885 1231 1911; x_wconf 83' lang='grc' dir='ltr'>τὸ</span> <span class='ocrx_word' id='word_1_562' title='bbox 1243 1884 1340 1919; x_wconf 80' lang='grc' dir='ltr'>ἄντρον</span> <span class='ocrx_word' id='word_1_563' title='bbox 1355 1884 1429 1910; x_wconf 79' lang='grc' dir='ltr'>ὁδοῦ.</span> 
     </span>
    </p>
   </div>
   <div class='ocr_carea' id='block_1_76' title="bbox 301 1929 1056 1965">
    <p class='ocr_par' dir='ltr' id='par_1_76' title="bbox 301 1929 1056 1965">
     <span class='ocr_line' id='line_1_76' title="bbox 301 1929 1056 1965; baseline 0.007 -10"><span class='ocrx_word' id='word_1_564' title='bbox 301 1929 379 1956; x_wconf 86' lang='lat' dir='ltr'><strong>Alias</strong></span> <span class='ocrx_word' id='word_1_565' title='bbox 394 1929 506 1964; x_wconf 88' lang='lat' dir='ltr'><strong>quidam</strong></span> <span class='ocrx_word' id='word_1_566' title='bbox 518 1930 690 1962; x_wconf 88' lang='lat' dir='ltr'><strong>adolescens,</strong></span> <span class='ocrx_word' id='word_1_567' title='bbox 706 1931 790 1958; x_wconf 86' lang='lat' dir='ltr'><strong>nobili</strong></span> <span class='ocrx_word' id='word_1_568' title='bbox 805 1932 864 1959; x_wconf 84' lang='lat' dir='ltr'><strong>loco</strong></span> <span class='ocrx_word' id='word_1_569' title='bbox 878 1937 968 1965; x_wconf 87' lang='lat' dir='ltr'><strong>natus,</strong></span> <span class='ocrx_word' id='word_1_570' title='bbox 986 1933 1056 1960; x_wconf 90' lang='lat' dir='ltr'><strong>mol-</strong></span> 
     </span>
    </p>
   </div>
   <div class='ocr_carea' id='block_1_77' title="bbox 263 1973 1057 2013">
    <p class='ocr_par' dir='ltr' id='par_1_77' title="bbox 263 1973 1057 2013">
     <span class='ocr_line' id='line_1_77' title="bbox 263 1973 1057 2013; baseline 0.008 -11"><span class='ocrx_word' id='word_1_571' title='bbox 263 1973 382 2009; x_wconf 87' lang='lat' dir='ltr'><strong>literque</strong></span> <span class='ocrx_word' id='word_1_572' title='bbox 395 1976 544 2007; x_wconf 88' lang='lat' dir='ltr'><strong>educatus,</strong></span> <span class='ocrx_word' id='word_1_573' title='bbox 560 1976 646 2003; x_wconf 84' lang='lat' dir='ltr'><strong>animi</strong></span> <span class='ocrx_word' id='word_1_574' title='bbox 660 1977 830 2005; x_wconf 76' lang='lat' dir='ltr'><strong>alacritatem</strong></span> <span class='ocrx_word' id='word_1_575' title='bbox 843 1986 941 2013; x_wconf 71' lang='lat' dir='ltr'><strong>gerens</strong></span> <span class='ocrx_word' id='word_1_576' title='bbox 953 1979 1057 2008; x_wconf 87' lang='lat' dir='ltr'><strong>viribus</strong></span> 
     </span>
    </p>
   </div>
   <div class='ocr_carea' id='block_1_78' title="bbox 263 2019 1055 2056">
    <p class='ocr_par' dir='ltr' id='par_1_78' title="bbox 263 2019 1055 2056">
     <span class='ocr_line' id='line_1_78' title="bbox 263 2019 1055 2056; baseline 0.006 -10"><span class='ocrx_word' id='word_1_577' title='bbox 263 2019 408 2054; x_wconf 80' lang='lat' dir='ltr'><strong>majorem,</strong></span> <span class='ocrx_word' id='word_1_578' title='bbox 429 2021 556 2055; x_wconf 79' lang='lat' dir='ltr'><strong>precibus</strong></span> <span class='ocrx_word' id='word_1_579' title='bbox 575 2028 591 2048; x_wconf 90' lang='lat' dir='ltr'><strong>a</strong></span> <span class='ocrx_word' id='word_1_580' title='bbox 608 2028 676 2049; x_wconf 85' lang='lat' dir='ltr'><strong>sene</strong></span> <span class='ocrx_word' id='word_1_581' title='bbox 697 2022 848 2056; x_wconf 86' lang='lat' dir='ltr'><strong>contendit,</strong></span> <span class='ocrx_word' id='word_1_582' title='bbox 875 2023 928 2050; x_wconf 85' lang='lat' dir='ltr'><strong>sibi</strong></span> <span class='ocrx_word' id='word_1_583' title='bbox 945 2029 974 2050; x_wconf 87' lang='lat' dir='ltr'><strong>ut</strong></span> <span class='ocrx_word' id='word_1_584' title='bbox 992 2031 1055 2051; x_wconf 91' lang='lat' dir='ltr'><strong>cum</strong></span> 
     </span>
    </p>
   </div>
   <div class='ocr_carea' id='block_1_79' title="bbox 264 2066 1056 2102">
    <p class='ocr_par' dir='ltr' id='par_1_79' title="bbox 264 2066 1056 2102">
     <span class='ocr_line' id='line_1_79' title="bbox 264 2066 1056 2102; baseline 0.004 -9"><span class='ocrx_word' id='word_1_585' title='bbox 264 2066 325 2100; x_wconf 90' lang='lat' dir='ltr'><strong>ipso</strong></span> <span class='ocrx_word' id='word_1_586' title='bbox 340 2066 443 2094; x_wconf 87' lang='lat' dir='ltr'><strong>desertl</strong></span> <span class='ocrx_word' id='word_1_587' title='bbox 460 2067 710 2102; x_wconf 79' lang='lat' dir='ltr'><strong>peregrinationem</strong></span> <span class='ocrx_word' id='word_1_588' title='bbox 734 2068 812 2096; x_wconf 87' lang='lat' dir='ltr'><strong>obire</strong></span> <span class='ocrx_word' id='word_1_589' title='bbox 833 2068 938 2102; x_wconf 84' lang='lat' dir='ltr'><strong>liceret,</strong></span> <span class='ocrx_word' id='word_1_590' title='bbox 953 2078 1008 2097; x_wconf 91' lang='lat' dir='ltr'><strong>non</strong></span> <span class='ocrx_word' id='word_1_591' title='bbox 1024 2070 1056 2096; x_wconf 83' lang='lat' dir='ltr'><strong>il-</strong></span> 
     </span>
    </p>
   </div>
   <div class='ocr_carea' id='block_1_80' title="bbox 1148 1928 1906 1965">
    <p class='ocr_par' dir='ltr' id='par_1_80' title="bbox 1148 1928 1906 1965">
     <span class='ocr_line' id='line_1_80' title="bbox 1148 1928 1906 1965; baseline 0 -9"><span class='ocrx_word' id='word_1_592' title='bbox 1148 1930 1259 1957; x_wconf 76' lang='grc' dir='ltr'><strong>Ι’Λλλοτε</strong></span> <span class='ocrx_word' id='word_1_593' title='bbox 1275 1930 1303 1956; x_wconf 83' lang='grc' dir='ltr'>δὲ</span> <span class='ocrx_word' id='word_1_594' title='bbox 1318 1930 1472 1965; x_wconf 82' lang='grc' dir='ltr'>μειράκιον,</span> <span class='ocrx_word' id='word_1_595' title='bbox 1484 1928 1514 1963; x_wconf 79' lang='grc' dir='ltr'><strong>ἐξ</strong></span> <span class='ocrx_word' id='word_1_596' title='bbox 1524 1928 1644 1963; x_wconf 83' lang='grc' dir='ltr'>εὐγενῶν</span> <span class='ocrx_word' id='word_1_597' title='bbox 1661 1928 1833 1964; x_wconf 83' lang='grc' dir='ltr'>βλαστῆσαν,</span> <span class='ocrx_word' id='word_1_598' title='bbox 1847 1939 1906 1965; x_wconf 87' lang='grc' dir='ltr'>τρυ-</span> 
     </span>
    </p>
   </div>
   <div class='ocr_carea' id='block_1_81' title="bbox 1111 1975 1902 2012">
    <p class='ocr_par' dir='ltr' id='par_1_81' title="bbox 1111 1975 1902 2012">
     <span class='ocr_line' id='line_1_81' title="bbox 1111 1975 1902 2012; baseline 0.001 -10"><span class='ocrx_word' id='word_1_599' title='bbox 1111 1976 1204 2012; x_wconf 83' lang='grc' dir='ltr'>φηλῶς</span> <span class='ocrx_word' id='word_1_600' title='bbox 1226 1976 1254 2002; x_wconf 81' lang='grc' dir='ltr'>δὲ</span> <span class='ocrx_word' id='word_1_601' title='bbox 1279 1976 1479 2012; x_wconf 84' lang='grc' dir='ltr'>τεθραμμένον,</span> <span class='ocrx_word' id='word_1_602' title='bbox 1501 1975 1640 2012; x_wconf 82' lang='grc' dir='ltr'>προθυμίᾳ</span> <span class='ocrx_word' id='word_1_603' title='bbox 1666 1975 1695 2002; x_wconf 82' lang='grc' dir='ltr'>δὲ</span> <span class='ocrx_word' id='word_1_604' title='bbox 1724 1976 1833 2010; x_wconf 79' lang='grc' dir='ltr'>μείζονι</span> <span class='ocrx_word' id='word_1_605' title='bbox 1856 1976 1902 2010; x_wconf 80' lang='grc' dir='ltr'>τῆς</span> 
     </span>
    </p>
   </div>
   <div class='ocr_carea' id='block_1_82' title="bbox 1110 2021 1900 2058">
    <p class='ocr_par' dir='ltr' id='par_1_82' title="bbox 1110 2021 1900 2058">
     <span class='ocr_line' id='line_1_82' title="bbox 1110 2021 1900 2058; baseline -0.003 -9"><span class='ocrx_word' id='word_1_606' title='bbox 1110 2022 1251 2058; x_wconf 83' lang='grc' dir='ltr'>δυνάμεως</span> <span class='ocrx_word' id='word_1_607' title='bbox 1265 2022 1446 2058; x_wconf 81' lang='grc' dir='ltr'>κεχρημένον,</span> <span class='ocrx_word' id='word_1_608' title='bbox 1467 2021 1589 2048; x_wconf 75' lang='grc' dir='ltr'>ίκέτευσε</span> <span class='ocrx_word' id='word_1_609' title='bbox 1609 2021 1656 2048; x_wconf 82' lang='grc' dir='ltr'>τὸν</span> <span class='ocrx_word' id='word_1_610' title='bbox 1680 2021 1842 2056; x_wconf 76' lang='grc' dir='ltr'>πρεσὸύτην</span> <span class='ocrx_word' id='word_1_611' title='bbox 1854 2021 1900 2055; x_wconf 76' lang='grc' dir='ltr'><strong>τῆς</strong></span> 
     </span>
    </p>
   </div>
   <div class='ocr_carea' id='block_1_83' title="bbox 1112 2066 1899 2104">
    <p class='ocr_par' dir='ltr' id='par_1_83' title="bbox 1112 2066 1899 2104">
     <span class='ocr_line' id='line_1_83' title="bbox 1112 2066 1899 2104; baseline -0.001 -10"><span class='ocrx_word' id='word_1_612' title='bbox 1112 2068 1156 2097; x_wconf 67' lang='grc' dir='ltr'><strong>ἐπὶ</strong></span> <span class='ocrx_word' id='word_1_613' title='bbox 1179 2068 1228 2104; x_wconf 80' lang='grc' dir='ltr'>τὴν</span> <span class='ocrx_word' id='word_1_614' title='bbox 1257 2068 1359 2103; x_wconf 73' lang='grc' dir='ltr'>ἔρημον</span> <span class='ocrx_word' id='word_1_615' title='bbox 1369 2067 1443 2103; x_wconf 76' lang='grc' dir='ltr'>αὐτῷ</span> <span class='ocrx_word' id='word_1_616' title='bbox 1469 2066 1633 2101; x_wconf 81' lang='grc' dir='ltr'>κοινωνῆσαι</span> <span class='ocrx_word' id='word_1_617' title='bbox 1658 2067 1788 2102; x_wconf 85' lang='grc' dir='ltr'>πορείας,</span> <span class='ocrx_word' id='word_1_618' title='bbox 1805 2068 1835 2094; x_wconf 85' lang='grc' dir='ltr'><strong>ού</strong></span> <span class='ocrx_word' id='word_1_619' title='bbox 1853 2069 1899 2102; x_wconf 85' lang='grc' dir='ltr'>τῆς</span> 
     </span>
    </p>
   </div>
   <div class='ocr_carea' id='block_1_84' title="bbox 263 2111 1054 2150">
    <p class='ocr_par' dir='ltr' id='par_1_84' title="bbox 263 2112 1054 2149">
     <span class='ocr_line' id='line_1_84' title="bbox 263 2112 1054 2149; baseline 0.005 -11"><span class='ocrx_word' id='word_1_620' title='bbox 263 2112 318 2138; x_wconf 78' lang='lat' dir='ltr'><strong>lam</strong></span> <span class='ocrx_word' id='word_1_621' title='bbox 332 2120 518 2145; x_wconf 87' lang='lat' dir='ltr'><strong>communem,</strong></span> <span class='ocrx_word' id='word_1_622' title='bbox 533 2121 614 2148; x_wconf 88' lang='lat' dir='ltr'><strong>quam</strong></span> <span class='ocrx_word' id='word_1_623' title='bbox 632 2122 728 2142; x_wconf 90' lang='lat' dir='ltr'><strong>omnes</strong></span> <span class='ocrx_word' id='word_1_624' title='bbox 740 2114 848 2142; x_wconf 79' lang='lat' dir='ltr'><strong>inibant</strong></span> <span class='ocrx_word' id='word_1_625' title='bbox 860 2115 991 2149; x_wconf 82' lang='lat' dir='ltr'><strong>quotidie.</strong></span> <span class='ocrx_word' id='word_1_626' title='bbox 1006 2116 1054 2143; x_wconf 90' lang='lat' dir='ltr'><strong>sed</strong></span> 
     </span>
    </p>
   </div>
   <div class='ocr_carea' id='block_1_85' title="bbox 1106 2111 1901 2150">
    <p class='ocr_par' dir='ltr' id='par_1_85' title="bbox 1110 2111 1901 2150">
     <span class='ocr_line' id='line_1_85' title="bbox 1110 2111 1901 2150; baseline -0.004 -9"><span class='ocrx_word' id='word_1_627' title='bbox 1110 2115 1202 2150; x_wconf 84' lang='grc' dir='ltr'>κοινῆς</span> <span class='ocrx_word' id='word_1_628' title='bbox 1218 2114 1319 2149; x_wconf 80' lang='grc' dir='ltr'>ταύτης</span> <span class='ocrx_word' id='word_1_629' title='bbox 1336 2114 1388 2140; x_wconf 81' lang='grc' dir='ltr'><strong>ὑπὸ</strong></span> <span class='ocrx_word' id='word_1_630' title='bbox 1403 2113 1512 2140; x_wconf 84' lang='grc' dir='ltr'>πάντων</span> <span class='ocrx_word' id='word_1_631' title='bbox 1527 2112 1588 2139; x_wconf 77' lang='grc' dir='ltr'>καθ’</span> <span class='ocrx_word' id='word_1_632' title='bbox 1601 2111 1722 2147; x_wconf 76' lang='grc' dir='ltr'>ἑκάστην</span> <span class='ocrx_word' id='word_1_633' title='bbox 1738 2113 1901 2147; x_wconf 80' lang='grc' dir='ltr'>ὸδευομένης</span> 
     </span>
    </p>
   </div>
   <div class='ocr_carea' id='block_1_86' title="bbox 267 2157 1054 2194">
    <p class='ocr_par' dir='ltr' id='par_1_86' title="bbox 267 2157 1053 2194">
     <span class='ocr_line' id='line_1_86' title="bbox 267 2157 1053 2194; baseline 0.004 -11"><span class='ocrx_word' id='word_1_634' title='bbox 267 2157 467 2193; x_wconf 77' lang='lat' dir='ltr'><strong>longissimam,</strong></span> <span class='ocrx_word' id='word_1_635' title='bbox 483 2166 542 2193; x_wconf 73' lang='lat' dir='ltr'><strong>qum</strong></span> <span class='ocrx_word' id='word_1_636' title='bbox 555 2166 628 2193; x_wconf 70' lang='lat' dir='ltr'><strong>saepe</strong></span> <span class='ocrx_word' id='word_1_637' title='bbox 645 2159 677 2186; x_wconf 87' lang='lat' dir='ltr'><strong>ad</strong></span> <span class='ocrx_word' id='word_1_638' title='bbox 695 2163 810 2194; x_wconf 85' lang='lat' dir='ltr'><strong>septem,</strong></span> <span class='ocrx_word' id='word_1_639' title='bbox 829 2167 900 2194; x_wconf 56' lang='lat' dir='ltr'><strong>saepe</strong></span> <span class='ocrx_word' id='word_1_640' title='bbox 914 2159 947 2187; x_wconf 91' lang='lat' dir='ltr'><strong>ad</strong></span> <span class='ocrx_word' id='word_1_641' title='bbox 960 2159 1053 2186; x_wconf 86' lang='lat' dir='ltr'><strong>decem</strong></span> 
     </span>
    </p>
   </div>
   <div class='ocr_carea' id='block_1_87' title="bbox 1106 2157 1900 2194">
    <p class='ocr_par' dir='ltr' id='par_1_87' title="bbox 1109 2157 1900 2194">
     <span class='ocr_line' id='line_1_87' title="bbox 1109 2157 1900 2194; baseline -0.003 -9"><span class='ocrx_word' id='word_1_642' title='bbox 1109 2159 1224 2194; x_wconf 81' lang='grc' dir='ltr'>ἡμέραν,</span> <span class='ocrx_word' id='word_1_643' title='bbox 1241 2158 1308 2185; x_wconf 81' lang='grc' dir='ltr'>ἀλλὰ</span> <span class='ocrx_word' id='word_1_644' title='bbox 1334 2158 1385 2193; x_wconf 85' lang='grc' dir='ltr'>τῆς</span> <span class='ocrx_word' id='word_1_645' title='bbox 1409 2157 1596 2192; x_wconf 82' lang='grc' dir='ltr'>μακροτάτης,</span> <span class='ocrx_word' id='word_1_646' title='bbox 1619 2157 1667 2184; x_wconf 76' lang='grc' dir='ltr'><strong>καὶ</strong></span> <span class='ocrx_word' id='word_1_647' title='bbox 1696 2157 1830 2188; x_wconf 81' lang='grc' dir='ltr'>πολλάκις</span> <span class='ocrx_word' id='word_1_648' title='bbox 1856 2158 1900 2191; x_wconf 83' lang='grc' dir='ltr'>μὲν</span> 
     </span>
    </p>
   </div>
   <div class='ocr_carea' id='block_1_88' title="bbox 262 2203 1054 2252">
    <p class='ocr_par' dir='ltr' id='par_1_88' title="bbox 262 2204 1054 2240">
     <span class='ocr_line' id='line_1_88' title="bbox 262 2204 1054 2240; baseline 0.004 -10"><span class='ocrx_word' id='word_1_649' title='bbox 262 2211 373 2239; x_wconf 81' lang='lat' dir='ltr'><strong>quoque</strong></span> <span class='ocrx_word' id='word_1_650' title='bbox 389 2204 495 2232; x_wconf 88' lang='lat' dir='ltr'><strong>dierum</strong></span> <span class='ocrx_word' id='word_1_651' title='bbox 521 2205 573 2232; x_wconf 82' lang='lat' dir='ltr'><strong>iter</strong></span> <span class='ocrx_word' id='word_1_652' title='bbox 597 2205 812 2240; x_wconf 83' lang='lat' dir='ltr'><strong>producebatur.</strong></span> <span class='ocrx_word' id='word_1_653' title='bbox 835 2205 860 2233; x_wconf 89' lang='lat' dir='ltr'><strong>ls</strong></span> <span class='ocrx_word' id='word_1_654' title='bbox 884 2210 974 2233; x_wconf 86' lang='lat' dir='ltr'><strong>autem</strong></span> <span class='ocrx_word' id='word_1_655' title='bbox 995 2210 1054 2233; x_wconf 80' lang='lat' dir='ltr'><strong>erat</strong></span> 
     </span>
    </p>
   </div>
   <div class='ocr_carea' id='block_1_89' title="bbox 1106 2203 1901 2252">
    <p class='ocr_par' dir='ltr' id='par_1_89' title="bbox 1108 2203 1901 2240">
     <span class='ocr_line' id='line_1_89' title="bbox 1108 2203 1901 2240; baseline -0.004 -9"><span class='ocrx_word' id='word_1_656' title='bbox 1108 2205 1211 2240; x_wconf 81' lang='grc' dir='ltr'>ἡμέρας</span> <span class='ocrx_word' id='word_1_657' title='bbox 1229 2204 1310 2236; x_wconf 78' lang='grc' dir='ltr'>ἑπτὰ,</span> <span class='ocrx_word' id='word_1_658' title='bbox 1323 2204 1454 2235; x_wconf 80' lang='grc' dir='ltr'>πολλάκις</span> <span class='ocrx_word' id='word_1_659' title='bbox 1469 2203 1497 2230; x_wconf 81' lang='grc' dir='ltr'>δὲ</span> <span class='ocrx_word' id='word_1_660' title='bbox 1511 2204 1557 2230; x_wconf 81' lang='grc' dir='ltr'>καὶ</span> <span class='ocrx_word' id='word_1_661' title='bbox 1572 2203 1640 2229; x_wconf 82' lang='grc' dir='ltr'>δέκα</span> <span class='ocrx_word' id='word_1_662' title='bbox 1655 2203 1831 2238; x_wconf 70' lang='grc' dir='ltr'>κατεχούσης</span> <span class='ocrx_word' id='word_1_663' title='bbox 1842 2204 1901 2229; x_wconf 79' lang='grc' dir='ltr'>ἁπο-</span> 
     </span>
    </p>
   </div>
   <div class='ocr_carea' id='block_1_90' title="bbox 264 2245 1054 2286">
    <p class='ocr_par' dir='ltr' id='par_1_90' title="bbox 264 2248 1054 2282">
     <span class='ocr_line' id='line_1_90' title="bbox 264 2248 1054 2282; baseline 0.005 -7"><span class='ocrx_word' id='word_1_664' title='bbox 264 2248 467 2276; x_wconf 86' lang='lat' dir='ltr'><strong>celeberrimus</strong></span> <span class='ocrx_word' id='word_1_665' title='bbox 492 2249 632 2277; x_wconf 81' lang='lat' dir='ltr'><strong>Asterius.</strong></span> <span class='ocrx_word' id='word_1_666' title='bbox 647 2249 733 2282; x_wconf 87' lang='lat' dir='ltr'><strong>Quem</strong></span> <span class='ocrx_word' id='word_1_667' title='bbox 748 2257 811 2277; x_wconf 90' lang='lat' dir='ltr'><strong>eum</strong></span> <span class='ocrx_word' id='word_1_668' title='bbox 838 2250 950 2279; x_wconf 85' lang='lat' dir='ltr'><strong>divinus</strong></span> <span class='ocrx_word' id='word_1_669' title='bbox 972 2259 1054 2279; x_wconf 80' lang='lat' dir='ltr'><strong>senes</strong></span> 
     </span>
    </p>
   </div>
   <div class='ocr_carea' id='block_1_91' title="bbox 1106 2245 1900 2286">
    <p class='ocr_par' dir='ltr' id='par_1_91' title="bbox 1107 2245 1900 2286">
     <span class='ocr_line' id='line_1_91' title="bbox 1107 2245 1900 2286; baseline -0.003 -10"><span class='ocrx_word' id='word_1_670' title='bbox 1107 2250 1216 2286; x_wconf 84' lang='grc' dir='ltr'>δημίας.</span> <span class='ocrx_word' id='word_1_671' title='bbox 1236 2250 1373 2285; x_wconf 80' lang='grc' dir='ltr'>Ἀστέριος</span> <span class='ocrx_word' id='word_1_672' title='bbox 1390 2249 1418 2276; x_wconf 81' lang='grc' dir='ltr'>δὲ</span> <span class='ocrx_word' id='word_1_673' title='bbox 1429 2248 1462 2284; x_wconf 82' lang='grc' dir='ltr'>ἢν</span> <span class='ocrx_word' id='word_1_674' title='bbox 1477 2245 1556 2280; x_wconf 74' lang='grc' dir='ltr'>οὗτος</span> <span class='ocrx_word' id='word_1_675' title='bbox 1570 2250 1584 2275; x_wconf 92' lang='lat'><strong>6</strong></span> <span class='ocrx_word' id='word_1_676' title='bbox 1599 2248 1835 2283; x_wconf 74' lang='grc' dir='ltr'>πολυθρύλλητος.</span> <span class='ocrx_word' id='word_1_677' title='bbox 1851 2248 1900 2274; x_wconf 78' lang='grc' dir='ltr'>Τοῦ</span> 
     </span>
    </p>
   </div>
   <div class='ocr_carea' id='block_1_92' title="bbox 262 2294 1054 2331">
    <p class='ocr_par' dir='ltr' id='par_1_92' title="bbox 262 2295 1051 2330">
     <span class='ocr_line' id='line_1_92' title="bbox 262 2295 1051 2330; baseline 0.004 -9"><span class='ocrx_word' id='word_1_678' title='bbox 262 2295 430 2329; x_wconf 86' lang='lat' dir='ltr'><strong>prohiberet,</strong></span> <span class='ocrx_word' id='word_1_679' title='bbox 438 2299 464 2322; x_wconf 89' lang='lat' dir='ltr'><strong>et</strong></span> <span class='ocrx_word' id='word_1_680' title='bbox 478 2295 557 2330; x_wconf 81' lang='lat' dir='ltr'><strong>aquis</strong></span> <span class='ocrx_word' id='word_1_681' title='bbox 565 2295 843 2323; x_wconf 72' lang='lat' dir='ltr'><strong>careresolitudineni</strong></span> <span class='ocrx_word' id='word_1_682' title='bbox 862 2300 998 2329; x_wconf 86' lang='lat' dir='ltr'><strong>moneret,</strong></span> <span class='ocrx_word' id='word_1_683' title='bbox 1013 2296 1051 2324; x_wconf 49' lang='lat' dir='ltr'><strong>in.</strong></span> 
     </span>
    </p>
   </div>
   <div class='ocr_carea' id='block_1_93' title="bbox 1106 2294 1901 2331">
    <p class='ocr_par' dir='ltr' id='par_1_93' title="bbox 1106 2294 1901 2331">
     <span class='ocr_line' id='line_1_93' title="bbox 1106 2294 1901 2331; baseline -0.003 -9"><span class='ocrx_word' id='word_1_684' title='bbox 1106 2296 1135 2323; x_wconf 75' lang='grc' dir='ltr'>δὲ</span> <span class='ocrx_word' id='word_1_685' title='bbox 1150 2296 1294 2322; x_wconf 85' lang='grc' dir='ltr'>θεσπεσίου</span> <span class='ocrx_word' id='word_1_686' title='bbox 1323 2295 1477 2331; x_wconf 74' lang='grc' dir='ltr'>πρεσϐύτου</span> <span class='ocrx_word' id='word_1_687' title='bbox 1492 2295 1540 2322; x_wconf 79' lang='grc' dir='ltr'>τὸν</span> <span class='ocrx_word' id='word_1_688' title='bbox 1554 2294 1616 2322; x_wconf 83' lang='grc' dir='ltr'>νέον</span> <span class='ocrx_word' id='word_1_689' title='bbox 1630 2294 1843 2326; x_wconf 77' lang='grc' dir='ltr'>διακωλύοντος,</span> <span class='ocrx_word' id='word_1_690' title='bbox 1857 2294 1901 2320; x_wconf 68' lang='grc' dir='ltr'>καὶ</span> 
     </span>
    </p>
   </div>
   <div class='ocr_carea' id='block_1_94' title="bbox 262 2339 1054 2377">
    <p class='ocr_par' dir='ltr' id='par_1_94' title="bbox 262 2339 1054 2371">
     <span class='ocr_line' id='line_1_94' title="bbox 262 2339 1054 2371; baseline 0.001 -4"><span class='ocrx_word' id='word_1_691' title='bbox 262 2340 354 2367; x_wconf 85' lang='lat' dir='ltr'><strong>stabat</strong></span> <span class='ocrx_word' id='word_1_692' title='bbox 374 2339 545 2371; x_wconf 80' lang='lat' dir='ltr'><strong>adolescens,</strong></span> <span class='ocrx_word' id='word_1_693' title='bbox 560 2339 712 2367; x_wconf 84' lang='lat' dir='ltr'><strong>obsecrans</strong></span> <span class='ocrx_word' id='word_1_694' title='bbox 728 2344 757 2366; x_wconf 90' lang='lat' dir='ltr'><strong>ut</strong></span> <span class='ocrx_word' id='word_1_695' title='bbox 772 2339 824 2367; x_wconf 87' lang='lat' dir='ltr'><strong>hoc</strong></span> <span class='ocrx_word' id='word_1_696' title='bbox 839 2340 864 2368; x_wconf 90' lang='lat' dir='ltr'><strong>ei</strong></span> <span class='ocrx_word' id='word_1_697' title='bbox 878 2340 980 2368; x_wconf 90' lang='lat' dir='ltr'><strong>donum</strong></span> <span class='ocrx_word' id='word_1_698' title='bbox 992 2349 1054 2368; x_wconf 90' lang='lat' dir='ltr'><strong>con-</strong></span> 
     </span>
    </p>
   </div>
   <div class='ocr_carea' id='block_1_95' title="bbox 1106 2339 1902 2377">
    <p class='ocr_par' dir='ltr' id='par_1_95' title="bbox 1106 2340 1902 2377">
     <span class='ocr_line' id='line_1_95' title="bbox 1106 2340 1902 2377; baseline -0.001 -9"><span class='ocrx_word' id='word_1_699' title='bbox 1106 2342 1155 2376; x_wconf 82' lang='grc' dir='ltr'>τῆς</span> <span class='ocrx_word' id='word_1_700' title='bbox 1172 2342 1278 2377; x_wconf 76' lang='grc' dir='ltr'>ἐρήμου</span> <span class='ocrx_word' id='word_1_701' title='bbox 1295 2341 1326 2368; x_wconf 80' lang='grc' dir='ltr'><strong>τὸ</strong></span> <span class='ocrx_word' id='word_1_702' title='bbox 1345 2341 1459 2376; x_wconf 76' lang='grc' dir='ltr'>ἄνυδρον</span> <span class='ocrx_word' id='word_1_703' title='bbox 1473 2341 1609 2374; x_wconf 89' lang='grc' dir='ltr'>λέγοντος,</span> <span class='ocrx_word' id='word_1_704' title='bbox 1627 2340 1757 2367; x_wconf 70' lang='grc' dir='ltr'>ἐπέκειτο</span> <span class='ocrx_word' id='word_1_705' title='bbox 1781 2340 1902 2375; x_wconf 75' lang='grc' dir='ltr'>λιπαρῶν</span> 
     </span>
    </p>
   </div>
   <div class='ocr_carea' id='block_1_96' title="bbox 261 2384 1054 2423">
    <p class='ocr_par' dir='ltr' id='par_1_96' title="bbox 261 2384 1054 2419">
     <span class='ocr_line' id='line_1_96' title="bbox 261 2384 1054 2419; baseline 0.003 -7"><span class='ocrx_word' id='word_1_706' title='bbox 261 2385 381 2412; x_wconf 86' lang='lat' dir='ltr'><strong>cederet.</strong></span> <span class='ocrx_word' id='word_1_707' title='bbox 398 2384 493 2412; x_wconf 87' lang='lat' dir='ltr'><strong>Victus</strong></span> <span class='ocrx_word' id='word_1_708' title='bbox 508 2392 573 2419; x_wconf 80' lang='lat' dir='ltr'><strong>ergo</strong></span> <span class='ocrx_word' id='word_1_709' title='bbox 591 2384 719 2419; x_wconf 89' lang='lat' dir='ltr'><strong>precibus</strong></span> <span class='ocrx_word' id='word_1_710' title='bbox 729 2385 813 2413; x_wconf 86' lang='lat' dir='ltr'><strong>cessit</strong></span> <span class='ocrx_word' id='word_1_711' title='bbox 835 2393 918 2414; x_wconf 86' lang='lat' dir='ltr'><strong>senex</strong></span> <span class='ocrx_word' id='word_1_712' title='bbox 936 2395 942 2413; x_wconf 72' lang='grc' dir='ltr'><strong>ε</strong></span> <span class='ocrx_word' id='word_1_713' title='bbox 960 2391 988 2414; x_wconf 90' lang='lat' dir='ltr'><strong>et</strong></span> <span class='ocrx_word' id='word_1_714' title='bbox 1011 2387 1054 2414; x_wconf 87' lang='lat' dir='ltr'><strong>ille</strong></span> 
     </span>
    </p>
   </div>
   <div class='ocr_carea' id='block_1_97' title="bbox 1106 2384 1901 2423">
    <p class='ocr_par' dir='ltr' id='par_1_97' title="bbox 1106 2385 1901 2423">
     <span class='ocr_line' id='line_1_97' title="bbox 1106 2385 1901 2423; baseline -0.001 -9"><span class='ocrx_word' id='word_1_715' title='bbox 1106 2387 1121 2414; x_wconf 90' lang='lat'><strong>6</strong></span> <span class='ocrx_word' id='word_1_716' title='bbox 1135 2388 1193 2419; x_wconf 83' lang='grc' dir='ltr'>νέος</span> <span class='ocrx_word' id='word_1_717' title='bbox 1210 2387 1313 2423; x_wconf 86' lang='grc' dir='ltr'>ταύτης</span> <span class='ocrx_word' id='word_1_718' title='bbox 1338 2387 1490 2414; x_wconf 78' lang='grc' dir='ltr'>ἀπολαῦσαι</span> <span class='ocrx_word' id='word_1_719' title='bbox 1503 2386 1553 2422; x_wconf 84' lang='grc' dir='ltr'>τῆς</span> <span class='ocrx_word' id='word_1_720' title='bbox 1580 2387 1697 2423; x_wconf 82' lang='grc' dir='ltr'>δωρεᾶς.</span> <span class='ocrx_word' id='word_1_721' title='bbox 1715 2387 1860 2421; x_wconf 77' lang='grc' dir='ltr'>Ἠττηθεὶς</span> <span class='ocrx_word' id='word_1_722' title='bbox 1875 2385 1901 2413; x_wconf 66' lang='grc' dir='ltr'>ἃ</span> 
     </span>
    </p>
   </div>
   <div class='ocr_carea' id='block_1_98' title="bbox 265 2429 1057 2467">
    <p class='ocr_par' dir='ltr' id='par_1_98' title="bbox 265 2429 1057 2467">
     <span class='ocr_line' id='line_1_98' title="bbox 265 2429 1057 2467; baseline 0.001 -9"><span class='ocrx_word' id='word_1_723' title='bbox 265 2431 445 2465; x_wconf 78' lang='lat' dir='ltr'><strong>sequebatur,</strong></span> <span class='ocrx_word' id='word_1_724' title='bbox 462 2430 552 2464; x_wconf 87' lang='lat' dir='ltr'><strong>primo</strong></span> <span class='ocrx_word' id='word_1_725' title='bbox 567 2429 680 2465; x_wconf 90' lang='lat' dir='ltr'><strong>quidem</strong></span> <span class='ocrx_word' id='word_1_726' title='bbox 696 2430 844 2459; x_wconf 80' lang='lat' dir='ltr'><strong>alacriter:</strong></span> <span class='ocrx_word' id='word_1_727' title='bbox 861 2431 910 2459; x_wconf 90' lang='lat' dir='ltr'><strong>sed</strong></span> <span class='ocrx_word' id='word_1_728' title='bbox 927 2435 989 2467; x_wconf 88' lang='lat' dir='ltr'><strong>post</strong></span> <span class='ocrx_word' id='word_1_729' title='bbox 1002 2433 1057 2467; x_wconf 90' lang='lat' dir='ltr'><strong>pri-</strong></span> 
     </span>
    </p>
   </div>
   <div class='ocr_carea' id='block_1_99' title="bbox 263 2476 1056 2512">
    <p class='ocr_par' dir='ltr' id='par_1_99' title="bbox 263 2476 1056 2512">
     <span class='ocr_line' id='line_1_99' title="bbox 263 2476 1056 2512; baseline 0.008 -11"><span class='ocrx_word' id='word_1_730' title='bbox 263 2483 338 2503; x_wconf 88' lang='lat' dir='ltr'><strong>mum</strong></span> <span class='ocrx_word' id='word_1_731' title='bbox 355 2481 380 2503; x_wconf 87' lang='lat' dir='ltr'><strong>et</strong></span> <span class='ocrx_word' id='word_1_732' title='bbox 396 2476 514 2502; x_wconf 86' lang='lat' dir='ltr'><strong>alterum</strong></span> <span class='ocrx_word' id='word_1_733' title='bbox 528 2483 561 2503; x_wconf 89' lang='lat' dir='ltr'><strong>ac</strong></span> <span class='ocrx_word' id='word_1_734' title='bbox 577 2476 690 2504; x_wconf 86' lang='lat' dir='ltr'><strong>tertium</strong></span> <span class='ocrx_word' id='word_1_735' title='bbox 717 2477 790 2505; x_wconf 89' lang='lat' dir='ltr'><strong>diem</strong></span> <span class='ocrx_word' id='word_1_736' title='bbox 817 2478 954 2512; x_wconf 86' lang='lat' dir='ltr'><strong>elapsum,</strong></span> <span class='ocrx_word' id='word_1_737' title='bbox 971 2479 1056 2508; x_wconf 83' lang='lat' dir='ltr'><strong>radiis</strong></span> 
     </span>
    </p>
   </div>
   <div class='ocr_carea' id='block_1_100' title="bbox 263 2520 1053 2560">
    <p class='ocr_par' dir='ltr' id='par_1_100' title="bbox 263 2520 1053 2560">
     <span class='ocr_line' id='line_1_100' title="bbox 263 2520 1053 2560; baseline 0.006 -13"><span class='ocrx_word' id='word_1_738' title='bbox 263 2521 330 2548; x_wconf 84' lang='lat' dir='ltr'><strong>solis</strong></span> <span class='ocrx_word' id='word_1_739' title='bbox 349 2520 450 2548; x_wconf 83' lang='lat' dir='ltr'><strong>ardens</strong></span> <span class='ocrx_word' id='word_1_740' title='bbox 475 2521 578 2556; x_wconf 63' lang='lat' dir='ltr'><strong>(aestas</strong></span> <span class='ocrx_word' id='word_1_741' title='bbox 595 2522 669 2549; x_wconf 91' lang='lat' dir='ltr'><strong>enim</strong></span> <span class='ocrx_word' id='word_1_742' title='bbox 689 2528 760 2556; x_wconf 82' lang='lat' dir='ltr'><strong>erat,</strong></span> <span class='ocrx_word' id='word_1_743' title='bbox 781 2528 808 2550; x_wconf 91' lang='lat' dir='ltr'><strong>et</strong></span> <span class='ocrx_word' id='word_1_744' title='bbox 832 2524 940 2560; x_wconf 77' lang='lat' dir='ltr'><strong>vigente</strong></span> <span class='ocrx_word' id='word_1_745' title='bbox 957 2529 1053 2552; x_wconf 60' lang='lat' dir='ltr'><strong>aestate</strong></span> 
     </span>
    </p>
   </div>
   <div class='ocr_carea' id='block_1_101' title="bbox 263 2566 1054 2605">
    <p class='ocr_par' dir='ltr' id='par_1_101' title="bbox 263 2566 1054 2605">
     <span class='ocr_line' id='line_1_101' title="bbox 263 2566 1054 2605; baseline 0.01 -13"><span class='ocrx_word' id='word_1_746' title='bbox 263 2567 373 2593; x_wconf 82' lang='lat' dir='ltr'><strong>ﬂamma</strong></span> <span class='ocrx_word' id='word_1_747' title='bbox 387 2566 453 2594; x_wconf 83' lang='lat' dir='ltr'><strong>solis</strong></span> <span class='ocrx_word' id='word_1_748' title='bbox 461 2571 502 2595; x_wconf 89' lang='lat' dir='ltr'><strong>est</strong></span> <span class='ocrx_word' id='word_1_749' title='bbox 513 2567 678 2604; x_wconf 86' lang='lat' dir='ltr'><strong>ardentior),</strong></span> <span class='ocrx_word' id='word_1_750' title='bbox 696 2570 742 2597; x_wconf 89' lang='lat' dir='ltr'><strong>siti</strong></span> <span class='ocrx_word' id='word_1_751' title='bbox 755 2575 889 2605; x_wconf 87' lang='lat' dir='ltr'><strong>perpetuo</strong></span> <span class='ocrx_word' id='word_1_752' title='bbox 901 2571 1054 2600; x_wconf 82' lang='lat' dir='ltr'><strong>laborabat.</strong></span> 
     </span>
    </p>
   </div>
   <div class='ocr_carea' id='block_1_102' title="bbox 263 2611 1053 2654">
    <p class='ocr_par' dir='ltr' id='par_1_102' title="bbox 263 2611 1053 2654">
     <span class='ocr_line' id='line_1_102' title="bbox 263 2611 1053 2654; baseline 0.011 -17"><span class='ocrx_word' id='word_1_753' title='bbox 263 2611 315 2638; x_wconf 67' lang='grc' dir='ltr'><strong>*Ει</strong></span> <span class='ocrx_word' id='word_1_754' title='bbox 329 2612 462 2647; x_wconf 88' lang='lat' dir='ltr'><strong>principio</strong></span> <span class='ocrx_word' id='word_1_755' title='bbox 477 2613 599 2648; x_wconf 86' lang='lat' dir='ltr'><strong>quidem,</strong></span> <span class='ocrx_word' id='word_1_756' title='bbox 615 2622 721 2643; x_wconf 88' lang='lat' dir='ltr'><strong>memor</strong></span> <span class='ocrx_word' id='word_1_757' title='bbox 734 2623 829 2643; x_wconf 88' lang='lat' dir='ltr'><strong>eorum</strong></span> <span class='ocrx_word' id='word_1_758' title='bbox 842 2625 905 2651; x_wconf 73' lang='lat' dir='ltr'><strong>qua:</strong></span> <span class='ocrx_word' id='word_1_759' title='bbox 920 2619 1053 2654; x_wconf 75' lang='lat' dir='ltr'><strong>magister</strong></span> 
     </span>
    </p>
   </div>
   <div class='ocr_carea' id='block_1_103' title="bbox 265 2656 1053 2694">
    <p class='ocr_par' dir='ltr' id='par_1_103' title="bbox 265 2656 1053 2694">
     <span class='ocr_line' id='line_1_103' title="bbox 265 2656 1053 2694; baseline 0.01 -12"><span class='ocrx_word' id='word_1_760' title='bbox 265 2656 439 2691; x_wconf 66' lang='lat' dir='ltr'><strong>praedixerat,</strong></span> <span class='ocrx_word' id='word_1_761' title='bbox 457 2659 584 2687; x_wconf 88' lang='lat' dir='ltr'><strong>morbum</strong></span> <span class='ocrx_word' id='word_1_762' title='bbox 598 2661 705 2694; x_wconf 83' lang='lat' dir='ltr'><strong>aperire</strong></span> <span class='ocrx_word' id='word_1_763' title='bbox 720 2668 774 2688; x_wconf 85' lang='lat' dir='ltr'><strong>non</strong></span> <span class='ocrx_word' id='word_1_764' title='bbox 790 2661 918 2689; x_wconf 83' lang='lat' dir='ltr'><strong>audebat.</strong></span> <span class='ocrx_word' id='word_1_765' title='bbox 934 2661 1053 2690; x_wconf 87' lang='lat' dir='ltr'><strong>Tandem</strong></span> 
     </span>
    </p>
   </div>
   <div class='ocr_carea' id='block_1_104' title="bbox 264 2703 1052 2741">
    <p class='ocr_par' dir='ltr' id='par_1_104' title="bbox 264 2703 1052 2741">
     <span class='ocr_line' id='line_1_104' title="bbox 264 2703 1052 2741; baseline 0.013 -14"><span class='ocrx_word' id='word_1_766' title='bbox 264 2709 330 2728; x_wconf 81' lang='lat' dir='ltr'><strong>vero</strong></span> <span class='ocrx_word' id='word_1_767' title='bbox 343 2703 443 2736; x_wconf 89' lang='lat' dir='ltr'><strong>victus,</strong></span> <span class='ocrx_word' id='word_1_768' title='bbox 456 2711 487 2731; x_wconf 89' lang='lat' dir='ltr'><strong>ac</strong></span> <span class='ocrx_word' id='word_1_769' title='bbox 504 2705 583 2740; x_wconf 86' lang='lat' dir='ltr'><strong>plane</strong></span> <span class='ocrx_word' id='word_1_770' title='bbox 594 2705 734 2741; x_wconf 80' lang='lat' dir='ltr'><strong>deﬁciens,</strong></span> <span class='ocrx_word' id='word_1_771' title='bbox 752 2715 844 2735; x_wconf 85' lang='lat' dir='ltr'><strong>senem</strong></span> <span class='ocrx_word' id='word_1_772' title='bbox 861 2709 950 2736; x_wconf 85' lang='lat' dir='ltr'><strong>oravit</strong></span> <span class='ocrx_word' id='word_1_773' title='bbox 964 2714 994 2737; x_wconf 89' lang='lat' dir='ltr'><strong>ut</strong></span> <span class='ocrx_word' id='word_1_774' title='bbox 1009 2711 1052 2737; x_wconf 90' lang='lat' dir='ltr'><strong>sui</strong></span> 
     </span>
    </p>
   </div>
   <div class='ocr_carea' id='block_1_105' title="bbox 265 2748 1044 2790">
    <p class='ocr_par' dir='ltr' id='par_1_105' title="bbox 265 2748 1044 2790">
     <span class='ocr_line' id='line_1_105' title="bbox 265 2748 1044 2790; baseline 0.012 -16"><span class='ocrx_word' id='word_1_775' title='bbox 265 2748 449 2777; x_wconf 84' lang='lat' dir='ltr'><strong>misereretur.</strong></span> <span class='ocrx_word' id='word_1_776' title='bbox 470 2749 538 2778; x_wconf 86' lang='lat' dir='ltr'><strong>Tum</strong></span> <span class='ocrx_word' id='word_1_777' title='bbox 553 2751 608 2783; x_wconf 86' lang='lat' dir='ltr'><strong>ille,</strong></span> <span class='ocrx_word' id='word_1_778' title='bbox 621 2759 755 2780; x_wconf 86' lang='lat' dir='ltr'><strong>revocans</strong></span> <span class='ocrx_word' id='word_1_779' title='bbox 768 2753 797 2781; x_wconf 91' lang='lat' dir='ltr'><strong>in</strong></span> <span class='ocrx_word' id='word_1_780' title='bbox 811 2755 969 2782; x_wconf 91' lang='lat' dir='ltr'><strong>memoriam</strong></span> <span class='ocrx_word' id='word_1_781' title='bbox 983 2764 1044 2790; x_wconf 75' lang='lat' dir='ltr'><strong>qua:</strong></span> 
     </span>
    </p>
   </div>
   <div class='ocr_carea' id='block_1_106' title="bbox 265 2797 1046 2836">
    <p class='ocr_par' dir='ltr' id='par_1_106' title="bbox 265 2797 1046 2836">
     <span class='ocr_line' id='line_1_106' title="bbox 265 2797 1046 2836; baseline 0.013 -16"><span class='ocrx_word' id='word_1_782' title='bbox 265 2800 472 2829; x_wconf 72' lang='lat' dir='ltr'><strong>przemonuerat,</strong></span> <span class='ocrx_word' id='word_1_783' title='bbox 486 2797 569 2832; x_wconf 80' lang='lat' dir='ltr'><strong>iussit</strong></span> <span class='ocrx_word' id='word_1_784' title='bbox 582 2806 644 2826; x_wconf 89' lang='lat' dir='ltr'><strong>eum</strong></span> <span class='ocrx_word' id='word_1_785' title='bbox 669 2800 776 2836; x_wconf 75' lang='lat'><strong>1126</strong></span> <span class='ocrx_word' id='word_1_786' title='bbox 787 2803 886 2829; x_wconf 89' lang='lat' dir='ltr'><strong>reverti</strong></span> <span class='ocrx_word' id='word_1_787' title='bbox 901 2811 907 2829; x_wconf 90' lang='lat'><strong>:</strong></span> <span class='ocrx_word' id='word_1_788' title='bbox 925 2803 972 2830; x_wconf 77' lang='lat' dir='ltr'><strong>sed</strong></span> <span class='ocrx_word' id='word_1_789' title='bbox 984 2810 1046 2830; x_wconf 90' lang='lat' dir='ltr'><strong>cum</strong></span> 
     </span>
    </p>
   </div>
   <div class='ocr_carea' id='block_1_107' title="bbox 263 2841 1044 2882">
    <p class='ocr_par' dir='ltr' id='par_1_107' title="bbox 263 2841 1044 2882">
     <span class='ocr_line' id='line_1_107' title="bbox 263 2841 1044 2882; baseline 0.012 -16"><span class='ocrx_word' id='word_1_790' title='bbox 263 2841 367 2868; x_wconf 69' lang='lat' dir='ltr'><strong>(liceret</strong></span> <span class='ocrx_word' id='word_1_791' title='bbox 380 2843 554 2876; x_wconf 86' lang='lat' dir='ltr'><strong>adolescens,</strong></span> <span class='ocrx_word' id='word_1_792' title='bbox 580 2852 610 2872; x_wconf 89' lang='lat' dir='ltr'><strong>se</strong></span> <span class='ocrx_word' id='word_1_793' title='bbox 628 2853 677 2872; x_wconf 89' lang='lat' dir='ltr'><strong>nec</strong></span> <span class='ocrx_word' id='word_1_794' title='bbox 689 2846 760 2872; x_wconf 91' lang='lat' dir='ltr'><strong>viam</strong></span> <span class='ocrx_word' id='word_1_795' title='bbox 777 2849 849 2874; x_wconf 80' lang='lat' dir='ltr'><strong>scire</strong></span> <span class='ocrx_word' id='word_1_796' title='bbox 866 2855 926 2882; x_wconf 76' lang='lat' dir='ltr'><strong>qua:</strong></span> <span class='ocrx_word' id='word_1_797' title='bbox 941 2848 974 2875; x_wconf 88' lang='lat' dir='ltr'><strong>ad</strong></span> <span class='ocrx_word' id='word_1_798' title='bbox 994 2856 1044 2875; x_wconf 87' lang='lat' dir='ltr'><strong>an-</strong></span> 
     </span>
    </p>
   </div>
   <div class='ocr_carea' id='block_1_108' title="bbox 264 2886 1044 2926">
    <p class='ocr_par' dir='ltr' id='par_1_108' title="bbox 264 2886 1044 2926">
     <span class='ocr_line' id='line_1_108' title="bbox 264 2886 1044 2926; baseline 0.009 -14"><span class='ocrx_word' id='word_1_799' title='bbox 264 2889 335 2912; x_wconf 91' lang='lat' dir='ltr'><strong>trum</strong></span> <span class='ocrx_word' id='word_1_800' title='bbox 354 2886 444 2920; x_wconf 74' lang='lat' dir='ltr'><strong>ilucat,</strong></span> <span class='ocrx_word' id='word_1_801' title='bbox 471 2895 532 2921; x_wconf 87' lang='lat' dir='ltr'><strong>nec,</strong></span> <span class='ocrx_word' id='word_1_802' title='bbox 554 2889 576 2917; x_wconf 90' lang='lat' dir='ltr'><strong>si</strong></span> <span class='ocrx_word' id='word_1_803' title='bbox 605 2889 697 2923; x_wconf 79' lang='lat' dir='ltr'><strong>sciret,</strong></span> <span class='ocrx_word' id='word_1_804' title='bbox 718 2891 757 2917; x_wconf 92' lang='lat' dir='ltr'><strong>irc</strong></span> <span class='ocrx_word' id='word_1_805' title='bbox 775 2899 856 2926; x_wconf 87' lang='lat' dir='ltr'><strong>posse</strong></span> <span class='ocrx_word' id='word_1_806' title='bbox 875 2893 978 2920; x_wconf 87' lang='lat' dir='ltr'><strong>viribus</strong></span> <span class='ocrx_word' id='word_1_807' title='bbox 1001 2893 1044 2921; x_wconf 89' lang='lat' dir='ltr'><strong>siti</strong></span> 
     </span>
    </p>
   </div>
   <div class='ocr_carea' id='block_1_109' title="bbox 1105 2431 1899 2467">
    <p class='ocr_par' dir='ltr' id='par_1_109' title="bbox 1105 2431 1899 2467">
     <span class='ocr_line' id='line_1_109' title="bbox 1105 2431 1899 2467; baseline -0.003 -8"><span class='ocrx_word' id='word_1_808' title='bbox 1105 2434 1166 2464; x_wconf 84' lang='grc' dir='ltr'>ταῖς</span> <span class='ocrx_word' id='word_1_809' title='bbox 1179 2433 1295 2464; x_wconf 78' lang='grc' dir='ltr'>ἱκεσίαις</span> <span class='ocrx_word' id='word_1_810' title='bbox 1312 2432 1444 2460; x_wconf 78' lang='grc' dir='ltr'>ὲνέδωκεν</span> <span class='ocrx_word' id='word_1_811' title='bbox 1461 2433 1475 2459; x_wconf 80' lang='grc' dir='ltr'>ὁ</span> <span class='ocrx_word' id='word_1_812' title='bbox 1490 2432 1659 2467; x_wconf 79' lang='grc' dir='ltr'>πρεσΰύτης”</span> <span class='ocrx_word' id='word_1_813' title='bbox 1683 2433 1698 2458; x_wconf 92' lang='lat'><strong>6</strong></span> <span class='ocrx_word' id='word_1_814' title='bbox 1713 2431 1744 2458; x_wconf 78' lang='grc' dir='ltr'>δὲ</span> <span class='ocrx_word' id='word_1_815' title='bbox 1756 2431 1899 2466; x_wconf 65' lang='grc' dir='ltr'>ἠκολούθει</span> 
     </span>
    </p>
   </div>
   <div class='ocr_carea' id='block_1_110' title="bbox 1107 2477 1899 2515">
    <p class='ocr_par' dir='ltr' id='par_1_110' title="bbox 1107 2477 1899 2515">
     <span class='ocr_line' id='line_1_110' title="bbox 1107 2477 1899 2515; baseline -0.003 -9"><span class='ocrx_word' id='word_1_816' title='bbox 1107 2479 1141 2506; x_wconf 82' lang='grc' dir='ltr'><strong>τὰ</strong></span> <span class='ocrx_word' id='word_1_817' title='bbox 1155 2479 1204 2515; x_wconf 75' lang='grc' dir='ltr'>μὲν</span> <span class='ocrx_word' id='word_1_818' title='bbox 1220 2479 1318 2515; x_wconf 84' lang='grc' dir='ltr'>πρῶτα</span> <span class='ocrx_word' id='word_1_819' title='bbox 1331 2478 1480 2514; x_wconf 85' lang='grc' dir='ltr'>προθύμως</span> <span class='ocrx_word' id='word_1_820' title='bbox 1496 2487 1502 2493; x_wconf 92' lang='grc'><strong>·</strong></span> <span class='ocrx_word' id='word_1_821' title='bbox 1515 2477 1629 2514; x_wconf 82' lang='grc' dir='ltr'>πρώτης</span> <span class='ocrx_word' id='word_1_822' title='bbox 1641 2477 1670 2504; x_wconf 80' lang='grc' dir='ltr'>δὲ</span> <span class='ocrx_word' id='word_1_823' title='bbox 1695 2478 1744 2504; x_wconf 78' lang='grc' dir='ltr'>καὶ</span> <span class='ocrx_word' id='word_1_824' title='bbox 1770 2478 1899 2513; x_wconf 78' lang='grc' dir='ltr'>δευτέρας</span> 
     </span>
    </p>
   </div>
   <div class='ocr_carea' id='block_1_111' title="bbox 1106 2523 1900 2559">
    <p class='ocr_par' dir='ltr' id='par_1_111' title="bbox 1106 2523 1900 2559">
     <span class='ocr_line' id='line_1_111' title="bbox 1106 2523 1900 2559; baseline 0 -9"><span class='ocrx_word' id='word_1_825' title='bbox 1106 2524 1154 2551; x_wconf 77' lang='grc' dir='ltr'>καὶ</span> <span class='ocrx_word' id='word_1_826' title='bbox 1186 2524 1282 2559; x_wconf 86' lang='grc' dir='ltr'>τρίτης</span> <span class='ocrx_word' id='word_1_827' title='bbox 1309 2524 1467 2559; x_wconf 81' lang='grc' dir='ltr'>διελθούσης</span> <span class='ocrx_word' id='word_1_828' title='bbox 1493 2524 1610 2559; x_wconf 85' lang='grc' dir='ltr'>ἡμέρας,</span> <span class='ocrx_word' id='word_1_829' title='bbox 1635 2523 1688 2550; x_wconf 74' lang='grc' dir='ltr'><strong>ὑπὸ</strong></span> <span class='ocrx_word' id='word_1_830' title='bbox 1713 2524 1765 2559; x_wconf 85' lang='grc' dir='ltr'>τῆς</span> <span class='ocrx_word' id='word_1_831' title='bbox 1788 2523 1900 2558; x_wconf 71' lang='grc' dir='ltr'>ἡλιακῆς</span> 
     </span>
    </p>
   </div>
   <div class='ocr_carea' id='block_1_112' title="bbox 1105 2568 1898 2606">
    <p class='ocr_par' dir='ltr' id='par_1_112' title="bbox 1105 2568 1898 2606">
     <span class='ocr_line' id='line_1_112' title="bbox 1105 2568 1898 2606; baseline -0.001 -9"><span class='ocrx_word' id='word_1_832' title='bbox 1105 2570 1213 2602; x_wconf 84' lang='grc' dir='ltr'>ἀκτῖνος</span> <span class='ocrx_word' id='word_1_833' title='bbox 1224 2570 1400 2605; x_wconf 84' lang='grc' dir='ltr'>φλεγόμενος·</span> <span class='ocrx_word' id='word_1_834' title='bbox 1415 2570 1493 2605; x_wconf 82' lang='grc' dir='ltr'>θέρος</span> <span class='ocrx_word' id='word_1_835' title='bbox 1508 2568 1613 2606; x_wconf 76' lang='grc' dir='ltr'>γὰρῆν,</span> <span class='ocrx_word' id='word_1_836' title='bbox 1623 2569 1800 2605; x_wconf 72' lang='grc' dir='ltr'>ἀκμάζοντος</span> <span class='ocrx_word' id='word_1_837' title='bbox 1815 2570 1844 2597; x_wconf 77' lang='grc' dir='ltr'>δὲ</span> <span class='ocrx_word' id='word_1_838' title='bbox 1856 2569 1898 2596; x_wconf 76' lang='grc' dir='ltr'>τοῦ</span> 
     </span>
    </p>
   </div>
   <div class='ocr_carea' id='block_1_113' title="bbox 1105 2614 1897 2651">
    <p class='ocr_par' dir='ltr' id='par_1_113' title="bbox 1105 2614 1897 2651">
     <span class='ocr_line' id='line_1_113' title="bbox 1105 2614 1897 2651; baseline 0 -10"><span class='ocrx_word' id='word_1_839' title='bbox 1105 2615 1200 2651; x_wconf 80' lang='grc' dir='ltr'>θέρους</span> <span class='ocrx_word' id='word_1_840' title='bbox 1225 2615 1406 2651; x_wconf 72' lang='grc' dir='ltr'>σφοδροτέραν</span> <span class='ocrx_word' id='word_1_841' title='bbox 1423 2614 1559 2650; x_wconf 82' lang='grc' dir='ltr'>δήπουθεν</span> <span class='ocrx_word' id='word_1_842' title='bbox 1575 2615 1703 2650; x_wconf 71' lang='grc' dir='ltr'>ἐπιφέρει</span> <span class='ocrx_word' id='word_1_843' title='bbox 1726 2615 1778 2651; x_wconf 82' lang='grc' dir='ltr'>τὴν</span> <span class='ocrx_word' id='word_1_844' title='bbox 1803 2615 1897 2650; x_wconf 82' lang='grc' dir='ltr'>φλόγα·</span> 
     </span>
    </p>
   </div>
   <div class='ocr_carea' id='block_1_114' title="bbox 1104 2660 1898 2697">
    <p class='ocr_par' dir='ltr' id='par_1_114' title="bbox 1104 2660 1898 2697">
     <span class='ocr_line' id='line_1_114' title="bbox 1104 2660 1898 2697; baseline 0 -9"><span class='ocrx_word' id='word_1_845' title='bbox 1104 2661 1175 2696; x_wconf 74' lang='grc' dir='ltr'>δίψει.</span> <span class='ocrx_word' id='word_1_846' title='bbox 1188 2661 1301 2688; x_wconf 82' lang='grc' dir='ltr'>διετέλει</span> <span class='ocrx_word' id='word_1_847' title='bbox 1315 2662 1490 2697; x_wconf 81' lang='grc' dir='ltr'>τρυχόμενος.</span> <span class='ocrx_word' id='word_1_848' title='bbox 1505 2661 1559 2688; x_wconf 69' lang='grc' dir='ltr'><strong>Καὶ</strong></span> <span class='ocrx_word' id='word_1_849' title='bbox 1573 2660 1604 2687; x_wconf 80' lang='grc' dir='ltr'>τὸ</span> <span class='ocrx_word' id='word_1_850' title='bbox 1617 2661 1666 2696; x_wconf 71' lang='grc' dir='ltr'>μιν</span> <span class='ocrx_word' id='word_1_851' title='bbox 1683 2661 1797 2696; x_wconf 84' lang='grc' dir='ltr'>πρῶτον</span> <span class='ocrx_word' id='word_1_852' title='bbox 1813 2662 1898 2694; x_wconf 75' lang='grc' dir='ltr'>ἀπαγ-</span> 
     </span>
    </p>
   </div>
   <div class='ocr_carea' id='block_1_115' title="bbox 1105 2706 1896 2742">
    <p class='ocr_par' dir='ltr' id='par_1_115' title="bbox 1105 2706 1896 2742">
     <span class='ocr_line' id='line_1_115' title="bbox 1105 2706 1896 2742; baseline 0 -10"><span class='ocrx_word' id='word_1_853' title='bbox 1105 2708 1209 2742; x_wconf 77' lang='grc' dir='ltr'>γέλλειν</span> <span class='ocrx_word' id='word_1_854' title='bbox 1225 2707 1255 2734; x_wconf 79' lang='grc' dir='ltr'>τὸ</span> <span class='ocrx_word' id='word_1_855' title='bbox 1272 2707 1357 2739; x_wconf 84' lang='grc' dir='ltr'>πάθος</span> <span class='ocrx_word' id='word_1_856' title='bbox 1368 2708 1511 2742; x_wconf 77' lang='grc' dir='ltr'>ᾐσχύνετο,</span> <span class='ocrx_word' id='word_1_857' title='bbox 1527 2706 1583 2732; x_wconf 84' lang='grc' dir='ltr'>τῶν</span> <span class='ocrx_word' id='word_1_858' title='bbox 1604 2707 1657 2733; x_wconf 82' lang='grc' dir='ltr'><strong>ὑπὸ</strong></span> <span class='ocrx_word' id='word_1_859' title='bbox 1673 2707 1721 2733; x_wconf 80' lang='grc' dir='ltr'>τοῦ</span> <span class='ocrx_word' id='word_1_860' title='bbox 1737 2706 1896 2734; x_wconf 71' lang='grc' dir='ltr'>διδασκάλου</span> 
     </span>
    </p>
   </div>
   <div class='ocr_carea' id='block_1_116' title="bbox 1105 2751 1893 2788">
    <p class='ocr_par' dir='ltr' id='par_1_116' title="bbox 1105 2751 1893 2788">
     <span class='ocr_line' id='line_1_116' title="bbox 1105 2751 1893 2788; baseline 0.001 -10"><span class='ocrx_word' id='word_1_861' title='bbox 1105 2752 1314 2788; x_wconf 70' lang='grc' dir='ltr'>προρρηθέντων</span> <span class='ocrx_word' id='word_1_862' title='bbox 1327 2752 1367 2784; x_wconf 85' lang='grc' dir='ltr'><strong>είς</strong></span> <span class='ocrx_word' id='word_1_863' title='bbox 1385 2752 1495 2787; x_wconf 78' lang='grc' dir='ltr'>μνήμην</span> <span class='ocrx_word' id='word_1_864' title='bbox 1509 2752 1668 2787; x_wconf 78' lang='grc' dir='ltr'>ἐρχόμενο;”</span> <span class='ocrx_word' id='word_1_865' title='bbox 1682 2751 1843 2787; x_wconf 82' lang='grc' dir='ltr'>ἡττώμενος</span> <span class='ocrx_word' id='word_1_866' title='bbox 1859 2751 1893 2782; x_wconf 74' lang='grc' dir='ltr'><strong>δὲ.</strong></span> 
     </span>
    </p>
   </div>
   <div class='ocr_carea' id='block_1_117' title="bbox 1105 2798 1894 2833">
    <p class='ocr_par' dir='ltr' id='par_1_117' title="bbox 1105 2798 1894 2833">
     <span class='ocr_line' id='line_1_117' title="bbox 1105 2798 1894 2833; baseline 0 -9"><span class='ocrx_word' id='word_1_867' title='bbox 1105 2799 1151 2825; x_wconf 71' lang='grc' dir='ltr'>καὶ</span> <span class='ocrx_word' id='word_1_868' title='bbox 1177 2798 1341 2833; x_wconf 75' lang='grc' dir='ltr'>λειποθυμία</span> <span class='ocrx_word' id='word_1_869' title='bbox 1365 2798 1559 2833; x_wconf 75' lang='grc' dir='ltr'>κατεχόμενος,</span> <span class='ocrx_word' id='word_1_870' title='bbox 1578 2799 1712 2833; x_wconf 77' lang='grc' dir='ltr'>οἰκτεῖραι</span> <span class='ocrx_word' id='word_1_871' title='bbox 1745 2798 1826 2824; x_wconf 80' lang='grc' dir='ltr'>αὑτὸν</span> <span class='ocrx_word' id='word_1_872' title='bbox 1855 2798 1894 2824; x_wconf 64' lang='grc' dir='ltr'>τὸν</span> 
     </span>
    </p>
   </div>
   <div class='ocr_carea' id='block_1_118' title="bbox 1104 2844 1893 2881">
    <p class='ocr_par' dir='ltr' id='par_1_118' title="bbox 1104 2844 1893 2881">
     <span class='ocr_line' id='line_1_118' title="bbox 1104 2844 1893 2881; baseline -0.003 -9"><span class='ocrx_word' id='word_1_873' title='bbox 1104 2845 1260 2881; x_wconf 80' lang='grc' dir='ltr'>πρεσῦύτην</span> <span class='ocrx_word' id='word_1_874' title='bbox 1285 2845 1414 2871; x_wconf 81' lang='grc' dir='ltr'>ἱκέτευεν·</span> <span class='ocrx_word' id='word_1_875' title='bbox 1427 2845 1441 2870; x_wconf 91' lang='lat'><strong>6</strong></span> <span class='ocrx_word' id='word_1_876' title='bbox 1454 2845 1491 2876; x_wconf 82' lang='grc' dir='ltr'>δὲ,</span> <span class='ocrx_word' id='word_1_877' title='bbox 1515 2844 1568 2870; x_wconf 78' lang='grc' dir='ltr'>τῶν</span> <span class='ocrx_word' id='word_1_878' title='bbox 1581 2845 1764 2880; x_wconf 71' lang='grc' dir='ltr'>προρρήσεων</span> <span class='ocrx_word' id='word_1_879' title='bbox 1779 2845 1893 2879; x_wconf 69' lang='grc' dir='ltr'>ἀναμνή-</span> 
     </span>
    </p>
   </div>
   <div class='ocr_carea' id='block_1_119' title="bbox 1103 2890 1891 2926">
    <p class='ocr_par' dir='ltr' id='par_1_119' title="bbox 1103 2890 1891 2926">
     <span class='ocr_line' id='line_1_119' title="bbox 1103 2890 1891 2926; baseline -0.005 -6"><span class='ocrx_word' id='word_1_880' title='bbox 1103 2901 1162 2924; x_wconf 85' lang='grc' dir='ltr'>σας,</span> <span class='ocrx_word' id='word_1_881' title='bbox 1184 2891 1292 2919; x_wconf 69' lang='grc' dir='ltr'>ἀπιέναι</span> <span class='ocrx_word' id='word_1_882' title='bbox 1308 2891 1388 2919; x_wconf 74' lang='grc' dir='ltr'>πάλιν</span> <span class='ocrx_word' id='word_1_883' title='bbox 1408 2891 1526 2918; x_wconf 74' lang='grc' dir='ltr'>ἐκέλευε.</span> <span class='ocrx_word' id='word_1_884' title='bbox 1555 2890 1609 2917; x_wconf 75' lang='grc' dir='ltr'><strong>Τοῦ</strong></span> <span class='ocrx_word' id='word_1_885' title='bbox 1639 2891 1667 2917; x_wconf 79' lang='grc' dir='ltr'>δὲ</span> <span class='ocrx_word' id='word_1_886' title='bbox 1683 2891 1744 2917; x_wconf 74' lang='grc' dir='ltr'>νέου</span> <span class='ocrx_word' id='word_1_887' title='bbox 1761 2891 1829 2926; x_wconf 78' lang='grc' dir='ltr'>μήτε</span> <span class='ocrx_word' id='word_1_888' title='bbox 1846 2890 1891 2924; x_wconf 78' lang='grc' dir='ltr'>τὴν</span> 
     </span>
    </p>
   </div>
  </div>
