2036 3122
181 203 248 237 1313

789 208 993 240 BELIGIOSA
1010 209 1202 242 HISTORIA.

1745 211 1811 245 13M

177 260 238 287 ὁδὸν
250 260 299 295 τὴν
314 259 359 287 ἐπὶ
369 261 399 287 τὺ
409 260 507 296 ἄντρον
519 261 654 296 φέρουσαν
664 261 822 289 ἐπίστασθαι
832 263 962 297 λέγοντος,

1019 265 1202 300 consumptis,
1220 264 1407 293 adolescentis
1433 265 1520 293 vicem
1546 266 1698 295 miseratus
1715 267 1756 295 vir
1767 267 1808 294 di-

180 307 248 341 μήτε
270 308 294 333 sl
317 306 446 341 γινώσκοι
462 306 590 334 δύνασθαι
612 308 790 341 ἀναϐαδίσαι,
809 309 859 344 τῆς
877 310 967 345 ἰσχύος

178 351 231 378 ὑπὸ
250 351 297 378 τοῦ
312 352 404 387 δίψους
423 352 635 388 δαπανηθείσης,
658 354 794 390 οἰκτείρας
808 356 822 382 ὁ
837 355 906 387 θεῖος
919 356 966 383 ἄν·

177 397 288 433 θρωπος
301 397 349 425 τοῦ
368 399 474 426 νεανίου
493 399 524 425 τὸ
550 399 645 431 πάθος,
667 400 713 426 καὶ
725 401 757 436 τῇ
778 401 823 427 τοῦ
841 402 967 437 σώματος

177 444 306 479 ἀσθενείᾳ
324 444 488 480 συγγνώμην
513 445 673 480 ἀπονείμας,
705 446 799 478 κλίνας
813 448 847 474 τὰ
866 448 967 480 γόνατα

177 490 223 517 τὸν
235 491 374 526 Δεσπότην
387 491 502 523 ἱκέτευε,
531 491 645 527 δάκρυσι
659 492 687 519 δέ
703 492 815 527 θερμοῖς
825 493 855 519 τὸ
871 493 967 528 ἔδαφος

178 537 285 572 έϐρεχε,
303 537 351 564 καὶ
377 537 459 573 πόρον
488 538 624 573 σωτηρίας
651 538 778 575 ἐπεζήτει
793 538 831 574 τῷ
851 539 913 573 νέῳ.
938 539 967 566 '0

176 582 205 609 δέ
217 583 301 609 ποιῶν
316 583 346 610 τδ
362 582 468 618 Θέλημα
484 583 538 611 τῶν
554 583 729 619 φοϐουμένων
756 584 846 616 αὑτὸν,
860 584 907 610 καὶ
917 583 967 619 τῆς

176 629 296 664 δεήσεως
305 629 396 656 αὐτῶν
419 630 581 663 είσακούων,
595 630 645 666 τὴν
658 630 711 657 τῶν
730 630 856 666 δακρύων
872 630 967 657 λιϐάδα

176 675 226 710 τῆς
241 676 342 707 κόνεως
370 675 512 712 ἁψαμένην
539 676 630 712 πηγὴν
651 676 756 703 ὑδάτων
775 676 968 712 ἀπέφηνε,καὶ

176 720 249 747 οὕτω
262 720 309 747 τοῦ
326 721 446 756 νάματος
458 722 649 758 ἐμφορηθέντα
664 722 711 749 τὸν
723 722 782 749 νέον
793 723 874 755 εὐθὺς
886 724 966 751 ἀπιέ-

177 773 221 792 ναι
239 766 415 802 προσέταξεν.
438 766 473 793 Ἦ
482 766 509 793 δὲ
524 768 600 802 πηγὴ
615 767 733 802 διέμεινε
747 767 828 804 μέχρι
843 768 891 795 καὶ
908 768 965 803 νῦν,

176 812 210 847 τῇ
219 812 354 847 Μωσαϊκῇ
366 811 413 839 τοῦ
428 811 572 839 θεσπεσίου
586 812 715 849 γέροντος
734 816 876 849 προσευχῇ
896 823 966 851 μαρ-

175 855 306 891 τυροῦσα.
320 857 454 892 Καθάπερ
468 857 522 893 γὰρ
539 858 643 890 ἐκεῖνος
656 858 740 886 πάλαι
755 860 820 887 ποτὲ
829 861 861 895 τῇ
875 861 966 897 ῥάϐδῳ

176 901 224 937 τὴν
236 903 338 939 πέτραν
360 903 468 939 ἐκείνην
493 904 542 939 τὴν
555 905 652 938 ἄγονον
679 905 794 940 πλήξας,
815 906 965 934 κατέκλυσε

176 949 348 983 ¹κοτιιμιαίων
363 949 467 977 ὑδάτων
488 951 591 984 γοναῖς,
608 950 651 977 ἵνα
674 951 724 983 τὰς
743 951 843 983 πολλὰς
858 953 966 985 ἐκείνας

176 993 298 1028 χιλιάδας
314 994 433 1029 διψώσας
457 995 596 1031 κορέσειεν
610 1005 617 1012 ⁸
643 996 728 1029 οὕτως
748 995 825 1029 οὗτος
850 999 863 1024 ὸ
883 994 964 1033 Οεῗος,

174 1038 224 1074 τὴν
250 1039 402 1075 ξηροτάτην
434 1041 542 1076 ἐκείνην
568 1041 680 1077 ψάμμον
702 1043 890 1078 καταρδεύσας
909 1045 965 1076 τοῖς

174 1084 302 1120 δάκρυσι,
327 1086 453 1121 πηγαίων
480 1087 608 1122 ναμάτων
633 1088 742 1115 εἵλκυσε
765 1089 898 1125 ῥεύματα,
916 1091 964 1126 ούχ

174 1130 217 1158 ῐνα
235 1132 340 1158 πολλῶν
366 1133 513 1168 μυριάδων,
524 1134 581 1160 ἀλλ’
595 1134 636 1161 ἵνα
654 1134 712 1166 ἐνὸς
724 1135 867 1170 μειρακίου
882 1136 964 1171 θερα-

173 1177 262 1214 πεύσῃ
277 1177 306 1204 τὸ
321 1178 405 1212 δίψος.
427 1178 496 1205 Ὑπὸ
518 1179 546 1206 δέ
567 1179 642 1212 θείας
663 1180 774 1215 χάριτος
799 1181 847 1216 τὴν
875 1182 964 1217 ψυχὴν

173 1223 368 1258 φωτιζόμενος,
395 1224 444 1259 τὴν
477 1224 609 1260 ἐσομένην
642 1225 681 1260 τῷ
718 1225 770 1260 νέῳ
807 1226 963 1262 τελειότητα

173 1267 299 1303 προεώρα
331 1269 402 1304 μάλα
428 1270 532 1304 σαφῶς.
557 1267 640 1302 Οὗτος
666 1271 719 1306 γὰρ
734 1272 840 1306 χρόνοις
856 1273 963 1304 πολλοῖς

173 1313 286 1349 ὕστερον
300 1315 353 1341 ὑπὸ
370 1316 420 1350 τῆς
447 1316 521 1346 θείας
539 1316 649 1351 χάριτος
673 1307 863 1352 προσκληθεὶς,
876 1318 913 1349 ὡς
929 1318 962 1344 ἂν

173 1360 220 1385 καὶ
235 1359 345 1395 ἐτέρους
370 1360 483 1392 πολλοὺς
500 1362 539 1392 εἰς
557 1362 606 1396 τὴν
626 1361 710 1397 αὐτὴν
729 1362 962 1398 παιδοτριϐήσειεν

172 1405 283 1441 ἀρετὴν,
297 1406 325 1432 ἐν
336 1408 391 1438 τοῖς
406 1407 470 1441 περί
485 1407 535 1442 τὴν
549 1407 678 1443 Γίνδαρον
698 1408 818 1442 χωρίοις,
835 1408 915 1444 κώμη
932 1409 960 1436 δὲ

172 1450 242 1486 αὕτη
260 1452 373 1487 μεγίστη
389 1452 476 1479 τελεῖν
493 1453 544 1479 ὑπὸ
555 1453 603 1489 τὴν
618 1453 782 1488 Ἀντιόχειαν
796 1455 959 1490 τεταγμένη,

170 1495 221 1531 τὴν
236 1497 389 1532 ἀσκητικὴν
414 1498 585 1533 παλαίστραν
616 1499 746 1533 ἐπήξατο.
773 1500 827 1525 Καὶ
846 1500 960 1531 πολλοὺς

173 1542 222 1576 μὲν
244 1543 291 1569 καὶ
317 1542 412 1575 ἄλλους
431 1543 590 1578 φιλοσοφίας
619 1543 687 1578 πρὸς
713 1544 809 1571 ἑαυτὸν
832 1545 957 1573 εἵλκυσεν

171 1587 302 1623 ἀθλητὰς,
315 1588 422 1615 εἵλκυσε
447 1589 474 1615 δὲ
503 1589 550 1615 καὶ
575 1589 622 1616 τὸν
639 1589 726 1624 μέγαν
754 1590 891 1623 ’Δκάκιον,
914 1591 960 1618 τὸν

171 1631 243 1658 πάνυ
257 1631 339 1665 λέγω,
357 1632 402 1658 τὸν
425 1632 642 1668 πολυθρύλλητον
654 1641 660 1648 ·
677 1633 706 1666 ὃς
723 1634 852 1670 διέπρεψε
869 1636 918 1671 μὲν
933 1637 962 1664 ἐν

172 1678 305 1712 μοναχικῇ
336 1677 468 1713 πολιτείᾳ,
497 1678 628 1713 λαμπρὰς
652 1678 680 1705 δὲ
705 1679 756 1711 τὰς
776 1680 889 1712 ἀκτῖνας
913 1681 963 1716 τῆς

171 1718 273 1757 ἀρετῆς
286 1722 447 1758 ἐξέπεμψεν,
463 1723 671 1759 ἀρχιερωσύνης
684 1725 827 1759 ἀξιωθεὶς,
843 1727 891 1753 καὶ
913 1727 962 1762 τὴν

171 1766 285 1802 Βέροιαν
298 1768 452 1803 ποιμαίνειν
469 1768 568 1803 λαχών.
593 1769 680 1796 Ὀκτὼ
694 1770 721 1797 δὲ
735 1767 781 1797 καὶ
793 1773 962 1808 πεντήκοντα

172 1813 220 1849 ἔτη
228 1814 278 1849 τῆς
289 1814 389 1849 ἀγέλης
400 1814 448 1850 τὴν
460 1809 605 1850 ἡγεμονίαν
619 1816 810 1852 ἐγχειρισθεὶς,
823 1817 872 1844 οὐκ
888 1818 961 1845 εἴασε

174 1861 223 1895 μὲν
251 1862 300 1896 τῆς
326 1861 479 1896 ἀσκητικῆς
505 1861 642 1894 πολιτείας
667 1862 697 1889 τὸ
713 1860 793 1896 εἶδος,
811 1864 962 1900 ἀσκητικὴν

171 1906 200 1933 δὲ
212 1907 259 1933 καὶ
275 1907 416 1942 πολιτικὴν
431 1907 561 1942 ἐκέρασεν
580 1908 680 1944 ἀρετήν
691 1917 697 1923 ·
720 1909 767 1935 καὶ
784 1909 833 1944 τῆς
851 1911 899 1945 μὲν
912 1911 962 1945 τὴν

172 1952 324 1988 ἀκρίϐειαν,
337 1953 387 1987 τῆς
408 1953 437 1979 δὲ
462 1953 511 1988 τὴν
524 1953 680 1988 οἰκονομίαν
706 1954 806 1986 λαϐὼν,
829 1956 870 1987 εἰς
889 1955 962 1982 ἕντά

171 1998 301 2025 διεστῶτα
319 1999 483 2033 συνήγαγεν.
505 1999 587 2026 Ἀλλὰ
614 1999 716 2034 ταύτης
732 2000 782 2034 τῆς
801 2000 903 2035 ἀρετῆς
915 2001 962 2026 καὶ

172 2044 318 2079 θηρευτὴς,
334 2044 382 2071 καὶ
408 2044 585 2080 παιδοτρίϐης
606 2045 744 2079 Ἀστέριος
770 2045 875 2077 ἐκεῖνος
899 2045 961 2079 ἐγέ-

172 2098 242 2122 νετο,
260 2090 287 2122 ὃς
303 2089 374 2116 οὕτω
395 2090 495 2125 θερμὸς
519 2090 567 2116 τοῦ
597 2090 716 2125 μεγάλου
743 2090 896 2125 πρεσϐύτου
921 2091 963 2117 δι»

175 2135 283 2170 έμεινεν
301 2135 430 2171 ἐραστὴς,
447 2135 484 2167 ὡς
493 2135 622 2167 πολλάκις
637 2136 685 2171 μὲν
701 2136 747 2162 καὶ
762 2135 802 2168 δὶς
814 2135 861 2162 τοῦ
875 2135 961 2168 ἔτους,

176 2181 302 2213 πολλάκις
313 2181 342 2208 δὲ
357 2182 425 2217 τρὶς,
444 2182 493 2217 τὴν
512 2182 580 2217 πρὸς
605 2181 686 2208 αὑτὸν
702 2181 856 2216 ἀποδημίαν
872 2182 962 2208 ποιεῖ-

174 2227 246 2254 σθαι.
268 2227 474 2262 Ἀφικνούμενος
488 2227 516 2253 δὲ
545 2227 655 2262 ἰσχάδας
680 2227 770 2254 εἰώθει
787 2229 842 2259 τοῖς
863 2227 962 2254 θιασώ-

1021 309 1117 341 vinus,
1132 313 1158 335 ct
1174 308 1356 335 imbecillitati
1371 310 1498 344 corporis
1515 310 1672 345 ignoscens,
1690 312 1808 347 genibus

1019 354 1097 381 [lexis
1128 354 1271 381 Dominum
1292 355 1390 387 oravit,
1421 356 1567 390 salumque
1591 358 1750 385 calentibus
1769 358 1809 384 la-

1017 401 1118 436 crymis
1150 401 1284 435 irrigavit,
1313 401 1385 427 viam
1414 402 1511 429 salutis
1542 404 1688 437 exquirens
1718 404 1810 431 adole-

1018 446 1117 473 scenti.
1134 445 1185 478 Qui
1211 449 1301 473 autem
1320 445 1386 472 facit
1400 446 1569 473 voluntatem
1600 447 1752 474 timentium
1769 449 1809 482 ip-

1018 497 1090 523 sum,
1103 497 1254 524 eorumque
1267 490 1421 517 orationem
1435 490 1559 522 exaudit,
1575 492 1663 519 stillas
1675 492 1809 527 lacryma-

1017 543 1078 562 rum
1111 535 1143 563 ad
1184 537 1322 571 pulverem
1357 537 1460 564 etIusas
1485 537 1512 564 in
1547 537 1649 564 fontem
1675 545 1808 572 aquarum

1017 583 1156 609 convertit
1176 591 1183 609 ι
1202 587 1229 610 et
1245 583 1287 610 sic
1311 582 1414 610 ﬂuento
1434 584 1569 618 repletum
1592 584 1808 617 adolescentem,

1017 628 1146 662 protinus
1163 629 1238 656 abire
1254 629 1355 664 jussit:
1369 634 1515 665 manetque
1533 629 1595 658 fons
1607 630 1634 657 in
1646 630 1807 657 hodiernum

1018 681 1107 708 usque
1128 674 1211 709 diem,
1229 674 1356 703 Mosaicae
1372 675 1457 702 divini
1473 676 1547 703 senis
1563 676 1699 703 orationis
1715 675 1806 703 ferens

1017 720 1218 747 testimonium.
1233 720 1469 753 Quemadmodum
1494 722 1566 749 enim
1585 722 1630 749 ille
1648 722 1723 754 olim,
1744 729 1808 749 cum

1017 764 1139 792 sterilem
1168 769 1273 799 petram
1300 766 1377 800 virga
1406 766 1603 801 percussisset,
1633 766 1808 794 exundantes

1017 816 1104 844 aquas
1116 810 1260 838 ﬂuviatiles
1277 812 1384 845 elicuit,
1404 815 1434 839 ut
1455 812 1542 839 multa
1560 812 1703 839 hominum
1721 812 1807 839 millia

1017 854 1064 881 siti
1091 855 1216 882 confecta
1236 856 1374 883 satiaret:
1393 857 1429 883 ita
1445 856 1491 884 hic
1518 856 1703 884 aridissimam
1729 857 1806 884 illam

1018 908 1130 929 arenam
1147 902 1268 937 irrigans
1282 902 1424 937 lacrymis,
1441 902 1507 930 fecit
1521 906 1551 930 ut
1574 902 1687 930 fontana
1705 903 1807 930 ﬂuenta

1018 951 1191 978 emanarent,
1219 955 1276 974 non
1305 952 1335 975 ut
1357 948 1506 975 multarum
1526 949 1694 984 myriadum,
1715 949 1760 976 sed
1777 953 1807 976 ut

1018 992 1101 1020 unius
1125 992 1311 1021 adolescentis
1331 994 1377 1021 siti
1399 993 1567 1021 mederetur.
1594 994 1685 1022 Mente
1703 995 1774 1022 enim
1792 1003 1806 1021 a

1016 1039 1109 1066 divina
1137 1040 1224 1074 gratia
1250 1040 1431 1071 illuminatus,
1467 1040 1589 1067 futuram
1622 1041 1807 1068 adolescentis

1016 1085 1211 1119 perfectionem
1222 1091 1313 1120 aperte
1323 1078 1498 1120 praividebat.
1513 1085 1563 1113 Hic
1574 1087 1709 1121 siquidem
1724 1087 1806 1121 longo

1016 1134 1078 1164 post
1094 1133 1229 1166 tempore,
1245 1131 1336 1157 divina
1349 1131 1486 1166 impulsus
1499 1133 1636 1167 gratia,ut
1649 1133 1717 1160 alios
1737 1141 1806 1168 quo-

1014 1184 1068 1211 que
1092 1177 1193 1205 multos
1206 1178 1238 1204 ad
1255 1178 1378 1205 eamdem
1392 1179 1521 1206 virtutem
1533 1185 1681 1213 exerceret,
1696 1181 1723 1207 in
1738 1181 1806 1208 locis

1013 1222 1134 1251 Gindaro
1143 1223 1312 1259 vicinis(qui
1328 1224 1404 1252 vicus
1415 1230 1456 1252 est
1466 1225 1602 1253 maximus
1617 1227 1670 1253 sub
1684 1226 1801 1253 Antioc-

1013 1269 1058 1296 hia
1069 1269 1250 1305 constitutus)
1266 1271 1423 1305 palaestram
1441 1271 1499 1298 ﬁxit
1512 1273 1691 1300 monasticam
1704 1277 1730 1299 et
1741 1281 1803 1300 cum

1012 1315 1081 1343 alios
1095 1316 1195 1343 multos
1208 1317 1241 1343 ad
1262 1324 1292 1344 se
1319 1318 1401 1345 traxit
1415 1317 1530 1344 athletas
1545 1317 1732 1352 philosophia,
1748 1323 1806 1345 tum

1012 1368 1138 1395 magnum
1146 1369 1254 1397 quoque
1261 1363 1341 1389 traxit
1351 1363 1804 1398 Acacium,summum,inquam,il—

1011 1405 1065 1432 lum
1074 1412 1100 1432 et
1108 1405 1177 1433 fama
1191 1407 1440 1442 clarissimum,qui
1449 1408 1535 1435 etvita
1544 1408 1805 1442 monastirallz']

1012 1451 1152 1484 cxcelluit,
1166 1456 1193 1479 et
1202 1453 1360 1487 splendidos
1369 1453 1478 1481 virtutis
1487 1453 1578 1481 radios
1587 1453 1675 1481 emisit
1683 1454 1804 1488 pontifex

1011 1501 1132 1530 creatus,
1145 1501 1171 1525 et
1184 1497 1327 1525 Berhmam
1343 1499 1511 1533 pascendam
1525 1500 1651 1526 sortitus.
1663 1499 1805 1534 Quinqua-

1011 1542 1085 1576 ginta
1095 1547 1183 1569 autem
1196 1546 1222 1570 et
1234 1546 1296 1570 octo
1310 1551 1356 1578 per
1373 1551 1460 1571 annos
1473 1544 1563 1578 gregis
1580 1551 1674 1571 curam
1691 1551 1801 1578 gerens,

1014 1588 1172 1615 monasticae
1185 1589 1247 1615 vitm
1264 1588 1380 1616 formam
1403 1597 1457 1616 non
1472 1589 1595 1624 reliquit,
1608 1589 1654 1616 sed
1667 1590 1802 1616 monasti-

1014 1640 1073 1659 cam
1092 1633 1255 1668 civilemque
1270 1634 1399 1661 virtutem
1412 1635 1493 1662 simul
1509 1635 1682 1669 temperavit,
1696 1635 1804 1662 etillius

1013 1678 1121 1712 quidem
1134 1684 1257 1706 exactam
1268 1687 1379 1707 sumens
1389 1679 1601 1714 perfectionem,
1614 1679 1698 1714 hujus
1711 1685 1802 1707 antem

1012 1723 1246 1758 dispensationem
1276 1732 1307 1752 ea
1324 1726 1351 1751 in
1380 1733 1465 1752 utium
1484 1733 1545 1760 quae
1569 1731 1648 1753 erant
1663 1726 1802 1760 disjuncta

1012 1769 1166 1804 conjunxit.
1185 1769 1319 1797 Cmterum
1345 1770 1428 1805 hujus
1458 1771 1567 1798 virtutis
1593 1775 1619 1798 et
1636 1775 1759 1803 venator,
1775 1775 1804 1799 et

1012 1815 1145 1850 magister
1174 1814 1225 1841 fuit
1254 1815 1389 1848 Asterius,
1409 1815 1457 1850 qui
1486 1816 1577 1850 magni
1606 1816 1680 1844 illius
1698 1817 1798 1845 'senis

1013 1864 1090 1888 tanto
1103 1868 1212 1895 semper
1227 1868 1321 1888 amore
1335 1862 1492 1892 tenebatur,
1506 1865 1535 1888 ut
1551 1862 1583 1889 ad
1596 1869 1658 1889 eum
1671 1869 1742 1896 saepe
1757 1862 1800 1889 bis

1011 1905 1040 1933 in
1066 1913 1149 1938 anno,
1165 1913 1238 1941 saepe
1254 1910 1297 1933 ter
1319 1906 1400 1934 etiam
1418 1906 1659 1941 proﬁcisceretur.
1679 1906 1801 1933 Veniens

1011 1956 1102 1979 autem
1129 1952 1236 1979 solebat
1253 1952 1360 1980 caricas
1386 1951 1484 1980 aﬂerre
1512 1952 1664 1984 sodalibus,
1681 1953 1733 1979 tria
1756 1952 1799 1979 vel

1011 2001 1130 2032 quatuor
1155 2005 1277 2025 onerans
1299 1998 1424 2032 jumenta
1441 2007 1447 2025 :
1462 1998 1534 2026 duos
1556 2006 1622 2026 vero
1642 1999 1795 2026 medimnos

1011 2043 1069 2070 seni
1087 2046 1144 2069 toto
1159 2050 1231 2070 anno
1256 2043 1421 2071 suﬂecturos
1445 2044 1590 2079 colligens,
1608 2044 1634 2071 id
1655 2052 1727 2072 onus
1743 2045 1801 2079 ipse

1012 2088 1135 2116 humeris
1158 2089 1217 2116 suis
1242 2089 1409 2123 imponebat,
1435 2089 1592 2124 iumentum
1618 2098 1647 2118 se
1668 2091 1800 2126 magistro

1012 2142 1062 2162 suo
1078 2135 1221 2161 exhibens.
1236 2135 1419 2169 Portabatque
1436 2136 1464 2163 id
1476 2143 1550 2163 onus
1568 2144 1623 2163 non
1640 2136 1736 2164 decem
1752 2137 1795 2163 vel

1011 2181 1107 2216 viginti
1124 2180 1278 2208 sradiorum
1307 2182 1408 2215 spatio,
1429 2182 1478 2209 sed
1497 2186 1554 2209 toto
1569 2186 1674 2216 septem
1694 2182 1799 2209 dierum

1012 2226 1118 2253 itinere.
1136 2226 1221 2259 Quem
1238 2234 1300 2253 cum
1321 2227 1469 2261 aliquando
1488 2228 1643 2254 caricarum
1661 2227 1799 2254 sarcinam

171 2283 231 2305 ταις
242 2273 365 2310 κομίζειν
381 2274 497 2310 τρισὶνῆ
512 2275 639 2310 τέτταρσι
655 2274 785 2306 ἐπιτιθεὶς
800 2275 910 2309 κτήνεσι
923 2274 957 2301 τὰ

1013 2272 1136 2300 humeris
1153 2276 1304 2307 gestantem
1330 2280 1413 2300 senex
1437 2272 1564 2303 vidisset,
1582 2279 1653 2307 πετο
1664 2272 1692 2299 id
1708 2271 1799 2299 terens

171 2319 280 2355 φορτία.
292 2320 344 2346 Δύο
358 2319 385 2346 δὲ
401 2320 547 2355 μεδίμνους
570 2319 716 2353 συλλέγων,
735 2318 772 2351 ὼς
793 2319 837 2346 διὰ
861 2319 960 2350 παντὸς

171 2365 218 2392 τοῦ
249 2365 325 2397 ἔτους
353 2364 528 2400 ἀποχρῶν-τας
554 2365 593 2400 τῷ
616 2366 734 2400 γέροντι,
767 2367 823 2397 τοῖς
851 2366 960 2398 οἰκείοις

175 2413 257 2447 ὤμοις
273 2411 393 2448 ἐπετίθει
413 2411 442 2438 τὺ
456 2411 577 2438 τοιοῦτον
600 2411 719 2446 φορτίον,
747 2412 845 2447 κτῆνος
865 2412 960 2438 ἑαυτὸν

173 2458 218 2483 τοῦ
234 2457 392 2484 διδασκάλου
407 2458 576 2493 ποιούμενος.
588 2458 643 2484 Καὶ
657 2458 735 2484 τοῦτο
752 2458 842 2493 φέρων
853 2458 883 2484 τὸ
894 2466 960 2493 φορ-

170 2504 228 2531 τίον
247 2503 379 2536 ἐϐάδιζεν,
395 2504 424 2530 ού
440 2503 505 2530 δέκα
523 2503 674 2539 σταδίουςῆ
693 2503 806 2536 εἴκοσιν,
815 2503 874 2529 ἀλλ’
890 2503 960 2530 ἑπτὰ

170 2548 282 2584 ἡμερῶν
306 2548 425 2582 ἐξανύων
448 2548 570 2583 πορείαν.
598 2548 653 2574 Καί
672 2556 737 2574 ποτε
759 2547 928 2582 Θεασάμενος
946 2548 960 2573 ὁ

172 2594 327 2630 πρεσϐύτης
342 2594 384 2620 ἐπ’
404 2594 486 2629 ὤμων
509 2594 589 2622 αὑτὸν
603 2594 722 2629 φέροντα
735 2594 765 2620 τὸ
778 2593 831 2620 τῶν
845 2594 960 2629 ἰσχάδων

171 2640 291 2675 φορτίον,
319 2640 484 2676 δυσχεράνας
512 2640 564 2674 ἔφη
586 2639 623 2675 μὴ
639 2639 804 2675 ποιήσασθαι
817 2638 850 2666 ἂν
874 2639 961 2667 ταῦτα

171 2687 285 2723 τροφήν.
304 2687 340 2714 Ού
352 2687 406 2722 γὰρ
420 2687 524 2713 δίκαιον
539 2687 643 2712 ἐκεῖνον
659 2685 708 2721 μὲν
718 2685 845 2712 τοσοῦτον
861 2686 961 2721 ὑπομέρ

171 2741 228 2759 νειν
255 2732 348 2764 κόπον,
374 2732 455 2759 αὑτὸν
482 2732 510 2758 δὲ
535 2733 591 2762 τοῖς
620 2731 729 2768 ἱδρῶσιν
754 2732 890 2767 ἐντρυφᾷν
903 2733 960 2764 τοῖς

172 2777 288 2805 ἐκείνου.
304 2778 356 2804 Τοῦ
385 2778 413 2804 δὲ
440 2777 662 2812 ἀπομοσαμένου,
691 2777 729 2808 ὼς
747 2777 797 2803 οὐκ
811 2777 960 2810 ἀπαλλάξει

172 2823 219 2850 τοῦ
235 2823 346 2858 φορτίου
371 2823 433 2855 τοὺς
457 2822 560 2857 ὤμους,
583 2823 607 2849 εἰ
631 2823 669 2857 μὴ
686 2821 930 2857 συνομολογήσειεν
945 2824 960 2850 ὁ

173 2868 328 2904 πρεσϐύτης
340 2867 541 2904 μεταλήψεσθαι
556 2869 605 2904 τῆς
629 2868 807 2903 κομισθείσης
832 2867 936 2903 τροφῆς
948 2876 957 2893 -.

176 2925 185 2941 ι
201 2915 319 2950 Ποιήσω,
335 2914 426 2949 ἔλεγεν
445 2915 459 2940 ὁ
482 2913 581 2949 γέρων,
605 2914 635 2940 τὸ
665 2913 858 2949 κελευόμενον,
877 2912 958 2949 μόνον

1012 2326 1124 2345 esurum
1136 2325 1165 2345 se
1185 2319 1303 2352 negavit.
1316 2317 1372 2345 Nec
1392 2318 1466 2345 enim
1493 2318 1601 2353 justum
1617 2325 1688 2349 esse,
1708 2322 1736 2344 ut
1753 2318 1799 2345 ille

1012 2369 1118 2392 tantum
1143 2364 1249 2392 subiret
1269 2364 1403 2397 laborem,
1428 2365 1487 2399 ipse
1513 2372 1578 2391 vero
1594 2363 1711 2391 delicate
1739 2364 1799 2399 ejus

1011 2411 1152 2438 laboribus
1162 2410 1309 2438 frueretur.
1327 2410 1380 2438 Sed
1393 2418 1456 2438 cum
1472 2410 1595 2445 jurasset
1612 2410 1668 2441 ille,
1688 2418 1718 2437 se
1729 2417 1798 2437 onus

1012 2457 1046 2484 ab
1060 2457 1184 2483 humeris
1208 2464 1263 2483 non
1293 2456 1495 2492 depositurum,
1520 2455 1573 2484 nisi
1589 2455 1673 2481 allato
1690 2454 1752 2481 cibo
1769 2462 1799 2481 se

1012 2511 1124 2530 usurum
1140 2510 1225 2530 senex
1236 2503 1412 2530 conﬁrmaret
1430 2511 1456 2529 ει
1472 2501 1592 2535 Faciam,
1604 2501 1692 2536 inquit
1705 2508 1797 2532 senex,

1011 2549 1084 2583 quod
1107 2549 1230 2583 jubetur,
1247 2553 1274 2576 tu
1288 2549 1368 2576 modo
1385 2555 1494 2576 saccum
1505 2547 1642 2582 extemplo
1656 2546 1771 2581 depone.
1786 2556 1796 2573 ι

1012 2593 1079 2620 Nam
1094 2594 1122 2621 in
1142 2593 1195 2621 hoc
1218 2601 1327 2629 quoque
1354 2593 1515 2621 imitabatur
1543 2593 1661 2627 primum
1688 2598 1799 2626 aposto-

1012 2639 1113 2671 lorum,
1127 2638 1175 2673 qui
1189 2645 1250 2665 cum
1264 2638 1347 2672 pedes
1363 2637 1425 2672 ejus
1438 2637 1531 2663 lavare
1554 2636 1687 2663 Dominus
1707 2635 1797 2665 vellet,

1010 2686 1129 2721 primum
1148 2686 1297 2717 recusavit,
1312 2692 1479 2720 magnopere
1492 2683 1631 2711 aﬂirmans
1642 2678 1739 2710 id'non
1757 2682 1798 2709 fu-

1012 2736 1124 2764 turum;
1140 2731 1187 2758 ubi
1213 2738 1278 2758 vero
1306 2731 1412 2758 audivit
1429 2730 1646 2757 abscindendum
1669 2737 1698 2757 se
1715 2736 1730 2755 a
1743 2728 1797 2754 Do-

1008 2777 1078 2805 .mini
1091 2777 1298 2810 communione,
1321 2776 1429 2811 1128
1442 2776 1495 2804 nisi
1513 2776 1693 2811 permitteret,
1710 2774 1797 2801 oravit

1011 2827 1042 2850 ut
1055 2828 1082 2850 et
1105 2831 1204 2850 manus
1219 2830 1281 2850 cum
1300 2823 1416 2858 pedibus
1439 2826 1464 2850 et
1481 2827 1564 2856 caput
1588 2822 1703 2848 lavaret.
1718 2819 1755 2846 ita
1770 2824 1798 2846 et

1011 2876 1127 2904 magnus
1140 2867 1271 2901 Joannes,
1287 2869 1385 2902 jussus
1405 2868 1510 2903 tingere
1526 2866 1708 2899 Servatorem,
1721 2864 1797 2900 prin-

1014 2913 1087 2948 cipio
1102 2914 1212 2949 quidem
1229 2918 1256 2942 et
1282 2921 1393 2942 servum
1409 2921 1439 2941 se
1456 2912 1602 2941 confessus
1626 2915 1681 2945 est,
1697 2915 1725 2939 et
1743 2910 1796 2937 Do-
