2036 3122
183 191 250 225 1317

789 195 992 226 RELIGIOSA
1010 194 1189 226 HISTORIA
1195 219 1202 225 .

1735 195 1802 227 $318

177 250 247 282 ixmv
258 255 265 263 ·
282 245 401 282 θυμηδία
420 246 474 283 γὰρ
491 247 684 283 γεγανωμένον
707 248 812 276 ἐδείκνυ
835 249 866 276 τὸ
882 249 957 285 πρόσι

1019 248 1177 276 exhibebat.
1210 247 1418 276 Admirantibus
1447 254 1535 277 autem
1565 250 1599 278 iis
1618 250 1664 286 qui
1690 250 1805 278 aderant

175 301 258 320 ωπον.
273 291 477 327 Θαυμασάντων
493 293 520 319 δὲ
537 293 591 320 τῶν
615 294 746 321 συνόντων
763 294 794 321 τὸ
808 295 899 322 καινὸν
912 295 960 322 τοῦ

175 339 310 373 θεάματος
320 346 327 353 ·
340 338 501 374 σκυθρωπὸς
513 339 567 374 γὰρ
576 339 619 366 ἀεὶ
629 340 801 375 φαινόμενος,
811 341 963 377 τηνικαῦτα

177 383 287 418 μειδιῶν
311 384 433 419 ἑωρᾶτο·
461 385 507 410 καὶ
534 385 584 420 τὴν
613 385 703 412 αἰτίαν
729 386 937 422 πυνθανομένων
954 395 961 403 ·

178 437 187 454 ι
208 429 263 464 Τῆς
285 429 465 464 εὐφροσύνης,
486 429 550 464 ἔφη,
565 427 587 456 ὧ
612 429 718 466 ἄνδρες,
733 432 781 458 καὶ
801 432 934 467 θυμηδίας
949 434 963 460 δ

178 475 269 509 παρὼν
284 475 381 510 καιρός
401 483 408 490 υ
425 475 563 502 πέπαυται
580 477 635 510 γὰρ
660 478 674 503 ὁ
695 477 795 513 ἀσεϐὴς
815 479 886 505 κατὰ
913 479 962 514 τὴν

179 520 291 547 Ἡσαΐου
309 521 413 556 φωνὴν,
431 521 477 548 καὶ
494 521 578 548 ἔδωκε
595 522 672 554 δίκας
698 523 753 549 τῶν
779 523 962 559 τολμημάτων

174 565 270 599 ἀξίας·
285 566 332 593 καὶ
358 566 429 593 κατὰ
455 566 502 593 τοῦ
533 568 714 603 πεποιηκότος
741 569 788 596 καὶ
811 570 962 602 σεσωκότος

172 612 345 647 τυραννήσας
359 612 437 645 Θεοῦ,
451 612 503 639 ὑπὸ
517 612 607 646 δεξιᾶς
631 614 753 649 ὑπηκόου
774 615 898 642 δέδεκται
912 616 961 651 τὴν

172 657 280 685 δικαίαν
306 658 415 693 σφαγήν
426 666 432 672 ·
448 658 491 685 διὰ
505 659 585 686 τοῦτο
602 660 748 696 γάννυμαι,
763 661 813 693 τὰς
825 662 871 689 ὑπ’
888 663 961 689 ἑκεί-

172 711 217 729 νου
229 704 430 739 πολεμηθείσας
455 705 622 740 Ἐκκλησίας
637 706 796 741 γαυριῶσας
813 706 958 743 θεώμενος,

171 750 218 776 καὶ
235 749 341 786 βλέπων
352 750 397 777 τὺν
421 751 559 786 ἀλιτήριον
573 752 626 778 ὑπὸ
640 752 693 779 τῶν
706 753 751 780 ὑπ’
771 753 853 781 αὑτοῦ
871 763 960 789 τιμω-

171 796 260 831 μένων
272 796 406 831 δαιμόνων
424 797 552 832 οὐδεμιᾶς
574 798 735 834 ἐπικουρίας
758 799 930 835 ὲπιτυχόντα.
947 809 956 825 ι

176 842 238 869 Ἐπὶ
253 842 302 878 μὲν
313 840 358 870 οὗν
372 844 422 878 τῆς
435 843 481 869 τοῦ
506 844 653 875 δυσσεϐοῦς
666 844 762 872 τούτου
781 846 890 880 σφαγῆς
901 854 958 872 τοι-

169 888 253 924 αύτης
268 888 407 915 ἀπέλαυσε
420 889 470 924 τῆς
484 889 675 925 προγνώσεως.
691 891 768 918 Ἐπεὶ
785 891 814 918 δὲ
828 892 874 917 καὶ
886 891 958 918 Οὐά-

1015 302 1115 322 novum
1132 295 1331 330 spectaculum,
1349 297 1422 331 quod
1445 296 1491 331 qui
1505 296 1577 324 tristi
1595 304 1703 331 semper
1722 305 1802 332 aspc-

1014 344 1060 368 ctu
1079 340 1233 374 videbatur,
1250 346 1316 368 tunc
1332 341 1475 369 subridere
1489 346 1660 374 cerneretur,
1674 349 1804 370 causam-

1013 394 1068 422 que
1084 387 1249 422 rogantibus
1263 396 1270 414 :
1283 397 1292 413 ‹
1303 386 1424 419 Laetitiae,
1443 387 1544 422 inquit,
1564 395 1580 415 ο
1596 389 1660 419 viri,
1682 397 1803 424 praesens

1013 436 1124 467 tempus
1142 436 1195 465 est,
1215 436 1243 460 et
1268 433 1371 468 gaudii.
1398 433 1524 460 Cessavit
1546 434 1619 460 enim
1646 434 1755 468 impius,
1774 439 1804 460 ut

1014 479 1052 506 ait
1070 479 1168 512 Isaias,
1184 485 1211 506 et
1227 479 1373 506 audacium
1391 479 1498 514 1130
1522 480 1693 514 inceptorum
1719 481 1803 507 meri-

1013 530 1055 553 tas
1070 533 1167 560 pmnas
1182 525 1258 553 dedit
1274 529 1318 553 :et
1334 525 1381 560 qui
1408 525 1581 560 tyrannidem
1608 525 1636 552 in
1652 525 1738 552 Deum
1759 526 1802 552 fa-

1013 573 1132 599 ctorem'
1148 575 1176 599 et
1205 571 1378 599 Servatorem
1406 572 1550 605 exercuit,
1572 572 1606 599 ab
1633 572 1804 605 obsequente

1011 617 1123 645 dextera
1139 617 1201 651 jure
1214 625 1302 645 caesus
1316 622 1367 644 est.
1386 617 1450 644 ideo
1463 617 1551 649 laetor,
1567 615 1716 647 Ecclesias,
1733 623 1801 651 quas

1012 662 1058 690 ille
1070 663 1256 698 oppugnabat,
1277 663 1448 690 exsultantes
1467 662 1573 693 videns,
1590 666 1617 689 et
1634 662 1801 689 sceleratum

1012 715 1132 736 cernens
1151 716 1165 734 a
1181 708 1365 742 daemonibus,
1379 716 1448 743 quos
1477 708 1598 740 colebat,
1613 708 1681 735 nihil
1704 708 1801 735 auxilii

1011 758 1227 782 consecutum.»
1258 755 1295 783 De
1321 756 1404 790 hujus
1431 763 1497 790 ergo
1521 755 1597 789 impii
1621 755 1694 781 caede
1720 754 1801 781 talem

1012 799 1109 827 habuit
1124 800 1338 834 praescientiam.
1355 801 1424 828 Cum
1444 801 1542 828 Valens
1558 804 1661 832 autem,
1677 800 1722 835 qui
1740 803 1801 834 post

1011 845 1087 872 illum
1117 845 1239 874 habenas
1266 846 1381 874 Romani
1413 847 1502 874 tenuit
1533 846 1661 881 imperii,
1694 845 1800 880 abjecta

1010 891 1234 926 cvangelicorum
1255 891 1413 927 dogmatum
1436 892 1564 924 veritate,
1583 891 1678 918 Ariani
1695 891 1799 918 erroris

168 934 228 969 λης,
241 936 255 961 ὁ
268 936 326 970 μετ’
350 936 454 962 ἐκεῖνον
474 936 523 967 τὰς
548 936 624 971 ἡνίας
648 936 697 972 τῆς
717 937 875 972 Ῥωμαῖκῆς
892 938 957 972 ἠγε-

1012 937 1195 972 imposturam
1230 938 1419 973 suscepisset.
1448 941 1514 965 tunc
1544 937 1635 972 major
1663 937 1800 964 adversus

170 980 266 1012 μονίας
284 980 441 1016 δεξάμενος,
456 981 511 1007 τῶν
534 981 722 1015 εὐαγγελικῶν
734 982 877 1017 δογμάτων
893 990 960 1018 προ-

168 1026 264 1061 έμενος
276 1026 326 1062 τὴν
338 1026 478 1061 ἀλήθειαν,
488 1027 538 1062 τῆς
551 1027 658 1063 Ἀρείου
671 1027 776 1063 πλάνης
791 1028 839 1064 τὴν
851 1028 959 1064 ἀπάτην

167 1071 286 1104 ἐδέξατο,
298 1072 451 1107 τηνικαῦτα
471 1073 572 1108 μείζων
585 1074 602 1108 ἡ
614 1073 682 1108 ζάλη
698 1074 770 1100 κατὰ
783 1074 832 1108 τῆς
846 1073 960 1109 Ἐκκλη-

168 1117 228 1149 σίας
255 1118 397 1153 ἠγείρετο,
420 1117 474 1145 τῶν
506 1118 555 1153 μὲν
583 1119 762 1154 κυϐερνητῶν
790 1119 959 1154 πανταχόθεν

167 1163 354 1198 ἰλαυνομένων
366 1184 373 1196 ,
388 1165 611 1191 καταποντιστῶν
621 1165 649 1191 δέ
662 1174 743 1192 τινων
757 1165 804 1192 καὶ
818 1166 955 1200 πολεμίων

166 1207 413 1244 άντεισαγομένων.
428 1210 484 1235 Καὶ
500 1210 544 1236 ’ίνα
557 1210 594 1245 μὴ
618 1211 708 1236 πᾶσαν
729 1210 835 1246 ἐκείνην
857 1210 956 1246 διηγῶ-

167 1263 216 1290 μαι
236 1255 283 1282 ἐπὶ
309 1254 355 1282 τοῦ
377 1256 511 1291 παρόντος
539 1256 588 1292 τὴν
615 1256 782 1292 τραγῳδίαν,
807 1257 890 1283 τᾶλλα
910 1258 957 1284 νῦν

1009 983 1163 1011 Ecclesiam
1181 990 1275 1012 coorta
1291 987 1334 1011 est
1348 984 1469 1018 procella
1481 1003 1489 1016 ,
1511 991 1575 1010 cum
1601 983 1800 1018 gubernatores

1012 1030 1189 1065 undiquaque
1207 1030 1391 1065 rvellerentur,
1407 1034 1431 1057 et
1450 1029 1595 1064 prazdoues
1609 1032 1691 1063 atque
1707 1029 1800 1055 hostes

1011 1076 1038 1103 in
1052 1084 1146 1104 eorum
1165 1076 1257 1103 locum
1281 1075 1480 1104 subicerentur.
1499 1076 1538 1103 Ac
1559 1083 1593 1102 ne
1617 1079 1701 1102 totam
1727 1075 1799 1101 illam

1010 1122 1038 1149 in
1064 1121 1208 1156 praesentia
1235 1121 1395 1155 tragoediam
1425 1127 1587 1156 persequar,
1608 1120 1669 1146 aliis
1689 1123 1801 1154 prater-

1009 1167 1113 1198 missis,
1126 1175 1209 1194 unum
1228 1171 1332 1194 tantum
1346 1167 1581 1199 commemorabo,
1602 1165 1674 1200 quod
1698 1165 1798 1191 ﬂoret;-

1009 1217 1064 1241 tem
1094 1214 1121 1240 in
1148 1213 1200 1240 hoc
1225 1221 1290 1241 sene
1319 1213 1405 1241 divini
1433 1213 1551 1248 Spiritus
1571 1213 1687 1248 gratiam
1707 1217 1801 1246 aperte

1012 1259 1224 1286 demonstravit.

166 1302 331 1338 καταλείψω,
354 1303 414 1334 ἐνὸς
432 1303 460 1330 δὲ
485 1304 566 1339 μόνου
593 1303 827 1340 μνησθήσομαι,ὃ
843 1304 891 1340 τὴν
921 1306 1090 1333 ἐπανθοῦσαν
1109 1306 1178 1342 τῷδε
1202 1306 1242 1342 τῷ
1275 1306 1415 1342 πρεσϐύτῃ
1449 1306 1495 1334 τοῦ
1533 1306 1606 1333 θείου
1644 1305 1802 1341 Πνεύματος

165 1348 244 1383 χάριν
258 1348 380 1384 ἐναργῶς
399 1349 544 1383 ὑπέδειξεν.

208 1397 368 1432 Ἐξελήλατο
386 1398 435 1432 μὲν
459 1399 513 1425 ἀπὸ
536 1399 586 1434 τῆς
599 1400 758 1435 Ἀντιοχέων
775 1401 789 1426 ὁ
804 1401 889 1436 μέγας
902 1400 958 1427 Με-

166 1441 265 1473 λέτιος,
280 1442 293 1467 ὁ
309 1442 410 1478 ταύτην
425 1443 477 1470 ὑπὸ
498 1444 545 1470 τοῦ
563 1444 617 1471 τῶν
631 1445 699 1472 ὅλων
718 1445 786 1471 Θεοῦ
801 1446 956 1480 ποιμαίνειν

168 1489 382 1524 πεπιστευμένος
395 1497 402 1504 ·
416 1489 576 1524 ἐξελήλανντο
590 1489 619 1516 δὲ
635 1490 689 1517 τῶν
700 1490 779 1517 θείων
793 1491 860 1518 νεῶν
880 1491 903 1517 οἱ
917 1491 957 1522 είς

165 1533 212 1560 τὸν
228 1534 298 1569 ἱερὸν
312 1535 415 1570 κλῆρον
428 1535 568 1568 τελοῦντες
580 1535 700 1568 ἅπαντες
719 1537 767 1563 σὺν
781 1536 820 1572 τῷ
834 1536 957 1572 ὁμογνώ-

168 1579 320 1631 μονιΙλαῴ,
344 1581 368 1606 oi
385 1580 435 1615 τὴν
462 1581 526 1616 μίαν
541 1582 592 1617 τῆς
617 1583 730 1618 Τριάδος
757 1583 832 1614 θείας
859 1583 989 1631 οὐσίανο

167 1625 371 1660 πρεσϐεύοντες.
389 1627 450 1653 Καὶ-
461 1626 509 1654 νῦν
532 1628 581 1662 μὲν
596 1628 645 1663 τὴν
660 1628 798 1664 ὑπώρειαν
811 1628 952 1664 καταλαμ-

166 1669 304 1702 ϐάνοντες,
329 1672 386 1698 ὲκεῖ
408 1672 458 1704 τὰς
484 1673 558 1708 ἱερὰς
579 1674 686 1700 ἐποίουν
707 1674 851 1706 συνόδους·
866 1674 913 1701 νῦν
924 1675 952 1701 δὲ

166 1717 212 1744 τοῦ
228 1718 351 1753 ποταμοῦ
364 1719 413 1754 τὴν
424 1719 507 1754 δχοην
525 1721 669 1755 εὑκτήριον
684 1720 824 1747 ἐποιοῦντο
835 1721 935 1756 χωρίον
944 1729 951 1735 ·

167 1762 260 1790 ἄλλοτε
271 1763 299 1790 δὲ
325 1763 356 1790 τὸ
383 1765 530 1800 πολεμικὸν
547 1766 707 1801 γυμνάσιον,
725 1766 754 1792 τὸ
772 1766 825 1802 πρὸ
839 1766 888 1801 τῆς
908 1766 952 1801 βο-

167 1810 241 1846 ρείου
259 1809 431 1845 διακείμενον
447 1810 543 1846 πύλης.
559 1812 597 1838 Οὐ
612 1812 667 1848 γὰρ
685 1811 748 1838 εἴων
761 1813 786 1838 οἱ
802 1812 953 1848 πολεμοῦν-

166 1864 212 1887 τες
227 1857 269 1890 ἐφ’
280 1856 338 1888 ἐνὸς
354 1856 476 1889 ἱδρῦσθαι
490 1857 590 1893 χωρίου
606 1858 670 1889 τοὺς
686 1857 817 1889 εὐσεϐεῖς.
840 1857 953 1894 Ἐθρύλ-

167 1900 251 1936 λησαν
282 1901 310 1927 δὲ
341 1901 388 1928 τοῦ
417 1901 532 1935 ψεύδους
558 1903 583 1928 οἱ
613 1902 761 1937 τρόφιμοι,
788 1902 835 1928 καὶ
860 1902 954 1937 φήμην

166 1946 196 1972 ὲν
214 1945 304 1981 ἐκείνῃ
320 1947 353 1981 τῇ
380 1946 456 1972 πόὶλι
487 1946 672 1982 κατέσπειραν
684 1967 691 1979 ,
706 1947 743 1977 ὡς
763 1946 810 1973 τοῦ
835 1947 953 1982 μεγάλου

167 1990 322 2024 Ἰηυλιανοῦ,
339 1991 417 2018 τοῦδε
433 1991 480 2018 τοῦ
503 1992 666 2027 πρεσϐύτου,
685 1992 767 2028 φημὶ,
779 1992 832 2018 τῶν
846 1992 892 2018 ὑπ’
905 1993 952 2019 αύ-

167 2036 221 2063 τῶν
241 2036 468 2072 θρησκευομένων
491 2038 636 2072 δογμάτων
649 2038 698 2073 τὴν
710 2038 852 2064 κοινωνίαν
867 2039 955 2064 ἀσπα-

167 2080 387 2116 ζομένου.Τοῦτο
405 2082 524 2117 μάλιστα
543 2083 606 2117 ἡνία
619 2083 683 2114 τοὺς
695 2083 828 2114 εὐσεϐεῖς,
845 2082 882 2118 μὴ
893 2083 955 2114 τοὺς

168 2125 363 2161 εὐηθεστέρους
378 2128 424 2153 καὶ
435 2128 653 2163 ἀπλοῖκωτέρους
664 2128 833 2162 φενακίσασα
844 2130 859 2163 ἡ
877 2129 953 2164 φήμη

167 2170 222 2201 τοῖς
236 2169 291 2196 τῶν
306 2171 451 2206 αίρετικῶν
480 2172 613 2208 περιϐάλῃ
634 2172 763 2204 δικτύοις.
788 2173 856 2199 Ἀλλ’
869 2174 893 2199 οἱ
910 2173 954 2199 θε-

168 2215 273 2243 σπέσιοι
293 2217 339 2242 καὶ
355 2217 486 2253 μακάριοι
508 2218 613 2253 ἄνδρες,
635 2218 782 2250 Φλαϐιανὸς
796 2219 843 2245 κα)⁸
857 2219 954 2245 Διόδω-

1045 1398 1157 1433 Ejectus
1174 1406 1206 1425 ex
1234 1398 1407 1425 Antiochena
1420 1397 1543 1425 Ecclesia
1568 1397 1656 1424 fuerat
1685 1405 1800 1432 magnus

1009 1443 1145 1475 Meletius,
1161 1445 1205 1471 cui
1218 1443 1290 1471 Dens
1312 1444 1505 1471 universorum
1530 1442 1695 1478 pascendam
1725 1443 1799 1470 illam

1008 1490 1203 1521 commiserat.
1223 1489 1359 1524 ejectique
1380 1497 1412 1517 ex
1435 1489 1539 1516 divinis
1558 1488 1669 1523 templis
1691 1487 1799 1515 fuerant

1007 1543 1070 1563 cum
1091 1536 1193 1571 popqu
1214 1536 1269 1563 illis
1284 1537 1477 1563 consentiente
1502 1535 1596 1562 clerici
1611 1541 1726 1566 omnes,
1752 1534 1798 1569 qui

1007 1580 1154 1609 Trinitatis
1180 1581 1299 1609 divinam
1329 1589 1412 1608 unam
1441 1580 1568 1607 colebant
1588 1579 1750 1607 essentiam.
1766 1578 1798 1606 Et

1005 1634 1079 1655 nunc
1089 1626 1203 1661 quidem
1223 1626 1256 1654 ad
1273 1627 1375 1654 montis
1393 1626 1446 1653 ima
1467 1626 1621 1657 venientes,
1640 1632 1738 1653 sacros
1759 1625 1797 1652 ibi

1005 1677 1155 1701 conventus
1170 1672 1351 1700 celebrabant
1367 1681 1374 1699 :
1390 1679 1463 1698 nunc
1480 1676 1572 1698 autem
1586 1671 1613 1698 in
1628 1671 1687 1705 ripa
1703 1670 1797 1697 ﬂumi-

1004 1721 1047 1748 nis
1066 1721 1223 1748 statuebant
1246 1719 1415 1747 oratorium:
1431 1725 1626 1753 nonnunquam
1655 1717 1737 1744 etlam
1768 1718 1796 1744 in

1003 1766 1102 1794 bellico
1130 1765 1274 1801 gyntnasio
1306 1764 1378 1799 quod
1410 1764 1494 1791 situm
1522 1769 1564 1791 est
1592 1767 1657 1790 ante
1687 1768 1795 1798 portam

1003 1811 1257 1847 septentrionalem.
1285 1809 1345 1838 Non
1372 1809 1445 1837 enim
1477 1808 1671 1844 permittebant
1699 1807 1794 1835 hostes

1005 1865 1058 1884 uno
1083 1857 1110 1883 in
1134 1856 1196 1883 loco
1235 1856 1294 1890 pios
1325 1855 1492 1882 consistere.
1527 1853 1672 1880 Jactarant
1705 1856 1795 1879 autem

1004 1902 1108 1929 alumni
1122 1901 1271 1932 mendacii,
1287 1904 1314 1928 ct
1328 1907 1466 1927 rumorem
1485 1899 1512 1926 in
1529 1899 1576 1926 illa
1591 1898 1701 1926 civitate
1717 1905 1796 1932 spar-

1004 1950 1114 1974 serant:
1128 1947 1207 1981 quasi
1224 1953 1339 1981 magnus
1350 1944 1551 1978 Julianus,hic,
1565 1945 1686 1979 inquam,
1701 1951 1794 1974 senex,

1006 1991 1110 2026 1131
1128 1991 1286 2025 dogmatum
1300 1998 1361 2025 quae
1380 1989 1432 2024 ipsi
1447 1989 1634 2024 sequebantur
1649 1988 1795 2023 amplecte-

1004 2041 1081 2064 retur
1096 2037 1328 2063 communionem.
1340 2035 1405 2068 Qtne
1414 2043 1456 2063 res
1464 2036 1523 2071 pios
1536 2036 1653 2063 maxime
1665 2035 1791 2070 angebat.

1005 2090 1039 2110 ne
1054 2082 1127 2109 fama
1143 2082 1200 2108 lucc
1228 2081 1354 2109 rudiores
1372 2081 1442 2109 forte
1468 2089 1500 2108 ac
1517 2081 1702 2116 simpliciores
1720 2081 1795 2107 deci-

1006 2128 1084 2162 piens
1110 2127 1302 2154 haereticorum
1322 2127 1384 2153 illos
1412 2126 1518 2161 laqueis
1549 2127 1714 2160 implicaret.
1740 2125 1794 2153 Sed

1005 2173 1090 2199 divini
1101 2172 1228 2206 beatique
1239 2172 1300 2204 viri,
1313 2172 1462 2199 Flavianus
1473 2177 1500 2199 et
1516 2172 1666 2203 Diodorus,
1684 2172 1795 2207 presby-

1007 2221 1094 2245 teratu
1122 2217 1211 2244 ornati
1239 2216 1330 2248 ambo,
1357 2217 1547 2252 religiosoque
1572 2217 1672 2251 populo
1697 2218 1792 2251 praesi-

169 2268 225 2296 ρος,
242 2261 397 2296 ίερουργίας
408 2262 566 2298 ὴξιωμένοι.
579 2264 624 2290 καὶ
640 2264 688 2290 τοῦ
704 2263 776 2299 ἱεροῦ
794 2264 858 2290 λαοῦ
874 2272 957 2299 προσ-

1008 2263 1116 2294 dentes,
1129 2267 1155 2290 et
1173 2263 1337 2297 Aphraates,
1359 2262 1438 2297 cujus
1463 2263 1546 2289 vitam
1573 2262 1648 2290 vobis
1677 2263 1793 2290 seorsim

168 2305 336 2339 τατεύοντες,
353 2308 399 2334 καὶ
422 2308 589 2344 Ἀφραάτης,
605 2308 635 2337 οὗ
655 2311 701 2336 τὸν
724 2310 779 2345 βίον
802 2311 883 2337 αὐτὸν
898 2311 959 2337 καθ’

168 2352 263 2379 ἑαυτὸν
284 2353 348 2388 ὑμῖν
371 2354 418 2381 σὺν
443 2355 502 2390 Θεῷ
519 2356 602 2389 φάναι
633 2357 789 2392 προσθήσω,
803 2356 848 2384 τὸν
874 2356 959 2392 μέγαν

168 2399 270 2425 ἐκεῖνον
280 2399 308 2425 'A
314 2399 408 2426 κάκιον
418 2400 568 2434 πείθουσιν,
576 2400 605 2428 οὒ
616 2402 667 2437 ἤδη
682 2402 731 2438 τὴν
747 2403 858 2438 μνήμην
866 2403 959 2437 ἐποιη-

170 2443 292 2478 σάμεθα,
314 2443 406 2472 λαϐεῖν
430 2445 480 2480 μὲν
500 2446 549 2480 τῆς
564 2446 623 2473 ὁδοῦ
642 2447 768 2474 κοινωνὸν
791 2448 836 2473 τὸν
860 2446 957 2474 ἑαυτοῦ

170 2489 220 2523 μὲν
235 2489 404 2523 διδάσκαλον,
422 2491 499 2517 τοῦδε
514 2491 542 2518 δὲ
558 2492 604 2518 τοῦ
620 2492 698 2527 ἁγίου
716 2493 842 2528 γέροντος
859 2502 954 2528 φοιτη-

168 2532 228 2569 τὴν,
238 2534 375 2571 Ἀστέριον
393 2536 496 2563 ἐκεῖνον
512 2537 558 2564 τὸν
571 2538 652 2570 πάνυ,
666 2538 779 2574 δραμεῖν
796 2539 823 2565 δὲ
847 2538 913 2574 πρὸς
926 2539 955 2565 τὺ

170 2579 258 2606 κοινὸν
274 2580 323 2614 τῆς
338 2581 501 2616 Ἐκκλησίας
527 2582 684 2618 ἀγλάϊσμα,
698 2584 749 2617 τῆς
776 2584 956 2620 εὐαγγελικῆς

169 2623 342 2657 διδασκαλίας
357 2627 387 2653 τὸ
401 2627 526 2663 ἔρεισμα,
543 2629 589 2655 καὶ
615 2630 709 2655 πεῖσαι
728 2629 886 2656 καταλιπεῖν
907 2630 956 2665 μὲν

170 2669 220 2704 τὴν
233 2670 261 2696 ὲν
276 2672 309 2706 τῇ
324 2672 420 2707 ἐρήμῳ
441 2672 598 2709 διατριϐὴν,
613 2674 758 2709 ἀφικέσθαι
783 2675 810 2701 δὲ
834 2676 873 2706 είς
897 2677 957 2702 ἑπι-

171 2715 282 2752 κουρίαν
309 2717 447 2752 μυριάδων
462 2718 596 2746 τοσούτων
613 2720 657 2746 ὑπ’
673 2720 811 2755 ἐξαπάτης
838 2720 956 2748 ἀπολλυ-

208 2809 221 2831 γ
237 2804 288 2833 lsa.
307 2814 351 2834 xxv
380 2807 408 2834 5.

1011 2309 1065 2336 1)(νο
1095 2309 1177 2336 dante
1208 2309 1346 2343 adjiciam,
1380 2316 1479 2343 magno
1508 2308 1547 2334 illi
1573 2308 1689 2339 Acacio,
1716 2308 1794 2343 cujus

1009 2355 1174 2383 mentionem
1188 2354 1244 2388 jam
1260 2353 1392 2385 fecimus,
1410 2354 1577 2388 persuadent
1595 2358 1625 2380 ut
1646 2353 1694 2380 via:
1709 2354 1794 2381 comi-

1008 2405 1063 2428 tem
1079 2400 1207 2435 accipiat,
1224 2407 1304 2428 suum
1321 2399 1431 2432 quidem
1449 2399 1621 2434 magistrum,
1638 2399 1685 2427 sed
1705 2399 1793 2427 sancti

1007 2447 1083 2475 senis
1100 2446 1278 2481 discipulum,
1298 2446 1433 2480 insignem
1449 2445 1599 2477 Asterium,
1627 2444 1794 2479 festinetque

1005 2492 1040 2518 ad
1067 2498 1239 2518 communem
1271 2490 1381 2524 pietatis
1407 2489 1603 2524 splendorem,
1631 2490 1793 2524 evangelica!

1004 2537 1140 2564 doctrinae
1159 2537 1391 2568 sustentaculum,
1402 2536 1483 2570 eique
1502 2535 1677 2571 persuadeat,
1693 2539 1731 2567 ut,
1748 2543 1792 2563 so-

1005 2583 1131 2610 litudinis
1143 2582 1313 2609 habitatione
1326 2582 1434 2614 relicta,
1452 2581 1560 2614 veniat,
1577 2580 1699 2615 feratque
1713 2581 1792 2607 auxi-

1005 2628 1072 2656 lium
1093 2632 1133 2655 tot
1160 2628 1282 2655 millibus
1308 2626 1420 2654 fraude‘
1443 2627 1582 2659 euntibus,
1607 2631 1634 2653 et
1659 2626 1792 2655 adventus

1005 2675 1048 2702 sui
1063 2682 1124 2702 rore
1149 2674 1285 2701 flammam
1309 2673 1469 2707 exstinguat
1497 2672 1637 2699 Arianam.
1663 2672 1793 2699 Accurrit

1006 2720 1117 2748 divinus
1133 2719 1263 2752 Aeacius,
1280 2723 1307 2747 et
1320 2722 1440 2754 sumpto,
1454 2723 1484 2745 ut
1503 2718 1598 2754 jussus
1609 2722 1678 2751 erat,
1692 2725 1793 2753 magno

823 2850 942 2879 VARhE
963 2850 1161 2880 LECTIONES.

208 2896 218 2912 ³
232 2896 343 2925 Brevius
359 2897 416 2925 haec
431 2901 523 2924 narrat
534 2895 631 2924 Noster
643 2897 715 2925 Hist.
729 2897 791 2925 ml.
805 2905 841 2932 tv,
860 2897 906 2924 23.
