2036 3122
263 198 334 233 1319

750 197 998 230 THEODORETI
1013 196 1181 228 EPISCOPI
1196 198 1378 229 CYRENSIS

1823 201 1886 232 1335

263 255 383 288 Asterio,
399 254 433 286 ad
451 254 600 282 maximum
616 254 746 282 Ecclesiae
766 255 858 282 lumen
875 261 904 281 se
917 252 1046 286 contulit,

1101 254 1206 288 μένων,
1223 254 1269 280 καὶ
1297 254 1345 289 τὴν
1359 253 1466 288 Ἀρείου
1490 255 1656 282 κατασῦέσαι
1681 255 1771 290 φλόγα
1794 257 1828 290 τῇ
1843 256 1889 289 τῆς

263 305 291 329 et
304 308 366 328 cum
380 306 442 328 eu'm
454 301 618 328 salutasset:
633 309 643 326 ‹
657 300 704 327 Dic
720 300 796 333 mibi,
813 300 913 335 inquit,
927 307 943 327 ο
958 304 1045 334 pater,

261 354 383 382 quanam
400 347 433 373 de
452 353 535 373 causa
551 349 638 372 totum
654 346 728 373 hunc
740 346 860 372 laborem
882 349 936 372 tam
961 345 1047 372 liben-

263 395 305 419 ter
319 392 441 419 tuleras'.’
455 401 464 417 ι
479 391 527 418 lllo
539 395 628 418 autem
643 391 669 418 in
684 391 741 418 haec
754 391 834 418 verba
845 391 1027 426 respondente
1039 399 1045 416 :

266 438 354 466 «Mihi
371 442 397 465 et
424 446 550 473 corpore,
581 442 610 465 et
634 438 742 469 anima,
763 438 882 471 vitaque,
904 441 932 464 et
965 437 1047 464 rebus

262 485 393 512 omnibus
413 484 562 519 pretiosior
580 490 622 511 est
637 482 684 511 Dei
706 484 797 510 cultus
811 493 817 510 :
830 490 916 510 conor
944 486 1047 514 alitem,

263 530 352 564 quoad
374 530 433 565 ejus
450 537 465 556 a
481 537 524 557 me
538 529 595 556 ﬁcri
610 533 711 564 potest,
727 529 858 555 mundum
887 528 926 554 illi
949 527 1048 555 oﬁ‘crre

263 575 460 608 ministerium,
474 574 554 610 eique
574 578 713 610 perpetuo
732 574 850 609 placere.
866 583 875 600 I
886 589 920 594 —
931 583 940 599 ι
954 574 1048 601 Ratio-

263 627 325 648 nem
341 620 401 652 tibi,
421 621 459 647 ait
472 620 601 652 Aeacius,
613 627 764 654 exponam,
778 627 832 655 qua
848 620 886 647 illi
901 620 1048 655 plusquam

263 673 338 692 nunc
362 665 480 692 servias.
499 664 583 700 quue
603 672 654 700 ego
674 673 728 692 non
751 665 809 692 sola
837 665 1049 693 ratiocinatione

262 711 374 744 ductus,
394 712 443 739 sed
474 712 561 746 ipsius
580 711 726 746 disciplina
752 712 867 739 edoctus
893 711 1046 739 ostendam.

263 756 330 784 Nam
357 765 420 784 cum
446 756 559 784 Petrum
588 757 738 792 aliquando
769 758 982 792 interrogasset.
1013 764 1048 784 an

262 809 325 829 eum
343 802 403 837 plus
415 802 525 830 ceteris
540 806 655 835 amaret,
676 803 864 838 audiissetqne
878 803 904 830 id
922 802 994 838 quod
1006 803 1049 829 vel

262 851 327 875 ante
340 847 412 875 Petri
428 855 521 875 vocem
537 848 643 883 1132
660 848 772 879 sciebat.
786 857 796 874 ι
811 848 935 880 Domine,
950 852 978 875 tu
994 848 1049 876 scis

263 900 276 917 ι
293 892 366 927 quod
387 900 475 919 amem
494 898 536 926 te;
551 903 559 919 ι
576 893 695 920 ostendit
708 894 733 920 ei
745 893 875 928 quidnam
887 901 971 928 agens
985 900 1047 920 eum

1101 298 1219 332 ἀφίξεως
1233 299 1330 334 δρόσῳ.
1350 299 1485 333 Ἐδροιμεν
1505 301 1517 326 ὁ
1533 300 1603 331 θεῖος
1623 300 1764 331 ’Ᾱκάκιος,
1778 301 1827 326 καὶ
1841 300 1889 326 ’τὶν

1103 343 1189 378 μέγαν
1197 343 1335 378 Ἀστέριον
1349 343 1387 375 ὠς
1400 344 1570 380 προσετάχθη
1587 345 1688 377 λαϐὼν,
1698 345 1815 380 ἀφίκετο
1826 345 1889 380 πρὸς

1099 388 1146 414 τὸν
1163 389 1290 423 μέγιστον
1314 389 1363 424 τῆς
1378 390 1543 424 Ἐκκλησίας
1572 391 1716 425 φωστῆρα,
1732 392 1781 417 καὶ
1805 391 1890 416 ἀσπα-

1102 435 1229 470 σάμενος,
1249 445 1258 461 ι
1278 436 1344 463 Εἰπέ
1372 445 1427 471 μοι,
1454 437 1516 472 ἔφη,
1544 434 1566 464 ὧ
1595 437 1697 472 Πάτερ,
1713 438 1788 468 τίνος
1812 437 1890 464 ἕνεκα

1101 481 1194 508 ’τοῦτον
1205 481 1311 508 ἅπαντα
1334 482 1379 508 τὸν
1395 483 1475 509 πόνον
1502 483 1561 517 μεθ’
1580 483 1677 518 ἡδονῆς
1697 484 1861 518 ὑπομένεις
1879 494 1887 510 ι

1103 528 1155 554 Τοῦ
1171 528 1198 554 δὲ
1217 528 1446 562 ἀποκριναμένου,
1462 529 1498 560 ὡς
1516 539 1525 554 ι
1545 530 1600 556 Καὶ
1622 529 1761 563 σώματος,
1781 530 1829 555 καὶ
1843 529 1892 564 ψυ-

1101 573 1161 608 χῆς,
1173 573 1220 599 καὶ
1235 573 1317 607 ζωῆς,
1330 573 1377 600 καὶ
1401 573 1448 600 τοῦ
1468 573 1525 608 βίον
1547 573 1646 606 παντὸς
1663 575 1680 610 ἡ
1695 575 1744 600 τοῦ
1766 574 1835 600 Θεοῦ
1849 583 1890 608 μοι

1098 617 1234 652 θεραπεία
1254 619 1425 653 τιμιωτέρα,
1447 619 1494 645 καὶ
1520 619 1658 654 πειρῶμαι
1686 620 1749 646 ὅσον
1775 619 1891 653 δύναμαι

1099 662 1225 697 καθαρὰν
1240 662 1315 698 αὐτῷ
1341 663 1427 698 ῥύπου
1446 663 1496 699 τὴν
1517 663 1687 699 λειτουργίαν
1713 663 1891 698 προσφέρειν,

1101 709 1149 736 καὶ
1183 708 1225 735 διὰ
1261 710 1370 736 πάντων
1395 710 1532 745 ἀρέσκειν.
1556 722 1592 730 ο-
1614 709 1811 744 ’Υποδείκνυμί
1842 717 1890 740 σοι,

1100 754 1116 780 ὀ
1136 754 1261 786 Ἀκάκιος
1288 755 1357 790 ἔφη,
1373 756 1483 790 τρόπον,
1497 755 1530 782 δι’
1554 752 1584 782 οὗ
1605 755 1685 782 πλέον
1702 755 1718 789 ἢ
1746 756 1796 781 νῦν
1812 755 1891 780 ait?»

1099 799 1290 836 θεραπεύσεις,
1306 800 1353 827 καὶ
1363 799 1443 827 τοῦτο
1455 800 1521 835 ἐρῶ,
1537 801 1567 827 οὐ
1584 800 1707 835 λογισμῷ
1726 800 1802 834 μόνῳ
1821 799 1892 834 χρώ-

1103 854 1202 880 μενος,
1219 845 1288 872 ἀλλὰ
1318 845 1367 880 τῆς
1395 844 1478 872 αὐτοῦ
1507 844 1682 876 διδασκαλίας
1710 844 1890 880 μεμαθηκώς.

1107 891 1252 926 Ἐρόμενος
1267 891 1322 926 γάρ
1337 898 1400 917 ποτε
1412 891 1458 917 τὸν
1473 891 1588 926 Πέτρον,
1605 891 1629 917 εί
1648 890 1730 917 πλέον
1745 890 1829 917 αὐτὸν
1840 888 1892 916 τῶν

259 938 365 965 coleret
391 938 631 973 impensiusuSi
655 946 732 967 amas
759 947 812 972 me,
840 939 950 974 inquit,
966 946 1049 973 pasce

1101 924 1187 963 ἄλλων
1211 935 1293 969 φιλεῖ,
1307 924 1357 962 καὶ
1384 935 1476 970 μαθὼν
1500 935 1514 962 ὅ
1532 924 1667 971 ἧπίστατο
1693 935 1742 962 καὶ
1767 934 1823 969 πρὸ
1844 936 1892 970 τῆς

265 993 275 1009 ι
292 991 358 1011 oves
373 992 457 1016 meas,
476 989 505 1011 et
522 992 603 1019 pasce
616 992 701 1019 agnos
720 992 797 1012 meos
809 990 832 1012 ι.
847 995 856 1011 ι
870 985 929 1012 Hoc
939 993 1049 1020 quoque

259 1029 323 1061 tibi,
338 1037 354 1055 ο
370 1035 456 1064 pater,
471 1030 626 1058 faciendum
647 1035 699 1058 est.
721 1031 874 1058 Periculum
891 1032 963 1058 enim
988 1035 1048 1064 est,

261 1081 297 1101 ne
308 1082 372 1101 oves
383 1082 396 1101 a
410 1075 480 1108 lupis
491 1075 657 1102 tlevorentur
676 1085 682 1103 :
701 1075 750 1103 has
766 1081 854 1103 autem
871 1077 948 1103 valde
964 1082 1047 1109 amat,

261 1121 308 1154 qui
326 1127 340 1146 a
358 1124 383 1147 lc
399 1120 476 1147 valde
493 1126 610 1154 amatur,
625 1125 652 1148 et
669 1121 819 1148 amantium
837 1123 980 1156 proprium
1006 1127 1047 1151 est

262 1166 306 1192 illa
324 1165 425 1199 facere,
441 1174 502 1201 quae
518 1174 581 1194 cum
603 1167 670 1194 ﬁunt
684 1187 691 1199 ,
707 1168 747 1195 eis
762 1169 809 1202 qui
831 1173 958 1195 amantur
973 1173 1049 1204 grata

262 1216 336 1238 sunt.
355 1211 387 1238 Et
407 1212 511 1247 alioqui
530 1213 681 1248 periculum
702 1217 744 1241 est
761 1222 813 1240 non
833 1222 960 1248 parvum,
978 1215 1048 1242 ιιιιιί-

261 1261 408 1292 torumqne
427 1263 453 1284 et
473 1267 632 1291 magnorum
661 1260 776 1287 istorum
801 1260 931 1287 sudorum
969 1262 1050 1289 detri-

263 1309 397 1336 mentum,
417 1304 441 1331 si
457 1305 598 1332 veritatem
612 1305 732 1340 graviter
744 1311 926 1341 oppugnatam
940 1308 1049 1335 silentio

262 1349 340 1383 prodi
363 1349 478 1384 patiare,
504 1350 619 1385 ejusque
650 1355 802 1379 sectatores
818 1353 891 1388 capi,
912 1358 993 1388 atque
1016 1354 1049 1382 ad

261 1402 310 1422 eos
322 1395 469 1429 capiendos
483 1395 523 1422 tui
544 1396 664 1423 nominis
680 1404 768 1423 esram
788 1399 897 1432 apponi.
916 1397 954 1426 Te
965 1400 1050 1434 siqui-

262 1439 324 1466 dem
349 1440 497 1475 impietatis
528 1449 584 1468 sua:
615 1442 720 1469 socium
747 1443 847 1471 habere
877 1452 906 1472 se
933 1445 1050 1474 inaniter

260 1484 367 1520 jactant
385 1486 517 1520 praesides
533 1487 641 1513 Ariame
659 1488 880 1517 abominationis.
897 1499 906 1515 ι
926 1491 975 1519 His
999 1499 1050 1518 au-

261 1531 338 1562 ditis,
357 1539 441 1558 senex
469 1532 590 1566 quietem
611 1534 705 1560 statim
721 1533 755 1560 ad
778 1538 887 1570 tempus
901 1537 1050 1572 valereju-

263 1577 341 1609 bens,
359 1585 409 1604 nec
433 1577 553 1605 civitatis
580 1580 713 1613 strepitus
729 1579 781 1607 sibi
802 1581 950 1609 inusitatos
976 1582 1050 1610 refu-
1064 1586 1088 1618 ο

264 1621 353 1656 (tiens,
372 1622 546 1650 Antiochiam
571 1624 712 1658 profectus
731 1629 785 1652 est.
813 1626 933 1654 Duorum
960 1631 1050 1656 autem

262 1670 302 1696 vel
322 1669 404 1696 trium
424 1669 530 1696 diorum
548 1670 645 1697 itinere.
657 1678 824 1705 progressus
841 1673 866 1698 in
892 1673 1050 1706 solitudine,

261 1716 345 1739 noctu
361 1713 435 1740 venit
451 1714 479 1740 in
493 1712 653 1749 oppidulum
670 1717 819 1750 quoddam.
838 1716 876 1744 ibi
895 1718 972 1745 dives
990 1727 1051 1746 mu-

261 1757 389 1791 liercula,
408 1767 516 1787 sacrum
536 1760 611 1787 illum
631 1765 732 1788 coetum
749 1762 843 1789 venire
860 1762 985 1795 audiens,
1002 1764 1051 1791 ob-

261 1803 334 1830 viam
353 1806 475 1831 occurrit
498 1812 595 1832 eorum
622 1811 784 1840 perceptum
810 1807 1049 1836 benedictionem:

263 1849 434 1884 gentibusque
455 1851 616 1884 provoluta,
636 1853 742 1886 rogavit
761 1857 789 1879 ut
809 1853 908 1881 domus
933 1862 989 1882 suae
1010 1855 1051 1882 di-

262 1894 385 1923 versorio
415 1898 571 1922 uterentur.
602 1895 692 1923 Cessit
712 1904 813 1930 senex,
838 1900 950 1927 tametsi
971 1901 1051 1929 annis

263 1940 382 1974 amplius
399 1939 582 1975 quadraginta
605 1941 654 1968 tali
678 1943 836 1977 spectaculo
857 1945 1049 1974 abstinuisset.

264 1983 332 2011 Dum
349 1984 377 2012 in
388 1989 547 2012 sanctorum
562 1986 686 2014 virorum
705 1987 859 2016 ministerio
879 1990 1051 2020 admirabilis

263 2028 309 2056 ilia
323 2029 421 2057 mulier
443 2034 517 2058 esset
539 2036 682 2066 occupata,
701 2034 785 2066 puer'
813 2035 953 2068 septennis
979 2036 1050 2065 ﬁlius

262 2075 362 2102 unicus
380 2075 458 2102 matri
470 2095 477 2108 .
491 2084 552 2111 quae
569 2077 783 2112 hospitalitatem
802 2078 891 2106 Sarrae
907 2085 949 2107 est
966 2089 1051 2108 acmu-

263 2120 329 2154 lata,
345 2121 396 2148 sub
408 2129 550 2156 vesperam
568 2126 595 2149 et
611 2123 738 2150 tenebras
761 2124 862 2152 cecidit
878 2125 907 2152 in
925 2130 1049 2161 puteum.

263 2165 303 2193 Ex
322 2174 375 2201 quo
402 2174 463 2194 cum
482 2168 616 2196 tumultus
628 2187 636 2201 ,
662 2173 693 2196 ut
718 2177 768 2204 par
786 2174 857 2203 erat,
876 2176 988 2200 exortus
1006 2173 1050 2200 in-

262 2219 330 2246 gens
341 2217 424 2243 esset,
440 2216 536 2245 mater,
553 2221 581 2240 re
593 2214 714 2248 cognita,
729 2214 872 2248 quiescere
884 2223 982 2244 omnes
991 2217 1050 2251 jus-

262 2257 310 2291 sit,
327 2258 431 2292 1133
450 2261 587 2293 puteoque
613 2260 772 2293 operculum
797 2261 934 2295 quoddam
959 2262 1048 2297 impo-
1065 2253 1088 2283 Ῐ)

262 2309 343 2333 nens,
360 2302 440 2329 rediit
451 2302 484 2328 ad
500 2303 694 2329 ministerium.
720 2303 814 2330 Mensa
833 2310 924 2333 autem
944 2307 1050 2335 sanctis

262 2347 332 2374 viris
356 2348 494 2382 apposita,
512 2347 622 2374 divinus
641 2355 725 2374 senex
750 2349 872 2377 mulieris
893 2351 977 2378 ﬁlium
1001 2360 1050 2379 vo-

263 2392 321 2419 cari
335 2391 430 2426 jussit,
451 2395 480 2418 ut
508 2391 728 2418 benedictionem
753 2393 902 2428 acciperet.
926 2395 1049 2431 Cumque

264 2437 436 2464 admirabilis
465 2437 562 2464 mulier
589 2437 660 2464 male
684 2437 760 2465 illum
794 2439 895 2468 habere
934 2442 1050 2475 diceret.

264 2482 492 2517 perstititjubere
509 2485 540 2508 ut
553 2481 711 2510 duceretur.
728 2484 781 2512 Ubi
795 2489 888 2514 autem
911 2487 1050 2522 signiﬁca-

264 2527 304 2554 vit
321 2528 420 2554 mulier
430 2526 504 2561 quod
519 2526 670 2560 acciderat,
685 2530 817 2564 accurrit,
833 2539 929 2560 mensa
944 2534 1049 2567 relicta,

263 2580 349 2600 senex
365 2572 399 2599 ad
411 2577 534 2608 puteum.
556 2577 594 2607 et,
613 2574 703 2603 ablato
717 2576 803 2610 ipsius
821 2577 903 2612 jussu
920 2582 1050 2614 operculo

263 2619 424 2654 iuminéque
450 2619 550 2653 allato,
579 2628 694 2655 puerum
722 2623 795 2650 videt
827 2632 941 2654 summa!
973 2635 1050 2662 aqua!

264 2663 440 2695 insidentem,
453 2672 607 2700 aquamque
621 2673 702 2694 manu
716 2668 859 2702 pueriliter
880 2670 1046 2705 pulsantem,

264 2717 297 2736 ac
322 2717 372 2745 pro
390 2710 452 2737 ludo
475 2718 508 2738 ac
530 2712 594 2746 joco
626 2712 772 2740 habentem
800 2723 880 2749 quem
907 2716 1047 2745 interitum

264 2759 422 2789 putaram:
453 2756 620 2792 funibusque
659 2759 774 2786 astricto
804 2761 923 2795 quodam
957 2768 982 2790 et
1020 2763 1047 2791 in

264 2803 375 2836 puteum
403 2801 543 2835 demisso,
577 2811 692 2839 puerum
720 2809 985 2844 extraxeruntzqui
1013 2810 1047 2838 ad

300 2907 310 2920 ι
326 2901 402 2929 Joan.
422 2903 533 2935 “1,15.
573 2905 596 2922 ι’
609 2903 675 2930 ibid.
692 2904 734 2938 16,
750 2904 794 2932 17.

1099 980 1202 1014 Πέτρου
1227 979 1337 1014 φωνῆς·
1354 989 1363 1005 ι
1385 981 1420 1006 Σὺ
1437 980 1491 1014 γὰρ
1517 977 1599 1010 οἶδας,
1624 979 1701 1014 φησὶ,
1731 979 1891 1014 Κύριε,ὅτι

1101 1026 1169 1061 φιλῶ
1185 1035 1225 1058 σε,
1243 1034 1251 1051 ι
1278 1025 1415 1058 ὑπέδειξεν
1437 1026 1510 1061 αὐτῷ
1529 1027 1554 1052 τί
1578 1026 1680 1061 δράσας
1708 1025 1794 1051 πλέον
1813 1024 1892 1051 αὑτὸν

1100 1071 1297 1107 θεραπεύσειεν
1311 1081 1318 1089 ·
1341 1082 1350 1097 ι
1369 1073 1400 1098 Et
1417 1072 1472 1107 γάρ
1490 1072 1575 1106 φιλεῖς
1593 1081 1636 1107 με,
1658 1072 1726 1106 φησὶ
1738 1092 1745 1101 ,
1763 1071 1891 1105 ποίμαινε

1100 1118 1134 1145 τὰ
1147 1118 1271 1154 πρόϐατά
1293 1127 1356 1154 μου,
1381 1119 1427 1145 καὶ
1445 1118 1526 1153 βόσκε
1546 1127 1596 1153 μου
1613 1118 1649 1144 τὰ
1675 1118 1768 1153 ἀρνία.
1783 1127 1792 1143 ι
1810 1117 1892 1144 Τοῦτο

1101 1165 1148 1191 καὶ
1159 1165 1211 1198 σοὶ,
1221 1162 1244 1192 ὦ
1256 1166 1358 1200 Πάτερ,
1370 1165 1497 1200 ποιητέον
1511 1165 1579 1191 ὲστί.
1594 1159 1752 1191 Κινδυνεύει
1769 1165 1825 1199 γὰρ
1843 1164 1892 1190 ὑπὸ

1101 1209 1191 1236 λύκων
1205 1209 1387 1245 διαφθαρῆναι
1400 1210 1433 1236 τὰ
1450 1210 1572 1245 ποίμνια,
1594 1210 1667 1244 φιλεῖ
1678 1210 1706 1236 δὲ
1721 1208 1795 1235 αὐτὰ
1809 1209 1866 1236 λίαν
1879 1211 1892 1235 ὁ

1102 1256 1154 1282 ὑπὸ
1166 1255 1212 1282 σοῦ
1226 1255 1302 1289 φιλού
1307 1264 1386 1290 μενος
1400 1255 1460 1282 λίαν
1471 1255 1553 1282 ’ἴδιον
1562 1255 1589 1282 δὲ
1598 1255 1650 1282 τῶν
1662 1254 1791 1290 ἐρώντων
1804 1255 1891 1281 ἐκεῖνα

1101 1302 1196 1333 ποιεῖν,
1213 1299 1231 1328 ἃ
1245 1302 1308 1332 τοὺς
1330 1300 1486 1335 ἐρωμένους
1508 1301 1649 1335 ἑπιτέρπει
1675 1301 1892 1334 γινομενα,’Λλ-

1101 1346 1154 1378 λως
1168 1355 1197 1373 τε
1211 1347 1239 1373 δὲ
1253 1348 1300 1373 καὶ
1316 1346 1437 1378 κίνδυνος
1451 1347 1481 1373 οὺ
1502 1347 1628 1382 σμικρὸς,
1648 1347 1696 1373 καὶ
1711 1346 1768 1372 τῶν
1790 1346 1890 1372 πολλῶν

1101 1393 1148 1420 καὶ
1179 1393 1305 1427 μεγάλων
1328 1393 1439 1420 ἐκείνων
1454 1392 1574 1428 ἱδρώτων
1599 1392 1696 1427 ζημία,
1714 1393 1739 1418 εί
1766 1393 1891 1428 ἀνάσχοιο

1102 1440 1164 1474 σιγῇ
1177 1439 1308 1474 προέσθαι
1322 1439 1372 1474 τὴν
1390 1438 1519 1473 ἀλήθειαν
1534 1437 1660 1473 χαλεπῶς
1672 1438 1889 1474 πολεμουμένην,

1100 1484 1163 1515 τοὺς
1190 1484 1217 1510 δὲ
1241 1484 1327 1519 ταύτῃ
1346 1483 1559 1518 προσκειμένους
1573 1483 1891 1518 άγρευομὲνους,ὂέὶ.εαρ

1101 1529 1128 1556 δὲ
1144 1529 1197 1556 τῶν
1212 1530 1402 1564 θηρευομένων
1418 1530 1466 1564 τὴν
1482 1530 1531 1563 σὴν
1545 1528 1673 1562 γενέσθαι
1684 1529 1871 1563 προσηγορίαν
1883 1537 1889 1542 ·

1102 1576 1231 1602 κοινωνὸν
1252 1576 1306 1611 γὰρ
1321 1576 1394 1610 ἔχειν
1419 1584 1448 1601 σε
1473 1576 1524 1609 τῆς
1546 1575 1680 1609 σφετέρας
1695 1575 1858 1606 δυσσεὸεἷας
1870 1575 1891 1601 οι

1101 1622 1152 1657 τῆς
1178 1622 1284 1657 Ἀρείου
1311 1621 1451 1657 βδελυρίας
1482 1622 1632 1656 προστάται
1661 1621 1859 1647 νεανιεύονται.
1881 1630 1889 1645 ι

1102 1668 1191 1700 Εὐθὺς
1205 1667 1324 1699 ἀκούσας
1341 1669 1355 1694 ὸ
1372 1667 1538 1703 πρεσὸὐτης,
1555 1669 1587 1702 τῇ
1605 1667 1653 1702 μὲν
1670 1667 1775 1702 ἡσυχία
1791 1667 1891 1702 χαίρειν

1102 1714 1187 1740 εἰπὼν
1209 1714 1249 1744 είς
1278 1713 1382 1748 καιρδν,
1399 1713 1454 1740 τῶν
1479 1713 1507 1740 δὲ
1532 1713 1678 1740 πολιτικῶν
1703 1712 1829 1747 θορύϐων
1845 1713 1892 1739 οὐκ

1101 1760 1258 1794 ἀγωνιάσας
1285 1760 1315 1786 τὸ
1342 1759 1434 1793 ἄηθες,
1459 1759 1505 1785 ἐπὶ
1529 1759 1577 1794 τὴν
1595 1759 1768 1793 Ἀντιόχειαν
1789 1759 1890 1793 ἔτρεχε.

1102 1805 1154 1832 Δύο
1163 1806 1191 1832 δὲ
1207 1806 1253 1831 καὶ
1267 1806 1341 1840 τρεῖς
1357 1804 1489 1837 ἐξανύσας
1501 1804 1544 1830 διὰ
1560 1803 1608 1838 τῆς
1621 1804 1727 1838 ἐρήμου
1746 1804 1890 1838 σταθμοὺ·.

1102 1852 1141 1884 εἷς
1158 1860 1184 1877 τι
1208 1850 1306 1886 χωρίον
1326 1850 1444 1886 ἑσπέρας
1474 1850 1682 1885 καταλαὸούσης
1703 1850 1830 1884 ἀφίκετο.
1846 1850 1891 1875 re.

1102 1904 1177 1922 ναιον
1186 1896 1214 1922 δέ
1228 1905 1254 1922 τι
1265 1896 1319 1922 τῶν
1336 1896 1459 1931 εὐπόρων
1473 1896 1519 1922 τὸν
1540 1895 1611 1930 ἱερὸν
1627 1895 1732 1922 ἐκεῖνον
1744 1896 1825 1930 ἥκειν
1842 1904 1890 1920 πυ-

1102 1942 1203 1977 θομένη
1217 1942 1305 1977 χορὸν,
1322 1941 1437 1976 ἔδραμεν
1448 1941 1530 1968 αὑτοῦ
1547 1941 1681 1976 τρυγῆσαι
1693 1940 1744 1975 τὴν
1756 1941 1889 1974 εὐλογίαν·

1103 1988 1150 2015 καὶ
1166 1988 1220 2022 πρὸ
1234 1988 1288 2014 τῶν
1305 1987 1392 2014 ποδῶν
1415 1986 1612 2022 καλινδουμένη
1632 1986 1681 2021 τὴν
1703 1986 1796 2013 οἰκίαν
1812 1985 1890 2020 αὐτῆς

1101 2033 1229 2068 γενέσθαι
1245 2032 1418 2067 καταγώγιον
1429 2032 1573 2067 ἠντιϐόλει.
1588 2029 1666 2064 Εἷξεν
1682 2033 1698 2058 ὀ
1717 2031 1887 2066 πρεσὸύτης·

1102 2080 1148 2106 καὶ
1161 2079 1247 2106 ταῦτα
1260 2079 1396 2113 πλείοναῆ
1412 2079 1615 2114 τεσσαράκοντα
1633 2078 1680 2113 ἐτη
1696 2078 1748 2113 τῆς
1765 2078 1890 2112 τοιαύτης

1102 2125 1166 2156 θέας
1183 2125 1394 2160 κεχωρισμένος.
1418 2125 1473 2159 Τῆς
1494 2124 1523 2150 δὲ
1547 2124 1703 2158 θαυμασίας
1721 2123 1831 2158 ἐκείνης
1846 2132 1889 2157 γυ-

1101 2170 1194 2201 ναικὸς
1206 2170 1268 2205 περὶ
1281 2170 1328 2205 τὴν
1341 2170 1395 2196 τῶν
1407 2169 1486 2203 ίερῶν
1501 2169 1613 2196 ἐκείνων
1623 2169 1731 2203 ἀνδρῶν
1745 2169 1890 2204 θεραπείαν

1101 2216 1294 2250 διατριεούσης
1308 2237 1315 2248 ,
1334 2216 1465 2246 ἑπτάετες
1493 2215 1616 2247 παιδίον,
1638 2212 1669 2242 οὗ
1696 2215 1780 2249 μόνον
1803 2215 1890 2250 μήτηρ

1101 2259 1168 2288 οὖσα
1187 2261 1344 2295 ἐτύγχανεν,
1357 2262 1373 2296 ἡ
1387 2261 1437 2295 τῆς
1454 2260 1562 2295 Σάρρας
1576 2260 1624 2295 τὴν
1638 2259 1794 2294 φιλοξενίαν
1808 2258 1890 2294 ζηλώ-

1102 2315 1183 2338 σασα,
1206 2307 1325 2342 ἑσπέρας
1353 2305 1436 2341 οὔσης
1473 2305 1520 2332 καὶ
1541 2305 1673 2336 σκότους,
1692 2306 1733 2336 εἰς
1749 2305 1779 2331 τὸ
1807 2305 1891 2340 φρέαρ

1101 2352 1247 2379 κατέπεσε.
1270 2352 1392 2388 Θορύϐου
1409 2352 1436 2378 δὲ
1453 2352 1519 2386 περὶ
1538 2351 1645 2383 τούτου,
1658 2351 1698 2382 ὡς
1714 2351 1803 2384 είκδς,
1823 2360 1890 2385 γενο

1104 2398 1202 2433 μένου,
1232 2399 1380 2433 αἰσθομένη
1408 2399 1424 2434 ἡ
1455 2398 1566 2433 μήτηρ,
1592 2398 1708 2432 ἡσυχίαν
1735 2398 1787 2432 μὲν
1818 2398 1891 2431 ἄγειν

1102 2448 1188 2475 ἅπασι
1211 2446 1438 2482 παρακελεύεται,
1456 2446 1588 2480 κάλυμμα
1625 2445 1654 2471 δέ
1677 2453 1704 2471 τι
1733 2445 1773 2480 τῷ
1796 2444 1890 2480 φρέατι

1103 2494 1238 2525 ἐπιθεῖσα,
1255 2494 1304 2528 τῆς
1317 2492 1452 2524 διακονίας
1471 2492 1568 2527 εἴχετο.
1578 2492 1634 2526 Τῆς
1647 2491 1675 2517 δὲ
1686 2491 1829 2526 τραπέζης
1839 2491 1890 2520 τοῖς

1101 2539 1184 2571 θείοις
1197 2539 1309 2574 ἀνδράσι
1321 2538 1533 2574 παρατεθείσης,
1547 2538 1561 2564 ὁ
1575 2537 1645 2568 θεῖος
1661 2535 1820 2571 πρεσὸύτης
1832 2535 1890 2562 ἐκέ-

1099 2585 1178 2611 λευσε
1193 2584 1222 2611 τὸ
1236 2584 1285 2618 τῆς
1307 2583 1434 2617 γυναικὸς
1455 2581 1631 2617 είσκληθῆναι
1646 2581 1764 2613 παιδίον,
1781 2581 1829 2607 καὶ
1845 2579 1890 2613 τῆς

1100 2629 1225 2663 εὐλογίας
1248 2629 1419 2664 μεταλαχεῖν.
1448 2627 1506 2663 Τῆς
1532 2627 1561 2654 δὲ
1589 2626 1746 2661 θαυμασίας
1760 2625 1889 2659 γυναικὸς

1101 2675 1242 2710 ἀρρωστίᾳ
1260 2674 1422 2710 κατέχεσθαι
1437 2673 1579 2708 λεγούσης,
1597 2672 1732 2707 ἐπέμενεν
1750 2671 1888 2706 ἐνεχθῆναι

1101 2721 1179 2747 τοῦτο
1194 2721 1365 2756 παρεγγυῶν.
1382 2721 1426 2753 Ὠς
1433 2721 1461 2748 δὲ
1475 2720 1504 2746 τὸ
1515 2719 1623 2754 πάθοςὴ
1635 2719 1729 2754 μήτηρ
1746 2717 1888 2752 ἐγνώρισε,

1101 2767 1302 2802 καταλιμπάνει
1315 2767 1364 2802 μὲν
1386 2767 1435 2801 τὴν
1457 2765 1596 2802 τράπεζαν
1609 2767 1623 2792 ὁ
1636 2764 1807 2800 πρεσϐύτης,
1820 2762 1889 2798 παρὰ

1101 2812 1128 2840 δὲ
1142 2812 1172 2840 τὸ
1185 2812 1273 2849 φρέαρ
1287 2811 1408 2848 δραμὼν,
1425 2812 1471 2841 καὶ
1485 2811 1516 2839 τὸ
1535 2811 1585 2846 μὲν
1605 2810 1740 2845 κάλυμμα
1752 2816 1888 2845 περιαιρε-
