2036 3122
183 198 253 231 1325

797 198 1000 230 RELIGIOSA
1015 194 1208 232 HISTORIA.

1743 204 1811 238 I'lQ‘i

179 256 303 284 οἰκίσκον
320 255 495 290 δειμάμενος,
530 255 589 282 οὐδὲ
671 255 778 290 σώματι
800 257 957 292 σύμμετρον

1022 256 1080 282 alio
1091 261 1168 291 septo
1181 257 1363 289 circuuuiata.
1377 257 1414 284 ibi
1427 257 1540 285 clausus
1552 258 1669 286 lucri-luit
1689 263 1810 292 ιιςςίιίιιμ,

180 303 227 330 καὶ
241 302 356 337 ἄλλῳ·τε
374 300 483 336 σμικρῷ
495 310 548 328 τινι
559 301 675 337 θριγκίῳ
689 302 853 337 περιδαλὼν,
863 302 970 338 καθεῖρ-

179 358 228 376 πτυ
253 347 395 383 διηνεκῶς,
427 347 520 383 πάσης
548 347 597 382 μὲν
623 348 766 379 συνουσίας
794 348 969 384 ἀνθρωπίνης

178 394 389 431 κεχωρισμένος,
405 393 444 428 τῷ
453 393 480 420 δὲ
490 393 545 420 τῶν
555 393 624 420 ὅλων
634 394 757 430 Δεσπότῃ
767 394 967 428 διαλεγόμενος,

178 443 225 469 καὶ
239 442 287 477 τῆς
300 441 428 475 γλυκείας
444 441 552 476 ἐκείνης
577 441 679 468 ἐπαΐων
702 441 805 476 φωνῆς.
828 441 891 473 Τοῖς
917 441 968 477 μὲν

178 489 233 524 γὰρ
258 487 339 519 θείοις
367 487 538 522 ἐντυγχάνων
563 487 674 520 λογίοις,
699 487 749 522 τῆς
776 487 852 519 θείας
873 487 967 522 φωνῆς

177 534 322 561 ἀπολαύειν
338 532 442 569 ἡγεῖτο·
458 533 676 569 προσευχόμενος
690 534 718 560 δὲ
729 534 776 560 καὶ
791 534 966 566 τὰςικετείας

177 579 350 615 προσφέρων,
366 579 446 611 αὐτὸς
461 579 510 615 τὴν
526 579 596 615 πρὸς
617 579 663 606 τὸν
686 580 825 614 Δεσπότην
849 580 966 607 ἐποιεῖτο

175 625 302 657 διάλεξιν.
321 625 376 651 Καὶ
389 624 524 660 τοσαύτης
544 625 588 652 ἀεὶ
604 626 709 661 τρυφῆς
725 626 872 653 ἀπολαύων
885 627 966 661 κόρον

175 671 267 698 λαϐεῖν
282 671 331 698 οὐκ
349 671 484 698 ἐϐούλετο.
502 672 621 699 Ἤκουσε
638 673 692 707 γὰρ
709 672 757 699 τοῦ
783 673 857 700 θείου
879 673 964 700 Πνεύ-

177 725 262 752 ματος
276 717 318 744 διὰ
332 717 379 744 τοῦ
394 718 515 752 μεγάλου
527 719 610 745 Δασὶδ
626 719 836 754 ὑποψάλλοντος,
855 730 865 746 ι
888 721 932 752 Ὡς
949 723 964 748 ο

175 763 294 798 μελετῶν
307 764 335 789 ἐν
350 763 424 799 νόμῳ
445 764 550 799 Κυρίου
569 764 676 800 ἡμέρας
698 766 746 792 καὶ
760 767 868 799 νυκτὸς,
885 766 962 794 ἔσται

171 808 210 841 ὡς
229 808 259 835 τὸ
276 809 352 841 ξύλον
373 809 403 835 τὸ
426 810 630 844 πεφυτευμένον
655 812 731 846 παρὰ
754 811 804 844 τὰς
829 812 964 844 διεξόδους

174 855 230 881 τῶν
253 855 402 895 ὑδάτωνηδ
419 855 465 882 τὸν
486 857 592 892 καρπὸν
615 856 697 883 αὐτοῦ
723 857 804 884 δώσει
826 859 856 884 ἐν
875 858 963 894 καιρῷ

173 900 267 932 αὑτοῦ,
279 901 325 928 καὶ
337 900 366 927 τὸ
378 900 474 935 φύλλον
483 902 565 929 αὑτοῦ
578 902 849 939 οὐκάποῤῥυήσεται.
872 913 881 929 ι
892 904 961 930 Τού-

1023 301 1057 328 ab
1073 302 1148 328 onmi
1164 302 1276 336 quidem
1295 302 1412 330 hamana
1434 306 1634 335 consuetudine
1653 307 1809 342 srjunctus.

1022 346 1070 374 sed
1082 354 1146 374 cum
1157 347 1272 374 Domino
1289 349 1295 358 ‘
1310 348 1503 377 universorum
1521 351 1694 386 colloquens.
1713 359 1739 380 et
1750 355 1811 381 dul.

1021 400 1081 420 cem
1097 393 1169 420 illam
1187 401 1281 421 vocem
1309 395 1472 424 exaudiens.
1490 395 1588 424 Divina
1608 399 1681 425 enim
1697 408 1810 428 versans

1021 441 1145 475 eloquia,
1161 440 1284 468 divinum
1302 449 1331 468 se
1346 449 1442 469 vocem
1456 443 1554 471 audire
1567 446 1699 472 censebat
1710 455 1716 473 :
1727 455 1810 474 orans

1021 491 1111 514 autem
1127 491 1155 514 et
1169 494 1264 522 preces
1279 486 1411 519 offerens.
1431 488 1488 522 ipse
1503 496 1565 516 cum
1582 489 1698 518 Domino
1713 493 1807 525 loque-

1022 533 1114 560 batur.
1127 533 1230 560 Etcum
1243 533 1327 560 tantis
1338 541 1447 568 semper
1457 534 1597 562 frueretur
1609 537 1725 566 deliciis.
1738 546 1809 564 nun~

993 582 1102 614 "quam
1111 582 1203 606 tamen
1215 579 1292 606 illum
1303 578 1416 606 satietas
1429 580 1563 615 capiebat.
1573 581 1723 608 Audit-erat
1735 583 1808 610 enim

1019 624 1143 652 divinum
1157 624 1292 659 Spiritum
1307 632 1354 658 per
1362 632 1393 652 os
1407 624 1518 653 Davidis
1532 626 1695 660 psallentem
1710 636 1715 654 :
1734 637 1744 653 ι
1756 628 1808 661 Qui

1018 671 1168 699 meditatur
1183 672 1210 699 in
1222 672 1281 706 lege
1293 671 1402 698 Domini
1414 671 1458 699 die
1469 679 1501 698 ac
1513 677 1602 705 nocte,
1611 673 1663 700 erit
1676 677 1807 708 tanquam

1018 715 1122 750 lignum
1132 717 1204 751 quod
1217 717 1367 751 plantatum
1378 720 1422 743 est
1433 725 1512 746 secus
1521 719 1653 746 decursus
1662 726 1806 754 aquarum,

1018 764 1091 797 quod
1105 762 1226 790 fructum
1242 771 1322 790 suum
1337 763 1450 791 dabitin
1463 769 1586 801 tempore
1600 774 1661 799 suo,
1672 770 1698 793 et
1710 766 1806 793 folium

1017 809 1079 844 ejus
1098 817 1152 837 non
1179 809 1313 837 defluetC.
1329 819 1337 836 ι
1353 809 1408 838 Hos
1434 811 1489 839 ille'
1502 811 1610 840 fructus
1630 813 1806 843 desiderans.

1015 855 1249 890 iucundissimum
1265 856 1341 884 hunc
1366 856 1488 885 laborem
1515 859 1733 892 amplectebatur
1754 869 1760 886 :
1780 865 1807 887 et

1017 902 1169 929 orationem
1191 902 1301 937 quidem
1323 904 1484 939 psalmodia.
1508 905 1688 939 psalmodiam
1713 909 1804 933 autem

171 954 226 972 των
239 945 294 972 τῶν
309 945 423 981 καρπῶν
436 945 578 981 ἐφιέμενος
589 947 634 974 τὸν
644 947 752 983 ἥδιστον
764 948 858 975 τοῦτον
871 949 958 983 ἠσπά-

1016 947 1170 982 excipiebat
1178 948 1277 980 oratio,
1288 953 1314 976 et
1324 953 1442 985 utraque
1452 958 1549 978 rursus
1559 951 1639 978 lectio
1649 951 1804 979 divinorum

171 991 233 1022 ζετο
262 991 354 1024 πόνον,
378 991 426 1018 καὶ
447 992 497 1028 τὴν
522 993 571 1028 μὲν
588 994 744 1029 προσευχὴν
763 996 779 1028 ἡ
805 995 960 1030 ψαλμῳδία,

170 1037 220 1071 τὴν
234 1037 262 1062 δὲ
275 1037 434 1072 ψαλμῳδίαν
452 1039 467 1073 ἡ
490 1039 630 1074 προσευχὴ
646 1039 789 1074 διεδέχετο,
807 1041 855 1067 καὶ
872 1041 962 1076 ἀμφό-

169 1091 236 1117 τερα
252 1083 332 1109 πάλιν
347 1084 363 1118 ἡ
377 1084 432 1110 τῶν
447 1083 527 1110 θείων
554 1084 652 1118 λογίων
678 1085 850 1119 ἀνάγνωσις⁶
872 1087 961 1114 Σιτίον

169 1128 197 1154 δὲ
210 1127 243 1164 ἦν
255 1129 330 1164 αὐτῷ
343 1129 422 1164 μόνος
442 1130 535 1166 ἄρτος,
550 1131 596 1157 καὶ
609 1128 687 1163 οὗτος
701 1122 813 1167 σταθμῷ
840 1141 960 1168 προσφι-

171 1175 283 1210 ρόμενος
295 1183 302 1190 ⁸
321 1175 449 1207 τοσοῦτος
463 1176 492 1202 δὲ
506 1174 540 1212 ἦν
557 1177 571 1202 ὁ
596 1177 726 1213 σταθμὸς,
746 1179 784 1210 ὡς
808 1178 845 1214 μὴ
859 1179 960 1214 παιδίῳ

167 1220 230 1256 ἄρτι
246 1221 332 1256 θηλῆς
353 1221 538 1256 ἀπαλλαγέντι
564 1223 613 1258 τὴν
636 1219 728 1259 χρείαν
742 1224 877 1260 πληροῦν·
893 1225 960 1260 φασὶ

167 1267 221 1302 γὰρ
248 1267 296 1294 τοῦ
326 1267 411 1304 ἄρτου
434 1269 483 1304 τὴν
499 1268 593 1304 λίτραν
619 1270 738 1305 τετραχῆ
766 1270 959 1306 διαιρουμένην

167 1314 285 1349 ἡμέραις
301 1314 429 1350 τέτταρσι
450 1314 637 1349 διανέμεσθαι,
664 1316 712 1342 καὶ
738 1316 829 1352 ἡμέρᾳ
855 1316 957 1353 ἑκάστῃ

169 1360 234 1394 μίαν
257 1360 445 1395 ὰπονέμεσθαι
466 1362 574 1396 μοῖραν.
601 1361 756 1396 Ἐκεκρίκει
769 1362 822 1396 γὰρ
838 1362 958 1398 ἑσπέρας

169 1405 241 1432 κατὰ
257 1405 321 1441 μίαν
335 1406 436 1433 ὲσθίειν
446 1407 563 1442 ἡμέραν,
573 1406 653 1442 κόρον
661 1407 688 1433 δὲ
706 1407 839 1442 μηδέποτε
854 1408 956 1435 λαϐεῖν’

166 1451 225 1478 ἀλλ’
241 1451 284 1478 ἀεὶ
302 1451 352 1487 μὲν
364 1454 472 1488 πεινῇν,
490 1453 533 1479 ἀεὶ
546 1452 575 1478 δὲ
588 1452 677 1488 διψῇν,
699 1454 863 1489 προσφέρειν
879 1454 907 1481 δὲ
919 1454 957 1489 τῷ

168 1497 276 1532 σώματι
291 1498 325 1525 τὰ
343 1499 382 1530 είς
399 1499 429 1525 τὺ
446 1498 495 1533 ζῇν
508 1499 682 1534 ἀποχρῶντα,
701 1499 799 1533 Ἔλεγε
814 1500 869 1535 γὰρ
885 1501 923 1531 ὼς
943 1501 957 1527 ὁ

166 1544 210 1570 διὰ
225 1545 356 1571 πλειόνων
371 1545 483 1580 ἡμερῶν
509 1545 603 1572 σιτίων
627 1545 850 1581 μεταλαγχάνων,
875 1547 957 1574 ἀσθε-

165 1591 293 1626 νέστερον
310 1591 359 1625 μὲν
371 1591 400 1617 ὲν
414 1592 474 1622 ταῖς
488 1591 538 1626 τῆς
552 1591 785 1627 ἀσιτίας-ἡμέραις
798 1592 847 1624 τὰς
859 1593 955 1619 δεσπο-

164 1637 244 1668 τικὰς
253 1637 423 1672 λειτουργίας
438 1638 574 1664 ἐπιτελεϊ”
589 1639 618 1665 ὲν
662 1638 690 1664 δὲ
703 1638 783 1665 πάλιν
795 1639 888 1675 ἡμέρᾳ
902 1640 955 1666 τῶν

167 1683 260 1709 σιτίων
278 1683 492 1718 μεταλαμϐάνει,
510 1683 632 1716 πλείονα,
648 1683 686 1716 ὡς
699 1684 783 1716 εἰκὸς,
801 1685 954 1720 προσφερό-

168 1736 250 1763 μενος
269 1728 318 1764 τὴν
341 1729 463 1764 γαστέρα
487 1728 620 1766 φορτίξει,
639 1729 811 1765 βαρυνομένη
832 1730 859 1756 δὲ
885 1730 954 1765 αὕτη

166 1774 350 1809 (ικνηροτέραν
375 1774 441 1809 περὶ
469 1774 518 1810 τὴν
551 1774 705 1810 ἀγρυπνίαν
734 1775 878 1809 καθίστησι
906 1775 955 1810 τὴν

165 1820 265 1855 ψυχήν.
283 1821 411 1855 Ἄμεινον
426 1821 515 1847 τοίνυν
532 1821 609 1855 ἔλεγε
621 1821 798 1856 καθ’ήμὲραν
813 1821 953 1856 μεταλαμ-

165 1865 258 1892 ϐάνειν
268 1866 383 1901 τροφῆς,
402 1866 482 1901 κΰρον
496 1866 524 1892 δὲ
540 1867 686 1902 ὑπομεῖναι
709 1867 856 1902 μηδέποτε.
878 1867 955 1903 Ἄλης

166 1912 216 1946 θὴς
237 1913 289 1948 γὰρ
314 1912 428 1947 νηστεία
444 1912 599 1948 ὴδιηνεκὴς
613 1912 712 1940 ἔνδεια,
727 1912 820 1939 Ταῦτα
843 1913 956 1948 νομοθε-

164 1958 221 1983 τῶν
235 1958 347 1984 διετέλει
363 1959 377 1985 ὁ
396 1957 469 1989 θεῖος
486 1956 563 1989 οὗτος
577 1957 657 1993 ἀνὴρ,
670 1959 716 1985 καὶ
732 1959 811 1994 σῶμα
829 1960 956 1994 μέγιστον

165 2003 245 2038 ἔχων,
263 2004 309 2030 καὶ
322 2003 377 2030 τῶν
389 2004 432 2030 ἐπ’
443 2003 526 2030 αὐτοῦ
538 2003 647 2030 πάντων
660 2003 708 2030 ἀνθ
714 2003 813 2039 ρώπων
829 2004 956 2040 μέγιστος

164 2049 204 2076 ὢν
228 2049 274 2075 καὶ
303 2049 456 2080 κάλλιστος.
488 2049 579 2084 μικρῷ
605 2048 683 2075 τοῦτο
713 2049 789 2084 σιτίῳ
819 2049 953 2084 διέτρεφε.

166 2095 270 2130 Χρόνου
290 2095 319 2122 δέ
346 2104 418 2127 τινος
438 2095 589 2127 διελθόντος
606 2095 653 2122 δύ’)
671 2095 811 2127 συνοίκους
836 2095 954 2128 ἐδέξατο,

141 2144 146 2147 ’
166 2140 305 2172 Ιίῖὒτέῦιον,
320 2140 349 2173 ὃς
362 2141 411 2176 τῆς
427 2142 502 2176 ἱερᾶς
517 2140 624 2176 ἐκείνης
646 2140 767 2175 καλύὸης
788 2140 956 2176 κληρονόμος

167 2186 284 2220 ἐγένετο,
313 2187 361 2213 καὶ
386 2187 551 2222 Ἀγαπητὸν,
573 2187 604 2218 ὃς
624 2186 674 2222 τὴν
689 2187 839 2222 ἀγγελικὴν
854 2186 956 2221 ταύτην

166 2232 327 2267 νομοθεσίαν
345 2234 384 2264 είς
401 2233 451 2268 τὴν
475 2233 622 2267 Ἀπαμέων
644 2232 840 2268 μετεφύτευσε.
866 2231 955 2266 Κώμη

166 2278 220 2313 γάρ
238 2278 279 2310 τίς
298 2279 355 2304 ἐστι
373 2278 490 2314 μεγίστη
507 2279 554 2305 καὶ
570 2278 791 2314 πολυάνθρωπος,
818 2278 952 2313 Νικέρται

166 2323 195 2350 δὲ
210 2323 295 2358 ὃνομα
315 2323 419 2360 ταύτῃ·
443 2324 490 2351 δύο
516 2324 608 2351 τοίνυν
635 2323 795 2359 φιλοσοφίας
814 2324 844 2350 ὲν
867 2322 952 2359 ταύτῃ

167 2371 362 2404 φροντιστήρια
387 2370 571 2397 κατεσκεύασε
603 2370 737 2406 μέγιστα·
770 2369 801 2396 τὸ
827 2369 877 2404 μὲν
903 2368 952 2403 τῆς

167 2415 249 2442 αὐτοῦ
266 2416 452 2451 προσηγορίας
467 2416 622 2452 ἐπώνυμον,
640 2416 670 2443 τὸ
685 2416 714 2442 δὲ
730 2415 777 2443 τοῦ
795 2413 952 2450 θαυμαποῦ

166 2460 320 2497 Συμεὼνου,
337 2462 367 2494 ὃς
383 2463 551 2498 πεντήκοντα
566 2462 634 2489 ὲτῶν
647 2461 764 2498 ἀριθμὸν
781 2462 810 2488 ἐν
823 2461 910 2497 ταύτῃ
919 2461 952 2497 τῇ

167 2507 311 2544 φιλοσοφίᾳ
324 2508 480 2544 διέλαμψεν.
500 2508 544 2535 Ἐν
562 2508 667 2540 τούτοις
681 2508 762 2544 μέχρι
775 2508 822 2534 καὶ
833 2507 953 2542 τήμερον

168 2553 278 2585 ’πλείους
315 2553 333 2589 ἦ
359 2554 530 2590 τετρακόσιοι
562 2554 700 2588 διάγουσιν
724 2554 829 2589 ἄνδρες,
853 2552 955 2588 ἀρετῆς

167 2599 292 2636 ἀθληταὶ.
305 2600 352 2627 καὶ
364 2600 504 2633 εὐσεϐείας
518 2600 641 2637 ἔρσα-ταὶ,
658 2599 763 2627 καὶτὸν
772 2599 885 2636 οὐρανὸν
899 2600 954 2630 τοῖς

167 2648 258 2678 πόνοις
272 2646 420 2682 ὠνούμενοι
435 2656 441 2663 ·
459 2647 620 2682 θεσμοθέται
635 2647 663 2673 δὲ
681 2646 784 2680 ταύτης
806 2646 857 2681 τῆς
875 2646 954 2672 πολι·

167 2693 242 2724 τείας
260 2693 416 2728 ’Λγαπητδς
435 2694 482 2720 καὶ
502 2693 660 2728 Συμεὼνης,
682 2692 756 2727 παρὰ
772 2691 819 2718 τοῦ
838 2692 956 2726 μεγάλου

167 2737 414 2774 Μαρκιανοῦ,τοὺς
436 2739 534 2774 νόμους
557 2739 709 2773 δεξάμενοι.
729 2738 776 2764 Ἐκ
799 2738 828 2764 δὲ
854 2737 955 2763 τούτων

169 2784 255 2818 μυρία
265 2783 399 2819 ἐφυτεύθη
417 2784 499 2818 ἔτερα
509 2785 636 2819 ἀσκητῶν
650 2784 822 2818 καταγὼγια,
837 2783 955 2811 τουτοισὶ

165 2831 222 2861 τοῖς
237 2830 329 2865 νόμοις
349 2830 533 2865 κοσμούμενα,
549 2831 567 2858 ἃ
580 2832 609 2858 οὖ
623 2831 714 2866 ῥᾴδιον
726 2831 863 2866 ἀριθμεῖν.
873 2830 953 2857 Ἀλλὰ

157 2939 161 2942 .
204 2923 215 2936 ε
228 2917 298 2946 Petti.
316 2927 336 2951 l,
352 2919 396 2946 ⁵25.

971 1607 991 1635 C

1014 993 1197 1027 elaquiorum.
1208 993 1293 1022 Cibus
1304 999 1396 1022 autem
1409 995 1449 1022 illi
1468 1001 1527 1022 erat
1539 996 1614 1023 solus
1626 997 1714 1031 punis,
1728 996 1805 1032 isque

1013 1039 1046 1065 ad
1058 1047 1215 1068 mensuram
1225 1039 1307 1068 datus
1325 1049 1332 1068 ε
1348 1048 1477 1067 mensura
1487 1048 1552 1067 \‘Cl‘ﬂ
1560 1049 1590 1067 οι)
1601 1045 1669 1074 erat,
1681 1050 1741 1077 (ιιιῖΡ
1754 1050 1805 1069 "(‘0

1016 1084 1119 1112 infanti
1142 1093 1157 1112 a
1176 1085 1246 1113 lacte
1265 1093 1353 1120 nuper
1377 1085 1486 1113 divulso
1519 1086 1587 1113 satis
1606 1092 1689 1114 esset.
1719 1087 1805 1114 Αἱυιει

1012 1131 1084 1158 enim
1102 1131 1182 1166 panis
1198 1132 1297 1159 libram
1310 1137 1430 1167 quatuor
1444 1132 1472 1159 in
1487 1137 1582 1167 partes
1593 1134 1721 1165 divisam.
1735 1142 1799 1169 qua-

1012 1181 1075 1204 tuor
1091 1178 1190 1205 diebus
1205 1178 1290 1205 fuisse
1318 1169 1509 1211 distributam,
1525 1183 1552 1205 et
1575 1179 1692 1214 singulis
1707 1181 1804 1208 diebus

1012 1226 1116 1258 partem
1130 1231 1213 1250 unam
1240 1224 1422 1258 assignatam.
1438 1223 1579 1251 Statuerat
1593 1225 1664 1252 enim
1692 1234 1803 1261 vespere

1010 1268 1157 1296 comedere
1179 1269 1313 1304 quotidie,
1346 1276 1488 1304 nunquam
1519 1275 1610 1296 autem
1627 1270 1734 1303 satiari,
1751 1272 1798 1298 sed

1010 1322 1119 1350 setnper
1140 1315 1257 1347 esurire.
1275 1322 1439 1349 semperque
1465 1314 1553 1347 sitire,
1573 1316 1685 1350 corpori
1704 1320 1797 1342 autem

1010 1368 1041 1387 ea
1067 1360 1208 1393 exhibere,
1226 1368 1286 1396 qua:
1309 1361 1341 1387 ad
1357 1361 1441 1387 vitam
1471 1361 1678 1388 sustentandam
1694 1361 1802 1388 suﬂice-

1010 1409 1082 1433 rent.
1100 1406 1213 1433 Dicebat
1226 1406 1299 1433 enim
1319 1413 1380 1433 eum
1396 1406 1443 1441 qui
1456 1410 1520 1441 post
1531 1407 1680 1434 multorum
1694 1406 1801 1434 dierum

1009 1451 1128 1479 inediam
1147 1452 1238 1479 cibum
1255 1452 1337 1488 capit.
1354 1456 1381 1479 et
1405 1452 1503 1480 diebus
1519 1453 1617 1480 inediae
1633 1452 1722 1480 otIicia
1750 1453 1803 1479 Do-

1010 1497 1112 1524 miniea
1130 1497 1238 1532 1138
1253 1497 1408 1532 languidius
1420 1497 1544 1532 exsequi.
1558 1502 1586 1524 el.
1604 1506 1658 1533 quo
1676 1498 1720 1525 die
1737 1506 1799 1524 rur-

1009 1551 1057 1570 sus
1073 1543 1164 1570 cibum
1191 1544 1281 1578 capit.
1299 1543 1389 1578 plura,
1403 1547 1434 1570 ut
1454 1543 1511 1570 ﬁeri
1530 1543 1611 1576 solet,
1638 1543 1800 1578 ingerendo.

1011 1594 1134 1616 ventrem
1152 1596 1281 1622 onerare,
1300 1589 1393 1616 ethoc
1413 1593 1530 1624 gravato
1555 1589 1705 1616 tardiorem
1724 1589 1801 1616 reddi

1010 1635 1129 1662 animam
1139 1635 1172 1662 ad
1182 1635 1361 1670 vigilandum.
1370 1635 1501 1663 Pro-stare
1511 1636 1604 1670 itaque
1615 1635 1714 1666 aiebat.
1728 1635 1800 1662 vesci

1006 1681 1117 1717 quidem
1133 1681 1267 1716 quotidie,
1281 1681 1327 1712 sed
1343 1689 1483 1717 nunquam
1501 1688 1660 1716 exspectare
1686 1682 1801 1709 satieta-

1007 1731 1073 1755 tem.
1103 1726 1201 1754 Verum
1225 1727 1298 1754 enim
1314 1727 1448 1762 jejunium
1468 1731 1510 1754 est
1530 1731 1661 1761 perpetua
1681 1728 1799 1753 esuries.

1008 1775 1085 1802 llanc
1101 1775 1189 1809 legem
1218 1781 1371 1809 proponere
1396 1781 1450 1800 non
1470 1772 1614 1800 desinebat
1628 1772 1670 1799 vir
1689 1773 1733 1800 ille
1753 1772 1796 1798 di-

1007 1821 1099 1851 vinus,
1116 1824 1222 1847 etcum
1254 1826 1358 1854 corpus
1385 1818 1502 1845 haberet
1528 1818 1689 1851 maximum,
1717 1822 1800 1853 atque

1007 1865 1128 1892 omnium
1144 1865 1188 1892 sui
1203 1864 1337 1899 temporis
1366 1862 1511 1890 hominum
1530 1863 1668 1890 maximus
1685 1867 1712 1889 et
1739 1863 1799 1898 pul-

1007 1911 1161 1938 cherrimus
1176 1915 1260 1942 esset.
1288 1910 1388 1945 exiguo
1401 1909 1429 1937 id
1447 1910 1510 1937 cibo
1534 1910 1716 1937 sustentabat.
1736 1909 1800 1937 Post

1007 1956 1117 1991 aliquod
1134 1957 1265 1992 temporis
1280 1956 1411 1992 spatium,
1428 1957 1498 1983 duos
1515 1956 1628 1983 admisit
1650 1956 1799 1983 ροιιιιιιιιϊ-

1007 2003 1096 2034 nales,
1112 2001 1272 2036 Eusebium,
1282 2003 1329 2038 qui
1344 2002 1416 2030 sacri
1435 2002 1510 2030 illius
1524 2002 1689 2037 tuguriifuit
1699 2002 1798 2033 haeres,

1007 2052 1034 2074 et
1060 2048 1222 2083 Agapetum.
1241 2049 1289 2083 qui
1316 2048 1366 2076 has
1388 2048 1526 2083 angelicas
1557 2049 1630 2083 leges
1656 2049 1797 2075 transtulit

1008 2092 1168 2126 Apameam.
1193 2092 1232 2120 lbi
1249 2094 1323 2120 enim
1336 2093 1415 2120 vicus
1429 2097 1472 2120 est
1489 2093 1627 2120 maximus
1640 2097 1667 2119 ct
1683 2094 1798 2127 populn-

1008 2146 1068 2170 sus.
1082 2137 1200 2165 Nicena
1218 2139 1337 2169 nomine.
1354 2138 1382 2165 in
1401 2146 1457 2172 quo
1474 2137 1529 2165 duo
1545 2139 1663 2165 maxima
1678 2139 1799 2173 philoso-

1007 2185 1078 2220 phia:
1090 2185 1234 2220 gymnasia
1254 2185 1420 2215 coustruxit.
1453 2192 1570 2221 quot-pm
1595 2192 1680 2211 unum
1703 2185 1740 2221 ab
1766 2194 1798 2210 eo

1007 2238 1105 2258 nomen
1117 2230 1244 2264 sumpsit,
1253 2230 1369 2256 alterum
1380 2237 1443 2256 vero
1451 2230 1484 2255 ab
1491 2229 1647 2256 admirabili
1657 2228 1796 2261 Simenuc.

969 2278 990 2305 ι)
1007 2277 1054 2311 qui
1070 2283 1207 2303 annorum
1225 2275 1423 2310 quinquaginta
1435 2275 1526 2309 spatio
1543 2275 1570 2302 in
1586 2275 1637 2302 hac
1652 2275 1797 2309 disciplina

1005 2321 1124 2350 refulsit.
1144 2317 1171 2350 In
1182 2322 1225 2349 his
1240 2322 1374 2357 hodieque
1386 2322 1436 2348 viri
1449 2322 1551 2356 degunt
1567 2328 1650 2356 supra
1670 2321 1798 2357 quadrin-

1006 2369 1227 2404 gentos,virtutis
1240 2369 1357 2400 athletae,
1367 2375 1393 2395 et
1405 2368 1513 2403 pietatis
1522 2371 1670 2401 amatores,
1681 2368 1797 2395 ct‘elum-

1007 2423 1060 2451 que
1075 2415 1216 2442 laboribus
1230 2416 1289 2443 suis
1307 2415 1482 2442 redimentes.
1494 2414 1580 2448 Cujus
1594 2422 1660 2442 sane
1678 2415 1796 2442 instituti

1007 2462 1177 2497 legislatures
1187 2462 1262 2489 fuere
1272 2461 1408 2497 Agapetus
1417 2465 1443 2488 et
1456 2460 1608 2492 Simeones.
1616 2461 1662 2495 qui
1674 2468 1689 2487 a
1699 2469 1798 2496 magno

1009 2506 1147 2533 Marciano
1159 2507 1232 2541 leges
1242 2511 1413 2541 acceperant.
1426 2506 1458 2532 Et
1469 2506 1504 2532 ab
1525 2505 1567 2533 his
1579 2513 1660 2540 porro
1675 2507 1727 2533 alia
1738 2507 1798 2542 plu-

1009 2552 1076 2579 rima
1091 2555 1238 2587 propagata
1250 2557 1315 2579 sunt
1336 2555 1488 2578 ascetarum
1511 2551 1678 2583 habitacula,
1697 2552 1795 2580 iisdem

1008 2599 1112 2634 legibus
1123 2598 1237 2630 utentia.
1249 2606 1309 2633 quae
1317 2598 1426 2626 dillicile
1437 2599 1470 2626 sit
1478 2606 1651 2633 percensere.
1660 2598 1794 2626 Caeterum

1009 2645 1105 2673 horum
1119 2645 1241 2672 omnium
1256 2650 1331 2672 satur
1343 2649 1368 2672 et
1382 2644 1519 2679 plautalor
1535 2645 1585 2671 l'uit
1611 2644 1651 2671 vir
1664 2645 1710 2673 ille
1727 2645 1796 2672 divi-

1006 2700 1069 2719 nus.
1093 2691 1144 2724 Qui
1159 2691 1231 2718 enim
1246 2690 1462 2725 pulcherrimum
1472 2697 1563 2717 semen
1574 2690 1701 2725 praebuit,
1710 2691 1733 2717 is
1745 2691 1794 2718 bo-

1006 2745 1102 2766 norum
1124 2745 1225 2772 quaeet:
1244 2744 1276 2764 eo
1292 2740 1444 2764 nascuntur
1464 2736 1525 2770 jure
1540 2741 1636 2763 auctor
1658 2737 1794 2764 vocandus

1004 2790 1056 2812 est.
1070 2783 1192 2811 Primum
1212 2790 1290 2818 ergo,
1304 2787 1334 2809 ut
1349 2782 1417 2814 dixi,
1431 2783 1506 2810 solus
1516 2782 1700 2810 voluntarium
1717 2782 1793 2808 illum

1004 2837 1142 2858 carcerem
1159 2828 1277 2855 tenebat.
1294 2827 1395 2855 Deinde
1409 2835 1469 2855 cum
1484 2827 1533 2853 hos
1545 2827 1614 2853 duos
1628 2827 1794 2857 admisisset.
