2036 3122
170 196 239 230 ιδεε)
782 200 985 231 RELIGIOSA

1004 201 1195 232 HISTORIA.
1730 203 1799 235 i330

167 256 217 291 τῆς
239 253 376 289 θαλάσσης
393 255 441 291 τὴν
456 255 542 291 ζάλην
557 256 695 291 ὲστόρεσε,
714 257 777 291 πρὶν
797 257 813 291 ἢ
838 255 893 283 τῶν
910 265 962 292 μα-

1025 257 1090 288 )itis,
1105 257 1224 291 primum
1236 264 1250 283 a
1264 256 1402 292 discipulo
1413 258 1541 286 timorem
1557 259 1692 291 excussit.
1703 259 1804 286 deinde

168 300 257 332 θητῶν
274 301 432 337 ἐπιτιμήσει
445 302 613 329 καταπαύσω
627 302 676 337 τὴν
689 302 830 329 ἀπιστίαν.
850 303 957 330 Ἐντεῦ-

1011 302 1130 330 bclluam
1146 302 1285 336 supplicio
1298 302 1386 330 dedit.

169 346 215 373 θεν
230 348 243 373 ὁ
257 345 408 382 θαυμάσιος
418 343 497 380 οὗτος
510 347 597 375 ταῦτα
612 347 837 383 πεπαιδευμένος,
854 348 962 384 πρῶτον
981 347 1028 374 τοῦ
1043 346 1167 383 μαθητοῦ
1182 347 1230 383 τὴν
1246 347 1347 375 δειλίαν
1367 349 1504 382 ἐξέλαϐεν,
1522 348 1572 377 εἶθ’
1585 350 1670 383 οὕτως
1698 350 1728 378 τὸ
1756 351 1803 384 θη-

171 395 228 429 ρίον
241 394 360 430 τιμωρία
371 394 524 430 παρέδωκε.

205 438 324 474 Τοιαύτη
347 438 394 466 τοῦ
410 440 527 475 μεγάλου
542 439 703 475 Μαρκιανοῦ
717 441 765 467 καὶ¹
779 441 795 476 ή
809 440 900 475 σοφία,
916 441 962 467 καὶ

171 485 188 519 ἡ
213 485 428 520 θαυματουργία,
446 487 493 513 καὶ
508 487 526 522 ή
540 486 608 522 πρὸς
626 486 692 513 Θεὸν
719 487 869 523 παρρησία.
891 487 961 513 *Αλλ*

171 532 246 568 lituo;
270 531 317 557 καὶ
331 531 458 566 τοιαύτης
474 532 586 568 χάριτος
603 532 763 568 ἠξιωμένος,
778 533 826 559 καὶ
854 533 960 567 θαυμα-

173 578 296 611 τουργείν
308 578 412 611 μεγάλα
426 578 582 613 δυνάμενος,
601 579 732 614 κρύπτειν
748 579 899 611 ἐσπούδαζε
911 579 961 614 τὴν

174 625 261 660 ισχὺν,
278 624 325 651 τοῦ
344 624 497 652 λωποδύτου
509 626 558 660 τῆς
573 626 673 662 ἀρετῆς
687 626 736 657 τὰς
762 626 887 661 μηχανὰς
908 626 960 660 ὑφε-

173 670 322 705 ορώμενος.
335 670 373 697 Τὸ
383 671 437 706 γὰρ
449 671 497 705 τῆς
507 671 665 704 ἀλαζονείας
676 671 851 707 ὑποσπείρων
864 671 960 703 πάθος,

173 716 236 747 τοὺς
252 716 325 751 πόνῳ
339 716 516 751 συλλεγέντας
529 717 651 751 καρποὺς
661 717 802 753 λῃστεύειν
818 718 960 752 ἐπιχειρεῖ.

173 762 230 789 Καὶ
244 762 374 796 κρύπτειν
389 762 418 789 δὲ
441 762 489 798 τὴν
513 763 658 798 δεδομένην
675 763 898 798 προθυμούμενος
913 763 963 797 χά-

174 816 228 843 ριν,
246 807 321 835 ἄκων
346 808 572 844 ἑθαυματούργει,
598 810 648 844 τῆς
664 809 718 836 τῶν
742 809 964 844 κατορθωμάτων

174 854 272 889 αἴγλης
297 855 556 892 άπαοτραπτούσης,
574 857 621 883 καὶ
633 856 683 892 τὴν
697 857 891 892 κεκρυμμένην
917 855 965 884 δύ,-

1048 436 1124 463 Talis
1141 436 1232 471 magni
1254 435 1387 464 Marciani
1402 438 1537 473 sapientia
1554 439 1622 472 fuit,
1640 445 1666 467 et
1683 442 1801 470 miracu-

1013 482 1104 510 lorum
1123 485 1264 517 potestas.
1289 486 1315 510 et
1333 483 1436 511 ﬁducia
1464 484 1492 512 in
1511 485 1606 512 Deum.
1624 486 1676 514 Sed
1692 492 1802 519 tamen.

1013 532 1089 555 tanta
1107 528 1195 562 gratia
1208 529 1342 560 praditus
1355 537 1418 556 cum
1436 536 1512 558 esset
1526 551 1534 564 ,
1553 537 1580 559 et
1598 540 1696 568 magna
1710 540 1803 568 posset

1013 575 1104 602 facere
1121 575 1272 608 miracula,
1289 576 1418 604 studebat
1436 578 1508 606 hanc
1525 579 1617 607 celare
1631 585 1804 615 potestatem,

1014 620 1118 656 1141
1137 621 1273 656 praedonis
1292 623 1425 651 virtutum
1449 624 1564 652 technas
1586 626 1691 654 habens
1708 635 1806 662 suspe-

1015 671 1092 698 ctas,
1113 668 1160 702 qui
1182 670 1348 704 arrogantiae
1370 670 1468 697 vitium
1485 672 1698 705 subseminans,
1714 674 1807 702 labore

1016 713 1147 741 collectos
1169 714 1278 742 fructus
1303 716 1411 751 eripere
1437 723 1563 745 conatur.
1593 718 1685 751 Quare
1714 720 1806 746 datam

1017 759 1070 786 sibi
1094 761 1214 794 gratiam
1237 763 1329 790 celare
1346 763 1479 796 studens,
1503 764 1608 792 invitus
1624 766 1748 793 veniebat
1775 767 1808 792 ad

1018 804 1146 833 facienda
1168 807 1303 834 miracula
1317 828 1324 841 ,
1343 816 1407 836 cum
1431 811 1594 837 eximiornm
1610 811 1670 845 ejus
1693 819 1807 846 operum

1014 851 1096 886 jubar
1112 853 1317 888 rcsplenderet,
1344 860 1372 883 et
1393 864 1475 892 quam
1495 859 1652 885 occultabat
1677 860 1807 886 Vil‘llllt‘nt

174 910 258 936 ναμιν
279 902 527 938 παραγυμνούσης
548 903 606 938 καὶ,
619 903 720 939 δήποτε
746 903 847 930 τοιόνδε
865 903 964 937 συνέϐη

1025 898 1222 927 nanil‘estaret.
1240 899 1365 932 Quodam
1388 903 1473 938 igitur
1491 908 1615 940 tempore
1637 913 1680 932 res
1708 906 1817 933 accidit.

174 948 312 982 γενέσθαι.
344 949 425 985 Ἀνήρ
451 958 492 980 τις
517 949 572 976 τῶν
596 950 779 985 εὐπατριδῶν,
806 950 854 976 καὶ
880 949 967 985 ἀρχὰς

1025 944 1190 985 :iujusmoldi.
1222 945 1270 972 Vir
1295 947 1429 981 quidam,
1455 950 1542 977 nobili
1571 951 1631 978 loco
1655 955 1753 982 natus,
1783 957 1814 978 et

176 994 377 1029 στρατιωτικὰς
404 994 532 1026 πολλάκις
556 995 750 1030 ἐγχειρισθεὶς,
775 995 830 1021 ἀπὸ
856 995 968 1029 Βεροίας

175 1040 226 1075 τῆς
252 1040 351 1075 Συρίας
376 1039 548 1076 ὁρμώμενος,
569 1041 619 1075 τῆς
647 1041 781 1076 θυγατρὸς
806 1040 852 1067 ἐπὶ
879 1041 968 1076 χρόνῳ

176 1086 268 1121 πολλῷ
289 1086 520 1122 κορυὸαντιώσης,
547 1087 595 1114 καὶ
623 1087 676 1114 ὑπὸ
702 1087 820 1122 πονηροῦ
842 1087 968 1122 δαίμονος

175 1132 383 1167 ἔνοχλουμένης,
400 1134 447 1159 καλ⁵
458 1132 608 1168 λυττώσης,
626 1133 832 1168 καταλαμῦάινει
844 1134 893 1168 τὴν
906 1133 969 1169 ἐρη-

177 1186 239 1212 μον,
257 1178 375 1213 συνήθης
399 1178 446 1213 μὲν
469 1178 507 1205 ὢν
520 1179 567 1205 τοῦ
587 1180 706 1214 μεγάλου
720 1179 892 1214 Μσρκιανοῦ,
906 1188 969 1206 συν-

175 1223 321 1255 τεύξεσθαι
337 1224 366 1250 δὲ
378 1224 453 1260 αὐτῷ
467 1225 514 1251 καὶ
529 1225 705 1262 ἁντιὸολῆσαι
715 1225 759 1252 διὰ
769 1225 818 1261 τὴν
832 1226 969 1261 προτέραν

178 1270 324 1306 συνήθειαν
341 1270 507 1306 προσδοκῶν.
527 1271 663 1303 Ψευσθεὶς
677 1272 703 1298 δὲ
719 1272 769 1306 τῆς
792 1272 907 1304 ἐλπίδος,
922 1273 970 1298 καὶ

177 1316 229 1350 τῆς
245 1315 308 1347 θέας
323 1316 479 1351 διαμαρτὼν
494 1316 539 1343 τοῦ
564 1317 636 1345 θείου
653 1317 829 1353 θεράποντος,
853 1318 969 1344 ἱκετεύει

177 1361 240 1388 τινὰ
253 1361 418 1397 πρεσϐύτην,
443 1362 472 1394 ὃς
488 1362 548 1389 κατ’
559 1364 648 1389 ἐκεῖνο
662 1363 759 1398 καιροῦ
773 1364 822 1398 τὴν
836 1363 882 1390 τοῦ
896 1363 968 1390 θείου

179 1407 276 1441 ἀνδρὸς
314 1407 451 1434 διακονίαν
485 1409 681 1443 ἐγκεχείριστο,
716 1409 813 1444 μικρὸν
843 1409 970 1444 ληκύθιον

180 1452 273 1480 ὲλσίου
288 1453 389 1489 πλῆρες
411 1454 591 1487 ὑποδέξασθαί
605 1464 634 1481 τε
649 1456 695 1482 καὶ
709 1457 773 1491 παρ’
785 1456 869 1492 αὐτὴν
885 1457 971 1483 θεῖναι

164 1498 229 1530 ,τοῦ
249 1499 359 1526 οξκιδίου
382 1500 431 1536 τὴν
447 1499 543 1535 θύραν,
565 1502 592 1527 '0
607 1501 634 1527 δὲ
653 1501 818 1538 πρεσϐύτης,
841 1503 971 1534 πολλάκις

183 1544 235 1579 μὲν
260 1545 310 1580 τὴν
333 1546 491 1581 ἐγχείρησιν
516 1547 656 1582 ὰρνηθεὶς,
682 1548 814 1580 πολλάκις
838 1548 866 1576 δὲ
890 1549 971 1576 πάλιν

182 1590 385 1626 παρακληθεὶς,
405 1592 495 1627 ἥττων
514 1593 564 1628 τῆς
588 1594 694 1625 ίκεσίας
716 1594 834 1629 ἐγένετο.
863 1595 916 1621 Τοῦ
943 1596 971 1622 δὲ

183 1636 287 1663 κτύπου
300 1637 461 1673 αἰσθόμενος
475 1639 489 1665 ὁ
504 1639 591 1673 μέγας
612 1640 781 1674 Μαρκιανὸς,
806 1640 972 1667 ἐπυνθάνετο

182 1681 226 1713 τίς
240 1690 268 1708 τε
281 1682 333 1717 εἴη,
348 1683 393 1709 ταὶ
403 1683 428 1710 τί
443 1683 568 1719 δεόμενος
581 1685 652 1719 ἥκοι.
671 1684 700 1712 Ὀ
715 1685 744 1711 δὲ
759 1685 808 1721 τὴν
822 1686 872 1721 μὲν
885 1686 973 1720 άληθῆ

185 1729 322 1763 πρόφασιν
337 1729 480 1764 ἔκρυπτεν,
496 1731 649 1765 ἐσκήπτετο
666 1731 694 1758 δὲ
708 1731 831 1766 ἀφῖχθαι,
847 1731 883 1764 ὡς
920 1741 973 1766 μα-

184 1774 335 1809 θησόμενος
345 1776 380 1810 μή
391 1784 417 1802 τι
426 1775 540 1804 κελεύοι·
552 1777 600 1804 καὶ
606 1777 775 1812 τοῦτολὲγων
784 1778 972 1813 ἀπεπέμπετο.

191 1820 259 1846 ’Υπδ
282 1821 310 1846 δὲ
333 1820 381 1856 τὴν
406 1821 444 1848 ἓω
458 1822 539 1849 πάλιν
553 1823 604 1857 τῆς
625 1823 710 1858 κόρης
721 1824 736 1849 ὁ
750 1823 840 1859 πατὴρ
854 1824 975 1850 ἱκέτευεν

186 1864 349 1901 ἀποδοθῆναι
362 1866 434 1901 αὑτῷ
444 1867 475 1894 τδ
490 1867 628 1902 ληκύθιον,
642 1868 656 1894 ὀ
670 1868 699 1895 δὲ
712 1869 804 1900 δεδιὼς
818 1869 877 1904 μὶν,
891 1869 975 1905 ἀπῄει

186 1912 208 1938 δ’
219 1912 293 1947 ὅμως
311 1913 398 1947 ἡσυχῇ
465 1913 591 1948 ἠδύνατο,
604 1914 650 1940 καὶ
663 1914 713 1949 τὴν
728 1916 805 1949 χεῖρα
819 1915 974 1950 προτείνας,

188 1959 235 1984 καὶ
260 1958 290 1984 τὸ
306 1958 435 1993 ληκύθιον
461 1958 560 1991 λαὸὼν,
590 1960 720 1995 ἐπειρᾶτο
745 1960 903 1988 λανθάνειν·
920 1962 934 1987 ὁ
948 1961 977 1987 δὲ

188 2003 270 2030 πάλιν
283 2003 399 2030 ἐπύθετο
415 2003 441 2031 τί
462 2003 623 2039 βουλόμενος
640 2005 712 2040 ἥκοι.
729 2005 773 2036 Ὠς
784 2006 812 2032 δὲ
828 2005 877 2041 τὴν
891 2007 978 2041 αὐτὴν

188 2050 239 2085 ἔφη
255 2049 402 2085 πρόιρασιν,
416 2050 449 2086 ἢν
464 2049 512 2077 καὶ
530 2050 651 2084 ἑσπέρας
669 2050 797 2086 ἐδήλωσε,
809 2051 978 2087 δυσχεράνας

188 2097 203 2122 ὁ
221 2096 294 2127 θεῖος
319 2096 398 2131 ἀνὴρ,
415 2096 463 2123 ἆτε
480 2096 511 2131 δὴ
533 2097 608 2131 παρὰ
629 2096 660 2122 τὸ
670 2096 765 2128 εἰωθὸς
779 2097 977 2133 γεγενημένην,

189 2140 236 2168 τοῦ
250 2140 402 2176 πρεσϐύτου
413 2140 463 2176 τὴν
484 2140 587 2176 ἄφιξιν,
602 2140 707 2176 τάληθῆ
722 2141 910 2175 ἀπαγγέλλειν
918 2142 980 2168 ἐκέ-

190 2187 278 2213 λευεν.
300 2187 329 2213 '0
352 2187 381 2213 δὲ
414 2187 559 2222 δειμαίνων
578 2187 625 2214 καὶ
638 2187 758 2222 τρέμων,
783 2188 830 2214 καὶ
847 2188 979 2223 κρύπτειν

191 2233 237 2260 τὸν
261 2233 311 2268 τῆς
338 2232 412 2264 θείας
428 2232 538 2268 χάριτος
564 2232 705 2259 ἀνάπλεων
720 2233 750 2259 ού
764 2233 922 2269 δυνάμενος,
938 2234 980 2266 τίς

985 1615 1005 1643 C

1018 980 1185 1018 militaribqu
1204 999 1277 1027 saepe
1306 993 1421 1021 functus
1439 995 1590 1023 honoribus
1602 1015 1609 1028 ,
1630 1004 1662 1023 ex
1681 996 1809 1024 [terrlxma

1019 1035 1106 1070 Syria:
1123 1037 1190 1064 urbe
1211 1039 1348 1067 oriundus
1362 1061 1369 1071 ,
1388 1047 1452 1067 cum
1474 1041 1533 1075 ejus
1550 1042 1604 1068 tilia
1626 1041 1730 1069 dudum
1747 1043 1812 1069 bac-

1018 1082 1160 1115 charctnr,
1188 1088 1216 1111 et
1240 1092 1255 1111 a
1280 1086 1355 1113 malo
1382 1087 1506 1114 daemone
1528 1092 1626 1115 vexata
1652 1089 1678 1116 in
1706 1089 1810 1116 rabiem

1019 1133 1159 1162 ageretur,
1174 1131 1182 1139 ‘
1198 1131 1274 1157 venit
1300 1132 1327 1158 in
1357 1132 1557 1165 solitudinem,
1573 1137 1600 1161 et
1623 1134 1687 1169 quia
1711 1142 1811 1169 magno

1018 1174 1162 1202 Marciano
1181 1175 1324 1205 familiaris
1340 1177 1429 1205 fuerat
1443 1198 1450 1210 ,
1469 1179 1597 1214 sperabat
1611 1183 1722 1214 propter
1738 1180 1813 1213 prioo.

1019 1228 1078 1248 rem
1099 1223 1328 1250 consuetudinem
1361 1223 1419 1252 t'ore
1441 1228 1471 1251 ut
1492 1232 1554 1252 eum
1582 1226 1761 1257 conveniret,
1785 1229 1817 1252 et.

1019 1274 1113 1294 coram
1139 1273 1262 1303 rogaret.
1281 1267 1336 1304 Spe
1362 1273 1454 1296 autem
1482 1270 1651 1302 frustratus,
1680 1278 1743 1297 cum
1764 1269 1811 1297 Dei

1020 1320 1130 1339 servum
1150 1314 1244 1342 videre
1266 1315 1318 1349 ipsi
1346 1322 1400 1342 non
1423 1315 1537 1349 liceret,
1551 1323 1645 1343 senem
1665 1315 1811 1351 quemdam

1021 1358 1145 1392 rogavit,
1164 1359 1208 1386 cui
1235 1359 1281 1386 illo
1301 1364 1426 1395 tempore
1442 1361 1530 1388 divini
1554 1361 1606 1388 viri
1629 1361 1812 1388 commissum

1021 1407 1082 1431 erat
1100 1404 1286 1432 ministerium
1298 1426 1305 1438 ,
1335 1410 1366 1433 nt
1391 1414 1504 1441 parvum
1525 1407 1662 1443 lecythum
1680 1407 1742 1435 oleo
1758 1407 1814 1443 ple-

1022 1457 1087 1476 num
1103 1451 1244 1485 acciperet
1258 1472 1265 1484 .
1281 1455 1309 1478 et
1326 1453 1358 1479 ad
1375 1453 1476 1480 ostium
1494 1453 1669 1482 domuncula:
1693 1454 1814 1490 depone-

1022 1499 1075 1522 ret.
1091 1496 1169 1528 Quod
1189 1505 1272 1525 senex
1294 1505 1356 1526 cum
1375 1507 1446 1533 sa-pe
1467 1499 1605 1526 facturum
1620 1507 1650 1527 se
1668 1505 1794 1534 negasset
1807 1520 1815 1530 ,

1022 1549 1054 1568 ac
1069 1550 1142 1577 smpe
1159 1551 1271 1571 rursum
1285 1549 1439 1580 rogaretur,
1455 1546 1545 1574 victus
1560 1546 1670 1573 tandem
1687 1546 1816 1580 precibus

1023 1588 1117 1616 cessit.
1132 1588 1254 1624 Strepitu
1265 1590 1378 1623 audito,
1398 1598 1514 1626 magnus
1525 1591 1683 1621 Marcianus
1702 1591 1817 1618 interro.

1025 1634 1099 1668 gavit
1114 1635 1176 1669 quis
1196 1640 1291 1669 esset,
1317 1640 1345 1664 et
1362 1644 1416 1671 qua
1433 1637 1467 1664 de
1483 1644 1568 1664 causa
1585 1637 1701 1664 veniret.
1719 1637 1744 1664 ls
1766 1644 1816 1663 au-

1025 1684 1080 1708 tem
1108 1689 1201 1709 veram
1231 1682 1323 1710 celans
1351 1690 1482 1714 causam.
1512 1683 1592 1711 tinxit
1607 1691 1638 1712 se
1663 1683 1771 1711 venisse
1789 1687 1818 1710 ut

1024 1731 1236 1760 percontaretur
1254 1736 1319 1755 num
1337 1729 1563 1764 aliquidjuberet
1580 1738 1586 1756 :
1604 1733 1642 1762 et,
1656 1729 1707 1756 hoc
1720 1729 1795 1756 dicto
1809 1749 1816 1762 ,

1025 1771 1160 1802 dimissus
1171 1778 1223 1802 est.
1241 1774 1309 1802 Cum
1323 1780 1413 1802 autem
1424 1775 1476 1803 sub
1486 1782 1615 1803 auroram
1632 1783 1730 1802 rursus
1740 1779 1827 1810 pater~

1027 1820 1126 1854 puella:
1138 1820 1248 1850 restitui
1260 1821 1313 1847 sibi
1325 1821 1469 1848 vasculum
1485 1821 1647 1856 postularet,
1663 1829 1746 1849 senex
1763 1828 1818 1848 non

1027 1864 1087 1892 sine
1104 1869 1190 1897 metu,
1214 1864 1263 1892 ivit
1279 1869 1376 1892 tainen
1386 1872 1469 1900 quam
1490 1866 1610 1892 maximo
1627 1866 1715 1900 potuit
1737 1866 1828 1893 silen-V

1028 1909 1066 1936 tio
1077 1929 1084 1941 ,
1097 1915 1122 1937 et
1137 1915 1263 1944 porrecta
1279 1919 1360 1938 manu
1376 1916 1490 1946 accepto
1507 1911 1723 1947 lecy.tho,_latere
1737 1919 1818 1939 cona-

1028 1955 1122 1984 batur.
1152 1956 1206 1984 Sed
1232 1957 1278 1985 iile
1301 1965 1401 1985 sursus
1427 1957 1580 1993 interrogat
1606 1965 1688 1993 quam
1704 1958 1740 1985 ob
1761 1966 1819 1985 rem

1029 2005 1148 2032 veniret.
1169 2003 1204 2030 Et
1223 2010 1286 2030 cum
1306 2010 1419 2030 causam
1434 2002 1577 2036 eamdem,
1598 2011 1680 2038 quam
1697 2011 1820 2038 vespere,

1031 2054 1214 2084 pmtexeret,
1245 2049 1360 2078 moleste
1389 2049 1481 2077 ferens
1510 2049 1592 2076 homo
1620 2049 1726 2085 11‘2
1756 2049 1820 2082 Dei.

1030 2096 1133 2131 quippe
1159 2103 1222 2123 cum
1244 2099 1343 2130 praeter
1372 2095 1602 2123 consuetudinem
1635 2096 1821 2127 accessisset,

1030 2149 1096 2170 vera
1111 2141 1279 2176 respondere
1298 2141 1394 2176 jussit.
1412 2140 1480 2168 Tum
1503 2141 1549 2168 ille
1564 2141 1666 2168 timens
1680 2145 1707 2168 et
1724 2145 1822 2169 treme-

1031 2188 1141 2218 bundus
1156 2208 1163 2220 .
1187 2193 1216 2215 ut
1234 2186 1280 2222 qui
1305 2194 1368 2214 eum
1395 2187 1442 2222 qui
1471 2186 1517 2214 Dei
1543 2187 1630 2221 gratia
1649 2187 1749 2222 plen—us
1763 2193 1823 2214 erat

1031 2236 1117 2264 latere
1137 2242 1193 2262 non
1208 2238 1314 2270 posset,
1335 2237 1361 2261 et
1382 2233 1445 2268 quis
1462 2233 1569 2261 venerit
1582 2233 1667 2266 dixit,
1691 2236 1719 2260 et
1736 2237 1820 2261 totam

192 2287 220 2305 τε
235 2278 298 2314 ἥκοι
315 2278 402 2313 ἔλεγε,
420 2279 466 2305 καὶ
481 2278 528 2305 τοῦ
545 2278 648 2310 πάθους
662 2279 711 2315 τὴν
723 2279 875 2315 τραγῳδίαν
891 2279 973 2306 ἐδίδα-

1034 2281 1123 2309 morbi
1144 2281 1307 2317 tragoediam
1324 2279 1474 2314 exposuit,
1495 2283 1523 2307 et
1535 2279 1674 2315 lecytltum
1688 2280 1823 2311 ostendit.

194 2333 253 2357 σκι,
266 2325 353 2352 καὶτὸ
366 2324 493 2360 ληκύθιον
508 2325 657 2353 ἐπεδείκνυ.
674 2325 703 2352 'U
712 2324 742 2351 δὲ
755 2325 905 2360 ἠγανάκτει
919 2325 979 2361 μὲν,

193 2371 230 2402 ὡς
254 2371 327 2403 εἰκὸς
342 2369 387 2407 ἦν,
411 2371 552 2401 δεικνύναι,
576 2371 625 2407 τὴν
639 2371 741 2406 ἀρετὴν
753 2372 784 2398 οὐ
807 2372 980 2408 βουλόμενος,

194 2418 344 2454 ἀπειλήσας
358 2418 387 2444 δὲ
406 2418 490 2453 ὅμως,
511 2417 549 2449 ὡς
560 2418 585 2444 εί
602 2415 680 2449 αὖθις
696 2417 811 2444 τοιαῦτα
824 2417 980 2454 τολμήσειε,

195 2465 241 2492 καὶ
264 2464 313 2499 τῆς
338 2464 480 2495 συνουσίας
506 2463 614 2498 ἐκείνης
638 2463 846 2499 στερηθήσεται,
862 2465 909 2491 καὶ
933 2464 983 2500 τὴν

194 2511 331 2538 διακονίαν
353 2510 591 2546 ἀφαιρεθήσεται·
613 2511 728 2546 μεγίστη
744 2510 772 2536 δὲ
797 2507 831 2546 ἦν
857 2511 873 2546 ή
897 2509 984 2546 ζημία

195 2560 252 2591 τοῖς
267 2559 297 2585 τὺ
312 2559 407 2593 κέρδος
422 2558 614 2593 ἐπισταμένοις
628 2566 635 2574 '
660 2557 824 2593 ἀπέπεμψεν
837 2557 984 2585 ἀποδοῦναι

196 2605 236 2640 τῷ
259 2605 386 2632 δεδωκότι
414 2605 556 2636 κελεύσας.
582 2604 637 2631 Καὶ
658 2604 673 2630 ὁ
689 2603 738 2639 μὲν
759 2604 846 2630 ταῦτα
864 2603 984 2636 ἐκέλευε,

197 2653 328 2688 τέτταρας
341 2653 369 2678 δὲ
383 2651 520 2687 σταθμοὺς
544 2652 557 2677 ό
573 2650 678 2686 δαίμων
693 2649 854 2686 ἀφεστηκὼς
879 2650 926 2677 τοῦ
944 2650 986 2682 ἐξ·

199 2699 353 2731 ελαύνοντος
371 2699 435 2726 ἐϐόα
451 2698 500 2734 τὴν
516 2698 640 2734 δύναμιν·
656 2698 702 2724 καὶ
716 2696 875 2732 Μαρκιανὸς
889 2698 918 2723 ἐν
935 2697 985 2723 Βε-

201 2746 261 2781 ροίᾳ
274 2746 308 2772 τὰ
324 2744 459 2772 δικαστῶν
481 2743 624 2780 εἰργάζετο
645 2744 752 2778 δημίοις
772 2744 827 2770 τισὶ
853 2743 921 2770 κατὰ
939 2743 985 2770 τοῦ

198 2791 323 2827 δαίμονος
350 2791 501 2826 χρώμενος,
519 2791 566 2818 καὶ
592 2790 639 2817 τὸν
657 2789 797 2825 ἀλιτήριον
820 2790 922 2816 ἱκεῖνον
942 2789 985 2822 ἐξ-

200 2838 329 2869 ιλαύνων,
346 2838 391 2865 καλ⁴
401 2837 450 2872 τὴν
466 2837 551 2872 κόρην
565 2836 689 2873 καθαρὰν
704 2836 752 2871 τῆς
766 2836 905 2871 ἐνεργείας
920 2837 986 2863 άπο-

202 2885 302 2917 φαίνων
326 2884 442 2918 ἐκείνης.
469 2884 523 2910 Καὶ
551 2883 630 2910 τοῦτο
658 2882 816 2918 μεμάθηκεν
839 2882 987 2917 ἀκριόὦςό

203 2932 250 2965 τήἱ
268 2931 349 2968 κ‹ἴρη;
366 2931 455 2965 miti?
471 2939 476 2943 -
495 2929 630 2956 ἐπανιόντι
648 2929 700 2965 γὰρ
715 2927 797 2963 αὐτῷ,
811 2929 856 2955 καὶ
882 2928 988 2963 ὸ)ίτους

1033 2328 1116 2363 [Egre
1138 2335 1195 2355 rem
1219 2326 1282 2354 tulit
1299 2326 1340 2354 vir
1356 2331 1470 2354 sanctus
1485 2345 1492 2358 ,
1514 2328 1545 2352 ut
1559 2333 1622 2353 eum
1637 2325 1752 2353 decebat
1775 2326 1820 2360 qui

1033 2374 1162 2401 virtutem
1191 2373 1279 2401 nollet
1306 2372 1474 2405 ostendere;
1500 2371 1696 2406 minatusque,
1716 2372 1738 2399 si
1758 2373 1822 2399 talia

1033 2429 1132 2448 rursus
1156 2419 1290 2453 auderet,
1317 2418 1523 2447 consuetudine
1551 2418 1600 2446 illa
1623 2423 1650 2446 et
1670 2419 1824 2446 ministerio

1035 2467 1170 2502 privatum
1182 2467 1216 2494 iri
1228 2487 1235 2498 ,
1252 2473 1314 2501 quae
1326 2465 1448 2493 maxime
1460 2465 1495 2492 iis
1509 2472 1589 2500 pinna
1613 2468 1673 2492 erat
1687 2465 1735 2499 qui
1750 2472 1822 2500 quat-

1035 2517 1107 2540 stum
1125 2513 1200 2540 hunc
1215 2515 1358 2545 noverant,
1376 2511 1453 2539 abire
1469 2512 1547 2538 illum
1560 2510 1663 2546 jussit,
1679 2511 1759 2546 eique
1774 2518 1824 2539 vas

1036 2559 1152 2587 reddere
1167 2558 1214 2593 qui
1230 2558 1355 2586 dederat.
1370 2557 1404 2584 Et
1420 2557 1477 2585 haec
1494 2556 1607 2592 quidem
1624 2557 1681 2592 ipse
1697 2556 1823 2590 jubebat.

1036 2606 1147 2633 Daemon
1162 2609 1252 2633 autem
1276 2609 1395 2639 quatuor
1413 2604 1519 2631 dierum
1536 2603 1635 2630 itinere
1649 2603 1755 2630 distans
1774 2603 1826 2638 eji-

1036 2652 1135 2679 cientis
1152 2659 1183 2680 se
1205 2651 1335 2679 virtutem
1350 2651 1505 2678 testabatur
1534 2658 1541 2676 :
1561 2652 1587 2677 et
1608 2649 1710 2683 judicis
1732 2654 1831 2684 partes

1037 2698 1174 2728 Berrhteae
1182 2698 1280 2733 agebat
1292 2696 1460 2729 Marcianus,
1470 2695 1650 2724 carniﬁcibus
1658 2695 1825 2730 quibusdam

1037 2748 1119 2772 utens
1145 2744 1279 2772 adversus
1303 2743 1474 2774 daemonem,
1496 2745 1524 2769 et
1552 2741 1718 2769 sceleratum
1747 2741 1822 2768 illum

1037 2791 1197 2826 expellens.
1217 2790 1394 2825 puellamque
1407 2789 1442 2816 ab
1457 2788 1534 2815 illius
1549 2788 1695 2815 vexatione
1709 2786 1820 2814 liberam

1039 2836 1168 2864 reddens.
1198 2834 1277 2867 Quod
1313 2834 1424 2868 quidem
1457 2833 1554 2868 puellae
1580 2836 1685 2866 patrem
1715 2831 1824 2858 minimo

1038 2881 1129 2909 latuit.
1149 2879 1283 2908 Redeunti
1298 2878 1371 2906 extim
1383 2899 1390 2911 ,
1409 2885 1471 2906 cum
1488 2877 1521 2904 ab
1535 2877 1603 2904 urbe
1621 2876 1716 2912 paucis
1730 2876 1827 2903 stadiis

1041 2928 1166 2960 abesset,
1188 2925 1308 2953 famulus
1332 2924 1370 2952 illi
1388 2925 1509 2952 occurrit
1529 2931 1542 2950 a
1559 2922 1670 2950 domina
1689 2922 1714 2949 in
1732 2929 1827 2955 agrum
