2036 3122
161 187 231 221 1333

775 192 978 222 RELIGIOSA
998 191 1177 221 HISTORIA
1183 212 1190 218 .

1723 195 1795 226 1334

160 253 241 280 τερος
256 242 300 279 ἦν,
318 244 462 280 φιλόσοφος
484 245 512 272 δὲ
527 246 541 272 δ
557 245 637 281 ἀνὴρ,
660 245 707 273 καὶ
722 244 761 280 τῷ
776 245 886 283 σκληρῷ
905 244 954 281 βίῳ

1007 243 1146 270 Marciano
1162 248 1187 270 (ιι
1210 248 1332 278 tempore
1349 248 1376 271 et
1393 244 1488 272 labore
1505 245 1645 280 antiquior
1663 250 1732 278 erat,
1754 248 1795 273 vir

160 291 411 326 συντεθραμμένος.
428 287 513 323 οὗτος
534 292 702 327 πανταχόθεν
723 292 954 328 περιθρυλλουμέ-

159 347 211 373 νην
227 338 275 373 τὴν
289 337 338 364 τοῦ
362 334 463 372 ἀνδρὸς⁹
470 338 637 374 καταμαθὼν
658 338 770 374 ἀρετὴν,
786 339 836 373 τῆς
851 339 953 374 μικρᾶς

158 384 277 419 ἡσυχίας
292 384 512 420 κερδαλεωτέραν
530 383 599 411 εἶναι
620 385 670 420 τὴν
690 384 818 420 τοιαύτην
832 385 896 411 θέαν
911 393 953 411 νε-

160 430 292 465 νομικὼς.
316 430 416 465 ἔδραμε
447 430 570 457 σπεύδων
608 431 672 458 ιδεϊν
693 430 738 457 τὸν
774 431 951 465 ποθούμενον.

162 474 267 502 Μαθὼν
283 476 310 502 δὲ
324 475 406 502 αὑτοῦ
419 476 468 511 τὴν
489 475 581 510 ἄφιξιν
593 477 608 503 ὁ
624 477 709 512 μέγας
721 477 889 512 Μαρκιανὸς,
903 476 952 512 τὴν

161 521 248 557 θύραν
276 522 384 554 ἀνοίξας
395 522 555 556 εἰσεδέξατο,
571 523 693 558 causam
707 523 734 550 δὲ
751 523 790 558 τῷ
809 523 952 558 θαυμασίῳ

161 567 357 604 παρηγγύησε,
369 569 414 595 καὶ
425 568 537 603 ὄσπριον
552 568 663 604 ἑψῆσαι,
679 569 726 596 καὶ
744 569 860 604 λάχανον
874 568 960 603 εἴπερ-

161 614 230 649 ἕχοι.
251 614 358 650 Ἐπειδὴ
369 615 396 641 δὲ
413 615 461 649 τῆς
479 615 600 650 ἀλλήλων
623 615 769 649 διαλέξεως
789 615 953 650 ἐνεπλήσθη-

163 669 225 690 σαν,
236 660 282 686 καὶ
296 655 344 694 τὴν
358 660 481 695 ἀλλήλων
508 661 663 696 κατέμαθον
679 662 788 696 ἀρετὴν,
806 662 883 696 κοινῇ
903 661 952 695 τὴν

161 706 212 738 τῆς
235 706 533 740 Ἐννάτηςέττετέλεσαν
542 707 721 742 λειτουργίαν.
737 704 808 734 Ἦκε
823 707 851 733 δὲ
872 707 952 734 Εὐσέ-

161 752 221 783 διος
237 752 377 786 τράπεζαν
390 752 491 787 φέρων,
511 753 558 779 καὶ
574 753 672 788 ἄρτους
687 754 858 789 προσφέρων.
880 753 909 779 Ὀ
924 753 952 779 δὲ

164 797 253 832 μέγας
268 798 426 832 Μαρκιανὸς
438 799 477 834 τῷ
485 799 621 836 θεσπεσίῳ
641 798 747 835 Ἀδίτῳ·
761 810 770 826 ι
787 800 952 836 Δεῦρο,ἐφη,

162 844 273 871 πάντων
286 854 331 880 μοι
346 846 573 880 προσφιλέστατε,
591 848 638 874 καὶ
653 847 753 882 ταύτης
779 847 952 882 κοινωνήσω-

163 899 214 925 μεν
230 892 279 926 τῆς
293 892 442 927 τραπέζης.
461 902 470 918 δ
496 893 525 920 '0
548 893 590 920 δέ’
607 903 615 919 ι
635 894 692 920 Οὐκ
717 891 786 926 οἴδα,
815 894 878 928 ἔφη,
895 893 952 919 πώ-

1005 289 1085 324 plane
1102 289 1285 324 philosophus
1297 310 1304 322 ,
1320 296 1346 317 et
1362 290 1391 317 in
1405 291 1476 317 duro
1491 293 1554 318 vitae
1570 299 1672 326 genere
1689 292 1793 320 exerci-

1005 339 1089 363 tatus.
1100 335 1152 368 Qui
1166 335 1200 363 de
1208 336 1386 364 celeberrima
1398 337 1450 364 viri
1463 337 1564 365 virtute
1575 345 1638 365 cum
1649 338 1792 372 audiis'set,

1003 381 1137 409 diuturna
1157 382 1251 417 quiete
1267 383 1369 410 utilius.
1379 384 1429 411 sibi
1453 383 1511 411 fore
1526 388 1602 411 ratus
1623 384 1675 412 hoc
1689 389 1795 419 specta-

1003 428 1115 461 culum,
1144 428 1261 456 festinus
1287 429 1432 461 aecurrit,
1456 434 1482 456 nt
1508 438 1570 457 eum
1587 431 1693 457 videret.
1711 438 1792 465 queui

1003 475 1126 509 optabat.
1159 474 1276 510 Cognito
1302 479 1394 502 autem
1420 475 1482 510 ejus
1512 475 1645 508 adventu,
1680 483 1795 510 magnus

1004 520 1160 548 Marcianus
1173 522 1245 548 ostio
1260 525 1356 555 aperto
1374 521 1451 548 illum
1468 521 1635 553 intromisit,
1652 522 1795 556 praecepit~

1011 574 1055 596 tne
1068 567 1224 593 admirabili
1238 566 1368 599 Eusebio,
1379 571 1417 594 ~ut
1431 571 1459 594 et
1475 567 1601 601 legumen
1626 571 1756 600 coqueret
1767 571 1795 593 et

1002 613 1084 644 olus,
1103 613 1126 640 si
1155 613 1281 641 haberet.
1299 613 1448 647 Postquam
1464 620 1529 639 vero
1555 612 1659 639 mutuis
1680 612 1750 638 inter
1765 618 1795 638 se

1003 659 1149 694 colloquiis
1172 660 1282 691 satiati,
1308 660 1378 686 alter
1401 659 1517 686 alterius
1543 659 1672 684 virtutem
1692 665 1795 691 cogno-

1005 713 1083 737 vere,
1109 714 1188 733 nona:
1204 706 1285 733 simul
1308 705 1426 733 ofﬁcium
1449 709 1613 740 peregerunt
1634 714 1640 731 :
1665 705 1796 738 venitque

1003 751 1142 778 Eusebius
1162 759 1284 779 inensam
1304 751 1415 784 ferens,
1436 757 1462 779 et
1482 759 1578 786 panes.
1595 750 1665 778 Tum
1681 757 1798 784 magnus

1005 797 1162 825 Marcianus
1179 798 1273 825 divino
1290 798 1371 825 Avito
1389 807 1395 824 :
1415 807 1424 823 ι
1443 797 1582 824 Adesdum
1603 797 1652 828 ait,
1671 795 1801 822 omnium

1005 844 1071 871 mihi
1095 843 1316 878 jucundissime.
1341 848 1369 871 et
1387 843 1471 878 hujus
1497 850 1599 870 mensa:
1625 842 1715 869 simus
1741 847 1796 867 una

1004 890 1165 926 participes.
1187 899 1196 915 ι
1219 889 1268 916 llle
1292 897 1358 917 vero
1379 898 1385 916 :
1418 898 1427 914 ι
1446 888 1505 916 Non
1534 888 1664 919 metnini,
1689 887 1795 922 inquit,

163 944 229 962 ποτε
249 937 301 971 πρὸ
315 938 365 972 τῆς
380 938 500 974 ἑσπέρας
516 939 608 965 σιτίων
629 939 799 973 μεταλαϐὼν,
821 939 951 970 πολλάκις

1006 938 1095 965 cibum
1111 945 1154 964 me
1171 944 1293 972 unquam
1309 936 1464 970 sumpsisse
1477 939 1542 962 ante
1553 941 1707 968 vesperam:
1725 940 1797 968 stirpe

160 981 189 1007 δὲ
206 982 254 1008 καὶ
266 982 312 1008 δύο
327 983 373 1009 καὶ
388 985 462 1018 τρεῖς
477 983 547 1010 κατὰ
562 984 660 1011 ταύτὸν
672 985 764 1016 ἄσιτος
775 985 882 1020 ἡμέρας
895 985 953 1012 δια-

160 1027 241 1055 τελῶ.
259 1037 267 1054 ι
285 1028 348 1055 ὐδὲ
362 1029 448 1063 μέγας
457 1030 629 1065 Μαρκιανός’
643 1040 651 1056 ι
670 1031 753 1066 Ἐμοῦ
769 1031 834 1065 γοῦν
849 1031 952 1064 εἵνεκα,

161 1074 226 1109 ἐτη,
249 1075 369 1111 σήμερον
394 1076 552 1110 ἀμειὸέσθω
571 1076 601 1103 τὸ
625 1076 684 1108 ἔθος
700 1086 705 1091 ·
722 1077 844 1109 ἀσθενῶς
855 1078 910 1112 γὰρ
923 1077 954 1104 τὸ

162 1121 243 1156 σῶμα
261 1121 430 1157 διακείμενος
448 1122 613 1158 προσμένειν
631 1123 681 1158 τὴν
695 1124 815 1158 ἑσπέραν
828 1125 858 1150 οὐ
873 1123 954 1150 δύνα-

163 1177 221 1202 μαι,
244 1177 253 1193 ι
263 1167 307 1199 Ὠς
323 1167 351 1194 δὲ
368 1168 416 1194 καὶ
429 1168 514 1194 ταῦτα
521 1168 607 1202 λέγων
616 1169 660 1195 τὸν
672 1169 827 1201 θαυμαστὸν
844 1169 954 1196 Ἀὅιτον

161 1215 212 1240 οὐκ
227 1213 330 1245 ἔπειθε,
348 1214 478 1247 στενάξαι·
498 1223 527 1240 τε
544 1215 652 1248 λέγεται
668 1215 715 1242 καὶ
730 1216 828 1250 φάναι·
847 1225 856 1241 ι
883 1216 952 1242 Ἀλλ’

161 1259 218 1294 ἐγώ
244 1268 274 1286 τε
299 1260 398 1295 ἀθυμῶ
423 1260 483 1288 λίαν
507 1262 554 1287 καὶ
578 1261 712 1296 δάκνομαι
733 1261 782 1297 τὴν
801 1262 900 1297 ψυχὴν,
914 1262 953 1288 ὅτι

161 1304 288 1331 τοσοῦτον
324 1305 473 1340 ὑπέμεινας
486 1305 576 1338 πόνον,
602 1305 646 1333 ἵνα
671 1306 732 1333 τινὰ
751 1306 892 1341 φιλόπονον
907 1307 954 1333 καὶ

162 1350 308 1384 φιλόσοφον
324 1351 392 1386 ἴδῃς,
418 1352 466 1379 καὶ
489 1352 539 1386 τῆς
560 1351 666 1384 ἐλπίδος
680 1352 819 1387 ψευσθεὶς,
832 1353 954 1388 κάπηλόν

160 1405 224 1423 τινα
245 1397 292 1424 καὶ
311 1397 415 1424 ἄσωτον
436 1398 496 1424 ἀντὶ
518 1398 663 1433 φιλοσόφου
686 1399 822 1426 τεθέασαι.
835 1409 844 1425 ι
867 1400 955 1426 ’Δνια-

162 1443 257 1475 θέντος
281 1444 310 1471 δὲ
340 1444 410 1479 πρὸς
434 1444 520 1471 ταῦτα
534 1445 580 1471 τοῦ
608 1434 750 1472 Θειοτάτου
773 1445 891 1477 Ἀὃίτου,
909 1446 954 1473 καὶ

161 1489 308 1523 φήσαντος,
330 1490 368 1522 ὼς
395 1490 484 1525 κρεῶν
501 1491 647 1526 μεταλάϐοι
662 1491 695 1518 ἂν
721 1491 795 1526 ἥδιον
811 1492 920 1526 μᾶλλον,
936 1492 953 1527 ῆ

160 1535 265 1561 τούτων
294 1535 398 1568 ἀκούοι,
422 1537 436 1562 ὁ
465 1535 553 1570 μέγας
580 1536 631 1572 ἔφη
661 1537 838 1573 Μαρκιανὸς·
863 1547 871 1563 1
900 1537 955 1563 Καὶ

162 1582 254 1616 ἡμεῖς,
267 1578 289 1608 ὦ
305 1582 477 1617 φιλότης,τδν
489 1583 570 1609 αὐτόν
583 1592 623 1610 σοι
639 1583 752 1619 μέτιμεν
770 1583 835 1619 βίον,
852 1584 897 1610 καὶ
906 1584 954 1619 τὴν

162 1627 248 1662 αὐτὴν
271 1628 450 1664 ἀσπαζόμεθα
479 1629 626 1662 πολιτείαν,
654 1630 701 1656 καὶ
728 1630 775 1665 τῆς
795 1630 954 1665 ἀναπαύλης

163 1673 341 1709 προτιμῶμεν
356 1675 419 1707 τοὺς
433 1676 540 1707 πόνους,
562 1676 609 1702 καὶ
625 1676 674 1710 τὴν
690 1676 816 1710 νηστείαν
831 1677 879 1711 τῆς
890 1685 953 1712 τρο-

163 1720 215 1754 ιρῆς
228 1719 442 1755 προαιρούμεθα,
472 1722 519 1748 καὶ
548 1722 644 1753 νυκτὸς
672 1722 874 1758 ἐπιγινομένης,
894 1723 953 1749 τότε

163 1765 265 1800 ταύτης
281 1767 520 1802 μεταλαγχάνομεν
530 1776 537 1784 ’
560 1768 619 1795 ἀλλ’
637 1768 715 1803 ἴσμεν
729 1769 769 1795 ὅτι
780 1769 830 1803 τῆς
844 1768 954 1804 ἀγάπης

162 1811 194 1838 τὸ
208 1812 303 1847 χρῆμα
321 1813 370 1847 τῆς
385 1814 511 1848 νηστείας
527 1814 585 1841 ἐστὶ
598 1814 772 1850 τιμιώτερον.
785 1815 822 1841 Τὸ
837 1815 886 1849 μὲν
900 1816 954 1850 γὰρ

163 1858 212 1892 τῆς
225 1857 300 1890 θείας
320 1858 399 1894 ἔργον
423 1859 593 1894 νομοθεσίας,
608 1861 639 1886 τὸ
660 1861 688 1887 δὲ
705 1859 755 1895 τῆς
772 1860 849 1896 ἡμῶν
865 1861 954 1887 αὐτῶν

164 1902 288 1936 ἐξουσίας
298 1911 305 1919 ·
322 1905 457 1938 προσήκει
482 1904 510 1930 δὲ
536 1905 598 1936 τοὺς
614 1904 703 1936 θείους
715 1905 812 1939 νόμους
822 1905 876 1931 τῶν
887 1907 955 1940 ἡμε-

165 1948 250 1983 τέρων
263 1949 353 1976 πόνων
364 1949 453 1984 πολλῷ
468 1949 589 1985 νομίζειν
605 1951 792 1986 τιμιωτέρους.
814 1960 823 1976 ι
837 1950 955 1977 Τοιαῦτα

166 1993 233 2028 πρὸς
260 1994 393 2030 ἀλλήλους
418 1995 614 2030 διαλεχθέντες,
632 1996 679 2021 καὶ
692 1995 823 2030 βραχείας
839 1996 955 2031 μεταλα-

166 2040 257 2074 χόντες
269 2041 382 2076 τροφῆς,
401 2042 446 2067 καὶ
466 2042 511 2067 τὸν
528 2041 595 2067 Θεὸν
614 2041 796 2076 ὑμνήσαντες,
815 2041 863 2068 καὶ
880 2043 956 2076 τρεῖς

165 2086 291 2122 ἀλλήλοις
322 2087 563 2122 συνδιατρίψαντες
593 2087 717 2122 ἡμέρας,
747 2086 954 2122 ἐχωρίσθησαν,

165 2133 246 2158 πάλιν
260 2133 393 2168 ἀλλήλους
420 2133 536 2169 ὁρῶντες
552 2133 590 2168 τῷ
620 2132 767 2168 πνεύματι.
791 2133 839 2164 Τίς
865 2133 956 2159 τοίνυν

165 2181 214 2206 nix
228 2181 260 2207 ἂν
283 2179 432 2215 θαυμάσειε
451 2180 527 2206 τοῦδε
548 2179 594 2206 τοῦ
611 2179 707 2215 ἀνδρὸς
720 2179 769 2214 τὴν
786 2179 892 2213 σοφίαν,
911 2179 955 2214 ὑφ’

166 2222 199 2260 ἧς
224 2225 428 2260 κυδερνώμενος
443 2225 499 2259 ᾔδει
518 2225 567 2259 μὲν
582 2224 719 2260 νηστείας,
733 2223 792 2259 ᾔδει
805 2223 834 2250 δὲ
849 2223 956 2257 φιλοσο-

167 2271 231 2304 φίας
248 2271 294 2298 καὶ
322 2271 496 2306 φιλαδελφίας
522 2271 627 2305 καιρὸν,
648 2270 706 2305 ᾔδει
727 2270 755 2296 δὲ
774 2270 821 2296 καὶ
839 2269 894 2296 τῶν
906 2270 956 2304 τῆς
975 2290 995 2316 D

167 2318 267 2353 ἀρετῆς
283 2318 385 2353 μορίων
406 2317 436 2344 τὸ
459 2317 596 2353 διάφορον,
621 2317 667 2344 καὶ
687 2318 763 2343 ποῖον
781 2317 851 2351 ποίῳ
873 2325 956 2352 προσ-

167 2367 228 2399 ήκει
257 2365 443 2400 παραχωρεῖν,
473 2365 520 2391 καὶ
548 2364 602 2390 τίνι
619 2363 689 2391 κατὰ
705 2363 801 2399 καιρὸν
814 2362 957 2390 διδόναιτά

167 2411 323 2445 ν;κητήρια.

205 2456 279 2491 Ἐχω
307 2456 336 2482 δὲ
361 2456 410 2482 καὶ
432 2456 496 2483 ἄλλο
514 2456 636 2491 διήγημα
662 2455 712 2490 τῆς
737 2455 766 2481 ὲν
791 2456 847 2486 τοῖς
875 2454 956 2486 θείοις

168 2502 251 2529 αὑτοῦ
270 2502 440 2538 τελειότητος
469 2501 624 2537 γνώρισμα.
660 2502 785 2535 ’Δφίκετο
811 2501 866 2536 γὰρ
889 2501 957 2536 πρὸς

169 2549 249 2576 αὑτὸν
261 2549 277 2584 ή
290 2549 389 2583 ἀδελφὴ
405 2549 459 2575 ἀπὸ
472 2548 521 2583 τῆς
541 2547 671 2583 πατρίδος
687 2547 734 2574 σὺν
750 2547 788 2582 τῷ
805 2546 867 2582 υἱῷ,
882 2547 957 2581 ἀνδρί

168 2604 198 2622 τε
215 2595 282 2628 bim,
296 2596 343 2622 καὶ
359 2595 409 2629 τῆς
428 2594 524 2629 Κύρου
542 2593 721 2629 πρωτεύοντι,
739 2593 787 2624 τὰς
807 2593 957 2627 ἀναγκαίας

169 2641 244 2677 αὐτῷ
268 2643 362 2676 χρείας
386 2641 520 2672 πλουσὲως
541 2641 703 2676 κομίζουσα.
736 2640 765 2666 '0
791 2640 818 2666 δὲ
840 2640 889 2675 τὴν
909 2639 958 2674 μὲν

169 2687 289 2722 ἀδελφὴν
306 2687 368 2714 ἰδεῖν
388 2688 438 2713 οὐκ
452 2687 591 2722 ἠνέσχετο,
616 2687 662 2714 τὸν
681 2687 710 2713 δὲ
725 2686 882 2721 ἀδελφιδοῦν
903 2688 958 2713 εἱσ-

170 2734 278 2766 εδέξατο
291 2742 299 2750 ·
311 2735 360 2769 τῆς
379 2734 434 2769 γὰρ
447 2733 602 2769 ὡρισμένης
619 2733 762 2768 συντυχίας
778 2731 811 2768 ἦν
823 2733 838 2759 ὁ
852 2733 957 2767 καιρός.

176 2780 219 2812 Ὠς
236 2780 265 2807 δὲ
286 2780 405 2808 ἱκέτευον
425 2779 606 2815 ὺποδεχθῆναι
621 2779 656 2806 τὰ
674 2779 838 2815 κομισθέντα
852 2788 859 2795 ·
881 2787 890 2804 ‹
910 2779 959 2806 Διὰ

171 2826 278 2858 πόσων,
296 2825 346 2860 ἔφη
356 2845 363 2856 ,
390 2825 577 2860 μοναστηρίων
593 2824 716 2861 διήλθετε
729 2833 736 2858 ;
762 2823 833 2851 τίσιν
847 2825 959 2851 ἐκείνων

171 2875 204 2900 ὲκ
216 2872 318 2900 τούτων
338 2872 428 2898 αὐτῶν
449 2871 636 2906 pensante;
661 2881 670 2897 I
692 2871 745 2898 Τοῦ
768 2871 796 2898 δὲ
819 2871 959 2907 είρηκότος

174 2921 210 2951 ὁις
231 2919 317 2945 οὐδενὶ
335 2917 480 2950 δεδωκότες
500 2916 564 2944 εἷεν·
585 2927 593 2943 ι
623 2918 737 2950 "Anne,
757 2917 824 2953 ἔφη,
845 2918 903 2953 μεθ’
923 2915 959 2945 ὧν

1004 987 1097 1011 autem
1120 983 1200 1010 binos
1214 990 1247 1010 ac
1262 987 1358 1010 ternos
1383 981 1465 1009 simul
1481 981 1541 1008 dies
1559 980 1671 1014 jejunus
1687 986 1797 1014 perma-

1004 1039 1066 1058 neo.
1079 1041 1088 1057 ›
1104 1031 1135 1057 Et
1151 1038 1267 1065 magnus
1281 1029 1439 1056 Marcianus
1459 1037 1465 1055 :
1486 1037 1495 1054 ι
1511 1028 1573 1055 Mea
1589 1035 1655 1062 ergo
1666 1047 1673 1059 ,
1691 1025 1797 1061 inquit,

1004 1085 1089 1105 causa
1105 1081 1228 1104 mutetur
1247 1076 1329 1104 hodie
1342 1066 1527 1103 consuetudo.
1549 1073 1616 1100 Nam
1631 1081 1692 1100 cum
1711 1072 1784 1099 imbe

1004 1123 1071 1150 cillo
1099 1123 1150 1150 sim
1182 1129 1315 1159 corpore,
1357 1128 1503 1155 vesperam
1535 1124 1699 1154 exspectaro
1739 1124 1795 1144 non

1007 1170 1113 1206 1145
1136 1176 1259 1204 possum.
1282 1178 1291 1194 ι
1319 1168 1427 1201 Quibus
1445 1167 1538 1195 verbis
1557 1174 1619 1194 cum
1639 1165 1797 1193 admirabili

1004 1217 1086 1243 Avito
1117 1223 1172 1243 non
1203 1215 1412 1250 persuasisset,
1442 1212 1612 1249 ingemuisse
1641 1211 1740 1243 fertur,
1770 1215 1798 1238 et

1004 1262 1134 1289 dixisse:
1163 1271 1174 1287 ι
1196 1264 1234 1288 At
1260 1268 1313 1296 ego
1341 1260 1436 1287 animo
1458 1267 1544 1295 angor
1573 1263 1600 1286 et
1630 1257 1796 1289 diserucior,

1004 1308 1080 1344 quod
1100 1312 1207 1335 tantum
1233 1307 1355 1334 laborem
1372 1306 1496 1342 ceperis,
1526 1311 1555 1332 ut
1581 1305 1685 1333 laboris
1700 1311 1797 1330 aman-

1005 1358 1061 1381 tem
1078 1354 1218 1381 hominem
1237 1353 1365 1384 videres,
1392 1357 1419 1379 et
1440 1351 1655 1387 philosophum,
1674 1358 1722 1385 spe
1746 1357 1797 1376 au-

1005 1405 1060 1428 tem
1085 1400 1252 1432 frustratus,
1281 1407 1434 1434 cauponem
1455 1398 1602 1434 quemdam
1621 1401 1648 1424 et
1663 1399 1797 1430 inlentpe-

1006 1450 1112 1473 rautem
1125 1445 1219 1474 vidisti
1236 1453 1285 1480 pro
1295 1445 1472 1480 philosopho.
1489 1454 1498 1470 ι
1515 1444 1547 1471 Et
1559 1451 1621 1470 eum
1635 1443 1743 1470 tristior
1755 1442 1798 1470 his

1005 1493 1109 1520 auditis
1135 1492 1225 1520 factus
1251 1491 1446 1519 divinissimns
1473 1491 1585 1522 Avitus,
1615 1489 1721 1524 gratius
1744 1488 1797 1514 sibi

1007 1539 1130 1566 futurtim
1146 1539 1251 1566 diceret
1266 1538 1397 1565 carnibus
1408 1538 1497 1568 vesci.
1511 1544 1593 1571 quam
1607 1535 1673 1562 talia
1689 1533 1796 1563 audire.

1008 1593 1124 1619 magnus
1150 1586 1249 1612 iterum
1272 1585 1448 1616 Marcianus,
1476 1594 1485 1610 ‹
1504 1583 1537 1610 Ει
1558 1591 1630 1615 nos,
1652 1581 1759 1616 inquit,
1781 1588 1799 1606 ο

1006 1631 1111 1663 amice,
1129 1631 1253 1657 eaindem
1268 1638 1351 1665 quam
1367 1635 1394 1657 tu
1413 1630 1495 1656 vitam
1516 1628 1665 1659 ducimus,
1681 1632 1709 1654 et
1724 1624 1805 1653 eam:

1007 1677 1068 1705 dem
1084 1678 1193 1704 vivendi
1208 1678 1343 1704 rationem
1362 1676 1565 1711 amplectimur,
1584 1679 1612 1702 et
1624 1673 1710 1708 quieti
1727 1672 1799 1700 labo-

1007 1732 1052 1750 rus
1067 1724 1284 1758 anteponimus,
1320 1727 1346 1749 ct
1384 1722 1521 1756 jejunium
1562 1720 1650 1756 pluris
1680 1719 1800 1746 lat-intus

1007 1770 1203 1804 quamcibnm,
1222 1777 1340 1803 eumque
1359 1768 1412 1795 snb
1424 1774 1642 1802 noctemcapere
1659 1767 1797 1794 solemus:

1007 1816 1054 1844 sed
1072 1816 1177 1843 scimus
1192 1817 1201 1826 ⁶
1224 1815 1388 1842 charitatem
1406 1813 1515 1848 jejunio
1535 1820 1597 1840 esse
1621 1811 1798 1847 praestantio-

1007 1871 1076 1889 rem.
1099 1863 1160 1889 Hazc
1179 1862 1254 1889 enim
1271 1861 1370 1889 divina:
1390 1861 1459 1895 legis
1483 1865 1526 1887 est
1550 1867 1638 1894 opus,
1661 1858 1798 1893 jejunium

1008 1916 1074 1934 vero
1090 1907 1235 1942 potestatis
1252 1911 1354 1934 nostra:
1377 1910 1404 1934 et
1425 1905 1537 1932 arbitrii
1552 1914 1560 1932 ;
1580 1903 1691 1932 divinas
1706 1906 1799 1930 autem

1008 1955 1084 1990 leges
1102 1955 1190 1990 plut-is
1207 1962 1289 1989 quam
1307 1954 1417 1981 labores
1431 1956 1544 1980 nostros
1564 1951 1655 1979 facere
1667 1958 1718 1978 nos
1731 1957 1799 1976 con-

1008 2002 1094 2027 venit.
1116 2011 1125 2026 ι
1143 2000 1207 2028 llzec
1228 2001 1266 2027 illi
1283 2008 1346 2027 cum
1370 2001 1443 2027 inter
1460 2006 1490 2027 se
1510 1998 1628 2026 invicem
1647 1996 1798 2024 disseruis-

1007 2051 1079 2078 sent,
1095 2047 1250 2081 exiguoque
1266 2050 1378 2081 sumpto
1391 2047 1467 2078 cibo,
1480 2045 1565 2073 Deum
1577 2045 1749 2073 laudassent,
1767 2050 1800 2070 ac

1007 2097 1064 2119 tres
1079 2092 1138 2119 dies
1153 2101 1207 2119 una
1220 2093 1438 2127 transegissenl,
1453 2091 1586 2125 disjnncti
1602 2094 1668 2118 sunt
1678 2110 1684 2120 .
1699 2089 1798 2124 spiritu

1007 2146 1037 2165 se
1051 2145 1149 2164 rursus
1167 2142 1263 2164 mutuo
1280 2136 1469 2171 conspecturi.
1484 2135 1552 2168 Quis
1567 2142 1633 2170 ergo
1647 2135 1730 2167 hujus
1745 2134 1796 2162 viri

1008 2183 1171 2217 sapientiam
1192 2191 1245 2210 non
1269 2182 1431 2214 admiretur,
1453 2189 1508 2216 qua
1528 2181 1599 2208 duce
1611 2180 1711 2215 jejunii
1731 2185 1799 2207 tem-

1009 2237 1061 2264 pus
1080 2233 1214 2260 noverat,
1235 2232 1352 2256 noverat
1371 2232 1398 2255 et
1425 2226 1605 2263 philosophia:
1624 2235 1655 2253 ac
1672 2226 1801 2253 fraterna:

1010 2276 1155 2303 eharilatis
1187 2284 1193 2303 :
1225 2275 1335 2303 virtutis
1361 2282 1474 2310 quoque
1491 2274 1611 2308 partium
1629 2272 1799 2299 dill'ero'ntias

1010 2322 1136 2354 videbat,
1159 2326 1186 2349 et
1205 2330 1288 2357 quam
1304 2321 1348 2349 cui
1365 2321 1463 2348 cedere
1477 2325 1619 2355 oporteat,
1643 2324 1670 2346 et
1687 2319 1798 2346 cuinam

1009 2367 1036 2395 in
1053 2371 1174 2403 tempore
1190 2368 1305 2396 victoria
1324 2367 1472 2395 tribuenda
1485 2366 1530 2394 sit.

1043 2458 1161 2486 Possunt
1177 2461 1204 2486 et
1218 2458 1293 2485 aliud
1309 2464 1546 2489 commemorare,
1570 2464 1602 2484 ex
1617 2465 1673 2491 quo
1692 2455 1752 2489 ejus
1772 2458 1797 2483 in

1008 2503 1110 2531 divinis
1123 2504 1256 2539 perfectio
1271 2507 1469 2538 cognoscatur.
1484 2501 1603 2530 Verterat
1621 2501 1655 2529 ad
1671 2502 1748 2528 illum
1765 2509 1797 2528 cx

1009 2550 1098 2584 patria
1114 2556 1194 2576 soror
1210 2549 1271 2583 ejus
1297 2557 1358 2575 cum
1388 2547 1460 2579 lilio,
1485 2548 1532 2582 qui
1552 2552 1580 2574 et
1604 2550 1645 2575 vir
1669 2550 1745 2578 erat,
1772 2551 1801 2572 et

1010 2596 1086 2623 urbis
1108 2595 1172 2631 Cyri
1186 2596 1330 2623 obtinebat
1349 2595 1536 2630 principatum
1548 2615 1555 2625 ,
1572 2602 1632 2629 qum
1645 2594 1679 2621 ad
1696 2594 1799 2621 victum

1010 2641 1049 2668 illi
1065 2642 1221 2669 necessaria
1234 2645 1314 2668 erant
1328 2641 1447 2669 atterens
1462 2640 1583 2668 abunde.
1601 2641 1627 2668 is
1645 2647 1711 2667 vero
1723 2643 1815 2667 soro-'

1011 2695 1067 2715 rem
1086 2688 1180 2716 videre
1195 2696 1249 2716 non
1268 2688 1375 2724 1146
1389 2693 1431 2716 est
1446 2695 1545 2722 passus
1563 2698 1568 2715 :
1587 2688 1694 2715 sororis
1709 2693 1799 2714 autem

1011 2734 1097 2761 ﬁlium
1109 2754 1116 2767 ,
1142 2735 1273 2770 quoniam
1291 2743 1352 2762 eum
1369 2734 1527 2769 alloquendi
1545 2738 1653 2768 tempus
1671 2738 1746 2765 erat,
1773 2733 1799 2760 in

1011 2787 1189 2816 conspectum
1208 2781 1331 2809 admisit.
1345 2781 1414 2809 Cum
1434 2785 1526 2808 autem
1540 2785 1670 2815 rogarent
1685 2784 1713 2807 ut
1725 2779 1800 2806 acci-

1011 2832 1087 2862 peret
1106 2835 1167 2863 qum
1181 2828 1262 2855 allata
1277 2827 1387 2856 l‘uerant
1406 2837 1413 2854 :
1435 2837 1444 2853 (
1456 2827 1510 2855 Per
1525 2831 1606 2861 quot,
1619 2826 1721 2860 inquit,
1739 2834 1800 2852 Ino-

1011 2875 1132 2902 nasteria
1156 2875 1323 2905 transiistis,
1340 2877 1366 2902 et
1385 2874 1550 2909 quibusnam
1569 2873 1680 2900 illorum
1697 2880 1730 2900 ex
1755 2871 1798 2899 his

1012 2919 1114 2955 aliquid
1135 2921 1344 2955 impertiistis?»
1363 2921 1487 2956 Cumque
1502 2920 1525 2948 is
1541 2919 1609 2947 nulli
1627 2919 1721 2946 datum
1743 2926 1802 2948 esse
