2036 3122
153 176 226 210 183⁸1
771 176 973 207 RELIGIOSA

992 177 1185 207 HISTORIA.
1727 178 1798 209 ΗΜ

156 231 276 266 ινιγκὼν
284 231 410 266 δείματος
418 231 518 263 παντὸς
527 231 672 266 γέμοντας,
679 231 707 257 ὲν
713 231 810 267 ἐκείνῳ
817 231 856 267 τῷ
862 232 937 267 χωρίι

988 257 989 260 η
1004 232 1201 266 jurejurando,
1220 237 1249 259 ut
1264 240 1365 268 corpus
1381 240 1460 259 suum
1474 233 1521 259 illo
1538 233 1565 259 in
1579 234 1639 261 loco
1655 234 1774 270 deponat
1788 258 1795 266 .

155 278 313 305 καταθεῖναι
327 277 357 304 τὸ
366 277 456 313 σῶμα,
467 278 514 304 καὶ
522 278 623 313 μηδένα
631 277 776 312 διαγνῶναι
793 279 838 306 τὸν
849 279 945 312 τάφον,

154 324 226 360 πλὴν
235 324 282 351 δύο
290 324 345 351 τῶν
356 324 561 360 συνηθεστέρων
573 324 715 355 συνοίκων,
732 325 830 360 μέχρις
849 325 883 352 ἂν
903 325 946 352 δι-

154 370 221 407 έλθῃ
228 370 310 402 πολὺς
317 370 385 396 ἐτῶν
393 370 456 404 ἀριο
461 371 579 405 μός.Καὶ
586 370 678 398 τοῦτον
685 371 729 397 τὸν
737 371 837 406 ὅρκονό
843 371 947 406 θαυμά-

154 425 211 448 σιος
217 417 320 447 ἐκεῖνος
329 416 398 451 ὲπλή
403 425 488 451 ρωσεν
497 416 650 452 ἄνθρωπος.
660 416 769 451 Ἐπειδὴ
776 417 830 453 γὰρ
836 414 888 453 ἧκε
898 417 945 443 τοῦ

153 462 301 497 νικηφόρου
310 461 340 488 τὸ
348 461 435 495 τέλος,
443 461 492 488 καὶ
498 462 576 497 χορὸς
586 461 711 496 ἀγγέλων
719 462 769 495 τὴν
785 462 860 496 ίερὰν
873 462 946 488 ἐκεί-

151 515 201 540 νην
210 507 256 534 καὶ
264 506 338 533 Θείαν
344 506 432 542 ψυχὴν
439 508 479 539 είς
485 507 532 539 τὰς
541 509 569 533 ὲν
579 506 685 542 οὐρανῷ
693 506 776 541 μονὰς
786 506 943 541 μετέθηκεν,

151 553 181 579 οὐ
193 554 323 588 πρότερον
341 552 424 579 αὐτοῦ
444 553 494 588 τὴν
515 553 642 589 τελευτὴν
673 553 872 588 κατεμήνυσεν,
892 553 944 584 ἕως

152 599 223 632 μετὰ
234 598 288 625 τῶν
298 597 345 625 δύο
356 598 410 624 τῶν
427 599 648 634 γνωριμωτέρων
664 599 710 626 τὸν
725 600 809 633 τάφον
832 599 942 633 ὀρύξας,

149 644 198 670 καὶ
213 645 243 671 τὸ
255 644 335 679 σῶμα
355 645 495 676 καταθεὶς,
511 645 558 680 τῆς
570 646 621 680 γῆς
635 645 685 680 τὴν
701 645 862 679 ἐπιφάνειαν
877 645 944 678 ἐξω-

150 691 258 726 μάλισε.
285 692 341 719 Καὶ
369 692 539 726 πεντήκοντα
563 691 723 719 διελθόντων
748 693 891 725 ἐνιαυτῶν,
923 693 941 728 ἦ

148 737 292 770 πλειόνων,
310 738 414 773 μυρίων
426 738 696 774 συνδεδραμηκότων,
729 739 776 766 καὶ
797 739 941 774 διηρευνη-

148 783 236 810 κότων
247 784 277 810 τὸ
291 783 381 818 σῶμα,
398 784 496 819 ἄδηλος
511 785 524 811 ό
540 785 625 818 τάφος
642 785 808 820 μεμένηκεν.
831 785 941 820 Ἐπειδὴ

147 828 176 855 δὲ
189 829 304 861 ἕκαστος
327 830 382 856 τῶν
405 831 613 865 προειρημένων
632 831 736 866 σηκῶν,
759 832 773 858 ὁ
797 831 846 867 μὲν
871 832 940 858 ἀπο-

148 875 261 908 στόλων,
276 875 331 902 οδε
347 875 495 911 μαρτύρων
521 876 668 908 ὑπεδέξατο
692 876 817 911 λείψανα,
838 877 941 913 θαρῥή-

147 928 245 952 σαντες
266 921 358 948 λοιπὸν
384 922 409 948 οἱ
434 922 483 955 τῆς
504 922 610 949 ἐκείνου
635 923 739 957 σκηνῆς
763 924 808 950 καὶ
830 923 941 959 διδαχῆς

146 967 320 1003 κληρονόμοι,
339 969 391 1004 πρὸ
406 969 453 995 δύο
475 970 577 997 τούτων
601 970 670 996 ὲτῶν
690 971 814 1006 λάρνακα
836 972 941 1006 λιθίνην

146 1014 415 1047 κατασκευάσαντες,
429 1016 458 1041 ὲν
471 1016 557 1051 ταύτῃ
571 1016 618 1042 τοῦ
629 1016 721 1051 τιμίου
746 1016 872 1052 σώματος
890 1026 939 1053 με-

143 1058 265 1091 τέθηκαν
281 1059 315 1087 τὰ
330 1060 455 1095 λείψανα,
471 1062 531 1094 ἑνὸς
552 1061 598 1089 τὸν
619 1062 703 1096 τάφον
729 1062 917 1096 ὑποδείξαντος
931 1072 937 1078 ·

142 1102 222 1136 οὗτος
232 1105 286 1141 γὰρ
304 1107 383 1141 μόνος
396 1108 429 1134 ὲκ
437 1107 492 1134 τῶν
501 1108 585 1142 τριῶν
596 1109 705 1143 περιῆν.

179 1151 308 1187 Ζηλωτὴς
325 1152 354 1179 δὲ
373 1153 518 1188 γενόμενος
539 1154 588 1188 τῆς
604 1155 708 1182 ἐκείνου
731 1157 832 1192 ἀρετῆς
851 1157 936 1183 Εὐσέ-

142 1195 203 1228 Βιος
218 1196 402 1232 όθαυμάσιος.
418 1199 521 1225 πλείοσι
534 1199 666 1226 διετέλεσε
689 1201 781 1232 πόνοις
802 1202 938 1237 κατατρύ-

143 1252 200 1278 χων
213 1243 242 1269 τδ
257 1243 346 1278 σῶμα.
365 1244 457 1270 Εἴκοσι
472 1245 526 1280 γὰρ
546 1247 592 1272 καὶ
607 1247 705 1273 ἑκατὸν
726 1247 836 1283 σιδήρου
855 1257 936 1283 περι-

142 1290 270 1324 κείμενος
298 1290 402 1326 λίτρας,
431 1291 549 1325 ἐπέθηκε
573 1292 624 1328 μὲν
649 1293 739 1328 ἑαυτῷ
763 1294 874 1325 καὶτὰς
890 1295 937 1321 τοῦ

142 1335 282 1364 Θειοτάτου
316 1336 472 1371 Ἀγαπητοῦ
484 1337 567 1369 ἄλλας
585 1339 766 1373 πεντήκοντα,
782 1339 937 1375 προσέθηκε

142 1380 173 1407 δὲ
203 1381 250 1407 καὶ
274 1380 325 1413 τὰς
355 1381 402 1408 τοῦ
424 1383 542 1417 μεγάλου
574 1385 733 1419 Μαρκιανοῦ
760 1385 935 1420 ὀγδοήκοντα.

143 1425 228 1460 Ἔσχε
240 1425 269 1452 δὲ
284 1427 440 1462 οἰκητήριον
453 1427 552 1455 λάκκον
563 1429 624 1456 τινὰ
638 1429 742 1456 ὑδάτων
761 1430 937 1466 ἀπηλλαγμέ-

140 1479 198 1503 νον,
208 1471 255 1497 καὶ
269 1471 354 1512 τριῶν
367 1472 437 1498 ἐτῶν
452 1473 569 1508 ἀριθμὸν
580 1473 674 1500 τοῦτον
687 1474 787 1509 διάγων
803 1476 936 1502 διετέλεσε

139 1518 187 1544 τον
201 1517 310 1553 τρόπον.
330 1519 376 1550 El;
393 1519 503 1551 τούτους
525 1519 553 1546 δὲ
570 1519 666 1555 ἐξέϐην
683 1522 745 1552 τοὺς
762 1521 868 1555 λόγους,
884 1522 937 1548 δεῖ·

140 1562 187 1595 ξαι
203 1562 365 1597 βουλόμενος
391 1563 463 1595 ὅσοις
476 1565 523 1590 καὶ
539 1564 630 1596 ἄλλοις
651 1566 775 1600 μεγάλων
797 1567 933 1601 κατορθω-
949 1581 971 1610 C

141 1608 237 1643 μάτων
259 1609 272 1634 ὁ
296 1609 384 1644 μέγας
404 1610 564 1645 Μαρκιανὸς
591 1611 699 1645 ἐγένετο
725 1612 933 1647 πρόξενος.Τῆς

138 1652 236 1679 τούτου
253 1652 413 1688 φιλοσοφίας
429 1654 557 1682 ἀπώνατο
574 1657 621 1683 καὶ
641 1657 781 1689 Βασίλειος
797 1659 811 1684 ό
828 1658 935 1693 θαυμά-

140 1707 209 1730 σιος.
219 1700 232 1726 ὁ
244 1699 350 1731 πολλοῖς
366 1700 478 1736 ὕστερον
492 1702 599 1736 χρόνοις
609 1703 684 1738 παρὰ
699 1704 748 1739 τὴν
765 1704 931 1740 Σελευκόεη-

138 1744 185 1772 λον
201 1753 211 1762 ο
228 1746 305 1778 πόλις
319 1746 348 1772 δὲ
365 1745 434 1781 αὓτη
454 1747 502 1782 τῆς
516 1747 616 1781 Συρίας
628 1757 634 1763 ·
660 1749 691 1775 τὸ
710 1751 858 1785 μοναχικὸν
879 1751 933 1777 δει-

142 1791 263 1826 μάμενος
278 1792 462 1826 καταγώγιον.
481 1793 529 1820 καὶ
548 1793 658 1828 λάμψας
669 1795 718 1830 μὲν
726 1797 754 1822 ὲν
772 1796 878 1828 πολλοῖς
894 1797 928 1824 εῖ-

139 1837 214 1864 ὅεσιν
229 1838 341 1872 ἀρετῆς,
355 1837 464 1873 λάμψας
480 1838 508 1865 δὲ
520 1839 703 1875 διαφερόντως
721 1843 750 1868 ἐν
759 1841 797 1877 τῷ
815 1842 935 1877 θεοφιλεῖ

139 1883 191 1918 τῆς
205 1884 315 1919 ἀγάπης
332 1886 463 1919 κτήματι,
488 1886 536 1912 καὶ
556 1887 595 1921 τῷ
615 1887 680 1922 θείῳ
706 1889 757 1923 τῆς
781 1888 933 1922 φιλοξενίας

140 1931 345 1968 κατορθώματι.
381 1933 482 1964 Ὀσους
501 1933 529 1960 δὲ
551 1935 598 1960 καὶ
613 1931 692 1966 οὗτος
718 1937 874 1971 παρέστησε
894 1937 933 1972 τῷ

140 1977 201 2013 Θεῷ
226 1979 382 2014 «ἐργάτας,
404 1979 592 2011 ἀποστολικῶς
619 1980 716 2012 εἰπεῖν,
747 1982 931 2017 άνεπαισχύν-

139 2033 214 2056 τους,
245 2024 459 2060 ὸρθοτομοῦντας
476 2025 522 2052 τὸν
535 2026 615 2060 λόγον
633 2027 681 2061 τῆς
693 2027 830 2062 ἀληθείας,
852 2037 861 2054 ι
891 2029 931 2060 τίς

140 2072 173 2098 ἄν
205 2071 305 2107 ῥᾳδίως
324 2071 518 2107 ἀριθμήσειενς
551 2073 610 2099 Ἵνα
626 2073 678 2108 γὰρ
690 2074 753 2105 τοὺς
767 2074 863 2106 ἄλλους
886 2075 932 2101 ἐπὶ

140 2117 187 2144 τοῦ
202 2118 336 2152 παρόντος
350 2118 508 2152 παραλίπω,
518 2119 657 2153 εὐφημίας
675 2119 725 2153 μὲν
736 2119 815 2151 δντας
827 2121 930 2153 ἀξίους,

142 2163 230 2198 μῆκος
248 2163 277 2190 δὲ
300 2163 482 2198 ἐμποιοῦντας
505 2164 545 2199 τῷ
566 2164 726 2200 διηγήματι,
749 2165 809 2197 ἑνὸς
827 2166 930 2193 τούτων

141 2209 190 2236 καὶ
207 2209 287 2244 μόνου
303 2209 502 2244 μνησθήσομαι.
526 2210 650 2244 Ἐγένετό
669 2219 712 2242 τις
727 2212 823 2239 τούτου
837 2220 931 2247 φοιτη-

999 280 1026 301 t'l
1040 276 1198 311 sepulcrum
1220 277 1338 314 1148,
1365 276 1420 304 nisi
1445 281 1507 311 post
1529 277 1638 313 longam
1661 287 1797 309 annorum

997 322 1097 348 seriem
1108 343 1115 353 ,
1140 329 1220 349 nemo
1236 323 1323 354 Sciat,
1341 327 1438 357 prtetcr
1453 323 1620 351 domesticos
1636 324 1704 352 duns
1718 331 1798 354 (λειε-

997 367 1036 394 ris
1053 367 1257 394 familiariores.
1283 367 1485 402 Jusjurandum
1503 373 1594 396 autem
1612 378 1728 404 prorsus
1744 373 1794 398 im-

996 414 1079 448 plevit
1100 414 1181 441 homo
1195 414 1241 441 ille
1261 414 1446 442 admirabilis.
1465 415 1533 442 Nam
1554 416 1637 443 simul
1653 425 1683 443 ac
1702 418 1791 444 vietor

996 460 1123 495 egregius
1138 461 1192 487 vita
1214 460 1326 488 functus
1362 465 1424 494 est,
1456 465 1482 488 et
1511 462 1672 496 angelorum
1692 464 1796 492 chorus

995 513 1103 532 sarram
1130 505 1203 532 illam
1233 506 1412 541 divinumque
1443 507 1561 534 animam
1588 507 1615 534 in
1642 508 1794 536 cmlestium

995 551 1108 578 sedibus
1126 553 1287 585 collocavit,
1301 561 1355 580 non
1373 553 1452 588 prius
1468 553 1529 587 ejus
1544 553 1648 580 obitum
1664 556 1671 564 '
1687 555 1794 583 indica‘

995 597 1048 627 vit,
1075 605 1158 632 quam
1179 606 1241 626 cum
1257 599 1366 626 duobus
1387 599 1441 626 illis
1465 600 1653 627 familiaritate
1679 594 1795 634 conjun—

995 643 1133 671 ctioribus
1149 644 1220 671 facta
1243 644 1329 677 fossa,
1353 651 1380 672 et.
1406 653 1522 680 corpore
1546 645 1692 680 deposito,
1710 651 1791 674 terra:

994 690 1168 722 superticietu
1184 691 1404 726 complanasset.
1418 689 1495 717 Unde
1508 691 1711 726 quinquaginta
1728 696 1791 726 post.

993 741 1081 761 annos
1099 735 1141 761 vel
1162 735 1255 769 plures
1269 737 1397 771 elapsos,
1416 745 1478 764 cuin
1491 745 1524 765 eo
1541 738 1659 772 profecti
1676 738 1789 772 plurimi

994 787 1098 814 corpus
1114 781 1261 816 diligenter
1278 784 1507 818 inwstigassent.
1538 785 1661 819 ignotum
1685 784 1788 811 mansit

992 826 1162 859 sepulcrum.
1173 825 1323 863 Postquam
1335 832 1426 855 autem
1441 830 1659 864 unumquodque
1674 837 1708 856 ex
1721 837 1790 864 pra:-

993 872 1077 900 dietis
1100 874 1252 907 aratoriis,
1281 874 1334 901 hoc
1360 875 1470 910 quidem
1495 876 1704 910 apostolorum,
1722 876 1790 903 illud

993 926 1059 945 vero
1075 924 1228 954 martyrum
1246 919 1354 953 accepit
1379 920 1527 954 reliquias,
1546 929 1643 948 securo
1658 921 1790 956 deinceps

991 964 1051 998 ejus
1067 964 1176 992 cellula)
1194 965 1387 999 doctrinaeque
1414 966 1538 994 haeredes
1555 966 1583 993 in
1609 974 1702 994 arcam
1721 967 1790 1002 lapi-

990 1011 1068 1038 deam
1080 1031 1087 1043 ,
1102 1011 1214 1038 biennio
1228 1015 1292 1039 ante
1314 1016 1504 1040 constructam
1514 1033 1521 1045 ,
1538 1013 1650 1047 pretiosi
1664 1015 1789 1048 corporis

991 1057 1123 1091 reliquias
1142 1058 1366 1091 transtulerunt,
1399 1066 1473 1090 uno,
1491 1059 1539 1094 qui
1562 1067 1595 1086 ex
1622 1060 1713 1088 tribus
1733 1060 1788 1088 illis

990 1103 1068 1130 solus
1084 1107 1227 1138 superstes
1243 1108 1322 1136 erat,
1342 1104 1502 1139 sepulcrum
1520 1105 1696 1133 ostendente.

1029 1150 1098 1183 Ejus
1119 1157 1201 1184 porro
1214 1150 1327 1178 virtutis
1350 1151 1495 1178 aemulator
1513 1150 1685 1180 admirabilis
1695 1153 1787 1180 Euse-

992 1195 1053 1223 bius
1073 1203 1175 1230 corpus
1201 1196 1330 1230 plurimis
1350 1196 1495 1225 laboribus
1517 1196 1639 1232 afﬂigere
1661 1206 1716 1225 non
1739 1199 1788 1227 de-

989 1242 1069 1269 stitit.
1083 1241 1148 1268 Nam
1166 1250 1228 1268 cum
1247 1241 1312 1269 ferri
1332 1247 1445 1270 centum
1462 1247 1490 1271 et
1508 1243 1604 1278 viginti
1622 1245 1706 1273 libras
1723 1253 1787 1272 cor-

989 1288 1048 1322 p0ri
1065 1287 1179 1314 haberet
1201 1283 1345 1322 impositas
1359 1310 1367 1321 ,
1383 1288 1437 1315 sibi
1459 1288 1528 1316 alias
1551 1289 1683 1324 imposuit
1700 1291 1786 1318 divini

989 1333 1100 1368 Agapeti
1117 1334 1319 1368 quinquaginta
1337 1343 1344 1361 ι
1358 1335 1424 1368 quin
1439 1338 1466 1361 et
1481 1334 1573 1368 magni
1590 1343 1702 1370 quoque
1715 1336 1787 1363 Mar-

989 1380 1059 1406 riani
1088 1379 1156 1407 alias
1181 1380 1283 1414 adjecit
1310 1381 1463 1416 octoginta.
1486 1381 1606 1416 Eratque
1622 1382 1646 1408 ei
1671 1382 1786 1409 domici-

990 1427 1054 1452 lium
1082 1426 1158 1454 lacus
1191 1426 1303 1461 quidam
1331 1427 1412 1462 aquis
1434 1435 1561 1459 vacuus,
1594 1428 1621 1454 in
1646 1435 1702 1462 quo
1731 1433 1786 1456 tres

988 1480 1077 1500 annos
1105 1473 1267 1507 huiusmodi
1298 1473 1384 1500 vitam
1411 1470 1501 1501 duxit.
1533 1474 1572 1501 Ad
1605 1475 1662 1502 haec
1691 1480 1784 1503 autem

987 1519 1153 1554 explicanda
1169 1527 1201 1546 eo
1212 1527 1274 1547 sum
1286 1520 1431 1554 digressus
1443 1540 1450 1553 ,
1469 1524 1498 1547 ut
1514 1521 1688 1548 ostettdercm
1703 1530 1785 1557 quant

988 1566 1082 1592 midtis
1100 1566 1160 1593 aliis
1176 1565 1342 1592 eximiarum
1365 1565 1497 1592 virtutum
1514 1571 1614 1594 auctor
1630 1567 1712 1594 fuerit
1725 1575 1785 1594 ma-

986 1609 1230 1645 gnusMart-ianus.
1241 1611 1329 1644 Hujus
1342 1610 1525 1646 philosophia:
1538 1611 1658 1638 fructum
1674 1619 1785 1647 quoque

992 1655 1117 1690 percepit
1133 1655 1315 1683 admirandus
1336 1655 1382 1683 ille
1402 1656 1541 1690 Basilius,
1558 1658 1604 1692 qui
1620 1658 1703 1693 longo
1724 1662 1785 1692 post

986 1700 1113 1736 tempore
1139 1702 1211 1736 apud
1230 1701 1441 1730 Scleucohelum
1465 1703 1552 1739 Syriae
1579 1705 1674 1731 urbem
1691 1713 1785 1732 mona-

971 1746 1084 1775 ‘stieum
1105 1748 1213 1783 1149
1232 1748 1370 1775 exstruxit
1394 1749 1598 1782 habitaculum,
1624 1754 1651 1777 et
1674 1758 1736 1777 eum
1756 1750 1783 1778 in

984 1794 1080 1820 multis
1101 1794 1251 1829 generibus
1268 1795 1402 1821 virtutum
1425 1795 1556 1822 enituerit
1568 1817 1575 1828 ,
1593 1800 1649 1822 tum
1665 1796 1784 1823 maxime

984 1839 1012 1866 in
1027 1839 1084 1866 Deo
1101 1839 1184 1874 longe
1200 1840 1360 1874 gratissima
1377 1841 1556 1874 possvssionc
1573 1841 1720 1868 eharitatis
1731 1861 1739 1873 ,
1756 1847 1783 1869 et

983 1885 1011 1911 in
1023 1885 1117 1912 divino
1135 1892 1218 1919 opere
1234 1885 1446 1919 hospitalitatis.
1460 1886 1548 1919 Quam
1567 1887 1668 1914 multos
1686 1892 1780 1915 autent

984 1931 1029 1957 hic
1046 1939 1159 1966 quoque
1176 1931 1232 1958 Ded
1251 1931 1408 1958 exhibuerit
1429 1941 1438 1957 ί
1457 1932 1602 1967 operarios
1623 1933 1775 1961 inconfusi-

982 1977 1065 2010 biles,
1090 1982 1120 2004 ut
1142 1985 1204 2004 cum
1231 1977 1363 2013 Apostolo
1390 1979 1481 2005 dicam
1494 1984 1517 2012 ο,
1536 1983 1612 2006 recte
1627 1984 1780 2007 tractantes

983 2024 1099 2049 verbum
1120 2024 1245 2050 veritatis
1262 2043 1269 2054 ,
1298 2033 1307 2049 ι
1327 2024 1390 2058 quis
1415 2023 1496 2052 facile
1520 2025 1686 2052 enunieret?
1712 2025 1780 2052 Nam

983 2075 1009 2096 ut
1028 2069 1098 2095 alios
1116 2069 1142 2095 in
1158 2070 1305 2104 praesentia
1323 2071 1532 2104 prretcrmittam
1548 2091 1555 2100 .
1574 2071 1654 2098 laude
1670 2072 1780 2106 quidem

983 2116 1083 2151 dignos
1097 2135 1104 2146 ,
1121 2116 1168 2142 sed
1187 2115 1233 2150 qui
1252 2116 1386 2149 prolixam
1409 2115 1556 2143 redderent
1570 2118 1757 2144 narrationem
1771 2132 1778 2143 ν

983 2170 1068 2189 unum
1100 2161 1234 2188 duntaxat
1261 2163 1498 2189 commemorabo.
1526 2162 1589 2190 Fuit
1623 2164 1695 2190 inter
1719 2163 1779 2197 ejus

982 2207 1134 2242 discipulos
1157 2207 1271 2241 quidam
1295 2206 1416 2234 Sabinus
1443 2209 1574 2240 nomine,
1604 2208 1651 2243 qui
1675 2216 1779 2243 corpus

140 2255 201 2290 τὴς,
218 2254 330 2280 Σαῦῖνον
346 2253 375 2279 δὲ
386 2254 466 2280 αὑτὸν
477 2255 696 2290 προσηγόρευον,
715 2255 745 2288 ὃς
761 2256 852 2288 πόνοις
881 2265 932 2291 μυ-

988 2255 1128 2281 immensis
1146 2253 1286 2280 laboribus
1303 2254 1473 2280 macerabat.
1489 2253 1558 2280 Nam
1573 2262 1662 2288 neque
1679 2255 1759 2289 panis
1770 2276 1778 2287 .

144 2302 212 2335 ρίοις
233 2301 265 2327 τὸ
287 2300 366 2335 σῶμα
394 2300 628 2336 κατεδαπάνησεν.
657 2301 725 2328 Οὔτε
752 2302 807 2338 γὰρ
837 2303 929 2338 ἄρτου,

140 2347 203 2374 αὖτε
219 2346 285 2380 ὄψου
296 2346 367 2378 τινὸς
396 2346 583 2382 μετελάμϐανε
598 2355 605 2362 ·
630 2347 716 2383 τροφὴ
744 2348 773 2375 δὲ
800 2347 835 2384 ἦν
857 2349 932 2384 αὐτῷ

141 2393 255 2428 ἄλευρον
270 2391 346 2418 ὕδατι
364 2391 520 2427 δευόμενον.
535 2391 670 2426 Μιγνύναι
686 2392 714 2418 δὲ
732 2391 818 2424 οὓτως
840 2392 931 2420 εἰώθει

142 2439 233 2465 πᾶσαν
257 2436 303 2464 τοῦ
332 2437 415 2473 μηνὸς
440 2437 490 2472 τὴν
513 2437 627 2473 τροφὴν,
652 2437 690 2468 ὡς
717 2438 867 2474 εὐρωτιᾷν,
883 2440 930 2466 καὶ

141 2483 242 2518 πολλὴν
256 2482 410 2518 ἐκπέμπειν
425 2482 474 2516 τὴν
487 2482 627 2510 δυσωδίαν,
648 2482 788 2510 Ἐϐούλετο
806 2483 835 2510 δὲ
855 2484 930 2520 αὺτῷ

141 2529 220 2556 τοῦτο
236 2529 286 2564 τῆς
307 2529 413 2555 τοιᾶσδε
438 2528 541 2563 τροφῆς
560 2528 590 2554 τὺ
618 2526 688 2560 εἶδος
710 2529 857 2564 ἀμϐλύνειν
884 2530 930 2556 τοῦ

142 2574 269 2610 σώματος
280 2574 329 2606 τὰς
348 2574 462 2610 ὀρέξεις,
479 2574 526 2600 καὶ
545 2576 578 2609 τῇ
608 2573 725 2610 δυσωδίᾳ
751 2576 801 2610 τῆς
827 2576 932 2611 τροφῆς

144 2619 286 2655 μαραίνειν
297 2619 346 2655 τὴν
358 2619 465 2654 ἡδονήν.
484 2618 562 2645 Οὕτω
579 2619 608 2645 δὲ
622 2618 682 2645 καθ’
702 2619 797 2645 ἑαυτὸν
819 2619 930 2654 διάγων,

142 2665 242 2692 εἴποτέ
255 2674 297 2697 τις
308 2665 362 2691 τῶν
388 2664 534 2700 γνωρίμων
553 2665 676 2699 ἀφίκετο,
702 2664 756 2691 τῶν
784 2666 932 2701 παρατιθε-

144 2713 233 2746 μένων
253 2711 380 2738 ἁπάντων
401 2710 540 2743 ἁπλοϊκῶς
568 2711 765 2746 μετελάμϐανε.
790 2712 930 2747 Τοσαύτην

142 2757 170 2783 δὲ
184 2757 264 2792 χάριν
280 2755 371 2782 θεόθεν
384 2756 502 2789 ἐδέξατο,
514 2757 552 2788 ὡς
566 2757 683 2791 γυναῖκά
704 2766 766 2784 τινα
795 2757 848 2785 τῶν
869 2759 928 2784 ἐπι.-

146 2805 250 2837 σημων,
284 2801 329 2828 καὶ
354 2801 399 2827 ἐπὶ
430 2802 501 2834 γένει
521 2802 566 2828 καὶ
587 2802 694 2838 ﬁla-Scip
712 2803 927 2841 πεμνυνομένων,

189 2888 232 2917 Ἠ
257 2890 371 2916 lnnoth.
393 2898 419 2920 ιι,
441 2890 479 2915 ιδ.

985 2308 1076 2335 neque
1088 2300 1196 2327 obsonii
1215 2300 1271 2326 ullo
1284 2307 1383 2335 genere
1395 2300 1573 2328 vescebatur:
1588 2301 1634 2328 sed
1649 2301 1727 2328 cibus
1740 2301 1778 2328 illi

983 2351 1041 2375 erat
1053 2346 1140 2373 farina
1155 2353 1225 2382 aqua
1239 2346 1266 2373 in
1283 2346 1356 2373 hunc
1368 2347 1478 2374 modum
1491 2346 1655 2374 madefacta.
1668 2347 1778 2374 Solebat

985 2397 1072 2419 totum
1092 2391 1175 2418 unius
1199 2392 1304 2419 mensis
1318 2392 1410 2419 cibum
1431 2391 1465 2420 de
1483 2392 1618 2420 industria
1643 2393 1777 2422 miscere.

984 2441 1014 2463 ut
1039 2437 1122 2463 situm
1144 2436 1340 2468 contraheret.
1369 2441 1396 2464 et
1423 2437 1494 2464 male
1521 2437 1617 2464 oleret.
1641 2437 1778 2472 Cupiebat

986 2482 1059 2509 cuitu
1075 2482 1126 2508 hoe
1142 2488 1243 2515 genere
1264 2481 1390 2508 alimenti
1408 2481 1533 2508 hebetari
1553 2482 1680 2516 corporis
1694 2489 1778 2516 appe-

984 2528 1067 2558 titus,
1090 2529 1098 2537 '
1116 2531 1142 2554 et
1160 2526 1235 2554 illius
1261 2526 1349 2554 fetore
1371 2527 1487 2554 obtundi
1505 2528 1685 2562 voluptatem.
1708 2527 1776 2554 Cum

984 2578 1076 2600 autent
1095 2573 1153 2607 ipse
1170 2572 1211 2600 sic
1231 2573 1354 2604 viveret,
1376 2573 1398 2600 si
1419 2573 1484 2607 quis
1505 2577 1595 2599 tamen
1617 2581 1650 2600 ex
1678 2573 1775 2600 amicis

984 2618 1017 2644 ad
1033 2626 1094 2645 eum
1110 2618 1259 2653 aliquando
1273 2618 1405 2650 veniret,
1421 2618 1455 2645 iis
1469 2626 1531 2653 quaa
1545 2619 1670 2653 apposita
1685 2622 1776 2648 erant.

986 2666 1046 2692 sine
1060 2665 1168 2692 delectu
1183 2665 1359 2692 vescebatur.
1391 2664 1506 2692 Tantam
1526 2665 1609 2699 igitur
1624 2673 1639 2691 a
1654 2664 1709 2692 Deo
1727 2665 1777 2691 adn

983 2717 1063 2746 eptus
1076 2715 1119 2738 est
1134 2711 1250 2746 gratiam
1261 2732 1268 2744 ,
1287 2715 1317 2738 ut
1330 2711 1430 2738 mulier
1440 2711 1565 2746 quaedam
1579 2712 1752 2738 Antiochena
1767 2731 1773 2741 .

984 2764 1084 2790 genere
1099 2756 1218 2787 nobilis.
1237 2760 1264 2784 et
1278 2757 1377 2792 opibus
1393 2756 1495 2784 ﬂorens
1507 2777 1514 2788 ,
1539 2757 1573 2784 ad
1595 2765 1657 2785 eum
1674 2756 1770 2783 confu-

985 2802 1069 2835 gerit,
1088 2803 1248 2838 rogaritque
1269 2803 1375 2830 ut’liliae
1400 2810 1413 2828 τι
1435 2803 1558 2830 daemone
1574 2808 1678 2830 vexata:
1696 2809 1774 2838 opem
