2036 3122
278 198 350 230 1339

795 195 1038 227 THEODORETI
1062 194 1227 224 EPISCOPI
1250 191 1433 223 CYREXSIS

1847 189 1906 220 ifilli

279 257 374 283 lerret.
394 253 489 280 Visum
513 253 586 280 enim
604 253 655 280 sibi
672 253 762 280 aiebat
783 251 927 287 quemdam
945 251 972 277 in
998 257 1069 276 som-

1124 247 1178 274 άπὸ
1190 248 1238 282 τῆς
1263 247 1422 281 ’Δντιοχέων
1437 245 1511 280 αὐτῷ
1527 245 1712 280 προσδραμεῖν
1722 264 1730 276 ,
1746 244 1795 271 καὶ
1813 243 1909 270 [κετεῇ-

270 309 322 328 -ms
335 321 342 332 ,
360 300 406 335 qui
423 304 451 327 ut
468 307 501 326 eo
517 307 547 326 se
562 299 701 326 conferret
713 298 888 330 hortabatur,
904 301 931 324 et
943 295 1069 331 prasidis

279 344 439 376 monasterii
458 344 589 378 precibus
609 343 727 370 salutem
751 343 813 370 illim
832 344 1001 377 procuraret.
1025 340 1071 367 Di-

279 393 360 416 cenle
384 395 473 415 autem
492 388 541 415 illo
567 388 614 422 qui
641 394 773 422 responsa
797 387 898 417 dabat,
924 385 1068 420 praesidem

279 435 354 469 loqui
373 441 437 461 eum
462 433 625 460 mulieribus
643 440 698 460 non
725 433 835 465 solere,
866 438 927 459 cum
954 432 1071 458 instaret

281 481 382 507 mulier
406 487 468 507 cum
493 480 624 514 lacrytnis
651 484 676 506 et
695 479 797 513 ejulatu
812 499 819 509 ,
841 478 1071 511 vehementerque

281 528 479 559 obtestaretur,
509 534 609 562 praeses
639 527 722 554 venit.
746 525 854 560 1150
876 526 928 552 Sed
956 525 1072 560 negabat

281 573 382 600 mulier
399 573 471 599 hunc
488 580 550 600 esse
566 581 572 599 :
592 572 676 599 alium
692 572 764 599 enim
783 571 835 598 sibi
859 571 968 598 dicebat
981 575 1072 597 osten—

283 626 344 646 sum
357 618 460 650 fuisse,
476 618 661 645 rubicundum
675 638 682 649 ,
695 622 722 644 et
736 618 784 652 qui
799 617 924 653 pustulas
937 616 1071 651 quasdam

283 665 397 692 haberet
412 664 438 690 in
457 664 543 698 genis.
558 663 608 691 Ubi
621 671 686 699 ergo
701 668 890 699 cognoverunt
905 671 984 698 quem
999 671 1072 698 qua:-

284 710 362 737 t'ebat
378 709 448 744 (erat
466 716 556 736 autem
581 710 605 737 is
622 710 720 737 tertius
738 709 898 737 monasterii
913 730 919 741 ,
946 717 1000 736 non
1015 709 1072 744 pri-

286 755 357 791 mus)
371 776 377 786 ,
396 755 572 782 adduxerunt
587 764 648 782 eum
665 756 698 782 ad
714 756 856 783 mulierem
870 776 877 787 ,
902 755 983 790 cujus
997 755 1072 781 vttltu

285 802 319 827 ali
333 809 364 828 ea
380 802 471 829 statim
486 802 590 835 agnito,
604 803 692 829 malus
706 802 812 829 themon
831 802 985 828 vociferans
998 801 1074 836 puel—

287 848 339 874 Iam
364 847 484 882 reliquit.
503 847 667 882 llujusmodi
685 848 760 875 fuere
774 849 864 882 magni
881 847 1012 874 Marciani
1032 847 1073 873 di-

286 892 454 925 scipulorum
474 892 598 919 facinora
615 902 622 919 :
639 893 707 920 tales
726 893 835 927 plantas
855 893 976 927 optimus
997 893 1071 926 agri-

285 939 344 964 t‘oltt
373 938 476 973 ubique
494 939 616 973 gentium
645 939 815 973 propagavit.
843 939 901 973 Ego
922 946 988 964 rem
1011 937 1074 965 huic

285 992 382 1010 rursus
399 984 551 1011 narrationi
568 984 650 1011 linem
670 984 832 1019 imponens,
846 992 894 1011 oro
903 988 930 1010 ct
945 984 1073 1016 obsecro,

286 1034 312 1055 ut
332 1030 428 1056 horum
444 1030 566 1057 omniutn
587 1030 785 1058 intercessione
801 1031 924 1058 divinum
942 1030 1074 1057 auxilium

283 1075 433 1110 adipiscar.

525 1221 570 1248 iV.
590 1238 621 1242 —
649 1221 768 1249 EUSEBl
775 1223 792 1250 υ
800 1222 828 1249 S.

321 1278 422 1310 Quales
446 1277 501 1305 Deo
525 1277 631 1305 fructus
657 1279 752 1306 sterile
768 1279 910 1306 desertum
930 1280 1073 1312 attulerit,

286 1324 467 1358 tempestivos
480 1327 508 1351 et
532 1328 655 1352 maturos
666 1345 672 1356 ,
690 1329 716 1352 et
738 1326 884 1359 plantalori
899 1335 950 1354 sun
962 1332 1056 1362 gratos
1067 1348 1074 1359 ,

287 1370 523 1404 prutlcnlihusque
549 1371 616 1398 viris
633 1371 763 1400 amabiles
787 1377 814 1400 et
841 1374 1026 1408 expetendos,
1047 1374 1074 1401 in

286 1416 484 1450 suprascr-iptis
504 1417 711 1445 narrationibus
739 1419 920 1447 ostendimus.
948 1419 988 1447 Ne
1014 1421 1076 1455 quis

285 1466 376 1488 autent
401 1461 461 1488 loco
483 1462 724 1497 circumscriptam
745 1472 806 1492 esse
828 1465 956 1492 virtutem
979 1466 1076 1493 existi-

285 1512 356 1540 met,
386 1508 529 1543 solamque
555 1509 730 1537 solitudinem
766 1510 799 1538 ad
826 1512 894 1539 tah-s
926 1517 1074 1547 proventus

285 1552 432 1585 idoneam,
462 1561 512 1588 age
537 1554 689 1582 orationem
716 1556 847 1592 deinceps
872 1559 904 1584 ad
937 1559 1075 1586 habitatas

284 1607 348 1627 oras
371 1606 584 1633 convcrtamus,
614 1609 715 1637 easque
739 1604 918 1632 ostendamus
945 1596 1110 1639 paraudatc

284 1645 465 1683 philosophiae
483 1646 680 1682 impedimento
699 1657 753 1676 nou
772 1657 842 1677 esse.

320 1745 396 1774 Motis
411 1751 453 1775 est
468 1749 617 1782 prmcelsus
627 1770 633 1779 .
648 1749 804 1778 Antiochia:
822 1752 932 1786 quidem
953 1753 1024 1780 situs
1040 1752 1073 1780 ad

282 1793 430 1822 nr‘entem.
454 1792 591 1821 Berrhaeze
614 1802 679 1822 vero
701 1795 734 1822 ad
757 1796 943 1829 occidentem,
966 1797 1073 1826 vicinos

285 1847 367 1873 supra
399 1844 507 1867 montes
536 1841 676 1873 eminens,
707 1842 768 1868 coni
794 1842 908 1877 ﬁgurant
944 1851 1074 1878 supremo

284 1885 432 1912 cacumine
458 1885 582 1912 referens
595 1906 601 1917 ,
618 1886 652 1913 ab
668 1887 814 1915 altitudine
829 1896 929 1916 nomen
947 1890 1072 1918 sortitus.

284 1931 438 1965 l‘myphem
462 1931 551 1961 enim.
574 1931 600 1958 id
623 1935 665 1958 est
679 1933 820 1965 verticem.
837 1935 974 1969 appellare
986 1937 1075 1964 solent

284 1977 330 2009 ιμιί
345 1977 449 2002 circum
461 1977 596 2004 habitant.
612 1979 642 2005 In
655 1979 739 2014 hujus
752 1980 816 2006 olim
842 1988 949 2009 suntme
964 1984 971 1992 '
998 1983 1075 2018 apice

285 2021 418 2054 lt‘lltpium
437 2025 497 2048 erat
512 2021 682 2055 darmonum,
707 2023 807 2051 vicinis
827 2025 955 2059 gentibus
978 2028 1075 2062 preci--

286 2074 338 2100 pne
355 2067 554 2094 venerandum.
574 2067 678 2096 Subtus
704 2069 737 2096 ad
767 2070 926 2102 meridiem,
952 2073 979 2099 in
996 2072 1074 2100 sinus

287 2112 406 2145 speciem
445 2119 606 2147 exporrecta
641 2115 786 2150 planities,
813 2116 916 2144 cubitis
947 2119 1075 2153 utrinque

286 2167 340 2184 non
358 2158 504 2186 admodum
525 2161 589 2188 altis
610 2161 823 2190 circumducta:
845 2163 950 2199 1151
970 2166 1016 2199 qui
1040 2165 1074 2192 ad

284 2210 437 2238 vqticstrem
453 2214 540 2241 usque
563 2207 634 2235 viam
656 2209 799 2242 pretensi,
820 2209 900 2236 binas
925 2211 1041 2238 semitas
1058 2219 1074 2238 a

285 2251 400 2278 meridie
418 2252 444 2278 in
469 2254 687 2288 septentrionem
713 2256 858 2283 tendentes
874 2257 1024 2292 excipiunt.
1045 2257 1072 2284 ln

285 2297 336 2323 hac
348 2297 461 2331 planitie
479 2299 580 2333 oppida
598 2303 663 2326 sunt
677 2303 704 2326 et
719 2308 817 2335 magna
834 2305 861 2328 et
876 2309 959 2336 parva
970 2321 977 2334 ,
993 2310 1073 2329 mon-

284 2343 358 2370 tibus
371 2344 434 2371 hinc
455 2344 519 2371 inde
535 2344 690 2379 adiacentia
705 2355 711 2372 :
729 2346 762 2373 ad
780 2347 868 2381 ipsius
886 2356 951 2375 vero
967 2349 1071 2377 excelsi

286 2389 388 2416 tuontis
405 2389 512 2416 radices
527 2391 604 2417 vicus
616 2391 752 2419 maximus
765 2395 792 2419 et
807 2394 972 2427 populosus,
990 2403 1071 2429 quem

282 2434 380 2462 incolae
403 2435 492 2470 patria
516 2443 584 2463 voce
608 2435 736 2464 Teledam
764 2439 920 2466 nominant.
938 2440 1026 2474 Supra
1045 2441 1073 2468 in

283 2481 368 2508 latere
393 2481 493 2508 montis
516 2481 604 2508 saltus
624 2482 736 2510 minitne
757 2484 876 2518 arduus,
898 2487 948 2513 Sed
975 2486 1073 2514 leniter

284 2525 416 2557 inﬂexus,
434 2525 576 2559 planitiem
589 2530 671 2561 atque
683 2532 810 2555 austrum
823 2535 963 2564 spectans.
976 2531 1004 2558 in
1021 2531 1071 2558 hoc

282 2570 464 2605 philosophia:
475 2570 599 2598 scholam
614 2571 778 2601 Ammianus
797 2575 909 2609 quidam
923 2577 1073 2606 exStruxit.

282 2617 324 2643 \ir
340 2623 402 2644 cum
423 2617 485 2645 aliis
499 2617 648 2647 virtutibus
663 2619 773 2651 clarus.
789 2624 846 2647 tum
864 2622 997 2656 singulari
1017 2631 1074 2648 mo-

281 2663 370 2691 destia
397 2665 524 2693 omnibus
547 2666 730 2694 antecellens.
753 2666 839 2702 Cujus
864 2669 903 2695 rei
916 2670 968 2697 hoc
989 2678 1073 2705 argu-

283 2712 404 2736 mentum
417 2713 478 2743 est,
509 2711 581 2746 quod
609 2719 673 2739 cum
700 2712 828 2740 doctrina
855 2714 988 2748 polleret,
1011 2725 1073 2751 quae

283 2762 335 2782 non
350 2755 438 2783 solum
456 2756 516 2792 ejus
533 2757 695 2793 discipulis,
715 2757 763 2786 sed
787 2759 899 2786 totidem
916 2761 976 2789 aliis
989 2763 1065 2790 sulIi~

280 2807 343 2828 cere
357 2806 469 2836 posset,
497 2810 569 2838 sape
591 2807 683 2831 tamen
706 2804 739 2831 ad
758 2811 888 2840 maguum
907 2806 964 2834 ibat
982 2807 1068 2836 Euse-

278 2845 371 2879 biutn,
393 2854 493 2881 rogans
508 2855 570 2874 eum
596 2851 678 2883 atque
692 2848 856 2881 obsecrans.
880 2855 910 2878 ut
923 2851 1031 2886 adjutor
1043 2858 1070 2880 et

283 2893 429 2924 pa-dotriha
449 2901 480 2920 ac
497 2893 628 2928 magister
646 2901 706 2921 esse
725 2895 802 2922 vellet
819 2896 969 2930 palarstrzc,
987 2907 1067 2934 quant

1124 301 1169 319 σαι
1185 292 1322 326 ἐπαμῦναι
1339 293 1372 327 τῇ
1400 292 1518 326 θυγατρὶ
1547 291 1600 317 ὑπὸ
1623 291 1751 326 δαίμονος
1782 288 1909 324 πολεμου-

1124 338 1202 374 μένῃ.
1220 338 1305 373 Ὀναρ
1327 337 1390 372 γὰρ,
1413 338 1505 373 φησιν,
1532 336 1691 371 ἐθεασάμην
1711 336 1786 362 τινὰ.
1801 335 1910 362 ἐνταῦθα

1121 384 1234 420 δραμεῖν
1246 383 1454 419 παρεγγυῶντα,
1472 383 1519 410 καὶ
1530 383 1591 412 ταῖς
1607 383 1701 417 εὐχαῖς
1710 381 1758 408 τοῦ
1770 382 1821 416 τῆς
1834 381 1911 416 μονῆς

1122 432 1336 468 ἡγεμονεύοντος
1352 433 1385 467 τῇ
1408 432 1523 466 θυγατρὶ
1545 431 1657 466 πορίσαι
1688 430 1739 465 τὴν
1768 428 1912 464 σωτηρίαν.

1123 479 1220 512 Ἔλεγε
1235 479 1323 505 τοίνυν
1337 479 1351 504 ὁ
1366 479 1414 509 τὰς
1429 477 1590 512 ἀποκρίσεις
1605 476 1773 510 ποιούμενος
1783 497 1790 507 ,
1808 475 1846 506 ὡς
1868 476 1910 502 viz

1123 525 1165 560 εἴη
1180 525 1239 556 ἔθος
1255 524 1300 550 τὸν
1316 523 1535 558 προστατεύοντα
1547 522 1655 556 γυναιξὶ
1669 521 1863 555 διαλέγεσθαι·
1879 522 1914 553 ὡς

1122 570 1149 595 δὲ
1164 569 1290 595 ἐπέκειτο
1306 570 1463 604 δακρύουσα
1486 570 1502 604 ἡ
1531 568 1611 604 γυνὴ,
1643 567 1692 594 καὶ
1719 567 1913 601 ὀλοφυρομένη,

1124 616 1171 642 καὶ
1189 615 1296 651 πικρῶς
1318 615 1501 649 ποτνιωμένη,
1517 614 1661 649 ἐξελήλυθε
1679 614 1729 648 μὲν
1744 614 1758 640 ὁ
1773 614 1824 648 τῆς
1838 614 1915 647 μονῆς

1124 661 1418 696 ἡγούμενος-Ἔφασκε
1429 661 1457 687 δὲ
1472 661 1489 696 ἡ
1503 661 1570 695 γυνὴ
1585 661 1622 696 μὴ
1636 660 1718 687 αὑτὸν
1733 657 1816 689 εἶναι,
1828 659 1916 694 ἕτερον

1122 707 1151 733 δὲ
1164 707 1232 742 αὐτῇ
1249 707 1439 742 ὑποδειχθῆναι
1464 707 1628 742 ὑπέρυθρον,
1651 705 1832 741 ἐξανθήματὰ
1860 715 1916 732 τινα

1124 746 1194 780 κατὰ
1208 754 1260 780 τῶν
1276 753 1397 788 παρειῶν
1410 753 1516 787 ἔχοντα.
1535 753 1579 784 Ὠς
1597 753 1626 779 δὲ
1649 753 1773 787 ἔγνωσαν
1798 754 1843 779 τὸν
1871 753 1916 787 ζη-

1123 799 1265 833 τούμενον,
1281 799 1372 833 τρίτος
1384 798 1412 825 δὲ
1423 796 1456 833 ἦν
1471 798 1523 832 τῆς
1546 797 1640 832 μονῆς.
1662 797 1719 823 ἀλλ’
1744 798 1776 823 οὐ
1802 797 1915 832 πρῶτος,

1124 844 1268 875 πείσαντες
1285 844 1366 870 αὐτὴν
1381 843 1485 878 ἤγαγον
1499 843 1568 878 πρὸς
1577 843 1626 878 τὴν
1639 844 1770 877 γυναῖκα,
1784 844 1834 869 καὶ
1850 852 1915 877 παρ-

1125 889 1224 916 αυτίκα
1249 889 1266 924 ἡ
1286 889 1335 923 μὲν
1353 888 1462 922 ἐπέγνω
1479 889 1510 914 τὸ
1526 889 1682 923 πρόσωπον,
1712 890 1727 915 ὸ
1751 888 1781 914 δὲ
1806 890 1916 923 πονηρὸς

1126 936 1231 971 δαίμων
1243 935 1343 972 βοήσας
1359 935 1409 971 τὴν
1437 936 1523 971 κόρην
1547 936 1689 963 κατέλιπε.
1721 935 1842 962 Τοιαῦτα
1867 935 1916 962 uin

1125 982 1172 1009 τοῦ
1189 982 1306 1017 μεγάλου
1321 981 1482 1017 Μαρκιανοῦ
1499 981 1635 1016 φοιτητῶν
1647 981 1682 1008 τὰ
1703 981 1914 1017 κατορθώματι·

1128 1029 1237 1056 τοιαῦτα
1248 1028 1320 1063 φυτὰ
1334 1028 1471 1063 πανταχοῦ
1488 1028 1690 1063 κατεφύτευσεν
1702 1030 1716 1055 ὁ
1730 1029 1842 1064 ignaro;
1870 1038 1916 1062 ςυ-

1125 1074 1249 1110 τουργός.
1274 1074 1345 1108 Ἐγὼ
1354 1074 1382 1101 δὲ
1394 1075 1475 1101 πάλιν
1491 1074 1580 1110 τούτῳ
1605 1075 1682 1106 τέλος
1706 1075 1746 1110 τῷ
1770 1075 1916 1109 διηγήματι

1083 1136 1091 1140 -
1125 1119 1259 1151 δεδωκὼς,
1275 1119 1407 1146 ἀντισολῶ
1420 1121 1468 1147 καὶ.
1480 1120 1576 1155 δέομαι
1585 1120 1630 1146 διὰ
1646 1120 1696 1155 τῆς
1715 1120 1822 1146 τούτων
1854 1119 1916 1146 πάν-

1124 1173 1180 1192 των
1194 1164 1343 1200 πρεσόείας
1356 1165 1405 1200 τῆς
1420 1165 1495 1197 θείας
1512 1166 1672 1202 ἐπικουρίας
1682 1168 1786 1202 τυχεῖν.

1383 1223 1409 1248 Δ¹
1426 1238 1462 1242 ——
1481 1223 1656 1250 ΕΥΣΕΒῘΟΣ.

1169 1281 1293 1314 Ὀποίους
1309 1282 1358 1318 μὲν
1373 1281 1496 1317 καρποὺς
1509 1282 1526 1316 ή
1544 1281 1667 1317 ἄκαρπος
1688 1282 1794 1316 ἕρημος
1808 1282 1845 1316 τῷ
1862 1281 1916 1316 Θεῴ

1126 1329 1336 1365 προσενήνοχεν,
1353 1328 1476 1364 ὡρίμους
1493 1327 1541 1354 καὶ
1568 1327 1716 1363 πεπείρους
1747 1328 1794 1354 καὶ
1812 1328 1849 1362 τῷ
1871 1337 1915 1362 ςυ-

1112 1372 1233 1409 “τουργῷ
1248 1373 1417 1409 προσφιλεῖς,
1431 1373 1552 1404 καὶτοῖς
1579 1370 1608 1399 εὗ
1633 1372 1763 1408 φρονοῦσι
1787 1372 1841 1398 τιίν
1873 1373 1915 1398 ἁν-

1126 1418 1243 1454 Θρώπων
1265 1418 1413 1454 ἐρασμίους
1441 1418 1489 1444 καὶ
1515 1417 1714 1453 τριποθὴτους,
1743 1419 1844 1449 ἐντοῖς
1869 1418 1915 1453 ἧᾶη

1127 1465 1323 1500 συγγραφεῖσιν
1338 1463 1516 1499 ὑπεδείξαμεν
1530 1464 1709 1499 διηγήμασιν.
1736 1464 1782 1495 Ὠς
1798 1464 1830 1490 ἂν
1843 1463 1869 1489 δὲ
1881 1463 1916 1498 μή

1125 1519 1166 1542 τις
1179 1509 1302 1546 ὑπολάϐῃ
1313 1510 1388 1546 τόπῳ
1410 1509 1633 1546 περιγεγράφθω
1657 1509 1706 1545 τὴν
1737 1509 1852 1545 ἀρετὴν,
1873 1510 1916 1535 καὶ

1128 1555 1211 1591 μόνην
1228 1553 1357 1590 εἶναιτὴν
1376 1556 1479 1592 ἔρημον
1495 1557 1536 1588 είς
1558 1556 1685 1591 τοιαύτης
1708 1555 1843 1591 προσόδου
1872 1563 1917 1589 φο-

1127 1602 1176 1638 ρὰν
1202 1602 1358 1638 ἐπιτηδείαν
1377 1611 1383 1617 ·
1406 1603 1472 1638 φέρε
1491 1602 1586 1629 λοιπὸν
1615 1603 1655 1634 είς
1685 1602 1736 1637 τὴν
1759 1601 1917 1636 οἰκουμένην

1127 1648 1288 1683 μεταὸῶμεν
1301 1648 1340 1683 τῷ
1352 1648 1434 1683 λόγῳ,
1451 1648 1498 1675 καὶ
1515 1648 1647 1683 δείξωμεν
1666 1649 1700 1683 τῇ
1729 1647 1782 1682 τῆς
1812 1647 1916 1681 φιλοσο-

1126 1694 1190 1729 φίας
1206 1694 1301 1730 κτήσει
1314 1694 1414 1729 ἥκιστα
1423 1694 1525 1730 ταύτην
1540 1694 1666 1730 ἐμποδῶν
1683 1696 1841 1729 γινομένην.

1162 1752 1244 1786 Ὄρος
1262 1751 1336 1777 ἐστὶν
1353 1750 1462 1786 ὑψηλὸν,
1485 1751 1552 1786 πρὸς
1573 1751 1610 1778 ἓω
1627 1751 1676 1786 μὲν
1699 1753 1749 1785 τῆς
1771 1751 1916 1785 Ἀντιόχου.

1125 1797 1236 1832 Βεροίας
1247 1797 1276 1823 δὲ
1295 1797 1363 1833 πρὸς
1380 1797 1499 1832 ἑσπέραν
1517 1797 1702 1832 διακείμενον,
1716 1797 1772 1824 τῶν
1788 1806 1917 1832 παρακει-

1127 1842 1216 1878 μένων
1228 1841 1299 1878 ὀρῶν
1318 1842 1527 1878 ὑπερκείμενον,
1543 1842 1615 1869 κατὰ
1634 1843 1683 1878 τὴν
1700 1843 1857 1876 ἀκροτάτην
1873 1851 1916 1868 κο-

1126 1889 1214 1925 ρυφὴν
1227 1889 1366 1921 κωνοειδὲς
1383 1889 1553 1924 μιμούμενον
1570 1890 1675 1924 σχῆμα,
1691 1888 1748 1916 ἀπὸ
1766 1889 1814 1915 τοῦ
1837 1889 1916 1923 ὕψους

1124 1935 1173 1971 τὴν
1196 1935 1382 1971 προσηγορίαν
1411 1935 1575 1970 δεξάμενον·
1594 1935 1717 1970 κορυφὴν
1733 1935 1790 1970 γὰρ
1814 1935 1878 1960 αὐτὸ
1893 1936 1915 1960 οὶ

1126 1982 1261 2018 περίοικοι
1276 1981 1490 2018 προσαγορεύειν
1505 1981 1629 2008 εἰώθασι.
1641 1981 1745 2008 Τούτου
1760 1981 1845 2008 πάλαι
1860 1983 1915 2007 κατ’

1125 2028 1210 2063 αὐτὴν
1226 2028 1274 2064 τὴν
1287 2029 1459 2063 ἀκρωνυχίαν
1476 2028 1589 2063 τέμενος
1602 2025 1635 2062 ἦν
1652 2028 1790 2063 δαιμόνων
1803 2028 1854 2054 ὑπὸ
1866 2027 1914 2054 τῶν

1124 2074 1333 2108 γειτονευόντων
1345 2073 1404 2100 λίαν
1423 2073 1578 2109 τιμώμενον
1590 2081 1597 2088 '
1619 2073 1688 2110 πρὸς
1705 2074 1878 2109 μεσημϐρίαν
1889 2075 1914 2100 δὲ

1126 2120 1216 2147 πεδίον
1237 2120 1391 2152 κολποειδὲς
1410 2121 1618 2155 ὑπεστόρεσται,
1636 2120 1762 2154 ἀγκῶσιν
1781 2121 1914 2155 ἑκατέρω-

1125 2167 1171 2195 θεν
1194 2168 1225 2195 οὑ
1250 2168 1310 2195 λίαν
1338 2168 1452 2204 ὑψηλοῖς
1479 2168 1718 2204 περιειργὸμενον.
1745 2167 1913 2203 Διήκουσιδὲ

1122 2213 1199 2248 ,οὗτοι
1215 2217 1299 2251 μέχρι
1311 2216 1361 2251 τῆς
1374 2215 1588 2250 διιππευομένης
1598 2215 1670 2247 ὀδοῦ,
1683 2214 1734 2246 τὰς
1749 2214 1914 2250 ἑκατέρωθεν

1091 2270 1111 2296 ι)
1124 2262 1178 2288 ἀπὸ
1196 2262 1371 2298 μεσημϐρίας
1383 2262 1429 2289 ἐπὶ
1439 2262 1488 2297 τὴν
1501 2262 1601 2296 ἄρκτον
1614 2262 1840 2296 ἀνατεμνομὲνας
1852 2261 1912 2286 ὐπο-

1124 2307 1265 2342 δεχόμενοι
1279 2308 1399 2342 τρίϐους.
1428 2308 1473 2334 Ἑν
1486 2307 1574 2342 τούτῳ
1590 2307 1679 2342 χωρία
1698 2308 1746 2334 καὶ
1768 2307 1854 2342 μικρά
1871 2306 1913 2332 καὶ

1127 2352 1232 2388 μεγάλα
1257 2353 1425 2388 κατῴκισται
1442 2354 1497 2384 τοῖς
1521 2353 1693 2388 ἑκατέρωθεν
1716 2353 1794 2388 ὄρεσι
1818 2361 1913 2387 συνημ-

1127 2398 1211 2433 μένα·
1231 2400 1296 2435 παρ’
1310 2399 1380 2426 αὑτὰ
1398 2399 1427 2426 δὲ
1438 2398 1484 2426 τοῦ
1499 2399 1602 2434 ὑψηλοῦ
1619 2399 1700 2434 ὅρους
1717 2399 1753 2424 τὰ
1767 2398 1912 2433 κράσαδα,

1124 2445 1205 2480 κώμη
1224 2445 1266 2477 τίς
1287 2446 1346 2472 ἐστι
1370 2445 1487 2480 μεγίστη
1514 2446 1562 2472 καὶ
1584 2445 1809 2480 πολυάνθρωπος,
1835 2446 1866 2479 τῇ
1887 2444 1913 2470 δὲ

1124 2491 1250 2528 ἐγχωρίῳ
1260 2494 1335 2528 φωνῇ
1350 2482 1465 2519 Τελεδέν
1485 2491 1570 2527 αὐτὴν
1583 2491 1774 2527 ὀνομάζουσιν.
1793 2492 1867 2517 "Avo:
1888 2490 1913 2517 ἱὲ

1123 2537 1174 2570 τῆς
1192 2537 1332 2572 ὑπωρείας
1350 2538 1424 2572 νάπη
1450 2537 1491 2569 τίς
1516 2537 1590 2563 ἐστιν
1616 2536 1647 2562 οὐ
1669 2536 1731 2563 λίαν
1751 2537 1913 2571 προσάντης.

1123 2581 1192 2608 ἀλλὰ
1210 2582 1328 2618 μετρίως
1344 2581 1485 2617 ἑπικλινὴς
1510 2583 1577 2617 πρὸς
1593 2581 1624 2608 τὸ
1647 2581 1739 2608 πεδίον
1766 2582 1854 2607 ἐκεῖνο
1871 2581 1914 2605 zz".

1123 2628 1199 2654 νότον
1225 2628 1326 2664 ἄνεμον
1352 2628 1558 2656 ἀποϐλέπουσα.
1580 2627 1624 2654 Ἐν
1647 2627 1735 2663 ταύτῃ
1759 2627 1913 2660 gulosam;

1124 2674 1332 2709 φροντιστήριον
1351 2673 1500 2708 ’Λμμιανός
1515 2682 1557 2704 τις
1573 2673 1711 2708 ἐδείματο,
1727 2673 1799 2707 ἀνὴρ
1813 2673 1913 2702 πολλοῖς

1125 2718 1175 2752 μὲν
1188 2718 1234 2745 καὶ
1252 2718 1342 2750 ἄλλοις
1352 2719 1453 2754 ἀρετῆς
1467 2718 1551 2745 εἴδεσι
1567 2718 1695 2752 λάμπων,
1717 2719 1873 2753 φρονήματι
1888 2717 1913 2743 δὲ

1123 2763 1165 2789 ὅτι
1180 2763 1297 2798 μάλιστα
1311 2764 1413 2799 μετρίῳ
1429 2764 1491 2795 τοὺς
1502 2763 1599 2795 ἄλλους
1609 2763 1795 2790 ἐπλεονέκτει.
1809 2763 1832 2789 Τ
1833 2763 1914 2797 εκμή-

1125 2816 1183 2844 ριον
1195 2808 1233 2840 δὲ,
1245 2808 1374 2844 ἀποχρῶν
1386 2809 1441 2844 γὰρ
1452 2809 1492 2840 εἰς
1505 2808 1678 2835 διδασκαλίαν
1692 2809 1724 2834 οὒ
1736 2810 1794 2840 τοῖς
1806 2808 1911 2837 οἰκείοις

1125 2854 1205 2889 μόνον
1222 2854 1379 2887 θιασώταις,
1404 2855 1472 2881 ἀλλὰ
1497 2855 1543 2881 καὶ
1562 2854 1601 2886 δὶς
1628 2853 1766 2885 τοσούτοις
1791 2854 1911 2889 ἐξαρκεῖν

1124 2900 1282 2936 δυνάμενος,
1305 2902 1351 2929 καὶ
1370 2901 1498 2934 πολλάκις
1529 2901 1592 2936 πρὸς
1608 2901 1654 2928 τὸν
1683 2901 1771 2936 μέγαν
1788 2900 1910 2927 lib-:1va
