2036 3122
110 186 179 218 1349

727 189 934 220 RELIGIOSA
950 189 1141 220 HISTORIA.

1677 189 1758 220 1359,

111 241 176 273 μίαν
198 241 230 266 ὲκ
254 239 301 267 τοῦ
319 240 406 276 θυμοῦ
432 241 515 277 ζάλην
539 243 683 278 ὑπομεῖναι
708 245 754 271 καὶ
767 247 901 282 ταραχὴν,

957 246 1067 280 Iamque
1080 245 1125 272 irte
1140 252 1250 279 passum
1266 252 1327 271 esse
1354 244 1588 279 pedurbatiouem
1605 266 1610 275 .
1629 253 1743 280 ecquam

110 287 191 312 ποίαν
207 286 318 322 ἀνδρίας
333 287 381 312 καὶ
396 287 544 323 καρτερίας
557 289 710 326 ὑπερϐολὴν
727 293 901 324 καταλείπεῌ

115 331 145 357 '0
170 331 219 366 μὲν
236 329 283 358 οὖν
303 330 374 363 θεῖος
392 332 564 366 Ἀπὸστολος,
587 335 637 370 τῆς
661 336 834 373 ἀνθρωπίνης
850 339 902 373 φύ-

111 385 181 409 σεως
197 377 246 412 τὴν
264 377 408 404 ἀσθένειαν
423 380 640 416 ἐπεσκεμμένος,
660 384 693 418 τῇ
710 383 789 417 φύσει
807 387 903 422 μετρεῖ

109 422 160 457 τὴν
182 423 359 458 νομοθεσίαν·
381 434 390 450 ‹
412 425 570 459 Ὀργίζεσθε
595 427 667 463 γὰρ,
683 429 763 464 φησι,
790 432 835 457 καὶ
865 431 901 466 μὴ

109 469 284 504 ἁμαρτάνετε
297 479 304 485 ·
320 471 334 497 ό
346 471 422 506 ἥλιος
442 472 478 507 μὴ
493 473 625 500 ἐπιδυέτω
641 474 688 501 ἐπὶ
704 475 743 511 τῷ
767 485 902 513 παροργι-

111 514 174 550 σμῷ
189 515 274 550 ὑμῶν.
296 525 305 541 r
325 516 365 542 Τὰ
382 516 431 551 μὲν
452 517 507 553 γὰρ
521 518 566 544 τοῦ
587 519 674 555 θυμοῦ
690 522 830 556 κινήματα
852 522 902 557 τῆς

110 560 220 593 φύσεως
239 560 327 593 εἰδὼς.
342 562 400 589 ἀλλ’
415 563 446 589 οὐ
473 564 523 599 τῆς
537 564 661 601 γνώμης,
688 568 805 594 ἐπίπονα
830 567 901 600 λίαν,

109 606 180 642 τάχα
193 606 222 633 δὲ
251 607 299 634 καὶ
315 607 445 640 ἀδύνατα,
459 611 615 646 νομοθετεῖν
635 613 684 639 οὐκ
704 613 850 649 ἀνέχεται·
867 616 901 649 τῇ

109 654 217 687 κινήσει
233 653 261 679 δὲ
276 654 325 689 τῆς
344 654 464 689 φύσεως,
482 657 529 683 καὶ
554 658 585 693 τῇ
600 658 670 695 ζάλῃ
684 659 729 685 τοῦ
748 659 834 695 θυμοῦ
853 660 901 696 μέ-

108 707 174 734 τρον
186 699 235 734 τὴν
246 699 353 734 ἡμέραν
365 701 461 736 ὁρίζει,
479 701 574 738 ἄγχειν
587 704 704 731 κελεύων
718 705 756 740 τῷ
766 705 900 741 λογισμῷ,

109 745 158 771 καὶ
173 745 211 780 τῷ
240 745 342 780 χαλινῴ
360 746 480 778 πιέζειν,
500 749 546 773 καὶ
562 750 718 785 περαιτέρω
746 750 901 786 προϐαίνειν

108 790 165 816 τῶν
184 791 255 827 ὅρων
280 791 316 828 μὴ
343 792 503 828 συγχωρῶν.
527 794 555 821 ’0
579 795 606 821 δὲ
636 795 707 827 θεῖος
732 793 808 829 οὗτος
831 798 902 834 ἀνὴρ

110 837 182 872 ὑπὲρ
199 838 262 870 τοὺς
277 838 422 872 κειμένους
436 839 586 874 ἠγωνίζετο
598 840 706 876 νόμους,
720 842 767 868 καὶ.
783 842 853 878 ὑπὲρ
867 842 902 870 τὰ

111 884 263 918 σκάμματα
278 883 386 920 ἥλλετο,
405 884 435 910 οὐ
452 884 533 920 μέχρι
549 885 599 920 τῆς
625 887 745 922 ἑσπέρας
768 888 902 915 κινεῖσθαι

956 290 1047 325 magni
1066 295 1092 317 et
1110 289 1212 317 excelsi
1229 289 1314 315 animi
1331 289 1517 315 constantiam
1539 289 1746 317 fortitudinem-

956 343 1009 370 que
1026 343 1080 362 non
1095 335 1230 370 superat?
1250 334 1288 361 Ac
1307 334 1418 361 divinus
1443 334 1553 369 quidem
1584 336 1745 369 Apostolus.

957 381 1083 408 humanae
1100 385 1207 408 natura:
1219 379 1434 407 imbecillitatem
1451 380 1642 411 considerans,
1660 381 1745 415 legem

955 431 1054 454 natura
1079 426 1200 458 metitur,
1233 426 1328 452 dicens
1359 432 1366 450 :
1391 434 1400 449 ι
1416 423 1580 454 Ινιιεοίιιιῑηί,
1601 429 1627 451 et
1663 426 1747 452 nolite

955 480 1080 508 peccare,
1113 472 1154 500 sol
1180 479 1235 499 non
1262 471 1371 498 occidat
1397 478 1480 506 super
1504 470 1674 498 iracundiam
1702 479 1746 498 ve-

955 523 1040 546 stram
1057 518 1082 545 ιι.
1102 527 1111 543 ›
1125 518 1191 545 Nam
1207 526 1269 545 cum
1286 518 1333 544 ira:
1350 522 1440 543 motus
1457 521 1560 544 natura:
1577 525 1637 544 esse
1652 518 1746 550 sciret,

956 573 1009 591 non
1026 565 1146 596 arbitrii,
1168 564 1276 599 1159
1287 563 1377 590 noluit
1394 570 1424 589 ea
1441 563 1498 598 lege
1511 563 1672 595 decernere,
1685 571 1747 598 qua:

957 610 1029 637 factu
1047 610 1169 638 difﬁcilia
1182 614 1286 641 essent,
1301 617 1332 636 ac
1346 609 1464 636 fortasse
1486 609 1544 635 ﬁeri
1562 610 1675 636 omnino
1693 619 1746 636 non

956 660 1069 690 possent
1091 664 1099 682 :
1120 655 1167 682 sed
1194 655 1281 682 motui
1310 659 1426 686 naturae,
1457 655 1558 689 iraeque
1590 657 1746 690 tempestati

956 709 1112 729 mensuram
1128 702 1181 728 diei
1197 701 1286 736 spatio
1306 701 1438 728 definivit.
1455 699 1557 728 lubens
1573 701 1643 728 hanc
1661 702 1746 727 ratio-

956 757 990 776 ne
1007 748 1165 783 comprimi,
1182 752 1209 775 et
1222 753 1352 782 tauquam
1368 747 1446 774 freno
1464 747 1589 779 retineri,
1608 754 1658 774 nec
1678 747 1747 774 ultra

956 794 1090 821 terminos
1110 794 1238 829 progredi
1268 793 1438 828 permitlens.
1462 792 1508 820 Vir
1527 798 1615 820 autem
1636 794 1680 820 hic
1707 793 1748 830 di-

956 840 1036 867 vinus
1059 847 1143 875 supra
1168 839 1241 874 leges
1261 838 1330 867 latas
1346 839 1507 871 decet-tavit,
1530 845 1556 867 et
1572 843 1649 867 extra
1667 841 1749 868 stadii

957 890 1034 922 septa
1051 885 1167 916 desiliit,
1183 885 1228 920 qui
1247 893 1301 912 non
1318 893 1406 920 usque
1433 885 1466 912 ad
1482 893 1624 920 vesperam
1651 886 1698 913 ira:
1721 890 1749 913 ut

108 928 150 963 τῷ
175 928 253 964 θυμῷ
280 930 470 965 παραχωρῶν,
497 931 565 957 ἀλλὰ
595 932 719 967 μηδόλως
747 933 904 970 ἐπιτρέπων

957 931 1255 962 movereturindulsit,
1276 930 1325 958 sed
1338 939 1372 958 ne
1384 931 1487 958 moveri
1509 931 1748 965 quidomomniuo

109 975 258 1002 κινεῖσθαι.
274 976 392 1003 Τοιαῦτα
413 977 459 1003 καὶ
472 974 549 1010 οὗτος
569 979 619 1013 τῆς
633 979 765 1006 Εὑσεϐἔου
780 980 826 1007 τοῦ
849 990 900 1016 με-

109 1021 195 1053 γάλου
210 1022 354 1053 συνουσίας
371 1022 510 1050 ἀπώνατο.

147 1077 265 1109 Πολλοὺς
289 1078 318 1105 δὲ
343 1079 390 1105 καὶ
412 1079 509 1112 ἄλλους
532 1081 649 1116 ἐραστὰς
672 1082 723 1117 τῆς
744 1084 903 1119 φιλοσοφίας
943 1075 945 1077 ί

107 1124 213 1160 ταύτης
229 1125 276 1151 καὶ
292 1123 415 1160 ζηλωτὰς
439 1127 483 1153 ἐπ’
495 1127 586 1164 ἐκείνῃ
603 1130 637 1164 τῇ
660 1129 766 1166 καλύϐῃ
790 1139 903 1166 γεγενη-

111 1170 212 1205 μένους
229 1171 372 1207 τεθέαμαι,
390 1172 453 1204 τοὺς
480 1173 530 1208 μὲν
550 1175 578 1200 ἐν
604 1175 680 1211 ἀκμῇ
703 1176 750 1202 τοῦ
766 1177 902 1212 σώματος,

109 1217 174 1247 τοὺς
193 1216 221 1242 δὲ
235 1217 282 1243 καὶ
309 1217 338 1243 ἐν
354 1218 427 1253 γήρᾳ
441 1217 534 1253 βαθεῖ·
553 1219 665 1247 πλείονα
684 1221 738 1258 γὰρ
757 1222 773 1258 ἢ
796 1223 905 1259 ἐννενή-

110 1271 194 1289 κοντα
207 1262 254 1299 ἔτη
269 1263 465 1297 διαϐιώσαντες
479 1265 628 1302 ἄνθρωποι,
644 1267 690 1294 τὸν
705 1268 833 1297 ἐπίπονον
846 1269 904 1305 βίον

110 1308 273 1335 καταλιπεῖν
296 1309 346 1336 οὐκ
361 1310 510 1346 ἠθέλησαν,
532 1311 601 1339 ἀλλὰ
628 1314 685 1345 τοῖς
707 1314 757 1348 τῆς
779 1314 904 1351 νεότητος

111 1353 207 1388 ἱδρῶσι
220 1354 377 1390 διέπρεπον,
391 1355 534 1392 παννύχιοι
549 1358 600 1393 μὲν
616 1359 664 1385 καὶ
678 1359 845 1395 πανημέριοι
859 1360 905 1388 τὸν

109 1399 178 1425 Θεὸν
190 1400 405 1434 ἀντιϐολοῦντες,
416 1402 464 1429 καὶ
476 1403 526 1435 τὰς
538 1404 647 1439 εὐαγεῖς
661 1405 770 1438 ὲκείνας
785 1406 871 1433 λειτου
877 1415 905 1442 ρ-

110 1444 176 1478 γίας
189 1446 356 1482 ποιούμενοι,
387 1447 431 1474 διὰ
453 1448 499 1475 δύο
513 1449 542 1476 δὲ
569 1450 681 1485 ἡμερῶν
708 1451 763 1478 τῶν
787 1451 905 1479 εὐτελῶν

110 1490 226 1518 ἐκείνων
258 1492 351 1519 σιτίων
383 1493 645 1529 μεταλαγχάνοντες.
681 1497 736 1523 Καὶ
766 1498 810 1524 ἵνα
842 1498 905 1529 τοὺς

110 1537 210 1569 ἄλλους
224 1539 377 1572 καταλίπω,
395 1539 425 1566 οὐ
443 1540 520 1576 σιγῆς
543 1540 624 1573 ὄντας
641 1542 744 1575 ἀξίους,
766 1544 904 1579 εὐφημίας

109 1584 141 1610 δὲ
163 1583 210 1610 καὶ
228 1585 345 1612 ἐπαίνων
370 1586 515 1618 παντοίων,
540 1587 598 1614 ἀλλ’
621 1588 666 1614 ἵνα
695 1589 734 1625 μὴ
762 1590 835 1625 πέρα
855 1590 903 1617 τοῦ

112 1630 217 1665 μέτρου
234 1631 340 1666 μακρὸν
358 1631 522 1668 ἐργάσωμαι
541 1633 570 1660 τὸ
584 1634 723 1670 διήγημα·
738 1635 847 1670 ἐγένετό
861 1644 904 1669 τις

108 1677 141 1702 ἐν
159 1676 256 1712 ἐκείνῳ
271 1677 310 1712 τῷ
323 1677 387 1712 θείῳ
409 1678 512 1715 χωρίῳ,
533 1680 633 1707 Ἀῦὸἄν
646 1681 674 1707 δὲ
698 1681 779 1708 αὐτὸν
803 1682 905 1718 ὀνομά-

108 1722 227 1756 ζουσιν,
257 1723 288 1755 ὃς
318 1724 350 1750 ὲκ
375 1724 426 1760 μὲν
451 1726 500 1760 τῆς
528 1726 724 1762 Ίσμαηλίτιδος
753 1728 903 1764 ἐϐλάστησε

110 1768 204 1804 ῥίζης,
219 1769 270 1795 οὐκ
286 1770 430 1807 ἀπῳκίσθη
445 1770 473 1797 δὲ
489 1771 539 1806 τῆς
552 1772 752 1808 ’Δὸρααμιαίας
776 1775 846 1801 κατὰ
858 1775 904 1802 τὸν

110 1815 247 1850 πρόγονον
261 1816 360 1849 οίκίας,
373 1817 442 1843 ἀλλά
456 1817 506 1852 τῆς
520 1817 651 1854 πατρῴας
669 1819 851 1856 κληρονομίας
865 1820 905 1856 τῷ

118 1860 214 1887 Ἰσαὰκ
231 1861 396 1898 ἐκοινώνησε
409 1883 416 1896 ,
436 1863 538 1897 μᾶλλον
560 1864 588 1890 δὲ
605 1865 691 1901 αὐτὴν
716 1867 826 1901 ἥρπασε
850 1868 905 1894 τῶν

109 1907 237 1942 οὐρανῶν
253 1906 302 1944 τὴν
321 1907 476 1943 βασιλείαψ
493 1905 570 1941 οὗτος
585 1910 666 1942 εὐθὺς
684 1912 734 1946 μὲν
753 1912 804 1948 τῆς
819 1914 905 1948 ἀσκη-

110 1954 193 1989 τικῆς
209 1953 311 1990 ταύτης
326 1954 415 1990 ἥψατο
438 1954 586 1988 πολιτείας,
607 1957 684 1990 ποιρά
699 1966 755 1991 τινι.
777 1959 906 1993 τηνικάδε

111 1999 163 2034 τὴν
174 2000 277 2036 ἔρημον
293 2000 412 2027 οἰκοῦντι
423 2003 567 2037 γυμναστῇ
578 2002 632 2028 τῶν
646 2002 773 2030 τοιούτων
784 2004 903 2040 ἀρίστῳ·

111 2046 255 2082 Μαρωσᾶς
278 2046 307 2073 δὲ
323 2044 357 2082 ἦν
377 2045 463 2082 ὄνομα
479 2047 564 2082 αὐτῷ.
590 2048 669 2075 Μετά
693 2048 721 2075 δὲ
742 2048 829 2075 ταῦτα
859 2050 906 2077 καὶ

111 2092 237 2124 ἐκεῖνος,
257 2091 288 2118 τὸ
324 2091 426 2127 ἐτέρων
453 2093 631 2127 ἡγεμονεύειν
657 2093 833 2127 καταλιπὼν,
865 2096 906 2126 είς

111 2136 216 2172 ταύτην
238 2137 286 2164 σὺν
300 2136 339 2173 τῷ
356 2137 441 2174 Ἀὅὸᾷ
459 2139 510 2173 τὴν
521 2138 624 2174 ἀγέλην
638 2139 762 2174 ἀφίκετο,
781 2140 828 2167 καὶ
842 2141 906 2176 χρό-

112 2191 160 2209 νον
177 2182 225 2218 μὲν
239 2183 269 2209 ού
288 2182 386 2218 μικρὸν
407 2183 520 2216 ἐπεδίω,
538 2184 673 2219 λαμπρῶς
686 2184 714 2211 δὲ
729 2186 906 2221 ἀγωνισάμε-

112 2237 160 2260 νος
181 2229 227 2255 καὶ
252 2229 374 2264 ἀοίδιμος
388 2229 533 2265 γενόμενος
555 2229 689 2266 ὑπεξῆλθε
717 2231 762 2258 τὸν
788 2231 855 2266 βίον.
876 2233 905 2259 '0

953 978 1093 1014 permisit.
1111 976 1206 1004 Talem
1223 977 1246 1004 is
1260 976 1382 1005 fructum
1401 984 1434 1004 ex
1455 977 1547 1012 magni
1561 976 1673 1004 Eusebii
1689 985 1751 1004 con-

954 1024 1102 1052 suetudine
1123 1023 1257 1059 percepit.

990 1083 1052 1111 Vidi
1061 1089 1088 1110 et
1097 1083 1165 1109 alios
1175 1081 1320 1118 quoquein
1332 1081 1428 1109 eodem
1437 1080 1549 1116 tugurio
1559 1080 1675 1115 hujusce
1687 1080 1748 1115 phi-

954 1129 1086 1164 losophia:
1095 1132 1234 1156 amatores
1240 1132 1266 1155 et
1275 1127 1452 1155 mmulatores
1464 1134 1518 1153 non
1530 1126 1750 1161 paucos,llorenti

953 1176 1087 1212 quosdam
1102 1179 1192 1208 attate,
1205 1174 1277 1201 alios
1288 1172 1429 1209 profunda
1458 1177 1611 1205 senectute,
1624 1173 1671 1210 qui
1686 1181 1748 1199 eum

954 1231 1044 1250 annos
1059 1225 1171 1257 agerent
1186 1221 1195 1231 θ
1211 1227 1294 1256 supra
1308 1219 1471 1254 nonaginta,
1485 1219 1651 1246 laboriosam
1667 1222 1751 1245 vitam

953 1269 1112 1303 relinquere
1124 1267 1284 1299 noluerunt,
1298 1265 1347 1294 sed
1359 1265 1494 1292 obeundis
1505 1265 1636 1301 juveuum
1650 1265 1752 1292 labori-

955 1315 1006 1343 bus
1018 1315 1196 1345 claruerunt,
1208 1316 1305 1340 nocles
1318 1311 1433 1346 diesque
1447 1310 1533 1338 Deum
1547 1311 1709 1341 laudantes,
1726 1316 1752 1337 et

955 1367 1034 1388 sacra
1047 1360 1092 1387 illa
1103 1358 1191 1386 ollicia
1204 1361 1382 1394 peragentes.
1392 1357 1496 1393 vilique
1506 1357 1552 1384 illo
1563 1357 1626 1384 cibo
1635 1361 1697 1392 post
1709 1357 1734 1383 bi
1745 1372 1751 1376 -

954 1405 1039 1434 duum
1053 1404 1221 1432 victitantes.
1241 1402 1276 1430 Ut
1293 1401 1362 1430 alios
1378 1405 1486 1434 autem,
1505 1409 1560 1428 non
1576 1402 1686 1429 silentio
1704 1402 1750 1429 sed

955 1451 1036 1478 laude
1050 1455 1076 1478 et
1090 1449 1333 1478 commendatione
1347 1447 1460 1483 dignos,
1473 1448 1681 1483 praetermittam
1692 1468 1699 1480 ,
1717 1456 1750 1475 ne

955 1498 1090 1533 prolixior
1102 1505 1183 1532 quam
1196 1503 1246 1531 par
1254 1500 1296 1523 est
1305 1495 1352 1522 fiat
1362 1494 1497 1525 narratio.
1508 1493 1558 1521 fuit
1569 1495 1594 1521 in
1604 1493 1696 1521 divino
1707 1495 1752 1521 illo

955 1545 1018 1571 loco
1031 1543 1155 1578 quidam,
1169 1541 1261 1569 Abbas
1276 1541 1399 1571 nomine.
1413 1549 1446 1568 cx
1461 1540 1627 1568 lsmaclitide
1641 1540 1752 1575 quidem

956 1589 1049 1616 radice
1059 1587 1206 1620 oriundus,
1215 1594 1309 1614 verum
1317 1594 1350 1613 ex
1359 1586 1477 1613 Abrahae
1487 1586 1569 1613 domo
1580 1594 1752 1620 nequaquam

957 1635 1072 1669 eiectus,
1085 1634 1156 1661 sicut
1167 1634 1212 1661 ille
1228 1641 1242 1659 a
1258 1641 1313 1668 quo
1328 1640 1416 1668 genus
1431 1632 1567 1660 duxerat:
1584 1633 1629 1660 sed
1646 1633 1692 1666 qui
1708 1640 1753 1666 pa-

957 1685 1044 1708 terna
1060 1679 1226 1706 haereditatis
1241 1687 1303 1706 cum
1320 1678 1414 1706 lsaaco
1431 1679 1568 1713 particeps
1585 1677 1675 1706 factus
1692 1685 1734 1704 cst
1745 1698 1754 1710 ,

957 1727 1000 1755 vel
1014 1728 1104 1762 ipsum
1121 1727 1213 1761 potius
1225 1725 1316 1760 rapuit
1328 1733 1441 1760 regnum
1455 1724 1600 1752 malorum.
1617 1724 1641 1751 Is
1655 1733 1754 1751 mmm-

958 1773 1034 1801 sticae
1047 1772 1129 1807 hujus
1143 1771 1353 1799 exercitationis
1363 1771 1476 1799 exordia
1488 1771 1566 1797 duxit
1579 1771 1649 1806 apud
1662 1779 1755 1805 quem~

958 1818 1019 1847 dam
1031 1840 1038 1852 ,
1050 1819 1096 1854 qui
1109 1826 1232 1846 eremum
1249 1823 1314 1844 tunc
1328 1817 1487 1849 habitabat,
1503 1817 1638 1851 optimum
1656 1817 1753 1843 barum

958 1873 1050 1893 rerum
1064 1864 1238 1899 magistrum,
1254 1863 1299 1890 cui
1314 1870 1412 1890 nomen
1426 1863 1559 1890 ltlarosas.
1575 1861 1673 1889 Postea
1688 1870 1754 1889 vero

958 1911 1004 1938 hic
1015 1917 1127 1946 quoque
1141 1910 1202 1936 aliis
1219 1917 1338 1944 praeesse
1353 1909 1494 1941 desinens,
1512 1908 1544 1935 ad
1560 1916 1668 1944 gregem
1682 1909 1754 1936 hunc

958 1965 1021 1985 cum
1053 1957 1131 1984 Abba
1158 1957 1233 1984 venit
1257 1965 1265 1983 :
1290 1956 1398 1991 1160
1424 1960 1475 1983 nec
1498 1963 1582 1990 parvo
1608 1959 1751 1990 superstes

958 2008 1082 2034 tempore
1092 2023 1100 2036 .
1112 2007 1174 2038 post
1186 2003 1318 2038 praeclara
1329 2002 1483 2030 certamina
1499 2002 1633 2029 celebrent
1651 2002 1752 2029 fatuam

959 2049 1074 2083 adeptus
1086 2048 1205 2076 excessit
1225 2056 1240 2076 e
1269 2049 1336 2076 vita.
1363 2048 1410 2076 Ille
1439 2052 1529 2075 autem
1554 2052 1618 2074 octo
1645 2048 1700 2082 jam
1726 2053 1753 2074 et

960 2095 1072 2130 triginta
1084 2094 1121 2122 ibi
1134 2102 1222 2122 annos
1233 2094 1368 2129 transegit
1381 2114 1390 2126 ,
1406 2097 1433 2121 et
1444 2093 1523 2128 quasi
1538 2093 1664 2120 laborare
1681 2101 1752 2119 nn:.c

959 2140 1113 2175 inciperet,
1134 2140 1175 2168 sic
1193 2139 1319 2167 laborare
1342 2138 1494 2166 desiderat.
1512 2138 1581 2166 Nam
1598 2139 1624 2165 in
1645 2139 1752 2166 hodier~

959 2195 1026 2215 num
1043 2193 1130 2222 usque
1152 2186 1224 2213 diem
1250 2185 1334 2221 pedes
1358 2185 1461 2213 calceis
1487 2192 1627 2220 nunquam
1656 2186 1721 2212 texit
1745 2195 1751 2211 :

959 2242 1022 2262 cum
1050 2233 1139 2268 frigus
1165 2237 1224 2265 est,
1255 2232 1284 2259 in
1310 2231 1407 2259 umbra
1430 2231 1532 2263 haeret,
1561 2239 1623 2258 cum
1652 2235 1753 2262 a'stus,

113 2275 143 2302 δὲ
161 2274 234 2301 ὀκτὼ
265 2275 314 2310 μὲν
342 2275 393 2311 ἤδη
422 2277 469 2303 καὶ
496 2276 644 2312 τριάκοντα
668 2277 727 2304 ἐκεῖ
755 2277 905 2306 διετέλεσεν

960 2281 1047 2308 solem
1065 2283 1174 2315 captat,
1190 2278 1305 2314 ejusque
1325 2278 1426 2306 ardore
1450 2278 1525 2305 velut
1551 2277 1662 2313 zephyri
1686 2286 1752 2303 aura

113 2320 175 2355 ἐτη,
200 2320 240 2353 ὡς
265 2321 379 2357 ἔναγχος
397 2321 425 2348 δὲ
452 2321 499 2349 τοῦ
522 2324 613 2350 πονεῖν
635 2323 797 2359 ἀρξάμενος,
821 2325 907 2357 οὕτως

114 2367 221 2401 ἐφίεται
235 2367 282 2393 τοῦ
294 2369 396 2395 πονεῖν.
414 2368 504 2404 Μέχρι
527 2368 582 2405 γὰρ
597 2370 646 2396 καὶ
666 2371 787 2405 τήμερον
808 2371 907 2406 ὐποδὴ-

117 2420 184 2446 μασι
200 2413 250 2447 μὲν
265 2413 327 2445 τοὺς
346 2413 429 2445 πόδας
442 2415 493 2440 οὐκ
516 2415 636 2450 ἐκάλυψε
650 2415 772 2449 πώποτε,
791 2418 825 2452 τῇ
843 2418 907 2453 σκιᾷ

115 2458 145 2485 δὲ
169 2458 360 2494 προσεδρεύων
386 2460 415 2486 ἐν
438 2459 478 2495 τῷ
503 2461 620 2497 κρυμῷ,
645 2462 691 2488 τὸν
713 2462 791 2498 ⁴ἣλιον
815 2464 844 2490 ἐν
867 2464 908 2499 τῷ

119 2503 233 2539 φλογμῷ
255 2504 445 2540 καταδέχεται,
469 2506 516 2533 καὶ
546 2506 583 2538 ὡς
609 2507 727 2543 ζεφύρου
752 2507 839 2544 αύραν
858 2509 908 2545 τὴν

118 2549 223 2576 ἐκεῖθεν
235 2550 343 2585 δέχεται
357 2551 456 2586 φλόγα.
474 2552 602 2579 ’Ἃπαντα
616 2553 645 2579 δὲ
666 2553 761 2580 τοῦτον
779 2554 826 2582 τὸν
845 2558 907 2590 χρὸ-

119 2603 163 2620 νον
190 2593 284 2627 ὕδατος
313 2596 475 2633 μεταλαχεῖν
502 2597 552 2624 οὐκ
573 2598 714 2633 ἠνέσχετο,
743 2599 793 2626 οὐκ
818 2600 908 2627 ἐκεῖνα

118 2640 227 2673 ἐσθίων,
246 2641 264 2669 ἃ
277 2643 333 2674 τοῖς
345 2642 375 2670 τδ
391 2643 428 2678 μὴ
445 2643 533 2671 πίνειν
553 2644 743 2680 ἐπιτηδεύουσι
757 2645 907 2682 προσφέρε-

119 2688 180 2715 σθαι
204 2687 337 2723 σύνηθες·
368 2689 524 2726 ὑγροτέρων
543 2690 598 2725 γὰρ
625 2687 699 2718 οὗτοι
728 2684 822 2718 σιτίων
840 2693 909 2719 ἀπο-

117 2734 210 2761 λαύειν
224 2734 370 2762 εἰώθασιν·
391 2735 460 2762 ἀλλὰ
479 2735 533 2763 τῶν
555 2736 644 2763 αὐτῶν
666 2739 721 2769 τοῖς
736 2737 825 2769 ἄλλοις
844 2739 910 2765 ἀπο-

118 2780 208 2807 λαύων
224 2780 326 2811 σιτίων,
350 2781 447 2808 ἐσθίων
463 2782 491 2808 δὲ
511 2782 623 2818 βραχέα,
642 2784 688 2810 καὶ
716 2784 765 2810 ὅσα
781 2785 908 2820 βραχεῖαν

119 2827 239 2863 ἐντίθησι
257 2828 382 2861 δύναμιν,
401 2829 532 2866 περιττὴν
555 2831 662 2865 ἡγεῖται
685 2831 734 2867 τὴν
750 2832 796 2858 τοῦ
816 2831 910 2863 ὕδατος

159 2898 172 2917 ¹ι
203 2905 302 2940 upucs.
324 2915 357 2938 ιν,
373 2907 419 2934 ετ.

960 2327 1126 2354 delectatur.
1142 2324 1212 2352 'l'oto
1229 2324 1282 2352 hoc
1295 2329 1420 2360 tempore
1433 2331 1533 2359 aquam
1553 2331 1605 2350 non
1622 2323 1754 2358 gustavit,

960 2380 1011 2400 nec
1027 2372 1097 2399 cibis
1114 2371 1169 2399 illis
1191 2379 1259 2399 usus
1273 2374 1331 2404 est,
1361 2370 1463 2406 quibus
1487 2370 1561 2397 vesci
1588 2370 1678 2397 solent
1706 2369 1755 2404 qui

960 2422 1027 2453 potu
1045 2417 1188 2445 abstinent
1210 2416 1424 2452 (humidioribus
1439 2415 1512 2443 enim
1538 2416 1577 2442 uti
1600 2423 1753 2442 consueve-

960 2465 1049 2500 runt).
1064 2464 1112 2492 sed
1128 2462 1228 2492 iisdem
1247 2470 1363 2498 prorsus
1376 2462 1461 2498 ipsis,
1475 2461 1575 2497 quibus
1588 2461 1643 2488 alii.
1663 2461 1755 2488 Pauca

960 2519 1079 2546 namque
1095 2510 1244 2538 comedens
1257 2531 1264 2543 ,
1282 2514 1308 2537 et
1321 2516 1382 2545 quae
1399 2509 1472 2536 vires
1489 2508 1602 2543 exiguas
1619 2507 1755 2539 afferunt,

963 2561 1057 2593 potum
1086 2564 1164 2592 aqua:
1191 2563 1427 2590 supervacaneum
1458 2558 1545 2590 putat.
1575 2552 1652 2581 Ferri
1683 2556 1757 2581 mole

962 2604 1070 2631 lumbos
1085 2603 1252 2638 praecinctus
1278 2609 1341 2629 raro
1362 2601 1458 2635 sedet,
1486 2599 1632 2635 noctisque
1656 2607 1687 2627 ac
1700 2599 1757 2626 diei

961 2653 1067 2684 partem
1087 2648 1235 2675 maximam
1250 2647 1291 2674 vel
1309 2651 1387 2674 stans
1401 2646 1441 2674 vel
1463 2645 1581 2680 genibus
1602 2645 1683 2672 nixus
1705 2644 1757 2672 Do~

962 2696 1037 2723 mino
1053 2703 1149 2730 preces
1161 2694 1251 2722 offert.
1273 2693 1438 2720 Accuhitum
1464 2692 1516 2719 sibi
1539 2692 1652 2727 penitus
1671 2692 1759 2718 inter—

961 2741 1048 2774 dixit,
1065 2748 1116 2768 nec
1133 2740 1340 2767 accumbentem
1359 2739 1434 2766 illum
1450 2740 1584 2765 hactenus
1606 2738 1756 2772 quisquam

966 2788 1030 2814 tidit
1051 2796 1057 2812 :
1075 2787 1122 2814 sed
1139 2794 1171 2814 ex
1186 2794 1240 2821 quo
1257 2786 1386 2820 princeps
1406 2785 1484 2811 chori
1502 2784 1591 2811 factus
1610 2788 1648 2810 est
1662 2805 1668 2815 ,
1688 2791 1756 2817 prae-

966 2832 1156 2868 fecturamque
1172 2833 1302 2865 Sni'lllllS,
1321 2836 1407 2859 totum
1425 2832 1498 2858 hunc
1524 2830 1645 2858 laborem
1669 2829 1756 2857 alacri
