2036 3122
167 177 235 210 1353

777 177 979 208 ΒΕιΙιὶιῡει
1002 178 1193 220 HISTORIA.

1727 185 1794 218 1354

204 233 284 261 Ἀλλὰ
313 242 364 261 κατ
403 233 489 269 ἀρχὰς
512 234 560 269 μὲν
597 234 692 260 οὐδένα
717 235 840 261 σύνοικον
880 234 951 269 ἔχειν

1038 234 1172 262 Caeterum
1191 235 1270 263 initio
1287 237 1391 264 nullum
1409 239 1461 266 sub
1480 239 1575 268 eodem
1603 248 1696 269 secum
1723 246 1795 270 tecto

165 280 312 315 ἠνέσχετο·
327 279 442 315 βραχεῖς
458 280 485 306 δὲ
511 281 647 311 οἱκίσκους
666 279 831 314 ἁγχιθύρους
846 279 949 306 οἰκοδοο

165 323 235 359 μῶν,
251 324 332 350 αὑτὸν
356 324 418 350 καθ’
434 323 529 350 ἑαυτὸν
544 324 658 350 ἕκαστον
672 324 727 350 τῶν
751 325 894 351 συνιόντων
912 325 951 351 δι-

164 369 241 403 άγειν
252 369 370 401 ἐκέλευε,
384 369 488 404 συχνῶς
499 369 666 401 ἐπισκοπῶν,
677 370 724 396 καὶ
736 371 799 402 τοὺς
813 371 953 402 οἱκίσκους

163 414 384 450 διερευνώμενος,
408 416 444 450 μή
470 424 496 442 τι
515 415 586 450 πέρα
596 416 644 450 τῆς
653 415 747 450 χρείας
769 416 952 451 ἀποκείμενον

161 462 259 497 ἔχοιεν.
272 463 339 488 Φασὶ
359 462 385 488 δὲ
400 462 480 488 αὑτὸν
490 463 536 488 καὶ
545 462 614 496 ζυγὰ
626 463 822 498 ἐπιφερόμενον
838 464 884 490 τον
898 465 951 491 τῶν

162 507 252 543 ἄρτων
278 509 396 542 σταθμὸν
427 508 667 543 πολυπραγμονεῖν
697 509 835 542 ἀκριϐῶς,
859 511 907 536 καὶ
928 509 955 536 εἴ

163 563 227 581 ποτε
239 554 313 590 εὖροι
327 554 372 580 τοῦ
390 554 542 590 ὡρισμένου
564 554 682 587 πλείονα,
694 555 891 590 δυσχεραίνειν,
906 557 953 582 καὶ

163 601 385 636 γαστριμάργους
414 601 476 631 τοὺς
510 600 588 627 τοῦτο
622 600 768 631 ποιοῦντας
792 601 950 629 ἀποκαλεῖν,

169 644 310 670 Ἐκέλευσε
325 644 378 679 γὰρ
397 645 465 679 μήτε
479 644 626 676 ἐσθίοντας,
652 647 720 679 μήτε
746 645 870 677 πίνοντας
887 647 952 673 ἀνα-

163 691 255 724 μένειν
267 691 312 717 τον
325 691 416 726 κόρον,
436 691 504 718 ἀλλὰ
524 691 657 718 τοσούτων
684 693 841 724 ἀπολαύειν,
867 694 954 722 ὁπόσα

161 735 201 771 τῷ
216 736 322 771 σώματι
341 737 470 771 παρέχειν
492 737 599 773 ἀπόχρη
620 737 668 773 τὴν
692 738 775 772 ζωήν.
797 739 827 765 Εἰ
842 739 870 765 δέ
887 748 952 766 ποτε

163 781 211 807 καὶ
225 781 280 807 τῶν
293 781 414 816 πιτύρων
443 782 664 816 ἀποκεκριμένον
685 782 716 808 τὸ
737 783 850 819 ἄλευρον
876 783 952 810 ἐθεά-

165 835 241 857 σατο,
256 827 293 858 ὡς
308 827 490 862 Συϐαριτικῆς
498 828 602 863 τρυφῆς
612 828 789 860 ἀπολαύουσι,
807 831 862 861 τοῖς
875 830 953 856 τοῦτο

162 872 319 907 δεδρακόσιν
339 873 507 907 ἐλοιδορεῖτο.
533 874 588 900 Καὶ
616 873 725 909 νύκτωρ
743 874 772 901 δὲ
789 875 952 908 ἐξαπιναίως

163 918 240 954 παρὰ
251 918 298 953 τὴν
311 919 425 945 ἑκάστου
450 918 535 954 ούραν
558 919 767 955 ἀφικνούμενος,
789 921 813 946 εἰ
829 921 878 956 μέν
890 930 951 948 τινα

163 962 241 1000 εὗρεν
268 964 448 1000 ἐγρηγορότα,
471 965 518 991 καὶ
542 965 587 991 τὸν
610 965 676 991 Θεδν
706 965 857 1001 ὑμνοῦντα,
887 968 950 1002 σιγῇ

163 1009 244 1036 πάλιν
253 1009 391 1045 ἀπεχώρει
401 1018 407 1025 ·
419 1011 443 1036 εἰ
454 1010 482 1037 δέ
493 1019 552 1037 τινα
561 1010 637 1046 ὕπνῳ
652 1012 833 1046 κατεχόμενον
843 1011 951 1047 ᾔσθετο,

163 1057 196 1090 τῇ
212 1055 283 1090 χειρὶ
299 1056 348 1090 μὲν
358 1056 407 1091 τὴν
421 1055 506 1091 ούραν
522 1056 670 1088 ἐπάτασσε,
685 1059 716 1092 τῇ
739 1057 846 1093 γλώττῃ
865 1058 893 1085 δὲ
908 1058 953 1086 τὸν

163 1102 362 1136 κατακείμενον
377 1101 500 1134 ἔϐαλλεν,
516 1102 554 1134 ώς
572 1103 684 1130 πλείονα
697 1103 712 1137 ἢ
724 1103 776 1130 ἔδει
792 1103 831 1138 τῷ
847 1104 953 1139 σώματι

162 1147 213 1182 τὴν
230 1146 376 1182 θεραπείαν
387 1147 586 1186 προσφέροντα.
603 1147 703 1174 Τοῦτον
718 1148 800 1176 αὑτοῦ
815 1148 860 1175 τὸν
873 1150 954 1176 πόνον

163 1192 218 1219 τῶν
232 1193 431 1228 ὀμογνωμόνων
450 1193 523 1224 τινὲς
538 1192 715 1228 Θεασάμενοι,
740 1194 769 1220 ἐν
786 1195 869 1221 πᾶσιν
882 1196 954 1221 οἰκο-

163 1239 279 1274 δομῆσαι
312 1237 484 1272 καταγώγιον
516 1239 709 1274 εἰσηγήσαντο.
743 1239 953 1275 Ἀκριϐἐστερον

165 1285 218 1320 γαρ
230 1284 334 1318 ἔφασαν
357 1283 420 1315 τούς
447 1293 476 1311 τε
505 1284 551 1311 νῦν
574 1279 779 1320 δεσπαρμένους
796 1285 952 1320 βιώσεσθαι,

167 1331 212 1356 καὶ
237 1330 317 1357 αὑτὸν
336 1330 384 1364 τῆς
404 1329 526 1362 πλείονος
549 1330 689 1365 φροντίδος
701 1330 952 1366 ἀπαλλαγήσεσθαι.

172 1377 297 1409 Ἐδέξατο
313 1376 361 1412 τὴν
374 1378 532 1411 παραίνεσιν
547 1378 561 1403 ὁ
583 1376 748 1412 σοφώτατος,
764 1377 811 1404 καὶ
827 1378 953 1412 συναγεί-

167 1429 216 1455 ρας
231 1421 363 1453 ἅπαντας,
381 1425 428 1448 καὶ
449 1423 509 1453 τοὺς
525 1422 639 1457 μικροὺς
660 1422 780 1453 ἐκείνους
799 1423 955 1455 καταλύσας

165 1467 311 1498 οἰκίσκους,
332 1467 380 1494 ἕνα
407 1467 434 1494 δὲ
462 1468 518 1499 τοῖς
542 1467 759 1502 συνειλεγμένοις
780 1468 952 1504 δειμάμενος,

148 1507 241 1548 ’κοινῇ
266 1521 292 1539 τε
321 1513 520 1544 πολιτεύεσθαι,
546 1513 593 1538 καὶ
622 1513 795 1548 παραθήγειν
824 1515 955 1549 ἀλλήλους

166 1559 280 1589 ἱκέτευε,
293 1559 339 1585 καὶ
351 1558 445 1585 τοῦτον
460 1558 509 1594 μὲν
526 1559 575 1595 τὴν
590 1559 695 1586 ἐκείνου
714 1560 856 1595 μιμεῖσθαι
869 1561 954 1596 πραό-

165 1614 243 1640 τητα,
255 1606 356 1631 ἐκεῖνον
366 1605 393 1631 δὲ
407 1604 444 1639 τῷ
452 1604 546 1632 τούτοε)
556 1604 629 1640 ζήλῳ
639 1606 802 1641 κεραννύναι
816 1606 846 1633 τὸ
856 1608 952 1642 πρᾶον,

164 1653 212 1678 καὶ
228 1652 307 1679 ἄλλον
325 1652 478 1687 ἀγρυπνίας
504 1652 689 1686 μεταδιδῦντα,
707 1653 751 1678 τοῦ
764 1653 812 1688 τῆς
826 1654 954 1687 νηστείας

165 1697 384 1732 μεταλαμϐάνειν
400 1697 571 1732 μαθήματος.
591 1706 600 1723 ι
620 1697 697 1723 Uitta
717 1697 770 1732 γὰρ
793 1699 858 1733 παρ’
874 1698 954 1734 ἀλλή-

163 1744 228 1776 λων,
260 1743 321 1778 ἔφη,
344 1743 374 1769 τὸ
398 1743 486 1770 ἐνδέον
506 1743 703 1778 λαμϐάνοντες.
720 1744 767 1779 τὴν
785 1745 954 1781 τελεωτάτην

163 1789 376 1824 κατορθώσομεν
394 1790 504 1825 ἀρετήν.
523 1789 654 1825 Καθάπερ
670 1791 724 1826 γὰρ
739 1791 768 1816 ἐν
783 1793 842 1822 ταῖς
853 1791 955 1817 πολιτι-

164 1836 228 1867 καῖς
243 1836 364 1870 ἀγοραῖς,
384 1836 397 1862 ὁ
421 1836 470 1870 μὲν
489 1835 578 1871 ἄρτων
592 1836 650 1861 ἐστὶ
665 1837 784 1872 πρατὴρ,
808 1838 821 1863 ὁ
834 1837 861 1863 δὲ
874 1837 955 1872 λαχά-

163 1891 228 1911 ·.ων,
249 1881 303 1908 ὁδε
316 1881 430 1917 ἱματίων
455 1881 585 1916 ἔμπορος.
613 1881 691 1913 ἄλλος
721 1883 747 1908 δὲ
774 1883 954 1918 ὑποδημάτων

163 1929 329 1964 δημιουργός
339 1935 346 1942 '
362 1927 427 1962 παρ’
443 1927 566 1962 ἀλλήλων
584 1927 612 1954 δὲ
627 1927 676 1962 τὴν
692 1928 785 1963 χρείαν
799 1928 956 1964 ἐρανιζὸμε-

163 1982 207 2000 νοι
221 1973 424 2009 θυμηρέστερον
437 1971 604 2008 βιοτεύουσιν
616 1982 622 1988 ·
636 1975 649 1999 ὁ
666 1974 714 2008 μὲν
729 1973 782 2008 γὰρ
795 1974 902 2008 ἱμάτιον
917 1975 955 2001 δι-

163 2019 237 2051 δοὺς,
253 2018 448 2054 ἀντιλαμῦανει
459 2018 595 2054 ὑπόδημα,
611 2019 624 2044 ὁ
638 2019 665 2045 δὲ
677 2019 791 2053 λάχανον
805 2019 956 2054 ὠνούμενος

165 2064 322 2090 ἀποδίδοται
335 2063 433 2099 ἄρτον·
449 2062 535 2094 οὕτως
554 2064 626 2099 ἡμᾶς
646 2063 771 2098 ἀλλήλοις
796 2065 956 2091 ἀντιδιδόναι

166 2111 301 2145 προσήκει
311 2110 361 2145 τῆς
372 2109 472 2145 ἀρετῆς
480 2108 515 2135 τὰ
524 2109 693 2144 πολυτίμητα
703 2109 793 2146 μόρια.
802 2109 893 2136 »Οὕτω
903 2109 956 2135 τῶν

164 2155 346 2191 ὁμογλώττων
354 2155 568 2191 γυμναζομένων
583 2163 612 2181 τε
625 2155 672 2181 καὶ
685 2155 901 2190 ἀγωνιζομένων,
911 2156 957 2182 καὶ

175 2201 279 2229 Ἐλλάδι
292 2203 366 2237 φωνῇ
373 2201 417 2229 τὸν
424 2201 490 2228 Θεὸν
497 2202 547 2228 ἀνυ
552 2201 698 2236 μνούντων,
711 2201 806 2227 ἐλαϐεν
814 2201 883 2238 ἔρως
893 2211 956 2228 ταυ-

168 2249 232 2284 τησὶ
240 2249 289 2283 τῆς
306 2247 442 2279 πολιτείας
457 2249 504 2274 καὶ
518 2248 581 2280 τοὺς
593 2249 625 2283 τῇ
635 2248 760 2284 ἐγχωρίῳ
771 2249 956 2283 xsx‘onuévou:

169 2294 307 2329 φωνῇκαὶ
319 2293 515 2328 συνδραμόντες
527 2292 598 2324 τινὲς
606 2293 735 2323 ἱκέτευον,
743 2293 848 2328 καὶτῆς
857 2293 957 2328 ἀγέλης

168 2339 305 2374 γενέσθαι.
318 2339 365 2366 καί
381 2339 429 2372 τῆς
451 2340 525 2374 ἱερᾶς
540 2339 623 2365 abre-3
643 2339 819 2371 διδασκαλίας
838 2340 957 2374 μεταλα-

169 2387 242 2421 χεῖν·
262 2386 370 2418 ἐδέξατο
380 2386 406 2411 δὲ
424 2386 472 2419 τὴν
484 2385 600 2421 αἴτησιν,
609 2386 658 2420 τῆς
671 2386 837 2420 Δεσποτικῆς
856 2395 959 2421 μεμνη-

173 2436 251 2468 μένος
269 2432 439 2467 νομοῢεσίας,
455 2432 488 2467 ἣν
507 2433 562 2463 τοῖς
580 2432 662 2467 ἱεροῖς
677 2433 874 2467 προσενήνοχεν
892 2433 959 2458 ἁπο-

173 2479 286 2510 στὸλοις,
314 2487 322 2503 ι
342 2477 532 2513 Πορευθέντες,
548 2478 645 2512 λέγων,
664 2478 851 2513 μαθητεύσατε
872 2478 960 2504 πάντα

175 2524 209 2550 τὰ
235 2523 308 2556 EGV-ri.
335 2533 344 2549 ι
368 2523 419 2549 Καὶ
447 2524 511 2558 παρ’
534 2523 621 2549 ἐκεῖνο
639 2523 668 2549 τὸ
689 2523 858 2557 καταγώγιον
870 2523 962 2558 ἕτερον

172 2569 362 2604 οἰκοδομήσας,
381 2571 439 2596 ἐκεῖ
449 2569 560 2601 τούτους
575 2570 807 2603 διάγεινὲκέλευε·
827 2570 893 2596 νεών
904 2578 963 2597 τινα

174 2617 245 2641 υεῖον
260 2616 479 2648 κατασκευάσας,
508 2617 548 2646 εἰς
581 2615 609 2641 ὃν
634 2616 680 2642 καὶ
694 2615 804 2646 τούτους
821 2615 964 2647 κάκείνους

176 2662 292 2688 συνιέναι
312 2661 473 2696 προσέταξεν
483 2661 636 2697 ἀρχομένης
649 2670 677 2687 τε
694 2661 739 2688 καὶ
750 2661 886 2696 ληγούσης
895 2661 963 2696 ἡμέ-

176 2716 237 2743 ρας,
254 2707 298 2734 ἵνα
315 2707 360 2733 καὶ
385 2707 434 2742 τὴν
459 2707 605 2742 ἐσπερινὴν
627 2707 674 2733 καὶ
690 2706 738 2742 τὴν
758 2706 873 2742 ἑωθινὴν
892 2707 962 2741 ὑμν-

175 2753 257 2787 ῳδίαν
276 2755 351 2788 κοινῇ
368 2752 542 2788 προσφέρωσι
556 2752 595 2787 τῷ
606 2751 675 2788 Θεῷ,
689 2753 750 2787 διχῆ
767 2753 814 2787 μὲν
831 2752 962 2788 διῃρημὲ-

177 2807 227 2829 νοι,
242 2798 288 2824 καὶ
304 2799 335 2833 τῇ
351 2797 438 2831 οἰκείᾳ
451 2797 564 2828 ἕκαστος
579 2798 745 2833 κεχρημένος
759 2799 843 2833 ψιινῇ.
859 2799 889 2824 ἐκ
905 2798 963 2824 δια-

227 2880 233 2898 ¹
259 2887 355 2914 Matth.
383 2894 478 2917 xxvtu.
509 2886 550 2912 l9.

298 2933 432 2962 PA'I'RA)L.
452 2934 508 2961 Gn.
527 2931 675 2961 LXXXII.

1005 280 1128 307 habitare
1139 287 1239 315 passus
1266 286 1308 308 est
1327 290 1333 309 :
1351 282 1398 310 sed
1413 283 1527 319 exiguas
1541 285 1655 314 cellulas
1687 286 1795 315 foribus

1004 325 1110 353 vicinas
1123 326 1276 359 atdilicans,
1295 327 1418 362 singulos
1434 330 1548 356 seorsirn
1559 329 1658 365 degere
1669 331 1793 365 jubebal.

1003 373 1117 400 cellulas
1130 373 1247 400 subinde
1270 373 1404 406 invisens,
1434 378 1461 402 et
1489 375 1641 404 observans
1663 378 1793 412 numquid

1005 423 1103 453 praeter
1114 427 1158 446 res
1167 419 1339 446 necessarias
1351 419 1522 447 reconditum
1536 421 1678 450 haberent.
1693 423 1792 450 Ferunt

1004 464 1085 490 etiam
1107 464 1183 490 illum
1202 464 1332 491 trutinam
1348 464 1570 492 circumferendo
1591 467 1669 500 panis
1684 475 1794 494 mensu-

1005 515 1062 534 ram
1080 507 1224 542 diligenter
1246 509 1428 544 expendisse,
1450 514 1477 536 et
1503 510 1526 537 si
1557 511 1628 537 ultra
1661 515 1794 539 statutum

1006 553 1113 587 pondus
1127 553 1288 585 invenisset,
1303 562 1375 590 aegre
1388 555 1494 588 tulisse,
1525 559 1552 583 et
1584 556 1727 585 helluones
1747 558 1793 592 qui

1005 599 1057 626 hoc
1073 599 1194 627 facerent
1210 600 1372 635 appellasse.
1389 600 1561 636 Jubebatque
1587 606 1617 628 ut
1642 610 1732 637 neque
1747 611 1795 630 co-

1005 643 1155 677 metlerent,
1174 652 1263 680 neque
1282 645 1408 673 biberem
1421 645 1453 673 ad
1467 646 1636 678 satietatem.
1664 647 1711 675 sed
1736 654 1796 675 tan-

1005 692 1063 715 tum
1085 694 1225 717 sumerent
1249 694 1382 724 quantum
1405 691 1438 717 ad
1466 692 1595 718 tuendam
1617 692 1698 718 vitam
1724 693 1792 721 satis

1004 738 1088 761 esset.
1104 735 1181 767 Quod
1199 735 1222 763 si
1237 736 1347 770 quando
1358 740 1491 763 secretam
1503 745 1518 763 ιι
1550 736 1703 765 furfuribus
1729 738 1778 765 fari
1789 753 1795 758 -

1005 786 1068 806 nam
1081 780 1316 814 deprehendisset,
1342 786 1474 817 tanquam
1503 783 1668 818 Sybariticis
1689 784 1795 811 deliciis

1005 825 1178 860 indulgentes
1198 827 1370 862 obiurgabat,
1383 828 1454 861 Quin
1471 832 1496 856 et
1516 833 1598 856 noctu
1624 837 1734 864 quoque
1760 837 1794 857 ex

1005 871 1155 906 improviso
1170 874 1283 900 veniens
1300 873 1333 900 ad
1357 874 1427 901 ostia
1452 875 1637 910 singulorum,
1663 877 1685 902 si
1714 883 1794 910 quem

1004 917 1160 952 vigilantem
1178 924 1207 946 et
1224 920 1310 946 Deum
1332 920 1488 947 laudantem
1507 921 1669 954 ollentlerat,
1696 922 1796 949 tacitus

1005 964 1160 998 prteteribat
1179 974 1186 992 :
1209 965 1316 1000 1163
1338 965 1360 992 si
1376 973 1472 993 somno
1493 974 1654 1001 oppressum
1681 971 1709 994 et
1731 967 1795 994 dor-

1007 1010 1148 1042 rnienlem,
1167 1015 1194 1037 et
1213 1019 1294 1038 manu
1315 1010 1387 1039 l‘orcs
1408 1012 1543 1046 pulsabat.
1566 1017 1592 1039 et
1612 1013 1703 1047 lingua
1719 1013 1796 1040 illum

1006 1061 1035 1083 ut
1047 1058 1158 1092 corpori
1179 1058 1240 1092 plus
1254 1064 1334 1092 aequo
1349 1058 1514 1086 servientem
1531 1059 1699 1094 increpabat.
1710 1059 1796 1092 Quem

1004 1101 1065 1135 ejus
1087 1101 1207 1128 laborem
1233 1102 1439 1130 considerantes
1468 1104 1577 1138 quidam
1611 1112 1626 1131 e
1644 1104 1795 1137 sodalibus,

1003 1156 1176 1183 suggessere,
1186 1153 1215 1175 ut
1225 1157 1308 1176 unum
1321 1150 1449 1177 erunibus
1459 1150 1589 1177 conderet
1598 1150 1794 1178 habitaculum.

1006 1192 1051 1219 Sic
1064 1193 1136 1220 enim
1153 1192 1287 1226 futurum,
1300 1198 1367 1220 utet
1385 1194 1432 1229 qui
1448 1194 1566 1229 dispersi
1581 1198 1659 1222 erant
1682 1202 1796 1223 accura-

1005 1238 1061 1265 tius
1073 1239 1206 1272 viverent,
1234 1244 1260 1266 et
1281 1239 1340 1275 ipse
1374 1247 1472 1274 magna
1495 1241 1691 1268 sollicitudinis
1719 1247 1798 1276 parte

1005 1284 1153 1312 levaretur.
1175 1283 1294 1312 Probata
1329 1284 1463 1315 consilio,
1494 1285 1536 1311 vir
1562 1285 1796 1319 sapientissimus.

1005 1337 1067 1357 cum
1078 1330 1263 1358 simulomnes
1274 1334 1482 1365 congregasset,
1492 1330 1796 1366 disjectisquecellulis,

1005 1383 1151 1404 commune
1166 1376 1294 1404 omnibus
1307 1377 1476 1403 domicilium
1492 1376 1667 1408 aediﬁcasset,
1692 1378 1798 1412 rogavit

1006 1426 1035 1449 ut
1055 1430 1108 1449 una
1129 1423 1262 1455 viverent,
1281 1430 1312 1449 ac
1327 1431 1388 1450 sese
1400 1427 1496 1450 mutuo
1511 1423 1665 1451 excitarent
1683 1444 1690 1456 ,
1710 1430 1737 1450 ιιι
1753 1424 1798 1451 hic

1005 1467 1114 1501 quidem
1131 1467 1205 1494 illius
1221 1467 1374 1494 imitaretur
1386 1467 1638 1500 mansuetudinem,
1656 1467 1702 1495 ille
1714 1467 1798 1503 hujus

1006 1515 1064 1542 zelo
1080 1515 1317 1542 mansuetudinem
1338 1520 1523 1549 temperaret:
1539 1522 1611 1542 unus
1634 1515 1712 1542 alteri
1729 1515 1798 1550 vigi-

1007 1560 1056 1588 lias
1068 1561 1293 1591 communicaret,
1311 1561 1346 1588 ab
1363 1567 1450 1595 eoque
1467 1560 1588 1588 vicissim
1602 1560 1795 1596 jejuniiabsti-

1006 1606 1123 1633 nentiam
1132 1606 1276 1633 οιιὶειειτυι.
1290 1615 1298 1631 ί
1311 1605 1356 1633 Sic
1364 1606 1448 1639 enim,
1458 1606 1559 1640 inquit,
1568 1613 1584 1633 a
1594 1606 1671 1633 nobis
1679 1606 1795 1633 invicem

1006 1652 1031 1678 id
1042 1651 1113 1686 quod
1124 1651 1198 1678 deest
1213 1657 1380 1684 mutuantes,
1390 1652 1518 1679 virtutem
1530 1652 1661 1679 omnibus
1672 1652 1796 1687 partibus

1005 1697 1158 1724 absolutam
1176 1697 1333 1724 reddemus.
1347 1698 1435 1732 Atque
1453 1702 1482 1724 ut
1505 1698 1531 1725 in
1558 1697 1618 1726 foro
1633 1705 1725 1725 rerum
1750 1706 1796 1726 ve-

1006 1743 1109 1770 nalium
1123 1743 1193 1769 alius
1209 1751 1293 1777 panes
1304 1743 1407 1775 vendit,
1423 1743 1493 1770 alius
1510 1744 1596 1776 olera,
1613 1743 1656 1771 hic
1680 1743 1795 1771 vestium

1006 1789 1114 1817 institor
1124 1793 1177 1822 est,
1191 1789 1235 1816 illc
1248 1789 1337 1824 opifex
1350 1790 1612 1821 calceamentorum,
1628 1797 1643 1816 a
1659 1797 1688 1816 se
1703 1793 1794 1816 autem

1007 1836 1122 1863 invicem
1140 1835 1165 1862 id
1180 1843 1233 1870 quo
1257 1843 1326 1870 opus
1358 1835 1459 1862 habent
1487 1839 1690 1870 comparaules,
1713 1835 1795 1862 vitam

1006 1882 1294 1918 aguntiucundiorem
1312 1890 1318 1906 :
1336 1882 1382 1916 qui
1406 1881 1478 1908 enim
1505 1882 1552 1908 dat
1572 1884 1579 1892 '
1606 1886 1719 1914 vestem,
1747 1889 1796 1916 pro

1005 1937 1037 1957 ea
1057 1929 1166 1956 calceos
1182 1928 1291 1962 accipit,
1309 1932 1335 1955 et
1348 1927 1395 1962 qui
1409 1927 1475 1954 emit
1490 1928 1561 1959 olus,
1570 1927 1664 1954 vendit
1681 1934 1792 1961 panem:

1007 1976 1043 2002 ita
1074 1978 1101 2002 et
1129 1983 1180 2001 nos
1195 1973 1315 2001 vicissim
1335 1977 1444 2007 oportet
1458 1972 1676 2006 pretiosissimas
1686 1971 1797 1998 virtutis

1007 2026 1099 2056 partes
1113 2021 1184 2048 inter
1196 2028 1246 2048 uos
1258 2023 1423 2054 permutare.
1443 2029 1451 2044 ι
1466 2018 1534 2046 Cum
1553 2019 1580 2046 in
1594 2018 1668 2045 hunc
1685 2019 1796 2045 modum

1007 2066 1053 2100 qui
1069 2065 1191 2099 ejusdem
1206 2068 1285 2091 erant
1302 2064 1401 2098 lingua:
1414 2067 1611 2090 exercerentur
1623 2067 1650 2089 et
1666 2063 1795 2090 decerta-

1008 2111 1195 2145 rent,i)eique
1223 2110 1318 2136 laudes
1343 2110 1438 2136 GI'tCCO
1464 2116 1589 2136 sermone
1611 2109 1796 2141 celebrarent,

1008 2157 1079 2192 cepit
1096 2156 1165 2183 alios
1183 2155 1228 2189 qui
1250 2155 1337 2190 patria
1363 2154 1453 2189 lingua
1468 2154 1652 2188 loquebantur
1673 2153 1796 2188 ejusdem

1009 2202 1127 2230 instituti
1149 2201 1315 2228 desiderium
1333 2209 1340 2227 :
1367 2200 1585 2234 accedentcsque
1618 2207 1651 2227 ex
1666 2200 1798 2226 his.non-

973 2253 993 2279 D
1009 2249 1076 2276 nulli
1091 2251 1220 2282 rogarunt
1235 2251 1264 2273 ut
1278 2247 1304 2272 in
1322 2253 1431 2281 gregem
1448 2249 1655 2280 cooptarentur,
1672 2249 1700 2272 ul
1719 2253 1797 2274 sacra

1009 2295 1070 2327 ejus
1083 2293 1230 2328 disciplina
1249 2292 1415 2320 fruerentur.
1435 2291 1540 2318 Annuit
1570 2291 1615 2318 ille
1637 2291 1796 2326 postulatis.

1011 2340 1078 2375 legis
1086 2346 1190 2366 memor
1201 2337 1357 2372 Dominicm,
1371 2346 1423 2373 qua
1436 2337 1539 2364 sanctis
1549 2337 1680 2372 apostolis
1694 2336 1800 2373 1165.

1011 2385 1105 2415 edixit.
1125 2393 1134 2410 ι
1148 2383 1250 2412 Euntcs
1261 2383 1356 2410 docete
1369 2390 1465 2409 omnes
1478 2386 1571 2417 gentes
1587 2381 1623 2408 ι.»
1639 2382 1671 2408 Et
1683 2382 1799 2409 alterum

1011 2437 1094 2465 prope
1111 2434 1220 2457 struens
1238 2428 1436 2461 habitaculum,
1451 2427 1501 2455 hos
1522 2427 1558 2454 ibi
1578 2427 1678 2463 degere
1706 2427 1799 2462 jussit.

1013 2484 1176 2510 saerumque
1189 2476 1319 2510 templum
1332 2474 1483 2506 mdiﬁcans,
1502 2481 1534 2500 eo
1563 2478 1694 2508 utrosque
1723 2481 1801 2500 mane

1012 2531 1043 2550 ac
1060 2530 1171 2557 vespere
1185 2521 1334 2548 convenire
1348 2519 1487 2555 prtecepil,
1516 2525 1547 2546 ιιι
1575 2520 1748 2554 vespertinas
1775 2524 1802 2547 et

1014 2568 1164 2595 matutinas
1183 2566 1278 2594 laudes
1301 2566 1356 2593 Deo
1391 2565 1474 2593 simul
1507 2564 1648 2598 offerrent,
1675 2565 1802 2593 bifariam

1013 2613 1124 2648 quidem
1141 2613 1240 2645 divisi,
1253 2615 1280 2639 et
1307 2611 1420 2647 propria
1437 2611 1539 2646 quique
1574 2612 1665 2646 lingua
1682 2615 1802 2644 utentes,

1016 2660 1190 2688 Sed-alternis
1210 2659 1283 2686 inter
1301 2666 1329 2685 se
1357 2657 1546 2684 concinentes.
1578 2656 1745 2692 Duravitque
1771 2657 1803 2684 ad

1017 2707 1089 2734 hunc
1106 2713 1192 2740 usque
1205 2705 1275 2732 diem
1294 2704 1354 2739 ejus
1370 2703 1455 2731 l‘orma
1473 2703 1606 2736 instituti,
1619 2703 1658 2730 ita
1676 2708 1805 2739 utneque

1018 2758 1147 2787 tempus,
1177 2750 1249 2786 quod
1277 2750 1335 2777 haec
1365 2750 1473 2784 aliaque
1508 2749 1669 2783 huiusmodi
1700 2755 1805 2777 mutare

1017 2799 1096 2829 Stllt‘l,
1115 2805 1202 2832 neque
1217 2797 1292 2823 illius
1317 2803 1494 2823 successores
1515 2795 1691 2829 praescriptas
1718 2794 1753 2821 ah
1773 2801 1805 2821 eo

1613 2929 1651 2959 A3
