2036 3122
177 162 243 207 i369

782 178 894 208 RELIG
901 179 984 208 IOSA
1003 179 1195 212 HISTORIA.

1734 184 1802 216 1370

175 232 225 258 οὐκ
240 232 332 267 ἀρτων⁹
357 231 406 257 οὐκ
426 231 507 265 ὄψον,
532 231 580 265 οὐχ
613 232 729 265 ἱμάτιον,
749 231 807 258 ἀλλ’
824 229 864 263 εἷς
888 231 963 266 αὐτῷ

1017 238 1126 261 nectute
1140 235 1216 262 olera
1234 235 1317 262 etiam
1337 240 1399 270 post
1417 236 1483 264 solis
1508 243 1637 265 occasum
1662 239 1800 266 adhibuit.

176 279 258 313 μόνος
273 278 326 304 τῶν
340 278 486 313 γνωρίμων
502 273 630 313 ἐχορήγει
642 278 687 303 τὸν
704 278 796 312 ἄρτον·
815 278 854 309 εἰς
869 278 897 304 δὲ
913 278 963 312 γῆ-

176 331 226 358 ρας
239 322 337 354 ἐλάσας
362 322 440 357 βαθὺ,
460 322 506 348 καὶ
527 322 644 356 λαχάνου
660 323 729 356 μετὰ
755 322 830 357 ἡλίου
857 321 963 356 δυσμὰς

178 367 378 403 μετελάμϐανε.
407 367 475 393 Φασὶ
499 367 528 393 δὲ
553 366 703 401 Ἀνοέμιον,
720 366 749 398 ὃς
769 367 816 393 καὶ
841 366 963 402 ὕπαρχος

176 415 204 444 ἐς
219 413 331 448 ὕστερον
353 412 485 446 ἐγεγόνει,
498 412 545 438 καὶ
558 411 670 443 ὕπατος,
685 411 765 446 ἡνίκα
792 412 964 447 πρεσϐευτὴς

175 458 372 494 χειροτονηθεὶς
384 457 432 493 τὴν
444 459 483 488 εἰς
494 456 600 492 Πέρσας
612 456 766 491 ἀποδημίαν
778 456 962 488 ἀνεστείλατο,

175 504 276 539 χιτῶνα
287 503 361 538 αὐτῷ
375 503 487 538 κομίσαι
503 503 578 537 παρᾶ
597 503 715 538 Πέρσαις
732 502 899 537 ὑφασμένον,
915 501 962 528 καὶ

177 551 273 582 εἰπεῖν,
288 550 328 576 ὅτι
346 558 355 574 t
374 547 409 575 Ὦ
427 548 528 584 Πάτερ,
549 548 626 579 εἰδὼς
643 548 750 582 ἑκάστῳ
775 548 828 573 τῶν
859 547 964 582 ἀνί)ρὼ-

179 605 237 622 πων
251 594 299 632 τὴν
329 595 432 622 οἰκείαν
466 595 582 629 πατρίδα
618 595 754 628 γλυκεῖαν,
771 594 891 624 καὶτοὺς
906 594 964 619 ἐκεῖ

177 641 326 677 φυομένους
351 641 474 675 ἠδίστους
503 640 636 674 καρποὺς,
649 641 680 666 ἑκ
696 639 746 673 τῆς
770 638 899 673 πατρίδος
922 647 963 665 σοι

176 685 268 711 τοῦτον
296 685 432 719 κεκόμικα
444 685 489 711 τὸν
513 684 624 719 χιτῶνα,
655 683 702 709 καὶ
731 683 845 709 ἱκετεύω
867 691 895 709 σε
915 683 964 718 μὲν

176 731 269 758 τοῦτον
281 731 385 762 λαϐεῖν,
403 731 452 766 ἐμὲ
464 730 493 756 δὲ
508 730 557 764 τὴν
570 730 618 765 σὴν
633 729 758 763 εὐλογίαν
773 729 935 756 ἀντιλαϐεῖν.
951 738 960 754 ι

182 777 211 803 ’0
221 777 247 804 δὲ
264 776 371 812 πρῶτον
386 777 435 811 μὲν
456 775 549 802 τοῦτον
561 776 590 801 ἐν
605 774 644 810 τῷ
657 775 750 810 Ιεὶὲιθρῳ
778 774 864 801 θεῖναι
880 783 964 810 προσ-

176 822 270 854 έταξεν
283 830 290 838 ·
305 819 364 848 εἶτα
382 821 468 856 λόγων
479 821 581 856 ἑτέρων
597 821 698 856 μεταξὺ
716 821 880 856 γενομένων,
899 821 963 847 ἀθυ-

178 869 238 903 μεῖν
254 867 329 901 ἐλεγε
344 867 405 902 διχῆ
424 867 602 902 μεριζομένου
615 866 662 892 τοῦ
675 866 817 901 λογισμοῦ.
842 866 962 893 Ἐκείνου

1014 280 1192 308 Anthemium
1211 286 1302 308 autem
1321 281 1431 313 ferunt,
1452 282 1529 309 illum
1547 283 1592 317 qui
1615 289 1708 318 postea
1734 293 1802 319 prae-

1015 326 1104 353 fectus
1118 331 1144 354 et
1159 327 1256 354 consul
1270 326 1322 353 fuit
1332 346 1339 357 ,
1355 333 1417 354 cum
1431 335 1462 353 ex
1477 326 1589 354 Persica
1605 329 1740 363 legatione
1758 338 1802 356 re-

1014 371 1103 405 diret,
1122 372 1243 398 tttnicam
1262 372 1333 406 apud
1359 372 1458 399 Persis
1477 377 1633 399 contextam
1658 375 1697 401 illi
1723 380 1797 402 attu-

1015 418 1090 450 lisse,
1108 418 1281 453 dixisseque:
1298 427 1307 443 t
1324 418 1438 450 Sciens,
1459 421 1550 453 pater,
1570 419 1673 447 homini
1698 421 1798 454 cuique

1014 464 1123 491 dulcem
1138 471 1200 492 esse
1218 464 1334 499 patriam
1349 470 1426 490 suam
1437 483 1445 495 ,
1457 464 1733 499 jucundissimosque
1749 465 1802 493 fru-

1014 513 1075 536 ctus
1090 510 1135 544 qui
1153 509 1180 536 in
1198 517 1229 536 ea
1252 512 1417 540 nascuntur.
1440 517 1471 536 ex
1495 510 1585 544 patria
1610 514 1656 536 tua
1682 511 1801 538 tunicam

1015 555 1085 582 hanc
1103 555 1183 582 attuli
1202 555 1250 582 tibi
1266 564 1272 582 :
1291 562 1373 589 quam
1390 563 1439 580 oro
1457 561 1485 581 ut
1502 555 1641 588 accipias,
1659 560 1687 581 et
1707 563 1749 582 me
1765 556 1804 582 vi-

1014 599 1108 627 cissim
1124 596 1316 627 benedictione
1331 603 1376 626 tua
1393 599 1545 633 impertias.
1563 609 1571 624 ι
1588 599 1635 625 llle
1651 607 1716 626 vero
1733 599 1804 626 hanc

1015 645 1132 679 primunt
1152 644 1179 671 in
1195 644 1328 671 subsellio
1343 646 1351 655 '
1367 643 1507 678 deposuit.
1523 644 1628 671 Deinde
1643 644 1716 671 inter
1731 644 1802 671 alios

1014 697 1156 717 sermones
1168 710 1175 722 ,
1194 691 1256 726 angi
1275 698 1305 718 se
1322 694 1350 718 et
1366 690 1480 725 ancipiti
1500 690 1669 725 cogitatione
1688 690 1803 716 distrahi

1014 735 1094 761 dixit.
1111 734 1143 761 Et
1167 735 1215 761 illo
1239 742 1351 762 causam
1378 741 1509 770 rogante:
1528 744 1537 760 ι
1553 735 1802 765 Contubernalem.

1015 779 1116 813 inquit,
1132 779 1243 806 unicqu
1261 787 1370 813 semper
1385 779 1486 807 habere
1501 780 1646 812 constitui,
1663 779 1805 814 legemque

1015 825 1081 851 mihi
1099 824 1158 860 ipse
1176 825 1314 859 imposui,
1331 831 1360 851 ut
1388 825 1507 852 duorum
1535 832 1651 860 prorsus
1674 832 1803 859 respuant

1015 870 1238 898 contubernium.
1257 870 1382 897 Setlecim
1401 871 1484 906 igitur
1507 878 1595 898 annos
1617 878 1672 897 uno
1697 877 1804 898 mecum

176 914 204 941 δὲ
226 914 276 950 τὴν
299 914 388 941 αἰτίαν
419 913 580 948 πυθομένου,
602 922 610 938 ι
632 913 719 945 Ἕνα,
749 913 812 948 ἔφη,
841 912 964 939 σύνοικον

1017 918 1149 944 hactenus
1164 917 1303 944 habitante
1313 937 1321 949 ,
1336 924 1424 951 eoque
1440 917 1507 944 ntilti
1524 917 1685 952 gratissimo
1696 937 1703 950 ,
1719 923 1806 951 popu-

176 961 246 996 ἔχειν
276 960 385 995 εἱλόμην
405 959 458 991 ἀεὶ,
484 959 531 985 καὶ
548 959 630 994 νόμον
657 958 767 994 ἐμαυτῷ
791 958 963 984 τέθεικατῶν

175 1007 222 1034 δύο
250 1006 366 1041 πάμπαν
397 1004 548 1040 ἀρνηθῆναι
561 1005 591 1031 τὺ
609 1004 784 1030 συνοικέσιον.
801 1003 964 1031 Ἑκκαίδεκα

175 1052 262 1079 τοίνυν
282 1052 328 1088 ἔτη
353 1051 399 1086 μοί
418 1060 489 1082 τινος
513 1050 740 1086 συνοικήσαντος,
760 1050 807 1076 καὶ
825 1049 964 1085 θυμήρους

175 1098 261 1130 δντος,
289 1097 405 1132 ἀφίκετό
422 1105 463 1128 τις
479 1096 597 1130 φυλέτης
615 1096 687 1130 ἐμοὶ,
715 1097 847 1122 συνοικεῖν
867 1095 962 1128 θέλων,

175 1145 221 1171 καὶ
247 1143 342 1170 τούτου
375 1143 464 1178 τυχεῖν
483 1140 577 1174 ἀξιῶν.
604 1140 689 1168 Τοῦτό
717 1149 762 1176 μοι
791 1140 895 1176 μερίζει
918 1141 964 1167 τὸν

175 1190 237 1217 νοῦν
253 1199 260 1206 ·
278 1189 325 1216 δύο
339 1189 388 1224 μὶν
401 1188 455 1224 γὰρ
469 1188 540 1223 ἔχειν
552 1187 622 1214 κατὰ
633 1187 733 1214 ταυτὸν
748 1187 799 1214 οὐκ
811 1186 940 1222 ἀνέξομαι
954 1195 961 1201 ·

174 1236 218 1263 τὸν
225 1236 279 1271 γὰρ
289 1235 405 1271 φυλέτην
413 1234 450 1266 ὡς
462 1233 579 1269 φυλέτην
587 1234 757 1268 ἀσπάζομαι“
768 1233 814 1260 τὸν
829 1233 856 1260 δὲ
867 1233 964 1268 πρότε-

177 1289 222 1315 ρον
231 1281 268 1312 ὼς
281 1279 448 1314 καταθύμιόν
457 1287 501 1312 μοι
507 1278 687 1313 γεγενημένον
699 1278 823 1304 ἐκϐαλεῖν
831 1278 877 1304 καὶ
889 1279 965 1305 ἀνια-

177 1324 222 1360 ρδν
235 1323 354 1359 ἡγοῦμαι
364 1322 412 1350 καὶ
425 1323 525 1349 ἄδικον.
539 1331 549 1348 ι
572 1322 601 1348 ὐ
617 1322 655 1355 δὲ,
678 1332 686 1348 ι
699 1322 818 1354 Εἰκότως
829 1342 837 1355 ,
851 1323 902 1359 ἔφη
913 1343 920 1355 ,
942 1319 965 1349 ὦ

177 1370 277 1405 Πάτερ⁸
291 1368 351 1395 οὐδὲ
368 1368 422 1404 γὰρ
433 1368 516 1399 ὅσιον,
530 1368 575 1395 τὸν
591 1368 639 1402 μὲν
656 1367 831 1394 ὲπιπλεῖστον
850 1368 964 1404 τεθερα-

176 1415 298 1443 πευκότα
313 1414 418 1450 χρόνον,
439 1414 477 1446 ὡς
501 1414 551 1440 οὐκ
571 1413 723 1448 ἐπιτήδειον
737 1413 964 1449 ἀποπέμψασθαι,

176 1462 221 1489 τὸν
233 1462 261 1489 δὲ
274 1462 380 1489 οὐδέπω
395 1461 492 1493 πεῖραν
504 1460 559 1487 τῶν
570 1460 678 1486 οἰκείων
706 1459 843 1486 δεδωκότα
857 1460 965 1495 τρόπων

176 1510 219 1536 δίὰ
235 1508 318 1544 μόνην
334 1506 503 1540 εἰσδέξασθαι
525 1506 574 1542 τὴν
597 1506 725 1541 πατρίδα.
739 1516 748 1532 ι
766 1506 838 1542 Πρὸς
853 1506 940 1534 ταῦτα
951 1508 965 1534 ὁ

176 1556 246 1587 Θεῖος
265 1554 433 1590 Ἀφραατης,
452 1562 461 1578 t
475 1552 591 1582 Οὐκοῦν.
606 1552 682 1587 -ἐφη,
700 1549 723 1578 ὧ
749 1552 896 1588 Θαυμάσιε,
919 1553 964 1580 τὸν

177 1601 276 1636 χιτῶνα
284 1600 378 1627 τοῦτον
391 1599 422 1626 οὗ
438 1599 560 1635 λήψομαι
575 1607 582 1613 ·
595 1597 642 1624 δύο
668 1598 718 1633 μὲν
749 1598 803 1633 γὰρ
830 1598 903 1634 ἔχειν
916 1599 965 1625 οὐκ

177 1646 323 1681 ἀνέξομαι’
349 1645 433 1681 ἡδίων
448 1644 476 1671 at
492 1643 562 1670 κατὰ
591 1643 638 1678 τὴν
659 1643 741 1679 ἐμὴν,
765 1644 812 1670 καὶ
835 1644 966 1679 κρείττων

177 1691 247 1718 κατὰ
260 1691 308 1726 τὴν
321 1690 370 1726 σὴν
379 1691 469 1726 ψῆφον
485 1691 499 1716 ό
513 1689 642 1716 τοσοῦτόν
658 1698 703 1724 μοι
727 1689 888 1723 διακονήσεις
903 1689 966 1725 χρό-

177 1746 256 1763 vov.»
285 1735 364 1762 Οὕτω
389 1734 645 1770 κατασοφισάμενος
669 1734 715 1760 τὸν
737 1734 891 1769 ’Δνθέμιον,
919 1735 967 1762 καὶ

177 1783 269 1818 θαῦμα
279 1782 328 1817 τῆς
344 1781 485 1817 ἀγχινοίας
515 1780 709 1816 παρεσχηκὼς,
735 1780 828 1807 ἔπεισε
861 1781 964 1817 μηδένα

177 1829 269 1856 λοιπὸν
285 1828 358 1863 αὐτῷ
377 1828 441 1863 περὶ
457 1827 503 1853 τοῦ
519 1827 632 1862 χιτῶνος
653 1826 756 1853 ἐκείνου
775 1827 854 1861 λόγον
880 1836 964 1863 προσ-

178 1876 306 1909 ενεγκεῖν.
329 1874 400 1908 Ἐγὼ
414 1874 441 1900 δὲ
456 1873 542 1899 ταῦτα
561 1872 708 1907 διεξῆλθον.
722 1873 767 1899 δύο
782 1873 852 1900 κατὰ
867 1874 965 1900 ταυτὸν

178 1921 307 1954 ἐπιδεῖξαι
324 1919 495 1955 βουλόμενος,
510 1919 557 1945 καὶ
569 1919 610 1945 ὅτι
627 1919 693 1953 παρ’
715 1919 774 1950 ἐνὸς
795 1919 901 1955 ἐδέχετο
918 1920 965 1955 μό-

177 1976 223 1994 νου
244 1966 293 2001 τὴν
311 1964 475 2000 ἀποχρῶσαν
490 1964 528 1999 τῷ
541 1963 647 1999 σώματι
676 1963 835 1998 θεραπείαν,
861 1965 908 1991 καὶ
924 1965 964 1992 ὅτι

178 2011 312 2047 τοσαύτης
333 2009 367 2047 ἦν
391 2010 487 2045 σοφίας
515 2009 674 2042 ἀνάπλεως,
695 2009 732 2041 ὼς
756 2010 963 2046 παρασκευάσαι

178 2059 223 2086 τὸν
237 2058 390 2086 ἱκετεύοντα
402 2057 530 2090 δέξασθαι
546 2056 717 2092 ψηφίσασθαι
728 2057 758 2083 τὸ
773 2056 809 2092 μὴ
841 2057 980 2090 δέξασθαι.

179 2115 271 2142 σομαι.

219 2151 363 2180 Ἰουλιανοῠ
374 2151 421 2178 τοῦ
433 2151 579 2186 Θεομισοῦς
591 2151 668 2183 δίκας
680 2150 729 2185 τῆς
747 2151 873 2182 ἀσεϐείας
889 2152 917 2178 ὲν
931 2153 964 2187 τῇ

181 2199 310 2235 βαρϐάρῳ
322 2197 477 2230 δεδωκότος,
497 2197 590 2232 ὀλίγης
607 2197 655 2232 μὲν
672 2197 793 2233 γαλήνης
807 2197 966 2232 ἀπήλαυσαν

180 2247 228 2282 τῆς
238 2245 377 2276 εὐσεϐείας
393 2245 417 2271 oi
431 2244 568 2279 τρόφιμοι,
590 2242 726 2270 Ἰωϐιανοῦ
748 2243 802 2277 τῆς
824 2243 968 2277 Ῥωμαίων

181 2290 328 2326 ἡγεμονίας
356 2289 506 2325 δεξαμένου
530 2289 593 2320 τοὺς
610 2289 715 2320 οἴακας.
741 2288 850 2323 Ἐπειδὴ
869 2288 898 2315 δὲ
921 2289 968 2315 κα)⁸

179 2336 255 2370 οὗτος
272 2337 375 2372 βραχὺν
391 2336 486 2372 κομιδῇ
506 2335 668 2370 βασιλεύσας
684 2335 780 2370 χρόνον
802 2335 848 2361 τοῦ
868 2334 925 2368 βίου
938 2335 968 2360 τὸ

182 2384 267 2419 πέρας
285 2383 409 2416 ἐδέξατο,
429 2381 535 2417 Οὐάλης
559 2382 586 2408 δὲ
599 2382 650 2416 τῆς
666 2382 722 2407 Ἕω
745 2381 793 2417 τὴν
819 2381 967 2416 ἠγεμονίαν

181 2430 298 2463 ἐδέξατο,
318 2428 469 2463 καταιγίδες
490 2428 568 2455 πάλιν
585 2428 630 2454 καὶ
647 2427 756 2454 θύελλαι
772 2427 801 2454 τὸ
818 2427 879 2454 καθ’
895 2427 968 2462 ἡμᾶς

180 2475 354 2511 ἀνερρίπιζον
373 2475 500 2508 πέλαγος,
516 2474 563 2500 καὶ
574 2473 677 2500 κλύδων
692 2474 828 2508 ἐγήγερτο
838 2473 966 2508 χαλεπδς,

182 2522 227 2548 καὶ
253 2521 394 2556 τρικυμίαι
424 2519 556 2546 πάντοθεν
584 2518 623 2554 τῷ
650 2519 748 2553 σκάφει
773 2518 966 2553 προσέϐαλλον.

182 2566 376 2601 Χαλεπώτερον
403 2566 432 2592 δὲ
457 2566 502 2592 τὸν
521 2565 643 2600 χειμῶνα
669 2566 685 2599 ἡ
710 2564 764 2591 τῶν
792 2565 967 2600 κυϐερνητῶν

182 2613 283 2649 ἐρημία
298 2613 394 2640 ἐποίει.
414 2612 531 2644 Τούτους
547 2612 600 2647 γὰρ
615 2613 629 2638 ό
645 2611 715 2638 κατὰ
731 2611 814 2646 μόνης
825 2612 873 2646 τῆς
893 2611 969 2637 εὐσε-

182 2660 257 2692 ϐείας
270 2659 371 2694 θρασὺς
382 2659 507 2694 βασιλεὺς
517 2658 565 2694 τὴν
577 2658 724 2693 ὑπερορίαν
733 2659 817 2684 οἰκεῖν
833 2658 969 2693 κατηνάγ-

183 2706 260 2738 καζε.
278 2706 333 2732 Καὶ
351 2705 469 2740 τοσαύτῃ
495 2705 651 2740 παρανομίᾳ
679 2704 862 2739 χρησάμενος,
890 2704 968 2738 κόρον

182 2751 231 2786 τῆς
253 2751 411 2780 δυσσεϐείας
438 2751 489 2776 οὐκ
508 2750 661 2785 ἐλάμϐανε·
689 2749 755 2776 ἀλλὰ
780 2749 888 2775 πάντων
915 2749 968 2775 τῶν

184 2798 212 2824 εὖ
218 2797 302 2824 σεϐῶν
316 2797 460 2824 ὲσκεδάννυ
476 2796 520 2823 τὸν
531 2796 669 2830 σύλλογον,
687 2796 718 2830 οη
725 2796 768 2831 τίς
780 2796 857 2830 δίκην
873 2795 969 2830 ἀγρίου

183 2843 213 2869 τι
225 2843 348 2878 ποίμνιον
360 2843 559 2870 διασπάσασθαι
577 2843 745 2877 φιλονεικῶν.
762 2842 862 2868 Τούτου
879 2842 970 2868 εἵνεκα

186 2889 217 2914 σὺ
237 2889 316 2924 μόνον
332 2889 430 2919 αὐτοὺς
453 2888 561 2926 ἀπάτης
578 2889 723 2923 suum;
743 2889 881 2923 ξορα-ην,
903 2887 968 2913 ἀλλᾶ

1016 962 1083 990 laris
1098 970 1176 990 meus
1191 962 1259 989 alter
1272 961 1400 994 advenit,
1415 963 1461 997 qui
1478 962 1560 990 simul
1574 963 1699 990 habitare
1713 962 1804 996 cupit,

1015 1012 1043 1035 et
1059 1008 1111 1034 hoc
1128 1008 1181 1035 sibi
1191 1007 1305 1035 concedi
1320 1012 1407 1043 rogat.
1423 1008 1459 1034 Ea
1474 1015 1518 1035 res
1535 1011 1653 1035 mentem
1668 1007 1734 1034 ntibi
1749 1007 1806 1034 dis-

1015 1053 1101 1080 trahit
1122 1061 1129 1079 :
1153 1053 1224 1080 duos
1237 1053 1310 1080 enini
1327 1052 1408 1079 simul
1425 1052 1527 1080 habere
1539 1060 1593 1079 non
1607 1052 1706 1087 patiar.
1720 1051 1806 1085 Popu-

1016 1099 1101 1126 larem
1128 1105 1194 1126 sane
1221 1102 1251 1125 ut
1278 1099 1438 1133 popularem
1465 1098 1657 1133 complector:
1685 1098 1806 1132 priorcttt

1017 1153 1082 1172 vero
1094 1164 1101 1176 ,
1119 1149 1149 1171 ut
1165 1145 1211 1179 qui
1228 1144 1305 1172 cordi
1322 1145 1389 1171 ntihi
1407 1145 1515 1180 1178
1533 1144 1615 1171 fuerit
1626 1164 1634 1176 ,
1650 1144 1787 1179 expellere
1798 1165 1805 1174 .

1015 1195 1043 1218 et
1057 1199 1139 1226 grave
1153 1190 1277 1217 arbitror
1291 1194 1318 1217 et
1335 1189 1480 1225 injustutn.
1497 1200 1506 1216 ι
1520 1189 1598 1217 Tunc
1615 1191 1678 1217 ille:
1695 1199 1705 1215 ι
1723 1190 1806 1216 Meri—

1016 1240 1062 1269 to,
1079 1236 1134 1270 ait,
1150 1244 1167 1264 o
1185 1240 1263 1271 pater
1279 1245 1286 1263 :
1302 1243 1354 1264 nec
1371 1236 1444 1263 enim
1465 1236 1506 1264 fas
1523 1241 1577 1268 est,
1596 1236 1673 1263 illuni
1692 1236 1737 1270 qui
1756 1234 1806 1261 tibi

1015 1283 1147 1309 diuturno
1161 1286 1284 1317 tempore
1297 1281 1448 1309 famulatus
1461 1282 1515 1313 sit,
1532 1285 1664 1316 tanquam
1684 1281 1806 1315 ineptum

1016 1328 1182 1362 amandare,
1198 1335 1260 1356 eum
1276 1335 1340 1354 vero
1355 1327 1402 1362 qui
1418 1335 1524 1354 morum
1540 1334 1652 1354 sttorunt
1668 1325 1808 1360 specimen

1016 1375 1139 1402 nondum
1158 1374 1283 1406 dederit,
1299 1373 1385 1401 solius
1402 1373 1498 1408 patria:
1509 1373 1621 1400 nomine
1634 1371 1805 1398 admittere.»

1015 1420 1056 1447 Ad
1073 1421 1131 1448 haec
1149 1427 1217 1447 vero
1241 1419 1354 1446 divinus
1369 1418 1524 1453 Aphraates
1542 1427 1548 1445 :
1566 1427 1574 1444 ι
1593 1417 1726 1445 Tunicam
1743 1424 1808 1451 ergo

1018 1466 1116 1498 istam,
1131 1465 1173 1493 vir
1190 1472 1287 1500 magne
1298 1485 1305 1498 ,
1323 1472 1377 1492 non
1394 1464 1539 1499 accipiant.
1557 1463 1629 1490 Duas
1646 1470 1764 1497 namque
1780 1465 1810 1489 ut

1017 1512 1132 1540 habeam
1148 1511 1222 1539 ferre
1237 1519 1292 1539 non
1312 1519 1438 1546 possum.
1455 1510 1506 1538 Est
1529 1517 1594 1537 vero
1618 1517 1677 1536 mea
1698 1508 1808 1543 quidem

1017 1557 1152 1586 sententia
1179 1558 1295 1592 gratior,
1320 1564 1352 1584 ac
1378 1560 1425 1583 tua
1451 1556 1533 1584 etiam
1550 1556 1643 1592 potior
1665 1554 1727 1586 illa,
1747 1561 1810 1588 qua:

1017 1604 1101 1637 longo
1115 1602 1182 1629 mihi
1198 1606 1324 1637 tempore
1347 1602 1485 1630 inserviit.
1504 1611 1513 1627 ι
1537 1601 1605 1628 Cum
1630 1599 1808 1627 Anthemium

1018 1650 1069 1676 hac
1086 1648 1193 1684 argutia
1209 1648 1395 1676 conclusisset
1408 1668 1415 1680 ,
1435 1648 1611 1682 solertiaaque
1635 1654 1693 1674 sua:
1712 1646 1738 1672 itt
1761 1645 1810 1671 ad-

1018 1695 1192 1722 mirationem
1219 1694 1385 1725 excitasset,
1412 1701 1445 1721 eo
1472 1693 1578 1728 adt-git,
1607 1695 1636 1719 ut
1659 1692 1692 1719 de
1717 1691 1808 1718 tunica

1017 1740 1132 1767 verbum
1156 1740 1277 1775 amplius
1303 1740 1409 1766 nullum
1438 1739 1550 1766 faceret.
1578 1738 1634 1773 ligo
1660 1745 1727 1764 vero
1753 1736 1810 1763 Itaac

1019 1785 1081 1813 ideo
1097 1785 1329 1818 commemoravi,
1348 1785 1402 1812 duo
1418 1789 1447 1811 ιιι
1463 1785 1558 1812 eadem
1576 1791 1661 1819 opera
1678 1783 1810 1810 ostende-

1018 1839 1076 1858 rem
1091 1841 1098 1857 :
1115 1831 1188 1866 quod
1206 1831 1289 1858 unius
1304 1834 1409 1858 tantum
1424 1838 1506 1865 opera
1523 1831 1549 1856 in
1573 1829 1730 1856 necessario
1747 1835 1810 1855 cor-

1018 1877 1093 1910 poris
1109 1876 1242 1911 obscquio
1258 1884 1327 1904 usus
1344 1877 1396 1909 sit,
1412 1876 1542 1911 quodque
1558 1883 1590 1903 ea
1607 1875 1740 1910 praeditus
1764 1880 1810 1900 sa-

1018 1922 1121 1957 pientia
1137 1921 1241 1955 fuerit,
1260 1927 1289 1949 ut
1306 1930 1369 1949 eum
1386 1922 1432 1956 qui
1463 1921 1577 1956 rogabat
1602 1927 1632 1947 ut
1657 1920 1809 1954 acciperet,

1018 1975 1052 1994 ne
1068 1967 1205 2002 aeciperet
1220 1967 1357 1995 sententia
1383 1974 1433 1994 sua
1453 1966 1570 1994 deﬁnire
1594 1965 1727 2001 coegerit.
1757 1962 1810 1990 Sed

1019 2013 1062 2040 Itis
1077 2014 1198 2045 omissis,
1214 2013 1318 2048 majora
1332 2017 1494 2040 ttarraturus
1508 2021 1579 2040 sum.

1007 2058 1087 2085 Ἀλλὰ
1113 2059 1146 2086 τὰ
1178 2059 1290 2086 τοιαῦτα
1317 2059 1486 2091 καταλιπὼν,
1510 2058 1545 2085 τὰ
1573 2058 1685 2094 μείζονα
1713 2055 1812 2092 διηγή-

1056 2151 1204 2186 Postquam
1223 2152 1278 2178 Deo
1309 2151 1416 2178 invisus
1434 2149 1560 2177 Julianus
1578 2149 1728 2184 impietatis
1755 2156 1813 2176 suae

1021 2198 1047 2225 in
1064 2198 1123 2225 solo
1141 2197 1286 2225 barbarico
1303 2204 1399 2232 pronas
1414 2197 1499 2228 dedit,
1522 2196 1733 2230 tranquilliores
1758 2195 1812 2222 ali-

979 2233 1130 2280 unando
1158 2243 1270 2278 pietatis
1298 2243 1473 2270 alttntnorum
1506 2250 1551 2270 res
1583 2242 1668 2273 fuere,
1695 2240 1814 2268 Joviano

1023 2290 1129 2325 imperii
1142 2289 1256 2317 Romani
1269 2288 1390 2316 habenas
1405 2288 1574 2316 moderante.
1586 2287 1735 2319 Postquam
1751 2294 1814 2313 vero

1024 2337 1047 2363 is
1063 2337 1145 2364 etiam
1167 2338 1228 2370 post
1243 2334 1338 2368 exigui
1352 2334 1485 2369 tetnporis
1499 2333 1684 2368 principatum
1699 2332 1752 2358 vita
1768 2339 1814 2358 ex-

1023 2382 1116 2413 cessit,
1135 2385 1162 2409 et
1182 2380 1280 2407 Valens
1295 2379 1418 2407 Orientis
1447 2378 1593 2414 imperiunt
1611 2382 1655 2405 est
1685 2376 1812 2411 adeptus,

1024 2428 1149 2463 procellae
1162 2428 1260 2454 iterum
1272 2431 1300 2455 et
1309 2431 1346 2454 tun
1355 2427 1434 2454 bines
1444 2430 1587 2453 ventorum
1601 2430 1675 2450 mare
1688 2427 1813 2450 nostrum

1025 2473 1174 2509 agitarunt.
1199 2477 1403 2507 tempestasque
1417 2475 1477 2498 orta
1497 2475 1537 2498 est
1565 2468 1738 2504 gravissima,
1753 2474 1814 2501 qua:

1025 2519 1186 2546 decumanis
1203 2517 1333 2545 ﬂuctibus
1349 2516 1480 2551 scapham
1501 2514 1658 2550 impelebat.
1689 2512 1806 2547 Tempe.

1026 2567 1107 2594 statis
1127 2573 1210 2600 porro
1225 2564 1401 2592 acerbitatem
1419 2563 1535 2598 augebat
1551 2561 1662 2597 penuria
1677 2560 1814 2594 guberna-

1025 2618 1126 2644 torum,
1145 2618 1217 2646 quos
1234 2611 1260 2637 itt
1277 2610 1377 2637 exsilio
1405 2608 1547 2636 detinebat
1562 2607 1613 2635 soli
1630 2606 1726 2641 pietati
1744 2605 1813 2632 inie-

1024 2665 1082 2686 stus
1108 2659 1265 2692 imperator.
1295 2655 1385 2690 Neque
1402 2655 1477 2681 illum
1510 2658 1570 2688 post
1592 2657 1698 2679 tanttttn
1724 2650 1815 2678 scelus

1024 2705 1172 2739 ίιιψὶίιιιιιὶε
1190 2705 1197 2713 ”
1215 2702 1331 2730 satietas
1347 2701 1482 2735 capiebat,
1498 2697 1606 2734 1179
1626 2697 1673 2725 sed
1688 2696 1811 2724 omnium

1025 2751 1129 2785 piorum
1165 2754 1263 2776 C(elltttt
1286 2747 1424 2778 divellere,
1440 2751 1466 2773 et
1477 2746 1594 2780 agrestis
1631 2742 1695 2769 ferte
1721 2743 1809 2769 instar

1025 2804 1132 2831 gregem
1151 2794 1286 2829 dissipare
1313 2792 1474 2820 conabatur.
1506 2790 1598 2823 Quare
1619 2789 1681 2816 illos
1698 2796 1751 2815 non
1777 2794 1810 2813 ex

1024 2842 1153 2869 omnibus
1184 2841 1272 2868 solum
1297 2837 1425 2866 ecclesiis
1446 2836 1562 2872 expulit,
1598 2842 1693 2861 verum
1725 2833 1807 2859 etiam

1025 2895 1056 2914 cx
1087 2886 1153 2922 pede
1172 2885 1272 2912 montis
1296 2889 1319 2911 et
1338 2892 1367 2911 rx
1386 2883 1443 2918 ripa
1463 2881 1601 2914 ﬂuminis,
1626 2885 1651 2906 rt
1664 2888 1695 2908 ct
1717 2878 1815 2906 hcilico
