2036 3122
233 184 297 217 1371

722 179 965 212 Ti-IEODOBETI
980 179 1148 209 EPISCOPI
1163 179 1344 210 CYRENSIS

1788 175 1856 207 1372

231 242 382 279 gymnasio.
403 241 500 268 Omnia
531 239 604 267 enim
630 239 686 266 haec
716 239 775 265 loca
793 238 1012 264 vicissiuiiuuta-

1079 236 1110 261 ιαὶ
1128 236 1159 261 ἐκ
1169 235 1217 270 τῆς
1229 235 1376 271 ὑπωρείας,
1391 235 1439 260 καὶ
1454 235 1485 260 ἐκ
1498 234 1548 269 τῆς
1561 234 1642 269 ὄχθης
1657 233 1704 261 τοῦ
1716 234 1855 268 ποταμοί,

232 294 384 321 ruut,euin
413 290 517 313 armata
540 285 602 312 illos
632 292 730 311 manus
757 284 948 311 insectaretur.
978 283 1016 310 Ac

233 335 341 371 Scythae
353 333 474 368 quidem,
497 332 600 370 aliique
619 331 738 362 barbari,
751 330 894 357 Thraciam
908 331 1017 356 univer-

233 390 290 408 sam
304 381 339 408 ab
350 381 420 408 lstro
434 379 546 406 ﬂumine
559 380 592 405 ad
605 377 798 412 Propontidem
812 377 1018 411 usqueimpune

234 426 435 463 populabantur
453 435 460 452 :
478 425 521 452 hic
542 431 606 452 vero
621 431 670 451 nec
690 423 814 455 arrectis,
833 421 907 457 quod
932 422 1018 453 aiunt,

234 474 346 501 auribus
368 473 425 500 hac
447 473 541 499 audire
561 471 712 501 sustinens,
731 469 759 496 iu
783 469 857 496 solos
874 468 1020 503 populares

234 527 300 548 suos
314 525 340 547 et
352 519 487 550 subditos,
503 523 530 545 et
547 517 677 552 religione
692 516 794 546 claros,
815 522 891 541 arma
905 520 1019 541 conver-

235 566 319 593 tebat.
352 565 465 592 Divinus
493 570 582 591 autem
599 564 716 598 populus
747 562 881 589 malorum
909 561 1019 588 illorum

236 611 469 646 importunitatem
486 611 632 644 deplorans
650 608 806 635 Davidicuin
828 615 939 634 carmen
956 614 1021 634 con-

235 657 344 683 cinebat
359 665 367 683 :
391 665 400 682 ι
414 655 453 682 Ad
471 655 582 682 [lumina
607 653 765 689 Babylonis,
783 653 841 679 illic
857 652 980 679 sedimus
994 655 1021 678 et

199 711 202 717 ’
235 702 370 733 ﬂet-iuius.
389 703 453 729 dum
468 701 679 730 recordaremur
696 699 790 727 Sionis
801 704 814 718 π
826 700 838 726 ?
852 709 861 725 i
882 698 936 726 Sed
957 698 1021 726 reli-

199 747 202 754 “
235 756 289 782 qua
314 748 413 775 cantici
427 747 540 774 minime
554 747 608 773 illis
621 745 831 773 conveniebant.
844 743 936 779 Neque
948 743 1020 770 enini

238 794 421 828 permlseruut
437 793 598 827 Apiiraates,
620 795 646 819 et
659 790 819 822 Flavianus,
830 794 857 817 et
872 789 1021 819 Diodorus,

238 840 310 866 utin
336 838 467 866 salicibus
496 837 733 872 suspenderentur
753 844 856 871 organa
880 836 1021 867 doctrinae,

237 892 286 912 nec
301 885 371 911 l’erre
393 888 541 919 potuerunt
559 888 588 910 ut
603 883 728 910 dicerent
744 892 750 910 :
775 892 784 908 ι
796 882 940 915 Quomodo
955 889 1018 908 can-

237 929 356 956 tabimus
371 929 509 955 canticum
524 927 630 954 Domitii
642 928 668 954 iii
687 932 758 954 terra
777 926 903 954 aliena"!
914 936 922 951 i
936 925 988 953 Sed
996 929 1023 952 et

237 975 267 1001 in
281 974 432 1005 montibus,
446 978 474 1002 et
488 974 515 1000 in
533 973 648 1008 campis,
665 977 694 1000 et
710 973 738 1000 iii
752 973 829 1004 urbe,
846 977 872 999 et
882 972 908 999 in
920 973 1023 999 subur-

236 1020 326 1051 banis,
344 1019 412 1046 etin
431 1019 559 1046 domibus
577 1023 604 1045 et
620 1019 647 1045 in
667 1018 736 1046 foris
754 1019 891 1045 canticum
914 1017 1024 1045 Domini

235 1066 346 1093 assidue
358 1065 550 1093 decantabaut.
570 1064 699 1092 ADavide
716 1072 832 1100 namque
848 1064 1000 1092 didicerant
1015 1074 1022 1092 :

242 1123 251 1138 ι
267 1112 372 1139 Domini
390 1116 432 1139 est
451 1116 535 1144 terra,
554 1116 580 1139 et
601 1111 741 1146 plenitudo
765 1111 826 1146 ejus
843 1121 850 1139 :
877 1112 954 1139 orbis
969 1116 1025 1139 ter-

239 1165 344 1189 rarum,
368 1161 394 1184 et
416 1165 511 1184 omnes
526 1157 572 1192 qui
595 1157 754 1195 habitantia
764 1164 797 1184 eo
812 1158 854 1183 ι.)
874 1157 1026 1184 Audierant

239 1211 338 1230 rursus
369 1203 496 1230 eumdem
518 1202 715 1230 vaticinantem
735 1211 742 1229 :
765 1202 944 1230 «Benedicite
972 1202 1026 1229 Do-

237 1250 322 1286 uiiuo,
333 1249 426 1275 omnia
440 1256 524 1282 opera
538 1248 609 1284 ejus,
623 1248 648 1274 in
666 1248 739 1275 omni
754 1248 813 1275 loco
822 1248 1024 1276 dominationis

238 1295 299 1328 ejus
309 1300 332 1321 ιι.
350 1303 358 1320 i
380 1294 532 1321 Audierant
549 1299 576 1322 et
591 1295 714 1321 divinum
727 1295 841 1321 Paulum
863 1295 1027 1329 praecipien-

237 1346 292 1368 tem
314 1349 321 1366 τ
340 1349 349 1366 ι
364 1340 445 1367 Viros
458 1348 537 1367 orare
557 1340 584 1367 in
602 1341 676 1367 omni
705 1341 775 1372 loco,
800 1341 922 1368 levantes
942 1348 1026 1375 puras

241 1393 348 1417 manus,
363 1386 424 1414 sine
445 1388 486 1414 ira
497 1390 524 1414 et
537 1386 787 1422 disceptationc'.i
805 1387 913 1422 1180
929 1386 982 1414 Sed
999 1391 1027 1415 et

241 1432 373 1459 Dominus
383 1433 441 1468 ipse
451 1433 652 1460 Samaritanam
665 1433 809 1468 alloquens
819 1434 844 1460 id
855 1435 942 1468 ipsum
952 1442 1029 1469 aper-

239 1480 295 1506 tins
307 1479 451 1514 praedixit:
469 1479 593 1511 «Mulier,
611 1480 692 1507 crede
707 1480 848 1513 mlhiquia
861 1481 1025 1514 venithora,

239 1524 350 1559 quando
357 1533 444 1560 neque
454 1525 480 1551 in
491 1525 542 1552 hoc
550 1525 620 1557 loco,
629 1526 751 1560 nequein
761 1525 968 1561 Hierosolymis,
978 1526 1026 1553 sed

1068 282 1114 308 καὶ
1131 282 1162 307 ἐκ
1172 281 1217 307 τοῦ
1234 280 1381 315 πολεμικοῦ
1393 281 1554 315 γυμνασίου.
1569 279 1662 306 Ταῦτα
1676 280 1732 314 γὰρ
1746 280 1856 306 ἅπαντα

1068 326 1228 361 ἀμείόοντες
1240 325 1393 353 διετέλεσαν
1409 325 1442 352 τὰ
1459 325 1556 360 χωρία,
1577 325 1626 360 τῆς
1641 324 1786 359 ὁπλιτικῆς
1801 334 1859 359 χει-

1070 373 1116 408 ρὸς
1141 373 1283 406 γενόμενοι
1310 372 1458 407 πάρεργον.
1490 372 1545 398 Καὶ
1557 371 1659 397 Σκύθαι
1678 371 1737 405 μὲν,
1767 371 1815 397 καὶ
1833 371 1858 396 οἱ

1069 417 1142 444 ἄλλοι
1160 417 1301 452 βάρϐαροι,
1313 417 1361 452 τὴν
1374 417 1484 452 Θρᾴκην
1496 417 1604 443 ἃπασαν
1618 416 1672 442 ἀπὸ
1684 415 1733 442 τοῦ
1749 416 1858 448 Ἴστρον

1071 463 1152 498 μέχρι
1166 462 1216 497 τῆς
1240 462 1420 498 Προποντίδος
1439 461 1525 492 ἀδεῶς
1548 460 1701 496 ἐληΐζοντο·
1721 461 1734 486 ὁ
1752 459 1782 486 δὲ
1797 460 1860 485 τού-

1069 517 1123 535 των
1140 509 1189 543 μὲν
1200 508 1259 535 οὐδὲ
1275 509 1324 543 τὴν
1334 507 1418 543 ἀκοὴν
1432 507 1532 534 ὲπῶσι
1541 508 1597 537 τοῖς
1612 506 1674 537 ὠσὶ,
1689 505 1719 532 τὸ
1730 506 1762 541 δὴ
1778 505 1860 539 λεγό-

1073 563 1162 591 μενον,
1181 554 1297 589 ἠδύνατο
1319 553 1464 589 δέχεσθαι,
1482 553 1552 580 κατὰ
1577 553 1605 579 δὲ
1622 553 1675 579 τῶν
1700 551 1858 587 ὀμοφῠλων,

1073 600 1121 626 καὶ
1138 600 1276 634 ὑπηκόων,
1307 600 1354 626 καὶ
1379 599 1504 635 εὐσεϐείᾳ
1529 598 1775 634 λαμπρυνομένων,
1804 598 1860 627 τοῖς

1071 644 1163 675 ὅπλοις
1179 645 1322 679 ἐκέχρητο.
1345 644 1373 671 '0
1391 644 1420 671 δὲ
1434 644 1505 675 θεῖος
1518 643 1597 675 λεὼς,
1611 643 1666 670 τῶν
1680 642 1774 669 κακῶν
1786 641 1860 668 ὲκεί-

1078 698 1130 716 νων
1145 690 1195 725 τὴν
1211 690 1316 725 ἀωρίαν
1332 690 1541 725 ὀλοφυρόμενος,
1559 690 1609 724 τὴν
1624 688 1770 723 Δαυϊτικὴν
1789 687 1862 712 ὲκεί-

1073 744 1121 770 νην
1141 735 1252 770 ἔψαλλεν
1263 736 1334 771 ᾠδήν
1345 744 1351 750 ”
1375 745 1383 762 ι
1407 735 1469 762 Ἐπὶ
1484 735 1538 762 τῶν
1554 734 1686 770 ποταμῶν
1700 733 1862 763 Βαὸυλῶνος

1073 780 1320 816 ὲκεῖὲκαθίσαμεν,
1340 781 1386 807 καὶ
1401 781 1584 815 ὲκλαύσαμεν,
1601 781 1631 806 ὲν
1652 779 1691 814 τῷ
1710 779 1862 815 μνησθῆναι

1074 827 1148 861 ἡμᾶς
1160 827 1210 862 τῆς
1225 828 1305 854 Σιών.
1318 837 1327 853 i
1340 827 1380 853 Τὰ
1389 827 1417 854 δὲ
1432 827 1512 853 λοιπὰ
1521 827 1571 861 τῆς
1585 826 1657 862 ᾠδῆς
1668 825 1759 852 οὐκέτι
1771 824 1864 855 αὐτοῖς

1076 873 1191 908 ἁρμόδια
1209 871 1243 908 ἦν
1256 882 1263 888 ·
1277 874 1307 900 οὺ
1319 873 1371 908 γὰρ
1384 873 1474 900 εἴασεν
1491 873 1646 908 Ἀρραὰτης
1657 893 1665 904 ,
1680 872 1728 898 καὶ
1743 870 1863 897 Φλαεια-

1077 919 1130 952 νὸς,
1147 919 1195 946 καὶ
1216 919 1358 954 Διόδωρος,
1374 919 1419 945 ἐπὶ
1443 919 1502 950 ταῖς
1523 918 1609 949 ἰτέαις
1625 915 1817 952 κρεμασθῆναι
1830 915 1865 942 τὰ

1075 965 1178 1000 ὖργανα
1190 966 1238 1000 τῆς
1251 965 1432 997 διδασκαλίας,
1444 965 1504 992 οὐδὲ
1514 965 1600 990 εἰπεῖν
1611 963 1765 999 ἠνέσχοντο·
1779 971 1788 987 Ι
1802 961 1864 993 Πῶς

1075 1010 1175 1046 ᾇσομεν
1191 1011 1239 1045 τὴν
1251 1010 1322 1045 ᾠδὴν
1337 1010 1438 1045 Κυρίου
1460 1009 1506 1036 ἐπὶ
1523 1009 1573 1044 γῆς
1591 1006 1752 1043 ἀλλοτρίας;
1769 1017 1779 1031 i
1796 1006 1866 1032 ἀλλὰ

1075 1058 1121 1084 καὶ
1133 1059 1162 1083 ὲν
1185 1057 1270 1091 ὄρεσι,
1289 1057 1336 1083 καὶ
1359 1057 1388 1082 ὲν
1408 1056 1519 1088 πεδίοις,
1538 1056 1584 1082 καὶ
1602 1057 1630 1081 ἐν
1657 1054 1746 1084 ἄστει,
1764 1052 1812 1079 καὶ
1836 1053 1864 1078 ἐν

1076 1102 1258 1137 προαστείοις,
1271 1102 1318 1128 καὶ
1334 1103 1362 1128 ὲν
1374 1102 1483 1133 οἰκίαις,
1501 1102 1548 1128 καὶ
1564 1102 1593 1128 ὲν
1611 1101 1724 1135 ἀγοραῖς
1744 1097 1809 1135 ᾖδον
1824 1098 1865 1124 δι-

1075 1148 1181 1184 ηνεκῶς
1197 1148 1246 1183 τὴν
1255 1148 1325 1183 ᾠδὴν
1343 1147 1455 1184 Κυρίου.
1470 1147 1590 1182 Ἐμαθον
1599 1147 1653 1181 γὰρ
1665 1146 1742 1182 παρὰ
1755 1145 1803 1172 τοῦ
1814 1146 1866 1172 Δα-

1076 1195 1129 1226 6ἱδ,
1141 1195 1182 1221 ὅτι
1194 1205 1202 1220 ι
1214 1194 1267 1221 Τοῦ
1283 1194 1422 1229 Κυρίου,ή
1435 1194 1480 1229 γῆ,
1491 1194 1537 1220 καὶ
1549 1193 1578 1219 τδ
1589 1193 1726 1228 πλήρωμα
1741 1192 1836 1226 αὐτῆς,
1848 1193 1865 1226 ἡ

1076 1240 1221 1275 οἰκουμένη
1235 1260 1242 1272 ,
1259 1241 1305 1266 καὶ
1317 1239 1418 1270 πάντες
1448 1239 1472 1265 οἱ
1489 1238 1680 1269 κατοικοῦντες
1704 1238 1734 1264 ὲν
1754 1238 1834 1272 αὐτῇ.
1852 1246 1862 1262 ι

1077 1286 1219 1312 ’Ἤκουσαν
1251 1285 1331 1312 πάλιν
1359 1284 1406 1311 τοῦ
1435 1283 1516 1311 αὑτοῦ
1549 1284 1690 1318 προφήτου
1720 1282 1866 1316 λέγοντος·

1081 1339 1090 1356 t
1113 1330 1253 1362 Εὑλογέῖτε
1269 1330 1313 1356 τὸν
1335 1329 1448 1364 Κύριον,
1464 1328 1552 1355 πάντα
1566 1328 1600 1354 τὰ
1625 1328 1692 1363 ἔργα
1717 1326 1814 1358 αὑτοῦ,
1838 1327 1866 1352 ἑν

1079 1376 1159 1402 παντὶ
1177 1375 1251 1410 τόπῳ
1267 1375 1316 1410 τῆς
1331 1374 1489 1405 δεσποτείας
1508 1373 1600 1401 αὐτοῦ.
1619 1382 1628 1398 i
1654 1373 1795 1400 Ἤκουσαν
1819 1372 1866 1398 καὶ

1078 1422 1125 1449 τοῦ
1148 1421 1293 1448 θεσπεσίου
1317 1421 1527 1456 παρεγγυῶντος
1548 1419 1670 1446 Παύλου·
1687 1429 1696 1445 ‹
1714 1417 1868 1453 Προσεύχε-

1080 1469 1142 1496 σθαι
1163 1467 1227 1498 τοὺς
1247 1467 1346 1502 ἄνδρας
1369 1468 1397 1493 ὲν
1410 1466 1490 1492 παντὶ
1506 1465 1590 1500 τόπῳ,
1611 1464 1775 1500 ἐπαίροντας
1791 1463 1869 1495 ὁσίας

1080 1517 1174 1551 χεῖρας
1189 1515 1273 1550 χωρὶς
1287 1513 1371 1549 ὀργῆς
1388 1513 1434 1540 καὶ
1444 1511 1636 1547 διαλογισμῶν.
1655 1521 1664 1537 ι
1680 1511 1734 1537 Καὶ
1749 1509 1830 1541 αὐτὸς
1839 1510 1869 1537 δὲ

241 1557 268 1597 in
281 1571 356 1597 oiiiui
367 1557 428 1598 loco
437 1571 592 1598 adorabunt
603 1557 710 1599 Patrem
723 1576 744 1598 ι.
754 1582 763 1598 i
781 1571 842 1599 [huc
852 1557 1026 1608 illi-percepta

1082 1564 1095 1589 ὁ
1110 1562 1258 1597 Δεσπότης,
1278 1561 1346 1596 πρὸς
1361 1560 1411 1595 τὴν
1431 1560 1595 1594 Σαμαρεῖτιν
1609 1557 1812 1592 διαλεγόμενος,
1822 1565 1871 1583 σα-

241 1622 302 1641 cuni
314 1614 455 1647 haberent,
465 1621 491 1642 et
503 1616 576 1642 domi
589 1620 616 1643 et
627 1616 705 1649 foris,
717 1623 797 1652 atque
808 1623 836 1644 ut
847 1618 964 1652 apostoli
973 1625 1029 1644 ver-

242 1659 284 1687 bis
296 1664 365 1693 utar,
379 1670 387 1685 ι
396 1660 503 1695 publice
510 1665 537 1688 et
551 1670 599 1696 per
607 1662 704 1690 domus
715 1667 744 1687 1»
757 1662 898 1690 testiﬁcari
909 1671 962 1690 non
973 1671 1032 1690 ces-

244 1705 352 1737 sabant,
372 1708 662 1741 priestautissiinoruiii
682 1708 770 1735 instar
788 1708 902 1740 dueum,
920 1714 947 1737 et
965 1717 1030 1737 suos

243 1753 394 1784 armanles,
409 1757 436 1779 et
451 1753 623 1782 adversarios
642 1755 840 1782 eonfodienles.
854 1755 931 1788 Quod
949 1757 1032 1791 igitur

245 1798 300 1825 haec
313 1806 374 1833 qum
383 1799 438 1825 dixi
449 1800 627 1834 praestiterint
637 1808 751 1836 magnus
764 1801 910 1829 Flavianus
921 1807 948 1830 et
963 1803 1033 1830 divi-

243 1851 295 1870 nus
307 1843 453 1875 Diodorus,
466 1845 511 1878 qui
526 1845 578 1872 sub
586 1845 638 1871 alio
652 1853 759 1880 gregem
773 1846 932 1880 pascebant,
949 1851 976 1874 et
987 1855 1031 1875 se-

243 1888 337 1915 cunda:
347 1888 485 1916 cathedras
502 1889 634 1916 honorem
651 1891 789 1925 geri-bant,
802 1893 993 1919 admirandum
1006 1893 1032 1920 id

244 1941 310 1960 sane
318 1941 349 1961 ac
360 1934 439 1962 laude
449 1935 558 1969 dignum
572 1944 578 1961 :
593 1935 639 1962 sed
651 1940 740 1963 tamen
750 1937 816 1964 ‘hoe
825 1938 940 1974 agebant
950 1939 1034 1966 duces

243 1978 352 2010 delecti,
364 1978 632 2014 ducumquclegibus
642 1981 767 2015 obnoxii;
779 1987 805 2009 at
814 1983 1034 2018 sapientissimus

243 2026 261 2050 Α
269 2024 397 2059 pliraates
411 2033 460 2052 sua
472 2030 569 2060 sponte
584 2027 611 2053 in
626 2026 683 2053 haec
698 2029 848 2056 certamina
862 2031 990 2064 prosiliit.
1006 2032 1034 2059 lu

244 2070 472 2105 quietesiquidem
480 2071 686 2103 educatus,cuui
695 2074 827 2108 privatam
836 2076 906 2110 apud
915 2084 944 2104 se
953 2079 1036 2105 vitam

245 2116 418 2148 instituisset,
442 2124 474 2143 ac
489 2117 545 2149 teli,
559 2118 630 2151 quod
645 2118 732 2150 aiunt,
742 2125 818 2146 extra
835 2121 938 2154 jactuni
952 2127 1035 2156 esset,

247 2163 308 2190 uelli
326 2163 496 2190 atrocitatem
515 2164 705 2197 considerans,
733 2166 870 2200 propriam
889 2169 1026 2196 securita-

247 2217 302 2236 reni
318 2210 491 2244 contempsit,
518 2210 658 2245 quietique
676 2211 709 2238 ad
736 2215 843 2247 tempus
867 2214 1032 2246 valedieeus,

247 2255 351 2289 piorum
369 2255 497 2290 phalangi
513 2257 727 2291 antesignanum
742 2265 771 2283 se
781 2258 906 2293 praebuit,
923 2260 1034 2295 vitaque

246 2305 271 2327 ct
284 2301 373 2327 verbis
387 2308 420 2328 ac
436 2302 575 2328 miraculis
588 2301 700 2334 feriens,
715 2304 869 2339 cwsusipse
892 2314 1032 2341 nunquam

246 2351 298 2373 νει.
318 2347 394 2373 Illum
412 2355 489 2381 ergo,
504 2354 566 2374 cum
582 2348 615 2374 ad
632 2348 759 2376 bellicum
778 2353 953 2385 gymnasium
969 2353 1031 2386 iret,

247 2392 423 2426 conspicatus
454 2393 604 2426 aliquando
638 2394 717 2428 plane
741 2395 853 2424 di‘lllEllS
884 2398 1034 2433 imperator

249 2437 295 2471 tibi
307 2439 378 2464 enim
392 2441 449 2464 tum
462 2438 533 2465 forte
544 2437 690 2467 Trinitatis
704 2440 826 2469 c‘ultores
836 2450 1032 2478 convenerant,

248 2492 274 2515 et
288 2488 364 2515 illuni
380 2487 517 2522 quispiam
539 2486 571 2513 ad
602 2487 689 2522 ripam
707 2487 828 2516 ﬂuminis
846 2490 1033 2518 ambulantem

248 2534 408 2568 imperatori
435 2534 595 2560 ostenderat
616 2534 637 2569 ),
654 2535 834 2570 interrogavit
849 2544 967 2571 quonam
997 2537 1036 2564 ire

250 2579 402 2606 festinaret.
421 2580 524 2614 1181
542 2579 666 2615 Cumque
682 2581 721 2609 ire
745 2590 773 2609 se
791 2583 987 2617 respondisset,
1007 2587 1035 2610 ιιι

288 2692 298 2706 τ
311 2687 380 2713 l’sal,
395 2689 525 2719 mum!
562 2687 572 2700 ³

251 2728 262 2747 ."
290 2724 348 2748 Art.
369 2731 412 2754 μ,
429 2725 474 2749 :50.

606 2690 671 2717 ibid.
687 2691 714 2717 «ί.
774 2691 782 2708 ί
805 2691 876 2718 i'sal.
905 2700 982 2725 uin,
999 2694 1021 2719 I.

1081 1608 1212 1642 φέστερον
1227 1606 1304 1632 τοῦτο
1317 1605 1497 1640 προείρηκεν·
1511 1613 1520 1629 ε
1539 1602 1624 1638 Ἀμὴν
1634 1604 1698 1638 γὰρ,
1717 1603 1781 1636 ἔφη,
1799 1602 1873 1635 λέγω

1083 1663 1133 1685 σοι,
1148 1653 1238 1687 γύναι,
1254 1652 1294 1679 ὃτι
1312 1651 1422 1687 ἔρχεται
1437 1649 1506 1686 ὥρα,
1524 1650 1571 1676 καὶ
1587 1649 1634 1676 νῦν
1650 1650 1735 1679 ἐστιν,
1750 1649 1795 1675 ὅτε
1809 1647 1870 1674 οὗτε

1082 1700 1110 1726 ὲν
1130 1699 1169 1734 τῷ
1191 1698 1266 1734 τόπῳ
1290 1697 1376 1732 τούτῳ
1388 1718 1395 1729 ,
1413 1695 1474 1723 οὔτε
1499 1696 1527 1722 ὲν
1547 1694 1756 1730 Ἱεροσολύμοις,
1772 1693 1831 1720 ἀλλ’
1843 1694 1870 1718 ἐν

1084 1746 1166 1772 παντὶ
1181 1745 1257 1779 τόπῳ
1273 1744 1490 1779 προσκυνήσουσι
1511 1741 1548 1776 τῷ
1565 1741 1660 1776 Πατρί.
1681 1750 1690 1767 i
1710 1740 1806 1766 Ταῦτα
1823 1748 1871 1766 πε-

1084 1790 1265 1825 παιδευμένοι,
1282 1789 1329 1815 καὶ
1339 1790 1368 1814 ἐν
1381 1788 1464 1822 οἰκίᾳ,
1480 1787 1527 1813 καὶ
1540 1788 1568 1812 ὲν
1582 1786 1679 1820 ἀγορᾷ,
1693 1785 1741 1812 καὶ
1754 1786 1872 1811 ἀποστο-

1082 1838 1166 1869 λικῶς
1185 1838 1286 1868 είπείν,
1313 1845 1322 1861 ι
1342 1835 1460 1870 δημοσίᾳ
1482 1834 1529 1861 καὶ
1545 1835 1606 1860 κατ¹
1619 1833 1710 1864 οἴκους
1730 1842 1739 1858 ι
1756 1832 1873 1866 διαμαρ-

1083 1885 1226 1919 τυράμενοι
1248 1882 1400 1914 διετέλουν,
1429 1879 1484 1908 οἶόν
1500 1889 1571 1912 τινες
1588 1880 1692 1915 ἄριστοι
1712 1879 1871 1913 στρατηγοὶ,

1084 1930 1147 1960 τοὺς
1155 1930 1203 1964 μὲν
1218 1928 1334 1959 οἰκείους
1343 1927 1507 1960 ὁπλίζοντες,
1517 1927 1580 1958 τοὺς
1595 1925 1623 1952 δὲ
1638 1925 1777 1955 ἐναντίους
1789 1932 1873 1950 κατα-

1085 1976 1253 2007 κεντοῦντες.
1271 1975 1324 2001 Τὸν
1347 1974 1396 2009 μὲν
1412 1971 1457 2000 οὗν
1473 1973 1561 2008 μέγαν
1581 1971 1741 2002 nasum,
1760 1970 1810 1997 καὶ
1829 1969 1874 1996 τιν

1085 2022 1156 2048 θεῖον
1174 2021 1304 2056 Διόδωρον
1318 2021 1328 2037 ⁸
1346 2020 1589 2054 ὑποποιμαίνοντας
1604 2017 1747 2053 τηνικάδε,
1762 2017 1810 2043 καὶ
1826 2017 1875 2051 τῆς

1086 2069 1214 2103 δευτέρας
1230 2067 1397 2103 ἠξιωμένους
1411 2066 1555 2100 καθέδρας.
1570 2066 1656 2092 ταῦτα
1667 2065 1734 2100 δρᾷν
1751 2064 1769 2092 ἃ.
1783 2065 1876 2100 προεί-

1089 2125 1172 2151 ρηκα,
1184 2114 1338 2150 θαυμαστὸν
1353 2114 1402 2148 μὲν
1412 2113 1458 2139 καὶ
1466 2112 1604 2147 εὐφημίας
1617 2112 1700 2145 ἄξιον.
1719 2111 1791 2138 Ἀλλ’
1802 2111 1876 2146 ὅμως

1087 2162 1174 2189 ταῦτα
1191 2161 1326 2196 ἔπραττον
1343 2159 1490 2195 στρατηγοὶ
1508 2157 1741 2193 προϐεϐλημένοι,
1757 2157 1806 2184 καὶ
1821 2159 1876 2188 τοῖς

1090 2207 1282 2243 στρατηγικοῖς
1297 2205 1470 2239 ὑποκείμενοι
1496 2203 1603 2238 νόμοις’
1631 2204 1645 2230 ό
1669 2203 1697 2229 δὲ
1720 2202 1876 2237 σοφώτατος

1093 2254 1249 2288 Ἀφραάτης
1268 2250 1408 2285 ἐθελοντὴς
1427 2250 1473 2276 ὲπὶ
1488 2250 1598 2279 τούτους
1622 2248 1799 2284 κατεπήδησε
1815 2249 1875 2278 τοὺς

1088 2301 1206 2336 ἀγῶνας.
1226 2297 1340 2332 Ἡσυχία
1351 2297 1405 2331 γὰρ
1420 2293 1666 2330 συντεθραμμένος,
1678 2293 1726 2320 καὶ
1740 2293 1802 2319 καθ’
1814 2293 1875 2318 ἑαυ-

1087 2348 1132 2374 τὸν
1147 2347 1194 2382 ζῇν
1210 2343 1411 2382 προῃρημένος,
1426 2343 1473 2368 καὶ
1492 2341 1544 2374 ἔξω
1560 2340 1655 2374 βελῶν,
1667 2340 1696 2365 τὸ
1713 2339 1746 2374 δὴ
1762 2339 1874 2372 λεγόμε-

1089 2403 1144 2426 νον,
1160 2393 1325 2428 καθήμενος,
1336 2390 1383 2416 τοῦ
1395 2389 1512 2424 πολέμου
1526 2388 1555 2414 τὺ
1567 2388 1682 2421 σφοδρδν
1696 2386 1874 2419 θεασᾶιμενος,

1085 2441 1135 2476 τὴν
1151 2439 1253 2467 οἰκείαν
1272 2437 1422 2472 ἀσφάλειαν
1441 2435 1491 2461 οὐκ
1508 2434 1663 2469 ἠγάπησεν,
1678 2433 1736 2459 ἀλλ’
1757 2433 1798 2462 εἰς
1818 2440 1876 2457 και.

1088 2487 1132 2523 ρον
1152 2484 1288 2522 ἐρρῶσθαι
1306 2485 1338 2519 τῇ
1352 2481 1452 2518 ἡσυχίᾳ
1464 2481 1581 2516 φράσας,
1596 2479 1740 2514 πρόμαχος
1757 2477 1807 2511 τῆς
1825 2477 1876 2502 τῶν

1086 2533 1206 2561 εὐσεϐῶν
1218 2533 1325 2566 ἐγένετο
1341 2529 1491 2564 φάλαγγος,
1507 2527 1612 2562 βάλλων
1626 2527 1675 2561 μὲν
1689 2526 1738 2551 καὶ
1751 2524 1812 2559 βίῳ,
1831 2524 1876 2550 καὶ

1085 2582 1167 2616 λόγῳ,
1185 2580 1231 2606 καὶ
1246 2578 1377 2613 θαύμασι,
1393 2575 1556 2610 βαλλόμενος
1572 2573 1599 2599 δὲ
1608 2572 1748 2598 οὐδέποτε.
1769 2569 1876 2604 K116i,-

1645 2691 1655 2703 ³
1674 2685 1754 2712 Joau.
1773 2693 1809 2715 ir,
1841 2682 1864 2708 ὲ.

1086 2698 1098 2711 υ
1119 2693 1190 2720 Psal.
1208 2699 1257 2722 cn,
1290 2689 1325 2717 ‘22
1381 2694 1393 2707 ν
1413 2689 1420 2715 1
1439 2689 1511 2715 Tini.
1530 2696 1558 2718 ll,
1578 2688 1603 2714 8.

890 2802 1006 2830 ΥΑΠΙᾸΞ
1025 2802 1226 2830 LECTIONES.

285 2876 294 2889 ε
312 2875 446 2906 Θεόδωρος
465 2873 572 2900 llervcti
589 2873 666 2904 liber,
679 2874 759 2900 male.
773 2873 833 2900 Vid.
850 2872 1014 2901 Theodoreti
1032 2872 1063 2899 ll.
1079 2872 1107 2899 Ε.
1130 2881 1165 2905 ιν,
1180 2872 1224 2905 2'2,
1241 2872 1285 2899 ubi
1302 2876 1328 2899 et
1340 2881 1363 2898 c.
1382 2872 1417 2898 25
1434 2871 1530 2906 repetit
1555 2870 1741 2897 narrationem
1771 2870 1803 2897 de
1818 2867 1870 2896 cui~

252 2908 342 2943 tuquid
360 2908 506 2943 Aplii'ualis
523 2916 584 2935 cuni
603 2907 715 2935 Valente
731 2909 800 2942 Aug.
