  <div class='ocr_page' id='page_1' title='image "/cluster/home/n/w/nwhite01/storage/ocr_20150623/82/njp.32101077772802/750.png"; bbox 0 0 2036 3122; ppageno 0'>
   <div class='ocr_carea' id='block_1_1' title="bbox 178 177 251 210">
    <p class='ocr_par' dir='ltr' id='par_1_1' title="bbox 178 177 251 210">
     <span class='ocr_line' id='line_1_1' title="bbox 178 177 251 210; baseline -0.041 0"><span class='ocrx_word' id='word_1_1' title='bbox 178 177 251 210; x_wconf 73' lang='lat'><strong>1377</strong></span> 
     </span>
    </p>
   </div>
   <div class='ocr_carea' id='block_1_2' title="bbox 765 183 1184 214">
    <p class='ocr_par' dir='ltr' id='par_1_2' title="bbox 765 183 1184 214">
     <span class='ocr_line' id='line_1_2' title="bbox 765 183 1184 214; baseline 0.002 -1"><span class='ocrx_word' id='word_1_2' title='bbox 765 183 970 213; x_wconf 82' lang='lat' dir='ltr'><strong>RELIGIOSA</strong></span> <span class='ocrx_word' id='word_1_3' title='bbox 991 184 1184 214; x_wconf 82' lang='lat' dir='ltr'><strong>HISTORIA.</strong></span> 
     </span>
    </p>
   </div>
   <div class='ocr_carea' id='block_1_3' title="bbox 1723 179 1790 212">
    <p class='ocr_par' dir='ltr' id='par_1_3' title="bbox 1723 179 1790 212">
     <span class='ocr_line' id='line_1_3' title="bbox 1723 179 1790 212; baseline 0.03 -2"><span class='ocrx_word' id='word_1_4' title='bbox 1723 179 1790 212; x_wconf 81' lang='grc'><strong>1378</strong></span> 
     </span>
    </p>
   </div>
   <div class='ocr_carea' id='block_1_4' title="bbox 138 227 952 277">
    <p class='ocr_par' dir='ltr' id='par_1_4' title="bbox 138 240 950 277">
     <span class='ocr_line' id='line_1_4' title="bbox 138 240 950 277; baseline -0.002 -8"><span class='ocrx_word' id='word_1_5' title='bbox 138 240 139 243; x_wconf 50' lang='grc'><em>“</em></span> <span class='ocrx_word' id='word_1_6' title='bbox 169 243 288 277; x_wconf 76' lang='grc' dir='ltr'>ἔννομον.</span> <span class='ocrx_word' id='word_1_7' title='bbox 306 242 372 268; x_wconf 74' lang='grc' dir='ltr'>Φασὶ</span> <span class='ocrx_word' id='word_1_8' title='bbox 384 241 411 268; x_wconf 85' lang='grc' dir='ltr'><strong>δέ</strong></span> <span class='ocrx_word' id='word_1_9' title='bbox 428 251 491 269; x_wconf 88' lang='grc' dir='ltr'>ποτε</span> <span class='ocrx_word' id='word_1_10' title='bbox 507 242 554 268; x_wconf 72' lang='grc' dir='ltr'>καὶ</span> <span class='ocrx_word' id='word_1_11' title='bbox 567 241 678 277; x_wconf 79' lang='grc' dir='ltr'>ἀκρίδας</span> <span class='ocrx_word' id='word_1_12' title='bbox 691 240 853 272; x_wconf 77' lang='grc' dir='ltr'><strong>ἐξαπιναίως</strong></span> <span class='ocrx_word' id='word_1_13' title='bbox 865 249 950 276; x_wconf 85' lang='grc' dir='ltr'>τιροσ-</span> 
     </span>
    </p>
   </div>
   <div class='ocr_carea' id='block_1_5' title="bbox 1001 227 1789 277">
    <p class='ocr_par' dir='ltr' id='par_1_5' title="bbox 1002 237 1789 276">
     <span class='ocr_line' id='line_1_5' title="bbox 1002 237 1789 276; baseline -0.003 -9"><span class='ocrx_word' id='word_1_14' title='bbox 1002 241 1125 276; x_wconf 82' lang='lat' dir='ltr'><strong>paludes,</strong></span> <span class='ocrx_word' id='word_1_15' title='bbox 1155 245 1241 275; x_wconf 83' lang='lat' dir='ltr'><strong>prata,</strong></span> <span class='ocrx_word' id='word_1_16' title='bbox 1280 243 1307 267; x_wconf 87' lang='lat' dir='ltr'><strong>et</strong></span> <span class='ocrx_word' id='word_1_17' title='bbox 1348 246 1459 267; x_wconf 89' lang='lat' dir='ltr'><strong>nemora</strong></span> <span class='ocrx_word' id='word_1_18' title='bbox 1477 258 1483 270; x_wconf 85' lang='lat'><strong>,</strong></span> <span class='ocrx_word' id='word_1_19' title='bbox 1512 238 1618 266; x_wconf 81' lang='lat' dir='ltr'><strong>venisse</strong></span> <span class='ocrx_word' id='word_1_20' title='bbox 1653 237 1686 266; x_wconf 88' lang='lat' dir='ltr'><strong>ad</strong></span> <span class='ocrx_word' id='word_1_21' title='bbox 1712 238 1789 265; x_wconf 86' lang='lat' dir='ltr'><strong>illum</strong></span> 
     </span>
    </p>
   </div>
   <div class='ocr_carea' id='block_1_6' title="bbox 139 287 952 323">
    <p class='ocr_par' dir='ltr' id='par_1_6' title="bbox 139 287 952 323">
     <span class='ocr_line' id='line_1_6' title="bbox 139 287 952 323; baseline -0.001 -9"><span class='ocrx_word' id='word_1_22' title='bbox 139 291 140 294; x_wconf 72' lang='grc'><em>“</em></span> <span class='ocrx_word' id='word_1_23' title='bbox 169 288 300 319; x_wconf 72' lang='grc' dir='ltr'>ὅαλούσας</span> <span class='ocrx_word' id='word_1_24' title='bbox 324 289 357 323; x_wconf 82' lang='grc' dir='ltr'>τῇ</span> <span class='ocrx_word' id='word_1_25' title='bbox 375 289 420 323; x_wconf 83' lang='grc' dir='ltr'><strong>γῇ,</strong></span> <span class='ocrx_word' id='word_1_26' title='bbox 454 289 500 314; x_wconf 70' lang='grc' dir='ltr'>καὶ</span> <span class='ocrx_word' id='word_1_27' title='bbox 527 288 594 322; x_wconf 67' lang='grc' dir='ltr'>πυρὶ</span> <span class='ocrx_word' id='word_1_28' title='bbox 620 287 819 323; x_wconf 76' lang='grc' dir='ltr'>παραπλησίως</span> <span class='ocrx_word' id='word_1_29' title='bbox 847 287 952 313; x_wconf 75' lang='grc' dir='ltr'>ἅπαντα</span> 
     </span>
    </p>
   </div>
   <div class='ocr_carea' id='block_1_7' title="bbox 170 331 952 367">
    <p class='ocr_par' dir='ltr' id='par_1_7' title="bbox 170 331 952 367">
     <span class='ocr_line' id='line_1_7' title="bbox 170 331 952 367; baseline -0.001 -9"><span class='ocrx_word' id='word_1_30' title='bbox 170 333 414 367; x_wconf 78' lang='grc' dir='ltr'>προσδαπανὼσας,</span> <span class='ocrx_word' id='word_1_31' title='bbox 432 333 478 358; x_wconf 70' lang='grc' dir='ltr'>καὶ</span> <span class='ocrx_word' id='word_1_32' title='bbox 491 332 565 367; x_wconf 86' lang='grc' dir='ltr'>λήῐα,</span> <span class='ocrx_word' id='word_1_33' title='bbox 584 332 631 358; x_wconf 71' lang='grc' dir='ltr'><strong>καὶ</strong></span> <span class='ocrx_word' id='word_1_34' title='bbox 649 332 732 366; x_wconf 63' lang='grc' dir='ltr'>φυτὰ,</span> <span class='ocrx_word' id='word_1_35' title='bbox 750 332 796 358; x_wconf 72' lang='grc' dir='ltr'>καὶ</span> <span class='ocrx_word' id='word_1_36' title='bbox 820 332 878 365; x_wconf 73' lang='grc' dir='ltr'>ἕλη,</span> <span class='ocrx_word' id='word_1_37' title='bbox 906 331 952 357; x_wconf 75' lang='grc' dir='ltr'><strong>καὶ</strong></span> 
     </span>
    </p>
   </div>
   <div class='ocr_carea' id='block_1_8' title="bbox 169 375 952 412">
    <p class='ocr_par' dir='ltr' id='par_1_8' title="bbox 169 375 952 412">
     <span class='ocr_line' id='line_1_8' title="bbox 169 375 952 412; baseline -0.003 -8"><span class='ocrx_word' id='word_1_38' title='bbox 169 378 249 411; x_wconf 82' lang='grc' dir='ltr'>ἄλση,</span> <span class='ocrx_word' id='word_1_39' title='bbox 266 377 313 404; x_wconf 74' lang='grc' dir='ltr'><strong>καὶ</strong></span> <span class='ocrx_word' id='word_1_40' title='bbox 331 377 484 412; x_wconf 80' lang='grc' dir='ltr'><strong>λειμῶνας,</strong></span> <span class='ocrx_word' id='word_1_41' title='bbox 510 375 562 412; x_wconf 81' lang='grc' dir='ltr'>ἦκέ</span> <span class='ocrx_word' id='word_1_42' title='bbox 587 386 628 408; x_wconf 79' lang='grc' dir='ltr'><strong>τις</strong></span> <span class='ocrx_word' id='word_1_43' title='bbox 653 377 717 412; x_wconf 76' lang='grc' dir='ltr'>παρ’</span> <span class='ocrx_word' id='word_1_44' title='bbox 741 377 822 403; x_wconf 80' lang='grc' dir='ltr'>αὑτὸν</span> <span class='ocrx_word' id='word_1_45' title='bbox 839 376 952 411; x_wconf 77' lang='grc' dir='ltr'>εὐσεϐὴς</span> 
     </span>
    </p>
   </div>
   <div class='ocr_carea' id='block_1_9' title="bbox 168 421 953 458">
    <p class='ocr_par' dir='ltr' id='par_1_9' title="bbox 168 421 953 458">
     <span class='ocr_line' id='line_1_9' title="bbox 168 421 953 458; baseline 0 -10"><span class='ocrx_word' id='word_1_46' title='bbox 168 422 248 457; x_wconf 81' lang='grc' dir='ltr'>ἀνὴρ,</span> <span class='ocrx_word' id='word_1_47' title='bbox 264 421 408 449; x_wconf 76' lang='grc' dir='ltr'>ἀντιϐολῶν</span> <span class='ocrx_word' id='word_1_48' title='bbox 423 421 570 457; x_wconf 79' lang='grc' dir='ltr'>ἐπαμῦναι,</span> <span class='ocrx_word' id='word_1_49' title='bbox 585 422 632 448; x_wconf 70' lang='grc' dir='ltr'><strong>ἕνα</strong></span> <span class='ocrx_word' id='word_1_50' title='bbox 651 423 700 457; x_wconf 79' lang='grc' dir='ltr'>μὲν</span> <span class='ocrx_word' id='word_1_51' title='bbox 716 422 799 458; x_wconf 74' lang='grc' dir='ltr'>ἀγρὸν</span> <span class='ocrx_word' id='word_1_52' title='bbox 809 421 906 456; x_wconf 80' lang='grc' dir='ltr'>ἔχοντι,</span> <span class='ocrx_word' id='word_1_53' title='bbox 921 423 953 448; x_wconf 80' lang='grc' dir='ltr'>ἐκ</span> 
     </span>
    </p>
   </div>
   <div class='ocr_carea' id='block_1_10' title="bbox 168 467 953 502">
    <p class='ocr_par' dir='ltr' id='par_1_10' title="bbox 168 467 953 502">
     <span class='ocr_line' id='line_1_10' title="bbox 168 467 953 502; baseline 0 -9"><span class='ocrx_word' id='word_1_54' title='bbox 168 467 262 494; x_wconf 85' lang='grc' dir='ltr'>τούτου</span> <span class='ocrx_word' id='word_1_55' title='bbox 277 468 304 494; x_wconf 74' lang='grc' dir='ltr'><strong>δὲ</strong></span> <span class='ocrx_word' id='word_1_56' title='bbox 317 468 364 494; x_wconf 77' lang='grc' dir='ltr'>καὶ</span> <span class='ocrx_word' id='word_1_57' title='bbox 378 468 482 498; x_wconf 79' lang='grc' dir='ltr'>ἑαυτὸν,</span> <span class='ocrx_word' id='word_1_58' title='bbox 503 469 550 495; x_wconf 81' lang='grc' dir='ltr'>καὶ</span> <span class='ocrx_word' id='word_1_59' title='bbox 565 469 693 502; x_wconf 81' lang='grc' dir='ltr'>γυναῖκα,</span> <span class='ocrx_word' id='word_1_60' title='bbox 708 468 754 494; x_wconf 75' lang='grc' dir='ltr'><strong>καὶ</strong></span> <span class='ocrx_word' id='word_1_61' title='bbox 769 469 877 499; x_wconf 72' lang='grc' dir='ltr'>παῖδας,</span> <span class='ocrx_word' id='word_1_62' title='bbox 907 468 953 493; x_wconf 74' lang='grc' dir='ltr'>καὶ</span> 
     </span>
    </p>
   </div>
   <div class='ocr_carea' id='block_1_11' title="bbox 168 513 952 548">
    <p class='ocr_par' dir='ltr' id='par_1_11' title="bbox 168 513 952 548">
     <span class='ocr_line' id='line_1_11' title="bbox 168 513 952 548; baseline 0 -9"><span class='ocrx_word' id='word_1_63' title='bbox 168 513 283 545; x_wconf 79' lang='grc' dir='ltr'><strong>οἰκείους</strong></span> <span class='ocrx_word' id='word_1_64' title='bbox 297 513 433 548; x_wconf 77' lang='grc' dir='ltr'><strong>τρέφοντι,</strong></span> <span class='ocrx_word' id='word_1_65' title='bbox 454 515 500 540; x_wconf 85' lang='grc' dir='ltr'>καὶ</span> <span class='ocrx_word' id='word_1_66' title='bbox 521 514 589 548; x_wconf 66' lang='grc' dir='ltr'>πρὸς</span> <span class='ocrx_word' id='word_1_67' title='bbox 616 513 721 545; x_wconf 81' lang='grc' dir='ltr'>τούτοις</span> <span class='ocrx_word' id='word_1_68' title='bbox 745 513 794 548; x_wconf 80' lang='grc' dir='ltr'>τὴν</span> <span class='ocrx_word' id='word_1_69' title='bbox 811 513 952 547; x_wconf 75' lang='grc' dir='ltr'>βασιλικὴν</span> 
     </span>
    </p>
   </div>
   <div class='ocr_carea' id='block_1_12' title="bbox 166 557 950 594">
    <p class='ocr_par' dir='ltr' id='par_1_12' title="bbox 166 557 950 594">
     <span class='ocr_line' id='line_1_12' title="bbox 166 557 950 594; baseline -0.001 -10"><span class='ocrx_word' id='word_1_70' title='bbox 166 559 297 594; x_wconf 63' lang='grc' dir='ltr'>εἰσφορὰν</span> <span class='ocrx_word' id='word_1_71' title='bbox 312 558 545 594; x_wconf 86' lang='grc' dir='ltr'>είσπραττομένῳ.</span> <span class='ocrx_word' id='word_1_72' title='bbox 564 558 648 584; x_wconf 78' lang='grc' dir='ltr'>Πάλιν</span> <span class='ocrx_word' id='word_1_73' title='bbox 660 558 748 584; x_wconf 86' lang='grc' dir='ltr'>τοίνυν</span> <span class='ocrx_word' id='word_1_74' title='bbox 761 558 774 583; x_wconf 87' lang='grc' dir='ltr'><strong>ό</strong></span> <span class='ocrx_word' id='word_1_75' title='bbox 790 557 837 593; x_wconf 83' lang='grc' dir='ltr'>τὴν</span> <span class='ocrx_word' id='word_1_76' title='bbox 851 559 950 584; x_wconf 85' lang='grc' dir='ltr'>Δεσπο-</span> 
     </span>
    </p>
   </div>
   <div class='ocr_carea' id='block_1_13' title="bbox 168 603 953 640">
    <p class='ocr_par' dir='ltr' id='par_1_13' title="bbox 168 603 953 640">
     <span class='ocr_line' id='line_1_13' title="bbox 168 603 953 640; baseline 0.001 -12"><span class='ocrx_word' id='word_1_77' title='bbox 168 604 247 637; x_wconf 73' lang='grc' dir='ltr'>τικὴν</span> <span class='ocrx_word' id='word_1_78' title='bbox 261 603 468 639; x_wconf 80' lang='grc' dir='ltr'>φιλανθρωπίαν</span> <span class='ocrx_word' id='word_1_79' title='bbox 487 604 663 640; x_wconf 76' lang='grc' dir='ltr'>μιμούμενος,</span> <span class='ocrx_word' id='word_1_80' title='bbox 684 603 748 638; x_wconf 75' lang='grc' dir='ltr'>χόαν</span> <span class='ocrx_word' id='word_1_81' title='bbox 769 603 863 634; x_wconf 78' lang='grc' dir='ltr'>ὓδατος</span> <span class='ocrx_word' id='word_1_82' title='bbox 878 604 953 638; x_wconf 80' lang='grc' dir='ltr'>αὐτῷ</span> 
     </span>
    </p>
   </div>
   <div class='ocr_carea' id='block_1_14' title="bbox 168 649 952 685">
    <p class='ocr_par' dir='ltr' id='par_1_14' title="bbox 168 649 952 685">
     <span class='ocr_line' id='line_1_14' title="bbox 168 649 952 685; baseline -0.001 -8"><span class='ocrx_word' id='word_1_83' title='bbox 168 649 379 684; x_wconf 77' lang='grc' dir='ltr'><strong>προσενεχθῆναι</strong></span> <span class='ocrx_word' id='word_1_84' title='bbox 405 650 579 685; x_wconf 77' lang='grc' dir='ltr'><strong>προσέταξεν.</strong></span> <span class='ocrx_word' id='word_1_85' title='bbox 601 649 645 681; x_wconf 79' lang='grc' dir='ltr'><strong>Ὠς</strong></span> <span class='ocrx_word' id='word_1_86' title='bbox 669 649 696 675; x_wconf 78' lang='grc' dir='ltr'><strong>δὲ</strong></span> <span class='ocrx_word' id='word_1_87' title='bbox 712 649 758 675; x_wconf 75' lang='grc' dir='ltr'>τὸν</span> <span class='ocrx_word' id='word_1_88' title='bbox 783 649 847 684; x_wconf 87' lang='grc' dir='ltr'>χόαν</span> <span class='ocrx_word' id='word_1_89' title='bbox 867 659 952 685; x_wconf 87' lang='grc' dir='ltr'>προσ-</span> 
     </span>
    </p>
   </div>
   <div class='ocr_carea' id='block_1_15' title="bbox 169 693 953 730">
    <p class='ocr_par' dir='ltr' id='par_1_15' title="bbox 169 693 953 730">
     <span class='ocr_line' id='line_1_15' title="bbox 169 693 953 730; baseline 0.003 -11"><span class='ocrx_word' id='word_1_90' title='bbox 169 693 283 728; x_wconf 81' lang='grc' dir='ltr'>ήνεγκεν</span> <span class='ocrx_word' id='word_1_91' title='bbox 294 695 308 720; x_wconf 74' lang='grc' dir='ltr'>ὁ</span> <span class='ocrx_word' id='word_1_92' title='bbox 317 694 364 729; x_wconf 85' lang='grc' dir='ltr'>τὴν</span> <span class='ocrx_word' id='word_1_93' title='bbox 379 694 462 729; x_wconf 84' lang='grc' dir='ltr'>εὐχὴν</span> <span class='ocrx_word' id='word_1_94' title='bbox 476 694 659 728; x_wconf 71' lang='grc' dir='ltr'><strong>ἐπαγγέλλων,</strong></span> <span class='ocrx_word' id='word_1_95' title='bbox 672 694 790 720; x_wconf 78' lang='grc' dir='ltr'><strong>ἐπετίθει</strong></span> <span class='ocrx_word' id='word_1_96' title='bbox 805 694 853 729; x_wconf 82' lang='grc' dir='ltr'>μὲν</span> <span class='ocrx_word' id='word_1_97' title='bbox 867 694 953 730; x_wconf 80' lang='grc' dir='ltr'>τούτῳ</span> 
     </span>
    </p>
   </div>
   <div class='ocr_carea' id='block_1_16' title="bbox 169 739 953 775">
    <p class='ocr_par' dir='ltr' id='par_1_16' title="bbox 169 739 953 775">
     <span class='ocr_line' id='line_1_16' title="bbox 169 739 953 775; baseline 0.003 -11"><span class='ocrx_word' id='word_1_98' title='bbox 169 739 217 773; x_wconf 76' lang='grc' dir='ltr'>’τὴν</span> <span class='ocrx_word' id='word_1_99' title='bbox 237 740 323 774; x_wconf 84' lang='grc' dir='ltr'>χεῖρα,</span> <span class='ocrx_word' id='word_1_100' title='bbox 342 739 446 766; x_wconf 67' lang='grc' dir='ltr'>ἱκέτευε</span> <span class='ocrx_word' id='word_1_101' title='bbox 460 739 487 765; x_wconf 81' lang='grc' dir='ltr'><strong>δὲ</strong></span> <span class='ocrx_word' id='word_1_102' title='bbox 504 739 549 766; x_wconf 80' lang='grc' dir='ltr'>τὸν</span> <span class='ocrx_word' id='word_1_103' title='bbox 563 739 628 766; x_wconf 77' lang='grc' dir='ltr'>Θεὸν</span> <span class='ocrx_word' id='word_1_104' title='bbox 652 739 793 774; x_wconf 83' lang='grc' dir='ltr'>δυνάμεως</span> <span class='ocrx_word' id='word_1_105' title='bbox 810 739 884 771; x_wconf 84' lang='grc' dir='ltr'>θείας</span> <span class='ocrx_word' id='word_1_106' title='bbox 901 740 953 775; x_wconf 81' lang='grc' dir='ltr'><strong>ἐμ-</strong></span> 
     </span>
    </p>
   </div>
   <div class='ocr_carea' id='block_1_17' title="bbox 169 782 952 820">
    <p class='ocr_par' dir='ltr' id='par_1_17' title="bbox 169 782 952 820">
     <span class='ocr_line' id='line_1_17' title="bbox 169 782 952 820; baseline 0.001 -10"><span class='ocrx_word' id='word_1_107' title='bbox 169 784 320 818; x_wconf 79' lang='grc' dir='ltr'>φορηθῆναι</span> <span class='ocrx_word' id='word_1_108' title='bbox 345 785 375 820; x_wconf 56' lang='lat' dir='ltr'><strong>sy</strong></span> <span class='ocrx_word' id='word_1_109' title='bbox 401 785 485 820; x_wconf 80' lang='grc' dir='ltr'>νᾶμα.</span> <span class='ocrx_word' id='word_1_110' title='bbox 511 782 577 811; x_wconf 81' lang='grc' dir='ltr'>Εἶτα</span> <span class='ocrx_word' id='word_1_111' title='bbox 599 784 647 820; x_wconf 82' lang='grc' dir='ltr'>τὴν</span> <span class='ocrx_word' id='word_1_112' title='bbox 659 785 741 819; x_wconf 86' lang='grc' dir='ltr'>εὐχὴν</span> <span class='ocrx_word' id='word_1_113' title='bbox 764 785 952 820; x_wconf 82' lang='grc' dir='ltr'>συμπεράνας,</span> 
     </span>
    </p>
   </div>
   <div class='ocr_carea' id='block_1_18' title="bbox 168 829 954 866">
    <p class='ocr_par' dir='ltr' id='par_1_18' title="bbox 168 829 954 866">
     <span class='ocr_line' id='line_1_18' title="bbox 168 829 954 866; baseline 0.004 -11"><span class='ocrx_word' id='word_1_114' title='bbox 168 829 350 865; x_wconf 75' lang='grc' dir='ltr'><strong>παρηγγύησε</strong></span> <span class='ocrx_word' id='word_1_115' title='bbox 378 831 433 861; x_wconf 84' lang='grc' dir='ltr'>τοῖς</span> <span class='ocrx_word' id='word_1_116' title='bbox 463 830 510 856; x_wconf 81' lang='grc' dir='ltr'>τοῦ</span> <span class='ocrx_word' id='word_1_117' title='bbox 537 831 636 866; x_wconf 76' lang='grc' dir='ltr'>χωρίου</span> <span class='ocrx_word' id='word_1_118' title='bbox 665 831 738 866; x_wconf 82' lang='grc' dir='ltr'>ὅροις</span> <span class='ocrx_word' id='word_1_119' title='bbox 753 831 898 866; x_wconf 81' lang='grc' dir='ltr'>ἐπιρῥᾶναι</span> <span class='ocrx_word' id='word_1_120' title='bbox 923 832 954 858; x_wconf 70' lang='grc' dir='ltr'><strong>τὸ</strong></span> 
     </span>
    </p>
   </div>
   <div class='ocr_carea' id='block_1_19' title="bbox 169 875 953 914">
    <p class='ocr_par' dir='ltr' id='par_1_19' title="bbox 169 875 953 914">
     <span class='ocr_line' id='line_1_19' title="bbox 169 875 953 914; baseline 0.004 -12"><span class='ocrx_word' id='word_1_121' title='bbox 169 876 251 912; x_wconf 75' lang='grc' dir='ltr'>ὕδωρ·</span> <span class='ocrx_word' id='word_1_122' title='bbox 267 878 400 912; x_wconf 77' lang='grc' dir='ltr'>πεποίηκε</span> <span class='ocrx_word' id='word_1_123' title='bbox 416 878 443 904; x_wconf 73' lang='grc' dir='ltr'><strong>δὲ</strong></span> <span class='ocrx_word' id='word_1_124' title='bbox 461 879 475 904; x_wconf 82' lang='grc' dir='ltr'><strong><em>ὁ</em></strong></span> <span class='ocrx_word' id='word_1_125' title='bbox 491 878 569 905; x_wconf 79' lang='grc' dir='ltr'>τοῦτο</span> <span class='ocrx_word' id='word_1_126' title='bbox 585 879 770 914; x_wconf 82' lang='grc' dir='ltr'>κομισάμενος</span> <span class='ocrx_word' id='word_1_127' title='bbox 820 879 953 913; x_wconf 82' lang='grc' dir='ltr'>προσετά-</span> 
     </span>
    </p>
   </div>
   <div class='ocr_carea' id='block_1_20' title="bbox 1003 285 1791 322">
    <p class='ocr_par' dir='ltr' id='par_1_20' title="bbox 1003 285 1791 322">
     <span class='ocr_line' id='line_1_20' title="bbox 1003 285 1791 322; baseline -0.004 -8"><span class='ocrx_word' id='word_1_128' title='bbox 1003 287 1147 322; x_wconf 82' lang='lat' dir='ltr'><strong>quemdam</strong></span> <span class='ocrx_word' id='word_1_129' title='bbox 1164 290 1245 313; x_wconf 71' lang='lat' dir='ltr'><strong>recta:</strong></span> <span class='ocrx_word' id='word_1_130' title='bbox 1259 285 1318 313; x_wconf 85' lang='lat' dir='ltr'><strong>ﬁdei</strong></span> <span class='ocrx_word' id='word_1_131' title='bbox 1330 286 1482 315; x_wconf 79' lang='lat' dir='ltr'><strong>hominem,</strong></span> <span class='ocrx_word' id='word_1_132' title='bbox 1510 290 1537 312; x_wconf 80' lang='lat' dir='ltr'><strong>et</strong></span> <span class='ocrx_word' id='word_1_133' title='bbox 1566 293 1659 312; x_wconf 77' lang='lat' dir='ltr'><strong>crasse</strong></span> <span class='ocrx_word' id='word_1_134' title='bbox 1689 290 1717 312; x_wconf 87' lang='grc' dir='ltr'><strong>ιιι</strong></span> <span class='ocrx_word' id='word_1_135' title='bbox 1740 285 1791 319; x_wconf 82' lang='lat' dir='ltr'><strong>ipsi</strong></span> 
     </span>
    </p>
   </div>
   <div class='ocr_carea' id='block_1_21' title="bbox 1003 331 1789 367">
    <p class='ocr_par' dir='ltr' id='par_1_21' title="bbox 1003 331 1789 367">
     <span class='ocr_line' id='line_1_21' title="bbox 1003 331 1789 367; baseline -0.003 -8"><span class='ocrx_word' id='word_1_136' title='bbox 1003 340 1080 367; x_wconf 90' lang='lat' dir='ltr'><strong>opem</strong></span> <span class='ocrx_word' id='word_1_137' title='bbox 1097 332 1188 362; x_wconf 74' lang='lat' dir='ltr'><strong>ferret.</strong></span> <span class='ocrx_word' id='word_1_138' title='bbox 1206 340 1299 367; x_wconf 80' lang='lat' dir='ltr'><strong>agrum</strong></span> <span class='ocrx_word' id='word_1_139' title='bbox 1315 332 1426 358; x_wconf 88' lang='lat' dir='ltr'><strong>mticum</strong></span> <span class='ocrx_word' id='word_1_140' title='bbox 1445 331 1566 362; x_wconf 76' lang='lat' dir='ltr'><strong>habenti,</strong></span> <span class='ocrx_word' id='word_1_141' title='bbox 1579 339 1634 365; x_wconf 87' lang='lat' dir='ltr'><strong>qtto</strong></span> <span class='ocrx_word' id='word_1_142' title='bbox 1647 339 1677 358; x_wconf 83' lang='lat' dir='ltr'><strong>se</strong></span> <span class='ocrx_word' id='word_1_143' title='bbox 1701 331 1789 366; x_wconf 86' lang='lat' dir='ltr'><strong>ipsum</strong></span> 
     </span>
    </p>
   </div>
   <div class='ocr_carea' id='block_1_22' title="bbox 1005 377 1791 411">
    <p class='ocr_par' dir='ltr' id='par_1_22' title="bbox 1005 377 1791 411">
     <span class='ocr_line' id='line_1_22' title="bbox 1005 377 1791 411; baseline -0.004 -6"><span class='ocrx_word' id='word_1_144' title='bbox 1005 383 1032 404; x_wconf 75' lang='lat' dir='ltr'><strong>(-t</strong></span> <span class='ocrx_word' id='word_1_145' title='bbox 1051 386 1174 409; x_wconf 80' lang='lat' dir='ltr'><strong>uxorem.</strong></span> <span class='ocrx_word' id='word_1_146' title='bbox 1191 383 1217 405; x_wconf 90' lang='lat' dir='ltr'><strong>et</strong></span> <span class='ocrx_word' id='word_1_147' title='bbox 1231 378 1343 409; x_wconf 81' lang='lat' dir='ltr'><strong>liberos,</strong></span> <span class='ocrx_word' id='word_1_148' title='bbox 1363 382 1390 404; x_wconf 89' lang='lat' dir='ltr'><strong>et</strong></span> <span class='ocrx_word' id='word_1_149' title='bbox 1406 377 1535 404; x_wconf 78' lang='lat' dir='ltr'><strong>familiam</strong></span> <span class='ocrx_word' id='word_1_150' title='bbox 1549 377 1643 407; x_wconf 83' lang='lat' dir='ltr'><strong>aleret,</strong></span> <span class='ocrx_word' id='word_1_151' title='bbox 1662 385 1693 403; x_wconf 88' lang='lat' dir='ltr'><strong>ac</strong></span> <span class='ocrx_word' id='word_1_152' title='bbox 1708 377 1791 411; x_wconf 79' lang='lat' dir='ltr'><strong>impe-</strong></span> 
     </span>
    </p>
   </div>
   <div class='ocr_carea' id='block_1_23' title="bbox 1002 423 1790 459">
    <p class='ocr_par' dir='ltr' id='par_1_23' title="bbox 1002 423 1790 459">
     <span class='ocr_line' id='line_1_23' title="bbox 1002 423 1790 459; baseline -0.004 -8"><span class='ocrx_word' id='word_1_153' title='bbox 1002 425 1133 451; x_wconf 85' lang='lat' dir='ltr'><strong>raturiam</strong></span> <span class='ocrx_word' id='word_1_154' title='bbox 1157 428 1288 459; x_wconf 75' lang='lat' dir='ltr'><strong>prteterea</strong></span> <span class='ocrx_word' id='word_1_155' title='bbox 1317 424 1465 450; x_wconf 89' lang='lat' dir='ltr'><strong>illationetn</strong></span> <span class='ocrx_word' id='word_1_156' title='bbox 1495 423 1635 457; x_wconf 80' lang='lat' dir='ltr'><strong>penderet.</strong></span> <span class='ocrx_word' id='word_1_157' title='bbox 1671 423 1790 449; x_wconf 76' lang='lat' dir='ltr'><strong>Rursum</strong></span> 
     </span>
    </p>
   </div>
   <div class='ocr_carea' id='block_1_24' title="bbox 1003 468 1792 504">
    <p class='ocr_par' dir='ltr' id='par_1_24' title="bbox 1003 468 1792 504">
     <span class='ocr_line' id='line_1_24' title="bbox 1003 468 1792 504; baseline -0.001 -9"><span class='ocrx_word' id='word_1_158' title='bbox 1003 478 1078 504; x_wconf 79' lang='lat' dir='ltr'><strong>ergo,</strong></span> <span class='ocrx_word' id='word_1_159' title='bbox 1096 470 1141 504; x_wconf 85' lang='lat' dir='ltr'><strong>qui</strong></span> <span class='ocrx_word' id='word_1_160' title='bbox 1159 469 1325 496; x_wconf 80' lang='lat' dir='ltr'><strong>Dominicam</strong></span> <span class='ocrx_word' id='word_1_161' title='bbox 1346 469 1506 495; x_wconf 74' lang='lat' dir='ltr'><strong>imitabatur</strong></span> <span class='ocrx_word' id='word_1_162' title='bbox 1523 468 1730 500; x_wconf 74' lang='lat' dir='ltr'><strong>benignitatem,</strong></span> <span class='ocrx_word' id='word_1_163' title='bbox 1745 475 1792 494; x_wconf 70' lang='lat' dir='ltr'><strong>vas</strong></span> 
     </span>
    </p>
   </div>
   <div class='ocr_carea' id='block_1_25' title="bbox 999 504 1791 552">
    <p class='ocr_par' dir='ltr' id='par_1_25' title="bbox 999 504 1791 552">
     <span class='ocr_line' id='line_1_25' title="bbox 999 504 1791 552; baseline -0.008 -8"><span class='ocrx_word' id='word_1_164' title='bbox 999 504 1084 552; x_wconf 72' lang='lat' dir='ltr'><strong>aquae</strong></span> <span class='ocrx_word' id='word_1_165' title='bbox 1120 517 1211 544; x_wconf 71' lang='lat' dir='ltr'><strong>ail&#39;erri</strong></span> <span class='ocrx_word' id='word_1_166' title='bbox 1229 517 1261 542; x_wconf 90' lang='lat' dir='ltr'><strong>ad</strong></span> <span class='ocrx_word' id='word_1_167' title='bbox 1278 523 1308 542; x_wconf 88' lang='lat' dir='ltr'><strong>se</strong></span> <span class='ocrx_word' id='word_1_168' title='bbox 1332 515 1422 548; x_wconf 86' lang='lat' dir='ltr'><strong>jussit.</strong></span> <span class='ocrx_word' id='word_1_169' title='bbox 1442 514 1492 541; x_wconf 90' lang='lat' dir='ltr'><strong>Ubi</strong></span> <span class='ocrx_word' id='word_1_170' title='bbox 1509 521 1557 541; x_wconf 83' lang='lat' dir='ltr'><strong>vas</strong></span> <span class='ocrx_word' id='word_1_171' title='bbox 1574 514 1663 540; x_wconf 89' lang='lat' dir='ltr'><strong>attulit</strong></span> <span class='ocrx_word' id='word_1_172' title='bbox 1682 513 1728 547; x_wconf 90' lang='lat' dir='ltr'><strong>qui</strong></span> <span class='ocrx_word' id='word_1_173' title='bbox 1745 519 1791 539; x_wconf 90' lang='lat' dir='ltr'><strong>ro-</strong></span> 
     </span>
    </p>
   </div>
   <div class='ocr_carea' id='block_1_26' title="bbox 1005 559 1792 598">
    <p class='ocr_par' dir='ltr' id='par_1_26' title="bbox 1005 559 1792 598">
     <span class='ocr_line' id='line_1_26' title="bbox 1005 559 1792 598; baseline -0.006 -9"><span class='ocrx_word' id='word_1_174' title='bbox 1005 563 1100 598; x_wconf 73' lang='lat' dir='ltr'><strong>gabat,</strong></span> <span class='ocrx_word' id='word_1_175' title='bbox 1117 570 1227 589; x_wconf 87' lang='lat' dir='ltr'><strong>manuttt</strong></span> <span class='ocrx_word' id='word_1_176' title='bbox 1244 569 1321 596; x_wconf 67' lang='lat' dir='ltr'><strong>aqua:</strong></span> <span class='ocrx_word' id='word_1_177' title='bbox 1337 560 1478 594; x_wconf 84' lang='lat' dir='ltr'><strong>imposuit,</strong></span> <span class='ocrx_word' id='word_1_178' title='bbox 1490 559 1630 593; x_wconf 82' lang='lat' dir='ltr'><strong>Deumque</strong></span> <span class='ocrx_word' id='word_1_179' title='bbox 1644 559 1744 590; x_wconf 83' lang='lat' dir='ltr'><strong>oravit,</strong></span> <span class='ocrx_word' id='word_1_180' title='bbox 1763 563 1792 584; x_wconf 91' lang='grc' dir='ltr'><strong>ιιι</strong></span> 
     </span>
    </p>
   </div>
   <div class='ocr_carea' id='block_1_27' title="bbox 1004 604 1790 643">
    <p class='ocr_par' dir='ltr' id='par_1_27' title="bbox 1004 604 1790 643">
     <span class='ocr_line' id='line_1_27' title="bbox 1004 604 1790 643; baseline -0.006 -8"><span class='ocrx_word' id='word_1_181' title='bbox 1004 609 1095 636; x_wconf 73' lang='lat' dir='ltr'><strong>divina</strong></span> <span class='ocrx_word' id='word_1_182' title='bbox 1119 609 1219 636; x_wconf 83' lang='lat' dir='ltr'><strong>virtute</strong></span> <span class='ocrx_word' id='word_1_183' title='bbox 1253 607 1360 643; x_wconf 76' lang='lat'><strong>1185</strong></span> <span class='ocrx_word' id='word_1_184' title='bbox 1394 607 1525 633; x_wconf 77' lang='lat' dir='ltr'><strong>ﬂuentum</strong></span> <span class='ocrx_word' id='word_1_185' title='bbox 1542 606 1679 640; x_wconf 84' lang='lat' dir='ltr'><strong>impleret.</strong></span> <span class='ocrx_word' id='word_1_186' title='bbox 1700 604 1790 631; x_wconf 78' lang='lat' dir='ltr'><strong>Finita</strong></span> 
     </span>
    </p>
   </div>
   <div class='ocr_carea' id='block_1_28' title="bbox 1004 649 1791 687">
    <p class='ocr_par' dir='ltr' id='par_1_28' title="bbox 1004 649 1791 687">
     <span class='ocr_line' id='line_1_28' title="bbox 1004 649 1791 687; baseline -0.008 -6"><span class='ocrx_word' id='word_1_187' title='bbox 1004 658 1095 681; x_wconf 87' lang='lat' dir='ltr'><strong>autem</strong></span> <span class='ocrx_word' id='word_1_188' title='bbox 1111 654 1245 686; x_wconf 88' lang='lat' dir='ltr'><strong>ora:ione,</strong></span> <span class='ocrx_word' id='word_1_189' title='bbox 1267 653 1396 687; x_wconf 68' lang='lat' dir='ltr'><strong>praecepit</strong></span> <span class='ocrx_word' id='word_1_190' title='bbox 1410 656 1439 679; x_wconf 87' lang='grc' dir='ltr'><strong>ιιι</strong></span> <span class='ocrx_word' id='word_1_191' title='bbox 1455 659 1553 686; x_wconf 84' lang='lat' dir='ltr'><strong>aquam</strong></span> <span class='ocrx_word' id='word_1_192' title='bbox 1578 658 1626 685; x_wconf 88' lang='lat' dir='ltr'><strong>pcr</strong></span> <span class='ocrx_word' id='word_1_193' title='bbox 1646 649 1704 684; x_wconf 78' lang='lat' dir='ltr'><strong>agri</strong></span> <span class='ocrx_word' id='word_1_194' title='bbox 1723 650 1791 676; x_wconf 82' lang='lat' dir='ltr'><strong>ﬁnes</strong></span> 
     </span>
    </p>
   </div>
   <div class='ocr_carea' id='block_1_29' title="bbox 1004 693 1791 733">
    <p class='ocr_par' dir='ltr' id='par_1_29' title="bbox 1004 693 1791 733">
     <span class='ocr_line' id='line_1_29' title="bbox 1004 693 1791 733; baseline -0.004 -9"><span class='ocrx_word' id='word_1_195' title='bbox 1004 702 1170 733; x_wconf 81' lang='lat' dir='ltr'><strong>aspergeret.</strong></span> <span class='ocrx_word' id='word_1_196' title='bbox 1196 697 1290 724; x_wconf 87' lang='lat' dir='ltr'><strong>Paruit</strong></span> <span class='ocrx_word' id='word_1_197' title='bbox 1312 697 1394 724; x_wconf 86' lang='lat' dir='ltr'><strong>homo</strong></span> <span class='ocrx_word' id='word_1_198' title='bbox 1414 696 1565 731; x_wconf 81' lang='lat' dir='ltr'><strong>imperatis,</strong></span> <span class='ocrx_word' id='word_1_199' title='bbox 1587 700 1614 722; x_wconf 91' lang='lat' dir='ltr'><strong>et</strong></span> <span class='ocrx_word' id='word_1_200' title='bbox 1641 694 1714 730; x_wconf 82' lang='lat' dir='ltr'><strong>agris</strong></span> <span class='ocrx_word' id='word_1_201' title='bbox 1737 693 1791 721; x_wconf 85' lang='lat' dir='ltr'><strong>illis</strong></span> 
     </span>
    </p>
   </div>
   <div class='ocr_carea' id='block_1_30' title="bbox 1004 739 1787 777">
    <p class='ocr_par' dir='ltr' id='par_1_30' title="bbox 1004 739 1787 777">
     <span class='ocr_line' id='line_1_30' title="bbox 1004 739 1787 777; baseline -0.006 -8"><span class='ocrx_word' id='word_1_202' title='bbox 1004 742 1054 769; x_wconf 80' lang='lat' dir='ltr'><strong>fuit</strong></span> <span class='ocrx_word' id='word_1_203' title='bbox 1073 750 1141 777; x_wconf 84' lang='lat' dir='ltr'><strong>aqua</strong></span> <span class='ocrx_word' id='word_1_204' title='bbox 1158 750 1206 777; x_wconf 87' lang='lat' dir='ltr'><strong>pro</strong></span> <span class='ocrx_word' id='word_1_205' title='bbox 1224 743 1293 769; x_wconf 87' lang='lat' dir='ltr'><strong>vallo</strong></span> <span class='ocrx_word' id='word_1_206' title='bbox 1328 742 1531 776; x_wconf 68' lang='lat' dir='ltr'><strong>inexpugnabili</strong></span> <span class='ocrx_word' id='word_1_207' title='bbox 1561 745 1641 775; x_wconf 77' lang='lat' dir='ltr'><strong>atque</strong></span> <span class='ocrx_word' id='word_1_208' title='bbox 1670 739 1787 766; x_wconf 86' lang='lat' dir='ltr'><strong>inviola-</strong></span> 
     </span>
    </p>
   </div>
   <div class='ocr_carea' id='block_1_31' title="bbox 1004 785 1792 821">
    <p class='ocr_par' dir='ltr' id='par_1_31' title="bbox 1004 785 1792 821">
     <span class='ocr_line' id='line_1_31' title="bbox 1004 785 1792 821; baseline -0.006 -7"><span class='ocrx_word' id='word_1_209' title='bbox 1004 787 1062 816; x_wconf 92' lang='lat' dir='ltr'><strong>bili.</strong></span> <span class='ocrx_word' id='word_1_210' title='bbox 1080 787 1119 814; x_wconf 81' lang='lat' dir='ltr'><strong>Ad</strong></span> <span class='ocrx_word' id='word_1_211' title='bbox 1133 788 1264 814; x_wconf 82' lang='lat' dir='ltr'><strong>terminos</strong></span> <span class='ocrx_word' id='word_1_212' title='bbox 1275 788 1347 814; x_wconf 89' lang='lat' dir='ltr'><strong>enitn</strong></span> <span class='ocrx_word' id='word_1_213' title='bbox 1363 787 1423 815; x_wconf 90' lang='lat' dir='ltr'><strong>illos</strong></span> <span class='ocrx_word' id='word_1_214' title='bbox 1435 794 1521 821; x_wconf 89' lang='lat' dir='ltr'><strong>usque</strong></span> <span class='ocrx_word' id='word_1_215' title='bbox 1530 790 1667 821; x_wconf 77' lang='lat' dir='ltr'><strong>reptantes</strong></span> <span class='ocrx_word' id='word_1_216' title='bbox 1676 785 1792 812; x_wconf 85' lang='lat' dir='ltr'><strong>circum-</strong></span> 
     </span>
    </p>
   </div>
   <div class='ocr_carea' id='block_1_32' title="bbox 1005 829 1793 867">
    <p class='ocr_par' dir='ltr' id='par_1_32' title="bbox 1005 829 1793 867">
     <span class='ocr_line' id='line_1_32' title="bbox 1005 829 1793 867; baseline -0.001 -10"><span class='ocrx_word' id='word_1_217' title='bbox 1005 833 1186 867; x_wconf 81' lang='lat' dir='ltr'><strong>volantesque</strong></span> <span class='ocrx_word' id='word_1_218' title='bbox 1206 833 1295 859; x_wconf 81' lang='lat' dir='ltr'><strong>instar</strong></span> <span class='ocrx_word' id='word_1_219' title='bbox 1322 833 1461 860; x_wconf 79' lang='lat' dir='ltr'><strong>exercitus</strong></span> <span class='ocrx_word' id='word_1_220' title='bbox 1485 833 1609 862; x_wconf 60' lang='lat' dir='ltr'><strong>locustae,</strong></span> <span class='ocrx_word' id='word_1_221' title='bbox 1639 829 1793 858; x_wconf 76' lang='lat' dir='ltr'><strong>retrocede-</strong></span> 
     </span>
    </p>
   </div>
   <div class='ocr_carea' id='block_1_33' title="bbox 1006 877 1792 910">
    <p class='ocr_par' dir='ltr' id='par_1_33' title="bbox 1006 877 1792 910">
     <span class='ocr_line' id='line_1_33' title="bbox 1006 877 1792 910; baseline -0.005 -4"><span class='ocrx_word' id='word_1_222' title='bbox 1006 879 1071 906; x_wconf 82' lang='lat' dir='ltr'><strong>bant</strong></span> <span class='ocrx_word' id='word_1_223' title='bbox 1084 878 1150 905; x_wconf 92' lang='lat' dir='ltr'><strong>hinc</strong></span> <span class='ocrx_word' id='word_1_224' title='bbox 1164 886 1273 910; x_wconf 85' lang='lat' dir='ltr'><strong>rursus,</strong></span> <span class='ocrx_word' id='word_1_225' title='bbox 1293 879 1408 905; x_wconf 85' lang='lat' dir='ltr'><strong>inditam</strong></span> <span class='ocrx_word' id='word_1_226' title='bbox 1434 877 1653 906; x_wconf 80' lang='lat' dir='ltr'><strong>benedictionem</strong></span> <span class='ocrx_word' id='word_1_227' title='bbox 1679 877 1792 903; x_wconf 84' lang='lat' dir='ltr'><strong>extime-</strong></span> 
     </span>
    </p>
   </div>
   <div class='ocr_carea' id='block_1_34' title="bbox 168 922 952 959">
    <p class='ocr_par' dir='ltr' id='par_1_34' title="bbox 168 923 952 959">
     <span class='ocr_line' id='line_1_34' title="bbox 168 923 952 959; baseline 0.003 -10"><span class='ocrx_word' id='word_1_228' title='bbox 168 923 232 958; x_wconf 83' lang='grc' dir='ltr'>χθη,</span> <span class='ocrx_word' id='word_1_229' title='bbox 257 923 303 949; x_wconf 85' lang='grc' dir='ltr'>καὶ</span> <span class='ocrx_word' id='word_1_230' title='bbox 326 924 386 950; x_wconf 74' lang='grc' dir='ltr'>ἀντὶ</span> <span class='ocrx_word' id='word_1_231' title='bbox 412 923 510 959; x_wconf 70' lang='grc' dir='ltr'>ἕρκους</span> <span class='ocrx_word' id='word_1_232' title='bbox 534 924 642 959; x_wconf 82' lang='grc' dir='ltr'><strong>ἀμάχου</strong></span> <span class='ocrx_word' id='word_1_233' title='bbox 663 933 692 950; x_wconf 84' lang='grc' dir='ltr'><strong>τε</strong></span> <span class='ocrx_word' id='word_1_234' title='bbox 715 924 764 951; x_wconf 79' lang='grc' dir='ltr'>καὶ</span> <span class='ocrx_word' id='word_1_235' title='bbox 783 924 882 951; x_wconf 86' lang='grc' dir='ltr'><strong>ἀσύλου</strong></span> <span class='ocrx_word' id='word_1_236' title='bbox 894 926 952 956; x_wconf 88' lang='grc' dir='ltr'>ταῖς</span> 
     </span>
    </p>
   </div>
   <div class='ocr_carea' id='block_1_35' title="bbox 1001 922 1793 959">
    <p class='ocr_par' dir='ltr' id='par_1_35' title="bbox 1004 922 1793 959">
     <span class='ocr_line' id='line_1_35' title="bbox 1004 922 1793 959; baseline -0.004 -8"><span class='ocrx_word' id='word_1_237' title='bbox 1004 928 1124 957; x_wconf 86' lang='lat' dir='ltr'><strong>scentes,</strong></span> <span class='ocrx_word' id='word_1_238' title='bbox 1145 929 1172 951; x_wconf 84' lang='lat' dir='ltr'><strong>et</strong></span> <span class='ocrx_word' id='word_1_239' title='bbox 1196 930 1326 959; x_wconf 89' lang='lat' dir='ltr'><strong>tanquant</strong></span> <span class='ocrx_word' id='word_1_240' title='bbox 1343 925 1420 951; x_wconf 84' lang='lat' dir='ltr'><strong>i‘reno</strong></span> <span class='ocrx_word' id='word_1_241' title='bbox 1437 923 1555 958; x_wconf 88' lang='lat' dir='ltr'><strong>quodam</strong></span> <span class='ocrx_word' id='word_1_242' title='bbox 1569 922 1699 954; x_wconf 68' lang='lat' dir='ltr'><strong>iultibitte,</strong></span> <span class='ocrx_word' id='word_1_243' title='bbox 1712 925 1793 956; x_wconf 82' lang='lat' dir='ltr'><strong>atque</strong></span> 
     </span>
    </p>
   </div>
   <div class='ocr_carea' id='block_1_36' title="bbox 168 969 954 1007">
    <p class='ocr_par' dir='ltr' id='par_1_36' title="bbox 168 969 954 1007">
     <span class='ocr_line' id='line_1_36' title="bbox 168 969 954 1007; baseline 0.003 -11"><span class='ocrx_word' id='word_1_244' title='bbox 168 969 300 1005; x_wconf 81' lang='grc' dir='ltr'>ἀρούραις</span> <span class='ocrx_word' id='word_1_245' title='bbox 322 971 440 1002; x_wconf 79' lang='grc' dir='ltr'>ὲκείναις</span> <span class='ocrx_word' id='word_1_246' title='bbox 469 970 586 1005; x_wconf 79' lang='grc' dir='ltr'>ἐγένετο.</span> <span class='ocrx_word' id='word_1_247' title='bbox 613 971 701 1007; x_wconf 81' lang='grc' dir='ltr'>Μέχρι</span> <span class='ocrx_word' id='word_1_248' title='bbox 726 971 780 1007; x_wconf 88' lang='grc' dir='ltr'><strong>γὰρ</strong></span> <span class='ocrx_word' id='word_1_249' title='bbox 805 971 859 998; x_wconf 83' lang='grc' dir='ltr'><strong>τῶν</strong></span> <span class='ocrx_word' id='word_1_250' title='bbox 884 972 954 1006; x_wconf 84' lang='grc' dir='ltr'>ὅρων</span> 
     </span>
    </p>
   </div>
   <div class='ocr_carea' id='block_1_37' title="bbox 167 1014 955 1052">
    <p class='ocr_par' dir='ltr' id='par_1_37' title="bbox 167 1014 955 1052">
     <span class='ocr_line' id='line_1_37' title="bbox 167 1014 955 1052; baseline 0.004 -11"><span class='ocrx_word' id='word_1_251' title='bbox 167 1014 279 1042; x_wconf 80' lang='grc' dir='ltr'>ἐκείνων</span> <span class='ocrx_word' id='word_1_252' title='bbox 307 1015 440 1051; x_wconf 80' lang='grc' dir='ltr'>ἓρπουσαί</span> <span class='ocrx_word' id='word_1_253' title='bbox 458 1024 487 1042; x_wconf 86' lang='grc' dir='ltr'><strong>τε</strong></span> <span class='ocrx_word' id='word_1_254' title='bbox 507 1016 553 1043; x_wconf 74' lang='grc' dir='ltr'>καὶ</span> <span class='ocrx_word' id='word_1_255' title='bbox 571 1017 783 1052; x_wconf 83' lang='grc' dir='ltr'>περιπετόμεναι</span> <span class='ocrx_word' id='word_1_256' title='bbox 805 1017 955 1052; x_wconf 83' lang='grc' dir='ltr'>στρατοπέ-</span> 
     </span>
    </p>
   </div>
   <div class='ocr_carea' id='block_1_38' title="bbox 166 1059 954 1099">
    <p class='ocr_par' dir='ltr' id='par_1_38' title="bbox 166 1059 954 1099">
     <span class='ocr_line' id='line_1_38' title="bbox 166 1059 954 1099; baseline 0.005 -13"><span class='ocrx_word' id='word_1_257' title='bbox 166 1059 220 1086; x_wconf 84' lang='grc' dir='ltr'>δων</span> <span class='ocrx_word' id='word_1_258' title='bbox 236 1060 313 1096; x_wconf 85' lang='grc' dir='ltr'>δίκην</span> <span class='ocrx_word' id='word_1_259' title='bbox 331 1061 358 1087; x_wconf 81' lang='grc' dir='ltr'>αἱ</span> <span class='ocrx_word' id='word_1_260' title='bbox 382 1061 502 1097; x_wconf 79' lang='grc' dir='ltr'><strong>ἀκρίδες,</strong></span> <span class='ocrx_word' id='word_1_261' title='bbox 525 1062 565 1093; x_wconf 80' lang='grc' dir='ltr'>εἰς</span> <span class='ocrx_word' id='word_1_262' title='bbox 583 1061 703 1089; x_wconf 73' lang='grc' dir='ltr'><strong>¹ιιούπίιιω</strong></span> <span class='ocrx_word' id='word_1_263' title='bbox 726 1062 806 1089; x_wconf 87' lang='grc' dir='ltr'>πάλιν</span> <span class='ocrx_word' id='word_1_264' title='bbox 823 1062 954 1099; x_wconf 80' lang='grc' dir='ltr'>ἐχώρουν,</span> 
     </span>
    </p>
   </div>
   <div class='ocr_carea' id='block_1_39' title="bbox 167 1105 954 1145">
    <p class='ocr_par' dir='ltr' id='par_1_39' title="bbox 167 1105 954 1145">
     <span class='ocr_line' id='line_1_39' title="bbox 167 1105 954 1145; baseline 0.005 -13"><span class='ocrx_word' id='word_1_265' title='bbox 167 1106 217 1141; x_wconf 84' lang='grc' dir='ltr'>τὴν</span> <span class='ocrx_word' id='word_1_266' title='bbox 231 1105 402 1133; x_wconf 79' lang='grc' dir='ltr'>ἐπιτεθεῖσαν</span> <span class='ocrx_word' id='word_1_267' title='bbox 428 1107 553 1141; x_wconf 74' lang='grc' dir='ltr'>εὐλογίαν</span> <span class='ocrx_word' id='word_1_268' title='bbox 580 1107 776 1142; x_wconf 80' lang='grc' dir='ltr'>δειμαίνουσαι,</span> <span class='ocrx_word' id='word_1_269' title='bbox 792 1109 838 1135; x_wconf 73' lang='grc' dir='ltr'>καὶ.</span> <span class='ocrx_word' id='word_1_270' title='bbox 860 1109 954 1145; x_wconf 82' lang='grc' dir='ltr'>ὥσπερ</span> 
     </span>
    </p>
   </div>
   <div class='ocr_carea' id='block_1_40' title="bbox 166 1151 955 1189">
    <p class='ocr_par' dir='ltr' id='par_1_40' title="bbox 166 1151 955 1189">
     <span class='ocr_line' id='line_1_40' title="bbox 166 1151 955 1189; baseline 0.006 -13"><span class='ocrx_word' id='word_1_271' title='bbox 166 1151 221 1177; x_wconf 81' lang='grc' dir='ltr'>τιν).</span> <span class='ocrx_word' id='word_1_272' title='bbox 234 1151 334 1186; x_wconf 83' lang='grc' dir='ltr'>χαλινῷ</span> <span class='ocrx_word' id='word_1_273' title='bbox 353 1152 524 1187; x_wconf 82' lang='grc' dir='ltr'>ἁγχόμεναι,</span> <span class='ocrx_word' id='word_1_274' title='bbox 544 1154 591 1180; x_wconf 75' lang='grc' dir='ltr'>καὶ</span> <span class='ocrx_word' id='word_1_275' title='bbox 618 1153 666 1179; x_wconf 75' lang='grc' dir='ltr'><strong>ἐπὶ</strong></span> <span class='ocrx_word' id='word_1_276' title='bbox 684 1152 714 1178; x_wconf 80' lang='grc' dir='ltr'><strong>τὺ</strong></span> <span class='ocrx_word' id='word_1_277' title='bbox 738 1154 831 1188; x_wconf 69' lang='grc' dir='ltr'>πρόσω</span> <span class='ocrx_word' id='word_1_278' title='bbox 856 1156 955 1189; x_wconf 86' lang='grc' dir='ltr'>χωρεῖν</span> 
     </span>
    </p>
   </div>
   <div class='ocr_carea' id='block_1_41' title="bbox 168 1196 955 1234">
    <p class='ocr_par' dir='ltr' id='par_1_41' title="bbox 168 1196 955 1234">
     <span class='ocr_line' id='line_1_41' title="bbox 168 1196 955 1234; baseline 0.004 -12"><span class='ocrx_word' id='word_1_279' title='bbox 168 1196 350 1231; x_wconf 83' lang='grc' dir='ltr'>κωλυόμεναι.</span> <span class='ocrx_word' id='word_1_280' title='bbox 378 1197 433 1223; x_wconf 74' lang='grc' dir='ltr'>Καὶ</span> <span class='ocrx_word' id='word_1_281' title='bbox 457 1197 483 1223; x_wconf 89' lang='grc' dir='ltr'><strong>τί</strong></span> <span class='ocrx_word' id='word_1_282' title='bbox 509 1197 550 1223; x_wconf 83' lang='grc' dir='ltr'><strong>δεῖ</strong></span> <span class='ocrx_word' id='word_1_283' title='bbox 572 1197 662 1224; x_wconf 84' lang='grc' dir='ltr'>πάντα</span> <span class='ocrx_word' id='word_1_284' title='bbox 684 1198 772 1231; x_wconf 84' lang='grc' dir='ltr'>λέγειν</span> <span class='ocrx_word' id='word_1_285' title='bbox 787 1198 820 1225; x_wconf 82' lang='grc' dir='ltr'>τὰ</span> <span class='ocrx_word' id='word_1_286' title='bbox 842 1199 955 1234; x_wconf 82' lang='grc' dir='ltr'>ὑπὸτῆς</span> 
     </span>
    </p>
   </div>
   <div class='ocr_carea' id='block_1_42' title="bbox 169 1241 954 1280">
    <p class='ocr_par' dir='ltr' id='par_1_42' title="bbox 169 1241 954 1280">
     <span class='ocr_line' id='line_1_42' title="bbox 169 1241 954 1280; baseline 0.005 -13"><span class='ocrx_word' id='word_1_287' title='bbox 169 1241 308 1276; x_wconf 76' lang='grc' dir='ltr'>μακαρίας</span> <span class='ocrx_word' id='word_1_288' title='bbox 326 1242 434 1276; x_wconf 79' lang='grc' dir='ltr'>ἐκείνης</span> <span class='ocrx_word' id='word_1_289' title='bbox 449 1241 648 1278; x_wconf 76' lang='grc' dir='ltr'>ἐξειργασμένα</span> <span class='ocrx_word' id='word_1_290' title='bbox 662 1243 766 1279; x_wconf 55' lang='grc' dir='ltr'>ψυχῆς</span> <span class='ocrx_word' id='word_1_291' title='bbox 795 1244 884 1271; x_wconf 82' lang='grc' dir='ltr'>Ἱκανὰ</span> <span class='ocrx_word' id='word_1_292' title='bbox 901 1245 954 1280; x_wconf 78' lang='grc' dir='ltr'><strong>γὰρ</strong></span> 
     </span>
    </p>
   </div>
   <div class='ocr_carea' id='block_1_43' title="bbox 167 1287 954 1324">
    <p class='ocr_par' dir='ltr' id='par_1_43' title="bbox 167 1287 954 1324">
     <span class='ocr_line' id='line_1_43' title="bbox 167 1287 954 1324; baseline 0.005 -11"><span class='ocrx_word' id='word_1_293' title='bbox 167 1287 216 1314; x_wconf 77' lang='grc' dir='ltr'>καὶ</span> <span class='ocrx_word' id='word_1_294' title='bbox 233 1287 319 1314; x_wconf 84' lang='grc' dir='ltr'>ταῦτα</span> <span class='ocrx_word' id='word_1_295' title='bbox 344 1287 394 1322; x_wconf 80' lang='grc' dir='ltr'><strong>τῆς</strong></span> <span class='ocrx_word' id='word_1_296' title='bbox 408 1288 566 1322; x_wconf 86' lang='grc' dir='ltr'>ἐνοικούσης</span> <span class='ocrx_word' id='word_1_297' title='bbox 583 1289 658 1324; x_wconf 81' lang='grc' dir='ltr'>αὐτῷ</span> <span class='ocrx_word' id='word_1_298' title='bbox 686 1289 797 1324; x_wconf 82' lang='grc' dir='ltr'>χάριτος</span> <span class='ocrx_word' id='word_1_299' title='bbox 822 1291 954 1324; x_wconf 76' lang='grc' dir='ltr'>ἐπιδεῖξαι</span> 
     </span>
    </p>
   </div>
   <div class='ocr_carea' id='block_1_44' title="bbox 169 1333 955 1371">
    <p class='ocr_par' dir='ltr' id='par_1_44' title="bbox 169 1333 955 1371">
     <span class='ocr_line' id='line_1_44' title="bbox 169 1333 955 1371; baseline 0.005 -13"><span class='ocrx_word' id='word_1_300' title='bbox 169 1333 217 1367; x_wconf 80' lang='grc' dir='ltr'>τὴν</span> <span class='ocrx_word' id='word_1_301' title='bbox 234 1333 341 1368; x_wconf 70' lang='grc' dir='ltr'>αἴγλην.</span> <span class='ocrx_word' id='word_1_302' title='bbox 358 1333 458 1360; x_wconf 81' lang='grc' dir='ltr'>Τούτου</span> <span class='ocrx_word' id='word_1_303' title='bbox 474 1333 552 1368; x_wconf 82' lang='grc' dir='ltr'><strong>κάγὼ</strong></span> <span class='ocrx_word' id='word_1_304' title='bbox 570 1334 669 1370; x_wconf 69' lang='grc' dir='ltr'>θεατὴς</span> <span class='ocrx_word' id='word_1_305' title='bbox 684 1335 827 1371; x_wconf 79' lang='grc' dir='ltr'>ἐγενόμην,</span> <span class='ocrx_word' id='word_1_306' title='bbox 843 1336 890 1362; x_wconf 76' lang='grc' dir='ltr'>καὶ</span> <span class='ocrx_word' id='word_1_307' title='bbox 905 1336 955 1371; x_wconf 80' lang='grc' dir='ltr'>τῆς</span> 
     </span>
    </p>
   </div>
   <div class='ocr_carea' id='block_1_45' title="bbox 169 1378 954 1416">
    <p class='ocr_par' dir='ltr' id='par_1_45' title="bbox 169 1378 954 1416">
     <span class='ocr_line' id='line_1_45' title="bbox 169 1378 954 1416; baseline 0.003 -12"><span class='ocrx_word' id='word_1_308' title='bbox 169 1378 248 1411; x_wconf 84' lang='grc' dir='ltr'>ἁγίας</span> <span class='ocrx_word' id='word_1_309' title='bbox 264 1379 371 1413; x_wconf 79' lang='grc' dir='ltr'>ἐκείνης</span> <span class='ocrx_word' id='word_1_310' title='bbox 385 1378 475 1411; x_wconf 79' lang='grc' dir='ltr'>δεξιᾶς</span> <span class='ocrx_word' id='word_1_311' title='bbox 491 1379 539 1414; x_wconf 80' lang='grc' dir='ltr'>τὴν</span> <span class='ocrx_word' id='word_1_312' title='bbox 551 1379 676 1413; x_wconf 78' lang='grc' dir='ltr'>εὐλογίαν</span> <span class='ocrx_word' id='word_1_313' title='bbox 693 1380 841 1415; x_wconf 80' lang='grc' dir='ltr'>ὲτρύγησα,</span> <span class='ocrx_word' id='word_1_314' title='bbox 857 1380 954 1416; x_wconf 80' lang='grc' dir='ltr'>μειρά-</span> 
     </span>
    </p>
   </div>
   <div class='ocr_carea' id='block_1_46' title="bbox 167 1422 953 1460">
    <p class='ocr_par' dir='ltr' id='par_1_46' title="bbox 167 1422 953 1460">
     <span class='ocr_line' id='line_1_46' title="bbox 167 1422 953 1460; baseline 0.005 -12"><span class='ocrx_word' id='word_1_315' title='bbox 167 1431 226 1448; x_wconf 87' lang='grc' dir='ltr'>κιον</span> <span class='ocrx_word' id='word_1_316' title='bbox 239 1423 288 1457; x_wconf 82' lang='grc' dir='ltr'>μὲν</span> <span class='ocrx_word' id='word_1_317' title='bbox 298 1422 335 1449; x_wconf 78' lang='grc' dir='ltr'>ὢν</span> <span class='ocrx_word' id='word_1_318' title='bbox 352 1423 401 1453; x_wconf 80' lang='grc' dir='ltr'>Ξτι,</span> <span class='ocrx_word' id='word_1_319' title='bbox 420 1424 493 1459; x_wconf 81' lang='grc' dir='ltr'>τῇδὲ</span> <span class='ocrx_word' id='word_1_320' title='bbox 512 1425 598 1459; x_wconf 82' lang='grc' dir='ltr'>μητρὶ</span> <span class='ocrx_word' id='word_1_321' title='bbox 623 1425 790 1460; x_wconf 75' lang='grc' dir='ltr'>κοινωνήσας</span> <span class='ocrx_word' id='word_1_322' title='bbox 812 1425 860 1460; x_wconf 79' lang='grc' dir='ltr'>τῆς</span> <span class='ocrx_word' id='word_1_323' title='bbox 885 1425 953 1460; x_wconf 81' lang='grc' dir='ltr'>πρὸς</span> 
     </span>
    </p>
   </div>
   <div class='ocr_carea' id='block_1_47' title="bbox 166 1469 954 1506">
    <p class='ocr_par' dir='ltr' id='par_1_47' title="bbox 166 1469 954 1506">
     <span class='ocr_line' id='line_1_47' title="bbox 166 1469 954 1506; baseline 0.004 -12"><span class='ocrx_word' id='word_1_324' title='bbox 166 1469 212 1494; x_wconf 74' lang='grc' dir='ltr'><strong>τὸν</strong></span> <span class='ocrx_word' id='word_1_325' title='bbox 227 1469 310 1504; x_wconf 75' lang='grc' dir='ltr'>ἄνδρα</span> <span class='ocrx_word' id='word_1_326' title='bbox 336 1470 458 1505; x_wconf 86' lang='grc' dir='ltr'>πορείας.</span> <span class='ocrx_word' id='word_1_327' title='bbox 478 1471 530 1496; x_wconf 84' lang='grc' dir='ltr'><strong>Καὶ</strong></span> <span class='ocrx_word' id='word_1_328' title='bbox 551 1470 634 1506; x_wconf 81' lang='grc' dir='ltr'>αὐτὴν</span> <span class='ocrx_word' id='word_1_329' title='bbox 657 1470 706 1506; x_wconf 77' lang='grc' dir='ltr'>μὲν</span> <span class='ocrx_word' id='word_1_330' title='bbox 731 1471 800 1497; x_wconf 85' lang='grc' dir='ltr'>κατὰ</span> <span class='ocrx_word' id='word_1_331' title='bbox 816 1471 846 1497; x_wconf 86' lang='grc' dir='ltr'>τὸ</span> <span class='ocrx_word' id='word_1_332' title='bbox 860 1471 954 1503; x_wconf 76' lang='grc' dir='ltr'>εἰωθὸς</span> 
     </span>
    </p>
   </div>
   <div class='ocr_carea' id='block_1_48' title="bbox 167 1514 955 1551">
    <p class='ocr_par' dir='ltr' id='par_1_48' title="bbox 167 1514 955 1551">
     <span class='ocr_line' id='line_1_48' title="bbox 167 1514 955 1551; baseline 0.005 -11"><span class='ocrx_word' id='word_1_333' title='bbox 167 1514 314 1551; x_wconf 62' lang='lat' dir='ltr'><strong>bur/055a;</strong></span> <span class='ocrx_word' id='word_1_334' title='bbox 339 1515 388 1547; x_wconf 80' lang='grc' dir='ltr'><strong>τὴν</strong></span> <span class='ocrx_word' id='word_1_335' title='bbox 414 1515 499 1551; x_wconf 73' lang='grc' dir='ltr'>θύραν</span> <span class='ocrx_word' id='word_1_336' title='bbox 527 1517 669 1550; x_wconf 77' lang='grc' dir='ltr'>διαλέξεώς</span> <span class='ocrx_word' id='word_1_337' title='bbox 695 1526 725 1543; x_wconf 83' lang='grc' dir='ltr'><strong>τε</strong></span> <span class='ocrx_word' id='word_1_338' title='bbox 754 1518 802 1544; x_wconf 78' lang='grc' dir='ltr'>καὶ</span> <span class='ocrx_word' id='word_1_339' title='bbox 829 1518 955 1551; x_wconf 79' lang='grc' dir='ltr'>εὐλογίας</span> 
     </span>
    </p>
   </div>
   <div class='ocr_carea' id='block_1_49' title="bbox 167 1549 954 1598">
    <p class='ocr_par' dir='ltr' id='par_1_49' title="bbox 167 1549 954 1598">
     <span class='ocr_line' id='line_1_49' title="bbox 167 1549 954 1598; baseline 0.005 -13"><span class='ocrx_word' id='word_1_340' title='bbox 167 1560 282 1594; x_wconf 65' lang='grc' dir='ltr'>ἠξίωσεν</span> <span class='ocrx_word' id='word_1_341' title='bbox 294 1549 367 1596; x_wconf 24' lang='grc' dir='ltr'>τγέμὲ</span> <span class='ocrx_word' id='word_1_342' title='bbox 379 1561 406 1587; x_wconf 79' lang='grc' dir='ltr'>δὲ</span> <span class='ocrx_word' id='word_1_343' title='bbox 417 1561 606 1596; x_wconf 84' lang='grc' dir='ltr'>εἱσδεξάμενος</span> <span class='ocrx_word' id='word_1_344' title='bbox 619 1561 703 1594; x_wconf 77' lang='grc' dir='ltr'>ἔνδον,</span> <span class='ocrx_word' id='word_1_345' title='bbox 717 1562 764 1588; x_wconf 82' lang='grc' dir='ltr'>τοῦ</span> <span class='ocrx_word' id='word_1_346' title='bbox 775 1563 826 1597; x_wconf 82' lang='grc' dir='ltr'>τῆς</span> <span class='ocrx_word' id='word_1_347' title='bbox 839 1572 954 1598; x_wconf 84' lang='grc' dir='ltr'>προσευ-</span> 
     </span>
    </p>
   </div>
   <div class='ocr_carea' id='block_1_50' title="bbox 988 969 1792 1005">
    <p class='ocr_par' dir='ltr' id='par_1_50' title="bbox 988 969 1792 1005">
     <span class='ocr_line' id='line_1_50' title="bbox 988 969 1792 1005; baseline -0.002 -9"><span class='ocrx_word' id='word_1_348' title='bbox 988 990 990 993; x_wconf 89' lang='grc'>.</span> <span class='ocrx_word' id='word_1_349' title='bbox 1008 970 1124 997; x_wconf 89' lang='lat' dir='ltr'><strong>ulterius</strong></span> <span class='ocrx_word' id='word_1_350' title='bbox 1144 971 1271 1005; x_wconf 81' lang='lat' dir='ltr'><strong>progredi</strong></span> <span class='ocrx_word' id='word_1_351' title='bbox 1288 970 1387 997; x_wconf 60' lang='lat' dir='ltr'><strong>vetita.</strong></span> <span class='ocrx_word' id='word_1_352' title='bbox 1405 969 1476 1002; x_wconf 90' lang='lat' dir='ltr'><strong>Quid</strong></span> <span class='ocrx_word' id='word_1_353' title='bbox 1491 976 1574 1004; x_wconf 89' lang='lat' dir='ltr'><strong>porro</strong></span> <span class='ocrx_word' id='word_1_354' title='bbox 1589 969 1686 996; x_wconf 81' lang='lat' dir='ltr'><strong>attinet</strong></span> <span class='ocrx_word' id='word_1_355' title='bbox 1700 969 1792 995; x_wconf 80' lang='lat' dir='ltr'><strong>omnia</strong></span> 
     </span>
    </p>
   </div>
   <div class='ocr_carea' id='block_1_51' title="bbox 986 1014 1792 1050">
    <p class='ocr_par' dir='ltr' id='par_1_51' title="bbox 986 1014 1792 1050">
     <span class='ocr_line' id='line_1_51' title="bbox 986 1014 1792 1050; baseline -0.004 -8"><span class='ocrx_word' id='word_1_356' title='bbox 986 1023 1065 1050; x_wconf 69' lang='lat' dir='ltr'><strong>-qute</strong></span> <span class='ocrx_word' id='word_1_357' title='bbox 1081 1023 1095 1041; x_wconf 92' lang='lat' dir='ltr'><strong>a</strong></span> <span class='ocrx_word' id='word_1_358' title='bbox 1114 1015 1191 1042; x_wconf 86' lang='lat' dir='ltr'><strong>beata</strong></span> <span class='ocrx_word' id='word_1_359' title='bbox 1219 1015 1265 1042; x_wconf 86' lang='lat' dir='ltr'><strong>illa</strong></span> <span class='ocrx_word' id='word_1_360' title='bbox 1293 1016 1385 1042; x_wconf 87' lang='lat' dir='ltr'><strong>anima</strong></span> <span class='ocrx_word' id='word_1_361' title='bbox 1409 1019 1485 1050; x_wconf 85' lang='lat' dir='ltr'><strong>gesta</strong></span> <span class='ocrx_word' id='word_1_362' title='bbox 1510 1019 1573 1042; x_wconf 82' lang='lat' dir='ltr'><strong>sunt</strong></span> <span class='ocrx_word' id='word_1_363' title='bbox 1597 1014 1700 1046; x_wconf 80' lang='lat' dir='ltr'><strong>dicere,</strong></span> <span class='ocrx_word' id='word_1_364' title='bbox 1731 1021 1792 1040; x_wconf 88' lang='lat' dir='ltr'><strong>cum</strong></span> 
     </span>
    </p>
   </div>
   <div class='ocr_carea' id='block_1_52' title="bbox 1007 1059 1794 1095">
    <p class='ocr_par' dir='ltr' id='par_1_52' title="bbox 1007 1059 1794 1095">
     <span class='ocr_line' id='line_1_52' title="bbox 1007 1059 1794 1095; baseline -0.001 -8"><span class='ocrx_word' id='word_1_365' title='bbox 1007 1059 1143 1087; x_wconf 73' lang='lat' dir='ltr'><strong>sufﬁciant</strong></span> <span class='ocrx_word' id='word_1_366' title='bbox 1161 1060 1223 1092; x_wconf 88' lang='lat' dir='ltr'><strong>ista,</strong></span> <span class='ocrx_word' id='word_1_367' title='bbox 1242 1064 1270 1087; x_wconf 91' lang='lat' dir='ltr'><strong>ut</strong></span> <span class='ocrx_word' id='word_1_368' title='bbox 1287 1060 1455 1087; x_wconf 81' lang='lat' dir='ltr'><strong>habitantem</strong></span> <span class='ocrx_word' id='word_1_369' title='bbox 1471 1061 1497 1087; x_wconf 93' lang='lat' dir='ltr'><strong>in</strong></span> <span class='ocrx_word' id='word_1_370' title='bbox 1514 1068 1546 1087; x_wconf 92' lang='lat' dir='ltr'><strong>eo</strong></span> <span class='ocrx_word' id='word_1_371' title='bbox 1565 1061 1658 1095; x_wconf 70' lang='lat' dir='ltr'><strong>gratia:</strong></span> <span class='ocrx_word' id='word_1_372' title='bbox 1668 1059 1794 1094; x_wconf 86' lang='lat' dir='ltr'><strong>splendo-</strong></span> 
     </span>
    </p>
   </div>
   <div class='ocr_carea' id='block_1_53' title="bbox 1006 1105 1794 1140">
    <p class='ocr_par' dir='ltr' id='par_1_53' title="bbox 1006 1105 1794 1140">
     <span class='ocr_line' id='line_1_53' title="bbox 1006 1105 1794 1140; baseline -0.003 -7"><span class='ocrx_word' id='word_1_373' title='bbox 1006 1114 1063 1134; x_wconf 88' lang='lat' dir='ltr'><strong>rem</strong></span> <span class='ocrx_word' id='word_1_374' title='bbox 1076 1106 1267 1133; x_wconf 88' lang='lat' dir='ltr'><strong>detnonstrcut</strong></span> <span class='ocrx_word' id='word_1_375' title='bbox 1278 1106 1290 1132; x_wconf 84' lang='lat'>?</span> <span class='ocrx_word' id='word_1_376' title='bbox 1301 1105 1394 1134; x_wconf 92' lang='lat' dir='ltr'><strong>Oculis</strong></span> <span class='ocrx_word' id='word_1_377' title='bbox 1410 1106 1487 1133; x_wconf 90' lang='lat' dir='ltr'><strong>iliutn</strong></span> <span class='ocrx_word' id='word_1_378' title='bbox 1508 1106 1566 1140; x_wconf 87' lang='lat' dir='ltr'><strong>ipse</strong></span> <span class='ocrx_word' id='word_1_379' title='bbox 1574 1105 1716 1140; x_wconf 80' lang='lat' dir='ltr'><strong>conspexi,</strong></span> <span class='ocrx_word' id='word_1_380' title='bbox 1730 1112 1794 1132; x_wconf 86' lang='lat' dir='ltr'><strong>san-</strong></span> 
     </span>
    </p>
   </div>
   <div class='ocr_carea' id='block_1_54' title="bbox 1006 1151 1792 1187">
    <p class='ocr_par' dir='ltr' id='par_1_54' title="bbox 1006 1151 1792 1187">
     <span class='ocr_line' id='line_1_54' title="bbox 1006 1151 1792 1187; baseline 0.003 -10"><span class='ocrx_word' id='word_1_381' title='bbox 1006 1155 1111 1186; x_wconf 68' lang='lat' dir='ltr'><strong>ctmque</strong></span> <span class='ocrx_word' id='word_1_382' title='bbox 1130 1151 1206 1178; x_wconf 80' lang='lat' dir='ltr'><strong>illius</strong></span> <span class='ocrx_word' id='word_1_383' title='bbox 1223 1151 1343 1179; x_wconf 69' lang='lat' dir='ltr'><strong>dextera:</strong></span> <span class='ocrx_word' id='word_1_384' title='bbox 1359 1151 1579 1179; x_wconf 85' lang='lat' dir='ltr'><strong>benedictionem</strong></span> <span class='ocrx_word' id='word_1_385' title='bbox 1596 1153 1715 1187; x_wconf 86' lang='lat' dir='ltr'><strong>percepi,</strong></span> <span class='ocrx_word' id='word_1_386' title='bbox 1729 1160 1792 1179; x_wconf 79' lang='lat' dir='ltr'><strong>eum</strong></span> 
     </span>
    </p>
   </div>
   <div class='ocr_carea' id='block_1_55' title="bbox 1007 1197 1792 1233">
    <p class='ocr_par' dir='ltr' id='par_1_55' title="bbox 1007 1197 1792 1233">
     <span class='ocr_line' id='line_1_55' title="bbox 1007 1197 1792 1233; baseline 0.003 -10"><span class='ocrx_word' id='word_1_387' title='bbox 1007 1197 1232 1225; x_wconf 83' lang='lat' dir='ltr'><strong>adolescentulus</strong></span> <span class='ocrx_word' id='word_1_388' title='bbox 1250 1197 1340 1224; x_wconf 87' lang='lat' dir='ltr'><strong>adhuc</strong></span> <span class='ocrx_word' id='word_1_389' title='bbox 1358 1202 1474 1225; x_wconf 82' lang='lat' dir='ltr'><strong>matrem</strong></span> <span class='ocrx_word' id='word_1_390' title='bbox 1502 1198 1536 1224; x_wconf 87' lang='lat' dir='ltr'><strong>ad</strong></span> <span class='ocrx_word' id='word_1_391' title='bbox 1550 1205 1612 1225; x_wconf 88' lang='lat' dir='ltr'><strong>eum</strong></span> <span class='ocrx_word' id='word_1_392' title='bbox 1643 1197 1792 1233; x_wconf 84' lang='lat' dir='ltr'><strong>profectam</strong></span> 
     </span>
    </p>
   </div>
   <div class='ocr_carea' id='block_1_56' title="bbox 987 1242 1794 1278">
    <p class='ocr_par' dir='ltr' id='par_1_56' title="bbox 987 1242 1794 1278">
     <span class='ocr_line' id='line_1_56' title="bbox 987 1242 1794 1278; baseline 0 -9"><span class='ocrx_word' id='word_1_393' title='bbox 987 1249 1095 1269; x_wconf 64' lang='lat' dir='ltr'><strong>essent</strong></span> <span class='ocrx_word' id='word_1_394' title='bbox 1124 1242 1282 1269; x_wconf 82' lang='lat' dir='ltr'><strong>comitatus.</strong></span> <span class='ocrx_word' id='word_1_395' title='bbox 1316 1243 1406 1277; x_wconf 81' lang='lat' dir='ltr'><strong>Atque</strong></span> <span class='ocrx_word' id='word_1_396' title='bbox 1434 1243 1507 1270; x_wconf 85' lang='lat' dir='ltr'><strong>illam</strong></span> <span class='ocrx_word' id='word_1_397' title='bbox 1528 1243 1636 1278; x_wconf 90' lang='lat' dir='ltr'><strong>quidem</strong></span> <span class='ocrx_word' id='word_1_398' title='bbox 1663 1242 1696 1269; x_wconf 89' lang='lat' dir='ltr'><strong>de</strong></span> <span class='ocrx_word' id='word_1_399' title='bbox 1717 1250 1794 1270; x_wconf 86' lang='lat' dir='ltr'><strong>more</strong></span> 
     </span>
    </p>
   </div>
   <div class='ocr_carea' id='block_1_57' title="bbox 986 1287 1794 1324">
    <p class='ocr_par' dir='ltr' id='par_1_57' title="bbox 986 1287 1794 1324">
     <span class='ocr_line' id='line_1_57' title="bbox 986 1287 1794 1324; baseline 0.004 -12"><span class='ocrx_word' id='word_1_400' title='bbox 986 1308 989 1311; x_wconf 93' lang='lat'><strong>.</strong></span> <span class='ocrx_word' id='word_1_401' title='bbox 1006 1292 1101 1323; x_wconf 84' lang='lat' dir='ltr'><strong>aperta</strong></span> <span class='ocrx_word' id='word_1_402' title='bbox 1129 1287 1214 1322; x_wconf 84' lang='lat' dir='ltr'><strong>janua</strong></span> <span class='ocrx_word' id='word_1_403' title='bbox 1233 1288 1372 1323; x_wconf 83' lang='lat' dir='ltr'><strong>colloquio</strong></span> <span class='ocrx_word' id='word_1_404' title='bbox 1395 1292 1422 1315; x_wconf 81' lang='lat' dir='ltr'><strong>et</strong></span> <span class='ocrx_word' id='word_1_405' title='bbox 1438 1288 1634 1316; x_wconf 83' lang='lat' dir='ltr'><strong>benedictione</strong></span> <span class='ocrx_word' id='word_1_406' title='bbox 1664 1288 1794 1324; x_wconf 75' lang='lat' dir='ltr'><strong>dignatus</strong></span> 
     </span>
    </p>
   </div>
   <div class='ocr_carea' id='block_1_58' title="bbox 1005 1335 1792 1370">
    <p class='ocr_par' dir='ltr' id='par_1_58' title="bbox 1005 1335 1792 1370">
     <span class='ocr_line' id='line_1_58' title="bbox 1005 1335 1792 1370; baseline 0 -9"><span class='ocrx_word' id='word_1_407' title='bbox 1005 1340 1047 1362; x_wconf 88' lang='lat' dir='ltr'><strong>est</strong></span> <span class='ocrx_word' id='word_1_408' title='bbox 1063 1343 1070 1362; x_wconf 73' lang='grc' dir='ltr'><strong>ι</strong></span> <span class='ocrx_word' id='word_1_409' title='bbox 1086 1342 1129 1361; x_wconf 87' lang='lat' dir='ltr'><strong>tne</strong></span> <span class='ocrx_word' id='word_1_410' title='bbox 1146 1342 1211 1362; x_wconf 89' lang='lat' dir='ltr'><strong>vero</strong></span> <span class='ocrx_word' id='word_1_411' title='bbox 1227 1335 1418 1362; x_wconf 90' lang='lat' dir='ltr'><strong>introtttissum</strong></span> <span class='ocrx_word' id='word_1_412' title='bbox 1438 1342 1554 1370; x_wconf 87' lang='lat' dir='ltr'><strong>precum</strong></span> <span class='ocrx_word' id='word_1_413' title='bbox 1568 1342 1682 1362; x_wconf 87' lang='lat' dir='ltr'><strong>suarum</strong></span> <span class='ocrx_word' id='word_1_414' title='bbox 1694 1335 1792 1370; x_wconf 83' lang='lat' dir='ltr'><strong>opibus</strong></span> 
     </span>
    </p>
   </div>
   <div class='ocr_carea' id='block_1_59' title="bbox 987 1379 1793 1416">
    <p class='ocr_par' dir='ltr' id='par_1_59' title="bbox 987 1379 1793 1416">
     <span class='ocr_line' id='line_1_59' title="bbox 987 1379 1793 1416; baseline 0 -9"><span class='ocrx_word' id='word_1_415' title='bbox 987 1380 1146 1415; x_wconf 84' lang='lat' dir='ltr'><strong>-impertiit.</strong></span> <span class='ocrx_word' id='word_1_416' title='bbox 1171 1379 1277 1413; x_wconf 86' lang='lat' dir='ltr'><strong>Quibus</strong></span> <span class='ocrx_word' id='word_1_417' title='bbox 1300 1381 1403 1407; x_wconf 80' lang='lat' dir='ltr'><strong>utinam</strong></span> <span class='ocrx_word' id='word_1_418' title='bbox 1424 1388 1497 1407; x_wconf 85' lang='lat' dir='ltr'><strong>nunc</strong></span> <span class='ocrx_word' id='word_1_419' title='bbox 1511 1387 1620 1416; x_wconf 88' lang='lat' dir='ltr'><strong>quoque</strong></span> <span class='ocrx_word' id='word_1_420' title='bbox 1634 1379 1720 1413; x_wconf 80' lang='lat' dir='ltr'><strong>fruar,</strong></span> <span class='ocrx_word' id='word_1_421' title='bbox 1745 1379 1793 1415; x_wconf 88' lang='lat' dir='ltr'><strong>qui</strong></span> 
     </span>
    </p>
   </div>
   <div class='ocr_carea' id='block_1_60' title="bbox 987 1426 1793 1461">
    <p class='ocr_par' dir='ltr' id='par_1_60' title="bbox 987 1426 1793 1461">
     <span class='ocr_line' id='line_1_60' title="bbox 987 1426 1793 1461; baseline 0.002 -9"><span class='ocrx_word' id='word_1_422' title='bbox 987 1447 989 1450; x_wconf 88' lang='lat'><strong>.</strong></span> <span class='ocrx_word' id='word_1_423' title='bbox 1005 1426 1095 1453; x_wconf 87' lang='lat' dir='ltr'><strong>vivere</strong></span> <span class='ocrx_word' id='word_1_424' title='bbox 1112 1426 1200 1461; x_wconf 90' lang='lat' dir='ltr'><strong>ipsum</strong></span> <span class='ocrx_word' id='word_1_425' title='bbox 1221 1426 1314 1459; x_wconf 89' lang='lat' dir='ltr'><strong>credo,</strong></span> <span class='ocrx_word' id='word_1_426' title='bbox 1327 1430 1354 1454; x_wconf 86' lang='lat' dir='ltr'><strong>et</strong></span> <span class='ocrx_word' id='word_1_427' title='bbox 1367 1427 1528 1461; x_wconf 78' lang='lat' dir='ltr'><strong>angelorum</strong></span> <span class='ocrx_word' id='word_1_428' title='bbox 1540 1426 1633 1454; x_wconf 88' lang='lat' dir='ltr'><strong>choris</strong></span> <span class='ocrx_word' id='word_1_429' title='bbox 1659 1427 1793 1454; x_wconf 85' lang='lat' dir='ltr'><strong>interesse</strong></span> 
     </span>
    </p>
   </div>
   <div class='ocr_carea' id='block_1_61' title="bbox 987 1472 1794 1508">
    <p class='ocr_par' dir='ltr' id='par_1_61' title="bbox 987 1472 1794 1508">
     <span class='ocr_line' id='line_1_61' title="bbox 987 1472 1794 1508; baseline 0.001 -9"><span class='ocrx_word' id='word_1_430' title='bbox 987 1472 1158 1507; x_wconf 77' lang='lat' dir='ltr'><strong>-majdrique</strong></span> <span class='ocrx_word' id='word_1_431' title='bbox 1169 1479 1249 1507; x_wconf 90' lang='lat' dir='ltr'><strong>qnant</strong></span> <span class='ocrx_word' id='word_1_432' title='bbox 1267 1473 1332 1498; x_wconf 89' lang='lat' dir='ltr'><strong>olitn</strong></span> <span class='ocrx_word' id='word_1_433' title='bbox 1348 1473 1419 1508; x_wconf 89' lang='lat' dir='ltr'><strong>apud</strong></span> <span class='ocrx_word' id='word_1_434' title='bbox 1432 1472 1515 1500; x_wconf 88' lang='lat' dir='ltr'><strong>Deum</strong></span> <span class='ocrx_word' id='word_1_435' title='bbox 1533 1473 1636 1500; x_wconf 86' lang='lat' dir='ltr'><strong>ﬁducia</strong></span> <span class='ocrx_word' id='word_1_436' title='bbox 1647 1473 1697 1500; x_wconf 88' lang='lat' dir='ltr'><strong>uti.</strong></span> <span class='ocrx_word' id='word_1_437' title='bbox 1716 1473 1794 1500; x_wconf 83' lang='lat' dir='ltr'><strong>Tunc</strong></span> 
     </span>
    </p>
   </div>
   <div class='ocr_carea' id='block_1_62' title="bbox 1004 1517 1794 1553">
    <p class='ocr_par' dir='ltr' id='par_1_62' title="bbox 1004 1517 1794 1553">
     <span class='ocr_line' id='line_1_62' title="bbox 1004 1517 1794 1553; baseline 0.003 -9"><span class='ocrx_word' id='word_1_438' title='bbox 1004 1517 1114 1552; x_wconf 83' lang='lat' dir='ltr'><strong>quidem</strong></span> <span class='ocrx_word' id='word_1_439' title='bbox 1132 1518 1249 1546; x_wconf 86' lang='lat' dir='ltr'><strong>mortale</strong></span> <span class='ocrx_word' id='word_1_440' title='bbox 1271 1518 1344 1545; x_wconf 87' lang='lat' dir='ltr'><strong>illam</strong></span> <span class='ocrx_word' id='word_1_441' title='bbox 1362 1526 1462 1553; x_wconf 89' lang='lat' dir='ltr'><strong>corpus</strong></span> <span class='ocrx_word' id='word_1_442' title='bbox 1478 1519 1652 1551; x_wconf 85' lang='lat' dir='ltr'><strong>metiebatur,</strong></span> <span class='ocrx_word' id='word_1_443' title='bbox 1668 1526 1702 1546; x_wconf 90' lang='lat' dir='ltr'><strong>ne</strong></span> <span class='ocrx_word' id='word_1_444' title='bbox 1716 1526 1794 1546; x_wconf 85' lang='lat' dir='ltr'><strong>arro-</strong></span> 
     </span>
    </p>
   </div>
   <div class='ocr_carea' id='block_1_63' title="bbox 1005 1563 1791 1600">
    <p class='ocr_par' dir='ltr' id='par_1_63' title="bbox 1005 1563 1791 1600">
     <span class='ocr_line' id='line_1_63' title="bbox 1005 1563 1791 1600; baseline 0.003 -11"><span class='ocrx_word' id='word_1_445' title='bbox 1005 1563 1102 1598; x_wconf 73' lang='lat' dir='ltr'><strong>gantia:</strong></span> <span class='ocrx_word' id='word_1_446' title='bbox 1131 1564 1305 1594; x_wconf 84' lang='lat' dir='ltr'><strong>occasionem</strong></span> <span class='ocrx_word' id='word_1_447' title='bbox 1338 1564 1496 1592; x_wconf 86' lang='lat' dir='ltr'><strong>redundans</strong></span> <span class='ocrx_word' id='word_1_448' title='bbox 1524 1564 1621 1592; x_wconf 86' lang='lat' dir='ltr'><strong>ﬁducia</strong></span> <span class='ocrx_word' id='word_1_449' title='bbox 1648 1566 1791 1600; x_wconf 64' lang='lat' dir='ltr'><strong>praeberet.</strong></span> 
     </span>
    </p>
   </div>
   <div class='ocr_carea' id='block_1_64' title="bbox 167 1606 952 1646">
    <p class='ocr_par' dir='ltr' id='par_1_64' title="bbox 167 1607 951 1641">
     <span class='ocr_line' id='line_1_64' title="bbox 167 1607 951 1641; baseline 0.005 -10"><span class='ocrx_word' id='word_1_450' title='bbox 167 1607 216 1640; x_wconf 81' lang='grc' dir='ltr'>χῆς</span> <span class='ocrx_word' id='word_1_451' title='bbox 232 1614 276 1640; x_wconf 87' lang='grc' dir='ltr'><strong>μοι</strong></span> <span class='ocrx_word' id='word_1_452' title='bbox 292 1607 427 1641; x_wconf 80' lang='grc' dir='ltr'>μετέδωκε</span> <span class='ocrx_word' id='word_1_453' title='bbox 441 1607 566 1634; x_wconf 81' lang='grc' dir='ltr'>πλούτου.</span> <span class='ocrx_word' id='word_1_454' title='bbox 582 1607 690 1640; x_wconf 83' lang='grc' dir='ltr'><strong>Ταύτης</strong></span> <span class='ocrx_word' id='word_1_455' title='bbox 706 1609 753 1635; x_wconf 79' lang='grc' dir='ltr'>καὶ</span> <span class='ocrx_word' id='word_1_456' title='bbox 771 1608 819 1634; x_wconf 75' lang='grc' dir='ltr'><strong>νῦν</strong></span> <span class='ocrx_word' id='word_1_457' title='bbox 835 1608 951 1635; x_wconf 83' lang='grc' dir='ltr'>ἀπολαύ-</span> 
     </span>
    </p>
   </div>
   <div class='ocr_carea' id='block_1_65' title="bbox 1001 1606 1791 1646">
    <p class='ocr_par' dir='ltr' id='par_1_65' title="bbox 1006 1608 1791 1646">
     <span class='ocr_line' id='line_1_65' title="bbox 1006 1608 1791 1646; baseline 0.004 -11"><span class='ocrx_word' id='word_1_458' title='bbox 1006 1608 1084 1636; x_wconf 81' lang='lat' dir='ltr'><strong>Nunc</strong></span> <span class='ocrx_word' id='word_1_459' title='bbox 1113 1617 1189 1642; x_wconf 83' lang='lat' dir='ltr'><strong>vero,</strong></span> <span class='ocrx_word' id='word_1_460' title='bbox 1219 1610 1457 1644; x_wconf 87' lang='lat' dir='ltr'><strong>perturbationum</strong></span> <span class='ocrx_word' id='word_1_461' title='bbox 1487 1619 1570 1638; x_wconf 88' lang='lat' dir='ltr'><strong>onere</strong></span> <span class='ocrx_word' id='word_1_462' title='bbox 1594 1611 1733 1646; x_wconf 83' lang='lat' dir='ltr'><strong>deposito,</strong></span> <span class='ocrx_word' id='word_1_463' title='bbox 1762 1616 1791 1638; x_wconf 92' lang='lat' dir='ltr'><strong>ut</strong></span> 
     </span>
    </p>
   </div>
   <div class='ocr_carea' id='block_1_66' title="bbox 168 1652 951 1689">
    <p class='ocr_par' dir='ltr' id='par_1_66' title="bbox 168 1652 951 1689">
     <span class='ocr_line' id='line_1_66' title="bbox 168 1652 951 1689; baseline 0.005 -13"><span class='ocrx_word' id='word_1_464' title='bbox 168 1659 256 1685; x_wconf 87' lang='grc' dir='ltr'>σαιμι,</span> <span class='ocrx_word' id='word_1_465' title='bbox 272 1652 321 1687; x_wconf 79' lang='grc' dir='ltr'><strong>ζῇν</strong></span> <span class='ocrx_word' id='word_1_466' title='bbox 338 1652 418 1678; x_wconf 64' lang='grc' dir='ltr'>αύτὶν</span> <span class='ocrx_word' id='word_1_467' title='bbox 430 1652 564 1678; x_wconf 80' lang='grc' dir='ltr'>πιστεύων</span> <span class='ocrx_word' id='word_1_468' title='bbox 576 1672 583 1684; x_wconf 83' lang='grc'><strong>,</strong></span> <span class='ocrx_word' id='word_1_469' title='bbox 606 1654 652 1679; x_wconf 75' lang='grc' dir='ltr'>καὶ</span> <span class='ocrx_word' id='word_1_470' title='bbox 667 1654 723 1685; x_wconf 84' lang='grc' dir='ltr'>τοῖς</span> <span class='ocrx_word' id='word_1_471' title='bbox 744 1653 869 1688; x_wconf 81' lang='grc' dir='ltr'>ἀγγέλοις</span> <span class='ocrx_word' id='word_1_472' title='bbox 886 1662 951 1689; x_wconf 86' lang='grc' dir='ltr'>συγ-</span> 
     </span>
    </p>
   </div>
   <div class='ocr_carea' id='block_1_67' title="bbox 165 1697 949 1736">
    <p class='ocr_par' dir='ltr' id='par_1_67' title="bbox 165 1697 949 1736">
     <span class='ocr_line' id='line_1_67' title="bbox 165 1697 949 1736; baseline 0.008 -14"><span class='ocrx_word' id='word_1_473' title='bbox 165 1697 296 1732; x_wconf 81' lang='grc' dir='ltr'>χορεύειν,</span> <span class='ocrx_word' id='word_1_474' title='bbox 314 1698 361 1724; x_wconf 78' lang='grc' dir='ltr'>καὶ</span> <span class='ocrx_word' id='word_1_475' title='bbox 374 1698 474 1725; x_wconf 85' lang='grc' dir='ltr'>πλείονι</span> <span class='ocrx_word' id='word_1_476' title='bbox 489 1699 505 1734; x_wconf 84' lang='grc' dir='ltr'>ἦ</span> <span class='ocrx_word' id='word_1_477' title='bbox 521 1699 603 1726; x_wconf 87' lang='grc' dir='ltr'>πάλαι</span> <span class='ocrx_word' id='word_1_478' title='bbox 618 1700 686 1735; x_wconf 75' lang='grc' dir='ltr'>πρὸς</span> <span class='ocrx_word' id='word_1_479' title='bbox 701 1700 746 1727; x_wconf 81' lang='grc' dir='ltr'>τὸν</span> <span class='ocrx_word' id='word_1_480' title='bbox 757 1699 823 1727; x_wconf 75' lang='grc' dir='ltr'>Θεὸν</span> <span class='ocrx_word' id='word_1_481' title='bbox 841 1701 949 1736; x_wconf 70' lang='grc' dir='ltr'>παρρη-</span> 
     </span>
    </p>
   </div>
   <div class='ocr_carea' id='block_1_68' title="bbox 1005 1653 1789 1690">
    <p class='ocr_par' dir='ltr' id='par_1_68' title="bbox 1005 1653 1789 1690">
     <span class='ocr_line' id='line_1_68' title="bbox 1005 1653 1789 1690; baseline 0.005 -11"><span class='ocrx_word' id='word_1_482' title='bbox 1005 1653 1108 1680; x_wconf 83' lang='lat' dir='ltr'><strong>athleta</strong></span> <span class='ocrx_word' id='word_1_483' title='bbox 1137 1654 1224 1680; x_wconf 88' lang='lat' dir='ltr'><strong>victor</strong></span> <span class='ocrx_word' id='word_1_484' title='bbox 1242 1655 1313 1688; x_wconf 86' lang='lat' dir='ltr'><strong>apud</strong></span> <span class='ocrx_word' id='word_1_485' title='bbox 1338 1655 1532 1690; x_wconf 84' lang='lat' dir='ltr'><strong>agonotltetam</strong></span> <span class='ocrx_word' id='word_1_486' title='bbox 1558 1657 1645 1683; x_wconf 93' lang='lat' dir='ltr'><strong>utitur</strong></span> <span class='ocrx_word' id='word_1_487' title='bbox 1678 1656 1789 1689; x_wconf 83' lang='lat' dir='ltr'><strong>ﬁducia.</strong></span> 
     </span>
    </p>
   </div>
   <div class='ocr_carea' id='block_1_69' title="bbox 1003 1699 1794 1738">
    <p class='ocr_par' dir='ltr' id='par_1_69' title="bbox 1003 1699 1794 1738">
     <span class='ocr_line' id='line_1_69' title="bbox 1003 1699 1794 1738; baseline 0.006 -12"><span class='ocrx_word' id='word_1_488' title='bbox 1003 1699 1093 1733; x_wconf 88' lang='lat' dir='ltr'><strong>Quare</strong></span> <span class='ocrx_word' id='word_1_489' title='bbox 1101 1700 1159 1734; x_wconf 86' lang='lat' dir='ltr'><strong>ejus</strong></span> <span class='ocrx_word' id='word_1_490' title='bbox 1169 1708 1278 1736; x_wconf 87' lang='lat' dir='ltr'><strong>quoque</strong></span> <span class='ocrx_word' id='word_1_491' title='bbox 1290 1702 1512 1730; x_wconf 88' lang='lat' dir='ltr'><strong>intercessionem</strong></span> <span class='ocrx_word' id='word_1_492' title='bbox 1530 1707 1558 1730; x_wconf 97' lang='lat' dir='ltr'><strong>ut</strong></span> <span class='ocrx_word' id='word_1_493' title='bbox 1568 1710 1720 1738; x_wconf 78' lang='lat' dir='ltr'><strong>consequar</strong></span> <span class='ocrx_word' id='word_1_494' title='bbox 1733 1711 1794 1731; x_wconf 84' lang='lat' dir='ltr'><strong>oro.</strong></span> 
     </span>
    </p>
   </div>
   <div class='ocr_carea' id='block_1_70' title="bbox 167 1743 1792 1784">
    <p class='ocr_par' dir='ltr' id='par_1_70' title="bbox 167 1743 1792 1784">
     <span class='ocr_line' id='line_1_70' title="bbox 167 1743 1792 1784; baseline 0.004 -16"><span class='ocrx_word' id='word_1_495' title='bbox 167 1743 213 1778; x_wconf 72' lang='grc' dir='ltr'><strong>σία</strong></span> <span class='ocrx_word' id='word_1_496' title='bbox 243 1743 404 1778; x_wconf 74' lang='grc' dir='ltr'>κεχρῆσθαι.</span> <span class='ocrx_word' id='word_1_497' title='bbox 432 1744 499 1770; x_wconf 85' lang='grc' dir='ltr'>Τότε</span> <span class='ocrx_word' id='word_1_498' title='bbox 524 1745 574 1780; x_wconf 79' lang='grc' dir='ltr'>μὲν</span> <span class='ocrx_word' id='word_1_499' title='bbox 598 1746 651 1781; x_wconf 75' lang='grc' dir='ltr'>γὰρ</span> <span class='ocrx_word' id='word_1_500' title='bbox 674 1746 742 1782; x_wconf 78' lang='grc' dir='ltr'>αὕτη</span> <span class='ocrx_word' id='word_1_501' title='bbox 772 1746 811 1781; x_wconf 82' lang='grc' dir='ltr'>τῷ</span> <span class='ocrx_word' id='word_1_502' title='bbox 834 1745 984 1781; x_wconf 83' lang='grc' dir='ltr'>θνητῷ,τοῦ</span> <span class='ocrx_word' id='word_1_503' title='bbox 998 1745 1122 1781; x_wconf 83' lang='grc' dir='ltr'>σώματος</span> <span class='ocrx_word' id='word_1_504' title='bbox 1148 1746 1305 1781; x_wconf 82' lang='grc' dir='ltr'>ὲμετρεῖτο,</span> <span class='ocrx_word' id='word_1_505' title='bbox 1337 1747 1379 1774; x_wconf 77' lang='grc' dir='ltr'>ἵνα</span> <span class='ocrx_word' id='word_1_506' title='bbox 1395 1748 1432 1783; x_wconf 83' lang='grc' dir='ltr'>μὴ</span> <span class='ocrx_word' id='word_1_507' title='bbox 1458 1749 1593 1784; x_wconf 81' lang='grc' dir='ltr'>πρόφασις</span> <span class='ocrx_word' id='word_1_508' title='bbox 1621 1749 1749 1780; x_wconf 84' lang='grc' dir='ltr'>ἀπονοίας</span> <span class='ocrx_word' id='word_1_509' title='bbox 1776 1749 1792 1783; x_wconf 84' lang='grc' dir='ltr'><strong>ὴ</strong></span> 
     </span>
    </p>
   </div>
   <div class='ocr_carea' id='block_1_71' title="bbox 167 1788 1791 1830">
    <p class='ocr_par' dir='ltr' id='par_1_71' title="bbox 167 1788 1791 1830">
     <span class='ocr_line' id='line_1_71' title="bbox 167 1788 1791 1830; baseline 0.004 -16"><span class='ocrx_word' id='word_1_510' title='bbox 167 1788 264 1815; x_wconf 85' lang='grc' dir='ltr'>πλείων</span> <span class='ocrx_word' id='word_1_511' title='bbox 277 1790 386 1824; x_wconf 80' lang='grc' dir='ltr'>γένηται</span> <span class='ocrx_word' id='word_1_512' title='bbox 403 1790 552 1826; x_wconf 66' lang='grc' dir='ltr'>παρρησία.</span> <span class='ocrx_word' id='word_1_513' title='bbox 568 1791 625 1817; x_wconf 79' lang='grc' dir='ltr'><strong>Νῦν</strong></span> <span class='ocrx_word' id='word_1_514' title='bbox 641 1791 669 1818; x_wconf 81' lang='grc' dir='ltr'><strong>δὲ</strong></span> <span class='ocrx_word' id='word_1_515' title='bbox 683 1791 735 1818; x_wconf 84' lang='grc' dir='ltr'>τῶν</span> <span class='ocrx_word' id='word_1_516' title='bbox 770 1791 862 1818; x_wconf 83' lang='grc' dir='ltr'>παθῶν</span> <span class='ocrx_word' id='word_1_517' title='bbox 898 1791 1066 1826; x_wconf 79' lang='grc' dir='ltr'>ἀποθέμενος</span> <span class='ocrx_word' id='word_1_518' title='bbox 1085 1791 1114 1817; x_wconf 78' lang='grc' dir='ltr'>τὸ</span> <span class='ocrx_word' id='word_1_519' title='bbox 1137 1791 1257 1826; x_wconf 79' lang='grc' dir='ltr'>φορτίον,</span> <span class='ocrx_word' id='word_1_520' title='bbox 1275 1793 1313 1824; x_wconf 87' lang='grc' dir='ltr'>ὼς</span> <span class='ocrx_word' id='word_1_521' title='bbox 1335 1794 1483 1828; x_wconf 81' lang='grc' dir='ltr'>νικηφόρος</span> <span class='ocrx_word' id='word_1_522' title='bbox 1508 1794 1626 1830; x_wconf 84' lang='grc' dir='ltr'>ἀθλητὴς</span> <span class='ocrx_word' id='word_1_523' title='bbox 1657 1794 1724 1830; x_wconf 77' lang='grc' dir='ltr'>πρὸς</span> <span class='ocrx_word' id='word_1_524' title='bbox 1747 1795 1791 1821; x_wconf 72' lang='grc' dir='ltr'><strong>τὸν</strong></span> 
     </span>
    </p>
   </div>
   <div class='ocr_carea' id='block_1_72' title="bbox 165 1832 1449 1874">
    <p class='ocr_par' dir='ltr' id='par_1_72' title="bbox 165 1832 1449 1874">
     <span class='ocr_line' id='line_1_72' title="bbox 165 1832 1449 1874; baseline 0.005 -15"><span class='ocrx_word' id='word_1_525' title='bbox 165 1833 333 1869; x_wconf 79' lang='grc' dir='ltr'>ἀγωνοθέτην</span> <span class='ocrx_word' id='word_1_526' title='bbox 352 1835 577 1870; x_wconf 73' lang='grc' dir='ltr'>παρρησιάζεται.</span> <span class='ocrx_word' id='word_1_527' title='bbox 596 1832 633 1861; x_wconf 66' lang='grc' dir='ltr'><strong>Οἵ)</strong></span> <span class='ocrx_word' id='word_1_528' title='bbox 653 1836 731 1871; x_wconf 81' lang='grc' dir='ltr'>χάριν</span> <span class='ocrx_word' id='word_1_529' title='bbox 751 1837 797 1862; x_wconf 81' lang='grc' dir='ltr'>καί</span> <span class='ocrx_word' id='word_1_530' title='bbox 811 1836 861 1871; x_wconf 76' lang='grc' dir='ltr'>τῆς</span> <span class='ocrx_word' id='word_1_531' title='bbox 880 1837 945 1872; x_wconf 86' lang='grc' dir='ltr'>παρ’</span> <span class='ocrx_word' id='word_1_532' title='bbox 965 1835 1047 1863; x_wconf 77' lang='grc' dir='ltr'>αὑτοῦ</span> <span class='ocrx_word' id='word_1_533' title='bbox 1062 1836 1208 1871; x_wconf 76' lang='grc' dir='ltr'>πρεσϐείας</span> <span class='ocrx_word' id='word_1_534' title='bbox 1225 1837 1337 1864; x_wconf 79' lang='grc' dir='ltr'>ἱκετεύω</span> <span class='ocrx_word' id='word_1_535' title='bbox 1349 1840 1449 1874; x_wconf 83' lang='grc' dir='ltr'>τυχεῖν.</span> 
     </span>
    </p>
   </div>
   <div class='ocr_carea' id='block_1_73' title="bbox 434 1879 783 1917">
    <p class='ocr_par' dir='ltr' id='par_1_73' title="bbox 434 1879 783 1917">
     <span class='ocr_line' id='line_1_73' title="bbox 434 1879 783 1917; baseline 0 -11"><span class='ocrx_word' id='word_1_536' title='bbox 434 1879 671 1908; x_wconf 74' lang='grc' dir='ltr'><strong>ΕΥ.-ΠΕΤΡοΣ.</strong></span> <span class='ocrx_word' id='word_1_537' title='bbox 721 1904 746 1912; x_wconf 72' lang='grc'>,.</span> <span class='ocrx_word' id='word_1_538' title='bbox 781 1914 783 1917; x_wconf 30' lang='grc' dir='ltr'><strong>η</strong></span> 
     </span>
    </p>
   </div>
   <div class='ocr_carea' id='block_1_74' title="bbox 201 1925 950 1963">
    <p class='ocr_par' dir='ltr' id='par_1_74' title="bbox 201 1925 950 1963">
     <span class='ocr_line' id='line_1_74' title="bbox 201 1925 950 1963; baseline 0.005 -12"><span class='ocrx_word' id='word_1_539' title='bbox 201 1925 322 1957; x_wconf 67' lang='grc' dir='ltr'>Γαλάτας</span> <span class='ocrx_word' id='word_1_540' title='bbox 335 1925 470 1960; x_wconf 81' lang='grc' dir='ltr'>ἀκούομεν</span> <span class='ocrx_word' id='word_1_541' title='bbox 485 1926 548 1956; x_wconf 81' lang='grc' dir='ltr'>τοὺς</span> <span class='ocrx_word' id='word_1_542' title='bbox 567 1927 595 1952; x_wconf 81' lang='grc' dir='ltr'>ὲν</span> <span class='ocrx_word' id='word_1_543' title='bbox 609 1928 642 1962; x_wconf 86' lang='grc' dir='ltr'>τῇ</span> <span class='ocrx_word' id='word_1_544' title='bbox 658 1927 775 1963; x_wconf 74' lang='grc' dir='ltr'>Εὐρώπῃ</span> <span class='ocrx_word' id='word_1_545' title='bbox 792 1929 855 1959; x_wconf 74' lang='grc' dir='ltr'>τοὺς</span> <span class='ocrx_word' id='word_1_546' title='bbox 869 1929 950 1955; x_wconf 77' lang='grc' dir='ltr'>ἑσπε-</span> 
     </span>
    </p>
   </div>
   <div class='ocr_carea' id='block_1_75' title="bbox 168 1971 951 2008">
    <p class='ocr_par' dir='ltr' id='par_1_75' title="bbox 168 1971 951 2008">
     <span class='ocr_line' id='line_1_75' title="bbox 168 1971 951 2008; baseline 0.006 -12"><span class='ocrx_word' id='word_1_547' title='bbox 168 1971 241 2006; x_wconf 80' lang='grc' dir='ltr'>ρίους</span> <span class='ocrx_word' id='word_1_548' title='bbox 256 1979 261 1985; x_wconf 93' lang='grc'>·</span> <span class='ocrx_word' id='word_1_549' title='bbox 283 1972 362 2005; x_wconf 74' lang='grc' dir='ltr'>ἴσμεν</span> <span class='ocrx_word' id='word_1_550' title='bbox 378 1971 406 1998; x_wconf 79' lang='grc' dir='ltr'><strong>δὲ</strong></span> <span class='ocrx_word' id='word_1_551' title='bbox 419 1971 481 2003; x_wconf 71' lang='grc' dir='ltr'>τοὺς</span> <span class='ocrx_word' id='word_1_552' title='bbox 505 1973 533 1998; x_wconf 82' lang='grc' dir='ltr'>ὲν</span> <span class='ocrx_word' id='word_1_553' title='bbox 548 1974 581 2007; x_wconf 77' lang='grc' dir='ltr'>τῇ</span> <span class='ocrx_word' id='word_1_554' title='bbox 598 1973 685 2008; x_wconf 77' lang='grc' dir='ltr'>Ἀσίᾳ,</span> <span class='ocrx_word' id='word_1_555' title='bbox 701 1975 763 2005; x_wconf 74' lang='grc' dir='ltr'>τοὺς</span> <span class='ocrx_word' id='word_1_556' title='bbox 779 1975 892 2000; x_wconf 77' lang='grc' dir='ltr'>ἐκείνων</span> <span class='ocrx_word' id='word_1_557' title='bbox 906 1976 951 2001; x_wconf 80' lang='grc' dir='ltr'><strong>ἐκ·</strong></span> 
     </span>
    </p>
   </div>
   <div class='ocr_carea' id='block_1_76' title="bbox 167 2016 951 2054">
    <p class='ocr_par' dir='ltr' id='par_1_76' title="bbox 167 2016 951 2054">
     <span class='ocr_line' id='line_1_76' title="bbox 167 2016 951 2054; baseline 0.004 -12"><span class='ocrx_word' id='word_1_558' title='bbox 167 2016 273 2050; x_wconf 74' lang='grc' dir='ltr'>γόνους,</span> <span class='ocrx_word' id='word_1_559' title='bbox 287 2016 311 2042; x_wconf 81' lang='grc' dir='ltr'>οἳ</span> <span class='ocrx_word' id='word_1_560' title='bbox 326 2016 404 2051; x_wconf 76' lang='grc' dir='ltr'>παρὰ</span> <span class='ocrx_word' id='word_1_561' title='bbox 421 2017 466 2042; x_wconf 68' lang='grc' dir='ltr'>τὸν</span> <span class='ocrx_word' id='word_1_562' title='bbox 482 2016 606 2048; x_wconf 75' lang='grc' dir='ltr'>Είιξεινον</span> <span class='ocrx_word' id='word_1_563' title='bbox 620 2018 829 2054; x_wconf 69' lang='grc' dir='ltr'>κατῳκίσθησαν</span> <span class='ocrx_word' id='word_1_564' title='bbox 842 2019 951 2045; x_wconf 88' lang='grc' dir='ltr'>Πόντον.</span> 
     </span>
    </p>
   </div>
   <div class='ocr_carea' id='block_1_77' title="bbox 173 2062 952 2098">
    <p class='ocr_par' dir='ltr' id='par_1_77' title="bbox 173 2062 952 2098">
     <span class='ocr_line' id='line_1_77' title="bbox 173 2062 952 2098; baseline 0.003 -10"><span class='ocrx_word' id='word_1_565' title='bbox 173 2062 218 2088; x_wconf 86' lang='grc' dir='ltr'>Ἐκ</span> <span class='ocrx_word' id='word_1_566' title='bbox 234 2062 334 2088; x_wconf 84' lang='grc' dir='ltr'>τούτων</span> <span class='ocrx_word' id='word_1_567' title='bbox 345 2063 359 2089; x_wconf 85' lang='grc' dir='ltr'>ὁ</span> <span class='ocrx_word' id='word_1_568' title='bbox 376 2062 509 2097; x_wconf 79' lang='grc' dir='ltr'>μακάριος</span> <span class='ocrx_word' id='word_1_569' title='bbox 528 2063 574 2089; x_wconf 68' lang='grc' dir='ltr'><strong>καὶ</strong></span> <span class='ocrx_word' id='word_1_570' title='bbox 591 2063 650 2098; x_wconf 75' lang='grc' dir='ltr'>τρὶς</span> <span class='ocrx_word' id='word_1_571' title='bbox 662 2063 741 2090; x_wconf 74' lang='grc' dir='ltr'>τοῦτο</span> <span class='ocrx_word' id='word_1_572' title='bbox 763 2063 810 2090; x_wconf 79' lang='grc' dir='ltr'>καὶ</span> <span class='ocrx_word' id='word_1_573' title='bbox 824 2063 952 2095; x_wconf 79' lang='grc' dir='ltr'>πολλάκις</span> 
     </span>
    </p>
   </div>
   <div class='ocr_carea' id='block_1_78' title="bbox 165 2107 949 2145">
    <p class='ocr_par' dir='ltr' id='par_1_78' title="bbox 165 2107 949 2145">
     <span class='ocr_line' id='line_1_78' title="bbox 165 2107 949 2145; baseline 0.003 -11"><span class='ocrx_word' id='word_1_574' title='bbox 165 2107 313 2142; x_wconf 70' lang='grc' dir='ltr'>ἐϐλάστησε</span> <span class='ocrx_word' id='word_1_575' title='bbox 326 2107 438 2144; x_wconf 79' lang='grc' dir='ltr'>Πέτρος.</span> <span class='ocrx_word' id='word_1_576' title='bbox 454 2108 539 2134; x_wconf 82' lang='grc' dir='ltr'><strong>Ἐπτά</strong></span> <span class='ocrx_word' id='word_1_577' title='bbox 552 2109 591 2141; x_wconf 81' lang='grc' dir='ltr'><strong>δὲ,</strong></span> <span class='ocrx_word' id='word_1_578' title='bbox 600 2108 638 2140; x_wconf 81' lang='grc' dir='ltr'>ὣς</span> <span class='ocrx_word' id='word_1_579' title='bbox 651 2118 742 2143; x_wconf 70' lang='grc' dir='ltr'>φασιν,</span> <span class='ocrx_word' id='word_1_580' title='bbox 754 2109 892 2142; x_wconf 78' lang='grc' dir='ltr'>ὲξὼδίνων</span> <span class='ocrx_word' id='word_1_581' title='bbox 902 2110 949 2145; x_wconf 76' lang='grc' dir='ltr'>ἔτη</span> 
     </span>
    </p>
   </div>
   <div class='ocr_carea' id='block_1_79' title="bbox 166 2153 948 2190">
    <p class='ocr_par' dir='ltr' id='par_1_79' title="bbox 166 2153 948 2190">
     <span class='ocr_line' id='line_1_79' title="bbox 166 2153 948 2190; baseline 0.001 -10"><span class='ocrx_word' id='word_1_582' title='bbox 166 2155 240 2188; x_wconf 74' lang='grc' dir='ltr'>παρὰ</span> <span class='ocrx_word' id='word_1_583' title='bbox 255 2156 310 2185; x_wconf 73' lang='grc' dir='ltr'>τοῖς</span> <span class='ocrx_word' id='word_1_584' title='bbox 330 2153 438 2188; x_wconf 81' lang='grc' dir='ltr'>γονεῦσι</span> <span class='ocrx_word' id='word_1_585' title='bbox 455 2155 580 2189; x_wconf 61' lang='grc' dir='ltr'>τραφεὶς,</span> <span class='ocrx_word' id='word_1_586' title='bbox 597 2154 642 2180; x_wconf 69' lang='grc' dir='ltr'><strong>τὸν</strong></span> <span class='ocrx_word' id='word_1_587' title='bbox 665 2154 757 2181; x_wconf 72' lang='grc' dir='ltr'>λοιπὸν</span> <span class='ocrx_word' id='word_1_588' title='bbox 774 2155 880 2181; x_wconf 76' lang='grc' dir='ltr'>ᾶπαντα</span> <span class='ocrx_word' id='word_1_589' title='bbox 892 2155 948 2190; x_wconf 83' lang='grc' dir='ltr'>βίον</span> 
     </span>
    </p>
   </div>
   <div class='ocr_carea' id='block_1_80' title="bbox 167 2201 948 2235">
    <p class='ocr_par' dir='ltr' id='par_1_80' title="bbox 167 2201 948 2235">
     <span class='ocr_line' id='line_1_80' title="bbox 167 2201 948 2235; baseline 0.001 -9"><span class='ocrx_word' id='word_1_590' title='bbox 167 2201 194 2226; x_wconf 74' lang='grc' dir='ltr'>ἐν</span> <span class='ocrx_word' id='word_1_591' title='bbox 210 2202 266 2232; x_wconf 60' lang='grc' dir='ltr'>τοῖς</span> <span class='ocrx_word' id='word_1_592' title='bbox 281 2201 328 2234; x_wconf 67' lang='grc' dir='ltr'>τῆς</span> <span class='ocrx_word' id='word_1_593' title='bbox 337 2201 495 2234; x_wconf 68' lang='grc' dir='ltr'>φιλοσοφίας</span> <span class='ocrx_word' id='word_1_594' title='bbox 503 2201 652 2227; x_wconf 80' lang='grc' dir='ltr'>διετέλεσεν</span> <span class='ocrx_word' id='word_1_595' title='bbox 663 2201 752 2232; x_wconf 79' lang='grc' dir='ltr'>ἄθλοις</span> <span class='ocrx_word' id='word_1_596' title='bbox 768 2209 775 2216; x_wconf 76' lang='grc'><strong>⁸</strong></span> <span class='ocrx_word' id='word_1_597' title='bbox 788 2201 948 2235; x_wconf 77' lang='grc' dir='ltr'>τελευτῆσαι</span> 
     </span>
    </p>
   </div>
   <div class='ocr_carea' id='block_1_81' title="bbox 1267 1883 1521 1912">
    <p class='ocr_par' dir='ltr' id='par_1_81' title="bbox 1267 1883 1521 1912">
     <span class='ocr_line' id='line_1_81' title="bbox 1267 1883 1521 1912; baseline 0.004 -2"><span class='ocrx_word' id='word_1_598' title='bbox 1267 1883 1311 1911; x_wconf 81' lang='lat' dir='ltr'><strong>IX.</strong></span> <span class='ocrx_word' id='word_1_599' title='bbox 1326 1899 1361 1904; x_wconf 93' lang='lat'><em>—</em></span> <span class='ocrx_word' id='word_1_600' title='bbox 1374 1883 1521 1912; x_wconf 72' lang='lat' dir='ltr'><strong>PETRUS.</strong></span> 
     </span>
    </p>
   </div>
   <div class='ocr_carea' id='block_1_82' title="bbox 1036 1929 1792 1966">
    <p class='ocr_par' dir='ltr' id='par_1_82' title="bbox 1036 1929 1792 1966">
     <span class='ocr_line' id='line_1_82' title="bbox 1036 1929 1792 1966; baseline 0.003 -10"><span class='ocrx_word' id='word_1_601' title='bbox 1036 1929 1129 1958; x_wconf 84' lang='lat' dir='ltr'><strong>Gallos</strong></span> <span class='ocrx_word' id='word_1_602' title='bbox 1141 1931 1268 1959; x_wconf 81' lang='lat' dir='ltr'><strong>audimus</strong></span> <span class='ocrx_word' id='word_1_603' title='bbox 1285 1939 1333 1959; x_wconf 87' lang='lat' dir='ltr'><strong>eos</strong></span> <span class='ocrx_word' id='word_1_604' title='bbox 1346 1932 1392 1966; x_wconf 89' lang='lat' dir='ltr'><strong>qui</strong></span> <span class='ocrx_word' id='word_1_605' title='bbox 1411 1932 1438 1958; x_wconf 91' lang='lat' dir='ltr'><strong>iu</strong></span> <span class='ocrx_word' id='word_1_606' title='bbox 1452 1931 1560 1966; x_wconf 89' lang='lat' dir='ltr'><strong>Europa</strong></span> <span class='ocrx_word' id='word_1_607' title='bbox 1578 1936 1643 1958; x_wconf 86' lang='lat' dir='ltr'><strong>sunt</strong></span> <span class='ocrx_word' id='word_1_608' title='bbox 1664 1931 1792 1958; x_wconf 88' lang='lat' dir='ltr'><strong>occiden-</strong></span> 
     </span>
    </p>
   </div>
   <div class='ocr_carea' id='block_1_83' title="bbox 1002 1976 1790 2013">
    <p class='ocr_par' dir='ltr' id='par_1_83' title="bbox 1002 1976 1790 2013">
     <span class='ocr_line' id='line_1_83' title="bbox 1002 1976 1790 2013; baseline 0.005 -11"><span class='ocrx_word' id='word_1_609' title='bbox 1002 1976 1071 2003; x_wconf 86' lang='lat' dir='ltr'><strong>tales</strong></span> <span class='ocrx_word' id='word_1_610' title='bbox 1087 1985 1094 2003; x_wconf 74' lang='grc' dir='ltr'><strong>ε</strong></span> <span class='ocrx_word' id='word_1_611' title='bbox 1116 1978 1241 2005; x_wconf 89' lang='lat' dir='ltr'><strong>novimus</strong></span> <span class='ocrx_word' id='word_1_612' title='bbox 1265 1983 1294 2005; x_wconf 86' lang='lat' dir='ltr'><strong>et</strong></span> <span class='ocrx_word' id='word_1_613' title='bbox 1317 1986 1366 2006; x_wconf 89' lang='lat' dir='ltr'><strong>eos</strong></span> <span class='ocrx_word' id='word_1_614' title='bbox 1389 1979 1435 2013; x_wconf 90' lang='lat' dir='ltr'><strong>qui</strong></span> <span class='ocrx_word' id='word_1_615' title='bbox 1462 1983 1526 2006; x_wconf 84' lang='lat' dir='ltr'><strong>sunt</strong></span> <span class='ocrx_word' id='word_1_616' title='bbox 1544 1979 1570 2005; x_wconf 92' lang='lat' dir='ltr'><strong>in</strong></span> <span class='ocrx_word' id='word_1_617' title='bbox 1587 1979 1651 2006; x_wconf 77' lang='lat' dir='ltr'><strong>Asia</strong></span> <span class='ocrx_word' id='word_1_618' title='bbox 1663 1999 1669 2011; x_wconf 89' lang='lat'><strong>,</strong></span> <span class='ocrx_word' id='word_1_619' title='bbox 1687 1978 1722 2006; x_wconf 89' lang='lat' dir='ltr'><strong>ab</strong></span> <span class='ocrx_word' id='word_1_620' title='bbox 1736 1979 1790 2006; x_wconf 82' lang='lat' dir='ltr'><strong>illis</strong></span> 
     </span>
    </p>
   </div>
   <div class='ocr_carea' id='block_1_84' title="bbox 1003 2021 1791 2058">
    <p class='ocr_par' dir='ltr' id='par_1_84' title="bbox 1003 2021 1791 2058">
     <span class='ocr_line' id='line_1_84' title="bbox 1003 2021 1791 2058; baseline 0.005 -10"><span class='ocrx_word' id='word_1_621' title='bbox 1003 2021 1147 2055; x_wconf 86' lang='lat' dir='ltr'><strong>oriundos,</strong></span> <span class='ocrx_word' id='word_1_622' title='bbox 1159 2024 1245 2058; x_wconf 91' lang='lat' dir='ltr'><strong>quiad</strong></span> <span class='ocrx_word' id='word_1_623' title='bbox 1257 2023 1375 2050; x_wconf 88' lang='lat' dir='ltr'><strong>Pontnm‘</strong></span> <span class='ocrx_word' id='word_1_624' title='bbox 1383 2024 1516 2051; x_wconf 78' lang='lat' dir='ltr'><strong>Euxinum</strong></span> <span class='ocrx_word' id='word_1_625' title='bbox 1527 2025 1604 2051; x_wconf 82' lang='lat' dir='ltr'><strong>sedes</strong></span> <span class='ocrx_word' id='word_1_626' title='bbox 1614 2024 1741 2052; x_wconf 69' lang='lat' dir='ltr'><strong>ﬁxerunt.</strong></span> <span class='ocrx_word' id='word_1_627' title='bbox 1752 2025 1791 2052; x_wconf 73' lang='lat' dir='ltr'><strong>Ex</strong></span> 
     </span>
    </p>
   </div>
   <div class='ocr_carea' id='block_1_85' title="bbox 1003 2067 1791 2105">
    <p class='ocr_par' dir='ltr' id='par_1_85' title="bbox 1003 2067 1791 2105">
     <span class='ocr_line' id='line_1_85' title="bbox 1003 2067 1791 2105; baseline 0.006 -12"><span class='ocrx_word' id='word_1_628' title='bbox 1003 2067 1047 2094; x_wconf 84' lang='lat' dir='ltr'><strong>Itis</strong></span> <span class='ocrx_word' id='word_1_629' title='bbox 1057 2067 1153 2096; x_wconf 79' lang='lat' dir='ltr'><strong>beatus</strong></span> <span class='ocrx_word' id='word_1_630' title='bbox 1163 2076 1196 2096; x_wconf 89' lang='lat' dir='ltr'><strong>ac</strong></span> <span class='ocrx_word' id='word_1_631' title='bbox 1206 2073 1247 2095; x_wconf 69' lang='lat' dir='ltr'><strong>tur</strong></span> <span class='ocrx_word' id='word_1_632' title='bbox 1264 2070 1372 2105; x_wconf 72' lang='lat'><strong>1186</strong></span> <span class='ocrx_word' id='word_1_633' title='bbox 1385 2072 1539 2105; x_wconf 61' lang='lat' dir='ltr'><strong>sxcpittsque</strong></span> <span class='ocrx_word' id='word_1_634' title='bbox 1551 2071 1646 2098; x_wconf 85' lang='lat' dir='ltr'><strong>beatus</strong></span> <span class='ocrx_word' id='word_1_635' title='bbox 1658 2077 1736 2099; x_wconf 85' lang='lat' dir='ltr'><strong>ortus</strong></span> <span class='ocrx_word' id='word_1_636' title='bbox 1749 2076 1791 2098; x_wconf 89' lang='lat' dir='ltr'><strong>est</strong></span> 
     </span>
    </p>
   </div>
   <div class='ocr_carea' id='block_1_86' title="bbox 1003 2113 1790 2151">
    <p class='ocr_par' dir='ltr' id='par_1_86' title="bbox 1003 2113 1790 2151">
     <span class='ocr_line' id='line_1_86' title="bbox 1003 2113 1790 2151; baseline 0.006 -12"><span class='ocrx_word' id='word_1_637' title='bbox 1003 2113 1109 2141; x_wconf 85' lang='lat' dir='ltr'><strong>Petrus.</strong></span> <span class='ocrx_word' id='word_1_638' title='bbox 1121 2116 1129 2125; x_wconf 84' lang='grc'><strong>“</strong></span> <span class='ocrx_word' id='word_1_639' title='bbox 1145 2114 1195 2147; x_wconf 87' lang='lat' dir='ltr'><strong>Qui</strong></span> <span class='ocrx_word' id='word_1_640' title='bbox 1208 2120 1321 2149; x_wconf 77' lang='lat' dir='ltr'><strong>septem,</strong></span> <span class='ocrx_word' id='word_1_641' title='bbox 1334 2119 1362 2141; x_wconf 86' lang='lat' dir='ltr'><strong>ut</strong></span> <span class='ocrx_word' id='word_1_642' title='bbox 1373 2115 1475 2148; x_wconf 81' lang='lat' dir='ltr'><strong>ferunt,</strong></span> <span class='ocrx_word' id='word_1_643' title='bbox 1485 2117 1564 2143; x_wconf 88' lang='lat' dir='ltr'><strong>annis</strong></span> <span class='ocrx_word' id='word_1_644' title='bbox 1580 2117 1649 2151; x_wconf 88' lang='lat' dir='ltr'><strong>apud</strong></span> <span class='ocrx_word' id='word_1_645' title='bbox 1663 2122 1790 2151; x_wconf 84' lang='lat' dir='ltr'><strong>parentes</strong></span> 
     </span>
    </p>
   </div>
   <div class='ocr_carea' id='block_1_87' title="bbox 1001 2159 1792 2197">
    <p class='ocr_par' dir='ltr' id='par_1_87' title="bbox 1001 2159 1792 2197">
     <span class='ocr_line' id='line_1_87' title="bbox 1001 2159 1792 2197; baseline 0.005 -12"><span class='ocrx_word' id='word_1_646' title='bbox 1001 2159 1146 2191; x_wconf 89' lang='lat' dir='ltr'><strong>educatus,</strong></span> <span class='ocrx_word' id='word_1_647' title='bbox 1159 2160 1291 2194; x_wconf 87' lang='lat' dir='ltr'><strong>reliquam</strong></span> <span class='ocrx_word' id='word_1_648' title='bbox 1304 2165 1388 2187; x_wconf 89' lang='lat' dir='ltr'><strong>totam</strong></span> <span class='ocrx_word' id='word_1_649' title='bbox 1401 2161 1483 2188; x_wconf 84' lang='lat' dir='ltr'><strong>vitam</strong></span> <span class='ocrx_word' id='word_1_650' title='bbox 1500 2162 1526 2188; x_wconf 90' lang='lat' dir='ltr'><strong>in</strong></span> <span class='ocrx_word' id='word_1_651' title='bbox 1542 2162 1720 2197; x_wconf 66' lang='lat' dir='ltr'><strong>philosophiae</strong></span> <span class='ocrx_word' id='word_1_652' title='bbox 1732 2170 1792 2189; x_wconf 88' lang='lat' dir='ltr'><strong>cer-</strong></span> 
     </span>
    </p>
   </div>
   <div class='ocr_carea' id='block_1_88' title="bbox 986 2206 1789 2241">
    <p class='ocr_par' dir='ltr' id='par_1_88' title="bbox 986 2206 1789 2241">
     <span class='ocr_line' id='line_1_88' title="bbox 986 2206 1789 2241; baseline 0.004 -10"><span class='ocrx_word' id='word_1_653' title='bbox 986 2220 989 2223; x_wconf 83' lang='lat'><strong>~</strong></span> <span class='ocrx_word' id='word_1_654' title='bbox 1003 2206 1152 2233; x_wconf 82' lang='lat' dir='ltr'><strong>laminihus</strong></span> <span class='ocrx_word' id='word_1_655' title='bbox 1166 2207 1334 2241; x_wconf 86' lang='lat' dir='ltr'><strong>consumpsit</strong></span> <span class='ocrx_word' id='word_1_656' title='bbox 1349 2216 1355 2234; x_wconf 84' lang='lat'>:</span> <span class='ocrx_word' id='word_1_657' title='bbox 1378 2207 1480 2234; x_wconf 79' lang='lat' dir='ltr'><strong>oltiisse</strong></span> <span class='ocrx_word' id='word_1_658' title='bbox 1493 2211 1584 2234; x_wconf 86' lang='lat' dir='ltr'><strong>autem</strong></span> <span class='ocrx_word' id='word_1_659' title='bbox 1600 2208 1711 2239; x_wconf 86' lang='lat' dir='ltr'><strong>dicitur,</strong></span> <span class='ocrx_word' id='word_1_660' title='bbox 1728 2216 1789 2235; x_wconf 81' lang='lat' dir='ltr'><strong>cuin</strong></span> 
     </span>
    </p>
   </div>
   <div class='ocr_carea' id='block_1_89' title="bbox 165 2245 952 2289">
    <p class='ocr_par' dir='ltr' id='par_1_89' title="bbox 165 2245 949 2282">
     <span class='ocr_line' id='line_1_89' title="bbox 165 2245 949 2282; baseline 0 -10"><span class='ocrx_word' id='word_1_661' title='bbox 165 2247 192 2272; x_wconf 69' lang='grc' dir='ltr'><strong>δὲ</strong></span> <span class='ocrx_word' id='word_1_662' title='bbox 221 2247 328 2279; x_wconf 79' lang='grc' dir='ltr'>λέγεται</span> <span class='ocrx_word' id='word_1_663' title='bbox 347 2247 392 2281; x_wconf 75' lang='grc' dir='ltr'>ἔτη</span> <span class='ocrx_word' id='word_1_664' title='bbox 416 2245 518 2281; x_wconf 68' lang='grc' dir='ltr'>βιώσας</span> <span class='ocrx_word' id='word_1_665' title='bbox 535 2246 612 2272; x_wconf 79' lang='grc' dir='ltr'>ἐννέα</span> <span class='ocrx_word' id='word_1_666' title='bbox 627 2247 673 2272; x_wconf 79' lang='grc' dir='ltr'>καὶ</span> <span class='ocrx_word' id='word_1_667' title='bbox 688 2247 874 2282; x_wconf 77' lang='grc' dir='ltr'>ἐννενήκοντα,</span> <span class='ocrx_word' id='word_1_668' title='bbox 898 2247 949 2273; x_wconf 75' lang='grc' dir='ltr'><strong>Τὸν</strong></span> 
     </span>
    </p>
   </div>
   <div class='ocr_carea' id='block_1_90' title="bbox 1001 2245 1790 2289">
    <p class='ocr_par' dir='ltr' id='par_1_90' title="bbox 1004 2250 1790 2289">
     <span class='ocr_line' id='line_1_90' title="bbox 1004 2250 1790 2289; baseline 0.006 -13"><span class='ocrx_word' id='word_1_669' title='bbox 1004 2250 1115 2279; x_wconf 73' lang='lat' dir='ltr'><strong>vixisset</strong></span> <span class='ocrx_word' id='word_1_670' title='bbox 1142 2259 1229 2278; x_wconf 85' lang='lat' dir='ltr'><strong>annos</strong></span> <span class='ocrx_word' id='word_1_671' title='bbox 1243 2259 1340 2279; x_wconf 79' lang='lat' dir='ltr'><strong>n0rem</strong></span> <span class='ocrx_word' id='word_1_672' title='bbox 1357 2257 1383 2279; x_wconf 91' lang='lat' dir='ltr'><strong>et</strong></span> <span class='ocrx_word' id='word_1_673' title='bbox 1399 2253 1557 2288; x_wconf 78' lang='lat' dir='ltr'><strong>nonaginta.</strong></span> <span class='ocrx_word' id='word_1_674' title='bbox 1580 2253 1645 2280; x_wconf 83' lang='lat' dir='ltr'><strong>Eum</strong></span> <span class='ocrx_word' id='word_1_675' title='bbox 1663 2261 1728 2289; x_wconf 80' lang='lat' dir='ltr'><strong>ergo</strong></span> <span class='ocrx_word' id='word_1_676' title='bbox 1745 2256 1790 2289; x_wconf 81' lang='lat' dir='ltr'><strong>qui</strong></span> 
     </span>
    </p>
   </div>
   <div class='ocr_carea' id='block_1_91' title="bbox 166 2292 951 2327">
    <p class='ocr_par' dir='ltr' id='par_1_91' title="bbox 166 2292 951 2327">
     <span class='ocr_line' id='line_1_91' title="bbox 166 2292 951 2327; baseline 0.001 -10"><span class='ocrx_word' id='word_1_677' title='bbox 166 2293 254 2318; x_wconf 66' lang='grc' dir='ltr'>τ’)ἱνυν</span> <span class='ocrx_word' id='word_1_678' title='bbox 279 2292 325 2317; x_wconf 48' lang='grc' dir='ltr'><strong>δύο</strong></span> <span class='ocrx_word' id='word_1_679' title='bbox 343 2293 388 2318; x_wconf 77' lang='grc' dir='ltr'>καὶ</span> <span class='ocrx_word' id='word_1_680' title='bbox 405 2292 582 2327; x_wconf 73' lang='grc' dir='ltr'>ἐννενήκοντα</span> <span class='ocrx_word' id='word_1_681' title='bbox 599 2292 802 2327; x_wconf 74' lang='grc' dir='ltr'>ἀγωνισάμενον</span> <span class='ocrx_word' id='word_1_682' title='bbox 825 2292 884 2327; x_wconf 75' lang='grc' dir='ltr'>ἐτη,</span> <span class='ocrx_word' id='word_1_683' title='bbox 904 2293 951 2318; x_wconf 69' lang='grc' dir='ltr'>καὶ</span> 
     </span>
    </p>
   </div>
   <div class='ocr_carea' id='block_1_92' title="bbox 165 2337 950 2373">
    <p class='ocr_par' dir='ltr' id='par_1_92' title="bbox 165 2337 950 2373">
     <span class='ocr_line' id='line_1_92' title="bbox 165 2337 950 2373; baseline 0.001 -11"><span class='ocrx_word' id='word_1_684' title='bbox 165 2337 208 2362; x_wconf 72' lang='grc' dir='ltr'>ὂιὶι</span> <span class='ocrx_word' id='word_1_685' title='bbox 241 2337 329 2371; x_wconf 73' lang='grc' dir='ltr'>πάιης</span> <span class='ocrx_word' id='word_1_686' title='bbox 350 2337 455 2373; x_wconf 61' lang='grc' dir='ltr'>ἡμέρας</span> <span class='ocrx_word' id='word_1_687' title='bbox 482 2346 511 2363; x_wconf 86' lang='grc' dir='ltr'><strong>τε</strong></span> <span class='ocrx_word' id='word_1_688' title='bbox 537 2337 584 2363; x_wconf 75' lang='grc' dir='ltr'>καὶ</span> <span class='ocrx_word' id='word_1_689' title='bbox 601 2337 695 2368; x_wconf 69' lang='grc' dir='ltr'>νυκτὸς</span> <span class='ocrx_word' id='word_1_690' title='bbox 718 2337 863 2372; x_wconf 67' lang='grc' dir='ltr'>νικηιρόρον</span> <span class='ocrx_word' id='word_1_691' title='bbox 879 2337 950 2363; x_wconf 80' lang='grc' dir='ltr'>ὁδεύ-</span> 
     </span>
    </p>
   </div>
   <div class='ocr_carea' id='block_1_93' title="bbox 168 2382 951 2419">
    <p class='ocr_par' dir='ltr' id='par_1_93' title="bbox 168 2382 951 2419">
     <span class='ocr_line' id='line_1_93' title="bbox 168 2382 951 2419; baseline 0 -10"><span class='ocrx_word' id='word_1_692' title='bbox 168 2392 261 2414; x_wconf 80' lang='grc' dir='ltr'>σαντα,</span> <span class='ocrx_word' id='word_1_693' title='bbox 280 2384 322 2414; x_wconf 80' lang='grc' dir='ltr'><strong>τίς</strong></span> <span class='ocrx_word' id='word_1_694' title='bbox 337 2383 369 2410; x_wconf 82' lang='grc' dir='ltr'>ἂν</span> <span class='ocrx_word' id='word_1_695' title='bbox 381 2383 463 2416; x_wconf 79' lang='grc' dir='ltr'>ἀξίως</span> <span class='ocrx_word' id='word_1_696' title='bbox 481 2383 631 2419; x_wconf 75' lang='grc' dir='ltr'>θαυμάσειε</span> <span class='ocrx_word' id='word_1_697' title='bbox 645 2391 651 2415; x_wconf 86' lang='grc'>;</span> <span class='ocrx_word' id='word_1_698' title='bbox 671 2383 736 2409; x_wconf 82' lang='grc' dir='ltr'>ποία</span> <span class='ocrx_word' id='word_1_699' title='bbox 746 2383 767 2409; x_wconf 78' lang='grc' dir='ltr'><strong>δ’</strong></span> <span class='ocrx_word' id='word_1_700' title='bbox 779 2382 811 2409; x_wconf 79' lang='grc' dir='ltr'>ἂν</span> <span class='ocrx_word' id='word_1_701' title='bbox 825 2384 951 2418; x_wconf 84' lang='grc' dir='ltr'>ἁρκέσειε</span> 
     </span>
    </p>
   </div>
   <div class='ocr_carea' id='block_1_94' title="bbox 166 2429 951 2465">
    <p class='ocr_par' dir='ltr' id='par_1_94' title="bbox 166 2429 951 2465">
     <span class='ocr_line' id='line_1_94' title="bbox 166 2429 951 2465; baseline 0.001 -11"><span class='ocrx_word' id='word_1_702' title='bbox 166 2430 233 2465; x_wconf 72' lang='grc' dir='ltr'>πρὸς</span> <span class='ocrx_word' id='word_1_703' title='bbox 250 2429 374 2464; x_wconf 67' lang='grc' dir='ltr'>διήγησιν</span> <span class='ocrx_word' id='word_1_704' title='bbox 388 2429 503 2463; x_wconf 81' lang='grc' dir='ltr'>γλῶττα,</span> <span class='ocrx_word' id='word_1_705' title='bbox 516 2430 570 2456; x_wconf 81' lang='grc' dir='ltr'>τῶν</span> <span class='ocrx_word' id='word_1_706' title='bbox 587 2430 615 2455; x_wconf 85' lang='grc' dir='ltr'><strong>έν</strong></span> <span class='ocrx_word' id='word_1_707' title='bbox 631 2430 766 2464; x_wconf 67' lang='grc' dir='ltr'>μειρακίῳ</span> <span class='ocrx_word' id='word_1_708' title='bbox 780 2430 826 2456; x_wconf 80' lang='grc' dir='ltr'>καὶ</span> <span class='ocrx_word' id='word_1_709' title='bbox 842 2430 951 2465; x_wconf 77' lang='grc' dir='ltr'>παιδίῳ,</span> 
     </span>
    </p>
   </div>
   <div class='ocr_carea' id='block_1_95' title="bbox 166 2473 951 2510">
    <p class='ocr_par' dir='ltr' id='par_1_95' title="bbox 166 2473 951 2510">
     <span class='ocr_line' id='line_1_95' title="bbox 166 2473 951 2510; baseline 0.004 -12"><span class='ocrx_word' id='word_1_710' title='bbox 166 2473 213 2499; x_wconf 78' lang='grc' dir='ltr'>καὶ</span> <span class='ocrx_word' id='word_1_711' title='bbox 230 2473 306 2508; x_wconf 73' lang='grc' dir='ltr'>ἀνδρὶ</span> <span class='ocrx_word' id='word_1_712' title='bbox 325 2473 429 2508; x_wconf 80' lang='grc' dir='ltr'>τελείῳ,</span> <span class='ocrx_word' id='word_1_713' title='bbox 444 2474 490 2499; x_wconf 75' lang='grc' dir='ltr'>καὶ</span> <span class='ocrx_word' id='word_1_714' title='bbox 510 2473 659 2508; x_wconf 75' lang='grc' dir='ltr'>πρεσϐύτῃ,</span> <span class='ocrx_word' id='word_1_715' title='bbox 674 2474 721 2500; x_wconf 76' lang='grc' dir='ltr'>καὶ</span> <span class='ocrx_word' id='word_1_716' title='bbox 738 2474 846 2509; x_wconf 79' lang='grc' dir='ltr'>γέροντι</span> <span class='ocrx_word' id='word_1_717' title='bbox 867 2483 951 2510; x_wconf 60' lang='grc' dir='ltr'>πονη-</span> 
     </span>
    </p>
   </div>
   <div class='ocr_carea' id='block_1_96' title="bbox 167 2518 952 2555">
    <p class='ocr_par' dir='ltr' id='par_1_96' title="bbox 167 2518 952 2555">
     <span class='ocr_line' id='line_1_96' title="bbox 167 2518 952 2555; baseline 0.004 -11"><span class='ocrx_word' id='word_1_718' title='bbox 167 2518 265 2544; x_wconf 64' lang='grc' dir='ltr'>θέντων</span> <span class='ocrx_word' id='word_1_719' title='bbox 294 2518 514 2553; x_wconf 76' lang='grc' dir='ltr'>κατορθωμάτων</span> <span class='ocrx_word' id='word_1_720' title='bbox 528 2527 536 2550; x_wconf 91' lang='grc'>;</span> <span class='ocrx_word' id='word_1_721' title='bbox 550 2519 595 2549; x_wconf 82' lang='grc' dir='ltr'>Τίς</span> <span class='ocrx_word' id='word_1_722' title='bbox 618 2519 650 2545; x_wconf 78' lang='grc' dir='ltr'>ἂν</span> <span class='ocrx_word' id='word_1_723' title='bbox 665 2520 769 2545; x_wconf 77' lang='grc' dir='ltr'>ἐκείνου</span> <span class='ocrx_word' id='word_1_724' title='bbox 791 2520 836 2546; x_wconf 76' lang='grc' dir='ltr'><strong>τὸν</strong></span> <span class='ocrx_word' id='word_1_725' title='bbox 854 2521 952 2555; x_wconf 74' lang='grc' dir='ltr'>ἱδρῶτα</span> 
     </span>
    </p>
   </div>
   <div class='ocr_carea' id='block_1_97' title="bbox 170 2563 953 2600">
    <p class='ocr_par' dir='ltr' id='par_1_97' title="bbox 170 2563 953 2600">
     <span class='ocr_line' id='line_1_97' title="bbox 170 2563 953 2600; baseline 0.005 -12"><span class='ocrx_word' id='word_1_726' title='bbox 170 2563 310 2597; x_wconf 69' lang='grc' dir='ltr'>μετρήσειε</span> <span class='ocrx_word' id='word_1_727' title='bbox 326 2571 332 2594; x_wconf 84' lang='grc'>;</span> <span class='ocrx_word' id='word_1_728' title='bbox 349 2563 389 2594; x_wconf 79' lang='grc' dir='ltr'><strong>τίς</strong></span> <span class='ocrx_word' id='word_1_729' title='bbox 405 2564 427 2589; x_wconf 76' lang='grc' dir='ltr'><strong>δ’</strong></span> <span class='ocrx_word' id='word_1_730' title='bbox 442 2564 474 2590; x_wconf 74' lang='grc' dir='ltr'>ἂν</span> <span class='ocrx_word' id='word_1_731' title='bbox 485 2563 531 2594; x_wconf 66' lang='grc' dir='ltr'>τὶς</span> <span class='ocrx_word' id='word_1_732' title='bbox 543 2564 571 2590; x_wconf 86' lang='grc' dir='ltr'>ἐν</span> <span class='ocrx_word' id='word_1_733' title='bbox 581 2563 699 2599; x_wconf 64' lang='grc' dir='ltr'>τοσούτῳ</span> <span class='ocrx_word' id='word_1_734' title='bbox 710 2565 953 2600; x_wconf 65' lang='grc' dir='ltr'>χρόνῳγενομένας</span> 
     </span>
    </p>
   </div>
   <div class='ocr_carea' id='block_1_98' title="bbox 168 2608 952 2646">
    <p class='ocr_par' dir='ltr' id='par_1_98' title="bbox 168 2608 952 2646">
     <span class='ocr_line' id='line_1_98' title="bbox 168 2608 952 2646; baseline 0.004 -12"><span class='ocrx_word' id='word_1_735' title='bbox 168 2608 326 2643; x_wconf 69' lang='grc' dir='ltr'><strong>ἁρ;();),ήςειε</strong></span> <span class='ocrx_word' id='word_1_736' title='bbox 343 2609 430 2640; x_wconf 76' lang='grc' dir='ltr'>πάλας</span> <span class='ocrx_word' id='word_1_737' title='bbox 445 2618 451 2641; x_wconf 88' lang='grc'>;</span> <span class='ocrx_word' id='word_1_738' title='bbox 465 2611 539 2641; x_wconf 81' lang='grc' dir='ltr'>ποῖος</span> <span class='ocrx_word' id='word_1_739' title='bbox 555 2610 576 2636; x_wconf 83' lang='grc' dir='ltr'><strong>δ’</strong></span> <span class='ocrx_word' id='word_1_740' title='bbox 591 2610 623 2636; x_wconf 86' lang='grc' dir='ltr'>ἂν</span> <span class='ocrx_word' id='word_1_741' title='bbox 638 2610 758 2644; x_wconf 64' lang='grc' dir='ltr'>ἐφίκοιτο</span> <span class='ocrx_word' id='word_1_742' title='bbox 769 2611 856 2644; x_wconf 74' lang='grc' dir='ltr'>λόγος,</span> <span class='ocrx_word' id='word_1_743' title='bbox 871 2611 952 2646; x_wconf 77' lang='grc' dir='ltr'>ἥτῶν</span> 
     </span>
    </p>
   </div>
   <div class='ocr_carea' id='block_1_99' title="bbox 167 2655 951 2692">
    <p class='ocr_par' dir='ltr' id='par_1_99' title="bbox 167 2655 951 2692">
     <span class='ocr_line' id='line_1_99' title="bbox 167 2655 951 2692; baseline 0.006 -13"><span class='ocrx_word' id='word_1_744' title='bbox 167 2655 212 2679; x_wconf 76' lang='grc' dir='ltr'><strong>ὑπ’</strong></span> <span class='ocrx_word' id='word_1_745' title='bbox 237 2655 318 2680; x_wconf 77' lang='grc' dir='ltr'><strong>αύτοῦ</strong></span> <span class='ocrx_word' id='word_1_746' title='bbox 336 2655 558 2690; x_wconf 72' lang='grc' dir='ltr'>καταϐληθέντων</span> <span class='ocrx_word' id='word_1_747' title='bbox 583 2657 758 2691; x_wconf 76' lang='grc' dir='ltr'>σπερμάτων,</span> <span class='ocrx_word' id='word_1_748' title='bbox 781 2657 796 2692; x_wconf 84' lang='grc' dir='ltr'>ἢ</span> <span class='ocrx_word' id='word_1_749' title='bbox 820 2657 873 2684; x_wconf 84' lang='grc' dir='ltr'>τῶν</span> <span class='ocrx_word' id='word_1_750' title='bbox 889 2658 951 2683; x_wconf 87' lang='grc' dir='ltr'>συλ-</span> 
     </span>
    </p>
   </div>
   <div class='ocr_carea' id='block_1_100' title="bbox 166 2701 951 2738">
    <p class='ocr_par' dir='ltr' id='par_1_100' title="bbox 166 2701 951 2738">
     <span class='ocr_line' id='line_1_100' title="bbox 166 2701 951 2738; baseline 0.004 -12"><span class='ocrx_word' id='word_1_751' title='bbox 166 2701 297 2733; x_wconf 65' lang='grc' dir='ltr'>λεγέντων</span> <span class='ocrx_word' id='word_1_752' title='bbox 320 2701 503 2736; x_wconf 74' lang='grc' dir='ltr'>δραγμάτωνς</span> <span class='ocrx_word' id='word_1_753' title='bbox 525 2701 572 2732; x_wconf 86' lang='grc' dir='ltr'>Τίς</span> <span class='ocrx_word' id='word_1_754' title='bbox 597 2701 682 2732; x_wconf 68' lang='grc' dir='ltr'>οὕτως</span> <span class='ocrx_word' id='word_1_755' title='bbox 709 2702 809 2737; x_wconf 58' lang='grc' dir='ltr'>ὑψηλὸς</span> <span class='ocrx_word' id='word_1_756' title='bbox 827 2703 876 2738; x_wconf 82' lang='grc' dir='ltr'>τὴν</span> <span class='ocrx_word' id='word_1_757' title='bbox 893 2703 951 2730; x_wconf 78' lang='grc' dir='ltr'><strong>διά-</strong></span> 
     </span>
    </p>
   </div>
   <div class='ocr_carea' id='block_1_101' title="bbox 167 2746 953 2784">
    <p class='ocr_par' dir='ltr' id='par_1_101' title="bbox 167 2746 953 2784">
     <span class='ocr_line' id='line_1_101' title="bbox 167 2746 953 2784; baseline 0.004 -13"><span class='ocrx_word' id='word_1_758' title='bbox 167 2755 249 2777; x_wconf 80' lang='grc' dir='ltr'>νοιαν,</span> <span class='ocrx_word' id='word_1_759' title='bbox 272 2746 310 2776; x_wconf 73' lang='grc' dir='ltr'>ὡς</span> <span class='ocrx_word' id='word_1_760' title='bbox 331 2746 448 2773; x_wconf 83' lang='grc' dir='ltr'>κατιδεῖν</span> <span class='ocrx_word' id='word_1_761' title='bbox 467 2746 589 2782; x_wconf 71' lang='grc' dir='ltr'>ἀκριϐῶς</span> <span class='ocrx_word' id='word_1_762' title='bbox 612 2747 659 2782; x_wconf 77' lang='grc' dir='ltr'>τὴν</span> <span class='ocrx_word' id='word_1_763' title='bbox 676 2748 707 2772; x_wconf 79' lang='grc' dir='ltr'>ἐκ</span> <span class='ocrx_word' id='word_1_764' title='bbox 723 2748 772 2781; x_wconf 77' lang='grc' dir='ltr'>τῆς</span> <span class='ocrx_word' id='word_1_765' title='bbox 793 2748 877 2783; x_wconf 80' lang='grc' dir='ltr'>καλῆς</span> <span class='ocrx_word' id='word_1_766' title='bbox 904 2750 953 2784; x_wconf 77' lang='grc' dir='ltr'><strong>ἑμ-</strong></span> 
     </span>
    </p>
   </div>
   <div class='ocr_carea' id='block_1_102' title="bbox 168 2791 953 2828">
    <p class='ocr_par' dir='ltr' id='par_1_102' title="bbox 168 2791 953 2828">
     <span class='ocr_line' id='line_1_102' title="bbox 168 2791 953 2828; baseline 0.003 -10"><span class='ocrx_word' id='word_1_767' title='bbox 168 2792 264 2827; x_wconf 78' lang='grc' dir='ltr'>ττορίας</span> <span class='ocrx_word' id='word_1_768' title='bbox 280 2793 517 2826; x_wconf 78' lang='grc' dir='ltr'>συναθροισθεῖσαν</span> <span class='ocrx_word' id='word_1_769' title='bbox 531 2794 709 2828; x_wconf 81' lang='grc' dir='ltr'>περιουσίαν;</span> <span class='ocrx_word' id='word_1_770' title='bbox 727 2791 793 2820; x_wconf 81' lang='grc' dir='ltr'>Οἶδα</span> <span class='ocrx_word' id='word_1_771' title='bbox 808 2794 862 2820; x_wconf 81' lang='grc' dir='ltr'>τῶν</span> <span class='ocrx_word' id='word_1_772' title='bbox 881 2795 953 2821; x_wconf 80' lang='grc' dir='ltr'>ὲκεί-</span> 
     </span>
    </p>
   </div>
   <div class='ocr_carea' id='block_1_103' title="bbox 168 2838 952 2874">
    <p class='ocr_par' dir='ltr' id='par_1_103' title="bbox 168 2838 952 2874">
     <span class='ocr_line' id='line_1_103' title="bbox 168 2838 952 2874; baseline 0.005 -11"><span class='ocrx_word' id='word_1_773' title='bbox 168 2847 212 2864; x_wconf 48' lang='lat' dir='ltr'><strong>vn</strong></span> <span class='ocrx_word' id='word_1_774' title='bbox 223 2838 442 2874; x_wconf 64' lang='grc' dir='ltr'>κατεροωμάτων</span> <span class='ocrx_word' id='word_1_775' title='bbox 449 2838 479 2864; x_wconf 68' lang='grc' dir='ltr'>τὸ</span> <span class='ocrx_word' id='word_1_776' title='bbox 493 2839 621 2872; x_wconf 73' lang='grc' dir='ltr'>πέλαγος,</span> <span class='ocrx_word' id='word_1_777' title='bbox 632 2839 677 2865; x_wconf 73' lang='grc' dir='ltr'>καὶ</span> <span class='ocrx_word' id='word_1_778' title='bbox 686 2839 728 2865; x_wconf 72' lang='grc' dir='ltr'><strong>διὰ</strong></span> <span class='ocrx_word' id='word_1_779' title='bbox 737 2839 782 2865; x_wconf 74' lang='grc' dir='ltr'>τοῦ</span> <span class='ocrx_word' id='word_1_780' title='bbox 788 2849 814 2866; x_wconf 86' lang='grc' dir='ltr'><strong>το</strong></span> <span class='ocrx_word' id='word_1_781' title='bbox 826 2840 952 2872; x_wconf 74' lang='grc' dir='ltr'>πελάζειν</span> 
     </span>
    </p>
   </div>
   <div class='ocr_carea' id='block_1_104' title="bbox 167 2884 952 2920">
    <p class='ocr_par' dir='ltr' id='par_1_104' title="bbox 167 2884 952 2920">
     <span class='ocr_line' id='line_1_104' title="bbox 167 2884 952 2920; baseline 0.001 -10"><span class='ocrx_word' id='word_1_782' title='bbox 167 2885 199 2917; x_wconf 71' lang='grc' dir='ltr'><strong>τῇ</strong></span> <span class='ocrx_word' id='word_1_783' title='bbox 217 2884 263 2918; x_wconf 60' lang='grc' dir='ltr'><strong>τῆς</strong></span> <span class='ocrx_word' id='word_1_784' title='bbox 280 2884 430 2919; x_wconf 70' lang='grc' dir='ltr'>διηγήσεως</span> <span class='ocrx_word' id='word_1_785' title='bbox 450 2884 553 2920; x_wconf 72' lang='grc' dir='ltr'>ἱστορία</span> <span class='ocrx_word' id='word_1_786' title='bbox 571 2884 709 2919; x_wconf 72' lang='grc' dir='ltr'>δειμαίνω,</span> <span class='ocrx_word' id='word_1_787' title='bbox 733 2885 774 2910; x_wconf 74' lang='grc' dir='ltr'>ἵνα</span> <span class='ocrx_word' id='word_1_788' title='bbox 790 2884 827 2920; x_wconf 75' lang='grc' dir='ltr'>μὴ</span> <span class='ocrx_word' id='word_1_789' title='bbox 844 2885 857 2911; x_wconf 76' lang='grc' dir='ltr'><strong>ὁ</strong></span> <span class='ocrx_word' id='word_1_790' title='bbox 874 2885 952 2919; x_wconf 77' lang='grc' dir='ltr'>λόγος</span> 
     </span>
    </p>
   </div>
   <div class='ocr_carea' id='block_1_105' title="bbox 1004 2297 1791 2334">
    <p class='ocr_par' dir='ltr' id='par_1_105' title="bbox 1004 2297 1791 2334">
     <span class='ocr_line' id='line_1_105' title="bbox 1004 2297 1791 2334; baseline 0.005 -12"><span class='ocrx_word' id='word_1_791' title='bbox 1004 2297 1151 2331; x_wconf 77' lang='lat' dir='ltr'><strong>nonaginta</strong></span> <span class='ocrx_word' id='word_1_792' title='bbox 1162 2301 1189 2324; x_wconf 89' lang='lat' dir='ltr'><strong>et</strong></span> <span class='ocrx_word' id='word_1_793' title='bbox 1198 2297 1267 2325; x_wconf 89' lang='lat' dir='ltr'><strong>duos</strong></span> <span class='ocrx_word' id='word_1_794' title='bbox 1278 2298 1365 2326; x_wconf 85' lang='lat' dir='ltr'><strong>annos</strong></span> <span class='ocrx_word' id='word_1_795' title='bbox 1374 2297 1632 2331; x_wconf 81' lang='lat' dir='ltr'><strong>dccertavit,etdies</strong></span> <span class='ocrx_word' id='word_1_796' title='bbox 1644 2303 1791 2334; x_wconf 85' lang='lat' dir='ltr'><strong>noctesque</strong></span> 
     </span>
    </p>
   </div>
   <div class='ocr_carea' id='block_1_106' title="bbox 1003 2343 1792 2380">
    <p class='ocr_par' dir='ltr' id='par_1_106' title="bbox 1003 2343 1792 2380">
     <span class='ocr_line' id='line_1_106' title="bbox 1003 2343 1792 2380; baseline 0.006 -12"><span class='ocrx_word' id='word_1_797' title='bbox 1003 2343 1210 2376; x_wconf 83' lang='lat' dir='ltr'><strong>sempcrvictor</strong></span> <span class='ocrx_word' id='word_1_798' title='bbox 1227 2344 1354 2376; x_wconf 89' lang='lat' dir='ltr'><strong>incessit,</strong></span> <span class='ocrx_word' id='word_1_799' title='bbox 1372 2352 1420 2380; x_wconf 91' lang='lat' dir='ltr'><strong>pro</strong></span> <span class='ocrx_word' id='word_1_800' title='bbox 1432 2345 1564 2380; x_wconf 86' lang='lat' dir='ltr'><strong>dignitate</strong></span> <span class='ocrx_word' id='word_1_801' title='bbox 1578 2345 1641 2380; x_wconf 81' lang='lat' dir='ltr'><strong>quis</strong></span> <span class='ocrx_word' id='word_1_802' title='bbox 1652 2345 1792 2373; x_wconf 87' lang='lat' dir='ltr'><strong>laudabit?</strong></span> 
     </span>
    </p>
   </div>
   <div class='ocr_carea' id='block_1_107' title="bbox 1003 2389 1790 2426">
    <p class='ocr_par' dir='ltr' id='par_1_107' title="bbox 1003 2389 1790 2426">
     <span class='ocr_line' id='line_1_107' title="bbox 1003 2389 1790 2426; baseline 0.008 -13"><span class='ocrx_word' id='word_1_803' title='bbox 1003 2392 1050 2414; x_wconf 85' lang='lat' dir='ltr'><strong>aut</strong></span> <span class='ocrx_word' id='word_1_804' title='bbox 1062 2397 1122 2422; x_wconf 69' lang='lat' dir='ltr'><strong>qua:</strong></span> <span class='ocrx_word' id='word_1_805' title='bbox 1142 2389 1233 2424; x_wconf 77' lang='lat' dir='ltr'><strong>lingua</strong></span> <span class='ocrx_word' id='word_1_806' title='bbox 1249 2391 1388 2424; x_wconf 56' lang='lat' dir='ltr'><strong>praclaris</strong></span> <span class='ocrx_word' id='word_1_807' title='bbox 1404 2391 1587 2423; x_wconf 81' lang='lat' dir='ltr'><strong>facinoribus,</strong></span> <span class='ocrx_word' id='word_1_808' title='bbox 1604 2399 1664 2426; x_wconf 66' lang='lat' dir='ltr'><strong>quae</strong></span> <span class='ocrx_word' id='word_1_809' title='bbox 1681 2400 1748 2426; x_wconf 89' lang='lat' dir='ltr'><strong>ptter</strong></span> <span class='ocrx_word' id='word_1_810' title='bbox 1763 2397 1790 2419; x_wconf 93' lang='lat' dir='ltr'><strong>ct</strong></span> 
     </span>
    </p>
   </div>
   <div class='ocr_carea' id='block_1_108' title="bbox 1004 2434 1789 2472">
    <p class='ocr_par' dir='ltr' id='par_1_108' title="bbox 1004 2434 1789 2472">
     <span class='ocr_line' id='line_1_108' title="bbox 1004 2434 1789 2472; baseline 0.006 -13"><span class='ocrx_word' id='word_1_811' title='bbox 1004 2434 1172 2466; x_wconf 74' lang='lat' dir='ltr'><strong>adolescens,</strong></span> <span class='ocrx_word' id='word_1_812' title='bbox 1185 2437 1333 2471; x_wconf 62' lang='lat' dir='ltr'><strong>quaequein</strong></span> <span class='ocrx_word' id='word_1_813' title='bbox 1345 2438 1415 2464; x_wconf 90' lang='lat' dir='ltr'><strong>virili</strong></span> <span class='ocrx_word' id='word_1_814' title='bbox 1428 2438 1467 2465; x_wconf 86' lang='lat' dir='ltr'><strong>vel</strong></span> <span class='ocrx_word' id='word_1_815' title='bbox 1476 2437 1635 2472; x_wconf 80' lang='lat' dir='ltr'><strong>aﬂectajam</strong></span> <span class='ocrx_word' id='word_1_816' title='bbox 1644 2442 1733 2469; x_wconf 67' lang='lat' dir='ltr'><strong>aetate.</strong></span> <span class='ocrx_word' id='word_1_817' title='bbox 1742 2443 1789 2466; x_wconf 91' lang='lat' dir='ltr'><strong>aut</strong></span> 
     </span>
    </p>
   </div>
   <div class='ocr_carea' id='block_1_109' title="bbox 1004 2479 1789 2516">
    <p class='ocr_par' dir='ltr' id='par_1_109' title="bbox 1004 2479 1789 2516">
     <span class='ocr_line' id='line_1_109' title="bbox 1004 2479 1789 2516; baseline 0.008 -12"><span class='ocrx_word' id='word_1_818' title='bbox 1004 2479 1030 2505; x_wconf 88' lang='lat' dir='ltr'><strong>in</strong></span> <span class='ocrx_word' id='word_1_819' title='bbox 1042 2479 1135 2506; x_wconf 87' lang='lat' dir='ltr'><strong>ultittta</strong></span> <span class='ocrx_word' id='word_1_820' title='bbox 1144 2482 1197 2515; x_wconf 81' lang='lat' dir='ltr'><strong>egit</strong></span> <span class='ocrx_word' id='word_1_821' title='bbox 1207 2485 1358 2514; x_wconf 74' lang='lat' dir='ltr'><strong>senectute,</strong></span> <span class='ocrx_word' id='word_1_822' title='bbox 1368 2482 1616 2510; x_wconf 88' lang='lat' dir='ltr'><strong>commemorandis</strong></span> <span class='ocrx_word' id='word_1_823' title='bbox 1625 2489 1674 2516; x_wconf 90' lang='lat' dir='ltr'><strong>par</strong></span> <span class='ocrx_word' id='word_1_824' title='bbox 1687 2481 1789 2511; x_wconf 81' lang='lat' dir='ltr'><strong>fuerit?</strong></span> 
     </span>
    </p>
   </div>
   <div class='ocr_carea' id='block_1_110' title="bbox 1007 2525 1788 2560">
    <p class='ocr_par' dir='ltr' id='par_1_110' title="bbox 1007 2525 1788 2560">
     <span class='ocr_line' id='line_1_110' title="bbox 1007 2525 1788 2560; baseline 0.009 -10"><span class='ocrx_word' id='word_1_825' title='bbox 1007 2525 1074 2557; x_wconf 79' lang='lat' dir='ltr'><strong>Quis</strong></span> <span class='ocrx_word' id='word_1_826' title='bbox 1087 2526 1203 2553; x_wconf 89' lang='lat' dir='ltr'><strong>sudores</strong></span> <span class='ocrx_word' id='word_1_827' title='bbox 1213 2527 1271 2560; x_wconf 82' lang='lat' dir='ltr'><strong>ejus</strong></span> <span class='ocrx_word' id='word_1_828' title='bbox 1280 2527 1455 2554; x_wconf 87' lang='lat' dir='ltr'><strong>dimetiatur?</strong></span> <span class='ocrx_word' id='word_1_829' title='bbox 1466 2527 1528 2560; x_wconf 87' lang='lat' dir='ltr'><strong>quis</strong></span> <span class='ocrx_word' id='word_1_830' title='bbox 1537 2528 1701 2557; x_wconf 86' lang='lat' dir='ltr'><strong>commissas</strong></span> <span class='ocrx_word' id='word_1_831' title='bbox 1713 2534 1788 2556; x_wconf 83' lang='lat' dir='ltr'><strong>tanto</strong></span> 
     </span>
    </p>
   </div>
   <div class='ocr_carea' id='block_1_111' title="bbox 1004 2571 1789 2608">
    <p class='ocr_par' dir='ltr' id='par_1_111' title="bbox 1004 2571 1789 2608">
     <span class='ocr_line' id='line_1_111' title="bbox 1004 2571 1789 2608; baseline 0.008 -13"><span class='ocrx_word' id='word_1_832' title='bbox 1004 2573 1126 2604; x_wconf 79' lang='lat' dir='ltr'><strong>tempore</strong></span> <span class='ocrx_word' id='word_1_833' title='bbox 1138 2571 1224 2597; x_wconf 75' lang='lat' dir='ltr'><strong>int-tas</strong></span> <span class='ocrx_word' id='word_1_834' title='bbox 1233 2572 1390 2598; x_wconf 76' lang='lat' dir='ltr'><strong>enunieret?</strong></span> <span class='ocrx_word' id='word_1_835' title='bbox 1398 2579 1458 2605; x_wconf 70' lang='lat' dir='ltr'><strong>qua:</strong></span> <span class='ocrx_word' id='word_1_836' title='bbox 1469 2573 1556 2599; x_wconf 87' lang='lat' dir='ltr'><strong>oratio</strong></span> <span class='ocrx_word' id='word_1_837' title='bbox 1565 2573 1606 2599; x_wconf 86' lang='lat' dir='ltr'><strong>vel</strong></span> <span class='ocrx_word' id='word_1_838' title='bbox 1613 2581 1708 2608; x_wconf 86' lang='lat' dir='ltr'><strong>sparsa</strong></span> <span class='ocrx_word' id='word_1_839' title='bbox 1716 2574 1749 2601; x_wconf 86' lang='lat' dir='ltr'><strong>ab</strong></span> <span class='ocrx_word' id='word_1_840' title='bbox 1757 2583 1789 2602; x_wconf 87' lang='lat' dir='ltr'><strong>eo</strong></span> 
     </span>
    </p>
   </div>
   <div class='ocr_carea' id='block_1_112' title="bbox 1003 2616 1788 2654">
    <p class='ocr_par' dir='ltr' id='par_1_112' title="bbox 1003 2616 1788 2654">
     <span class='ocr_line' id='line_1_112' title="bbox 1003 2616 1788 2654; baseline 0.006 -12"><span class='ocrx_word' id='word_1_841' title='bbox 1003 2616 1117 2646; x_wconf 83' lang='lat' dir='ltr'><strong>semina.</strong></span> <span class='ocrx_word' id='word_1_842' title='bbox 1147 2617 1186 2643; x_wconf 84' lang='lat' dir='ltr'><strong>rel</strong></span> <span class='ocrx_word' id='word_1_843' title='bbox 1204 2618 1333 2644; x_wconf 60' lang='lat' dir='ltr'><strong>collectos</strong></span> <span class='ocrx_word' id='word_1_844' title='bbox 1352 2618 1505 2652; x_wconf 85' lang='lat' dir='ltr'><strong>manipulos</strong></span> <span class='ocrx_word' id='word_1_845' title='bbox 1524 2620 1703 2653; x_wconf 81' lang='lat' dir='ltr'><strong>percenseat?</strong></span> <span class='ocrx_word' id='word_1_846' title='bbox 1721 2621 1788 2654; x_wconf 88' lang='lat' dir='ltr'><strong>Quis</strong></span> 
     </span>
    </p>
   </div>
   <div class='ocr_carea' id='block_1_113' title="bbox 1004 2661 1787 2697">
    <p class='ocr_par' dir='ltr' id='par_1_113' title="bbox 1004 2661 1787 2697">
     <span class='ocr_line' id='line_1_113' title="bbox 1004 2661 1787 2697; baseline 0.006 -11"><span class='ocrx_word' id='word_1_847' title='bbox 1004 2661 1117 2687; x_wconf 82' lang='lat' dir='ltr'><strong>tantalta</strong></span> <span class='ocrx_word' id='word_1_848' title='bbox 1131 2665 1220 2687; x_wconf 86' lang='lat' dir='ltr'><strong>mente</strong></span> <span class='ocrx_word' id='word_1_849' title='bbox 1236 2661 1374 2695; x_wconf 68' lang='lat' dir='ltr'><strong>prmditus,</strong></span> <span class='ocrx_word' id='word_1_850' title='bbox 1385 2666 1413 2688; x_wconf 88' lang='grc' dir='ltr'><strong>ιιι</strong></span> <span class='ocrx_word' id='word_1_851' title='bbox 1424 2667 1567 2697; x_wconf 77' lang='lat' dir='ltr'><strong>congestas</strong></span> <span class='ocrx_word' id='word_1_852' title='bbox 1575 2671 1607 2690; x_wconf 82' lang='lat' dir='ltr'><strong>ex</strong></span> <span class='ocrx_word' id='word_1_853' title='bbox 1619 2663 1702 2691; x_wconf 87' lang='lat' dir='ltr'><strong>nobili</strong></span> <span class='ocrx_word' id='word_1_854' title='bbox 1715 2672 1787 2691; x_wconf 87' lang='lat' dir='ltr'><strong>mer-</strong></span> 
     </span>
    </p>
   </div>
   <div class='ocr_carea' id='block_1_114' title="bbox 1004 2707 1788 2742">
    <p class='ocr_par' dir='ltr' id='par_1_114' title="bbox 1004 2707 1788 2742">
     <span class='ocr_line' id='line_1_114' title="bbox 1004 2707 1788 2742; baseline 0.003 -10"><span class='ocrx_word' id='word_1_855' title='bbox 1004 2710 1096 2733; x_wconf 83' lang='lat' dir='ltr'><strong>catura</strong></span> <span class='ocrx_word' id='word_1_856' title='bbox 1109 2707 1252 2734; x_wconf 74' lang='lat' dir='ltr'><strong>facultates</strong></span> <span class='ocrx_word' id='word_1_857' title='bbox 1265 2707 1368 2741; x_wconf 85' lang='lat' dir='ltr'><strong>liquido</strong></span> <span class='ocrx_word' id='word_1_858' title='bbox 1380 2707 1541 2742; x_wconf 86' lang='lat' dir='ltr'><strong>perspiciat?</strong></span> <span class='ocrx_word' id='word_1_859' title='bbox 1553 2707 1645 2736; x_wconf 91' lang='lat' dir='ltr'><strong>Sentio</strong></span> <span class='ocrx_word' id='word_1_860' title='bbox 1655 2717 1743 2736; x_wconf 87' lang='lat' dir='ltr'><strong>rerum</strong></span> <span class='ocrx_word' id='word_1_861' title='bbox 1754 2710 1788 2735; x_wconf 81' lang='lat' dir='ltr'><strong>alt</strong></span> 
     </span>
    </p>
   </div>
   <div class='ocr_carea' id='block_1_115' title="bbox 1003 2753 1787 2789">
    <p class='ocr_par' dir='ltr' id='par_1_115' title="bbox 1003 2753 1787 2789">
     <span class='ocr_line' id='line_1_115' title="bbox 1003 2753 1787 2789; baseline 0.003 -10"><span class='ocrx_word' id='word_1_862' title='bbox 1003 2760 1036 2779; x_wconf 90' lang='lat' dir='ltr'><strong>co</strong></span> <span class='ocrx_word' id='word_1_863' title='bbox 1045 2757 1180 2787; x_wconf 67' lang='lat' dir='ltr'><strong>gestarum</strong></span> <span class='ocrx_word' id='word_1_864' title='bbox 1192 2753 1304 2787; x_wconf 83' lang='lat' dir='ltr'><strong>pelagus</strong></span> <span class='ocrx_word' id='word_1_865' title='bbox 1316 2753 1497 2781; x_wconf 85' lang='lat' dir='ltr'><strong>immensum:</strong></span> <span class='ocrx_word' id='word_1_866' title='bbox 1515 2755 1631 2789; x_wconf 87' lang='lat' dir='ltr'><strong>ideoque</strong></span> <span class='ocrx_word' id='word_1_867' title='bbox 1648 2755 1680 2782; x_wconf 88' lang='lat' dir='ltr'><strong>ad</strong></span> <span class='ocrx_word' id='word_1_868' title='bbox 1694 2763 1787 2781; x_wconf 78' lang='lat' dir='ltr'><strong>earum</strong></span> 
     </span>
    </p>
   </div>
   <div class='ocr_carea' id='block_1_116' title="bbox 1003 2798 1789 2834">
    <p class='ocr_par' dir='ltr' id='par_1_116' title="bbox 1003 2798 1789 2834">
     <span class='ocr_line' id='line_1_116' title="bbox 1003 2798 1789 2834; baseline 0.003 -10"><span class='ocrx_word' id='word_1_869' title='bbox 1003 2798 1190 2832; x_wconf 79' lang='lat' dir='ltr'><strong>explicandam</strong></span> <span class='ocrx_word' id='word_1_870' title='bbox 1205 2798 1345 2825; x_wconf 88' lang='lat' dir='ltr'><strong>historiam</strong></span> <span class='ocrx_word' id='word_1_871' title='bbox 1361 2799 1490 2827; x_wconf 87' lang='lat' dir='ltr'><strong>accedere</strong></span> <span class='ocrx_word' id='word_1_872' title='bbox 1505 2800 1678 2834; x_wconf 80' lang='lat' dir='ltr'><strong>pertimesco,</strong></span> <span class='ocrx_word' id='word_1_873' title='bbox 1694 2808 1728 2827; x_wconf 88' lang='lat' dir='ltr'><strong>lle</strong></span> <span class='ocrx_word' id='word_1_874' title='bbox 1739 2808 1789 2827; x_wconf 85' lang='lat' dir='ltr'><strong>uu—</strong></span> 
     </span>
    </p>
   </div>
   <div class='ocr_carea' id='block_1_117' title="bbox 1004 2842 1787 2879">
    <p class='ocr_par' dir='ltr' id='par_1_117' title="bbox 1004 2842 1787 2879">
     <span class='ocr_line' id='line_1_117' title="bbox 1004 2842 1787 2879; baseline 0.004 -10"><span class='ocrx_word' id='word_1_875' title='bbox 1004 2842 1046 2869; x_wconf 88' lang='lat' dir='ltr'><strong>dis</strong></span> <span class='ocrx_word' id='word_1_876' title='bbox 1063 2843 1196 2870; x_wconf 85' lang='lat' dir='ltr'><strong>obruatur</strong></span> <span class='ocrx_word' id='word_1_877' title='bbox 1211 2844 1309 2870; x_wconf 86' lang='lat' dir='ltr'><strong>oratio.</strong></span> <span class='ocrx_word' id='word_1_878' title='bbox 1328 2842 1418 2876; x_wconf 86' lang='lat' dir='ltr'><strong>Quare</strong></span> <span class='ocrx_word' id='word_1_879' title='bbox 1432 2848 1543 2879; x_wconf 85' lang='lat' dir='ltr'><strong>propter</strong></span> <span class='ocrx_word' id='word_1_880' title='bbox 1567 2844 1643 2871; x_wconf 85' lang='lat' dir='ltr'><strong>littus</strong></span> <span class='ocrx_word' id='word_1_881' title='bbox 1662 2845 1787 2872; x_wconf 79' lang='lat' dir='ltr'><strong>incedant</strong></span> 
     </span>
    </p>
   </div>
   <div class='ocr_carea' id='block_1_118' title="bbox 1004 2889 1788 2926">
    <p class='ocr_par' dir='ltr' id='par_1_118' title="bbox 1004 2889 1788 2926">
     <span class='ocr_line' id='line_1_118' title="bbox 1004 2889 1788 2926; baseline 0.003 -11"><span class='ocrx_word' id='word_1_882' title='bbox 1004 2893 1029 2914; x_wconf 90' lang='lat' dir='ltr'><strong>ct</strong></span> <span class='ocrx_word' id='word_1_883' title='bbox 1046 2889 1130 2916; x_wconf 75' lang='lat' dir='ltr'><strong>lintris</strong></span> <span class='ocrx_word' id='word_1_884' title='bbox 1148 2898 1208 2924; x_wconf 69' lang='lat' dir='ltr'><strong>qntc</strong></span> <span class='ocrx_word' id='word_1_885' title='bbox 1237 2890 1388 2917; x_wconf 85' lang='lat' dir='ltr'><strong>continenti</strong></span> <span class='ocrx_word' id='word_1_886' title='bbox 1410 2891 1532 2926; x_wconf 72' lang='lat' dir='ltr'><strong>prositut)</strong></span> <span class='ocrx_word' id='word_1_887' title='bbox 1551 2893 1615 2917; x_wconf 78' lang='lat' dir='ltr'><strong>sunt</strong></span> <span class='ocrx_word' id='word_1_888' title='bbox 1633 2889 1788 2918; x_wconf 86' lang='lat' dir='ltr'><strong>admirabor</strong></span> 
     </span>
    </p>
   </div>
  </div>
