2036 3122
169 204 241 236 1385

786 195 989 228 RELIGIOSA
1005 194 1199 228 HISTORIA.

1737 195 1805 230 1386

168 263 198 290 τὲ
209 261 298 296 σιγῶν
324 261 426 292 ἐκεῖνος
441 259 563 294 εἱστήκει
586 257 633 293 τὴν
652 256 797 291 ἀπόκρισιν
817 255 854 289 μή
867 254 962 281 ποιού-

1017 253 1182 281 famulorum
1206 260 1321 281 suorum
1346 254 1423 281 Vires
1450 255 1617 284 ostenderet.
1648 255 1804 292 lterumqus

173 316 262 344 μενος,
273 306 307 333 τὰ
332 306 434 340 γόνατα
457 304 550 335 κλίνας
565 301 747 338 προσηύχετο,
771 300 818 326 καὶ
831 298 962 326 τὺνΘεὸν

169 343 305 389 ’ἠντιϐόλει
325 351 409 382 δεῖξαι
426 349 468 385 τῷ
488 347 621 383 ἀλιτηρίῳ
635 347 688 373 τῶν
704 345 812 372 οίκείων
826 343 962 379 θεραπόν-

171 408 225 425 των
249 397 298 433 τὴν
318 396 444 431 δύναμιν.
467 393 524 420 Καὶ
545 392 626 420 πάλιν
651 392 789 423 ἀνίστατο,
813 390 861 417 καὶ
881 389 962 416 πάλιν

172 445 275 475 ἱκεῖνος
290 442 447 470 ἀντιτείνων
467 440 557 474 ἐσίγα,
572 439 619 466 καὶ
638 437 725 465 ταῦτα
741 437 838 473 μέχρις
849 436 962 470 ὲννάτης

171 491 286 524 ἐγίνετο.
311 488 420 522 Ἐπειδὴ
445 487 473 513 δὲ
490 484 661 522 θερμοτέραν
681 484 728 511 καὶ
750 482 962 517 σπουδαιοτέραν

169 536 209 571 τῴ
224 535 348 570 Δεσπότῃ
370 533 551 569 προσενήνοχε
569 529 732 566 προσευχὴν,
751 528 870 560 ἀναστὰς
886 527 962 562 ἔλεγε

173 580 242 616 πρὸς
258 580 302 606 τὸν
317 579 467 614 ἀλιτήριον·
487 586 496 603 t
514 575 551 602 Οὕ
568 584 609 602 σοι
621 575 762 602 ἐπιτάττει
777 573 891 609 Πέτρος,
904 572 962 599 ἀλλ’

171 628 185 654 ὁ
205 626 308 662 Πέτρου
334 624 412 655 Θεόςθ
430 623 575 658 ἀπόκριναι
586 622 692 652 [τοίνυν
711 620 763 647 ὑπὸ
789 620 839 655 τῆς
857 619 962 647 ἐκείνου

170 671 312 707 δυνάμεως
338 668 629 704 καταναγκαζόμενος.
657 676 666 693 ι
700 666 825 702 ᾙδὲσθη,
859 666 962 701 καίπερ

172 718 348 753 ἀναίσχυντος
362 715 411 748 ὢν,
421 717 434 742 δ
444 715 575 749 ἀλάστωρ
586 713 634 749 τὴν
647 712 695 740 τοῦ
710 713 788 747 ἁγίου
800 712 961 744 ἐπιείκειαν,

170 764 218 791 καὶ
243 764 318 798 φωνῇ
337 762 451 798 μεγίστῃ
474 761 647 797 χρησάμενος
674 759 750 791 ὲὸὀα,
781 758 819 790 ὡς
840 757 880 793 τῷ
903 757 962 792 ὄρει

172 810 223 846 μὲν
253 809 292 845 τῷ
314 807 424 844 Ἀμανῷ
455 806 589 843 σχολάζοι·
619 816 629 832 (
644 805 745 833 Τοῦτον
765 805 793 832 δὲ
819 804 891 832 κατὰ
913 803 962 839 τὴν

170 856 230 884 ὁδὸν
251 856 420 890 θεασάμενος
441 853 513 889 ὕδωρ
539 852 593 880 ἀπό
612 860 685 884 τινος
707 851 798 887 πηγῆς
811 850 962 886 ἀρυόμενὸν

170 911 201 929 τε
218 901 266 929 καὶ
279 901 400 933 πίνοντα,
422 899 544 934 ἠθέλησα
557 899 715 934 οἰκητήριον
729 898 828 924 οἰκεῖον
847 897 963 931 ποιήσα-

1014 300 1146 331 surrexit,
1163 303 1189 326 ct
1204 299 1250 327 ille
1263 303 1359 327 contra
1386 301 1507 328 renitens
1533 301 1632 328 iterum
1655 301 1802 335 obmutuit,

1014 349 1095 380 atque
1106 345 1157 373 hoc
1165 346 1247 373 modo
1259 345 1292 373 ad
1309 345 1404 372 horatn
1420 353 1507 381 usque
1522 355 1621 375 nouam
1638 355 1682 376 res
1694 357 1804 384 proces-

1014 390 1060 418 sit.
1073 390 1176 419 Postea
1187 398 1331 422 vero,cum
1344 391 1516 420 ardentiores
1527 391 1642 420 Domino
1661 398 1689 421 et
1715 395 1804 423 inten-

1013 436 1100 464 tiores
1116 444 1212 472 preces
1242 436 1400 469 obtulisset,
1431 444 1558 472 surgens,
1585 440 1805 475 sceleratumqus

1013 483 1193 518 compellans,
1213 492 1222 508 ι
1240 482 1298 510 Non
1311 482 1419 514 Petrus.
1448 483 1497 516 ait,
1524 483 1574 510 tibi
1603 484 1728 519 imperat,
1757 487 1804 514 sed

1014 529 1086 557 Petri
1101 529 1185 562 Deus;
1196 537 1281 564 quare
1293 529 1365 557 illius
1376 529 1490 557 adactus
1502 530 1622 565 potentia
1632 531 1775 566 responde.
1792 543 1801 558 ι

1014 573 1160 602 Reveritus
1173 579 1217 603 est
1232 574 1364 608 nefarius,
1383 575 1533 610 impudens
1555 576 1628 610 licet,
1648 578 1735 604 sancti
1753 579 1803 605 viri

1013 619 1187 653 modestiam,
1204 628 1356 656 magnaque
1371 628 1438 648 voce
1453 621 1627 649 exelamans:
1646 631 1654 648 ι
1675 622 1704 649 In
1721 623 1804 650 Ama-

1014 673 1060 699 no,
1079 666 1178 700 inquit,
1193 672 1284 695 monte
1295 675 1392 695 verser
1407 675 1414 699 ;
1443 666 1516 694 hunc
1533 670 1624 695 autem
1648 675 1748 702 aquam
1776 669 1803 695 in

1014 712 1057 738 via
1072 719 1086 739 e
1102 712 1177 740 fonte
1189 713 1363 740 haurientem
1378 718 1409 741 et
1428 713 1568 741 bibentem
1582 721 1645 741 eum
1662 713 1802 745 vidissem,

1013 757 1041 784 in
1067 765 1100 785 eo
1130 758 1196 786 tnihi
1229 759 1398 786 domicilium
1424 761 1595 787 constituere
1621 760 1804 787 volni.—At

1013 801 1153 837 egredere,
1180 803 1219 830 ait
1247 804 1328 831 homo
1356 805 1413 837 Dei,
1441 805 1489 831 tibi
1510 804 1561 832 hoc
1579 805 1624 832 illo
1640 805 1802 840 imperante.

1014 849 1120 884 qui-pro
1131 849 1198 877 orbe
1219 853 1353 877 terrarum
1369 850 1483 878 Suffixus
1500 855 1541 878 cst
1567 851 1653 879 cruci.
1672 861 1681 877 ι
1711 852 1804 879 Audiit

1013 893 1060 921 ille
1079 898 1106 921 et
1122 893 1201 929 fugit,
1214 895 1371 930 nutricique
1388 896 1457 923 liber
1471 904 1486 923 a
1507 896 1605 924 furore
1624 897 1747 925 redditus
1761 903 1804 925 est

172 947 244 973 σθαι.
274 960 308 965 -
341 944 411 972 Ἀλλ’
434 943 511 976 ἔξιθι,
542 943 637 977 ἔλεγεν
667 944 681 969 ὁ
697 941 744 969 τοῦ
764 941 832 968 Θεοῦ
855 941 961 977 ἄνθρω-

1017 940 1147 975 agricola.
1165 940 1240 968 Alias
1252 941 1278 968 id
1296 949 1382 976 genus
1395 942 1555 970 innumeras
1578 943 1612 970 de
1648 944 1726 971 beata
1755 944 1801 971 illa

173 999 233 1023 πος,
251 990 299 1017 τοῦ
312 989 519 1025 σταυρωθέντος
540 989 612 1024 ὑπὲρ
635 987 687 1023 τῆς
699 986 862 1022 οἰκουμένης
883 985 962 1012 τοῦτό

174 1045 215 1064 σοι
239 1036 460 1072 παρεγγυῶντος.
485 1044 495 1061 ι
515 1035 633 1062 Ἤκουεν
653 1035 767 1066 ἐκεῖνος,
780 1033 830 1060 καὶ
850 1032 960 1066 ἔφευγε,

172 1083 220 1110 καὶ
234 1082 282 1117 τῆς
295 1081 394 1116 λύττης
408 1081 547 1117 ἐλεύθερος
559 1080 699 1107 ἀπεδίδοτο
711 1080 743 1115 τῇ
758 1079 835 1114 τιτθῇ
844 1079 865 1105 ’ὁ
875 1087 962 1114 γεωρ-

171 1130 229 1163 γός.
259 1128 314 1156 Καὶ
336 1128 418 1163 ἕτερα
441 1127 470 1154 δὲ
506 1127 590 1163 μυρία
615 1127 665 1162 τῆς
692 1125 831 1161 μακαρίας
854 1124 962 1159 ἐκείνης

172 1176 262 1211 ψυχῆς
274 1175 386 1202 τοιαῦτα
400 1175 468 1210 ἔχων
482 1173 650 1209 διηγήματα,
663 1171 824 1207 παραλείψω
839 1170 872 1196 τὰ
888 1169 963 1196 πλεί-

1015 985 1107 1012 anima
1116 986 1289 1015 narrationes
1306 987 1420 1019 habens,
1434 989 1566 1022 plurimas
1582 991 1801 1024 praetermittam.

1017 1031 1167 1059 multorum
1183 1036 1309 1060 metuens
1336 1033 1496 1067 inﬁrmitati,
1514 1036 1562 1071 qui
1583 1036 1610 1063 in
1628 1038 1733 1072 seipsos
1759 1039 1802 1065 in-

1016 1079 1135 1108 tuentes,
1144 1081 1302 1105 sanctorum
1314 1079 1433 1106 virorum
1446 1080 1588 1109 miraculis
1602 1082 1679 1110 fidem
1691 1088 1801 1118 negant.

1016 1129 1157 1157 unumque
1183 1127 1211 1150 et
1236 1123 1353 1151 alterum
1377 1125 1428 1153 ubi
1450 1134 1623 1162 exposuero,
1658 1129 1692 1156 ad
1717 1130 1801 1156 alium

1015 1168 1147 1196 athletam
1174 1170 1343 1205 progrediar.

175 1233 234 1257 στα,
250 1223 305 1250 τῶν
322 1222 426 1250 πολλῶν
441 1221 534 1253 δεδιὼς
547 1221 597 1256 τὴν
608 1220 760 1248 ἀσθένειαν·
778 1219 818 1250 εἰς
831 1218 901 1252 σφᾶς
912 1216 967 1252 γὰρ
985 1215 1154 1253 ἀφορῶντες,
1171 1217 1232 1248 ταῖς
1249 1217 1303 1245 τῶν
1332 1218 1411 1245 θείων
1443 1219 1548 1256 ἀνδρῶν
1572 1221 1715 1249 ἀπιστοῦσι
1738 1221 1804 1250 θαυ-

176 1270 364 1306 ματουργίαις.
387 1269 477 1296 Ἐνδὲ
495 1269 512 1304 ἢ
522 1267 573 1295 δύο
585 1268 798 1304 διηγησάμενος,
814 1265 856 1300 ἐφ’
872 1264 965 1300 ἕτερον
983 1263 1135 1299 ἀγωνιστὴν
1149 1264 1348 1300 μεταϐήσομαι.

208 1314 263 1343 Ἦν
276 1325 317 1348 τις
327 1315 487 1347 ἀκόλαστος,
504 1313 656 1350 στρατηγὴς
672 1313 700 1338 ἐν
710 1313 767 1343 τοῖς
783 1310 839 1338 ἄνω
847 1308 964 1345 χρόνοις.

173 1363 250 1399 Κόρη
262 1363 351 1389 τοίνυν
369 1370 411 1393 τις
427 1361 625 1396 ἀπειρόγαμος,
647 1358 722 1395 ὥραν
740 1358 840 1392 ἔχουσα
859 1355 963 1391 γάμου,

174 1409 227 1436 ὑπὸ
242 1408 292 1443 τὴν
307 1407 403 1435 τούτου
421 1406 580 1433 δεσποτείαν
595 1404 719 1436 τελοῦσα,
737 1403 787 1438 τὴν
799 1401 903 1438 μητέρα
915 1408 965 1428 κα-

173 1452 336 1484 ταλιποῦσα,
356 1451 403 1479 καὶ
420 1451 483 1481 τοὺς
497 1450 626 1481 οἰκείους,
642 1449 682 1480 εἰς
699 1447 882 1482 γυναικονῖτιν
895 1453 964 1471 κατ-

174 1499 259 1534 έφυγε
286 1497 441 1533 συμμορίαν
466 1495 580 1531 ἔχουσαν
605 1493 740 1529 ἀθλητῶν.
773 1490 963 1525 Ἀγωνίζονται

174 1545 230 1580 γὰρ
244 1545 290 1571 καὶ
301 1544 430 1578 γυναῖκες
440 1543 495 1572 τοῖς
506 1540 617 1576 ἀνδράσι
633 1537 840 1573 παραπλησίως,
856 1536 903 1564 καὶ
922 1535 963 1580 είς

174 1579 268 1626 τὸτῆς
283 1589 384 1625 ἀρετῆς
400 1587 594 1615 καταϐαίνουσι
617 1584 732 1612 στάδιον.
746 1582 854 1616 Ταύτης
870 1579 965 1616 μαθὼν

176 1640 190 1665 ὁ
205 1625 358 1673 στρατηγὸς
372 1635 421 1670 τὴν
446 1632 544 1668 φυγὴν,
562 1631 711 1668 ἐμαστίγου
735 1628 783 1664 τὴν
799 1627 904 1673 μητέρα
919 1625 966 1673 καλ.

177 1670 344 1719 ἐκρεμάννψ
361 1681 408 1707 καὶ
423 1680 455 1706 οὔ
485 1678 618 1714 πρότερον
632 1676 723 1710 ἀφῆκε
736 1673 853 1710 δεσμῶν,
862 1672 915 1704 ’ἐως

249 1717 375 1755 γεὺσεὸὡν
400 1725 538 1761 γυναικῶν
565 1722 688 1755 ὑπέδειξε
716 1719 899 1754 καταγώγιον.
925 1717 965 1752 Τῇ

176 1774 261 1809 λύττῃ
282 1772 372 1799 τοίνυν
399 1773 432 1807 τῇ
445 1770 533 1806 οἰκείᾳ⁵
554 1769 736 1805 χρησάμενος,
752 1766 879 1801 ἥρπασεν
896 1765 968 1790 ἐκεῖ·

177 1819 223 1845 θεν
256 1818 304 1854 τὴν
320 1817 428 1852 κόρην,
454 1816 501 1843 καὶ
515 1816 556 1846 είς
568 1813 617 1848 τὴν
636 1812 739 1840 οἰκείαν
762 1811 852 1838 οἰκίαν
882 1810 966 1835 ὲπανυ

177 1866 274 1901 ήγαγεε
289 1863 337 1890 καὶ
351 1863 464 1898 ἡλπισεν
485 1862 499 1888 ὁ
521 1861 636 1891 δείλαιος
653 1859 702 1894 τὴν
723 1857 826 1884 οἰκείαν
843 1855 967 1891 κορέσειν

177 1911 334 1938 ἀκολασίαν.
363 1908 432 1936 Ἀλλ’
456 1908 471 1934 ό
489 1907 535 1934 τὸν
557 1905 657 1941 Φαραὼ
680 1905 809 1939 ἔτασμσῖς
838 1901 967 1937 μεγάλοις

177 1958 226 1985 καὶ
243 1957 370 1992 πονηροῖς
382 1954 482 1985 ὲτάσας
500 1952 565 1988 περὶ
580 1951 688 1987 Σάρρας
702 1949 751 1984 τῆς
772 1947 901 1982 γυναικὸς
921 1947 967 1992 ‘AT

178 2001 283 2036 ὁραὰμ,
305 1990 359 2026 ’καὶ
384 1998 523 2031 ἀνέπαφον
545 1995 665 2030 φυλάξας
682 1994 733 2028 τὴν
754 1991 890 2027 σώφρονα,
919 1990 967 2036 καὶ

178 2035 243 2078 τοὺς
256 2035 413 2079 Σοδομίτας
437 2041 561 2075 πατάξας
578 2039 706 2076 ἀορασίᾳ,
726 2036 904 2072 ἐμπαροινεῖν
929 2035 968 2066 ὡς

179 2093 264 2125 ξένοις
278 2092 333 2123 τοῖς
345 2089 501 2125 ἀσωμάτοις
514 2087 751 2122 ἐπιχειρήσαντας,
762 2079 838 2114 οὗτος
849 2081 896 2108 καὶ
908 2079 969 2107 τού-

178 2147 226 2165 του
237 2138 267 2164 τὸ
278 2136 387 2164 ὁπτικδν
397 2133 515 2170 ἀορασίᾳ
530 2131 629 2168 βαλὼν,
646 2132 678 2157 ἐκ
695 2129 777 2164 μέσου
788 2127 842 2154 τῶν
852 2125 969 2153 δικτύων

179 2184 210 2210 τὺ
223 2183 334 2219 Θήραμα
357 2181 498 2215 διαφυγεῖν
514 2176 715 2214 παρεσκεύασε·
731 2175 777 2202 καὶ
795 2174 835 2205 είς
853 2173 899 2219 τον
919 2171 969 2197 θά-

179 2217 266 2263 λαμον
284 2217 365 2258 αὐτὸς
385 2225 434 2261 μὲν
450 2222 547 2259 εἰσῄει,
558 2221 649 2256 ἐκείνη
662 2220 691 2247 δὲ
707 2219 780 2263 ἔνδον
795 2217 969 2263 διαφυλαττο-

1052 1307 1102 1335 Vir
1125 1313 1184 1336 erat
1211 1309 1376 1338 libidinosus
1393 1330 1400 1343 ,
1428 1312 1545 1339 militum
1563 1313 1628 1340 olim
1647 1315 1777 1352 magister
1793 1323 1801 1342 :

1016 1354 1106 1389 puella
1133 1358 1224 1382 autem
1244 1356 1366 1391 quaedam
1394 1357 1514 1385 nonduin
1533 1363 1628 1393 nupta,
1659 1360 1707 1387 sed
1723 1362 1804 1388 nubi-

1017 1400 1062 1433 lis,
1079 1408 1140 1436 quaa
1157 1401 1209 1428 sub
1238 1402 1298 1436 ejus
1316 1406 1375 1429 erat
1395 1403 1527 1436 dominio,
1550 1411 1637 1432 matre
1657 1406 1752 1433 relicta
1776 1411 1804 1434 et

1018 1445 1088 1478 suis,
1107 1446 1141 1473 ad
1163 1454 1321 1482 gynaeceum
1347 1449 1486 1483 quoddam
1501 1458 1531 1477 se
1549 1452 1676 1484 contulit,
1695 1452 1722 1479 in
1749 1460 1805 1487 quo

1018 1496 1108 1519 cretus
1124 1498 1183 1519 erat
1199 1492 1377 1521 athletarum.
1400 1494 1544 1523 Decertaut
1571 1497 1644 1524 enim
1664 1498 1745 1525 etiam
1765 1498 1805 1526 fo-

1018 1536 1110 1570 minae,
1127 1537 1358 1571 quemadmodum
1388 1539 1450 1571 viri,
1467 1545 1494 1567 et
1511 1541 1540 1568 in
1555 1542 1672 1568 stadium
1690 1543 1802 1571 virtutis

1018 1580 1196 1609 descendunt.
1219 1582 1305 1618 llujus
1325 1585 1435 1618 cognita
1456 1585 1529 1620 fuga,
1548 1587 1679 1621 magister
1691 1593 1803 1615 matrem

1017 1625 1111 1661 ﬂagris
1133 1627 1244 1660 cecidit,
1269 1633 1295 1656 et
1315 1629 1421 1664 1193
1436 1630 1555 1657 vinctam
1582 1633 1736 1667 suspendit,
1751 1641 1803 1661 nec

1017 1673 1136 1701 vinculis
1160 1675 1238 1709 prius
1254 1676 1367 1707 exemit,
1383 1679 1391 1686 '
1406 1684 1488 1710 quam
1522 1677 1714 1712 religiosarum
1743 1687 1804 1706 mu-

1017 1718 1115 1746 lierum
1147 1720 1334 1748 habitaculum
1352 1722 1484 1749 ostendit.
1517 1722 1595 1750 lllinc
1613 1731 1689 1759 ergo,
1716 1725 1805 1752 furori

1017 1765 1185 1800 obsequens,
1199 1766 1318 1800 puellam
1332 1767 1434 1802 rapuit,
1446 1772 1473 1795 et
1486 1768 1595 1796 domum
1612 1777 1689 1796 suam
1704 1770 1806 1804 perdu-

1016 1811 1068 1843 xit,
1083 1819 1198 1845 sperans
1213 1811 1309 1839 infelix
1325 1820 1354 1840 se
1370 1813 1512 1840 libidinem
1529 1822 1607 1842 suam
1619 1816 1804 1850 expleturum.

1019 1857 1071 1885 Sed
1084 1859 1129 1892 qui
1144 1858 1318 1886 Pharaonem
1337 1861 1443 1894 magnis
1459 1865 1484 1888 et
1501 1861 1632 1895 gravibus
1657 1863 1805 1897 suppliciis

1018 1904 1108 1932 affecit
1123 1909 1233 1939 propter
1251 1904 1347 1933 Saram
1364 1906 1482 1934 Abralre
1495 1907 1661 1942 conjugemr
1686 1913 1713 1935 et
1733 1909 1805 1936 inta-

1017 1955 1089 1978 ctam
1107 1952 1226 1979 servavit
1251 1953 1451 1986 continentem;
1470 1954 1516 1988 qui
1534 1961 1561 1981 et
1579 1953 1733 1982 Sodomitas
1752 1963 1806 1983 cato

1018 1996 1099 2023 citate
1111 1997 1287 2031 perstrinxit,
1302 2005 1364 2024 cum
1379 1998 1514 2025 adversus
1523 2000 1650 2033 corporis
1660 2004 1797 2034 expertes,

1018 2047 1150 2076 tanquam
1172 2042 1201 2069 in
1225 2042 1350 2077 hospites
1379 2043 1504 2070 insanire
1526 2050 1701 2076 conarentur,
1734 2046 1804 2073 idem

1019 2088 1102 2122 hujus
1117 2096 1227 2123 quoque
1242 2089 1331 2116 oculis
1351 2090 1497 2123 caliginem
1524 2089 1677 2124 oﬂ‘undens,
1695 2091 1760 2119 fecit
1775 2096 1805 2118 ut

1019 2133 1109 2168 prteda
1120 2133 1217 2161 mediis
1234 2141 1266 2161 ex
1279 2134 1383 2161 retibus
1394 2136 1552 2162 elaberetur
1568 2145 1574 2163 :
1590 2137 1626 2163 ita
1641 2141 1670 2164 ut
1685 2138 1729 2164 ille
1741 2139 1805 2172 qui-

1019 2179 1079 2206 dcm
1097 2180 1248 2206 thalamum
1275 2180 1402 2213 intraret,
1420 2181 1478 2207 lirec
1491 2188 1565 2215 vero,
1580 2190 1640 2216 qure
1663 2183 1805 2211 iuluscu—

1019 2226 1201 2256 stodiebatur,
1218 2225 1309 2253 subito
1323 2226 1455 2256 evolaret.
1472 2234 1561 2261 eoque
1576 2227 1708 2256 frustrato
1722 2237 1804 2264 expe-
1841 2229 1843 2231 ’

182 2262 249 2308 μένη
265 2271 421 2307 παραυτίκα
442 2268 515 2304 ἐξῄει
534 2267 580 2293 καὶ
596 2265 711 2301 φροῦδος
734 2262 779 2298 ἦν,
804 2263 851 2289 καὶ
865 2262 894 2288 τὸ
909 2270 965 2308 τρι-

1019 2271 1099 2298 tilum
1114 2271 1165 2298 sibi
1178 2271 1388 2298 contubernium
1403 2272 1640 2306 repeteret.Quare
1654 2262 1805 2308 agnoscens

181 2307 297 2353 πύθητον
317 2317 386 2352 αὐτῇ
399 2314 533 2342 κατέλαὸε
553 2310 734 2346 καταγώγιον.
749 2308 827 2336 Οὖτιν
850 2307 969 2343 μαθὼνὸ

181 2364 305 2399 ἀνόητος,
329 2363 366 2394 ὼς
382 2362 432 2397 τῆς
453 2360 499 2387 τὸν
517 2360 586 2386 θεῖον
612 2357 756 2393 μνηστῆρα
783 2353 969 2391 προελομένης

181 2410 211 2436 οὗ
223 2410 375 2445 περιέσται,
396 2407 511 2443 ἡσυχίαν
526 2405 602 2439 ἄγειν
615 2402 797 2439 ἠναγκάζετο,
814 2400 905 2427 οὐκέτι
921 2399 970 2434 τὴν

182 2444 299 2482 ἁλοῦσαν
328 2453 375 2481 καὶ
400 2453 460 2487 θείᾳ
485 2451 598 2485 δυνάμει
619 2447 802 2483 διαφυγοῦσαν
822 2444 968 2480 ἐπιζητῶν.

182 2501 256 2529 Amm
268 2500 366 2537 χρόνου
380 2498 528 2529 διελθόντος
539 2497 680 2532 παθήματι
690 2494 838 2531 περιέπεσε
849 2491 969 2528 χαλεπῷ·

183 2549 312 2584 καρκϊνος
326 2546 355 2574 δὲ
369 2546 401 2573 τὴ
417 2545 502 2577 πάθος
517 2542 561 2580 ἦν’
578 2543 617 2577 τῷ
630 2542 658 2569 δὲ
674 2539 767 2576 μαστῷ
781 2538 971 2574 ὲξογκουμένῳ

183 2594 233 2622 καὶ
249 2595 267 2629 ή
281 2592 360 2628 ὀδύνη
380 2591 537 2626 συνηύξετο.
559 2588 641 2617 Ἀλλὰ
654 2588 699 2614 τὸν
719 2588 805 2622 μέγαν
816 2584 907 2613 ἐκάλει
918 2585 970 2612 Πέ-

183 2649 248 2675 τρον
261 2641 290 2666 ὲν
303 2640 337 2675 τῇ
350 2639 399 2673 τῆς
411 2638 506 2674 ὀδύνης
521 2638 608 2673 ἀκμῇ,
621 2635 667 2663 καὶ
691 2633 809 2669 ἔφασκεν
820 2632 899 2664 εὐθὺς
922 2631 971 2666 τῆς

186 2682 261 2722 ιερὲἱς
277 2685 383 2720 ἐκείνης
402 2685 494 2720 φωνῆς
509 2685 548 2716 εις
567 2683 601 2710 τὰ
622 2679 680 2710 ὦτα
693 2679 868 2716 βαλλομένης,
881 2678 972 2705 πᾶσαν

185 2732 295 2768 εκείνην
309 2731 357 2767 τὴν
375 2731 471 2766 ὀδύνην
495 2729 679 2766 κοιμίζεσθαι,
694 2728 741 2755 καὶ
758 2725 824 2762 μηδὲ
842 2724 972 2760 βραχεῖαν

186 2777 313 2814 αἴσθησιν
325 2777 428 2804 ἐκεῖθεν
446 2776 560 2813 ἁνιαρὰν
576 2773 763 2810 ὑποδέχεσθαι.
779 2770 879 2799 Τούτου
893 2769 973 2805 χάριν

186 2824 268 2852 αὑτὸν
290 2824 338 2851 καὶ
361 2823 520 2858 συχνότερον
542 2819 777 2858 μεταπεμπομένη
795 2815 972 2852 ψυχαγωγίας

186 2869 335 2906 ἁπήλαυεν.
350 2870 476 2897 ’Λπαντα
492 2868 545 2904 γὰρ
562 2868 638 2903 ἔλεγε
652 2868 696 2894 τὸν
716 2867 763 2900 τῆς
785 2864 887 2892 ὲκείνου
902 2871 972 2900 παρα

186 2916 280 2948 θυσίας
303 2915 397 2952 καιρὸν
412 2913 549 2946 παντελῶς
571 2914 620 2945 τὰς
634 2912 781 2947 ἀλγηδόνας
797 2909 970 2945 ἀφίστασθαι.

347 2961 484 2995 Ρλτιιοι..
507 2960 565 2990 Gn.
582 2958 741 2990 LXXXII.

1019 2321 1125 2345 vecors.
1140 2322 1169 2342 se
1184 2315 1257 2341 illam
1284 2323 1344 2350 qua:
1358 2314 1480 2342 divinum
1498 2315 1632 2350 Sponsum
1650 2319 1805 2353 praetulerat

1018 2360 1129 2388 vincere
1145 2369 1199 2388 non
1216 2369 1307 2396 posse,
1326 2362 1469 2396 quiescere
1486 2366 1600 2390 coactus
1611 2367 1663 2396 est,
1679 2371 1730 2391 nec
1745 2372 1806 2392 am-

1020 2406 1093 2439 plius
1107 2414 1167 2433 eam
1196 2407 1338 2442 persequi,
1355 2415 1418 2442 quae
1435 2411 1514 2442 capta
1531 2415 1593 2434 cum
1610 2413 1685 2436 esset
1700 2417 1748 2444 per
1764 2410 1806 2437 dio

1019 2451 1110 2477 vinam
1140 2451 1290 2485 potentiam
1318 2456 1454 2479 evaserat.
1487 2451 1549 2479 Haec
1565 2452 1624 2487 ipsa
1640 2454 1806 2488 procedente

1021 2500 1143 2529 tempore
1153 2504 1262 2531 gravem
1272 2498 1300 2525 in
1312 2497 1437 2524 morbum
1449 2498 1551 2537 incidit
1569 2498 1607 2533 (et
1621 2506 1721 2526 cancer
1732 2507 1809 2527 mor.

1021 2542 1072 2570 bus
1084 2542 1129 2569 hic
1136 2542 1218 2578 erat),
1227 2543 1402 2578 mamillaque
1410 2543 1608 2571 intumescente
1617 2543 1694 2571 dolor
1704 2546 1807 2579 pariter

1022 2587 1204 2615 increscebat.
1222 2587 1275 2615 Sed
1291 2595 1352 2616 cum
1368 2588 1472 2616 doloris
1481 2589 1599 2615 maxima
1608 2589 1650 2617 vis
1665 2593 1736 2622 erat,
1748 2598 1807 2617 ma-

1022 2640 1103 2667 gnum
1115 2632 1225 2660 Petrum
1243 2633 1398 2663 invocabat.
1410 2633 1566 2668 aiebatque,
1583 2635 1665 2662 simul
1678 2642 1711 2662 ac
1727 2643 1806 2665 sacra

1023 2678 1069 2706 illa
1086 2686 1139 2705 vox
1161 2678 1275 2706 auribus
1291 2679 1466 2712 insonuerat,
1483 2683 1571 2706 totum
1588 2679 1664 2707 illum
1674 2679 1806 2708 ‘tlolorem

1023 2724 1115 2753 sedari
1132 2725 1231 2756 solere,
1248 2724 1410 2759 nullumque
1426 2733 1460 2752 ex
1475 2732 1509 2752 eo
1532 2725 1677 2753 molestum
1693 2733 1805 2754 sensum

1024 2771 1154 2798 residere.
1171 2769 1249 2798 Unde
1262 2769 1433 2805 frequentius
1449 2770 1524 2797 illum
1538 2778 1647 2806 quoque
1661 2777 1806 2798 accersens

1023 2816 1214 2844 consolatione
1243 2815 1396 2844 fruebatur.
1440 2816 1599 2843 Afﬂrmabat
1638 2816 1723 2850 enim,
1749 2825 1805 2852 quo

1024 2866 1146 2898 tempore
1178 2869 1299 2897 praesens
1316 2861 1422 2895 aderat,
1440 2869 1536 2889 omnes
1553 2869 1670 2897 prorsus
1696 2861 1814 2892 dolores,

1025 2909 1204 2938 abscessisse.
1221 2908 1322 2938 Verum
1340 2908 1413 2937 illam
1437 2909 1547 2945 quidem
1560 2912 1622 2944 post
1639 2908 1702 2936 talia
1717 2910 1810 2936 corra-

1596 2954 1633 2984 Ιώ
