2036 3122
238 175 248 205 l
255 174 306 205 387

758 175 1003 215 THEQDORETI
1017 174 1188 207 EPISCOPI
1207 173 1388 207 CYRENSIS

1806 177 1875 211 1388

237 233 311 260 mina
332 240 365 261 ex
395 233 447 261 bac
464 233 520 262 vita
546 233 724 263 excedentem
754 235 878 263 victoriae
895 235 1008 263 laudibu

1083 233 1154 261 Ἀλλ’
1169 235 1277 270 ἐκείνην
1303 235 1353 270 μὲν
1377 234 1464 266 οὕτως
1489 235 1702 271 ἀγωνισαμένην
1723 237 1793 272 μετᾶ
1818 237 1875 263 τῶν

236 285 403 316 prosecutus
418 285 471 310 est.
487 282 594 310 Rursus
610 290 676 310 vero
693 285 809 309 matrem
832 290 932 314 meam,
964 285 1027 317 post

235 331 343 362 partum
361 335 415 362 quo
432 335 475 355 me
484 328 570 355 enixa
589 332 633 355 est
653 328 736 354 morti
755 327 920 362 proximam,
935 328 1026 355 nutri-

235 373 276 400 cis
295 373 403 409 ιι,θῶ
418 374 546 409 precibus
576 379 716 408 exoratus,
732 374 881 402 adveniens
897 382 911 401 e
928 374 1025 402 mortis

234 418 361 447 faucibus
387 420 499 456 eripuit.
534 420 718 448 Decumbebat
754 421 828 448 enim
853 419 978 452 medicis,
995 424 1026 448 ut

235 465 339 498 ferunt,
364 466 586 501 desperantibus,
612 466 772 502 lugentibus
801 466 974 498 domesticis,
998 470 1026 494 et

234 513 341 540 obitum
360 514 597 548 praestolantibus,
618 514 721 542 clausis
739 513 828 540 oculis
843 520 939 548 magna
960 519 1024 540 cum

233 557 309 586 febre
323 559 498 592 conflictans,
513 559 691 587 familiarium
707 559 843 586 neminem
860 565 1022 593 ngnoscens.

232 602 269 631 Ut
283 608 375 632 autem
393 605 504 633 advenit
521 606 578 638 ille,
593 605 641 640 qui
652 604 838 640 apostolicum
856 612 956 632 nomen
973 612 1024 639 ge-

231 650 310 678 rebat
327 655 354 678 et
370 651 498 686 gratiam,
523 655 551 680 et
567 651 645 678 «Pax
668 651 728 683 tibi,
757 650 811 678 lilia
829 660 838 676 ι
853 650 922 678 dixit
952 650 1023 685 (hac

230 697 304 724 enim
334 698 395 732 ejus
413 702 473 725 erat
500 698 630 726 salutatio
642 698 662 733 ),
693 697 841 725 confestim
871 697 1019 732 palpebras

229 751 369 772 reserasse
382 743 495 776 dicitur,
509 750 536 772 et
551 744 578 771 in
598 745 674 772 illum
692 744 753 771 lixis
766 743 854 771 oculis
866 743 1018 778 aspexisse,

229 789 487 825 benedictionisquo
516 790 638 818 fructum
664 791 833 826 postulasse.
869 789 1018 824 Postquam

229 837 344 865 ululavit
359 837 524 865 feminarum
540 838 643 865 chorus
670 837 771 872 (mista
788 836 861 864 enim
877 843 940 864 cum
967 835 1018 863 do-

227 883 286 911 lore
302 883 386 910 animi
404 883 497 911 laetitia
519 883 668 911 clamorem
685 885 694 895 '
709 883 787 910 illum
816 885 1016 918 expresserat),

1079 281 1221 308 ἐπινικίων
1238 281 1356 308 ἐπαίνων
1373 281 1450 308 τοῦδε
1463 282 1509 308 τιίῦ
1527 281 1584 317 βίου
1603 282 1776 318 προέπεμψε.
1789 283 1875 310 Πάλιν

1079 327 1108 354 δὲ
1131 327 1180 364 τὴν
1206 328 1314 363 μητέρα
1340 328 1389 363 τὴν
1412 328 1493 364 ἐμὴν,
1509 329 1578 364 μετὰ
1603 330 1652 361 τὰς
1678 330 1750 365 ἐμὰς
1776 330 1875 362 ὠδῖνα-ς

1079 372 1145 408 παρ’
1165 372 1247 399 αὐτοῦ
1261 372 1412 407 γενομένην
1430 373 1478 400 τοῦ
1501 374 1617 401 θανάτου
1634 375 1684 406 τὰς
1706 374 1807 407 πύλας,
1821 375 1877 401 ὑπὸ

1077 418 1128 453 τῆς
1151 418 1245 452 τιτθῆς
1266 418 1430 454 λιπαρηθεὶς
1452 419 1630 454 ἀφικόμενος,
1651 420 1792 456 ἐξήρπασε
1821 420 1876 447 τῶν

1076 464 1124 491 τοῦ
1148 464 1264 491 θανάτου
1283 465 1393 500 χειρῶν.
1421 466 1530 492 Ἐκειτο
1551 466 1617 502 γὰρ,
1641 466 1679 498 ὥς
1703 475 1798 501 φασιν,
1819 467 1876 493 ἀπ-

1077 510 1229 545 ειρηκότων
1252 512 1301 546 μὲν
1322 511 1376 538 τῶν
1397 512 1508 548 ἰατρῶν,
1523 513 1580 539 τῶν
1596 513 1626 540 δὲ
1641 513 1752 540 οἰκείων
1775 513 1876 548 ὀλοφυ-

1077 557 1211 592 ρομένων,
1231 557 1280 583 καὶ
1301 556 1526 592 προσδεχομένων
1547 557 1578 583 τὸ
1597 557 1685 589 τέλος,
1713 559 1875 592 μεμυκότας

1073 601 1176 637 ἔχουσα
1191 601 1254 634 τοὺς
1270 601 1438 637 ὀεξθαλμοὺς,
1456 602 1550 638 λάϐρῳ
1562 603 1672 639 πυρετῷ
1686 605 1874 640 κατεχομένη,

1070 647 1169 675 ὀὐδένα
1186 648 1240 674 τῶν
1260 648 1384 684 συνήθων
1403 649 1631 684 ἐπιγινώσκουσα.
1659 651 1704 682 Ὠς
1722 651 1750 678 δὲ
1762 648 1831 686 ἧκεν
1861 652 1875 677 6

1073 694 1124 729 τῆς
1148 694 1330 728 ἁποστολικῆς
1355 694 1403 721 καὶ
1429 696 1618 730 προσηγορίας
1644 695 1798 731 ἠξιωμένος
1826 697 1874 722 καὶ

1073 738 1195 774 χάριτος,
1226 739 1283 771 καὶ,
1313 748 1322 765 ι
1338 740 1442 775 Εἰρήνη
1468 749 1521 772 σοι,
1545 740 1662 773 τεκνίον,
1680 751 1690 767 ›
1720 741 1874 775 ἐςθὲγξατο

1072 786 1164 822 (τοῦτο
1177 787 1230 824 γὰρ
1257 785 1292 823 ἦν
1311 787 1388 823 αὐτῷ
1405 788 1576 824 πρόσρημα),
1592 788 1753 824 παραυτίκα
1763 787 1873 822 λέγεται

1073 834 1121 860 καὶ
1146 833 1180 861 τὰ
1198 833 1324 869 βλέφαρα
1353 834 1516 868 ἀναπτύξαι,
1540 834 1587 862 καὶ
1611 834 1707 866 ἀτενὲς
1722 835 1762 865 είς
1790 833 1872 860 αὐτὸν

1073 881 1149 912 ἰδεῖν,
1179 881 1227 907 καὶ
1255 881 1306 916 τῆς
1332 881 1459 915 εὐλογίας
1482 881 1528 908 τὸν
1559 881 1667 917 καρπὸν
1693 881 1870 915 ἐπαγγεῖλαι.

226 928 357 963 praei-epit
371 929 414 956 vir
428 929 540 956 divinus
552 933 580 956 ut
593 932 707 955 orarent
719 936 782 956 cum
799 928 859 962 ipso
868 927 1012 955 universae.

1074 924 1118 956 Ὧς
1135 926 1163 952 δὲ
1178 925 1328 958 ἀνολώλυξε
1348 926 1403 953 τῶν
1433 926 1571 960 γυναικῶν
1591 927 1606 954 6
1629 927 1720 962 χορὸς,
1748 926 1870 961 (ἀθυμία

225 974 271 1001 Sic
290 975 362 1002 enim
377 975 495 1002 salutem
513 975 653 1010 recepisse
669 975 780 1003 dicebat
798 973 956 1007 Tabitham,
973 973 1017 1000 vi-

225 1021 288 1048 duis
307 1021 524 1056 lacrymantibus
540 1024 568 1048 et
585 1028 684 1055 magno
712 1020 796 1047 Petro
822 1019 932 1047 illarum
960 1018 1016 1046 Deo

225 1066 362 1102 lnerymas
374 1066 535 1094 offerente“.
546 1068 675 1099 Orarunt,
688 1066 857 1100 utjusserat,
872 1068 899 1092 et
911 1065 1016 1099 adeptae

224 1116 329 1140 suntut
343 1112 478 1147 pnedixit.
490 1111 579 1139 Finita
593 1113 666 1139 enim
687 1111 823 1144 oratione,
854 1111 935 1138 finem
945 1118 1015 1145 quo-

223 1167 277 1192 que
295 1159 408 1186 morbus
422 1158 528 1193 accepit
545 1168 552 1187 :
568 1158 710 1193 sudorque
727 1165 789 1185 mox
810 1157 934 1192 undique
949 1163 1014 1191 pro-

222 1203 312 1232 ﬂuens
327 1204 454 1232 ardorem
470 1204 548 1232 illum
572 1204 717 1237 exstinxit,
734 1208 761 1231 et
773 1210 927 1238 apparuere
940 1202 1014 1230 indi-

225 1250 267 1276 cia
285 1250 424 1277 sanitatis.
438 1249 501 1277 Haec
521 1250 627 1278 nostris
640 1250 724 1277 etiam
749 1249 918 1284 temporibus
930 1248 1015 1275 mira-

221 1295 285 1322 cula
299 1302 347 1329 per
372 1294 490 1322 famttlos
506 1303 571 1322 suos
586 1294 652 1322 facit
667 1294 809 1322 Dominus.
834 1293 921 1329 Hujus
944 1301 1014 1329 quo-

222 1348 287 1374 que,
304 1340 376 1368 sicut
393 1340 546 1368 beatissimi
562 1339 650 1374 Pauli,
667 1340 830 1368 vestimenta
856 1340 1013 1375 operaban-

221 1390 267 1414 tur
281 1392 293 1406 ο
311 1395 318 1414 :
349 1386 422 1421 quod
438 1387 548 1421 quidem
571 1394 625 1414 non
651 1387 874 1422 exaggerationis
894 1386 1012 1421 alicujus

221 1432 314 1461 studio
342 1434 435 1469 posui,
452 1433 499 1461 sed
512 1433 638 1461 veritatis
654 1433 742 1461 fretus
757 1433 929 1461 testimonio.
943 1432 1011 1460 Nam

221 1487 290 1507 zona
322 1487 371 1508 sua
399 1479 526 1507 bifariam
553 1479 653 1513 divisa,
680 1479 737 1507 lata
766 1479 869 1514 quippe
884 1483 912 1506 et
930 1478 1011 1514 longa

219 1530 288 1558 erat,
306 1533 401 1553 crasso
415 1533 430 1553 e
443 1525 499 1552 lino
511 1529 651 1557 contexta,
665 1531 743 1560 parte
756 1533 809 1552 una
822 1526 933 1553 lumbos
942 1533 1010 1554 suos

218 1573 316 1603 cinxit,
348 1572 434 1600 altera
460 1579 547 1599 meos.
561 1570 638 1599 Hane
666 1576 754 1599 mater
767 1572 911 1607 aegrotanti
942 1571 1010 1599 mibi

1070 971 1126 1007 γὰρ
1149 970 1197 998 καὶ
1214 970 1333 1007 εὐθυμία
1351 971 1423 1002 κατὰ
1439 971 1539 999 ταυτὸν
1561 971 1744 1006 ἐκράθησαν),
1761 971 1810 998 καὶ
1819 971 1871 1005 τὴν

1070 1017 1134 1053 βοὴν
1157 1017 1266 1053 ἐκείνην
1288 1017 1462 1053 εἰργάσαντο,
1480 1019 1625 1053 παρεγγυᾷ
1644 1019 1658 1044 ὀ
1671 1018 1744 1048 θεῖος
1760 1017 1869 1052 ἄνθρω-

1069 1071 1120 1095 πος
1131 1063 1295 1099 κοινωνῆσαι
1314 1063 1388 1098 αύτῷ
1409 1063 1460 1098 τῆς
1474 1064 1630 1099 προσευχῆς
1648 1064 1771 1095 ἁπάσαςι
1797 1063 1872 1090 οὕτω

1068 1109 1124 1144 γὰρ
1149 1109 1224 1144 ἔλεγε
1241 1110 1288 1136 καὶ
1302 1109 1351 1145 τὴν
1371 1109 1491 1136 Ταὸίθαν
1515 1109 1565 1145 τῆς
1589 1108 1728 1145 σωτηρίας
1742 1118 1864 1145 τετυχη-

1068 1155 1157 1182 κέναι”
1173 1155 1229 1182 τῶν
1244 1156 1293 1191 μὲν
1318 1155 1410 1190 χηρῶν
1430 1155 1612 1191 ὀδυρομένων,
1627 1155 1676 1182 τοῦ
1690 1155 1721 1182 δέ
1746 1156 1868 1191 μεγάλου

1068 1201 1172 1236 Πέτρου
1189 1200 1224 1228 τὰ
1252 1201 1365 1228 ἐκείνων
1381 1201 1487 1238 δάκρυα
1509 1201 1713 1237 προσφέροντος
1740 1202 1781 1237 τῷ
1795 1202 1866 1237 Θεῷ,

1072 1248 1206 1275 Ίκέτευον
1219 1247 1257 1280 ὡς
1266 1248 1404 1279 ἐκέλευσε,
1421 1249 1467 1275 καὶ
1479 1248 1633 1283 ἐλάμϐανον
1644 1248 1682 1280 ὡς
1701 1249 1864 1284 προείρηκε.

1067 1293 1150 1326 Τέλος
1165 1294 1218 1329 γὰρ
1238 1295 1287 1328 τῆς
1304 1295 1386 1330 εὐχῆς
1401 1294 1562 1330 δεξαμένης,
1588 1295 1666 1326 τέλος
1682 1295 1731 1321 καὶ
1756 1295 1773 1330 ἡ
1788 1295 1865 1326 νόσος

1066 1339 1185 1374 ἐδέχετο,
1203 1341 1250 1367 καὶ
1266 1339 1346 1375 ἱδρὼς
1368 1341 1502 1368 πάντοθεν
1523 1341 1655 1377 ἐξαίφνης
1673 1342 1763 1377 ipsa,
1778 1342 1824 1368 καὶ
1835 1342 1866 1368 τὺ

1066 1386 1122 1421 πῦρ
1139 1387 1227 1413 ἐκεῖνο
1242 1386 1397 1419 ἐσϐέννυτο,
1415 1388 1461 1414 καὶ
1473 1388 1507 1414 τὰ
1521 1387 1572 1423 τῆς
1588 1387 1682 1422 ὑγείας
1703 1388 1865 1422 ἀνεφαίνετο

1065 1434 1176 1468 σημεῖα.
1191 1433 1312 1460 Τοιαῦτα
1327 1434 1374 1460 καὶ
1391 1435 1420 1460 ἐν
1444 1435 1500 1465 τοῖς
1516 1434 1662 1469 ἡμετέροις
1686 1434 1797 1470 χρόνοις
1819 1435 1863 1462 διὰ

1064 1478 1120 1504 τῶν
1146 1478 1218 1505 ἰδίων
1246 1478 1329 1505 αὑτοῦ
1351 1479 1529 1514 θεραπόντων
1550 1481 1564 1506 ό
1588 1481 1731 1515 Δεσπότης
1755 1480 1862 1516 θαυμα-

1063 1525 1184 1559 τουργεϊ.
1199 1524 1300 1551 Τούτου
1312 1524 1360 1550 καὶ
1385 1525 1399 1550 ό
1411 1524 1483 1558 χρὼς
1502 1525 1555 1551 τῶν
1571 1525 1686 1560 ἱματίων
1702 1526 1723 1542 ¹⁰
1737 1526 1778 1560 τῷ
1793 1526 1863 1553 θειο-

1064 1568 1138 1604 τάτῳ
1157 1569 1257 1604 Παύλῳ
1280 1569 1478 1605 παραπλησίως
1500 1571 1622 1605 ἐνήργει·
1642 1571 1785 1598 καὶτοῦτο
1811 1573 1861 1607 οὔχ

218 1626 290 1654 saepe
304 1618 459 1653 imponens,
479 1617 585 1653 1195
602 1626 674 1652 saepe
688 1618 770 1646 etiam
785 1603 868 1653 patri,
886 1618 1012 1645 morbum

1066 1614 1204 1650 ὑπερϐολῇ
1217 1624 1269 1642 τινι
1285 1615 1425 1650 χρώμενος
1437 1615 1559 1648 τέθεικα,
1581 1617 1650 1644 ἀλλὰ
1666 1618 1716 1650 τὴν
1731 1618 1859 1653 ἀλήθειαν

218 1663 331 1697 depulit,
355 1663 505 1697 eodemque
523 1663 555 1690 ad
571 1662 714 1690 sanitatem
726 1662 784 1697 ipsa
799 1663 880 1690 etiam
894 1669 1014 1697 μετεωρο

219 1717 268 1737 usa
296 1713 337 1737 est
366 1709 498 1736 remedio.
531 1708 584 1736 Sed
598 1712 625 1736 et
647 1709 800 1736 amicorum
817 1709 946 1743 permulti
961 1709 1011 1736 hoc

218 1755 348 1786 scientes,
363 1761 460 1781 zonam
475 1753 510 1780 ad
534 1761 624 1787 aegros
640 1753 825 1781 sublevandos
857 1753 1007 1781 identidem

218 1801 397 1836 accipiebant,
415 1804 442 1827 et
465 1801 560 1835 gratiae
575 1799 649 1827 illius
666 1800 718 1826 vim
733 1799 834 1834 ubique
843 1799 1009 1827 declarabat.

217 1847 277 1880 Quo
294 1847 368 1873 illam
384 1845 466 1873 modo
481 1853 544 1872 cum
560 1844 672 1880 quidam
699 1844 876 1877 obtinuisset,
897 1852 946 1873 eos
961 1846 1008 1880 qui

217 1892 349 1919 dederant
362 1892 488 1926 ingratus
503 1898 567 1925 erga
592 1890 730 1918 beneﬁcos
747 1890 792 1917 illa
811 1890 947 1925 privavit:
966 1894 1008 1918 at—

217 1945 271 1972 que
292 1937 330 1963 ita
344 1943 395 1964 nos
410 1936 481 1963 dono
495 1936 549 1963 isto
561 1935 672 1971 spoliati
685 1943 793 1963 sumus.
813 1935 859 1963 Sic
878 1936 924 1964 ille
937 1944 1000 1964 cum

215 1981 444 2018 resplenduisset,
459 1985 487 2009 et
503 1981 676 2009 Antiochiam
688 1982 772 2009 radiis
790 1982 848 2009 suis
866 1982 1006 2010 illustras-

216 2032 269 2057 set.
300 2028 481 2055 certaminum
509 2028 589 2055 tinem
613 2031 712 2055 nactus
732 2032 784 2058 est,
803 2028 948 2062 repositam
965 2028 1005 2055 vi-

216 2074 308 2102 ctoriae
324 2081 453 2100 coronam
470 2077 645 2108 exspectans.
665 2073 720 2108 Ego
747 2081 811 2101 vero
827 2082 908 2109 quam
923 2075 958 2101 ab
972 2082 1005 2102 eo

215 2119 435 2147 benedictionem
446 2119 508 2146 dum
521 2126 661 2154 superstes
671 2123 918 2147 essetconseeutus
930 2128 1004 2153 sum,

213 2164 308 2192 eadem
325 2169 354 2191 ut
375 2172 449 2192 nunc
466 2165 548 2191 etiam
569 2163 622 2190 I'rni
653 2164 733 2191 liceat
753 2165 914 2197 obsecrans,
942 2165 1013 2202 huic

213 2217 322 2244 quoque
337 2209 486 2237 narrationi
504 2210 585 2236 tinent
604 2209 754 2244 imponam.

1067 1661 1301 1696 ουνομολογοῦσαν
1328 1663 1408 1697 ἔχων.
1424 1663 1480 1698 Τὴν
1495 1663 1550 1698 γὰρ
1565 1663 1669 1690 οἰκείαν
1695 1663 1785 1700 ζώνην
1800 1664 1858 1700 διχῆ

1065 1707 1157 1742 τεμὼν
1173 1708 1298 1742 (πλατεῖα
1314 1708 1340 1734 δὲ
1354 1706 1388 1744 ἦν
1407 1709 1454 1735 καὶ
1477 1709 1582 1745 μακρὰ,
1598 1710 1652 1736 ἀπὸ
1670 1709 1744 1736 λίνου
1758 1710 1859 1745 παχέος

1064 1753 1263 1789 πεπλεγμένη),
1286 1754 1325 1789 τῷ
1357 1755 1406 1789 μὲν
1431 1755 1525 1790 ἡμίσει
1550 1756 1653 1791 ταύτης
1677 1756 1728 1791 τὴν
1755 1757 1857 1784 οίκείαν

1063 1799 1159 1833 ὀσφὺν,
1189 1799 1227 1834 τῷ
1255 1800 1342 1835 ἐτέρῳ
1364 1799 1392 1826 δὲ
1415 1800 1527 1832 διέζωσε
1560 1801 1609 1836 τὴν
1633 1801 1714 1836 ἐμήν.
1747 1802 1856 1837 Ταύτην

1061 1845 1193 1877 πολλάκις
1209 1847 1258 1881 μὲν
1272 1847 1334 1881 ἐμοὶ
1351 1845 1474 1873 νοσοῦντι
1496 1847 1621 1873 ἐπιθεῖσα
1637 1847 1654 1882 ὴ
1672 1848 1777 1883 μήτηρ,
1790 1849 1855 1874 πολ-

1059 1890 1138 1922 λάκις
1152 1890 1180 1916 δὲ
1199 1890 1239 1925 τῷ
1252 1891 1346 1924 πατρὶ,
1359 1890 1409 1926 τὴν
1428 1891 1505 1917 νόσον
1520 1891 1657 1926 ἀπήλασε·
1670 1893 1716 1918 καὶ
1741 1892 1811 1927 αὐτὴ
1827 1892 1854 1919 δὲ

1059 1935 1149 1970 τούτῳ
1161 1935 1200 1970 τῷ
1216 1936 1355 1971 φαρμάκῳ
1375 1935 1443 1971 πρός
1465 1935 1559 1969 ὑγείαν
1584 1937 1730 1971 ἐχρήσατο.
1760 1936 1854 1963 Πολλοὶ

1057 1981 1084 2008 δὲ
1095 1980 1143 2008 καὶ
1155 1981 1210 2007 τῶν
1221 1981 1367 2017 γνωρίμων
1387 1982 1466 2008 τοῦτο
1477 1981 1669 2017 μεμαθηκότες
1683 1983 1804 2017 συνεχῶς
1816 1984 1855 2014 εἷς

1059 2027 1218 2062 ἐπικουρίαν
1226 2027 1281 2053 τῶν
1294 2027 1444 2054 νοσούντων
1466 2027 1514 2062 τὴν
1530 2027 1619 2064 ζώνην
1629 2028 1793 2064 ἐλάμϐανον·
1808 2029 1854 2055 καὶ

1059 2073 1199 2108 πανταχοῦ
1212 2073 1260 2108 τῆς
1271 2075 1375 2100 ἐκείνου
1393 2073 1503 2110 χάριτος
1513 2074 1636 2101 ἐδίδασκε
1643 2074 1692 2110 τὴν
1701 2075 1744 2101 ἐνέ
1750 2083 1852 2110 ργειαν.

1059 2119 1138 2147 Οὕτω
1153 2129 1194 2152 τις
1213 2120 1298 2155 αὐτὴν
1322 2120 1412 2148 λαϐὼν
1432 2121 1496 2152 τοὺς
1518 2120 1671 2153 δεδωκότας
1693 2122 1851 2157 ἐπέρησεν.

1060 2166 1196 2201 ἀγνώμων
1226 2167 1291 2203 περὶ
1317 2167 1380 2199 τοὺς
1403 2167 1552 2203 εὐεργέτας
1575 2168 1733 2203 γενόμενος·
1759 2168 1853 2195 τοῦτον

1056 2212 1102 2238 τὸν
1131 2215 1231 2248 τρόπον
1268 2213 1375 2248 ἐκείνης
1405 2213 1456 2256 τῆς
1485 2214 1591 2248 δωρεᾶς
1639 2214 1849 2250 ἐγυμνώθημεν.

213 2255 292 2282 Οὕτω
322 2255 445 2291 λάμψας,
482 2256 528 2282 καὶ
547 2254 596 2289 τὴν
620 2254 757 2290 Ἀντιόχου
782 2256 840 2287 ταῖς
859 2256 950 2282 ἀκτῖσι
963 2257 1096 2292 φωτίσας,
1113 2257 1166 2291 ἔξω
1179 2258 1231 2284 τῶν
1249 2258 1364 2292 ἀγώνιον
1378 2254 1497 2293 ἐγένετο,
1510 2259 1556 2286 τὸν
1584 2260 1768 2295 ἀποκείμενον
1792 2261 1846 2291 τοῖς

211 2303 368 2339 νικηφόροις
391 2303 523 2337 στέφανον
535 2302 689 2337 ἀναμένων.
719 2302 789 2338 Ἐγὼ
815 2304 844 2330 δέ
865 2301 900 2340 ἧς
924 2305 1068 2341 περιόντος
1089 2306 1236 2342 ὰπήλαυσα
1258 2307 1394 2340 εὐλογίας,
1418 2307 1520 2343 ταύτης
1552 2309 1599 2335 καὶ
1618 2308 1667 2335 νῦν
1699 2309 1849 2336 ἀπολαῦσαι

211 2351 419 2382 καθικετεύσας,
435 2350 522 2386 πέρας
537 2350 661 2385 ἐπιθήσω
698 2351 744 2377 καὶ
766 2350 833 2386 τῷδε
859 2352 898 2387 τῷ
934 2353 1094 2389 διηγήματι.

445 2395 480 2422 Χ.
498 2410 531 2415 -
553 2395 784 2423 THEODOSIUS.
834 2406 837 2408 ·

1303 2402 1332 2428 ι’.
1349 2415 1384 2421 —-
1402 2401 1596 2428 ΘΕΟΔΟΣΙΟΣ.

247 2440 357 2477 Βιιρειιε
373 2439 490 2467 Cilicum
506 2440 571 2467 urbs
599 2444 650 2471 est,
678 2441 713 2468 ad
741 2441 864 2470 dextram
897 2444 929 2472 iis
954 2444 1000 2480 qui

210 2487 314 2514 Cilicia:
338 2485 428 2513 sinum
454 2485 655 2519 ingrediuntur.
679 2485 767 2522 liujus
792 2488 826 2515 ad
855 2493 944 2516 ortum
973 2493 1000 2517 et

211 2531 351 2559 meridiem
364 2538 442 2558 mons
456 2534 498 2558 est
518 2530 600 2564 altus,
620 2532 760 2566 spatiosus
796 2537 823 2560 et
839 2534 999 2568 umbrosus,

210 2575 256 2610 qui
269 2579 295 2602 ct
311 2574 382 2603 feras
397 2582 505 2610 quoque
525 2580 646 2611 agrestes
659 2577 687 2604 in
711 2578 787 2606 silvis
816 2580 873 2607 alit.
902 2581 931 2607 In
948 2581 1000 2608 hoc

211 2621 309 2648 saltum
327 2619 471 2655 quemdam
482 2621 515 2648 ad
534 2629 608 2649 mare
637 2627 792 2658 vergentem
810 2629 919 2658 nactus,
941 2634 997 2653 ma-

210 2674 280 2702 gnus
313 2667 560 2703 celeberrimusque
599 2668 797 2703 Theodosius,
825 2679 907 2706 parva
945 2673 997 2700 sibi

243 2756 255 2776 δ
266 2756 326 2784 Act.
337 2763 374 2789 ιιι,
386 2756 430 2785 40.
470 2761 479 2772 ⁸
494 2757 554 2785 Act.
567 2766 624 2790 nx,
640 2758 682 2785 l2.

1093 2445 1195 2477 Ῥὧσός
1204 2447 1261 2472 ἐστι
1278 2447 1424 2473 Κιλίκισσα
1438 2447 1526 2481 πόλις,
1549 2448 1578 2474 ἐν
1594 2448 1670 2484 δεξιᾷ
1693 2449 1845 2476 είσπλέοντι

1051 2490 1097 2517 τὸν
1111 2491 1233 2518 Κιλίκιον
1255 2492 1354 2518 κόλπον
1368 2493 1400 2519 ¹¹.
1414 2492 1521 2528 Ταύτης
1535 2494 1603 2528 πρὸς
1616 2494 1654 2521 ἓω
1670 2495 1718 2521 καὶ
1743 2504 1844 2531 μεσημ-

1052 2537 1143 2572 δρίαν,
1158 2538 1220 2573 ὅρος
1232 2539 1307 2565 ἐστὶν
1317 2538 1603 2574 ὖῲηλδν,ἀμφιλιφές,
1619 2541 1667 2567 καὶ
1686 2541 1842 2568 κατάσκιον

1050 2583 1146 2618 τρέφει
1161 2584 1189 2611 δὲ
1215 2585 1261 2611 καὶ
1274 2585 1360 2620 θῆρας
1383 2586 1413 2612 ἐν
1428 2587 1489 2617 ταῖς
1512 2586 1629 2621 λόχμαις
1654 2588 1780 2623 ἀγρίους.
1803 2588 1842 2613 Ἐν

1051 2629 1139 2665 τούτῳ
1149 2631 1238 2666 νάπην
1251 2631 1339 2667 εὑρών
1357 2640 1428 2664 τινα,
1451 2633 1519 2667 πρὸς
1533 2632 1670 2660 θάλασσαν
1683 2633 1842 2660 ἀποκλίνω-

1053 2683 1112 2708 σαν,
1133 2677 1147 2702 ὁ
1168 2676 1254 2712 μέγας
1274 2677 1321 2704 καὶ
1337 2676 1556 2713 πολυθρύλλητος
1574 2678 1727 2710 θεοδόσιος,
1743 2677 1840 2714 βραχύν

841 2817 958 2845 ΥΔΜᾸΞ
981 2817 1171 2850 LECTIONES

242 2862 264 2903 ξθ
277 2863 318 2903 ᾼη
333 2863 478 2899 legendum
494 2864 556 2891 εδιὰ
572 2864 627 2891 τῶν
646 2864 771 2900 ἱματίων,
783 2872 810 2900 q,
828 2865 855 2892 d.
873 2865 972 2901 corpus
988 2875 1011 2895 ις.
1034 2869 1103 2896 cutis
1118 2877 1160 2903 per
1186 2871 1294 2898 vestes?
1351 2872 1372 2888 “

207 2896 340 2925 imbuisse.

1402 2873 1499 2899 πόντον
1522 2873 1630 2900 videtur
1646 2873 1756 2900 Iierveti
1770 2872 1832 2899 [δεῖ
